4100 6434
412 374 552 440 1190

1828 374 2209 435 ΛΒΟΕΝΒΑ.

3529 380 3671 443 1200

408 500 556 547 sunt.
600 486 869 545 Cwlerttm
916 488 1116 557 quibus
1167 485 1343 543 modis
1385 486 1620 558 correpti
1657 489 1829 543 sunt?
1861 490 1988 543 δεῖ·
2016 496 2060 548 Λ
2089 486 2208 539 Alio
2243 495 2424 540 autem
2466 487 2586 542 loco
2611 488 2686 543 ait
2713 488 2949 560 sigillum
2986 487 3207 555 mobile,
3242 488 3294 543 id
3328 499 3433 557 est,
3461 492 3670 548 vivens.

404 598 574 636 mone
628 591 792 650 atque
852 579 1090 649 alloquio
1128 618 1141 632 .
1194 579 1519 648 Complures
1549 579 1692 634 enim
1726 578 1867 633 Deus
1901 590 1987 635 est

407 677 711 741 allocutus;
747 675 832 730 vel
886 676 1048 728 etiam
1090 674 1256 745 λόγῳ,
1305 674 1359 728 id
1408 683 1512 739 cst,
1548 675 1709 729 insita
1750 674 1907 728 nobis
1933 683 1988 727 et

410 766 642 823 naturali
677 767 919 831 ratione;
952 767 1068 835 lege
1098 780 1193 836 per
1222 763 1427 820 Mosem
1457 765 1833 837 promulgata;
1865 781 1990 834 pro-

340 868 346 875 '
410 860 610 930 phctis,
640 860 743 916 hoc
775 868 880 922 est,
915 859 1308 928 prophetarum
1341 857 1628 928 praeceptis
1669 866 1722 912 et
1770 858 1989 911 institu-

410 954 686 1020 tionibus,
731 952 1033 1016 bcneticiis,
1067 946 1612 1014 comminationibus,
1660 949 1854 1019 plagis.
1888 949 1990 1004 l’cr

408 1047 685 1102 contraria
736 1045 1156 1101 instruebantur
1186 1053 1242 1098 et
1285 1041 1727 1111 corripiebantur
1762 1059 1775 1094 :
1805 1042 1984 1111 aquis,

411 1152 469 1195 ut
504 1139 689 1195 diluvii
741 1148 1022 1209 tempore;
1078 1136 1363 1200 incendiis,
1411 1144 1472 1190 ut
1517 1150 1642 1188 cum
1688 1133 1989 1189 Sodomitze

413 1232 624 1286 cmlesti
682 1231 808 1302 igne
864 1229 1309 1300 conﬂagrarunt;
1345 1227 1518 1298 signis
1556 1242 1586 1281 e
1617 1225 1758 1281 cmlo
1785 1227 1989 1290 missis,

416 1334 474 1376 ιιι
511 1339 634 1376 eum
690 1323 771 1377 sol
822 1322 966 1375 stetit
1002 1331 1245 1390 tempore
1300 1316 1508 1378 Josue:
1539 1318 1713 1388 signis
1758 1334 1821 1372 ex
1866 1333 1992 1372 acre

414 1426 472 1471 ut
516 1430 793 1488 eynomyze
842 1415 948 1476 lue,
992 1412 1275 1484 grandine,
1314 1410 1678 1481 palpabiltbus
1730 1409 1991 1477 tenebris,

417 1509 721 1570 coturnice,
773 1513 905 1572 ctc.;
956 1503 1128 1573 signis
1181 1518 1245 1556 ex
1294 1512 1478 1565 terra,
1518 1507 1577 1553 ιιι
1626 1516 1891 1569 aquarum
1926 1517 1992 1556 ex

413 1610 562 1670 petra
604 1597 907 1664 cll'nsione;
945 1597 1115 1667 signis
1159 1612 1226 1650 ex
1262 1595 1423 1663 mari,
1454 1606 1513 1649 ut
1544 1595 1712 1650 maris
1740 1593 1912 1648 Rubri
1939 1596 1993 1649 in

412 1692 785 1748 continentem
826 1693 1163 1756 mutatione;
1213 1688 1522 1753 hominum,
1580 1687 1820 1751 urbium,
1862 1702 1996 1757 gen-

414 1785 550 1837 tium
577 1783 871 1852 insperatis
889 1781 1306 1836 mutationibus.
1324 1779 1533 1847 Quibus
1557 1779 1812 1835 omnibus
1838 1780 1996 1835 rebus

415 1875 680 1929 malitiam
738 1883 1042 1942 conterere,
1078 1888 1141 1928 ac
1181 1880 1248 1927 de
1279 1873 1459 1926 medio
1487 1872 1675 1927 tollere
1719 1875 1995 1941 satagebat

416 1967 580 2023 Deus.
612 1969 678 2020 At
720 1983 850 2023 vero
904 1965 1250 2022 mortales'in
1294 1964 1513 2035 ﬂagitiis
1566 1962 1992 2051 haudquaquam

420 2061 586 2116 certis
628 2061 877 2116 terminis
904 2060 1281 2116 consistebant
1319 2075 1333 2113 :
1368 2060 1459 2114 sed
1492 2074 1618 2112 eum
1660 2073 1691 2113 a
1732 2060 1996 2128 principio

421 2156 736 2211 inventores
768 2156 893 2211 mali
920 2155 1284 2219 exstitissent,
1308 2168 1446 2208 nova
1468 2152 1699 2208 subinde
1728 2153 1995 2207 scelerum

416 2264 613 2320 genera
665 2249 1263 2315 comminiscebantttr,
1299 2258 1467 2316 atque
1523 2244 1837 2315 incaplebili
1874 2260 1998 2314 pec-

415 2344 576 2398 canlti
625 2343 848 2400 libidine
881 2342 1198 2409 ﬂagrabant.
1251 2339 1532 2395 Adulteria
1563 2341 1708 2394 enim
1759 2351 1813 2394 et
1853 2338 1996 2393 furta

417 2436 624 2506 passim
682 2435 1119 2508 grassabantur,
1157 2449 1221 2490 ac
1281 2433 1520 2488 caedibus
1579 2443 1633 2487 et
1699 2434 1998 2488 latrociniis

417 2527 569 2581 orbis
625 2527 919 2581 Ulll\Cl‘a‘llS
967 2536 1242 2582 terrarum
1281 2526 1549 2589 scatebat,
1590 2534 1766 2595 atque
1815 2529 1997 2578 omnia

416 2616 644 2688 ﬁaoitia,
678 2629 786 2672 tum
822 2621 1074 2687 privatim
1102 2635 1131 2673 a
1163 2618 1444 2689 quolibet,
1493 2626 1605 2672 tum
1637 2619 2000 2672 communiter

418 2712 487 2763 ab
520 2710 798 2775 erunibus,
835 2713 1316 2781 perpetrabantur:
1340 2726 1409 2766 uc
1432 2710 1500 2765 ab
1530 2724 1597 2765 eo
1625 2710 1844 2780 quidem
1877 2724 1999 2763 sce-

418 2803 530 2859 lere
571 2812 621 2856 et
672 2803 1010 2858 exsecrando
1052 2801 1260 2869 furore,
1285 2818 1316 2858 a
1349 2817 1456 2872 quo
1489 2809 1684 2856 natura
1716 2801 1998 2867 abhorret,

418 2894 819 2949 abstinebatur.
853 2892 1001 2950 Fons
1033 2905 1213 2950 autem
1269 2903 1325 2948 et
1376 2908 1541 2949 cansa
1569 2908 1633 2947 ac
1662 2891 1785 2947 linis
1820 2894 2000 2947 Omnis

419 2985 545 3038 mali
581 2994 697 3038 erat
730 2984 1000 3039 idolorum
1026 2984 1229 3049 cultus,
1258 2993 1312 3037 et
1359 2992 1625 3055 creaturis
1656 2997 1819 3052 supra
1838 2980 2001 3037 Crea-

420 3085 592 3131 luxt'm
622 3076 886 3132 aloratio.
915 3075 1220 3136 ldololatria
1253 3075 1422 3139 enim,
1442 3084 1501 3129 ut
1534 3073 1689 3130 malis
1722 3074 1997 3139 omnibus,

2090 578 2184 631 llfa
2217 594 2312 647 per
2343 580 2526 637 omnia
2569 582 2767 636 similis
2800 585 2982 652 imago
3011 581 3108 638 Dei
3147 583 3441 638 invisibilis
3461 584 3530 650 ⁸⁸,
3557 599 3670 641 ιιοιι

2089 682 2305 725 mortua
2355 680 2407 726 ct
2458 688 2622 727 manu
2668 675 2942 741 confecta,
2973 680 3066 731 sed
3100 678 3244 743 viva,
3277 693 3385 731 non
3414 678 3675 733 similitu-

2088 763 2235 820 dinis
2271 764 2467 831 forma,
2494 768 2588 821 sed
2635 767 2690 820 in
2742 768 2860 835 ipsa
2916 770 3219 825 substantia
3254 771 3672 827 immutabilita-

2091 866 2198 911 tem
2256 871 2501 911 servans.
2565 858 2745 913 Patris
2801 862 3103 925 terminus,
3160 873 3213 916 et
3253 862 3430 926 ratio,
3487 873 3675 934 utpOte

2091 947 2307 1002 Patrem
2373 948 2691 1006 ostendens.
2750 947 2850 1004 llic
2910 950 2978 1003 ad
3032 952 3333 1016 hominem,
3382 967 3548 1021 quem
3598 957 3668 1009 ad

2094 1038 2385 1108 imaginem
2469 1056 2626 1094 suam
2694 1043 3052 1108 condiderat,
3114 1045 3284 1099 venit.
3344 1042 3480 1099 Nam
3543 1061 3670 1101 eum

2097 1130 2376 1185 hominem
2410 1130 2478 1186 ad
2501 1131 2914 1187 similitudinem
2944 1149 3100 1189 suam
3135 1149 3164 1188 a
3190 1136 3458 1206 principio
3488 1152 3678 1194 creas-

2095 1229 2198 1285 set,
2269 1222 2522 1277 eumdem
2586 1237 2782 1277 rursus
2830 1224 2897 1277 ad
2949 1225 3360 1292 exprimendam
3391 1226 3475 1280 sui
3518 1227 3673 1281 simi-

2094 1310 2383 1365 litudiuem
2437 1313 2673 1380 reducit,
2708 1328 2821 1368 suae
2874 1315 3129 1370 videlicet
3162 1327 3428 1372 creaturae
3478 1318 3670 1373 simils

2094 1400 2339 1457 cll‘cttus.
2370 1403 2742 1456 Conveniebat
2779 1402 2953 1467 enim,
2995 1414 3053 1457 ut
3102 1405 3196 1473 qui
3239 1406 3475 1474 primum
3506 1406 3667 1458 [iuxe-

2097 1504 2202 1557 rat,
2236 1494 2379 1548 idetn
2417 1510 2637 1564 quoque
2675 1500 2992 1565 ligtnentutu
3022 1511 3183 1551 suum
3206 1515 3236 1553 a
3264 1510 3486 1567 [met-ato
3527 1501 3672 1553 labe-

2100 1583 2368 1638 factatum
2408 1595 2576 1655 antte
2628 1588 2974 1642 cunlraetunt
3001 1589 3335 1644 instauraret
3364 1589 3540 1645 Patris
3568 1600 3678 1643 ter-

2098 1675 2286 1731 minus
2335 1686 2390 1730 et
2436 1686 2596 1731 rato.
2636 1678 2776 1744 Quid
2814 1680 2928 1734 ait?
2956 1678 3097 1735 Num
3129 1681 3286 1750 juxta
3324 1683 3539 1736 termini
3582 1699 3672 1736 ra-

2101 1773 2302 1826 tionem
2336 1769 2499 1827 Pater
2540 1772 2681 1829 Filio
2720 1778 3069 1844 terminatur,
3103 1779 3375 1848 siquidem
3409 1781 3679 1834 terminus

2030 1846 2072 1900 Β
2100 1865 2274 1933 ipsius
2304 1875 2407 1932 est,
2436 1868 2520 1923 sic
2575 1880 2634 1923 ut
2678 1881 2901 1939 paterna
2938 1883 3132 1926 natura
3164 1846 3287 1927 l-‘ilii
3320 1887 3513 1927 natura
3545 1890 3679 1928 con-

2098 1962 2249 2018 clusa
2284 1978 2348 2018 ac
2369 1964 2607 2043 deﬁnita.
2621 1968 2687 2021 sit
2712 1970 2733 2020 ?
2760 1970 2835 2021 lta
2870 1984 3040 2025 sane:
3070 1970 3372 2025 dummodo
3395 1971 3683 2040 sapienter

2099 2068 2165 2109 ac
2207 2054 2440 2112 candide
2498 2060 2823 2115 sententiam
2877 2062 3074 2115 horum
3140 2063 3431 2117 verborum
3489 2065 3684 2118 audire

2099 2148 2373 2218 quispiam
2431 2150 2580 2205 velit.
2639 2150 2885 2207 Paterna:
2939 2154 3158 2222 quidem
3204 2157 3456 2209 essentia:
3493 2156 3679 2209 nullus

2099 2240 2326 2294 omnino
2352 2251 2437 2297 est
2465 2244 2757 2310 terminus,
2786 2245 3249 2315 quemadmodum
3301 2262 3399 2301 nec
3444 2247 3678 2303 aliarum

2099 2331 2331 2386 duarum
2368 2349 2728 2403 personarum
2769 2354 2783 2391 :
2812 2347 2866 2390 at
2900 2339 3111 2406 paterni
3142 2339 3382 2393 nominis
3412 2341 3681 2393 terminus

2100 2435 2185 2478 est
2224 2424 2418 2482 Filius.
2452 2426 2723 2492 Quoniam
2759 2429 2905 2483 enim
2942 2429 3060 2485 haec
3120 2431 3344 2484 nomina
3390 2448 3456 2486 ex
3483 2447 3676 2486 eorum
3764 2452 3769 2457 λ

2101 2534 2332 2574 numero
2362 2531 2513 2588 sunt,
2545 2538 2668 2592 qute
2711 2525 2777 2577 ad
2822 2524 3030 2596 aliquid
3068 2525 3401 2593 referuntur,
3437 2529 3677 2599 profecto

2100 2624 2221 2665 eam
2252 2621 2503 2667 naturam
2555 2614 2775 2676 habent,
2813 2628 2871 2670 ut
2909 2627 3204 2688 utrumque
3268 2618 3441 2673 altero
3489 2621 3672 2673 termi-

2103 2711 2283 2756 netur.
2324 2705 2402 2758 Ac
2428 2706 2654 2775 proinde
2683 2706 2897 2762 Patrem
2939 2707 3111 2764 Filius
3161 2712 3446 2775 terminat,
3478 2726 3670 2780 quent-

2103 2794 2401 2848 admodum
2468 2797 2709 2851 vicissim
2764 2797 2925 2851 Pater
2958 2797 3180 2853 Filium.
3214 2799 3509 2854 Enimvero
3538 2816 3674 2872 quo.

2102 2888 2249 2943 niam
2302 2888 2444 2943 Deus
2490 2890 2801 2945 mistiouem
2857 2908 2980 2947 cum
3035 2908 3200 2949 carne
3252 2910 3361 2947 non
3417 2896 3675 2965 admittit,

2100 2979 2280 3032 anima
2318 2991 2501 3036 autem
2556 2993 2609 3038 et
2654 2999 2807 3039 mens
2843 2984 2985 3039 velut
3021 2986 3074 3040 in
3110 2985 3199 3041 Dei
3229 2988 3517 3057 carnisque
3548 3004 3681 3043 con-

2105 3067 2234 3121 ﬁnio
2271 3080 2376 3133 est,
2405 3074 2588 3129 carnis
2613 3075 2858 3143 quidem,
2889 3085 2947 3129 ut
2977 3077 3290 3149 conjugata,
3322 3077 3415 3133 Dei
3472 3089 3680 3149 autem,

420 3171 465 3223 si
535 3170 798 3239 ttmporis
879 3169 1022 3225 ratio
1083 3168 1374 3237 habeatur,
1442 3168 1715 3237 posterior
1766 3175 1872 3231 est,
1924 3167 2069 3232 itaC
2105 3170 2165 3216 ut
2210 3163 2391 3233 imago
2426 3182 2440 3219 :
2476 3166 2679 3220 idcirco
2741 3182 2863 3221 eum
2923 3180 3151 3240 cognata
3185 3186 3362 3226 mente
3393 3172 3683 3242 atquein-

419 3271 681 3332 quantum
728 3260 793 3314 ad
833 3243 970 3319 'mali
1030 3260 1353 3329 gravitatem
1421 3269 1585 3328 atque
1637 3250 1995 3323 atrocitatem,

419 3351 660 3424 primum
713 3349 893 3405 locum
954 3350 1060 3404 sibi
1129 3351 1389 3405 vindicat.
1454 3349 1768 3404 Extremum
1835 3350 1997 3404 etiam

424 3444 698 3497 malorum
745 3442 852 3498 diei
902 3452 1099 3510 potest,
1140 3450 1199 3496 ut
1246 3442 1369 3497 linis
1402 3450 1456 3497 et
1488 3443 1763 3506 cumulus,
1793 3456 1846 3498 et
1872 3445 1998 3513 quia

422 3538 565 3593 ulna
632 3552 750 3590 eam
820 3537 1030 3589 nullum
1083 3536 1228 3591 aliud
1289 3537 1474 3593 scelus
1532 3537 1781 3607 progtcdi
1835 3544 1999 3607 atque

419 3630 634 3682 extendi
665 3638 864 3698 potest.

488 3718 604 3775 Col.
631 3720 736 3775 526
777 3722 841 3777 A.
898 3721 1026 3788 ρων
1058 3724 1303 3794 quoniam
1328 3723 1520 3793 majus,
1553 3736 1662 3779 etc.
1703 3724 1996 3792 Quoniam,

420 3810 620 3887 inquit,
660 3813 835 3882 majus
866 3815 1127 3868 auxilium
1174 3815 1482 3885 requirebat
1515 3815 1752 3871 humana
1780 3828 1996 3882 nattna,

420 3917 601 3973 utpote
642 3910 789 3977 gravi
833 3907 1021 3962 morbo
1046 3918 1314 3978 correpta,
1361 3910 1537 3978 majus
1564 3923 1782 3979 quoque
1827 3911 2000 3963 medi-

418 4010 554 4050 Cam
579 4011 731 4053 utnnt
767 4010 820 4057 et
867 4001 1129 4054 auxilium
1162 4011 1246 4055 est
1276 4010 1591 4056 consecuta.
1628 4000 1761 4056 Illud
1814 4012 1995 4056 autem

418 4100 557 4154 erat,
592 4106 696 4144 non
726 4092 975 4162 angelus,
1001 4109 1108 4149 non
1130 4093 1318 4160 homo,
1351 4093 1445 4148 sed
1471 4092 1734 4149 Dominus
1758 4094 2001 4164 ipsc,qui

422 4182 654 4236 Verbum
707 4184 927 4249 dicitur,
995 4194 1055 4239 ut
1124 4186 1256 4240 illud
1317 4187 1672 4253 ostendatur,
1714 4187 1862 4257 quod
1931 4202 1998 4243 ex

417 4290 634 4328 summa
684 4276 773 4329 illa
828 4287 1008 4331 mente
1056 4277 1280 4347 prodiit,
1315 4278 1461 4348 quod
1496 4279 1781 4349 impatibili
1835 4280 1997 4335 modo

418 4368 742 4436 prttgt'nilus
779 4377 897 4436 est,
946 4371 1092 4439 quod
1137 4369 1410 4425 Genitoris
1456 4371 1636 4442 imago
1672 4380 1776 4437 est,
1821 4380 1996 4427 totum

416 4456 636 4513 Patrem
688 4461 741 4513 in
791 4460 974 4530 seipse
1025 4462 1345 4528 ostendens,
1376 4479 1440 4517 ac
1474 4463 1748 4535 perlectus
1792 4480 1890 4534 per
1937 4479 1997 4520 se

417 4553 688 4607 exsistens
705 4552 773 4616 ⁸³,
797 4553 1013 4609 saeculis
1050 4555 1219 4624 prior,
1252 4571 1348 4625 per
1378 4572 1541 4626 quem
1576 4558 1745 4613 etiam
1790 4560 1992 4612 saecula

415 4643 578 4700 Pater
624 4647 770 4703 fecit.
804 4648 1118 4714 Invisibilis,
1145 4659 1201 4704 ιιι
1234 4650 1379 4706 Deus
1419 4669 1432 4704 :
1470 4650 1636 4706 Deum
1665 4652 1810 4705 enim
1842 4667 1991 4705 nemo

415 4741 548 4792 uidit
591 4756 825 4812 unquam
851 4739 917 4807 ⁸⁸,
948 4741 1050 4795 hoc
1104 4754 1187 4797 est
1236 4741 1330 4798 Dei
1363 4751 1638 4798 naturam.
1677 4744 1749 4797 Ex
1786 4745 1991 4812 princi-

413 4835 507 4904 pio
536 4835 861 4903 principium
887 4852 900 4889 :
924 4850 989 4889 ex
1021 4834 1179 4892 Patre
1204 4837 1375 4903 enim,
1404 4838 1498 4907 qui
1528 4837 1773 4892 onmium
1809 4853 1991 4892 rerum

413 4926 743 4996 principium
773 4937 876 4993 est,
912 4938 969 4983 ut
1005 4944 1192 4985 causa.
1219 4931 1291 4983 At
1317 4927 1488 4985 Filius
1513 4932 1843 5000 principium
1888 4941 1991 4997 est,

414 5030 477 5073 ut
515 5034 677 5073 causa
709 5020 996 5089 adjuvaus.
1020 5020 1172 5077 Unde
1194 5032 1247 5076 et
1262 5021 1331 5077 ad
1351 5021 1566 5078 Patrem
1586 5024 1661 5077 ait
1681 5022 1953 5093 Propheta
1977 5038 1991 5083 :

418 5116 604 5167 Tecum
635 5114 949 5180 principum
970 5115 1036 5179 ⁸³⁸,
1067 5126 1172 5169 etc.
1201 5114 1278 5169 Ev
1307 5114 1512 5170 lumine
1545 5116 1729 5170 lumen
1756 5131 1773 5171 :
1809 5116 1987 5169 lumen

412 5204 576 5260 Pater
625 5215 724 5261 est.
760 5204 900 5259 Deus
932 5207 1101 5271 enim,
1133 5208 1348 5276 inquit,
1396 5209 1495 5262 tua:
1543 5209 1703 5263 est“.
1738 5208 1815 5262 Ex
1871 5210 1991 5277 ipso

410 5313 591 5352 autem
644 5299 823 5353 lumen
865 5309 947 5353 est
998 5298 1207 5355 Filius:
1239 5299 1352 5370 Ego
1400 5301 1572 5366 enim,
1614 5301 1812 5376 inquit,
1868 5318 1990 5354 sum

410 5394 506 5446 tua:
542 5395 721 5445 mundi
749 5395 817 5445 ⁸⁷.
851 5391 995 5447 Fons
1029 5396 1153 5449 vitae
1194 5404 1246 5447 et
1279 5392 1725 5455 immortalitatis,
1764 5401 1989 5462 propter

408 5489 826 5556 perennitatem,
857 5498 910 5541 et
942 5487 1071 5556 quia
1120 5502 1185 5541 ex
1227 5486 1349 5555 ipso
1384 5487 1449 5540 ad
1496 5502 1586 5540 res
1636 5502 1829 5542 omnes
1882 5487 1987 5540 vita

408 5579 671 5637 dimanat.
733 5579 1025 5648 Archetypi
1089 5579 1408 5646 expressio,
1468 5578 1647 5633 Patris
1698 5581 1986 5635 immotum

409 5670 669 5738 sigillum,
703 5673 807 5727 hoc
835 5677 943 5749 est,
983 5685 1169 5724 verum
1208 5672 1544 5743 minimeque
1597 5674 1985 5731 adulteratam.

2104 3254 2396 3310 tellectuali
2442 3258 2624 3311 anima
2686 3257 2779 3314 Dci
2828 3271 3024 3316 natura
3079 3264 3453 3335 coniungitur,
3511 3274 3679 3335 atque

2103 3353 2254 3407 illinc
2277 3367 2401 3408 cum
2448 3370 2711 3426 corporea
2753 3359 2893 3411 mole
2941 3357 3256 3413 societatem
3298 3358 3418 3425 init,
3464 3376 3527 3414 ac
3580 3377 3677 3430 per

2101 3445 2285 3498 omnia
2336 3445 2529 3514 plenus
2577 3455 2631 3501 et
2682 3448 2956 3518 perfectus
3003 3451 3162 3505 homo
3191 3451 3439 3519 ellicitur,
3488 3453 3678 3509 iisdem

2101 3532 2385 3591 aﬂ‘cctibus
2407 3537 2911 3608 obnoxius,quibns
2942 3541 3118 3595 czeleri
3145 3544 3428 3605 mortales,
3454 3555 3683 3612 excepto

2100 3639 2350 3696 peccato.
2394 3629 2597 3687 Omnes
2645 3631 2789 3686 enim
2827 3631 3054 3688 aﬂ‘ccms
3115 3636 3391 3689 naturales
3424 3642 3480 3689 ct
3515 3650 3545 3687 a
3594 3652 3680 3690 re-

2101 3720 2470 3788 prehensione
2526 3738 2725 3777 vacuos
2778 3726 3087 3791 amplexus,
3145 3736 3426 3800 peccatum
3473 3743 3680 3797 nequa-

2102 3828 2265 3880 quam
2302 3813 2587 3881 amplexus
2629 3824 2732 3881 est,
2794 3825 2976 3885 utpote
3015 3831 3046 3871 a
3077 3826 3271 3874 natura
3325 3818 3563 3872 alienum
3615 3833 3681 3875 ac

2101 3905 2542 3973 vituperandum.
2576 3906 2653 3960 Ac
2706 3908 2878 3978 ipsius
2926 3925 3148 3981 corpus,
3172 3925 3201 3964 a
3236 3910 3442 3981 Spiritu
3485 3921 3679 3965 saneto

2100 4011 2369 4066 creatum,
2398 3999 2555 4055 Verbi
2580 4001 2914 4056 adorandum
2938 4004 3318 4058 indumentum
3345 4003 3544 4059 factum
3573 4013 3678 4061 est.

2099 4091 2278 4161 Atque
2308 4106 2373 4144 ex
2412 4089 2631 4161 Virgine
2665 4093 2807 4148 Deus
2845 4109 2969 4149 cum
3007 4107 3291 4165 assumpta
3321 4112 3486 4150 carne
3517 4106 3678 4151 natus

2099 4194 2203 4251 est,
2229 4184 2369 4238 idem
2401 4184 2567 4250 Deus,
2603 4184 2745 4240 idem
2774 4194 2829 4239 et
2860 4185 3045 4250 homo,
3080 4194 3371 4255 utrumque
3412 4197 3468 4240 ut
3499 4188 3677 4243 solum

2101 4274 2230 4341 (una
2255 4275 2402 4329 enim
2434 4255 2666 4344 persona
2695 4274 2950 4330 Christus
2973 4277 3074 4344 est)
3107 4291 3171 4330 ex
3203 4276 3418 4331 duabus
3458 4286 3678 4331 contra-

2100 4367 2199 4421 riis
2256 4368 2488 4431 naturis,
2541 4382 2709 4422 carne
2765 4369 3025 4423 nimirum
3085 4378 3139 4423 et
3190 4368 3408 4438 spiritu,
3443 4369 3547 4423 hoc
3574 4378 3677 4436 est,

2105 4461 2445 4515 humanitate
2497 4470 2550 4515 et
2601 4460 2909 4528 divinitate,
2942 4477 3173 4531 quarum
3220 4460 3431 4526 altera,
3483 4478 3677 4533 nempe

2029 4521 2073 4576 θ
2105 4553 2379 4615 divinitas,
2409 4553 2560 4605 carni
2585 4552 2924 4607 divinitatem
2954 4554 3158 4620 attulit;
3194 4553 3385 4622 altera,
3417 4554 3675 4608 nimirum

2104 4659 2252 4709 caro,
2287 4644 2625 4698 divinitatem
2685 4646 2914 4713 accepit.
2950 4640 3031 4699 Ac
3085 4645 3187 4698 fuit
3254 4655 3366 4699 tum
3430 4662 3568 4701 nova
3626 4657 3682 4701 et

2100 4735 2341 4790 inaudita
2376 4735 2624 4799 mistura,
2649 4736 2776 4805 quia
2806 4736 2888 4790 ha:
2919 4737 3039 4791 dua:
3070 4747 3275 4791 natura:
3310 4738 3479 4793 semel
3530 4738 3678 4793 inter

2100 4846 2160 4886 se
2193 4818 2359 4885 unita:
2391 4831 2745 4887 indivisibiles
2779 4842 2965 4902 postea
3008 4845 3328 4887 manserunt
3364 4851 3377 4887 :
3408 4846 3461 4888 et
3500 4835 3679 4887 admi-

2101 4925 2272 4977 randa
2317 4924 2660 4993 temperatio,
2696 4926 2824 4998 quia
2858 4924 3004 4979 nulla
3054 4924 3309 4981 confusio
3339 4936 3505 4997 atque
3535 4930 3674 4980 alte-

2101 5020 2243 5072 ratio
2305 5027 2491 5072 secuta
2538 5028 2639 5073 est.
2670 5017 2883 5072 Etenim
2918 5021 3240 5090 temperatio
3286 5034 3375 5075 res
3406 5035 3520 5087 eas,
3556 5034 3679 5089 quas

2104 5118 2515 5177 temperantur,
2580 5109 2987 5178 quodammodo
3040 5110 3314 5173 immutat,
3350 5119 3535 5182 utpote
3578 5125 3674 5165 cas

2104 5203 2332 5255 minime
2386 5216 2553 5271 puras
2591 5216 2814 5257 servans
2849 5220 2864 5259 :
2897 5218 2961 5257 ac
2986 5218 3175 5259 rursus
3210 5203 3414 5267 mistio,
3448 5219 3511 5258 ea
3557 5219 3680 5274 quae

2105 5295 2430 5356 miscentur,
2457 5294 2596 5349 haud
2644 5292 2935 5350 admodum
2971 5295 3106 5348 unit.
3140 5294 3445 5365 Utrumque
3494 5306 3677 5352 autent

2102 5389 2321 5456 utrique
2352 5387 2668 5457 adjunctum
2696 5394 2942 5441 exactam
2969 5385 3091 5439 ﬁdei
3123 5382 3495 5455 doctrinaeque
3530 5389 3678 5441 veri-

2100 5491 2265 5536 tatem
2291 5489 2495 5535 servat.
2518 5479 2929 5549 Tempcraturae
2961 5476 3109 5531 enim
3140 5476 3457 5534 inconfusio
3481 5480 3676 5549 adjun-

2096 5575 2581 5643 cta,mistura:que
2607 5573 2790 5628 itidem
2819 5570 3095 5636 indivisio,
3137 5570 3430 5641 perlectam
3470 5572 3678 5625 modis-

2095 5687 2200 5742 que
2217 5670 2472 5729 omntbus
2489 5672 2798 5726 absolutam
2825 5668 2946 5724 [idei
2963 5669 3264 5724 doctrinam
3291 5669 3505 5735 retinet,
3531 5679 3673 5723 utra.

478 5826 521 5860 ⁸³
553 5830 710 5885 Hebr,
751 5850 788 5897 ι,
816 5834 868 5887 3,
950 5829 993 5862 ⁸⁸
1030 5825 1216 5885 lJoan.
1252 5849 1323 5901 tv,
1363 5831 1445 5887 12.
1523 5833 1567 5869 ⁸⁸
1600 5834 1739 5891 Psal.
1777 5850 1887 5902 CIX,
1918 5835 1972 5889 5.

2130 5832 2332 5893 “Jan.
2366 5850 2405 5900 ι,
2442 5834 2493 5887 5.
2568 5834 2613 5867 ⁸⁷
2640 5832 2796 5887 Joan.
2827 5847 2942 5899 vut,
2982 5832 3066 5886 12.
3112 5831 3156 5865 ⁸³
3189 5829 3399 5886 Coloss.
3441 5847 3477 5898 ι,
3514 5829 3599 5886 15.
