4100 6436
390 386 526 454 1201

1277 389 1600 451 NlCETAS
1643 388 1724 449 IN
1765 388 1989 448 ORAT.
2029 387 2339 448 XXXVIII
2382 391 2442 450 S.
2482 389 2714 450 GREG.

3517 393 3658 461 1202

385 522 495 575 que
527 505 779 561 videlicet
829 506 1221 561 naturarumin
1263 506 1488 561 Christo
1520 506 1963 561 concurrentium
1997 510 2040 569 Α
2071 505 2375 560 divinitatis
2428 520 2781 576 expensores,
2818 523 2880 561 ac
2923 523 3012 564 res
3055 510 3360 566 laudandus
3413 521 3466 566 ct
3523 530 3657 582 pra:-

384 600 751 670 proprietates
777 615 908 655 suns
934 601 1091 655 alteri
1119 602 1561 655 communicante
1587 611 1807 670 propter
1845 614 1968 670 per-

384 703 539 747 Sona:
607 691 968 758 identitatem,
1016 705 1080 747 ac
1125 698 1371 745 mutuam
1439 692 1680 759 ipsarum
1726 691 1869 746 inter
1895 695 1968 750 ise

386 782 814 837 iiiimeatiouem.
851 782 987 837 Nam
1017 782 1193 838 creari
1227 792 1280 837 et
1322 782 1436 836 fieri
1463 823 1478 849 ,
1509 782 1576 837 iis
1615 783 1966 846 conveniunt,

385 889 530 941 qum,
566 888 691 927 cum
751 889 857 928 non
888 883 1104 938 essent,
1164 875 1218 927 in
1263 884 1443 927 ortum
1502 873 1765 943 producta
1814 884 1966 928 sunt.

386 963 533 1018 Fieri
568 974 753 1019 autem
785 965 985 1020 dicitur
1017 967 1063 1021 is
1087 967 1178 1036 qui
1212 975 1271 1020 ut
1295 964 1438 1021 Deus
1464 965 1832 1035 sempiternus
1863 975 1965 1032 est,

384 1065 610 1127 propter
659 1069 882 1110 carnem
942 1071 1106 1126 quam
1156 1055 1475 1125 assumpsit.
1511 1054 1788 1110 Mutuatur
1818 1056 1966 1110 enim

382 1148 572 1203 carnis
625 1147 982 1217 preprietates
1040 1156 1259 1217 propter
1328 1161 1600 1202 summam
1656 1147 1964 1202 unionem:

383 1240 845 1310 quemadmodum
868 1240 1077 1295 scilicet
1100 1240 1414 1294 humanitas
1436 1254 1656 1309 quoque
1686 1246 1965 1308 assumpta

384 1330 534 1386 Deus
556 1331 775 1393 dicitur,
799 1334 943 1401 quod
966 1331 1261 1385 divinitatis
1284 1331 1641 1400 proprietates
1662 1331 1766 1385 sibi
1786 1330 1968 1383 vindi-

382 1436 493 1478 cet.
529 1423 635 1490 Qui
683 1432 808 1487 est,
842 1422 1366 1493 (it;quicreationis
1411 1436 1604 1492 expers
1650 1431 1772 1487 est,
1816 1436 1970 1477 crea-

381 1527 495 1571 tur.
538 1515 663 1571 llaec
721 1515 1238 1571 communicationis
1302 1516 1475 1586 figura
1544 1515 1825 1570 dicuntur.
1889 1516 1969 1569 Ac

383 1617 581 1663 caetera
618 1608 857 1673 quidem,
890 1607 1015 1661 licet
1050 1607 1410 1662 admiratione
1453 1607 1639 1677 digna,
1672 1616 1850 1661 tamen
1900 1607 1967 1659 de

384 1699 729 1754 humanitate
771 1707 1048 1768 assumpta
1091 1698 1443 1769 intelligenda
1473 1708 1622 1754 sunt.
1657 1697 1793 1752 Nam
1819 1699 1965 1767 quod

381 1801 525 1852 erat,
557 1798 742 1844 manet
769 1808 784 1844 :
813 1790 965 1860 quod
990 1805 1098 1843 non
1120 1799 1261 1855 erat,
1284 1791 1597 1859 assumpsit.
1624 1789 1758 1844 Illud
1781 1798 1963 1844 autem

2076 595 2256 651 claras
2286 598 2629 654 criminando
2655 601 3019 657 insectantes?
3045 600 3285 658 lloccine
3308 605 3421 659 Deo
3441 606 3658 675 objicis,

2076 687 2245 743 homo
2279 689 2511 760 ingrate,
2547 691 2695 762 quod
2757 701 2850 747 tua
2902 709 3066 751 causa
3125 696 3364 766 seipsum
3431 700 3654 769 dejccit,

2075 779 2244 848 quod,
2279 794 2402 834 cum
2462 784 2582 837 ovis
2635 784 2843 851 perdita
2898 799 3070 848 es~es,
3096 795 3149 841 et
3192 787 3424 857 impuris
3447 790 3656 846 daemoo

2078 870 2238 925 nibus
2291 871 2345 925 in
2400 873 2633 928 collibus
2693 876 3070 943 sacrillcares,
3122 888 3173 934 te
3234 883 3657 951 couquisivcril,

2077 969 2244 1031 atque
2282 962 2561 1017 iuventam
2595 965 2647 1018 in
2683 966 3003 1037 angelorum
3036 969 3282 1026 ordinem
3317 974 3655 1043 ascripserit,

2076 1053 2223 1122 quod
2258 1067 2479 1108 carnem
2524 1069 2679 1110 suam
2729 1057 2887 1125 quasi
2919 1058 3200 1114 lucernam
3232 1064 3562 1129 accenderit,
3593 1082 3659 1121 ac

2077 1143 2340 1198 mundum
2382 1161 2410 1198 a
2440 1145 2592 1210 vitio,
2628 1162 2736 1200 non
2765 1162 2927 1202 secus
2954 1163 3020 1202 ac
3048 1148 3272 1205 domum
3306 1156 3599 1222 quatndam
3624 1171 3656 1210 a

2075 1234 2385 1303 quisquiliis
2413 1238 2780 1308 sordibusque
2808 1242 3138 1311 repurgarit,
3172 1243 3485 1315 regiamque
3515 1247 3657 1301 ima-

2075 1326 2256 1395 ginem
2314 1326 2477 1383 {tedis
2525 1327 2811 1385 all‘ectibus
2850 1332 3155 1388 involutam
3197 1344 3364 1406 atque
3405 1337 3656 1394 obrutam

2078 1419 2224 1473 velut
2275 1420 2595 1475 drachmam
2645 1423 2701 1477 in
2736 1434 2980 1479 stercore
3023 1426 3317 1497 invenerit,
3348 1431 3657 1502 Iretitizequc

2075 1514 2147 1567 ob
2188 1513 2506 1569 drachmam
2560 1516 2834 1572 inventam
2887 1530 3176 1589 susceptae,
3208 1524 3433 1593 angelos
3486 1527 3657 1594 partl-
3696 1542 3707 1551 '

2074 1604 2223 1673 eipes
2254 1604 2406 1670 facit,
2439 1621 2580 1676 quos
2606 1608 2770 1663 etiam
2800 1608 3234 1679 dispensationis
3265 1629 3377 1671 suae
3402 1620 3654 1672 conscios

2072 1706 2238 1765 atque
2307 1699 2662 1755 administros
2709 1705 3046 1773 assumpsit?
3096 1703 3309 1762 Etenim
3360 1709 3414 1763 in
3482 1711 3656 1780 ipsius

2073 1780 2365 1838 Nativitate
2416 1786 2713 1842 multitudo
2773 1790 3016 1846 caelestis
3082 1794 3292 1850 militiae
3340 1799 3654 1866 pastoribus

389 1884 532 1946 quod
565 1883 640 1936 ait
673 1899 688 1936 :
748 1881 908 1945 Eum,
943 1882 1034 1952 qui
1095 1882 1248 1935 nullo
1299 1882 1418 1936 loco
1452 1881 1722 1936 contineri
1769 1890 1823 1936 et
1845 1882 1961 1953 capi

2069 1873 2322 1940 apparuit
2353 1874 2692 1931 laudantium
2718 1876 2890 1934 Deum
2917 1896 2982 1937 ac
3008 1883 3344 1941 dicentium:
3382 1885 3567 1944 Gloria
3598 1893 3655 1944 in

390 1984 616 2044 poterat,
646 1974 935 2039 contineri,
977 1973 1192 2029 difficile
1223 1981 1308 2027 est
1338 1988 1401 2028 ac
1430 1975 1847 2043 perobscurum,
1870 1987 1969 2029 nec

389 2067 685 2135 quidquam
747 2065 896 2119 aliud
947 2065 1053 2120 dici
1103 2075 1303 2135 potest,
1334 2080 1498 2135 quam
1551 2064 1696 2135 quod
1747 2074 1968 2134 propter

382 2159 779 2211 exuberantcm
837 2157 1057 2210 virtutis
1107 2157 1477 2226 potentiaeque
1530 2156 1969 2227 magnitudinem

382 2250 439 2303 id
470 2252 581 2303 (lat.
617 2249 719 2315 Qui
756 2249 1056 2319 locupletes
1092 2250 1231 2303 alios
1278 2248 1407 2302 facit
1470 2260 1609 2320 eget.
1644 2251 1790 2305 Caro
1821 2251 1967 2304 etaim

382 2352 679 2412 paupertas
700 2353 806 2404 est,
863 2351 1053 2411 utpote
1095 2341 1283 2394 multis
1324 2342 1486 2397 rebus
1513 2343 1581 2397 ad
1614 2344 1699 2397 sui
1736 2357 1968 2397 conser-

380 2436 658 2488 vationem
697 2450 835 2504 opus
864 2435 1095 2488 habens.
1128 2433 1195 2487 At
1232 2434 1410 2488 dcitas
1437 2435 1592 2489 dives
1626 2443 1680 2489 et
1704 2436 1961 2506 opulenta

379 2537 488 2590 est,
525 2526 726 2597 quippe
755 2526 956 2580 nullius
986 2527 1062 2579 rei
1095 2525 1363 2595 indigens.
1399 2525 1500 2591 Qui
1531 2527 1729 2595 plenus
1768 2535 1873 2591 est,
1908 2533 1967 2580 ut

380 2617 551 2680 Deus,
585 2627 866 2671 vacuatur.
898 2614 1134 2670 luanitio
1165 2625 1367 2678 autem,
1396 2630 1491 2670 seu
1525 2616 1795 2682 vacuatio,
1828 2615 1968 2671 dici-

384 2719 474 2764 tur
523 2708 782 2763 demissio
818 2709 930 2772 illa,
961 2723 1069 2779 qua
1123 2707 1381 2763 Christus
1414 2708 1481 2761 ad
1527 2710 1961 2778 integumentum

378 2799 647 2867 dignitate
682 2813 782 2851 sua
818 2799 1083 2852 humilius
1130 2811 1252 2852 sese
1296 2798 1520 2867 dejectt,
1557 2797 1966 2867 humanamque

380 2889 619 2941 formam
655 2887 855 2940 induit.
885 2885 1025 2951 Quid
1060 2892 1243 2939 autem
1295 2885 1400 2938 sibi
1431 2885 1545 2939 vult
1573 2899 1831 2955 magnum
1860 2887 1963 2940 hoe

384 2993 551 3050 atque
592 2994 855 3033 arcanum
890 2977 1254 3049 mysterium?
1283 2977 1548 3043 Quonian
1607 2978 1776 3031 homo
1818 2976 1964 3033 Deus

380 3074 563 3125 factus
590 3086 698 3124 non
724 3080 830 3134 est,
864 3071 1072 3123 idcirco
1106 3068 1250 3122 Deus
1294 3070 1457 3123 homo
1487 3067 1567 3133 lit,
1602 3069 1829 3124 honoris
1854 3070 1961 3125 mei

382 3178 572 3225 causa,
613 3163 866 3227 nimirum
896 3170 955 3216 ut
986 3162 1054 3215 iis
1090 3162 1275 3227 rebus,
1307 3177 1447 3232 quas
1472 3163 1706 3232 accepit,
1738 3179 1804 3219 ea
1843 3181 1963 3235 qua:

381 3259 556 3320 dedit,
594 3258 929 3319 instaurans,
962 3256 1169 3326 peccati
1221 3271 1437 3324 poenam
1489 3258 1728 3321 abolent,
1756 3272 1822 3313 ac
1866 3274 1964 3329 per

380 3364 659 3405 mortuam
734 3350 1128 3405 humanitatem
1220 3348 1631 3406 interfectorem
1706 3353 1960 3421 perimat.

384 3444 557 3512 Major
592 3458 753 3510 porro
794 3441 1066 3511 longeque
1110 3441 1489 3497 admirabilior
1519 3451 1605 3498 est
1634 3444 1963 3499 instauratio

380 3536 663 3589 creatione
699 3532 894 3603 prima.
935 3532 1154 3587 Creatio
1185 3534 1330 3588 enim
1365 3536 1484 3589 solo
1506 3536 1673 3588 verbo
1703 3537 1912 3591 exstitit
1943 3553 1960 3590 :

384 3625 679 3679 Faciamus
709 3625 972 3678 hominem
989 3624 1060 3691 ⁸⁸,
1089 3635 1221 3691 etc.,
1259 3636 1315 3679 at
1343 3626 1516 3695 ipsius
1543 3626 1767 3695 Opificis
1795 3642 1960 3681 manu

382 3729 547 3789 atque
597 3732 759 3788 opera
814 3718 1144 3773 instauratio
1179 3716 1417 3786 perfecta
1456 3726 1563 3783 est,
1592 3734 1784 3789 nempe
1815 3721 1961 3789 quod

387 3814 614 3880 ipsemet
663 3809 858 3881 Opifex
903 3811 1069 3864 homo
1105 3809 1282 3865 factus
1316 3810 1407 3875 sit,
1444 3825 1509 3865 ac
1534 3809 1758 3865 domum
1805 3826 1959 3866 suam

385 3902 738 3958 exstruxerit.
786 3905 865 3958 Ae
918 3910 1180 3971 praeterea
1230 3911 1359 3956 tunc
1388 3905 1455 3957 ad
1485 3905 1773 3973 imaginem
1816 3904 1961 3959 duti-

380 4006 534 4052 taxat
565 4006 702 4053 erat.
735 3998 978 4052 Primum
1020 3995 1168 4051 enim
1214 3996 1589 4065 intelligentia:
1635 4012 1701 4050 ac
1752 3996 1961 4065 princi-

300 4118 323 4133 ο
380 4100 540 4161 palus
566 4090 927 4146 similitudine
958 4089 1137 4158 ipsum
1187 4089 1403 4142 ornavit
1450 4090 1779 4159 (principem
1810 4090 1958 4143 enim

383 4183 630 4237 omnium
661 4189 1037 4235 creaturarum
1067 4195 1099 4234 a
1128 4180 1398 4250 principio
1442 4182 1719 4235 hominem
1754 4182 1961 4237 consti-

381 4278 535 4342 tutt),
569 4287 716 4328 nunc
745 4280 925 4327 autem
957 4274 1262 4326 secundum
1293 4270 1838 4329 substaiitiam.Natn
1864 4287 1962 4342 per

379 4379 698 4437 expressam
728 4364 912 4419 carnis
939 4363 1113 4432 ipsius
1132 4364 1545 4418 similitudinem
1570 4380 1693 4418 eum
1723 4366 1957 4420 ornavit.

381 4458 439 4511 In
495 4455 753 4512 extremis
807 4455 1075 4524 siquidem
1131 4456 1468 4524 temporibus
1536 4457 1701 4510 homo
1757 4457 1956 4520 factus,

2069 1962 2347 2020 altissimis
2363 1965 2563 2031 Deo,et
2595 1969 2650 2022 in
2678 1978 2823 2024 terra
2848 1988 2957 2042 pax
2975 1973 3045 2040 ⁵ο,
3065 1984 3171 2029 etc.
3203 1978 3283 2031 Ad
3307 1979 3452 2034 hunc
3470 1983 3656 2052 itaque

2071 2054 2292 2109 modum
2326 2058 2548 2126 angelos
2580 2061 2792 2116 consilii
2821 2072 2877 2117 et
2912 2064 3337 2135 dispensationis
3368 2086 3482 2127 sum
3521 2089 3654 2129 con-

2069 2148 2217 2203 scies
2266 2148 2417 2204 facit.
2450 2150 2690 2208 Haecine
2724 2171 2915 2213 rursus
2943 2160 3140 2229 objicis
3165 2181 3178 2216 :
3206 2161 3364 2229 Quod
3410 2163 3653 2224 Joannes

2069 2240 2313 2309 quidem,
2345 2251 2406 2297 ut
2447 2244 2669 2299 lucerna
2702 2248 2904 2304 ardens
2937 2260 2991 2305 et
3022 2252 3211 2309 lucens
3236 2255 3306 2321 ⁵¹,
3336 2255 3656 2315 Ριῑεειιιευο

2068 2345 2187 2385 rem
2214 2333 2367 2402 egit:
2400 2333 2658 2392 Christus
2693 2348 2876 2393 autem
2910 2342 3002 2396 lux
3038 2344 3320 2416 inaccessa
3358 2360 3480 2416 post
3525 2365 3651 2406 cum

2068 2425 2342 2491 apparuit,
2406 2441 2646 2498 eumque
2699 2441 2921 2489 secutus
2965 2443 3070 2501 est,
3097 2412 3158 2490 u't
3204 2452 3389 2493 vocem
3423 2443 3651 2496 verbum

2070 2513 2196 2582 (vox
2221 2519 2367 2570 enim
2393 2522 2553 2588 quasi
2573 2524 2801 2577 materia
2820 2531 2906 2579 est
2926 2528 3220 2596 sermonis,
3241 2544 3423 2586 sermo
3445 2544 3652 2598 autem,

2067 2604 2265 2672 forma,
2305 2623 2496 2665 vocem
2554 2611 2888 2685 informatas)
2926 2626 2986 2672 ut
3020 2624 3334 2688 pronubam
3388 2639 3651 2693 sponsus,

2064 2697 2188 2767 pios
2236 2714 2303 2754 ac
2355 2700 2544 2758 fideles
2603 2704 2853 2762 homines
2898 2709 3003 2778 ipsi
3055 2712 3480 2769 conciliantein?
3510 2715 3652 2782 Quin

2066 2790 2232 2860 igitur
2265 2792 2399 2847 illud
2440 2810 2661 2865 quoque
2706 2800 3083 2868 reprehendis,
3115 2805 3260 2871 quod
3298 2815 3352 2860 et
3386 2821 3509 2861 cum
3547 2824 3651 2877 pu-

2066 2882 2297 2940 blicanis
2327 2887 2581 2951 comedit,
2611 2887 2862 2958 iniquum
2897 2904 3170 2961 quaestum
3204 2895 3554 2962 facientibus,
3590 2911 3651 2955 ut

2064 2975 2183 3044 ipse
2236 2992 2456 3047 quoque
2506 2981 2738 3037 salutem
2781 2983 2999 3040 illorum
3030 2988 3345 3045 elucretnr?
3373 2993 3442 3044 At
3470 2998 3651 3047 enim-

2067 3085 2195 3125 vero
2240 3086 2304 3126 ca
2346 3088 2435 3129 res
2482 3076 2634 3128 omni
2688 3078 3111 3146 reprehensione
3157 3090 3324 3148 caret,
3363 3085 3464 3139 nisi
3523 3088 3650 3154 quis

2070 3165 2340 3220 medicum
2364 3168 2736 3223 accusandum
2758 3178 2929 3239 putet,
2952 3172 3098 3240 quod
3127 3174 3194 3228 ad
3214 3173 3432 3232 foetidos
3457 3181 3648 3247 aegroti

2066 3257 2297 3311 morbos
2322 3256 2560 3326 seipsum
2590 3259 2860 3324 demittat,
2890 3269 2949 3315 ut
2976 3275 3102 3317 eum
3133 3264 3352 3318 sanitati
3374 3269 3645 3335 restituat,

2065 3346 2181 3417 ipse
2229 3348 2448 3402 interim
2478 3350 2673 3404 morbo
2715 3365 3057 3423 nequaquam
3080 3354 3306 3412 aﬂ‘ectus
3337 3373 3352 3414 :
3379 3367 3473 3413 aut
3497 3375 3647 3427 eum,

2062 3440 2163 3507 qui
2177 3440 2331 3507 juxta
2359 3440 2495 3511 legis
2515 3443 2894 3515 praescriptum
2928 3446 2984 3500 in
3012 3446 3224 3504 foveam
3254 3464 3376 3506 sese
3398 3451 3649 3520 inflectit,

2065 3543 2124 3585 ut
2155 3532 2491 3602 jumentum,
2519 3537 2665 3605 quod
2699 3537 2924 3594 homine
2966 3541 3128 3598 vilius
3152 3552 3258 3610 est,
3293 3543 3445 3601 illinc
3470 3554 3653 3602 extra-

2064 3623 2177 3689 hat,
2215 3625 2331 3694 ipse
2377 3629 2591 3682 interim
2623 3645 2690 3684 co
2722 3632 2948 3687 minime
2980 3636 3293 3706 prolapsus.

2135 3716 2270 3771 lbid.
2292 3709 2578 3774 CfMissus
2607 3735 2818 3790 quidem
2836 3734 2931 3790 est,
2955 3734 3063 3781 etc.
3091 3728 3359 3794 Quoniam
3402 3734 3648 3788 nonnulli

2064 3809 2387 3866 missionem
2448 3813 2679 3867 secundi
2741 3815 2956 3871 ordinis
3002 3832 3164 3881 esse,
3221 3832 3387 3890 atque
3435 3826 3483 3877 ei
3552 3830 3646 3896 qui

2063 3905 2332 3965 subesset,
2362 3904 2660 3959 convenire
2677 3902 2818 3959 falso
2836 3907 3249 3975 existimabant,
3292 3913 3499 3968 idcirco
3519 3932 3643 3969 cum

2062 3992 2291 4049 dixisset
2316 3992 2629 4066 Theologus
2665 3996 2953 4053 Christum
2991 4002 3220 4055 missum
3254 4019 3397 4063 esse.
3432 4007 3644 4075 adjicit,

2064 4093 2123 4138 ut
2143 4085 2419 4140 hominem
2445 4103 2459 4140 :
2486 4089 2932 4159 quandoquidem
2961 4103 3016 4147 et
3042 4095 3249 4152 Servus
3277 4097 3330 4149 in
3357 4097 3647 4168 Scriptura

2061 4177 2243 4234 dictus
2273 4188 2374 4245 est,
2405 4189 2460 4235 et
2500 4182 2714 4237 ancillae
2761 4183 2905 4240 illius
2922 4186 2988 4251 ⁵¹,
3039 4196 3094 4242 ει
3123 4204 3318 4259 agitus,
3349 4192 3646 4258 eboris",

2062 4279 2228 4341 atque
2264 4273 2431 4328 etiam
2465 4274 2746 4346 fatigatus,
2792 4288 2846 4333 et
2877 4279 3023 4336 fame
3065 4297 3130 4335 ac
3176 4282 3275 4338 siti
3305 4283 3539 4340 afﬂictus
3564 4287 3649 4353 σεξ

2062 4364 2365 4435 laborasse,
2397 4375 2449 4421 et
2484 4384 2693 4439 angore
2731 4383 3020 4442 correptus
3040 4374 3109 4442 ⁸⁸,
3153 4387 3320 4447 atque
3353 4379 3492 4433 adeo
3521 4378 3647 4448 pas-

2061 4473 2160 4512 sus
2189 4458 2357 4514 fuisse
2386 4461 2608 4516 dicitur.
2655 4461 2854 4518 Verum
2886 4466 3003 4522 haec
3031 4469 3237 4537 justam
3268 4480 3323 4525 et
3358 4472 3644 4529 honestam

376 4561 645 4605 creatura
693 4562 804 4602 suae
833 4546 1167 4602 assimilatas
1192 4558 1293 4610 est,
1328 4561 1560 4615 eamque
1589 4548 1655 4602 ad
1687 4548 1771 4602 sui
1800 4549 1958 4602 simi-
1987 4555 2035 4614 ο
2063 4564 2287 4604 causam
2347 4552 2722 4624 rationemque
2765 4557 3003 4625 habent,
3057 4560 3316 4615 nimirum
3366 4564 3494 4634 quia
3519 4606 3533 4631 ,
3592 4576 3648 4620 et

379 4643 664 4698 litudinem
705 4638 1112 4709 exprimendam
1169 4638 1405 4692 reduxit.
1453 4637 1527 4690 Ex
1579 4654 1691 4707 quo
1744 4639 1954 4708 liquido

377 4743 595 4791 constat
637 4736 741 4787 hoc
769 4731 1092 4787 beneficium
1132 4730 1301 4800 priori
1355 4730 1450 4791 illo
1482 4732 1840 4786 excellentius
1887 4747 1956 4786 ac

378 4828 617 4883 divinius
640 4841 783 4882 esse.
805 4824 1132 4894 Quanquam
1158 4825 1305 4877 enim
1335 4823 1588 4895 imaginis
1606 4826 1954 4894 participatio

372 4915 622 4969 divinent
682 4910 957 4967 hominem
1012 4911 1252 4967 ell‘ecerit
1301 4931 1314 4966 :
1368 4913 1510 4966 idem
1551 4923 1731 4969 tamen
1780 4916 1954 4971 multo

377 5005 575 5060 melius
599 5004 851 5074 praestitit
871 5003 1054 5058 carnis
1081 5003 1446 5072 participatio,
1474 5019 1597 5073 qua:
1633 5021 1742 5060 non
1773 5007 1950 5061 solum

377 5097 624 5153 divinum
679 5109 802 5151 eum
851 5095 1104 5159 reddidit,
1139 5110 1331 5150 verum
1382 5098 1545 5151 etiam
1581 5098 1774 5163 Deum,
1809 5113 1950 5167 pro-

376 5197 498 5257 pter
528 5186 916 5255 hypostatieam
948 5187 1229 5251 unionem,
1261 5201 1327 5240 ac
1360 5187 1406 5241 si
1437 5188 1699 5245 audacius
1722 5189 1952 5258 loquen-

376 5286 507 5333 dum
542 5286 623 5333 est
642 5315 658 5339 ,
690 5278 982 5349 condeutn.

449 5370 564 5426 ευι.
618 5370 721 5424 527
768 5371 831 5421 Α.
878 5369 1019 5436 Quid
1059 5370 1127 5424 ad
1158 5370 1269 5424 [uec
1304 5373 1454 5425 nobis
1491 5372 1829 5441 sywplianldz
1868 5373 1953 5425 di'

372 5468 526 5524 cunt,
575 5470 680 5514 etc.
715 5458 991 5514 Adversus
1047 5461 1160 5514 hace
1198 5462 1272 5514 ita
1317 5462 1639 5517 admiranda
1689 5466 1953 5533 quidnam

374 5551 619 5607 tueretici
679 5553 860 5608 dicere
899 5552 1133 5621 queant?
1183 5555 1487 5622 pet-acerbi,
1552 5557 1798 5624 injuani,
1859 5560 1948 5613 isti

1464 5731 1505 5761 "
1527 5729 1554 5784 ,Ι
1580 5747 1683 5785 ηιι.
1723 5750 1795 5792 γι.
1827 5733 1911 5787 55.

448 5726 494 5757 ⁸⁸³
520 5722 656 5780 Ceu.
688 5743 726 5791 ι,
755 5724 844 5780 26.

372 5798 533 5854 Joau.
575 5812 648 5863 tv,
677 5801 735 5853 6.

943 5725 989 5758 ³⁸
1012 5724 1148 5781 Luc.
1180 5743 1237 5790 ιι,
1272 5730 1352 5782 Η.

2012 5738 2056 5767 ⁸¹
2084 5737 2223 5794 l‘sal.
2257 5755 2453 5805 Lx'xxv,
2496 5740 2575 5795 l6.

812 5798 1052 5885 'I’Mat‘c.
1096 5814 1206 5867 xiv,
1242 5800 1309 5854 55
1350 5818 1504 5872 seqq.
1577 5804 1816 5859 “Matth
1872 5823 2060 5876 xxviii,
2106 5815 2187 5865 ιδ.

2063 4642 2248 4706 homo,
2303 4652 2357 4698 et
2392 4643 2565 4701 Filius
2619 4648 2860 4702 hominis
2898 4648 3076 4707 factus
3124 4660 3230 4707 est.
3281 4653 3463 4718 Quare
3505 4658 3643 4710 nihil

2060 4746 2167 4802 est,
2200 4753 2302 4792 cur
2334 4739 2421 4795 his
2447 4742 2676 4796 vocibus
2707 4745 2997 4813 quisquam
3028 4743 3356 4799 offendatur.
3400 4745 3639 4802 Verbum

2059 4832 2205 4884 enim
2243 4829 2415 4886 Filius
2445 4834 2684 4888 hominis
2717 4833 2922 4888 factum
2952 4845 3056 4899 est,
3094 4846 3153 4890 ut
3194 4837 3463 4893 mediator
3495 4841 3643 4894 exsi-

2061 4934 2213 4978 stens
2243 4922 2335 4977 Dei
2362 4928 2536 4994 atque
2562 4926 2869 4990 hominum,
2904 4942 3027 4996 qua:
3060 4927 3154 4981 Dei
3187 4938 3337 4993 sunt,
3378 4931 3557 4997 nobis,
3587 4944 3642 4988 et

2061 5023 2184 5076 qua:
2218 5019 2404 5064 nostra
2440 5020 2590 5077 sunt,
2632 5014 2740 5066 Deo
2774 5015 3070 5068 ministret.
3112 5014 3249 5070 Cum
3297 5018 3463 5088 igitur
3495 5022 3641 5077 fame

2064 5100 2243 5169 urgeri
2276 5103 2512 5167 dicitur,
2560 5103 2826 5173 lacrymas
2871 5105 3242 5172 profundere,
3296 5109 3535 5181 fatigari,
3584 5126 3640 5170 ct

2058 5191 2183 5244 Elui
2225 5191 2347 5245 Eloi
2378 5192 2634 5257 clamare,
2689 5197 2957 5250 humanos
2991 5212 3056 5252 ac
3085 5208 3304 5255 nostros
3337 5202 3563 5263 allectus
3607 5223 3639 5259 ιι

2060 5285 2219 5338 nobis
2275 5286 2493 5353 accipit,
2532 5295 2699 5356 atque
2750 5288 2816 5341 ad
2866 5287 3093 5345 Patrem
3137 5297 3480 5363 transmittit,
3537 5315 3635 5367 pro

2057 5378 2216 5430 nobis
2254 5378 2619 5444 intercedeus,
2650 5390 2711 5434 ut
2738 5382 2989 5439 videlicet
3029 5387 3081 5440 in
3117 5387 3237 5456 ipso
3271 5394 3632 5460 exstinguun-

2057 5479 2163 5521 tur.
2197 5469 2330 5522 Cum
2361 5477 2546 5525 autem
2584 5472 2660 5526 ait
2693 5490 2706 5525 :
2735 5474 2875 5528 Data
2915 5478 3047 5531 mihi
3079 5490 3156 5533 est
3194 5483 3366 5535 omnis
3390 5493 3636 5550 potestas

2055 5561 2107 5614 iu
2144 5561 2269 5614 ειειο
2296 5571 2345 5615 et
2385 5563 2437 5615 in
2485 5571 2626 5618 terra
2651 5565 2722 5631 ⁸⁸,
2765 5567 3003 5640 itemque
3028 5573 3173 5642 quod
3208 5575 3350 5630 Deus
3380 5592 3502 5629 cum
3541 5593 3634 5632 su~

2660 5744 2707 5776 ³³
2734 5745 2838 5802 Ιεςι.
2874 5764 2992 5816 ιιιι,
3032 5748 3081 5805 7.
3184 5747 3389 5805 “Luc.
3424 5764 3499 5817 te,
3532 5751 3639 5821 223',
