4100 6416
457 352 594 420 12:03

1875 353 2260 419 ADDENDA.

3587 353 3728 420 1206

452 463 899 539 perexaltarit",
950 465 1261 536 hujusmodi
1305 481 1471 522 voces
1507 466 1596 522 Dei
1632 467 1895 524 beneﬁcia
1947 486 2041 539 per
2072 477 2112 530 Α
2145 481 2329 527 autem
2380 470 2600 528 silentio
2642 480 2858 541 premat
2905 482 2960 528 et
3007 479 3300 542 pratereat
3334 489 3348 527 :
3377 479 3541 542 atque
3593 473 3727 529 illud

455 579 579 618 eum
615 563 667 616 in
716 577 814 616 nos
869 562 1066 616 collata
1103 561 1406 616 declarant.
1446 561 1633 633 Neque
1680 564 1826 619 enim
1858 562 2040 620 Verbo

455 657 757 726 quidquam
811 669 1052 722 unquam
1090 654 1299 720 deerat,
1334 665 1426 710 aut
1457 655 1656 724 deluit,
1693 672 1794 712 nec
1841 673 2038 714 rursus

456 746 707 801 homines
758 745 862 800 sibi
920 744 1054 815 ipsis
1095 745 1410 802 ministrare
1451 756 1723 818 poterant.
1779 747 1904 802 llaec
1944 764 2040 818 per

459 833 694 892 Verbum
731 837 889 892 nobis
930 837 1312 904 conferuntur,
1360 849 1547 910 atque,
1587 850 1645 894 ut
1676 841 1778 911 ipsi
1813 843 2038 907 donata,

456 931 614 985 nobis
665 930 1077 999 impertiuntur.
1120 929 1334 985 Etenim
1383 933 1454 987 ob
1486 932 1628 986 hanc
1657 949 1876 1002 quoque
1903 950 2035 990 cau-

454 1037 575 1079 sam
609 1025 1007 1078 humanitatem
1045 1024 1278 1093 accepit,
1315 1033 1375 1078 ut
1415 1040 1537 1093 qua:
1569 1025 1669 1096 ipsi
1713 1027 1934 1090 dantur,
1970 1028 2039 1082 ad

455 1133 558 1172 nos
618 1113 790 1171 ﬂuant
845 1131 910 1171 ac
966 1125 1368 1185 pertranseant.
1436 1115 1612 1172 Homo
1672 1119 1816 1173 enim
1868 1134 2039 1188 purus

455 1207 890 1276 haudquaquam
945 1207 1150 1262 talibus
1181 1206 1484 1277 privilegiis
1529 1218 1760 1264 ornatus
1796 1209 1991 1266 fuisset
2023 1227 2037 1265 :

455 1310 522 1351 ac
580 1311 774 1351 rursus
822 1293 1060 1351 Verbum
1117 1299 1294 1351 solum
1354 1313 1703 1368 nequaquam
1767 1301 1851 1356 his
1900 1315 2040 1371 opus

457 1389 770 1444 habuisset.
799 1383 1038 1444 Proinde
1067 1391 1228 1445 nobis
1261 1389 1353 1445 Dei
1385 1389 1554 1448 Filius
1580 1393 1911 1462 conjunctus
1933 1405 2038 1460 est,

456 1494 523 1538 ac
557 1489 670 1536 tum
697 1481 856 1536 nobis
883 1491 1209 1552 potestatem
1240 1484 1452 1550 tribuit,
1481 1501 1691 1555 nosque
1723 1487 1776 1542 in
1808 1488 2042 1546 sublime

455 1573 669 1628 extulit.
704 1571 946 1628 Verbum
981 1575 1128 1629 enim
1171 1575 1226 1629 in
1270 1576 1492 1630 homine
1523 1577 1818 1643 exsistens,
1859 1579 2040 1634 homi-

457 1677 580 1720 nem
623 1664 892 1722 altissime
919 1665 1197 1730 subvexit,
1231 1677 1396 1737 atque
1424 1668 1496 1722 ita
1523 1666 1702 1725 Verbo
1735 1671 1787 1724 in
1821 1672 2042 1728 homine

456 1757 758 1813 exsistente
777 1767 1104 1827 potestatem
1131 1760 1295 1816 homo
1322 1761 1557 1830 accepit.
1579 1760 2036 1833 Quandoquidem

459 1849 645 1918 igitur,
689 1848 866 1905 Verbo
917 1865 1040 1905 cum
1103 1865 1267 1906 carne
1315 1852 1634 1920 conjuncta,
1695 1855 1747 1908 in
1805 1855 2040 1912 sublime

461 1943 624 1994 homo
655 1950 949 2009 provectus
980 1951 1082 2005 est,
1118 1956 1181 1997 ac
1215 1952 1540 2014 potestatem
1575 1945 1805 2015 accepit,
1843 1949 2039 2002 merito

459 2033 574 2087 haec
615 2032 815 2098 Verbo,
864 2049 959 2104 per
989 2033 1134 2104 quod
1171 2035 1296 2089 data
1337 2045 1489 2101 sunt,
1526 2046 1745 2107 accepta
1786 2039 2038 2094 referun-

457 2133 566 2178 tur.
599 2123 669 2176 At
695 2139 826 2180 vero
859 2122 1005 2178 illam
1039 2140 1164 2180 cum
1197 2126 1417 2180 homine
1452 2127 1736 2194 unionem,
1776 2143 1900 2184 cum
1931 2145 2037 2200 qua

459 2216 752 2272 invisibilis
802 2225 1000 2272 natura
1049 2233 1145 2288 per
1196 2227 1406 2288 partem
1453 2221 1723 2276 visibilem
1776 2224 2037 2294 cognosci

457 2318 690 2377 poterat,
743 2311 1052 2365 missionem
1104 2313 1430 2368 nominavit.
1479 2312 1667 2384 Neque
1712 2317 1856 2370 enim
1892 2315 2038 2372 Deus

461 2401 704 2456 humano
751 2418 904 2457 more
963 2403 1116 2460 locos
1163 2405 1395 2461 subinde
1451 2418 1648 2472 mutat,
1703 2409 1903 2479 quippe
1944 2411 2038 2481 qui

458 2493 658 2548 εωίιηη
693 2504 748 2548 et
781 2503 979 2549 terram
1013 2496 1276 2566 impleat:
1311 2511 1498 2554 verum
1535 2500 1772 2555 carnalis
1805 2515 2042 2571 praesen-

459 2587 558 2651 tia,
602 2598 657 2643 et
707 2590 1006 2645 submissio
1056 2591 1170 2654 illa,
1204 2591 1295 2660 qui
1327 2605 1392 2646 es
1426 2591 1749 2662 incorporea
1782 2595 2039 2664 magniﬁa

456 2681 632 2736 centia
685 2681 752 2738 ad
797 2683 1046 2754 corporis
1091 2684 1354 2739 vilitatem
1401 2699 1524 2741 sese
1574 2685 1793 2756 dt'jl‘Cil,
1849 2689 2042 2744 missio

459 2777 738 2831 noniinata
772 2785 876 2831 est.
905 2777 1085 2846 Atque
1122 2784 1180 2832 ut
1222 2777 1388 2832 etiam
1426 2777 1530 2833 hoc
1564 2779 1780 2845 demus,
1817 2795 1942 2834 eum
1984 2788 2044 2836 ut

458 2861 626 2921 Deum
681 2867 910 2924 missum
959 2883 1102 2936 esse,
1148 2879 1475 2924 nontamen
1519 2869 1648 2926 hinc
1697 2885 1823 2925 eum
1873 2869 2036 2927 Patre

457 2955 774 3015 inferiorem
833 2975 956 3016 esse
1012 2960 1306 3032 colligitur.
1363 2961 1499 3017 Nam
1557 2974 1832 3034 quatenus
1894 2963 2039 3019 Patri

460 3043 658 3104 Filium
723 3051 1001 3106 incaruaii
1045 3053 1270 3122 placuit,
1325 3054 1590 3110 hactenus
1637 3070 1764 3110 cum
1819 3056 2041 3113 misisse

2143 565 2362 632 quidem
2397 574 2680 634 supputat,
2711 565 2860 635 quod
2901 563 3157 622 Christus
3191 579 3387 635 passus
3422 565 3512 625 sit,
3545 567 3724 634 ipsum

2145 657 2398 714 videlicet
2441 657 2778 714 imminuens
2808 677 2822 713 :
2857 658 3005 729 quod
3042 668 3224 716 autem
3257 660 3403 715 ultro
3434 665 3489 712 ct
3533 670 3731 728 sponte

2143 765 2343 821 passus
2406 749 2476 806 sit
2531 752 2619 816 (ex
2686 765 2799 821 quo
2853 751 3026 820 ipsius
3094 759 3338 820 potestas
3392 749 3728 808 declaratur)

2143 857 2493 914 nequaquam
2543 842 2788 913 adjiciat.
2853 834 3179 912 Huiusmodi
3234 852 3417 899 autem
3476 845 3724 914 quaedam

2145 949 2294 990 nunc
2327 947 2549 1004 quoque
2572 933 2780 1003 patitur
2812 933 2984 988 Filias
3015 945 3070 988 et
3100 931 3341 988 Verbum
3377 932 3496 989 Dei.
3526 932 3663 988 Nam
3695 949 3726 989 a

2142 1023 2471 1080 Sabellianis
2500 1032 2560 1078 ut
2592 1023 2734 1078 Deus
2775 1023 3098 1086 honoratur,
3134 1033 3300 1092 atque
3346 1022 3726 1078 confunditur.

2142 1115 2224 1170 illi
2249 1115 2398 1170 enim
2433 1129 2596 1170 unam
2627 1114 2682 1169 in
2718 1114 3007 1169 divinitate
3048 1114 3400 1170 trinominem
3435 1129 3725 1184 personam

2140 1225 2265 1265 esse
2302 1207 2579 1270 dicebant.
2625 1206 2880 1262 eumdem
2925 1221 3048 1263 esse
3091 1207 3307 1262 Patrem
3343 1214 3400 1261 et
3434 1203 3629 1260 Fil'um
3665 1221 3728 1261 ac

2142 1299 2407 1372 Spiritum
2439 1308 2691 1356 sanctum
2718 1309 3051 1354 asserentes.
3081 1298 3160 1352 Ab
3181 1298 3401 1353 Arianis
3435 1308 3639 1360 autem,
3667 1305 3726 1351 ut

2142 1406 2296 1456 caro,
2345 1390 2688 1461 contemptui
2748 1389 2980 1445 habetur
3040 1404 3106 1444 ac
3157 1398 3466 1459 separatur.
3530 1388 3718 1441 Filium

2141 1485 2288 1540 enim
2323 1485 2378 1539 in
2421 1493 2800 1540 creaturarum
2830 1483 3078 1538 ordinem
3110 1483 3440 1551 redigentes.
3477 1498 3505 1534 a
3547 1480 3720 1534 Putris

2143 1575 2433 1631 divinitate
2477 1575 2854 1631 semovebant.
2893 1573 3166 1641 Quoniam
3210 1574 3375 1644 igitur
3410 1575 3629 1643 utrique
3668 1571 3726 1626 in

2143 1668 2258 1738 pari
2301 1669 2580 1738 impietate
2623 1677 2937 1732 versantur,
2997 1668 3135 1724 utris
3169 1666 3389 1734 gravius
3435 1667 3726 1730 irascetur,

2144 1762 2189 1816 si
2228 1761 2614 1830 justojudicio
2659 1776 2782 1817 cum
2832 1760 2938 1816 illis
3000 1774 3162 1829 agere
3217 1759 3368 1821 velit,
3411 1757 3496 1812 vel
3547 1757 3727 1827 petius

2144 1851 2282 1906 utris
2335 1851 2456 1919 plus
2521 1850 2877 1917 condonabit,
2933 1851 2980 1905 si
3047 1850 3272 1904 lenitate
3328 1858 3382 1904 et
3440 1847 3729 1902 clementia

2143 1942 2370 1996 utatur?
2402 1937 2598 1998 Utrum
2628 1943 2982 2007 Sabellianis,
3016 1943 3109 2012 qui
3138 1943 3346 1998 nefarie
3373 1942 3726 2005 contrahunt,

2142 2052 2206 2092 ac
2235 2034 2452 2089 Patrem
2500 2045 2554 2090 et
2584 2031 2781 2088 Filium
2812 2043 2866 2088 et
2909 2033 3174 2104 Spiritum
3213 2044 3489 2097 sanctum,
3538 2047 3730 2101 perso-

2145 2144 2271 2183 nam
2319 2143 2484 2183 unam
2522 2126 2876 2181 trinominem
2912 2140 3038 2181 esse
3079 2123 3458 2180 contendunt?
3494 2139 3560 2176 an
3601 2136 3733 2176 vero

2143 2222 2386 2286 Arianis,
2434 2221 2526 2291 qui
2576 2221 2743 2290 impie
2788 2217 3071 2282 scindunt,
3110 2231 3174 2272 ac
3229 2215 3425 2270 Filium
3469 2229 3498 2266 a
3548 2214 3730 2270 Putris

2142 2313 2450 2370 substantia
2500 2311 2828 2381 seiungunt?
2877 2309 3010 2364 Nam
3049 2318 3104 2366 et
3139 2309 3427 2378 oportebat
3457 2306 3727 2361 Sabellia-

2143 2423 2246 2463 nos
2278 2421 2509 2461 numero
2547 2405 2810 2467 dividere,
2845 2402 2952 2456 hoc
2998 2411 3103 2462 est,
3131 2410 3240 2455 tres
3262 2413 3527 2468 personas
3559 2395 3726 2450 conli-

2143 2501 2242 2557 teri
2274 2516 2338 2556 ac
2366 2512 2677 2562 numerare,
2704 2503 2760 2550 et
2798 2494 3035 2549 Arianos
3059 2491 3284 2548 decebat
3319 2499 3430 2544 tres
3464 2502 3727 2559 personas

2143 2604 2343 2650 natura
2392 2602 2447 2648 et
2498 2591 2785 2646 divinitate
2837 2586 3199 2657 conjungere,
3254 2598 3420 2638 unam
3477 2581 3726 2637 videlicet

2145 2689 2314 2742 trium
2358 2698 2725 2757 personarum
2783 2691 3033 2736 naturam
3089 2687 3143 2733 ct
3177 2677 3514 2734 divinitatem
3553 2673 3723 2729 conli-

2143 2787 2346 2835 tentes.
2390 2775 2673 2846 lmpingis,
2716 2788 2750 2828 o
2801 2770 3078 2838 haeretice,
3110 2779 3273 2840 atque
3312 2768 3380 2824 ad
3429 2763 3727 2822 Salvatoris

2145 2887 2366 2928 carnem
2421 2869 2689 2925 oﬂendis?
2720 2867 2866 2922 Idem
2910 2879 3134 2936 quoque
3169 2874 3222 2918 et
3253 2861 3460 2918 Judaais
3504 2859 3727 2915 accidit.

2143 2961 2347 3018 Christi
2381 2960 2654 3016 divinitati
2685 2959 2844 3013 tidem
2877 2955 3152 3026 abrogas‘l
3175 2953 3229 3009 ld
3264 2967 3396 3009 vero
3427 2966 3495 3011 ne.
3519 2951 3728 3004 daemo-

2145 3071 2242 3110 nes
2273 3054 2494 3125 quidem
2533 3051 2804 3108 i'ecerunt.
2838 3048 2914 3104 Ita
2945 3057 3001 3104 et
3030 3048 3309 3102 daemones
3339 3042 3728 3100 incredulitate

457 3143 659 3198 dicitur
694 3161 710 3211 ;
739 3153 903 3214 atque
933 3144 1094 3199 etiam
1132 3148 1323 3201 eodem
1378 3144 1544 3199 modo
1574 3161 1686 3216 quo
1723 3148 1893 3200 solem
1947 3163 2038 3200 ra-
2068 3172 2113 3232 ρ
2146 3162 2400 3219 superas,
2449 3155 2504 3200 et
2534 3140 2755 3200 Iudaeos
2789 3141 2994 3212 ingenii
3038 3136 3478 3232 tarilitate.‘Natn
3525 3136 3731 3232 daemo-

457 3234 606 3287 dium
636 3249 798 3288 suum
835 3235 1054 3291 misisse
1083 3236 1341 3291 dicimus.
1382 3235 1641 3292 Christus
1683 3238 1829 3292 enim
1857 3239 2041 3293 omnia

455 3341 557 3381 sua
595 3327 744 3383 Patri
781 3321 1026 3392 ascribit,
1061 3327 1259 3397 partim
1296 3336 1356 3382 ut
1387 3327 1564 3396 ipsum
1599 3337 1862 3398 tanquam
1893 3329 2043 3399 priu-

457 3414 666 3482 cipiunt
702 3423 756 3468 ct
786 3429 1013 3470 causam
1059 3429 1215 3468 suam
1247 3415 1511 3484 temporis
1551 3417 1735 3472 omnis
1761 3427 2040 3488 expertem

458 3503 692 3562 honoret
749 3508 954 3576 (neque
1002 3507 1147 3562 enim
1205 3507 1330 3563 Filii
1387 3511 1728 3580 generationi
1778 3514 2042 3584 temporis

457 3597 756 3667 quidquam
795 3598 1100 3655 intercessit
1142 3617 1156 3654 :
1191 3602 1285 3657 sed
1323 3602 1489 3658 simul
1545 3603 1726 3666 Pater,
1780 3605 1944 3660 simul
1990 3616 2042 3662 et

457 3689 682 3762 Filius),
721 3693 919 3762 partim
953 3695 1116 3748 etiam
1160 3710 1230 3750 ne
1275 3693 1424 3750 Patri
1461 3697 1740 3752 adversari
1772 3699 2036 3754 videatur.

458 3783 540 3839 0b
570 3799 690 3839 eam
749 3800 974 3841 causam
1021 3801 1081 3842 se
1125 3786 1194 3841 ab
1246 3802 1313 3842 eo
1365 3789 1593 3844 missum
1647 3803 1770 3844 esse
1816 3789 2038 3846 dicitur.

457 3875 932 3943 Quemadmodum
969 3887 1025 3933 et
1075 3895 1105 3934 a
1140 3879 1302 3935 Patre
1356 3882 1595 3936 traditus
1636 3897 1759 3938 esse
1792 3883 1994 3938 dicitur
2024 3903 2036 3938 :

459 3969 715 4024 Traditus
753 3971 898 4025 enim
933 3980 1039 4035 cst,
1092 3973 1292 4043 inquit,
1329 3973 1422 4029 ille
1461 3985 1676 4045 propter
1702 3987 1916 4044 peccata
1947 3994 2042 4030 no-

455 4073 569 4114 stra
594 4062 662 4117 ⁸³.
730 4065 895 4133 Atqui
959 4065 1079 4134 ipse
1147 4081 1369 4135 quoque
1445 4069 1687 4136 seipsum
1753 4070 2042 4124 tradidisse

455 4155 739 4209 scribitur.
774 4156 866 4210 Ait
899 4157 1048 4210 enim
1096 4159 1433 4223 Apostolus:
1475 4158 1698 4223 Christi,
1726 4161 1818 4230 qui
1851 4161 2040 4214 dilexit

456 4263 560 4311 nte,
614 4257 664 4301 at
713 4247 944 4301 tradidit
997 4251 1341 4319 semetipsum
1400 4266 1496 4319 pro
1551 4268 1630 4305 me
1651 4253 1720 4305 ".
1769 4252 1971 4306 Adhaec
2009 4269 2039 4306 a

460 4338 624 4394 Patre
655 4339 722 4394 ad
758 4339 926 4393 vitam
953 4348 1247 4395 revocatus
1282 4355 1346 4394 ac
1382 4351 1672 4410 susceptus
1704 4341 1873 4398 fuisse
1901 4343 2042 4400 dici-

459 4439 570 4494 tur,
611 4436 672 4482 ut
706 4444 830 4482 cum
867 4428 945 4482 ait
986 4428 1192 4484 Paulus
1221 4448 1235 4484 :
1265 4430 1408 4485 Deus
1442 4443 1620 4487 autem
1655 4443 1705 4488 et
1756 4433 2041 4488 Dominum

2149 3255 2289 3304 nes,
2347 3254 2472 3294 cum
2533 3251 2564 3291 a
2621 3235 2845 3290 Christo
2887 3232 3260 3304 pellerentur.
3318 3227 3490 3285 Deum
3549 3229 3731 3297 ipsum

2147 3330 2569 3386 conﬁtebantur.
2616 3324 2804 3382 Fidem
2851 3326 2997 3381 enim
3031 3323 3140 3380 illis
3185 3321 3488 3378 divinitatis
3523 3317 3729 3375 Christi

2147 3422 2422 3478 faciebant
2445 3436 2507 3476 ea
2528 3435 2652 3490 qua:
2677 3417 3045 3489 patiebantur,
3078 3413 3432 3470 invisibiliter
3455 3413 3684 3468 cruciati
3713 3429 3728 3467 :

2145 3531 2208 3570 ac
2240 3513 2468 3585 proinde
2497 3512 2755 3568 dicebant
2788 3528 2803 3566 :
2839 3509 2982 3577 Quid
3019 3510 3170 3564 nobis
3195 3518 3245 3563 et
3273 3508 3396 3571 tibi,
3429 3506 3585 3572 Jesu,
3619 3504 3731 3559 Fili

2147 3605 2246 3660 Dei
2269 3606 2354 3660 “‘l
2377 3602 2549 3661 Judaei
2582 3612 2794 3669 autem,
2826 3619 2950 3658 cum
2988 3603 3168 3674 ipsum
3202 3601 3473 3656 dicentem
3519 3598 3732 3654 audiis-

2145 3710 2311 3753 sent:
2355 3698 2512 3753 Pater
2546 3713 2690 3752 nteus
2747 3711 2911 3767 usque
2967 3697 3126 3750 modo
3173 3705 3446 3766 operatur,
3516 3704 3567 3748 et
3638 3709 3732 3761 ego

2146 3791 2424 3859 operor",
2469 3789 2523 3843 in
2571 3789 2720 3843 hunc
2764 3802 2988 3842 sensum
3035 3787 3150 3842 haec
3181 3787 3347 3842 verba
3378 3794 3728 3855 acceperunt,

2149 3893 2208 3936 ut
2241 3881 2764 3952 quoniatnPatrem
2805 3895 2968 3936 suum
3022 3880 3188 3935 Deum
3225 3894 3348 3935 esse
3400 3877 3726 3943 allirmabat,

2149 3988 2337 4044 parem
2369 3987 2591 4042 quoque
2639 3970 2752 4028 Deo
2787 3971 3027 4042 seipsum
3068 3971 3295 4035 faceret,
3343 3985 3406 4026 ac
3439 3978 3725 4040 propterea

2149 4066 2327 4133 ipsum
2380 4065 2869 4134 persequebantur.
2927 4063 2996 4118 At
3039 4075 3094 4118 tu
3142 4077 3264 4124 nec,
3318 4073 3377 4116 ut
3404 4059 3598 4128 Judaei,
3632 4060 3726 4114 Dei

2145 4167 2200 4211 et
2229 4155 2349 4210 Filii
2373 4171 2495 4210 cum
2526 4155 2688 4210 Patre
2723 4154 3090 4226 aequalitatem
3118 4153 3423 4222 intelligere
3453 4152 3572 4208 vis:
3603 4166 3732 4216 nec,

2149 4257 2210 4302 ut
2232 4250 2532 4315 dzemones,
2575 4249 2920 4304 divinitatem
2951 4248 3226 4304 conﬁteri.
3255 4247 3525 4314 Quocirca
3556 4245 3733 4301 satius

2151 4340 2248 4394 tibi
2287 4341 2467 4396 fuerat
2495 4339 2810 4396 Iudaeorum
2863 4341 2972 4396 ritu
3024 4340 3416 4398 circumcisum
3473 4353 3617 4404 esse,
3669 4353 3735 4394 ac

2149 4429 2413 4499 proinde,
2475 4439 2536 4486 u-t
2581 4431 2699 4496 illi,
2755 4431 3125 4501 aequalitatem
3185 4431 3524 4501 intelligere,
3567 4441 3735 4500 atque

455 4538 488 4574 a
521 4520 748 4574 mortuis
779 4519 1054 4586 excitavit,
1087 4530 1138 4575 et
1177 4536 1270 4574 nos
1303 4523 1554 4576 excitabit
1579 4524 1645 4580 °°.
1684 4522 1750 4578 Et
1778 4525 1994 4581 Marcus
2023 4545 2035 4579 :
2073 4512 2117 4566 ι)
2145 4522 2454 4578 daemonum
2484 4523 2828 4594 intemperiis
2865 4524 3083 4593 agitari,
3115 4523 3568 4594 divinitatemque
3595 4538 3732 4577 cou-

454 4615 742 4682 Dominus,
787 4613 993 4684 inquit,
1042 4625 1328 4686 postquam
1380 4616 1512 4686 ipsis
1574 4617 1784 4671 locutus
1839 4628 1938 4680 est,
1985 4621 2039 4673 in

453 4705 644 4758 (celum
683 4715 923 4774 receptus
975 4715 1048 4758 est
1078 4704 1144 4758 “.
1177 4706 1342 4776 Atqui
1394 4721 1588 4762 rursus
1623 4707 1890 4776 scriptum
1930 4715 2036 4774 est,

453 4797 599 4865 quod
635 4797 752 4866 ipse
780 4811 840 4852 se
874 4797 1220 4862 excitaverit,
1249 4810 1415 4866 atque
1446 4799 1500 4853 in
1537 4799 1739 4854 ctelum
1779 4801 2042 4856 ascende-

453 4889 566 4944 rit:
599 4887 800 4944 Solvite
838 4890 1010 4953 euim,
1053 4891 1254 4960 inquit,
1283 4893 1380 4946 hor
1418 4893 1691 4963 templum,
1712 4903 1762 4948 et
1795 4894 2041 4949 intribus

455 4982 637 5036 diebus
682 4982 928 5037 excitabo
957 4982 1096 5038 illud
1121 4983 1188 5037 “.
1235 4983 1300 5039 Et
1333 4984 1509 5040 Lucas
1535 5003 1549 5040 :
1581 4985 2042 5050 Quemadmodum

455 5070 666 5124 vidistis
711 5087 831 5125 eum
876 5073 1248 5129 ascendentem
1289 5075 1347 5129 in
1399 5076 1587 5130 coelum
1612 5077 1680 5129 ”.
1739 5075 1913 5131 Porro
1951 5091 2040 5137 ea.

457 5177 582 5231 qua:
626 5162 695 5217 de
750 5163 872 5233 ipso
920 5165 1189 5222 humilius
1232 5175 1398 5237 atque
1447 5168 1716 5239 abiectius
1761 5170 2040 5236 dicuntur,

457 5249 638 5310 Patris
667 5257 1071 5325 beneplaeitum
1107 5261 1353 5315 indicant
1385 5279 1399 5316 :
1428 5278 1552 5333 qua:
1579 5271 1762 5316 autem
1791 5263 2044 5318 sublimi-

458 5357 543 5404 ter
573 5357 627 5404 et
658 5350 972 5418 magniﬁce,
1021 5351 1328 5409 Salvatoris
1360 5363 1684 5425 potestatem
1719 5356 2038 5410 ostendunt.

458 5444 528 5498 At
561 5442 851 5498 hmreticus
884 5459 948 5498 ca
983 5453 1071 5500 est
1103 5446 1271 5500 animi
1303 5447 1684 5516 perversitate,
1718 5456 1779 5501 ut
1813 5447 2040 5502 humilia

459 5536 682 5606 quidem
739 5535 906 5590 verba
953 5549 1240 5594 enumeret
1292 5554 1358 5594 ac
1410 5549 1733 5608 recenseat,
1785 5540 2043 5596 sublimia

535 5713 578 5750 "’
605 5713 845 5792 Philipp.
884 5731 956 5792 tt,
982 5716 1039 5792 Si.
1067 5719 1114 5750 ⁸⁸
1141 5719 1305 5773 Rom.
1341 5719 1537 5792 M525.
1574 5789 1580 5792 _
1616 5721 1660 5792 ξ’
1685 5717 1860 5773 Calat.
1897 5736 1953 5792 Il,
1984 5720 2039 5774 ἢ(

2145 5725 2159 5756 θ
2195 5725 2210 5781 l
2240 5724 2366 5781 Cor.
2402 5739 2475 5792 v1,
2521 5721 2604 5777 Η.
2683 5723 2724 5754 θ’
2751 5719 2916 5776 Marc.
2952 5738 3061 5790 xvi,
3099 5721 3182 5781 l9.

462 5779 504 5821 ⁸⁸
528 5793 647 5843 Art.
686 5805 722 5856 ι,
758 5779 845 5843 ii.
923 5790 968 5820 “
994 5789 1183 5845 Matth.
1218 5805 1334 5856 vni,
1367 5779 1455 5846 29.
1536 5789 1580 5823 ⁸⁵
1608 5788 1766 5846 Joan.
1807 5806 1858 5860 v,
1903 5789 1983 5844 l7.

2151 4615 2316 4679 literi,
2357 4631 2521 4686 quam
2569 4616 2622 4670 in
2668 4615 2934 4685 prteputio
2984 4623 3040 4670 et
3076 4614 3336 4671 incolumi
3391 4614 3727 4678 valetudine,

2145 4708 2310 4764 nullis
2340 4706 2650 4762 daemonum
2679 4706 2978 4769 insultibus
3011 4705 3338 4775 interrupta,
3371 4713 3486 4760 tum
3511 4703 3730 4760 Judaeos

2146 4803 2402 4856 tarditate
2428 4808 2483 4855 et
2521 4799 2736 4855 inscitia
2768 4813 3053 4869 superare.
3093 4806 3208 4852 tum
3241 4797 3408 4852 etiam
3437 4811 3502 4852 eo
3534 4796 3732 4850 morbo

2145 4893 2416 4956 direxari,
2464 4901 2526 4948 ut
2572 4892 2912 4947 divinitatem
2973 4905 3160 4960 neges,
3213 4904 3245 4944 a
3291 4905 3404 4960 quo
3451 4889 3731 4945 daemones

2145 5001 2364 5057 quoque
2395 4987 2494 5056 ipsi
2526 4986 2677 5042 liberi
2707 4984 2947 5040 luerunt.

2223 5079 2345 5135 Col.
2386 5079 2492 5136 350
2523 5079 2582 5134 Β.
2645 5082 2719 5134 Ac
2746 5079 2958 5150 quidem
2997 5077 3160 5148 paulo
3197 5088 3338 5148 post,
3381 5085 3488 5132 etc.
3543 5074 3726 5139 Brevi,

2149 5172 2347 5241 inquit,
2381 5171 2621 5227 futurum
2676 5181 2780 5237 est,
2813 5181 2876 5226 ut
2919 5172 3202 5226 Christum
3246 5185 3364 5224 mea
3397 5183 3562 5224 causa
3594 5183 3729 5238 pur-

2145 5265 2262 5334 gari
2305 5264 2508 5328 videas,
2562 5278 2626 5319 ca
2679 5265 3024 5335 purgatione,
3073 5277 3240 5332 quam
3293 5260 3424 5315 mihi
3476 5261 3728 5316 adhiberi

2148 5357 2535 5422 cwnveniebat,
2593 5366 2782 5427 utpote
2817 5356 3057 5426 peccatis
3089 5354 3316 5410 ftedato.
3363 5353 3500 5408 Nam
3548 5353 3726 5408 nostri

2148 5450 2268 5504 vice
2314 5449 2627 5518 baptizatus
2659 5459 2762 5505 est.
2806 5447 3018 5503 Etenim
3050 5447 3299 5518 quaedam
3327 5447 3530 5501 Christi
3566 5460 3731 5500 voces

2146 5552 2198 5597 et
2221 5541 2490 5608 actiones,
2513 5557 2621 5596 non
2653 5541 2782 5612 ipsi,
2807 5541 2901 5596 sed
2928 5539 3088 5595 nobis
3109 5549 3444 5609 congruunt.
3468 5539 3731 5594 Actiones

3282 5722 3327 5755 “
3349 5717 3507 5777 Joau.
3541 5736 3578 5774 tt
3641 5714 3728 5777 19,

2773 5915 2898 5923 ...ομ-ι
