  <div class='ocr_page' id='page_1' title='image "/cluster/home/n/w/nwhite01/storage/ocr_20150623/127/coo.31924054870328/610.png"; bbox 0 0 4100 6434; ppageno 0'>
   <div class='ocr_carea' id='block_1_1' title="bbox 409 368 1986 434">
    <p class='ocr_par' dir='ltr' id='par_1_1' title="bbox 409 368 1986 434">
     <span class='ocr_line' id='line_1_1' title="bbox 409 368 1986 434; baseline -0.001 -1"><span class='ocrx_word' id='word_1_1' title='bbox 409 368 550 434; x_wconf 68' lang='grc' dir='ltr'><strong>ῙΞΟΞ</strong></span> <span class='ocrx_word' id='word_1_2' title='bbox 1301 369 1621 432; x_wconf 78' lang='lat' dir='ltr'><strong>NICETAS</strong></span> <span class='ocrx_word' id='word_1_3' title='bbox 1663 371 1745 432; x_wconf 85' lang='lat' dir='ltr'><strong>IN</strong></span> <span class='ocrx_word' id='word_1_4' title='bbox 1783 372 1986 432; x_wconf 75' lang='lat' dir='ltr'><strong>OllAT</strong></span> 
     </span>
    </p>
   </div>
   <div class='ocr_carea' id='block_1_2' title="bbox 2051 373 2740 436">
    <p class='ocr_par' dir='ltr' id='par_1_2' title="bbox 2051 373 2740 436">
     <span class='ocr_line' id='line_1_2' title="bbox 2051 373 2740 436; baseline 0.003 -4"><span class='ocrx_word' id='word_1_5' title='bbox 2051 373 2290 435; x_wconf 79' lang='lat' dir='ltr'><strong>XXXVI</strong></span> <span class='ocrx_word' id='word_1_6' title='bbox 2302 375 2360 434; x_wconf 84' lang='lat' dir='ltr'>II</span> <span class='ocrx_word' id='word_1_7' title='bbox 2403 376 2464 435; x_wconf 92' lang='lat' dir='ltr'><strong>S.</strong></span> <span class='ocrx_word' id='word_1_8' title='bbox 2505 375 2740 436; x_wconf 82' lang='lat' dir='ltr'><strong>GREG.</strong></span> 
     </span>
    </p>
   </div>
   <div class='ocr_carea' id='block_1_3' title="bbox 3541 373 3675 437">
    <p class='ocr_par' dir='ltr' id='par_1_3' title="bbox 3541 373 3675 437">
     <span class='ocr_line' id='line_1_3' title="bbox 3541 373 3675 437; baseline -0.015 0"><span class='ocrx_word' id='word_1_9' title='bbox 3541 373 3675 437; x_wconf 75' lang='lat'><strong>1206</strong></span> 
     </span>
    </p>
   </div>
   <div class='ocr_carea' id='block_1_4' title="bbox 405 478 3673 555">
    <p class='ocr_par' dir='ltr' id='par_1_4' title="bbox 405 478 3673 555">
     <span class='ocr_line' id='line_1_4' title="bbox 405 478 3673 555; baseline 0 -17"><span class='ocrx_word' id='word_1_10' title='bbox 405 487 653 555; x_wconf 83' lang='lat' dir='ltr'><strong>quidem,</strong></span> <span class='ocrx_word' id='word_1_11' title='bbox 717 491 776 536; x_wconf 91' lang='lat' dir='ltr'><strong>ut</strong></span> <span class='ocrx_word' id='word_1_12' title='bbox 829 482 1137 552; x_wconf 84' lang='lat' dir='ltr'><strong>baptismus</strong></span> <span class='ocrx_word' id='word_1_13' title='bbox 1189 481 1343 551; x_wconf 86' lang='lat' dir='ltr'><strong>ipse;</strong></span> <span class='ocrx_word' id='word_1_14' title='bbox 1403 497 1566 538; x_wconf 87' lang='lat' dir='ltr'><strong>voces</strong></span> <span class='ocrx_word' id='word_1_15' title='bbox 1619 494 1826 549; x_wconf 76' lang='lat' dir='ltr'><strong>autem,</strong></span> <span class='ocrx_word' id='word_1_16' title='bbox 1883 494 1940 537; x_wconf 93' lang='lat' dir='ltr'><strong>ut</strong></span> <span class='ocrx_word' id='word_1_17' title='bbox 1976 502 1988 537; x_wconf 88' lang='lat'><strong>:</strong></span> <span class='ocrx_word' id='word_1_18' title='bbox 2027 493 2067 548; x_wconf 66' lang='grc' dir='ltr'><strong>Α</strong></span> <span class='ocrx_word' id='word_1_19' title='bbox 2100 498 2244 550; x_wconf 83' lang='lat' dir='ltr'><strong>runt,</strong></span> <span class='ocrx_word' id='word_1_20' title='bbox 2301 497 2350 540; x_wconf 83' lang='lat' dir='ltr'><strong>et</strong></span> <span class='ocrx_word' id='word_1_21' title='bbox 2403 478 2781 542; x_wconf 65' lang='lat' dir='ltr'><strong>ministrabant</strong></span> <span class='ocrx_word' id='word_1_22' title='bbox 2827 489 2874 541; x_wconf 87' lang='lat' dir='ltr'><strong>ei</strong></span> <span class='ocrx_word' id='word_1_23' title='bbox 2899 487 2966 540; x_wconf 79' lang='lat'><strong>&quot;°.</strong></span> <span class='ocrx_word' id='word_1_24' title='bbox 3025 484 3272 542; x_wconf 76' lang='lat' dir='ltr'><strong>Morinos</strong></span> <span class='ocrx_word' id='word_1_25' title='bbox 3331 485 3554 554; x_wconf 78' lang='lat' dir='ltr'><strong>insuper</strong></span> <span class='ocrx_word' id='word_1_26' title='bbox 3607 490 3673 539; x_wconf 87' lang='lat' dir='ltr'><strong>ad</strong></span> 
     </span>
    </p>
   </div>
   <div class='ocr_carea' id='block_1_5' title="bbox 410 574 1992 645">
    <p class='ocr_par' dir='ltr' id='par_1_5' title="bbox 410 574 1992 645">
     <span class='ocr_line' id='line_1_5' title="bbox 410 574 1992 645; baseline -0.002 -15"><span class='ocrx_word' id='word_1_27' title='bbox 410 577 550 630; x_wconf 75' lang='lat' dir='ltr'><strong>Deus</strong></span> <span class='ocrx_word' id='word_1_28' title='bbox 596 592 764 638; x_wconf 80' lang='lat' dir='ltr'><strong>meus,</strong></span> <span class='ocrx_word' id='word_1_29' title='bbox 815 574 956 628; x_wconf 83' lang='lat' dir='ltr'><strong>Deus</strong></span> <span class='ocrx_word' id='word_1_30' title='bbox 998 591 1166 636; x_wconf 83' lang='lat' dir='ltr'><strong>meus,</strong></span> <span class='ocrx_word' id='word_1_31' title='bbox 1212 590 1377 644; x_wconf 82' lang='lat' dir='ltr'><strong>quare</strong></span> <span class='ocrx_word' id='word_1_32' title='bbox 1426 590 1507 628; x_wconf 84' lang='lat' dir='ltr'><strong>nte</strong></span> <span class='ocrx_word' id='word_1_33' title='bbox 1548 574 1992 645; x_wconf 73' lang='lat' dir='ltr'><strong>dereliquisti“?</strong></span> 
     </span>
    </p>
   </div>
   <div class='ocr_carea' id='block_1_6' title="bbox 405 666 1994 740">
    <p class='ocr_par' dir='ltr' id='par_1_6' title="bbox 405 666 1994 740">
     <span class='ocr_line' id='line_1_6' title="bbox 405 666 1994 740; baseline -0.002 -15"><span class='ocrx_word' id='word_1_34' title='bbox 405 668 768 740; x_wconf 68' lang='lat' dir='ltr'><strong>Perspicuum</strong></span> <span class='ocrx_word' id='word_1_35' title='bbox 817 669 966 721; x_wconf 88' lang='lat' dir='ltr'><strong>enim</strong></span> <span class='ocrx_word' id='word_1_36' title='bbox 1019 675 1103 722; x_wconf 88' lang='lat' dir='ltr'><strong>est</strong></span> <span class='ocrx_word' id='word_1_37' title='bbox 1158 681 1284 721; x_wconf 89' lang='lat' dir='ltr'><strong>eum</strong></span> <span class='ocrx_word' id='word_1_38' title='bbox 1342 667 1446 722; x_wconf 85' lang='lat' dir='ltr'><strong>sibi</strong></span> <span class='ocrx_word' id='word_1_39' title='bbox 1493 666 1720 722; x_wconf 72' lang='lat' dir='ltr'><strong>affectus</strong></span> <span class='ocrx_word' id='word_1_40' title='bbox 1774 677 1994 722; x_wconf 90' lang='lat' dir='ltr'><strong>nostros</strong></span> 
     </span>
    </p>
   </div>
   <div class='ocr_carea' id='block_1_7' title="bbox 405 758 1996 828">
    <p class='ocr_par' dir='ltr' id='par_1_7' title="bbox 405 758 1996 828">
     <span class='ocr_line' id='line_1_7' title="bbox 405 758 1996 828; baseline 0 -16"><span class='ocrx_word' id='word_1_41' title='bbox 405 759 708 820; x_wconf 57' lang='lat' dir='ltr'><strong>asciscere,</strong></span> <span class='ocrx_word' id='word_1_42' title='bbox 744 767 966 828; x_wconf 93' lang='lat' dir='ltr'><strong>propter</strong></span> <span class='ocrx_word' id='word_1_43' title='bbox 1004 767 1282 823; x_wconf 86' lang='lat' dir='ltr'><strong>naturam,</strong></span> <span class='ocrx_word' id='word_1_44' title='bbox 1310 773 1474 828; x_wconf 83' lang='lat' dir='ltr'><strong>quam</strong></span> <span class='ocrx_word' id='word_1_45' title='bbox 1513 758 1802 827; x_wconf 87' lang='lat' dir='ltr'><strong>nobiscum</strong></span> <span class='ocrx_word' id='word_1_46' title='bbox 1839 773 1996 812; x_wconf 82' lang='lat' dir='ltr'><strong>exce-</strong></span> 
     </span>
    </p>
   </div>
   <div class='ocr_carea' id='block_1_8' title="bbox 408 847 1992 920">
    <p class='ocr_par' dir='ltr' id='par_1_8' title="bbox 408 847 1992 920">
     <span class='ocr_line' id='line_1_8' title="bbox 408 847 1992 920; baseline -0.001 -18"><span class='ocrx_word' id='word_1_47' title='bbox 408 861 504 920; x_wconf 87' lang='lat' dir='ltr'><strong>pto</strong></span> <span class='ocrx_word' id='word_1_48' title='bbox 556 859 781 919; x_wconf 84' lang='lat' dir='ltr'><strong>peccato</strong></span> <span class='ocrx_word' id='word_1_49' title='bbox 846 865 1194 906; x_wconf 79' lang='lat' dir='ltr'><strong>communem</strong></span> <span class='ocrx_word' id='word_1_50' title='bbox 1266 849 1473 906; x_wconf 81' lang='lat' dir='ltr'><strong>habuit.</strong></span> <span class='ocrx_word' id='word_1_51' title='bbox 1534 847 1756 904; x_wconf 74' lang='lat' dir='ltr'><strong>Videbis</strong></span> <span class='ocrx_word' id='word_1_52' title='bbox 1818 862 1992 918; x_wconf 83' lang='lat' dir='ltr'><strong>ergo,</strong></span> 
     </span>
    </p>
   </div>
   <div class='ocr_carea' id='block_1_9' title="bbox 408 939 1997 1010">
    <p class='ocr_par' dir='ltr' id='par_1_9' title="bbox 408 939 1997 1010">
     <span class='ocr_line' id='line_1_9' title="bbox 408 939 1997 1010; baseline -0.001 -16"><span class='ocrx_word' id='word_1_53' title='bbox 408 940 616 1010; x_wconf 89' lang='lat' dir='ltr'><strong>inquit,</strong></span> <span class='ocrx_word' id='word_1_54' title='bbox 679 941 958 995; x_wconf 87' lang='lat' dir='ltr'><strong>Christum</strong></span> <span class='ocrx_word' id='word_1_55' title='bbox 1014 940 1067 996; x_wconf 88' lang='lat' dir='ltr'><strong>in</strong></span> <span class='ocrx_word' id='word_1_56' title='bbox 1132 939 1292 995; x_wconf 89' lang='lat' dir='ltr'><strong>nobis</strong></span> <span class='ocrx_word' id='word_1_57' title='bbox 1356 939 1715 1008; x_wconf 75' lang='lat' dir='ltr'><strong>baptizatum,</strong></span> <span class='ocrx_word' id='word_1_58' title='bbox 1773 940 1878 1005; x_wconf 84' lang='lat' dir='ltr'><strong>vel,</strong></span> <span class='ocrx_word' id='word_1_59' title='bbox 1937 947 1997 993; x_wconf 91' lang='lat' dir='ltr'><strong>ut</strong></span> 
     </span>
    </p>
   </div>
   <div class='ocr_carea' id='block_1_10' title="bbox 408 1031 1992 1105">
    <p class='ocr_par' dir='ltr' id='par_1_10' title="bbox 408 1031 1992 1105">
     <span class='ocr_line' id='line_1_10' title="bbox 408 1031 1992 1105; baseline -0.001 -18"><span class='ocrx_word' id='word_1_60' title='bbox 408 1037 619 1088; x_wconf 78' lang='lat' dir='ltr'><strong>rectius</strong></span> <span class='ocrx_word' id='word_1_61' title='bbox 648 1033 863 1102; x_wconf 88' lang='lat' dir='ltr'><strong>loquar,</strong></span> <span class='ocrx_word' id='word_1_62' title='bbox 921 1048 1192 1105; x_wconf 88' lang='lat' dir='ltr'><strong>aquarum</strong></span> <span class='ocrx_word' id='word_1_63' title='bbox 1231 1041 1482 1088; x_wconf 86' lang='lat' dir='ltr'><strong>naturam</strong></span> <span class='ocrx_word' id='word_1_64' title='bbox 1532 1047 1597 1086; x_wconf 89' lang='lat' dir='ltr'><strong>ea</strong></span> <span class='ocrx_word' id='word_1_65' title='bbox 1646 1031 1992 1101; x_wconf 79' lang='lat' dir='ltr'><strong>purgatione,</strong></span> 
     </span>
    </p>
   </div>
   <div class='ocr_carea' id='block_1_11' title="bbox 409 1122 1998 1197">
    <p class='ocr_par' dir='ltr' id='par_1_11' title="bbox 409 1122 1998 1197">
     <span class='ocr_line' id='line_1_11' title="bbox 409 1122 1998 1197; baseline -0.002 -17"><span class='ocrx_word' id='word_1_66' title='bbox 409 1141 524 1197; x_wconf 86' lang='lat' dir='ltr'><strong>qua</strong></span> <span class='ocrx_word' id='word_1_67' title='bbox 557 1128 676 1196; x_wconf 88' lang='lat' dir='ltr'><strong>ipse</strong></span> <span class='ocrx_word' id='word_1_68' title='bbox 708 1126 992 1181; x_wconf 83' lang='lat' dir='ltr'><strong>hominum</strong></span> <span class='ocrx_word' id='word_1_69' title='bbox 1044 1125 1306 1197; x_wconf 89' lang='lat' dir='ltr'><strong>opinione</strong></span> <span class='ocrx_word' id='word_1_70' title='bbox 1353 1125 1716 1190; x_wconf 85' lang='lat' dir='ltr'><strong>lustrabatur,</strong></span> <span class='ocrx_word' id='word_1_71' title='bbox 1751 1122 1998 1179; x_wconf 78' lang='lat' dir='ltr'><strong>sanctifi-</strong></span> 
     </span>
    </p>
   </div>
   <div class='ocr_carea' id='block_1_12' title="bbox 409 1217 1998 1288">
    <p class='ocr_par' dir='ltr' id='par_1_12' title="bbox 409 1217 1998 1288">
     <span class='ocr_line' id='line_1_12' title="bbox 409 1217 1998 1288; baseline -0.002 -14"><span class='ocrx_word' id='word_1_72' title='bbox 409 1232 656 1286; x_wconf 85' lang='lat' dir='ltr'><strong>cantem,</strong></span> <span class='ocrx_word' id='word_1_73' title='bbox 712 1230 902 1288; x_wconf 82' lang='lat' dir='ltr'><strong>utpote</strong></span> <span class='ocrx_word' id='word_1_74' title='bbox 955 1219 1129 1288; x_wconf 78' lang='lat' dir='ltr'><strong>ipsam</strong></span> <span class='ocrx_word' id='word_1_75' title='bbox 1168 1233 1388 1288; x_wconf 89' lang='lat' dir='ltr'><strong>quoque</strong></span> <span class='ocrx_word' id='word_1_76' title='bbox 1425 1218 1708 1272; x_wconf 89' lang='lat' dir='ltr'><strong>homimnn</strong></span> <span class='ocrx_word' id='word_1_77' title='bbox 1758 1217 1998 1285; x_wconf 85' lang='lat' dir='ltr'><strong>peccatis</strong></span> 
     </span>
    </p>
   </div>
   <div class='ocr_carea' id='block_1_13' title="bbox 407 1301 1998 1375">
    <p class='ocr_par' dir='ltr' id='par_1_13' title="bbox 407 1301 1998 1375">
     <span class='ocr_line' id='line_1_13' title="bbox 407 1301 1998 1375; baseline -0.003 -12"><span class='ocrx_word' id='word_1_78' title='bbox 407 1317 860 1375; x_wconf 84' lang='lat' dir='ltr'><strong>conspurcatam.</strong></span> <span class='ocrx_word' id='word_1_79' title='bbox 903 1305 1038 1360; x_wconf 86' lang='lat' dir='ltr'><strong>Nam</strong></span> <span class='ocrx_word' id='word_1_80' title='bbox 1086 1308 1273 1375; x_wconf 80' lang='lat' dir='ltr'><strong>Agnus</strong></span> <span class='ocrx_word' id='word_1_81' title='bbox 1323 1305 1438 1370; x_wconf 91' lang='lat' dir='ltr'><strong>Dei,</strong></span> <span class='ocrx_word' id='word_1_82' title='bbox 1477 1305 1572 1374; x_wconf 85' lang='lat' dir='ltr'><strong>qui</strong></span> <span class='ocrx_word' id='word_1_83' title='bbox 1619 1315 1679 1358; x_wconf 91' lang='lat' dir='ltr'><strong>ut</strong></span> <span class='ocrx_word' id='word_1_84' title='bbox 1726 1313 1814 1358; x_wconf 88' lang='lat' dir='ltr'><strong>est</strong></span> <span class='ocrx_word' id='word_1_85' title='bbox 1857 1301 1998 1373; x_wconf 87' lang='lat' dir='ltr'><strong>apud</strong></span> 
     </span>
    </p>
   </div>
   <div class='ocr_carea' id='block_1_14' title="bbox 407 1395 1998 1467">
    <p class='ocr_par' dir='ltr' id='par_1_14' title="bbox 407 1395 1998 1467">
     <span class='ocr_line' id='line_1_14' title="bbox 407 1395 1998 1467; baseline -0.003 -13"><span class='ocrx_word' id='word_1_86' title='bbox 407 1398 776 1465; x_wconf 76' lang='lat' dir='ltr'><strong>Joattnem&quot;,</strong></span> <span class='ocrx_word' id='word_1_87' title='bbox 822 1408 1108 1467; x_wconf 76' lang='lat' dir='ltr'><strong>peceatum</strong></span> <span class='ocrx_word' id='word_1_88' title='bbox 1160 1397 1347 1452; x_wconf 85' lang='lat' dir='ltr'><strong>mundi</strong></span> <span class='ocrx_word' id='word_1_89' title='bbox 1397 1397 1560 1461; x_wconf 92' lang='lat' dir='ltr'><strong>tollit,</strong></span> <span class='ocrx_word' id='word_1_90' title='bbox 1620 1411 1728 1465; x_wconf 91' lang='lat' dir='ltr'><strong>quo</strong></span> <span class='ocrx_word' id='word_1_91' title='bbox 1777 1395 1998 1450; x_wconf 82' lang='lat' dir='ltr'><strong>tandem</strong></span> 
     </span>
    </p>
   </div>
   <div class='ocr_carea' id='block_1_15' title="bbox 413 1488 1998 1562">
    <p class='ocr_par' dir='ltr' id='par_1_15' title="bbox 413 1488 1998 1562">
     <span class='ocr_line' id='line_1_15' title="bbox 413 1488 1998 1562; baseline -0.004 -15"><span class='ocrx_word' id='word_1_92' title='bbox 413 1493 583 1548; x_wconf 89' lang='lat' dir='ltr'><strong>modo</strong></span> <span class='ocrx_word' id='word_1_93' title='bbox 628 1493 959 1562; x_wconf 87' lang='lat' dir='ltr'><strong>purgatione</strong></span> <span class='ocrx_word' id='word_1_94' title='bbox 1008 1506 1148 1560; x_wconf 86' lang='lat' dir='ltr'><strong>opus</strong></span> <span class='ocrx_word' id='word_1_95' title='bbox 1198 1491 1524 1546; x_wconf 75' lang='lat' dir='ltr'><strong>habuisset?</strong></span> <span class='ocrx_word' id='word_1_96' title='bbox 1568 1488 1793 1544; x_wconf 78' lang='lat' dir='ltr'><strong>Videbis</strong></span> <span class='ocrx_word' id='word_1_97' title='bbox 1830 1488 1998 1542; x_wconf 89' lang='lat' dir='ltr'><strong>etiam</strong></span> 
     </span>
    </p>
   </div>
   <div class='ocr_carea' id='block_1_16' title="bbox 413 1579 2000 1652">
    <p class='ocr_par' dir='ltr' id='par_1_16' title="bbox 413 1579 2000 1652">
     <span class='ocr_line' id='line_1_16' title="bbox 413 1579 2000 1652; baseline -0.004 -13"><span class='ocrx_word' id='word_1_98' title='bbox 413 1585 590 1639; x_wconf 81' lang='lat' dir='ltr'><strong>caelos</strong></span> <span class='ocrx_word' id='word_1_99' title='bbox 617 1584 794 1639; x_wconf 85' lang='lat' dir='ltr'><strong>scindi</strong></span> <span class='ocrx_word' id='word_1_100' title='bbox 848 1591 904 1638; x_wconf 88' lang='lat' dir='ltr'><strong>et</strong></span> <span class='ocrx_word' id='word_1_101' title='bbox 935 1583 1159 1652; x_wconf 87' lang='lat' dir='ltr'><strong>aperiri,</strong></span> <span class='ocrx_word' id='word_1_102' title='bbox 1201 1597 1343 1652; x_wconf 88' lang='lat' dir='ltr'><strong>quos</strong></span> <span class='ocrx_word' id='word_1_103' title='bbox 1373 1580 1640 1646; x_wconf 84' lang='lat' dir='ltr'><strong>Adamus,</strong></span> <span class='ocrx_word' id='word_1_104' title='bbox 1681 1589 1735 1634; x_wconf 92' lang='lat' dir='ltr'><strong>et</strong></span> <span class='ocrx_word' id='word_1_105' title='bbox 1783 1579 1912 1643; x_wconf 84' lang='lat' dir='ltr'><strong>sibi.</strong></span> <span class='ocrx_word' id='word_1_106' title='bbox 1947 1587 2000 1634; x_wconf 90' lang='lat' dir='ltr'><strong>et</strong></span> 
     </span>
    </p>
   </div>
   <div class='ocr_carea' id='block_1_17' title="bbox 418 1670 1998 1740">
    <p class='ocr_par' dir='ltr' id='par_1_17' title="bbox 418 1670 1998 1740">
     <span class='ocr_line' id='line_1_17' title="bbox 418 1670 1998 1740; baseline -0.003 -12"><span class='ocrx_word' id='word_1_107' title='bbox 418 1675 579 1730; x_wconf 85' lang='lat' dir='ltr'><strong>nobis</strong></span> <span class='ocrx_word' id='word_1_108' title='bbox 629 1675 929 1740; x_wconf 79' lang='lat' dir='ltr'><strong>clauserat,</strong></span> <span class='ocrx_word' id='word_1_109' title='bbox 975 1682 1029 1728; x_wconf 85' lang='lat' dir='ltr'><strong>et</strong></span> <span class='ocrx_word' id='word_1_110' title='bbox 1083 1673 1306 1728; x_wconf 87' lang='lat' dir='ltr'><strong>Christo</strong></span> <span class='ocrx_word' id='word_1_111' title='bbox 1361 1672 1734 1727; x_wconf 88' lang='lat' dir='ltr'><strong>testimonium</strong></span> <span class='ocrx_word' id='word_1_112' title='bbox 1789 1670 1906 1725; x_wconf 89' lang='lat' dir='ltr'><strong>dari</strong></span> <span class='ocrx_word' id='word_1_113' title='bbox 1968 1685 1998 1724; x_wconf 91' lang='lat' dir='ltr'><strong>a</strong></span> 
     </span>
    </p>
   </div>
   <div class='ocr_carea' id='block_1_18' title="bbox 417 1762 1996 1836">
    <p class='ocr_par' dir='ltr' id='par_1_18' title="bbox 417 1762 1996 1836">
     <span class='ocr_line' id='line_1_18' title="bbox 417 1762 1996 1836; baseline -0.004 -14"><span class='ocrx_word' id='word_1_114' title='bbox 417 1775 680 1836; x_wconf 77' lang='lat' dir='ltr'><strong>cognato.</strong></span> <span class='ocrx_word' id='word_1_115' title='bbox 731 1767 834 1821; x_wconf 92' lang='lat' dir='ltr'><strong>hoc</strong></span> <span class='ocrx_word' id='word_1_116' title='bbox 884 1777 989 1830; x_wconf 87' lang='lat' dir='ltr'><strong>est,</strong></span> <span class='ocrx_word' id='word_1_117' title='bbox 1042 1781 1347 1835; x_wconf 87' lang='lat' dir='ltr'><strong>congenere</strong></span> <span class='ocrx_word' id='word_1_118' title='bbox 1397 1764 1626 1834; x_wconf 84' lang='lat' dir='ltr'><strong>Spiritu.</strong></span> <span class='ocrx_word' id='word_1_119' title='bbox 1681 1763 1761 1817; x_wconf 78' lang='lat' dir='ltr'><strong>Ex</strong></span> <span class='ocrx_word' id='word_1_120' title='bbox 1807 1762 1996 1816; x_wconf 85' lang='lat' dir='ltr'><strong>eadem</strong></span> 
     </span>
    </p>
   </div>
   <div class='ocr_carea' id='block_1_19' title="bbox 2097 577 3679 648">
    <p class='ocr_par' dir='ltr' id='par_1_19' title="bbox 2097 577 3679 648">
     <span class='ocr_line' id='line_1_19' title="bbox 2097 577 3679 648; baseline -0.002 -16"><span class='ocrx_word' id='word_1_121' title='bbox 2097 580 2260 633; x_wconf 81' lang='lat' dir='ltr'><strong>vitam</strong></span> <span class='ocrx_word' id='word_1_122' title='bbox 2310 581 2598 648; x_wconf 81' lang='lat' dir='ltr'><strong>lucemque</strong></span> <span class='ocrx_word' id='word_1_123' title='bbox 2655 579 2953 642; x_wconf 74' lang='lat' dir='ltr'><strong>revocavit,</strong></span> <span class='ocrx_word' id='word_1_124' title='bbox 3012 589 3071 633; x_wconf 90' lang='lat' dir='ltr'><strong>ut</strong></span> <span class='ocrx_word' id='word_1_125' title='bbox 3116 577 3252 632; x_wconf 76' lang='lat' dir='ltr'><strong>Jaiti</strong></span> <span class='ocrx_word' id='word_1_126' title='bbox 3304 577 3558 643; x_wconf 81' lang='lat' dir='ltr'><strong>filiam“,</strong></span> <span class='ocrx_word' id='word_1_127' title='bbox 3622 585 3679 630; x_wconf 88' lang='lat' dir='ltr'><strong>et</strong></span> 
     </span>
    </p>
   </div>
   <div class='ocr_carea' id='block_1_20' title="bbox 2100 668 3678 743">
    <p class='ocr_par' dir='ltr' id='par_1_20' title="bbox 2100 668 3678 743">
     <span class='ocr_line' id='line_1_20' title="bbox 2100 668 3678 743; baseline 0 -19"><span class='ocrx_word' id='word_1_128' title='bbox 2100 671 2273 725; x_wconf 74' lang='lat' dir='ltr'><strong>vidua:</strong></span> <span class='ocrx_word' id='word_1_129' title='bbox 2304 671 2479 726; x_wconf 84' lang='lat' dir='ltr'><strong>filium</strong></span> <span class='ocrx_word' id='word_1_130' title='bbox 2501 673 2568 737; x_wconf 81' lang='grc'><strong>⁷³,</strong></span> <span class='ocrx_word' id='word_1_131' title='bbox 2604 687 2668 726; x_wconf 88' lang='lat' dir='ltr'><strong>ac</strong></span> <span class='ocrx_word' id='word_1_132' title='bbox 2700 683 2978 743; x_wconf 89' lang='lat' dir='ltr'><strong>postremo</strong></span> <span class='ocrx_word' id='word_1_133' title='bbox 3013 669 3367 724; x_wconf 77' lang='lat' dir='ltr'><strong>Lazarum&quot;.</strong></span> <span class='ocrx_word' id='word_1_134' title='bbox 3400 668 3678 736; x_wconf 42' lang='lat' dir='ltr'><strong>Quemad‘</strong></span> 
     </span>
    </p>
   </div>
   <div class='ocr_carea' id='block_1_21' title="bbox 2097 763 3682 836">
    <p class='ocr_par' dir='ltr' id='par_1_21' title="bbox 2097 763 3682 836">
     <span class='ocr_line' id='line_1_21' title="bbox 2097 763 3682 836; baseline 0.002 -19"><span class='ocrx_word' id='word_1_135' title='bbox 2097 763 2320 818; x_wconf 88' lang='lat' dir='ltr'><strong>modum</strong></span> <span class='ocrx_word' id='word_1_136' title='bbox 2345 763 2553 819; x_wconf 84' lang='lat' dir='ltr'><strong>utinam</strong></span> <span class='ocrx_word' id='word_1_137' title='bbox 2577 774 2628 820; x_wconf 89' lang='lat' dir='ltr'><strong>te</strong></span> <span class='ocrx_word' id='word_1_138' title='bbox 2653 780 2892 836; x_wconf 86' lang='lat' dir='ltr'><strong>quoque,</strong></span> <span class='ocrx_word' id='word_1_139' title='bbox 2930 765 3142 835; x_wconf 89' lang='lat' dir='ltr'><strong>inquit,</strong></span> <span class='ocrx_word' id='word_1_140' title='bbox 3162 765 3425 820; x_wconf 71' lang='lat' dir='ltr'><strong>doctrinae</strong></span> <span class='ocrx_word' id='word_1_141' title='bbox 3445 765 3682 834; x_wconf 74' lang='lat' dir='ltr'><strong>fideique</strong></span> 
     </span>
    </p>
   </div>
   <div class='ocr_carea' id='block_1_22' title="bbox 2097 857 3678 928">
    <p class='ocr_par' dir='ltr' id='par_1_22' title="bbox 2097 857 3678 928">
     <span class='ocr_line' id='line_1_22' title="bbox 2097 857 3678 928; baseline -0.001 -16"><span class='ocrx_word' id='word_1_142' title='bbox 2097 857 2457 926; x_wconf 69' lang='lat' dir='ltr'><strong>perversitate</strong></span> <span class='ocrx_word' id='word_1_143' title='bbox 2494 867 2768 914; x_wconf 89' lang='lat' dir='ltr'><strong>mortuum</strong></span> <span class='ocrx_word' id='word_1_144' title='bbox 2818 869 2874 914; x_wconf 90' lang='lat' dir='ltr'><strong>et</strong></span> <span class='ocrx_word' id='word_1_145' title='bbox 2916 859 3230 914; x_wconf 82' lang='lat' dir='ltr'><strong>inﬁdelitate</strong></span> <span class='ocrx_word' id='word_1_146' title='bbox 3274 866 3586 928; x_wconf 87' lang='lat' dir='ltr'><strong>correptum</strong></span> <span class='ocrx_word' id='word_1_147' title='bbox 3624 857 3678 910; x_wconf 89' lang='lat' dir='ltr'><strong>in</strong></span> 
     </span>
    </p>
   </div>
   <div class='ocr_carea' id='block_1_23' title="bbox 2099 947 3681 1022">
    <p class='ocr_par' dir='ltr' id='par_1_23' title="bbox 2099 947 3681 1022">
     <span class='ocr_line' id='line_1_23' title="bbox 2099 947 3681 1022; baseline -0.001 -20"><span class='ocrx_word' id='word_1_148' title='bbox 2099 948 2266 1004; x_wconf 89' lang='lat' dir='ltr'><strong>vitam</strong></span> <span class='ocrx_word' id='word_1_149' title='bbox 2296 949 2648 1017; x_wconf 85' lang='lat' dir='ltr'><strong>restituisset,</strong></span> <span class='ocrx_word' id='word_1_150' title='bbox 2675 959 2864 1022; x_wconf 89' lang='lat' dir='ltr'><strong>utpote</strong></span> <span class='ocrx_word' id='word_1_151' title='bbox 2889 965 2985 1021; x_wconf 89' lang='lat' dir='ltr'><strong>per</strong></span> <span class='ocrx_word' id='word_1_152' title='bbox 3013 949 3446 1004; x_wconf 83' lang='lat' dir='ltr'><strong>incredulitatem</strong></span> <span class='ocrx_word' id='word_1_153' title='bbox 3470 947 3681 1003; x_wconf 80' lang='lat' dir='ltr'><strong>exstin-</strong></span> 
     </span>
    </p>
   </div>
   <div class='ocr_carea' id='block_1_24' title="bbox 2098 1041 3683 1114">
    <p class='ocr_par' dir='ltr' id='par_1_24' title="bbox 2098 1041 3683 1114">
     <span class='ocr_line' id='line_1_24' title="bbox 2098 1041 3683 1114; baseline -0.002 -18"><span class='ocrx_word' id='word_1_154' title='bbox 2098 1042 2284 1096; x_wconf 90' lang='lat' dir='ltr'><strong>ctuml</strong></span> <span class='ocrx_word' id='word_1_155' title='bbox 2325 1047 2606 1098; x_wconf 74' lang='lat' dir='ltr'><strong>Daemones</strong></span> <span class='ocrx_word' id='word_1_156' title='bbox 2637 1053 2900 1114; x_wconf 69' lang='lat' dir='ltr'><strong>praeterea</strong></span> <span class='ocrx_word' id='word_1_157' title='bbox 2933 1041 3162 1113; x_wconf 76' lang='lat' dir='ltr'><strong>fugavit,</strong></span> <span class='ocrx_word' id='word_1_158' title='bbox 3193 1057 3341 1096; x_wconf 91' lang='lat' dir='ltr'><strong>nunc</strong></span> <span class='ocrx_word' id='word_1_159' title='bbox 3370 1056 3464 1110; x_wconf 89' lang='lat' dir='ltr'><strong>per</strong></span> <span class='ocrx_word' id='word_1_160' title='bbox 3501 1056 3585 1105; x_wconf 87' lang='lat' dir='ltr'><strong>se,</strong></span> <span class='ocrx_word' id='word_1_161' title='bbox 3623 1049 3683 1093; x_wconf 92' lang='lat' dir='ltr'><strong>ut</strong></span> 
     </span>
    </p>
   </div>
   <div class='ocr_carea' id='block_1_25' title="bbox 2099 1133 3684 1204">
    <p class='ocr_par' dir='ltr' id='par_1_25' title="bbox 2099 1133 3684 1204">
     <span class='ocr_line' id='line_1_25' title="bbox 2099 1133 3684 1204; baseline 0.001 -17"><span class='ocrx_word' id='word_1_162' title='bbox 2099 1133 2155 1188; x_wconf 90' lang='lat' dir='ltr'><strong>iu</strong></span> <span class='ocrx_word' id='word_1_163' title='bbox 2207 1133 2431 1202; x_wconf 76' lang='lat' dir='ltr'><strong>regione</strong></span> <span class='ocrx_word' id='word_1_164' title='bbox 2464 1133 2898 1202; x_wconf 86' lang='lat' dir='ltr'><strong>Gerasenorum,</strong></span> <span class='ocrx_word' id='word_1_165' title='bbox 2950 1151 3099 1190; x_wconf 88' lang='lat' dir='ltr'><strong>nunc</strong></span> <span class='ocrx_word' id='word_1_166' title='bbox 3146 1149 3241 1204; x_wconf 88' lang='lat' dir='ltr'><strong>per</strong></span> <span class='ocrx_word' id='word_1_167' title='bbox 3287 1133 3586 1201; x_wconf 87' lang='lat' dir='ltr'><strong>discipulos</strong></span> <span class='ocrx_word' id='word_1_168' title='bbox 3628 1143 3684 1188; x_wconf 81' lang='lat' dir='ltr'><strong>et</strong></span> 
     </span>
    </p>
   </div>
   <div class='ocr_carea' id='block_1_26' title="bbox 2101 1224 3682 1296">
    <p class='ocr_par' dir='ltr' id='par_1_26' title="bbox 2101 1224 3682 1296">
     <span class='ocr_line' id='line_1_26' title="bbox 2101 1224 3682 1296; baseline -0.001 -17"><span class='ocrx_word' id='word_1_169' title='bbox 2101 1225 2430 1294; x_wconf 85' lang='lat' dir='ltr'><strong>apostolos:</strong></span> <span class='ocrx_word' id='word_1_170' title='bbox 2464 1224 2686 1281; x_wconf 76' lang='lat' dir='ltr'><strong>Mittens</strong></span> <span class='ocrx_word' id='word_1_171' title='bbox 2730 1226 2902 1293; x_wconf 88' lang='lat' dir='ltr'><strong>enim,</strong></span> <span class='ocrx_word' id='word_1_172' title='bbox 2951 1226 3151 1296; x_wconf 89' lang='lat' dir='ltr'><strong>inquit,</strong></span> <span class='ocrx_word' id='word_1_173' title='bbox 3204 1243 3316 1288; x_wconf 79' lang='lat' dir='ltr'><strong>eos,</strong></span> <span class='ocrx_word' id='word_1_174' title='bbox 3363 1226 3509 1279; x_wconf 82' lang='lat' dir='ltr'><strong>dedit</strong></span> <span class='ocrx_word' id='word_1_175' title='bbox 3554 1226 3682 1294; x_wconf 80' lang='lat' dir='ltr'><strong>ipsis</strong></span> 
     </span>
    </p>
   </div>
   <div class='ocr_carea' id='block_1_27' title="bbox 2099 1317 3682 1390">
    <p class='ocr_par' dir='ltr' id='par_1_27' title="bbox 2099 1317 3682 1390">
     <span class='ocr_line' id='line_1_27' title="bbox 2099 1317 3682 1390; baseline 0.001 -19"><span class='ocrx_word' id='word_1_176' title='bbox 2099 1327 2417 1387; x_wconf 79' lang='lat' dir='ltr'><strong>potestatem</strong></span> <span class='ocrx_word' id='word_1_177' title='bbox 2445 1319 2700 1374; x_wconf 75' lang='lat' dir='ltr'><strong>adrersus</strong></span> <span class='ocrx_word' id='word_1_178' title='bbox 2724 1321 3026 1375; x_wconf 82' lang='lat' dir='ltr'><strong>immundos</strong></span> <span class='ocrx_word' id='word_1_179' title='bbox 3057 1320 3282 1390; x_wconf 80' lang='lat' dir='ltr'><strong>spiritus</strong></span> <span class='ocrx_word' id='word_1_180' title='bbox 3302 1319 3368 1374; x_wconf 74' lang='lat'><strong>&quot;.</strong></span> <span class='ocrx_word' id='word_1_181' title='bbox 3398 1317 3517 1372; x_wconf 79' lang='lat' dir='ltr'><strong>Jam</strong></span> <span class='ocrx_word' id='word_1_182' title='bbox 3552 1333 3682 1372; x_wconf 85' lang='lat' dir='ltr'><strong>vero</strong></span> 
     </span>
    </p>
   </div>
   <div class='ocr_carea' id='block_1_28' title="bbox 2101 1409 3681 1480">
    <p class='ocr_par' dir='ltr' id='par_1_28' title="bbox 2101 1409 3681 1480">
     <span class='ocr_line' id='line_1_28' title="bbox 2101 1409 3681 1480; baseline -0.001 -17"><span class='ocrx_word' id='word_1_183' title='bbox 2101 1409 2346 1479; x_wconf 87' lang='lat' dir='ltr'><strong>quinque</strong></span> <span class='ocrx_word' id='word_1_184' title='bbox 2389 1410 2626 1479; x_wconf 86' lang='lat' dir='ltr'><strong>panibus</strong></span> <span class='ocrx_word' id='word_1_185' title='bbox 2672 1419 2910 1480; x_wconf 89' lang='lat' dir='ltr'><strong>quatuor</strong></span> <span class='ocrx_word' id='word_1_186' title='bbox 2963 1411 3251 1466; x_wconf 88' lang='lat' dir='ltr'><strong>hominum</strong></span> <span class='ocrx_word' id='word_1_187' title='bbox 3304 1411 3472 1464; x_wconf 87' lang='lat' dir='ltr'><strong>millia</strong></span> <span class='ocrx_word' id='word_1_188' title='bbox 3525 1409 3681 1474; x_wconf 89' lang='lat' dir='ltr'><strong>aluit,</strong></span> 
     </span>
    </p>
   </div>
   <div class='ocr_carea' id='block_1_29' title="bbox 2101 1501 3680 1574">
    <p class='ocr_par' dir='ltr' id='par_1_29' title="bbox 2101 1501 3680 1574">
     <span class='ocr_line' id='line_1_29' title="bbox 2101 1501 3680 1574; baseline -0.002 -17"><span class='ocrx_word' id='word_1_189' title='bbox 2101 1503 2313 1571; x_wconf 79' lang='lat' dir='ltr'><strong>absque</strong></span> <span class='ocrx_word' id='word_1_190' title='bbox 2355 1502 2680 1558; x_wconf 86' lang='lat' dir='ltr'><strong>mulieribus</strong></span> <span class='ocrx_word' id='word_1_191' title='bbox 2729 1513 2785 1558; x_wconf 87' lang='lat' dir='ltr'><strong>et</strong></span> <span class='ocrx_word' id='word_1_192' title='bbox 2837 1503 3046 1574; x_wconf 85' lang='lat' dir='ltr'><strong>pueris,</strong></span> <span class='ocrx_word' id='word_1_193' title='bbox 3079 1503 3170 1572; x_wconf 88' lang='lat' dir='ltr'><strong>qui</strong></span> <span class='ocrx_word' id='word_1_194' title='bbox 3227 1503 3272 1556; x_wconf 91' lang='lat' dir='ltr'><strong>si</strong></span> <span class='ocrx_word' id='word_1_195' title='bbox 3329 1501 3396 1554; x_wconf 82' lang='lat' dir='ltr'><strong>ad</strong></span> <span class='ocrx_word' id='word_1_196' title='bbox 3439 1502 3680 1555; x_wconf 89' lang='lat' dir='ltr'><strong>virorum</strong></span> 
     </span>
    </p>
   </div>
   <div class='ocr_carea' id='block_1_30' title="bbox 2102 1595 3685 1666">
    <p class='ocr_par' dir='ltr' id='par_1_30' title="bbox 2102 1595 3685 1666">
     <span class='ocr_line' id='line_1_30' title="bbox 2102 1595 3685 1666; baseline -0.002 -17"><span class='ocrx_word' id='word_1_197' title='bbox 2102 1610 2390 1652; x_wconf 88' lang='lat' dir='ltr'><strong>numerum</strong></span> <span class='ocrx_word' id='word_1_198' title='bbox 2435 1595 2826 1666; x_wconf 86' lang='lat' dir='ltr'><strong>adjungantur,</strong></span> <span class='ocrx_word' id='word_1_199' title='bbox 2879 1612 2988 1651; x_wconf 90' lang='lat' dir='ltr'><strong>non</strong></span> <span class='ocrx_word' id='word_1_200' title='bbox 3041 1595 3206 1650; x_wconf 90' lang='lat' dir='ltr'><strong>modo</strong></span> <span class='ocrx_word' id='word_1_201' title='bbox 3244 1595 3533 1659; x_wconf 84' lang='lat' dir='ltr'><strong>chiliades,</strong></span> <span class='ocrx_word' id='word_1_202' title='bbox 3589 1597 3685 1648; x_wconf 84' lang='lat' dir='ltr'><strong>sed</strong></span> 
     </span>
    </p>
   </div>
   <div class='ocr_carea' id='block_1_31' title="bbox 2101 1687 3683 1758">
    <p class='ocr_par' dir='ltr' id='par_1_31' title="bbox 2101 1687 3683 1758">
     <span class='ocr_line' id='line_1_31' title="bbox 2101 1687 3683 1758; baseline 0.001 -17"><span class='ocrx_word' id='word_1_203' title='bbox 2101 1687 2268 1741; x_wconf 89' lang='lat' dir='ltr'><strong>etiam</strong></span> <span class='ocrx_word' id='word_1_204' title='bbox 2335 1687 2609 1758; x_wconf 83' lang='lat' dir='ltr'><strong>myriades</strong></span> <span class='ocrx_word' id='word_1_205' title='bbox 2671 1688 2957 1744; x_wconf 84' lang='lat' dir='ltr'><strong>hominum</strong></span> <span class='ocrx_word' id='word_1_206' title='bbox 3019 1689 3225 1745; x_wconf 86' lang='lat' dir='ltr'><strong>aluisse</strong></span> <span class='ocrx_word' id='word_1_207' title='bbox 3288 1687 3683 1757; x_wconf 83' lang='lat' dir='ltr'><strong>reperietur&quot;.</strong></span> 
     </span>
    </p>
   </div>
   <div class='ocr_carea' id='block_1_32' title="bbox 2103 1777 3687 1848">
    <p class='ocr_par' dir='ltr' id='par_1_32' title="bbox 2103 1777 3687 1848">
     <span class='ocr_line' id='line_1_32' title="bbox 2103 1777 3687 1848; baseline -0.001 -16"><span class='ocrx_word' id='word_1_208' title='bbox 2103 1778 2248 1835; x_wconf 86' lang='lat' dir='ltr'><strong>Deus</strong></span> <span class='ocrx_word' id='word_1_209' title='bbox 2285 1777 2447 1843; x_wconf 85' lang='lat' dir='ltr'><strong>bone,</strong></span> <span class='ocrx_word' id='word_1_210' title='bbox 2485 1787 2620 1848; x_wconf 88' lang='lat' dir='ltr'><strong>quot</strong></span> <span class='ocrx_word' id='word_1_211' title='bbox 2667 1779 2800 1833; x_wconf 90' lang='lat' dir='ltr'><strong>mihi</strong></span> <span class='ocrx_word' id='word_1_212' title='bbox 2850 1777 2991 1834; x_wconf 90' lang='lat' dir='ltr'><strong>festa</strong></span> <span class='ocrx_word' id='word_1_213' title='bbox 3034 1787 3334 1834; x_wconf 87' lang='lat' dir='ltr'><strong>occurrunt</strong></span> <span class='ocrx_word' id='word_1_214' title='bbox 3384 1778 3456 1833; x_wconf 88' lang='lat' dir='ltr'><strong>ob</strong></span> <span class='ocrx_word' id='word_1_215' title='bbox 3487 1792 3687 1832; x_wconf 90' lang='lat' dir='ltr'><strong>unum-</strong></span> 
     </span>
    </p>
   </div>
   <div class='ocr_carea' id='block_1_33' title="bbox 422 1839 3688 1942">
    <p class='ocr_par' dir='ltr' id='par_1_33' title="bbox 422 1839 3688 1942">
     <span class='ocr_line' id='line_1_33' title="bbox 422 1839 3688 1942; baseline -0.006 -27"><span class='ocrx_word' id='word_1_216' title='bbox 422 1860 568 1915; x_wconf 86' lang='lat' dir='ltr'><strong>eoim</strong></span> <span class='ocrx_word' id='word_1_217' title='bbox 600 1874 768 1914; x_wconf 87' lang='lat' dir='ltr'><strong>causa</strong></span> <span class='ocrx_word' id='word_1_218' title='bbox 803 1856 977 1912; x_wconf 91' lang='lat' dir='ltr'><strong>Filius</strong></span> <span class='ocrx_word' id='word_1_219' title='bbox 1025 1866 1081 1912; x_wconf 88' lang='lat' dir='ltr'><strong>et</strong></span> <span class='ocrx_word' id='word_1_220' title='bbox 1110 1855 1350 1926; x_wconf 85' lang='lat' dir='ltr'><strong>Spiritus</strong></span> <span class='ocrx_word' id='word_1_221' title='bbox 1378 1865 1604 1911; x_wconf 90' lang='lat' dir='ltr'><strong>sanctus</strong></span> <span class='ocrx_word' id='word_1_222' title='bbox 1637 1854 1997 1925; x_wconf 82' lang='lat' dir='ltr'><strong>proticiscun-</strong></span> <span class='ocrx_word' id='word_1_223' title='bbox 2030 1839 2072 1895; x_wconf 75' lang='grc' dir='ltr'><strong>Β</strong></span> <span class='ocrx_word' id='word_1_224' title='bbox 2107 1870 2368 1940; x_wconf 62' lang='lat' dir='ltr'><strong>quodque</strong></span> <span class='ocrx_word' id='word_1_225' title='bbox 2411 1839 2613 1926; x_wconf 56' lang='grc' dir='ltr'><strong>(ξιηῖίειε</strong></span> <span class='ocrx_word' id='word_1_226' title='bbox 2667 1871 3027 1942; x_wconf 51' lang='lat' dir='ltr'><strong>mysterium?</strong></span> <span class='ocrx_word' id='word_1_227' title='bbox 3075 1869 3132 1925; x_wconf 78' lang='grc' dir='ltr'><strong>ιη</strong></span> <span class='ocrx_word' id='word_1_228' title='bbox 3185 1871 3384 1941; x_wconf 62' lang='lat' dir='ltr'><strong>quibus</strong></span> <span class='ocrx_word' id='word_1_229' title='bbox 3430 1869 3688 1924; x_wconf 64' lang='lat' dir='ltr'><strong>omnibus</strong></span> 
     </span>
    </p>
   </div>
   <div class='ocr_carea' id='block_1_34' title="bbox 432 1945 2004 2018">
    <p class='ocr_par' dir='ltr' id='par_1_34' title="bbox 432 1945 2004 2018">
     <span class='ocr_line' id='line_1_34' title="bbox 432 1945 2004 2018; baseline -0.002 -15"><span class='ocrx_word' id='word_1_230' title='bbox 432 1962 537 2004; x_wconf 88' lang='lat' dir='ltr'><strong>tur.</strong></span> <span class='ocrx_word' id='word_1_231' title='bbox 566 1951 700 2006; x_wconf 86' lang='lat' dir='ltr'><strong>lllud</strong></span> <span class='ocrx_word' id='word_1_232' title='bbox 745 1963 932 2006; x_wconf 88' lang='lat' dir='ltr'><strong>autem</strong></span> <span class='ocrx_word' id='word_1_233' title='bbox 965 1950 1341 2004; x_wconf 87' lang='lat' dir='ltr'><strong>annotandum</strong></span> <span class='ocrx_word' id='word_1_234' title='bbox 1386 1957 1471 2003; x_wconf 90' lang='lat' dir='ltr'><strong>est</strong></span> <span class='ocrx_word' id='word_1_235' title='bbox 1514 1957 1804 2018; x_wconf 91' lang='lat' dir='ltr'><strong>cognatum</strong></span> <span class='ocrx_word' id='word_1_236' title='bbox 1834 1946 1902 2000; x_wconf 87' lang='lat' dir='ltr'><strong>de</strong></span> <span class='ocrx_word' id='word_1_237' title='bbox 1935 1945 2004 2000; x_wconf 88' lang='lat' dir='ltr'><strong>iis</strong></span> 
     </span>
    </p>
   </div>
   <div class='ocr_carea' id='block_1_35' title="bbox 427 2041 2005 2114">
    <p class='ocr_par' dir='ltr' id='par_1_35' title="bbox 427 2041 2005 2114">
     <span class='ocr_line' id='line_1_35' title="bbox 427 2041 2005 2114; baseline -0.003 -16"><span class='ocrx_word' id='word_1_238' title='bbox 427 2061 550 2112; x_wconf 65' lang='lat' dir='ltr'><strong>quae</strong></span> <span class='ocrx_word' id='word_1_239' title='bbox 606 2046 851 2114; x_wconf 84' lang='lat' dir='ltr'><strong>ejusdem</strong></span> <span class='ocrx_word' id='word_1_240' title='bbox 911 2043 1234 2099; x_wconf 68' lang='lat' dir='ltr'><strong>substantia:</strong></span> <span class='ocrx_word' id='word_1_241' title='bbox 1287 2050 1436 2107; x_wconf 89' lang='lat' dir='ltr'><strong>sunt,</strong></span> <span class='ocrx_word' id='word_1_242' title='bbox 1496 2053 1550 2096; x_wconf 89' lang='lat' dir='ltr'><strong>et</strong></span> <span class='ocrx_word' id='word_1_243' title='bbox 1605 2041 1670 2095; x_wconf 91' lang='lat' dir='ltr'><strong>de</strong></span> <span class='ocrx_word' id='word_1_244' title='bbox 1722 2041 1828 2103; x_wconf 91' lang='lat' dir='ltr'><strong>his,</strong></span> <span class='ocrx_word' id='word_1_245' title='bbox 1883 2053 2005 2109; x_wconf 69' lang='lat' dir='ltr'><strong>quae</strong></span> 
     </span>
    </p>
   </div>
   <div class='ocr_carea' id='block_1_36' title="bbox 421 2128 2004 2200">
    <p class='ocr_par' dir='ltr' id='par_1_36' title="bbox 421 2128 2004 2200">
     <span class='ocr_line' id='line_1_36' title="bbox 421 2128 2004 2200; baseline -0.003 -14"><span class='ocrx_word' id='word_1_246' title='bbox 421 2134 696 2188; x_wconf 81' lang='lat' dir='ltr'><strong>diversam</strong></span> <span class='ocrx_word' id='word_1_247' title='bbox 749 2131 1118 2188; x_wconf 84' lang='lat' dir='ltr'><strong>substantiam</strong></span> <span class='ocrx_word' id='word_1_248' title='bbox 1174 2131 1398 2195; x_wconf 86' lang='lat' dir='ltr'><strong>habent,</strong></span> <span class='ocrx_word' id='word_1_249' title='bbox 1449 2130 1759 2200; x_wconf 72' lang='lat' dir='ltr'><strong>praedicari.</strong></span> <span class='ocrx_word' id='word_1_250' title='bbox 1801 2128 2004 2182; x_wconf 81' lang='lat' dir='ltr'><strong>Verum</strong></span> 
     </span>
    </p>
   </div>
   <div class='ocr_carea' id='block_1_37' title="bbox 423 2219 2005 2295">
    <p class='ocr_par' dir='ltr' id='par_1_37' title="bbox 423 2219 2005 2295">
     <span class='ocr_line' id='line_1_37' title="bbox 423 2219 2005 2295; baseline -0.004 -16"><span class='ocrx_word' id='word_1_251' title='bbox 423 2240 551 2279; x_wconf 86' lang='lat' dir='ltr'><strong>cum</strong></span> <span class='ocrx_word' id='word_1_252' title='bbox 604 2225 672 2280; x_wconf 88' lang='lat' dir='ltr'><strong>de</strong></span> <span class='ocrx_word' id='word_1_253' title='bbox 718 2225 786 2281; x_wconf 90' lang='lat' dir='ltr'><strong>iis</strong></span> <span class='ocrx_word' id='word_1_254' title='bbox 833 2241 955 2295; x_wconf 74' lang='lat' dir='ltr'><strong>qua:</strong></span> <span class='ocrx_word' id='word_1_255' title='bbox 1012 2223 1320 2280; x_wconf 83' lang='lat' dir='ltr'><strong>substantia</strong></span> <span class='ocrx_word' id='word_1_256' title='bbox 1375 2219 1566 2278; x_wconf 80' lang='lat' dir='ltr'><strong>eadem</strong></span> <span class='ocrx_word' id='word_1_257' title='bbox 1610 2232 1758 2287; x_wconf 89' lang='lat' dir='ltr'><strong>sunt,</strong></span> <span class='ocrx_word' id='word_1_258' title='bbox 1801 2220 2005 2292; x_wconf 86' lang='lat' dir='ltr'><strong>agitur,</strong></span> 
     </span>
    </p>
   </div>
   <div class='ocr_carea' id='block_1_38' title="bbox 423 2316 2008 2381">
    <p class='ocr_par' dir='ltr' id='par_1_38' title="bbox 423 2316 2008 2381">
     <span class='ocr_line' id='line_1_38' title="bbox 423 2316 2008 2381; baseline -0.004 -8"><span class='ocrx_word' id='word_1_259' title='bbox 423 2317 733 2373; x_wconf 88' lang='lat' dir='ltr'><strong>secundum</strong></span> <span class='ocrx_word' id='word_1_260' title='bbox 765 2326 1018 2373; x_wconf 84' lang='lat' dir='ltr'><strong>naturam</strong></span> <span class='ocrx_word' id='word_1_261' title='bbox 1054 2318 1284 2381; x_wconf 78' lang='lat' dir='ltr'><strong>dicitur,</strong></span> <span class='ocrx_word' id='word_1_262' title='bbox 1329 2327 1387 2371; x_wconf 84' lang='lat' dir='ltr'><strong>ut</strong></span> <span class='ocrx_word' id='word_1_263' title='bbox 1417 2318 1521 2372; x_wconf 91' lang='lat' dir='ltr'><strong>hoc</strong></span> <span class='ocrx_word' id='word_1_264' title='bbox 1551 2316 1676 2372; x_wconf 91' lang='lat' dir='ltr'><strong>loco</strong></span> <span class='ocrx_word' id='word_1_265' title='bbox 1706 2332 1721 2368; x_wconf 94' lang='lat'><strong>:</strong></span> <span class='ocrx_word' id='word_1_266' title='bbox 1749 2317 1873 2368; x_wconf 74' lang='lat' dir='ltr'><strong>cum”</strong></span> <span class='ocrx_word' id='word_1_267' title='bbox 1907 2327 2008 2367; x_wconf 89' lang='lat' dir='ltr'><strong>au-</strong></span> 
     </span>
    </p>
   </div>
   <div class='ocr_carea' id='block_1_39' title="bbox 413 2406 2010 2480">
    <p class='ocr_par' dir='ltr' id='par_1_39' title="bbox 413 2406 2010 2480">
     <span class='ocr_line' id='line_1_39' title="bbox 413 2406 2010 2480; baseline -0.004 -14"><span class='ocrx_word' id='word_1_268' title='bbox 413 2420 536 2466; x_wconf 69' lang='lat' dir='ltr'><strong>tem</strong></span> <span class='ocrx_word' id='word_1_269' title='bbox 574 2411 641 2465; x_wconf 89' lang='lat' dir='ltr'><strong>de</strong></span> <span class='ocrx_word' id='word_1_270' title='bbox 676 2411 784 2474; x_wconf 87' lang='lat' dir='ltr'><strong>his,</strong></span> <span class='ocrx_word' id='word_1_271' title='bbox 819 2426 942 2480; x_wconf 66' lang='lat' dir='ltr'><strong>qua:</strong></span> <span class='ocrx_word' id='word_1_272' title='bbox 987 2410 1296 2466; x_wconf 88' lang='lat' dir='ltr'><strong>substantia</strong></span> <span class='ocrx_word' id='word_1_273' title='bbox 1325 2409 1586 2464; x_wconf 73' lang='lat' dir='ltr'><strong>differunt</strong></span> <span class='ocrx_word' id='word_1_274' title='bbox 1639 2423 1822 2463; x_wconf 86' lang='lat' dir='ltr'><strong>sermo</strong></span> <span class='ocrx_word' id='word_1_275' title='bbox 1853 2406 2010 2460; x_wconf 91' lang='lat' dir='ltr'><strong>insti-</strong></span> 
     </span>
    </p>
   </div>
   <div class='ocr_carea' id='block_1_40' title="bbox 425 2502 2011 2571">
    <p class='ocr_par' dir='ltr' id='par_1_40' title="bbox 425 2502 2011 2571">
     <span class='ocr_line' id='line_1_40' title="bbox 425 2502 2011 2571; baseline -0.004 -10"><span class='ocrx_word' id='word_1_276' title='bbox 425 2506 630 2571; x_wconf 80' lang='lat' dir='ltr'><strong>tuitur,</strong></span> <span class='ocrx_word' id='word_1_277' title='bbox 665 2507 966 2560; x_wconf 86' lang='lat' dir='ltr'><strong>secundum</strong></span> <span class='ocrx_word' id='word_1_278' title='bbox 1005 2505 1288 2566; x_wconf 88' lang='lat' dir='ltr'><strong>unionem,</strong></span> <span class='ocrx_word' id='word_1_279' title='bbox 1336 2514 1396 2557; x_wconf 88' lang='lat' dir='ltr'><strong>ut</strong></span> <span class='ocrx_word' id='word_1_280' title='bbox 1426 2519 1550 2556; x_wconf 89' lang='lat' dir='ltr'><strong>cum</strong></span> <span class='ocrx_word' id='word_1_281' title='bbox 1585 2502 1651 2556; x_wconf 87' lang='lat' dir='ltr'><strong>de</strong></span> <span class='ocrx_word' id='word_1_282' title='bbox 1697 2515 1926 2570; x_wconf 88' lang='lat' dir='ltr'><strong>corpore</strong></span> <span class='ocrx_word' id='word_1_283' title='bbox 1959 2510 2011 2554; x_wconf 87' lang='lat' dir='ltr'><strong>ct</strong></span> 
     </span>
    </p>
   </div>
   <div class='ocr_carea' id='block_1_41' title="bbox 425 2592 2010 2665">
    <p class='ocr_par' dir='ltr' id='par_1_41' title="bbox 425 2592 2010 2665">
     <span class='ocr_line' id='line_1_41' title="bbox 425 2592 2010 2665; baseline -0.004 -11"><span class='ocrx_word' id='word_1_284' title='bbox 425 2599 615 2654; x_wconf 78' lang='lat' dir='ltr'><strong>anima</strong></span> <span class='ocrx_word' id='word_1_285' title='bbox 670 2601 728 2653; x_wconf 90' lang='lat' dir='ltr'><strong>lit</strong></span> <span class='ocrx_word' id='word_1_286' title='bbox 765 2613 972 2654; x_wconf 85' lang='lat' dir='ltr'><strong>sermo.</strong></span> <span class='ocrx_word' id='word_1_287' title='bbox 1008 2598 1131 2663; x_wconf 83' lang='lat' dir='ltr'><strong>Quo</strong></span> <span class='ocrx_word' id='word_1_288' title='bbox 1163 2613 1328 2651; x_wconf 85' lang='lat' dir='ltr'><strong>sensu</strong></span> <span class='ocrx_word' id='word_1_289' title='bbox 1362 2595 1675 2665; x_wconf 84' lang='lat' dir='ltr'><strong>Theologus</strong></span> <span class='ocrx_word' id='word_1_290' title='bbox 1743 2594 1795 2647; x_wconf 92' lang='lat' dir='ltr'><strong>in</strong></span> <span class='ocrx_word' id='word_1_291' title='bbox 1852 2592 2010 2648; x_wconf 87' lang='lat' dir='ltr'><strong>fune-</strong></span> 
     </span>
    </p>
   </div>
   <div class='ocr_carea' id='block_1_42' title="bbox 429 2686 2012 2760">
    <p class='ocr_par' dir='ltr' id='par_1_42' title="bbox 429 2686 2012 2760">
     <span class='ocr_line' id='line_1_42' title="bbox 429 2686 2012 2760; baseline -0.005 -12"><span class='ocrx_word' id='word_1_292' title='bbox 429 2693 513 2748; x_wconf 90' lang='lat' dir='ltr'><strong>bri</strong></span> <span class='ocrx_word' id='word_1_293' title='bbox 563 2691 838 2755; x_wconf 88' lang='lat' dir='ltr'><strong>oratione,</strong></span> <span class='ocrx_word' id='word_1_294' title='bbox 873 2706 1041 2760; x_wconf 87' lang='lat' dir='ltr'><strong>quam</strong></span> <span class='ocrx_word' id='word_1_295' title='bbox 1075 2690 1142 2745; x_wconf 86' lang='lat' dir='ltr'><strong>de</strong></span> <span class='ocrx_word' id='word_1_296' title='bbox 1186 2687 1354 2744; x_wconf 83' lang='lat' dir='ltr'><strong>fratre</strong></span> <span class='ocrx_word' id='word_1_297' title='bbox 1386 2687 1629 2744; x_wconf 68' lang='lat' dir='ltr'><strong>Caesarie</strong></span> <span class='ocrx_word' id='word_1_298' title='bbox 1680 2686 1889 2751; x_wconf 89' lang='lat' dir='ltr'><strong>habuit,</strong></span> <span class='ocrx_word' id='word_1_299' title='bbox 1939 2687 2012 2741; x_wconf 87' lang='lat' dir='ltr'><strong>ita</strong></span> 
     </span>
    </p>
   </div>
   <div class='ocr_carea' id='block_1_43' title="bbox 434 2783 2010 2856">
    <p class='ocr_par' dir='ltr' id='par_1_43' title="bbox 434 2783 2010 2856">
     <span class='ocr_line' id='line_1_43' title="bbox 434 2783 2010 2856; baseline -0.006 -15"><span class='ocrx_word' id='word_1_300' title='bbox 434 2786 679 2856; x_wconf 82' lang='lat' dir='ltr'><strong>loquitur</strong></span> <span class='ocrx_word' id='word_1_301' title='bbox 722 2801 735 2841; x_wconf 86' lang='lat'><strong>:</strong></span> <span class='ocrx_word' id='word_1_302' title='bbox 785 2783 952 2839; x_wconf 83' lang='lat' dir='ltr'><strong>Paulo</strong></span> <span class='ocrx_word' id='word_1_303' title='bbox 1002 2790 1128 2853; x_wconf 88' lang='lat' dir='ltr'><strong>post</strong></span> <span class='ocrx_word' id='word_1_304' title='bbox 1191 2784 1371 2839; x_wconf 90' lang='lat' dir='ltr'><strong>anima</strong></span> <span class='ocrx_word' id='word_1_305' title='bbox 1429 2791 1721 2852; x_wconf 79' lang='lat' dir='ltr'><strong>cognatam</strong></span> <span class='ocrx_word' id='word_1_306' title='bbox 1790 2793 2010 2834; x_wconf 88' lang='lat' dir='ltr'><strong>carnem</strong></span> 
     </span>
    </p>
   </div>
   <div class='ocr_carea' id='block_1_44' title="bbox 433 2871 2010 2948">
    <p class='ocr_par' dir='ltr' id='par_1_44' title="bbox 433 2871 2010 2948">
     <span class='ocr_line' id='line_1_44' title="bbox 433 2871 2010 2948; baseline -0.006 -15"><span class='ocrx_word' id='word_1_307' title='bbox 433 2889 718 2948; x_wconf 84' lang='lat' dir='ltr'><strong>receptura</strong></span> <span class='ocrx_word' id='word_1_308' title='bbox 743 2886 849 2932; x_wconf 87' lang='lat' dir='ltr'><strong>est.</strong></span> <span class='ocrx_word' id='word_1_309' title='bbox 885 2875 1104 2932; x_wconf 73' lang='lat' dir='ltr'><strong>Morbos</strong></span> <span class='ocrx_word' id='word_1_310' title='bbox 1131 2890 1322 2931; x_wconf 88' lang='lat' dir='ltr'><strong>omnes</strong></span> <span class='ocrx_word' id='word_1_311' title='bbox 1359 2889 1424 2929; x_wconf 87' lang='lat' dir='ltr'><strong>ac</strong></span> <span class='ocrx_word' id='word_1_312' title='bbox 1455 2875 1743 2944; x_wconf 84' lang='lat' dir='ltr'><strong>languores</strong></span> <span class='ocrx_word' id='word_1_313' title='bbox 1771 2889 1786 2926; x_wconf 92' lang='lat'><strong>:</strong></span> <span class='ocrx_word' id='word_1_314' title='bbox 1812 2871 2010 2941; x_wconf 69' lang='lat' dir='ltr'><strong>(Graec.</strong></span> 
     </span>
    </p>
   </div>
   <div class='ocr_carea' id='block_1_45' title="bbox 434 2966 2018 3042">
    <p class='ocr_par' dir='ltr' id='par_1_45' title="bbox 434 2966 2018 3042">
     <span class='ocr_line' id='line_1_45' title="bbox 434 2966 2018 3042; baseline -0.006 -15"><span class='ocrx_word' id='word_1_315' title='bbox 434 2974 619 3027; x_wconf 79' lang='grc' dir='ltr'>πᾶσαν</span> <span class='ocrx_word' id='word_1_316' title='bbox 645 2972 803 3026; x_wconf 73' lang='grc' dir='ltr'><strong>νόσον</strong></span> <span class='ocrx_word' id='word_1_317' title='bbox 826 2972 921 3025; x_wconf 71' lang='grc' dir='ltr'><strong>καὶ</strong></span> <span class='ocrx_word' id='word_1_318' title='bbox 957 2968 1280 3042; x_wconf 83' lang='grc' dir='ltr'><strong>μαλακίαν).</strong></span> <span class='ocrx_word' id='word_1_319' title='bbox 1307 2969 1451 3024; x_wconf 86' lang='lat' dir='ltr'><strong>inter</strong></span> <span class='ocrx_word' id='word_1_320' title='bbox 1485 2966 1732 3022; x_wconf 88' lang='lat' dir='ltr'><strong>morbum</strong></span> <span class='ocrx_word' id='word_1_321' title='bbox 1753 2975 1933 3020; x_wconf 88' lang='lat' dir='ltr'><strong>autem</strong></span> <span class='ocrx_word' id='word_1_322' title='bbox 1962 2971 2018 3018; x_wconf 89' lang='lat' dir='ltr'><strong>et</strong></span> 
     </span>
    </p>
   </div>
   <div class='ocr_carea' id='block_1_46' title="bbox 434 3058 2016 3134">
    <p class='ocr_par' dir='ltr' id='par_1_46' title="bbox 434 3058 2016 3134">
     <span class='ocr_line' id='line_1_46' title="bbox 434 3058 2016 3134; baseline -0.005 -16"><span class='ocrx_word' id='word_1_323' title='bbox 434 3065 780 3134; x_wconf 72' lang='lat' dir='ltr'><strong>languorem,</strong></span> <span class='ocrx_word' id='word_1_324' title='bbox 812 3064 921 3118; x_wconf 82' lang='lat' dir='ltr'><strong>hoc</strong></span> <span class='ocrx_word' id='word_1_325' title='bbox 962 3071 1052 3120; x_wconf 85' lang='lat' dir='ltr'><strong>est</strong></span> <span class='ocrx_word' id='word_1_326' title='bbox 1089 3061 1452 3125; x_wconf 83' lang='lat' dir='ltr'><strong>discriminis,</strong></span> <span class='ocrx_word' id='word_1_327' title='bbox 1483 3059 1630 3130; x_wconf 88' lang='lat' dir='ltr'><strong>quod</strong></span> <span class='ocrx_word' id='word_1_328' title='bbox 1665 3058 1892 3112; x_wconf 89' lang='lat' dir='ltr'><strong>morbus</strong></span> <span class='ocrx_word' id='word_1_329' title='bbox 1931 3065 2016 3112; x_wconf 82' lang='lat' dir='ltr'><strong>est</strong></span> 
     </span>
    </p>
   </div>
   <div class='ocr_carea' id='block_1_47' title="bbox 433 3148 2014 3222">
    <p class='ocr_par' dir='ltr' id='par_1_47' title="bbox 433 3148 2014 3222">
     <span class='ocr_line' id='line_1_47' title="bbox 433 3148 2014 3222; baseline -0.003 -16"><span class='ocrx_word' id='word_1_330' title='bbox 433 3152 696 3208; x_wconf 78' lang='lat' dir='ltr'><strong>diuturna</strong></span> <span class='ocrx_word' id='word_1_331' title='bbox 746 3166 1024 3222; x_wconf 69' lang='lat' dir='ltr'><strong>corporeae</strong></span> <span class='ocrx_word' id='word_1_332' title='bbox 1077 3150 1414 3207; x_wconf 86' lang='lat' dir='ltr'><strong>habitudinis</strong></span> <span class='ocrx_word' id='word_1_333' title='bbox 1463 3150 1518 3204; x_wconf 92' lang='lat' dir='ltr'><strong>in</strong></span> <span class='ocrx_word' id='word_1_334' title='bbox 1555 3149 1712 3218; x_wconf 82' lang='lat' dir='ltr'><strong>pejus</strong></span> <span class='ocrx_word' id='word_1_335' title='bbox 1754 3148 2014 3213; x_wconf 90' lang='lat' dir='ltr'><strong>iuversio,</strong></span> 
     </span>
    </p>
   </div>
   <div class='ocr_carea' id='block_1_48' title="bbox 441 3241 2018 3316">
    <p class='ocr_par' dir='ltr' id='par_1_48' title="bbox 441 3241 2018 3316">
     <span class='ocr_line' id='line_1_48' title="bbox 441 3241 2018 3316; baseline -0.001 -19"><span class='ocrx_word' id='word_1_336' title='bbox 441 3246 545 3301; x_wconf 89' lang='lat' dir='ltr'><strong>hoc</strong></span> <span class='ocrx_word' id='word_1_337' title='bbox 578 3255 685 3312; x_wconf 87' lang='lat' dir='ltr'><strong>est,</strong></span> <span class='ocrx_word' id='word_1_338' title='bbox 729 3245 1022 3302; x_wconf 77' lang='lat' dir='ltr'><strong>infirmitas</strong></span> <span class='ocrx_word' id='word_1_339' title='bbox 1053 3260 1176 3316; x_wconf 85' lang='lat' dir='ltr'><strong>quae</strong></span> <span class='ocrx_word' id='word_1_340' title='bbox 1206 3246 1320 3314; x_wconf 86' lang='lat' dir='ltr'><strong>jam</strong></span> <span class='ocrx_word' id='word_1_341' title='bbox 1370 3245 1659 3314; x_wconf 89' lang='lat' dir='ltr'><strong>imperium</strong></span> <span class='ocrx_word' id='word_1_342' title='bbox 1712 3243 1767 3297; x_wconf 95' lang='lat' dir='ltr'><strong>in</strong></span> <span class='ocrx_word' id='word_1_343' title='bbox 1814 3241 2018 3297; x_wconf 87' lang='lat' dir='ltr'><strong>animal</strong></span> 
     </span>
    </p>
   </div>
   <div class='ocr_carea' id='block_1_49' title="bbox 435 3335 2022 3408">
    <p class='ocr_par' dir='ltr' id='par_1_49' title="bbox 435 3335 2022 3408">
     <span class='ocr_line' id='line_1_49' title="bbox 435 3335 2022 3408; baseline -0.002 -16"><span class='ocrx_word' id='word_1_344' title='bbox 435 3347 609 3395; x_wconf 89' lang='lat' dir='ltr'><strong>tenet.</strong></span> <span class='ocrx_word' id='word_1_345' title='bbox 641 3337 900 3408; x_wconf 78' lang='lat' dir='ltr'><strong>Languor</strong></span> <span class='ocrx_word' id='word_1_346' title='bbox 951 3348 1134 3393; x_wconf 88' lang='lat' dir='ltr'><strong>autem</strong></span> <span class='ocrx_word' id='word_1_347' title='bbox 1176 3338 1507 3408; x_wconf 85' lang='lat' dir='ltr'><strong>principium</strong></span> <span class='ocrx_word' id='word_1_348' title='bbox 1559 3335 1826 3400; x_wconf 78' lang='lat' dir='ltr'><strong>laxitatis,</strong></span> <span class='ocrx_word' id='word_1_349' title='bbox 1876 3349 2022 3389; x_wconf 90' lang='lat' dir='ltr'><strong>mor-</strong></span> 
     </span>
    </p>
   </div>
   <div class='ocr_carea' id='block_1_50' title="bbox 436 3427 2020 3500">
    <p class='ocr_par' dir='ltr' id='par_1_50' title="bbox 436 3427 2020 3500">
     <span class='ocr_line' id='line_1_50' title="bbox 436 3427 2020 3500; baseline -0.003 -15"><span class='ocrx_word' id='word_1_350' title='bbox 436 3431 568 3488; x_wconf 86' lang='lat' dir='ltr'><strong>bum</strong></span> <span class='ocrx_word' id='word_1_351' title='bbox 611 3429 1006 3500; x_wconf 73' lang='lat' dir='ltr'><strong>pracuuutians.</strong></span> <span class='ocrx_word' id='word_1_352' title='bbox 1035 3429 1219 3500; x_wconf 83' lang='lat' dir='ltr'><strong>Atque</strong></span> <span class='ocrx_word' id='word_1_353' title='bbox 1253 3430 1327 3484; x_wconf 87' lang='lat' dir='ltr'><strong>ita</strong></span> <span class='ocrx_word' id='word_1_354' title='bbox 1359 3429 1427 3485; x_wconf 88' lang='lat' dir='ltr'><strong>de</strong></span> <span class='ocrx_word' id='word_1_355' title='bbox 1463 3443 1696 3498; x_wconf 87' lang='lat' dir='ltr'><strong>corpore</strong></span> <span class='ocrx_word' id='word_1_356' title='bbox 1732 3427 2020 3494; x_wconf 63' lang='lat' dir='ltr'><strong>accipiunc</strong></span> 
     </span>
    </p>
   </div>
   <div class='ocr_carea' id='block_1_51' title="bbox 439 3517 2016 3589">
    <p class='ocr_par' dir='ltr' id='par_1_51' title="bbox 439 3517 2016 3589">
     <span class='ocr_line' id='line_1_51' title="bbox 439 3517 2016 3589; baseline -0.002 -15"><span class='ocrx_word' id='word_1_357' title='bbox 439 3531 550 3576; x_wconf 90' lang='lat' dir='ltr'><strong>tur.</strong></span> <span class='ocrx_word' id='word_1_358' title='bbox 592 3520 650 3576; x_wconf 92' lang='lat' dir='ltr'><strong>In</strong></span> <span class='ocrx_word' id='word_1_359' title='bbox 697 3521 882 3576; x_wconf 86' lang='lat' dir='ltr'><strong>anima</strong></span> <span class='ocrx_word' id='word_1_360' title='bbox 912 3529 1120 3585; x_wconf 83' lang='lat' dir='ltr'><strong>autem,</strong></span> <span class='ocrx_word' id='word_1_361' title='bbox 1171 3520 1419 3583; x_wconf 85' lang='lat' dir='ltr'><strong>morbus,</strong></span> <span class='ocrx_word' id='word_1_362' title='bbox 1450 3527 1536 3574; x_wconf 89' lang='lat' dir='ltr'><strong>est</strong></span> <span class='ocrx_word' id='word_1_363' title='bbox 1563 3517 1772 3589; x_wconf 87' lang='lat' dir='ltr'><strong>peccati</strong></span> <span class='ocrx_word' id='word_1_364' title='bbox 1812 3527 1972 3572; x_wconf 85' lang='lat' dir='ltr'><strong>actus</strong></span> <span class='ocrx_word' id='word_1_365' title='bbox 2002 3533 2016 3571; x_wconf 89' lang='lat'><strong>:</strong></span> 
     </span>
    </p>
   </div>
   <div class='ocr_carea' id='block_1_52' title="bbox 440 3610 2022 3684">
    <p class='ocr_par' dir='ltr' id='par_1_52' title="bbox 440 3610 2022 3684">
     <span class='ocr_line' id='line_1_52' title="bbox 440 3610 2022 3684; baseline -0.005 -15"><span class='ocrx_word' id='word_1_366' title='bbox 440 3615 674 3684; x_wconf 77' lang='lat' dir='ltr'><strong>languor</strong></span> <span class='ocrx_word' id='word_1_367' title='bbox 705 3623 913 3677; x_wconf 87' lang='lat' dir='ltr'><strong>autem,</strong></span> <span class='ocrx_word' id='word_1_368' title='bbox 957 3612 1188 3668; x_wconf 85' lang='lat' dir='ltr'><strong>rationis</strong></span> <span class='ocrx_word' id='word_1_369' title='bbox 1223 3611 1289 3666; x_wconf 89' lang='lat' dir='ltr'><strong>ad</strong></span> <span class='ocrx_word' id='word_1_370' title='bbox 1322 3610 1553 3665; x_wconf 86' lang='lat' dir='ltr'><strong>actualis</strong></span> <span class='ocrx_word' id='word_1_371' title='bbox 1587 3610 1795 3680; x_wconf 84' lang='lat' dir='ltr'><strong>peccati</strong></span> <span class='ocrx_word' id='word_1_372' title='bbox 1828 3621 2022 3663; x_wconf 89' lang='lat' dir='ltr'><strong>assen-</strong></span> 
     </span>
    </p>
   </div>
   <div class='ocr_carea' id='block_1_53' title="bbox 441 3701 2024 3768">
    <p class='ocr_par' dir='ltr' id='par_1_53' title="bbox 441 3701 2024 3768">
     <span class='ocr_line' id='line_1_53' title="bbox 441 3701 2024 3768; baseline -0.007 -2"><span class='ocrx_word' id='word_1_373' title='bbox 441 3725 570 3766; x_wconf 77' lang='lat' dir='ltr'><strong>sum</strong></span> <span class='ocrx_word' id='word_1_374' title='bbox 606 3709 892 3764; x_wconf 81' lang='lat' dir='ltr'><strong>relaxatio.</strong></span> <span class='ocrx_word' id='word_1_375' title='bbox 924 3707 1098 3762; x_wconf 86' lang='lat' dir='ltr'><strong>Porro</strong></span> <span class='ocrx_word' id='word_1_376' title='bbox 1134 3704 1390 3760; x_wconf 83' lang='lat' dir='ltr'><strong>Christus</strong></span> <span class='ocrx_word' id='word_1_377' title='bbox 1427 3703 1708 3768; x_wconf 90' lang='lat' dir='ltr'><strong>omnibus,</strong></span> <span class='ocrx_word' id='word_1_378' title='bbox 1738 3701 1854 3756; x_wconf 83' lang='lat' dir='ltr'><strong>sive</strong></span> <span class='ocrx_word' id='word_1_379' title='bbox 1895 3701 2024 3765; x_wconf 89' lang='lat' dir='ltr'><strong>hoc,</strong></span> 
     </span>
    </p>
   </div>
   <div class='ocr_carea' id='block_1_54' title="bbox 443 3795 2024 3866">
    <p class='ocr_par' dir='ltr' id='par_1_54' title="bbox 443 3795 2024 3866">
     <span class='ocr_line' id='line_1_54' title="bbox 443 3795 2024 3866; baseline -0.008 -8"><span class='ocrx_word' id='word_1_380' title='bbox 443 3802 563 3858; x_wconf 79' lang='lat' dir='ltr'><strong>sive</strong></span> <span class='ocrx_word' id='word_1_381' title='bbox 631 3801 726 3856; x_wconf 88' lang='lat' dir='ltr'><strong>illo</strong></span> <span class='ocrx_word' id='word_1_382' title='bbox 785 3800 953 3855; x_wconf 88' lang='lat' dir='ltr'><strong>modo</strong></span> <span class='ocrx_word' id='word_1_383' title='bbox 1009 3799 1242 3861; x_wconf 78' lang='lat' dir='ltr'><strong>aﬂ‘ectis,</strong></span> <span class='ocrx_word' id='word_1_384' title='bbox 1291 3812 1416 3854; x_wconf 90' lang='lat' dir='ltr'><strong>cum</strong></span> <span class='ocrx_word' id='word_1_385' title='bbox 1472 3795 1851 3866; x_wconf 83' lang='lat' dir='ltr'><strong>spiritualiter,</strong></span> <span class='ocrx_word' id='word_1_386' title='bbox 1907 3801 2024 3848; x_wconf 92' lang='lat' dir='ltr'><strong>tum</strong></span> 
     </span>
    </p>
   </div>
   <div class='ocr_carea' id='block_1_55' title="bbox 443 3887 2028 3964">
    <p class='ocr_par' dir='ltr' id='par_1_55' title="bbox 443 3887 2028 3964">
     <span class='ocr_line' id='line_1_55' title="bbox 443 3887 2028 3964; baseline -0.005 -15"><span class='ocrx_word' id='word_1_387' title='bbox 443 3894 806 3964; x_wconf 84' lang='lat' dir='ltr'><strong>corporaliter</strong></span> <span class='ocrx_word' id='word_1_388' title='bbox 832 3893 1178 3948; x_wconf 87' lang='lat' dir='ltr'><strong>medebatur.</strong></span> <span class='ocrx_word' id='word_1_389' title='bbox 1211 3891 1462 3958; x_wconf 85' lang='lat' dir='ltr'><strong>Quonam</strong></span> <span class='ocrx_word' id='word_1_390' title='bbox 1493 3898 1676 3946; x_wconf 90' lang='lat' dir='ltr'><strong>autem</strong></span> <span class='ocrx_word' id='word_1_391' title='bbox 1713 3887 1874 3943; x_wconf 86' lang='lat' dir='ltr'><strong>modo</strong></span> <span class='ocrx_word' id='word_1_392' title='bbox 1899 3902 2028 3957; x_wconf 87' lang='lat' dir='ltr'><strong>pec-</strong></span> 
     </span>
    </p>
   </div>
   <div class='ocr_carea' id='block_1_56' title="bbox 441 3981 2030 4055">
    <p class='ocr_par' dir='ltr' id='par_1_56' title="bbox 441 3981 2030 4055">
     <span class='ocr_line' id='line_1_56' title="bbox 441 3981 2030 4055; baseline -0.004 -13"><span class='ocrx_word' id='word_1_393' title='bbox 441 3997 628 4043; x_wconf 85' lang='lat' dir='ltr'><strong>catum</strong></span> <span class='ocrx_word' id='word_1_394' title='bbox 663 4001 867 4052; x_wconf 86' lang='lat' dir='ltr'><strong>meum,</strong></span> <span class='ocrx_word' id='word_1_395' title='bbox 900 3986 1005 4040; x_wconf 90' lang='lat' dir='ltr'><strong>hoc</strong></span> <span class='ocrx_word' id='word_1_396' title='bbox 1045 3994 1154 4050; x_wconf 86' lang='lat' dir='ltr'><strong>est,</strong></span> <span class='ocrx_word' id='word_1_397' title='bbox 1182 3985 1378 4040; x_wconf 77' lang='lat' dir='ltr'><strong>Adami</strong></span> <span class='ocrx_word' id='word_1_398' title='bbox 1415 3987 1562 4055; x_wconf 84' lang='lat' dir='ltr'><strong>(Itnttl</strong></span> <span class='ocrx_word' id='word_1_399' title='bbox 1602 3983 1762 4053; x_wconf 87' lang='lat' dir='ltr'><strong>primi</strong></span> <span class='ocrx_word' id='word_1_400' title='bbox 1787 3981 2030 4052; x_wconf 89' lang='lat' dir='ltr'><strong>parentis</strong></span> 
     </span>
    </p>
   </div>
   <div class='ocr_carea' id='block_1_57' title="bbox 444 4067 2030 4148">
    <p class='ocr_par' dir='ltr' id='par_1_57' title="bbox 444 4067 2030 4148">
     <span class='ocr_line' id='line_1_57' title="bbox 444 4067 2030 4148; baseline -0.006 -16"><span class='ocrx_word' id='word_1_401' title='bbox 444 4087 732 4148; x_wconf 84' lang='lat' dir='ltr'><strong>peccatum</strong></span> <span class='ocrx_word' id='word_1_402' title='bbox 767 4091 949 4130; x_wconf 85' lang='lat' dir='ltr'><strong>meum</strong></span> <span class='ocrx_word' id='word_1_403' title='bbox 985 4091 1107 4131; x_wconf 88' lang='lat' dir='ltr'><strong>esse</strong></span> <span class='ocrx_word' id='word_1_404' title='bbox 1149 4073 1357 4141; x_wconf 86' lang='lat' dir='ltr'><strong>statuo)</strong></span> <span class='ocrx_word' id='word_1_405' title='bbox 1393 4089 1581 4128; x_wconf 88' lang='lat' dir='ltr'><strong>secum</strong></span> <span class='ocrx_word' id='word_1_406' title='bbox 1613 4072 1667 4126; x_wconf 88' lang='lat' dir='ltr'><strong>in</strong></span> <span class='ocrx_word' id='word_1_407' title='bbox 1715 4086 1879 4126; x_wconf 88' lang='lat' dir='ltr'><strong>cruce</strong></span> <span class='ocrx_word' id='word_1_408' title='bbox 1911 4067 2030 4125; x_wconf 79' lang='lat' dir='ltr'><strong>suf-</strong></span> 
     </span>
    </p>
   </div>
   <div class='ocr_carea' id='block_1_58' title="bbox 446 4162 2033 4237">
    <p class='ocr_par' dir='ltr' id='par_1_58' title="bbox 446 4162 2033 4237">
     <span class='ocr_line' id='line_1_58' title="bbox 446 4162 2033 4237; baseline -0.006 -13"><span class='ocrx_word' id='word_1_409' title='bbox 446 4171 647 4233; x_wconf 77' lang='lat' dir='ltr'><strong>ﬁxerit,</strong></span> <span class='ocrx_word' id='word_1_410' title='bbox 696 4168 825 4224; x_wconf 85' lang='lat' dir='ltr'><strong>audi</strong></span> <span class='ocrx_word' id='word_1_411' title='bbox 856 4185 873 4223; x_wconf 87' lang='lat'><strong>:</strong></span> <span class='ocrx_word' id='word_1_412' title='bbox 907 4167 1191 4237; x_wconf 61' lang='lat' dir='ltr'><strong>Praecepto</strong></span> <span class='ocrx_word' id='word_1_413' title='bbox 1222 4165 1434 4221; x_wconf 89' lang='lat' dir='ltr'><strong>Domini</strong></span> <span class='ocrx_word' id='word_1_414' title='bbox 1474 4179 1818 4236; x_wconf 80' lang='lat' dir='ltr'><strong>nequaquam</strong></span> <span class='ocrx_word' id='word_1_415' title='bbox 1853 4162 2033 4231; x_wconf 92' lang='lat' dir='ltr'><strong>paruit</strong></span> 
     </span>
    </p>
   </div>
   <div class='ocr_carea' id='block_1_59' title="bbox 444 4253 2034 4326">
    <p class='ocr_par' dir='ltr' id='par_1_59' title="bbox 444 4253 2034 4326">
     <span class='ocr_line' id='line_1_59' title="bbox 444 4253 2034 4326; baseline -0.005 -10"><span class='ocrx_word' id='word_1_416' title='bbox 444 4263 726 4326; x_wconf 74' lang='lat' dir='ltr'><strong>Adamus;</strong></span> <span class='ocrx_word' id='word_1_417' title='bbox 756 4271 812 4316; x_wconf 90' lang='lat' dir='ltr'><strong>at</strong></span> <span class='ocrx_word' id='word_1_418' title='bbox 857 4267 1131 4322; x_wconf 80' lang='lat' dir='ltr'><strong>Christus.</strong></span> <span class='ocrx_word' id='word_1_419' title='bbox 1187 4273 1366 4314; x_wconf 87' lang='lat' dir='ltr'><strong>novus</strong></span> <span class='ocrx_word' id='word_1_420' title='bbox 1416 4257 1612 4323; x_wconf 82' lang='lat' dir='ltr'><strong>Adam,</strong></span> <span class='ocrx_word' id='word_1_421' title='bbox 1656 4257 1797 4310; x_wconf 89' lang='lat' dir='ltr'><strong>hanc</strong></span> <span class='ocrx_word' id='word_1_422' title='bbox 1836 4253 2034 4309; x_wconf 79' lang='lat' dir='ltr'><strong>veteris</strong></span> 
     </span>
    </p>
   </div>
   <div class='ocr_carea' id='block_1_60' title="bbox 446 4347 2032 4416">
    <p class='ocr_par' dir='ltr' id='par_1_60' title="bbox 446 4347 2032 4416">
     <span class='ocr_line' id='line_1_60' title="bbox 446 4347 2032 4416; baseline -0.007 -4"><span class='ocrx_word' id='word_1_423' title='bbox 446 4354 875 4412; x_wconf 84' lang='lat' dir='ltr'><strong>inobedientiam</strong></span> <span class='ocrx_word' id='word_1_424' title='bbox 921 4351 1167 4416; x_wconf 85' lang='lat' dir='ltr'><strong>sustulit,</strong></span> <span class='ocrx_word' id='word_1_425' title='bbox 1201 4351 1467 4407; x_wconf 86' lang='lat' dir='ltr'><strong>obediens</strong></span> <span class='ocrx_word' id='word_1_426' title='bbox 1504 4349 1685 4404; x_wconf 87' lang='lat' dir='ltr'><strong>factus</strong></span> <span class='ocrx_word' id='word_1_427' title='bbox 1741 4363 1916 4416; x_wconf 85' lang='lat' dir='ltr'><strong>usque</strong></span> <span class='ocrx_word' id='word_1_428' title='bbox 1963 4347 2032 4402; x_wconf 87' lang='lat' dir='ltr'><strong>ad</strong></span> 
     </span>
    </p>
   </div>
   <div class='ocr_carea' id='block_1_61' title="bbox 449 4442 2036 4510">
    <p class='ocr_par' dir='ltr' id='par_1_61' title="bbox 449 4442 2036 4510">
     <span class='ocr_line' id='line_1_61' title="bbox 449 4442 2036 4510; baseline -0.005 -8"><span class='ocrx_word' id='word_1_429' title='bbox 449 4456 720 4507; x_wconf 87' lang='lat' dir='ltr'><strong>mortem.</strong></span> <span class='ocrx_word' id='word_1_430' title='bbox 783 4456 1016 4501; x_wconf 86' lang='lat' dir='ltr'><strong>mortem</strong></span> <span class='ocrx_word' id='word_1_431' title='bbox 1069 4454 1251 4499; x_wconf 84' lang='lat' dir='ltr'><strong>autem</strong></span> <span class='ocrx_word' id='word_1_432' title='bbox 1313 4442 1599 4507; x_wconf 78' lang='lat' dir='ltr'><strong>crucis“,</strong></span> <span class='ocrx_word' id='word_1_433' title='bbox 1662 4454 2036 4510; x_wconf 89' lang='lat' dir='ltr'><strong>manuumque</strong></span> 
     </span>
    </p>
   </div>
   <div class='ocr_carea' id='block_1_62' title="bbox 2110 1968 3690 2032">
    <p class='ocr_par' dir='ltr' id='par_1_62' title="bbox 2110 1968 3690 2032">
     <span class='ocr_line' id='line_1_62' title="bbox 2110 1968 3690 2032; baseline -0.003 -15"><span class='ocrx_word' id='word_1_434' title='bbox 2110 1978 2278 2018; x_wconf 87' lang='lat' dir='ltr'><strong>unum</strong></span> <span class='ocrx_word' id='word_1_435' title='bbox 2309 1971 2494 2032; x_wconf 87' lang='lat' dir='ltr'><strong>caput,</strong></span> <span class='ocrx_word' id='word_1_436' title='bbox 2529 1971 2695 2032; x_wconf 85' lang='lat' dir='ltr'><strong>atque</strong></span> <span class='ocrx_word' id='word_1_437' title='bbox 2744 1979 2887 2017; x_wconf 87' lang='lat' dir='ltr'><strong>unus</strong></span> <span class='ocrx_word' id='word_1_438' title='bbox 2937 1977 3138 2032; x_wconf 80' lang='lat' dir='ltr'><strong>SCOpllS</strong></span> <span class='ocrx_word' id='word_1_439' title='bbox 3189 1968 3294 2026; x_wconf 91' lang='lat' dir='ltr'><strong>est,</strong></span> <span class='ocrx_word' id='word_1_440' title='bbox 3335 1975 3532 2030; x_wconf 86' lang='lat' dir='ltr'><strong>nempe</strong></span> <span class='ocrx_word' id='word_1_441' title='bbox 3567 1974 3690 2014; x_wconf 87' lang='lat' dir='ltr'><strong>mea</strong></span> 
     </span>
    </p>
   </div>
   <div class='ocr_carea' id='block_1_63' title="bbox 2111 2050 3771 2122">
    <p class='ocr_par' dir='ltr' id='par_1_63' title="bbox 2111 2050 3771 2122">
     <span class='ocr_line' id='line_1_63' title="bbox 2111 2050 3771 2122; baseline -0.004 -14"><span class='ocrx_word' id='word_1_442' title='bbox 2111 2054 2395 2122; x_wconf 85' lang='lat' dir='ltr'><strong>perfectio.</strong></span> <span class='ocrx_word' id='word_1_443' title='bbox 2439 2051 2557 2109; x_wconf 78' lang='lat' dir='ltr'><strong>Mea</strong></span> <span class='ocrx_word' id='word_1_444' title='bbox 2592 2053 2792 2109; x_wconf 87' lang='lat' dir='ltr'><strong>etenim</strong></span> <span class='ocrx_word' id='word_1_445' title='bbox 2823 2069 2991 2109; x_wconf 87' lang='lat' dir='ltr'><strong>causa</strong></span> <span class='ocrx_word' id='word_1_446' title='bbox 3034 2053 3128 2108; x_wconf 91' lang='lat' dir='ltr'><strong>Dei</strong></span> <span class='ocrx_word' id='word_1_447' title='bbox 3180 2051 3486 2107; x_wconf 89' lang='lat' dir='ltr'><strong>incarnatio</strong></span> <span class='ocrx_word' id='word_1_448' title='bbox 3516 2050 3690 2104; x_wconf 88' lang='lat' dir='ltr'><strong>conti-</strong></span> <span class='ocrx_word' id='word_1_449' title='bbox 3759 2062 3771 2072; x_wconf 85' lang='lat'><strong>&#39;</strong></span> 
     </span>
    </p>
   </div>
   <div class='ocr_carea' id='block_1_64' title="bbox 2111 2139 3692 2218">
    <p class='ocr_par' dir='ltr' id='par_1_64' title="bbox 2111 2139 3692 2218">
     <span class='ocr_line' id='line_1_64' title="bbox 2111 2139 3692 2218; baseline -0.004 -19"><span class='ocrx_word' id='word_1_450' title='bbox 2111 2149 2210 2218; x_wconf 86' lang='lat' dir='ltr'><strong>git.</strong></span> <span class='ocrx_word' id='word_1_451' title='bbox 2249 2148 2548 2217; x_wconf 88' lang='lat' dir='ltr'><strong>omniaque</strong></span> <span class='ocrx_word' id='word_1_452' title='bbox 2578 2146 2754 2216; x_wconf 91' lang='lat' dir='ltr'><strong>ipsius</strong></span> <span class='ocrx_word' id='word_1_453' title='bbox 2793 2145 3076 2217; x_wconf 85' lang='lat' dir='ltr'><strong>mysteria,</strong></span> <span class='ocrx_word' id='word_1_454' title='bbox 3111 2151 3172 2200; x_wconf 93' lang='lat' dir='ltr'><strong>ut</strong></span> <span class='ocrx_word' id='word_1_455' title='bbox 3204 2159 3305 2216; x_wconf 87' lang='lat' dir='ltr'><strong>ego</strong></span> <span class='ocrx_word' id='word_1_456' title='bbox 3340 2158 3434 2213; x_wconf 90' lang='lat' dir='ltr'><strong>per</strong></span> <span class='ocrx_word' id='word_1_457' title='bbox 3463 2139 3692 2195; x_wconf 85' lang='lat' dir='ltr'><strong>manda-</strong></span> 
     </span>
    </p>
   </div>
   <div class='ocr_carea' id='block_1_65' title="bbox 2115 2225 3694 2309">
    <p class='ocr_par' dir='ltr' id='par_1_65' title="bbox 2115 2225 3694 2309">
     <span class='ocr_line' id='line_1_65' title="bbox 2115 2225 3694 2309; baseline -0.006 -14"><span class='ocrx_word' id='word_1_458' title='bbox 2115 2250 2294 2296; x_wconf 89' lang='lat' dir='ltr'><strong>torum</strong></span> <span class='ocrx_word' id='word_1_459' title='bbox 2331 2239 2768 2296; x_wconf 81' lang='lat' dir='ltr'><strong>observationem</strong></span> <span class='ocrx_word' id='word_1_460' title='bbox 2811 2237 3087 2309; x_wconf 86' lang='lat' dir='ltr'><strong>perfectus</strong></span> <span class='ocrx_word' id='word_1_461' title='bbox 3113 2237 3266 2304; x_wconf 79' lang='lat' dir='ltr'><strong>fiam,</strong></span> <span class='ocrx_word' id='word_1_462' title='bbox 3297 2251 3362 2291; x_wconf 91' lang='lat' dir='ltr'><strong>ac</strong></span> <span class='ocrx_word' id='word_1_463' title='bbox 3392 2249 3488 2305; x_wconf 87' lang='lat' dir='ltr'><strong>per</strong></span> <span class='ocrx_word' id='word_1_464' title='bbox 3511 2225 3694 2288; x_wconf 37' lang='lat' dir='ltr'><strong>&#39;virtu-</strong></span> 
     </span>
    </p>
   </div>
   <div class='ocr_carea' id='block_1_66' title="bbox 2115 2314 3693 2403">
    <p class='ocr_par' dir='ltr' id='par_1_66' title="bbox 2115 2314 3693 2403">
     <span class='ocr_line' id='line_1_66' title="bbox 2115 2314 3693 2403; baseline -0.008 -15"><span class='ocrx_word' id='word_1_465' title='bbox 2115 2342 2231 2388; x_wconf 90' lang='lat' dir='ltr'><strong>tum</strong></span> <span class='ocrx_word' id='word_1_466' title='bbox 2264 2331 2658 2403; x_wconf 85' lang='lat' dir='ltr'><strong>perfectionem</strong></span> <span class='ocrx_word' id='word_1_467' title='bbox 2686 2329 2778 2384; x_wconf 87' lang='lat' dir='ltr'><strong>Dei</strong></span> <span class='ocrx_word' id='word_1_468' title='bbox 2810 2344 3008 2384; x_wconf 89' lang='lat' dir='ltr'><strong>nomen</strong></span> <span class='ocrx_word' id='word_1_469' title='bbox 3042 2314 3372 2398; x_wconf 79' lang='lat' dir='ltr'><strong>consequar,</strong></span> <span class='ocrx_word' id='word_1_470' title='bbox 3405 2324 3693 2387; x_wconf 88' lang='lat' dir='ltr'><strong>nimirum,</strong></span> 
     </span>
    </p>
   </div>
   <div class='ocr_carea' id='block_1_67' title="bbox 2118 2414 3696 2496">
    <p class='ocr_par' dir='ltr' id='par_1_67' title="bbox 2118 2414 3696 2496">
     <span class='ocr_line' id='line_1_67' title="bbox 2118 2414 3696 2496; baseline -0.008 -16"><span class='ocrx_word' id='word_1_471' title='bbox 2118 2442 2213 2496; x_wconf 90' lang='lat' dir='ltr'><strong>per</strong></span> <span class='ocrx_word' id='word_1_472' title='bbox 2245 2426 2579 2496; x_wconf 87' lang='lat' dir='ltr'><strong>baptismum</strong></span> <span class='ocrx_word' id='word_1_473' title='bbox 2607 2425 2984 2487; x_wconf 86' lang='lat' dir='ltr'><strong>instauratus;</strong></span> <span class='ocrx_word' id='word_1_474' title='bbox 3020 2431 3186 2490; x_wconf 88' lang='lat' dir='ltr'><strong>atque</strong></span> <span class='ocrx_word' id='word_1_475' title='bbox 3216 2419 3281 2474; x_wconf 90' lang='lat' dir='ltr'><strong>ad</strong></span> <span class='ocrx_word' id='word_1_476' title='bbox 3314 2417 3471 2488; x_wconf 86' lang='lat' dir='ltr'><strong>primi</strong></span> <span class='ocrx_word' id='word_1_477' title='bbox 3504 2414 3696 2470; x_wconf 70' lang='lat' dir='ltr'><strong>Adami</strong></span> 
     </span>
    </p>
   </div>
   <div class='ocr_carea' id='block_1_68' title="bbox 2115 2508 3695 2589">
    <p class='ocr_par' dir='ltr' id='par_1_68' title="bbox 2115 2508 3695 2589">
     <span class='ocr_line' id='line_1_68' title="bbox 2115 2508 3695 2589; baseline -0.007 -17"><span class='ocrx_word' id='word_1_478' title='bbox 2115 2518 2436 2589; x_wconf 87' lang='lat' dir='ltr'><strong>dignitatem</strong></span> <span class='ocrx_word' id='word_1_479' title='bbox 2466 2516 2996 2587; x_wconf 88' lang='lat' dir='ltr'><strong>amplitudinemque</strong></span> <span class='ocrx_word' id='word_1_480' title='bbox 3020 2514 3264 2578; x_wconf 87' lang='lat' dir='ltr'><strong>redeam,</strong></span> <span class='ocrx_word' id='word_1_481' title='bbox 3294 2510 3400 2565; x_wconf 91' lang='lat' dir='ltr'><strong>hoc</strong></span> <span class='ocrx_word' id='word_1_482' title='bbox 3423 2518 3529 2572; x_wconf 66' lang='lat' dir='ltr'><strong>est,</strong></span> <span class='ocrx_word' id='word_1_483' title='bbox 3553 2508 3695 2578; x_wconf 88' lang='lat' dir='ltr'><strong>ejus,</strong></span> 
     </span>
    </p>
   </div>
   <div class='ocr_carea' id='block_1_69' title="bbox 2115 2605 3700 2682">
    <p class='ocr_par' dir='ltr' id='par_1_69' title="bbox 2115 2605 3700 2682">
     <span class='ocr_line' id='line_1_69' title="bbox 2115 2605 3700 2682; baseline -0.008 -18"><span class='ocrx_word' id='word_1_484' title='bbox 2115 2611 2207 2682; x_wconf 90' lang='lat' dir='ltr'><strong>qui</strong></span> <span class='ocrx_word' id='word_1_485' title='bbox 2262 2619 2392 2664; x_wconf 85' lang='lat' dir='ltr'><strong>ante</strong></span> <span class='ocrx_word' id='word_1_486' title='bbox 2449 2608 2696 2662; x_wconf 86' lang='lat' dir='ltr'><strong>mandati</strong></span> <span class='ocrx_word' id='word_1_487' title='bbox 2758 2605 3256 2675; x_wconf 86' lang='lat' dir='ltr'><strong>transgressionem</strong></span> <span class='ocrx_word' id='word_1_488' title='bbox 3312 2610 3447 2664; x_wconf 87' lang='lat' dir='ltr'><strong>erat,</strong></span> <span class='ocrx_word' id='word_1_489' title='bbox 3509 2614 3538 2652; x_wconf 90' lang='lat' dir='ltr'><strong>a</strong></span> <span class='ocrx_word' id='word_1_490' title='bbox 3589 2613 3700 2667; x_wconf 84' lang='lat' dir='ltr'><strong>qua</strong></span> 
     </span>
    </p>
   </div>
   <div class='ocr_carea' id='block_1_70' title="bbox 2115 2692 3628 2769">
    <p class='ocr_par' dir='ltr' id='par_1_70' title="bbox 2115 2692 3628 2769">
     <span class='ocr_line' id='line_1_70' title="bbox 2115 2692 3628 2769; baseline -0.011 -11"><span class='ocrx_word' id='word_1_491' title='bbox 2115 2718 2310 2759; x_wconf 90' lang='lat' dir='ltr'><strong>omnes</strong></span> <span class='ocrx_word' id='word_1_492' title='bbox 2339 2702 2504 2758; x_wconf 89' lang='lat' dir='ltr'><strong>simul</strong></span> <span class='ocrx_word' id='word_1_493' title='bbox 2531 2715 2656 2756; x_wconf 93' lang='lat' dir='ltr'><strong>cum</strong></span> <span class='ocrx_word' id='word_1_494' title='bbox 2696 2714 2763 2754; x_wconf 90' lang='lat' dir='ltr'><strong>eo</strong></span> <span class='ocrx_word' id='word_1_495' title='bbox 2787 2697 2986 2769; x_wconf 83' lang='lat' dir='ltr'><strong>dejeeti</strong></span> <span class='ocrx_word' id='word_1_496' title='bbox 3023 2711 3086 2750; x_wconf 91' lang='lat' dir='ltr'><strong>ac</strong></span> <span class='ocrx_word' id='word_1_497' title='bbox 3116 2692 3374 2750; x_wconf 85' lang='lat' dir='ltr'><strong>orostrati</strong></span> <span class='ocrx_word' id='word_1_498' title='bbox 3407 2706 3628 2746; x_wconf 79' lang='lat' dir='ltr'><strong>StlllltlS.</strong></span> 
     </span>
    </p>
   </div>
   <div class='ocr_carea' id='block_1_71' title="bbox 2186 2875 3698 2945">
    <p class='ocr_par' dir='ltr' id='par_1_71' title="bbox 2186 2875 3698 2945">
     <span class='ocr_line' id='line_1_71' title="bbox 2186 2875 3698 2945; baseline -0.009 -7"><span class='ocrx_word' id='word_1_499' title='bbox 2186 2885 2308 2939; x_wconf 89' lang='lat' dir='ltr'><strong>Col.</strong></span> <span class='ocrx_word' id='word_1_500' title='bbox 2337 2882 2442 2940; x_wconf 77' lang='lat'><strong>550</strong></span> <span class='ocrx_word' id='word_1_501' title='bbox 2487 2881 2552 2936; x_wconf 92' lang='lat' dir='ltr'><strong>D.</strong></span> <span class='ocrx_word' id='word_1_502' title='bbox 2594 2878 2752 2934; x_wconf 83' lang='lat' dir='ltr'><strong>Nunc</strong></span> <span class='ocrx_word' id='word_1_503' title='bbox 2791 2887 2964 2932; x_wconf 84' lang='lat' dir='ltr'><strong>autent</strong></span> <span class='ocrx_word' id='word_1_504' title='bbox 3015 2885 3319 2945; x_wconf 77' lang='lat' dir='ltr'><strong>conceptum</strong></span> <span class='ocrx_word' id='word_1_505' title='bbox 3347 2875 3545 2944; x_wconf 87' lang='lat' dir='ltr'><strong>accipe,</strong></span> <span class='ocrx_word' id='word_1_506' title='bbox 3588 2878 3698 2926; x_wconf 87' lang='lat' dir='ltr'><strong>etc.</strong></span> 
     </span>
    </p>
   </div>
   <div class='ocr_carea' id='block_1_72' title="bbox 2117 2970 3712 3046">
    <p class='ocr_par' dir='ltr' id='par_1_72' title="bbox 2117 2970 3712 3046">
     <span class='ocr_line' id='line_1_72' title="bbox 2117 2970 3712 3046; baseline -0.009 -15"><span class='ocrx_word' id='word_1_507' title='bbox 2117 2975 2267 3041; x_wconf 66' lang='lat' dir='ltr'><strong>Haec,</strong></span> <span class='ocrx_word' id='word_1_508' title='bbox 2296 2975 2496 3046; x_wconf 89' lang='lat' dir='ltr'><strong>inquit,</strong></span> <span class='ocrx_word' id='word_1_509' title='bbox 2527 2973 2734 3030; x_wconf 86' lang='lat' dir='ltr'><strong>Christi</strong></span> <span class='ocrx_word' id='word_1_510' title='bbox 2773 2987 2805 3027; x_wconf 87' lang='lat' dir='ltr'><strong>a</strong></span> <span class='ocrx_word' id='word_1_511' title='bbox 2849 2970 3007 3026; x_wconf 87' lang='lat' dir='ltr'><strong>nobis</strong></span> <span class='ocrx_word' id='word_1_512' title='bbox 3037 2976 3466 3025; x_wconf 87' lang='lat' dir='ltr'><strong>commemorata</strong></span> <span class='ocrx_word' id='word_1_513' title='bbox 3512 2979 3712 3034; x_wconf 74' lang='lat' dir='ltr'><strong>Opera,</strong></span> 
     </span>
    </p>
   </div>
   <div class='ocr_carea' id='block_1_73' title="bbox 2119 3058 3710 3141">
    <p class='ocr_par' dir='ltr' id='par_1_73' title="bbox 2119 3058 3710 3141">
     <span class='ocr_line' id='line_1_73' title="bbox 2119 3058 3710 3141; baseline -0.006 -20"><span class='ocrx_word' id='word_1_514' title='bbox 2119 3069 2611 3141; x_wconf 73' lang='lat' dir='ltr'><strong>perpessionesque</strong></span> <span class='ocrx_word' id='word_1_515' title='bbox 2636 3073 2826 3134; x_wconf 86' lang='lat' dir='ltr'><strong>postea</strong></span> <span class='ocrx_word' id='word_1_516' title='bbox 2874 3063 3104 3119; x_wconf 85' lang='lat' dir='ltr'><strong>videbis.</strong></span> <span class='ocrx_word' id='word_1_517' title='bbox 3128 3060 3286 3117; x_wconf 84' lang='lat' dir='ltr'><strong>Nunc</strong></span> <span class='ocrx_word' id='word_1_518' title='bbox 3320 3070 3504 3114; x_wconf 81' lang='lat' dir='ltr'><strong>autem</strong></span> <span class='ocrx_word' id='word_1_519' title='bbox 3529 3058 3710 3128; x_wconf 83' lang='lat' dir='ltr'><strong>ipsius</strong></span> 
     </span>
    </p>
   </div>
   <div class='ocr_carea' id='block_1_74' title="bbox 2123 3152 3707 3229">
    <p class='ocr_par' dir='ltr' id='par_1_74' title="bbox 2123 3152 3707 3229">
     <span class='ocr_line' id='line_1_74' title="bbox 2123 3152 3707 3229; baseline -0.008 -14"><span class='ocrx_word' id='word_1_520' title='bbox 2123 3161 2465 3216; x_wconf 81' lang='lat' dir='ltr'><strong>nativitatem</strong></span> <span class='ocrx_word' id='word_1_521' title='bbox 2492 3160 2699 3229; x_wconf 90' lang='lat' dir='ltr'><strong>accipe,</strong></span> <span class='ocrx_word' id='word_1_522' title='bbox 2741 3173 2807 3214; x_wconf 91' lang='lat' dir='ltr'><strong>ac</strong></span> <span class='ocrx_word' id='word_1_523' title='bbox 2851 3171 3037 3212; x_wconf 90' lang='lat' dir='ltr'><strong>coram</strong></span> <span class='ocrx_word' id='word_1_524' title='bbox 3078 3170 3147 3210; x_wconf 91' lang='lat' dir='ltr'><strong>eo</strong></span> <span class='ocrx_word' id='word_1_525' title='bbox 3179 3155 3319 3211; x_wconf 86' lang='lat' dir='ltr'><strong>salta</strong></span> <span class='ocrx_word' id='word_1_526' title='bbox 3349 3168 3366 3209; x_wconf 89' lang='lat'><strong>:</strong></span> <span class='ocrx_word' id='word_1_527' title='bbox 3400 3152 3447 3208; x_wconf 89' lang='lat' dir='ltr'><strong>si</strong></span> <span class='ocrx_word' id='word_1_528' title='bbox 3497 3167 3606 3206; x_wconf 92' lang='lat' dir='ltr'><strong>non</strong></span> <span class='ocrx_word' id='word_1_529' title='bbox 3645 3159 3707 3204; x_wconf 89' lang='lat' dir='ltr'><strong>ut</strong></span> 
     </span>
    </p>
   </div>
   <div class='ocr_carea' id='block_1_75' title="bbox 2125 3239 3707 3315">
    <p class='ocr_par' dir='ltr' id='par_1_75' title="bbox 2125 3239 3707 3315">
     <span class='ocr_line' id='line_1_75' title="bbox 2125 3239 3707 3315; baseline -0.008 -9"><span class='ocrx_word' id='word_1_530' title='bbox 2125 3250 2388 3315; x_wconf 81' lang='lat' dir='ltr'><strong>Joannes,</strong></span> <span class='ocrx_word' id='word_1_531' title='bbox 2443 3259 2501 3306; x_wconf 82' lang='lat' dir='ltr'><strong>at</strong></span> <span class='ocrx_word' id='word_1_532' title='bbox 2545 3257 2694 3306; x_wconf 90' lang='lat' dir='ltr'><strong>certe</strong></span> <span class='ocrx_word' id='word_1_533' title='bbox 2730 3257 2794 3304; x_wconf 91' lang='lat' dir='ltr'><strong>ut</strong></span> <span class='ocrx_word' id='word_1_534' title='bbox 2827 3247 3015 3303; x_wconf 86' lang='lat' dir='ltr'><strong>David.</strong></span> <span class='ocrx_word' id='word_1_535' title='bbox 3053 3244 3226 3301; x_wconf 88' lang='lat' dir='ltr'><strong>Porro</strong></span> <span class='ocrx_word' id='word_1_536' title='bbox 3273 3243 3512 3299; x_wconf 84' lang='lat' dir='ltr'><strong>Joannes</strong></span> <span class='ocrx_word' id='word_1_537' title='bbox 3557 3239 3707 3302; x_wconf 69' lang='lat' dir='ltr'><strong>Prae-</strong></span> 
     </span>
    </p>
   </div>
   <div class='ocr_carea' id='block_1_76' title="bbox 2123 3333 3707 3415">
    <p class='ocr_par' dir='ltr' id='par_1_76' title="bbox 2123 3333 3707 3415">
     <span class='ocr_line' id='line_1_76' title="bbox 2123 3333 3707 3415; baseline -0.008 -13"><span class='ocrx_word' id='word_1_538' title='bbox 2123 3361 2318 3402; x_wconf 90' lang='lat' dir='ltr'><strong>cnrsor</strong></span> <span class='ocrx_word' id='word_1_539' title='bbox 2362 3347 2594 3415; x_wconf 75' lang='lat' dir='ltr'><strong>figuram</strong></span> <span class='ocrx_word' id='word_1_540' title='bbox 2635 3357 2830 3399; x_wconf 87' lang='lat' dir='ltr'><strong>eorum</strong></span> <span class='ocrx_word' id='word_1_541' title='bbox 2884 3340 3045 3412; x_wconf 88' lang='lat' dir='ltr'><strong>gerit,</strong></span> <span class='ocrx_word' id='word_1_542' title='bbox 3093 3339 3186 3410; x_wconf 90' lang='lat' dir='ltr'><strong>qui</strong></span> <span class='ocrx_word' id='word_1_543' title='bbox 3233 3338 3303 3393; x_wconf 89' lang='lat' dir='ltr'><strong>ab</strong></span> <span class='ocrx_word' id='word_1_544' title='bbox 3351 3333 3707 3392; x_wconf 85' lang='lat' dir='ltr'><strong>incunabulis</strong></span> 
     </span>
    </p>
   </div>
   <div class='ocr_carea' id='block_1_77' title="bbox 2123 3426 3706 3507">
    <p class='ocr_par' dir='ltr' id='par_1_77' title="bbox 2123 3426 3706 3507">
     <span class='ocr_line' id='line_1_77' title="bbox 2123 3426 3706 3507; baseline -0.009 -13"><span class='ocrx_word' id='word_1_545' title='bbox 2123 3439 2312 3494; x_wconf 82' lang='lat' dir='ltr'><strong>divino</strong></span> <span class='ocrx_word' id='word_1_546' title='bbox 2353 3437 2684 3507; x_wconf 88' lang='lat' dir='ltr'><strong>baptismate</strong></span> <span class='ocrx_word' id='word_1_547' title='bbox 2714 3432 2948 3506; x_wconf 88' lang='lat' dir='ltr'><strong>perfusi,</strong></span> <span class='ocrx_word' id='word_1_548' title='bbox 2986 3440 3153 3500; x_wconf 86' lang='lat' dir='ltr'><strong>atque</strong></span> <span class='ocrx_word' id='word_1_549' title='bbox 3185 3447 3214 3485; x_wconf 89' lang='lat' dir='ltr'><strong>a</strong></span> <span class='ocrx_word' id='word_1_550' title='bbox 3249 3445 3422 3500; x_wconf 91' lang='lat' dir='ltr'><strong>puero</strong></span> <span class='ocrx_word' id='word_1_551' title='bbox 3456 3426 3706 3484; x_wconf 78' lang='lat' dir='ltr'><strong>sanctiﬁ-</strong></span> 
     </span>
    </p>
   </div>
   <div class='ocr_carea' id='block_1_78' title="bbox 2125 3519 3710 3596">
    <p class='ocr_par' dir='ltr' id='par_1_78' title="bbox 2125 3519 3710 3596">
     <span class='ocr_line' id='line_1_78' title="bbox 2125 3519 3710 3596; baseline -0.009 -8"><span class='ocrx_word' id='word_1_552' title='bbox 2125 3532 2232 3588; x_wconf 88' lang='lat' dir='ltr'><strong>cati</strong></span> <span class='ocrx_word' id='word_1_553' title='bbox 2261 3539 2414 3596; x_wconf 89' lang='lat' dir='ltr'><strong>sunt,</strong></span> <span class='ocrx_word' id='word_1_554' title='bbox 2447 3538 2502 3585; x_wconf 90' lang='lat' dir='ltr'><strong>et</strong></span> <span class='ocrx_word' id='word_1_555' title='bbox 2534 3528 2601 3583; x_wconf 87' lang='lat' dir='ltr'><strong>ad</strong></span> <span class='ocrx_word' id='word_1_556' title='bbox 2645 3536 2953 3584; x_wconf 81' lang='lat' dir='ltr'><strong>extremum</strong></span> <span class='ocrx_word' id='word_1_557' title='bbox 2996 3539 3176 3595; x_wconf 85' lang='lat' dir='ltr'><strong>usque</strong></span> <span class='ocrx_word' id='word_1_558' title='bbox 3207 3520 3544 3593; x_wconf 88' lang='lat' dir='ltr'><strong>proliciendo</strong></span> <span class='ocrx_word' id='word_1_559' title='bbox 3576 3519 3710 3576; x_wconf 88' lang='lat' dir='ltr'><strong>soli-</strong></span> 
     </span>
    </p>
   </div>
   <div class='ocr_carea' id='block_1_79' title="bbox 2125 3612 3710 3687">
    <p class='ocr_par' dir='ltr' id='par_1_79' title="bbox 2125 3612 3710 3687">
     <span class='ocr_line' id='line_1_79' title="bbox 2125 3612 3710 3687; baseline -0.009 -9"><span class='ocrx_word' id='word_1_560' title='bbox 2125 3622 2414 3678; x_wconf 86' lang='lat' dir='ltr'><strong>dissimum</strong></span> <span class='ocrx_word' id='word_1_561' title='bbox 2483 3619 3111 3687; x_wconf 78' lang='lat' dir='ltr'><strong>constantissimamque</strong></span> <span class='ocrx_word' id='word_1_562' title='bbox 3165 3615 3387 3672; x_wconf 88' lang='lat' dir='ltr'><strong>virtutis</strong></span> <span class='ocrx_word' id='word_1_563' title='bbox 3459 3612 3710 3673; x_wconf 87' lang='lat' dir='ltr'><strong>habitum</strong></span> 
     </span>
    </p>
   </div>
   <div class='ocr_carea' id='block_1_80' title="bbox 2127 3704 3712 3771">
    <p class='ocr_par' dir='ltr' id='par_1_80' title="bbox 2127 3704 3712 3771">
     <span class='ocr_line' id='line_1_80' title="bbox 2127 3704 3712 3771; baseline -0.006 -3"><span class='ocrx_word' id='word_1_564' title='bbox 2127 3720 2479 3771; x_wconf 81' lang='lat' dir='ltr'><strong>conservant.</strong></span> <span class='ocrx_word' id='word_1_565' title='bbox 2505 3709 2640 3765; x_wconf 82' lang='lat' dir='ltr'><strong>Nam</strong></span> <span class='ocrx_word' id='word_1_566' title='bbox 2674 3725 2804 3765; x_wconf 92' lang='lat' dir='ltr'><strong>cum</strong></span> <span class='ocrx_word' id='word_1_567' title='bbox 2834 3709 3016 3764; x_wconf 89' lang='lat' dir='ltr'><strong>adhuc</strong></span> <span class='ocrx_word' id='word_1_568' title='bbox 3043 3709 3096 3761; x_wconf 88' lang='lat' dir='ltr'><strong>in</strong></span> <span class='ocrx_word' id='word_1_569' title='bbox 3130 3715 3378 3761; x_wconf 88' lang='lat' dir='ltr'><strong>materna</strong></span> <span class='ocrx_word' id='word_1_570' title='bbox 3404 3704 3526 3760; x_wconf 90' lang='lat' dir='ltr'><strong>alvo</strong></span> <span class='ocrx_word' id='word_1_571' title='bbox 3545 3712 3712 3767; x_wconf 85' lang='lat' dir='ltr'><strong>esset.</strong></span> 
     </span>
    </p>
   </div>
   <div class='ocr_carea' id='block_1_81' title="bbox 2105 3797 3716 3873">
    <p class='ocr_par' dir='ltr' id='par_1_81' title="bbox 2105 3797 3716 3873">
     <span class='ocr_line' id='line_1_81' title="bbox 2105 3797 3716 3873; baseline -0.008 -10"><span class='ocrx_word' id='word_1_572' title='bbox 2105 3806 2423 3863; x_wconf 34' lang='lat' dir='ltr'><strong>.Dominum</strong></span> <span class='ocrx_word' id='word_1_573' title='bbox 2469 3819 2632 3859; x_wconf 90' lang='lat' dir='ltr'><strong>suum</strong></span> <span class='ocrx_word' id='word_1_574' title='bbox 2685 3802 2930 3873; x_wconf 86' lang='lat' dir='ltr'><strong>agnovit,</strong></span> <span class='ocrx_word' id='word_1_575' title='bbox 2983 3810 3036 3856; x_wconf 90' lang='lat' dir='ltr'><strong>et</strong></span> <span class='ocrx_word' id='word_1_576' title='bbox 3081 3815 3207 3856; x_wconf 88' lang='lat' dir='ltr'><strong>cum</strong></span> <span class='ocrx_word' id='word_1_577' title='bbox 3260 3813 3477 3854; x_wconf 86' lang='lat' dir='ltr'><strong>summa</strong></span> <span class='ocrx_word' id='word_1_578' title='bbox 3523 3797 3716 3857; x_wconf 70' lang='lat' dir='ltr'><strong>lartitia</strong></span> 
     </span>
    </p>
   </div>
   <div class='ocr_carea' id='block_1_82' title="bbox 2129 3890 3716 3966">
    <p class='ocr_par' dir='ltr' id='par_1_82' title="bbox 2129 3890 3716 3966">
     <span class='ocr_line' id='line_1_82' title="bbox 2129 3890 3716 3966; baseline -0.006 -12"><span class='ocrx_word' id='word_1_579' title='bbox 2129 3899 2358 3954; x_wconf 81' lang='lat' dir='ltr'><strong>exsiliit.</strong></span> <span class='ocrx_word' id='word_1_580' title='bbox 2393 3897 2665 3966; x_wconf 88' lang='lat' dir='ltr'><strong>Propheta</strong></span> <span class='ocrx_word' id='word_1_581' title='bbox 2718 3905 2902 3951; x_wconf 87' lang='lat' dir='ltr'><strong>autem</strong></span> <span class='ocrx_word' id='word_1_582' title='bbox 2947 3893 3117 3948; x_wconf 89' lang='lat' dir='ltr'><strong>David</strong></span> <span class='ocrx_word' id='word_1_583' title='bbox 3148 3905 3244 3948; x_wconf 87' lang='lat' dir='ltr'><strong>eos</strong></span> <span class='ocrx_word' id='word_1_584' title='bbox 3292 3890 3564 3956; x_wconf 79' lang='lat' dir='ltr'><strong>designat,</strong></span> <span class='ocrx_word' id='word_1_585' title='bbox 3617 3891 3716 3959; x_wconf 86' lang='lat' dir='ltr'><strong>qui</strong></span> 
     </span>
    </p>
   </div>
   <div class='ocr_carea' id='block_1_83' title="bbox 2131 3981 3718 4060">
    <p class='ocr_par' dir='ltr' id='par_1_83' title="bbox 2131 3981 3718 4060">
     <span class='ocr_line' id='line_1_83' title="bbox 2131 3981 3718 4060; baseline -0.007 -12"><span class='ocrx_word' id='word_1_586' title='bbox 2131 3994 2186 4049; x_wconf 88' lang='lat' dir='ltr'><strong>in</strong></span> <span class='ocrx_word' id='word_1_587' title='bbox 2221 3991 2415 4047; x_wconf 92' lang='lat' dir='ltr'><strong>vitium</strong></span> <span class='ocrx_word' id='word_1_588' title='bbox 2452 3988 2720 4060; x_wconf 89' lang='lat' dir='ltr'><strong>prolapsi,</strong></span> <span class='ocrx_word' id='word_1_589' title='bbox 2757 4001 2950 4042; x_wconf 88' lang='lat' dir='ltr'><strong>rursus</strong></span> <span class='ocrx_word' id='word_1_590' title='bbox 2982 3999 3078 4056; x_wconf 90' lang='lat' dir='ltr'><strong>per</strong></span> <span class='ocrx_word' id='word_1_591' title='bbox 3102 3983 3480 4054; x_wconf 66' lang='lat' dir='ltr'><strong>paenitentiam</strong></span> <span class='ocrx_word' id='word_1_592' title='bbox 3515 3981 3718 4037; x_wconf 66' lang='lat' dir='ltr'><strong>divinae</strong></span> 
     </span>
    </p>
   </div>
   <div class='ocr_carea' id='block_1_84' title="bbox 2133 4072 3720 4154">
    <p class='ocr_par' dir='ltr' id='par_1_84' title="bbox 2133 4072 3720 4154">
     <span class='ocr_line' id='line_1_84' title="bbox 2133 4072 3720 4154; baseline -0.005 -18"><span class='ocrx_word' id='word_1_593' title='bbox 2133 4084 2319 4154; x_wconf 68' lang='lat' dir='ltr'><strong>gratiae</strong></span> <span class='ocrx_word' id='word_1_594' title='bbox 2370 4080 2818 4145; x_wconf 78' lang='lat' dir='ltr'><strong>exsultationem,</strong></span> <span class='ocrx_word' id='word_1_595' title='bbox 2867 4091 2989 4148; x_wconf 70' lang='lat' dir='ltr'><strong>qum</strong></span> <span class='ocrx_word' id='word_1_596' title='bbox 3040 4075 3332 4132; x_wconf 88' lang='lat' dir='ltr'><strong>invirtute</strong></span> <span class='ocrx_word' id='word_1_597' title='bbox 3382 4081 3436 4128; x_wconf 92' lang='lat' dir='ltr'><strong>et</strong></span> <span class='ocrx_word' id='word_1_598' title='bbox 3481 4072 3720 4128; x_wconf 82' lang='lat' dir='ltr'><strong>scientia</strong></span> 
     </span>
    </p>
   </div>
   <div class='ocr_carea' id='block_1_85' title="bbox 2135 4163 3718 4248">
    <p class='ocr_par' dir='ltr' id='par_1_85' title="bbox 2135 4163 3718 4248">
     <span class='ocr_line' id='line_1_85' title="bbox 2135 4163 3718 4248; baseline -0.008 -16"><span class='ocrx_word' id='word_1_599' title='bbox 2135 4177 2309 4248; x_wconf 90' lang='lat' dir='ltr'><strong>posita</strong></span> <span class='ocrx_word' id='word_1_600' title='bbox 2342 4185 2449 4239; x_wconf 87' lang='lat' dir='ltr'><strong>est,</strong></span> <span class='ocrx_word' id='word_1_601' title='bbox 2486 4175 2687 4228; x_wconf 67' lang='lat' dir='ltr'><strong>animat</strong></span> <span class='ocrx_word' id='word_1_602' title='bbox 2733 4171 3046 4227; x_wconf 87' lang='lat' dir='ltr'><strong>restituunt.</strong></span> <span class='ocrx_word' id='word_1_603' title='bbox 3094 4167 3230 4222; x_wconf 85' lang='lat' dir='ltr'><strong>Nam</strong></span> <span class='ocrx_word' id='word_1_604' title='bbox 3291 4175 3346 4222; x_wconf 87' lang='lat' dir='ltr'><strong>et</strong></span> <span class='ocrx_word' id='word_1_605' title='bbox 3367 4163 3558 4230; x_wconf 87' lang='lat' dir='ltr'><strong>David,</strong></span> <span class='ocrx_word' id='word_1_606' title='bbox 3589 4180 3718 4220; x_wconf 87' lang='lat' dir='ltr'><strong>cum</strong></span> 
     </span>
    </p>
   </div>
   <div class='ocr_carea' id='block_1_86' title="bbox 2138 4256 3722 4332">
    <p class='ocr_par' dir='ltr' id='par_1_86' title="bbox 2138 4256 3722 4332">
     <span class='ocr_line' id='line_1_86' title="bbox 2138 4256 3722 4332; baseline -0.008 -8"><span class='ocrx_word' id='word_1_607' title='bbox 2138 4284 2196 4324; x_wconf 93' lang='lat' dir='ltr'><strong>se</strong></span> <span class='ocrx_word' id='word_1_608' title='bbox 2275 4265 2528 4321; x_wconf 84' lang='lat' dir='ltr'><strong>adulterii</strong></span> <span class='ocrx_word' id='word_1_609' title='bbox 2602 4263 2878 4332; x_wconf 60' lang='lat' dir='ltr'><strong>caedisque</strong></span> <span class='ocrx_word' id='word_1_610' title='bbox 2953 4259 3185 4316; x_wconf 89' lang='lat' dir='ltr'><strong>crimine</strong></span> <span class='ocrx_word' id='word_1_611' title='bbox 3250 4256 3722 4319; x_wconf 79' lang='lat' dir='ltr'><strong>constriuxisset,</strong></span> 
     </span>
    </p>
   </div>
   <div class='ocr_carea' id='block_1_87' title="bbox 2139 4349 3719 4434">
    <p class='ocr_par' dir='ltr' id='par_1_87' title="bbox 2139 4349 3719 4434">
     <span class='ocr_line' id='line_1_87' title="bbox 2139 4349 3719 4434; baseline -0.009 -16"><span class='ocrx_word' id='word_1_612' title='bbox 2139 4371 2328 4434; x_wconf 85' lang='lat' dir='ltr'><strong>postea</strong></span> <span class='ocrx_word' id='word_1_613' title='bbox 2392 4358 2595 4414; x_wconf 74' lang='lat' dir='ltr'><strong>eximia</strong></span> <span class='ocrx_word' id='word_1_614' title='bbox 2663 4367 2718 4412; x_wconf 90' lang='lat' dir='ltr'><strong>et</strong></span> <span class='ocrx_word' id='word_1_615' title='bbox 2768 4354 2978 4411; x_wconf 85' lang='lat' dir='ltr'><strong>ardenti</strong></span> <span class='ocrx_word' id='word_1_616' title='bbox 3037 4353 3240 4424; x_wconf 85' lang='lat' dir='ltr'><strong>pietate</strong></span> <span class='ocrx_word' id='word_1_617' title='bbox 3292 4351 3459 4420; x_wconf 76' lang='lat' dir='ltr'><strong>Denpt</strong></span> <span class='ocrx_word' id='word_1_618' title='bbox 3516 4349 3719 4415; x_wconf 90' lang='lat' dir='ltr'><strong>coluit,</strong></span> 
     </span>
    </p>
   </div>
   <div class='ocr_carea' id='block_1_88' title="bbox 2139 4449 3724 4524">
    <p class='ocr_par' dir='ltr' id='par_1_88' title="bbox 2139 4449 3724 4524">
     <span class='ocr_line' id='line_1_88' title="bbox 2139 4449 3724 4524; baseline -0.011 -13"><span class='ocrx_word' id='word_1_619' title='bbox 2139 4455 2297 4524; x_wconf 90' lang='lat' dir='ltr'><strong>eique</strong></span> <span class='ocrx_word' id='word_1_620' title='bbox 2332 4451 2557 4522; x_wconf 84' lang='lat' dir='ltr'><strong>placuit.</strong></span> <span class='ocrx_word' id='word_1_621' title='bbox 2614 4449 2860 4503; x_wconf 87' lang='lat' dir='ltr'><strong>Saltabat</strong></span> <span class='ocrx_word' id='word_1_622' title='bbox 2910 4456 3095 4501; x_wconf 90' lang='lat' dir='ltr'><strong>autem</strong></span> <span class='ocrx_word' id='word_1_623' title='bbox 3144 4458 3210 4499; x_wconf 89' lang='lat' dir='ltr'><strong>eo</strong></span> <span class='ocrx_word' id='word_1_624' title='bbox 3264 4451 3552 4512; x_wconf 88' lang='lat' dir='ltr'><strong>tempore,</strong></span> <span class='ocrx_word' id='word_1_625' title='bbox 3596 4451 3724 4494; x_wconf 88' lang='lat' dir='ltr'><strong>ante</strong></span> 
     </span>
    </p>
   </div>
   <div class='ocr_carea' id='block_1_89' title="bbox 449 4533 2016 4620">
    <p class='ocr_par' dir='ltr' id='par_1_89' title="bbox 449 4535 2016 4608">
     <span class='ocr_line' id='line_1_89' title="bbox 449 4535 2016 4608; baseline -0.004 -14"><span class='ocrx_word' id='word_1_626' title='bbox 449 4540 520 4593; x_wconf 89' lang='lat' dir='ltr'><strong>ad</strong></span> <span class='ocrx_word' id='word_1_627' title='bbox 560 4539 908 4594; x_wconf 85' lang='lat' dir='ltr'><strong>interdictum</strong></span> <span class='ocrx_word' id='word_1_628' title='bbox 938 4538 1144 4608; x_wconf 86' lang='lat' dir='ltr'><strong>lignum</strong></span> <span class='ocrx_word' id='word_1_629' title='bbox 1173 4535 1575 4598; x_wconf 81' lang='lat' dir='ltr'><strong>extensiouem,</strong></span> <span class='ocrx_word' id='word_1_630' title='bbox 1622 4549 1717 4604; x_wconf 89' lang='lat' dir='ltr'><strong>per</strong></span> <span class='ocrx_word' id='word_1_631' title='bbox 1765 4548 2016 4588; x_wconf 70' lang='lat' dir='ltr'><strong>manuum</strong></span> 
     </span>
    </p>
   </div>
   <div class='ocr_carea' id='block_1_90' title="bbox 2121 4533 3724 4620">
    <p class='ocr_par' dir='ltr' id='par_1_90' title="bbox 2147 4533 3724 4610">
     <span class='ocr_line' id='line_1_90' title="bbox 2147 4533 3724 4610; baseline -0.01 -8"><span class='ocrx_word' id='word_1_632' title='bbox 2147 4562 2333 4602; x_wconf 88' lang='lat' dir='ltr'><strong>arcam</strong></span> <span class='ocrx_word' id='word_1_633' title='bbox 2380 4545 2636 4600; x_wconf 82' lang='lat' dir='ltr'><strong>cboream</strong></span> <span class='ocrx_word' id='word_1_634' title='bbox 2692 4540 3008 4610; x_wconf 87' lang='lat' dir='ltr'><strong>auspicans,</strong></span> <span class='ocrx_word' id='word_1_635' title='bbox 3055 4552 3180 4592; x_wconf 91' lang='lat' dir='ltr'><strong>cum</strong></span> <span class='ocrx_word' id='word_1_636' title='bbox 3216 4547 3270 4590; x_wconf 89' lang='lat' dir='ltr'><strong>et</strong></span> <span class='ocrx_word' id='word_1_637' title='bbox 3301 4536 3372 4590; x_wconf 88' lang='lat' dir='ltr'><strong>ab</strong></span> <span class='ocrx_word' id='word_1_638' title='bbox 3402 4533 3724 4603; x_wconf 83' lang='lat' dir='ltr'><strong>alienigenis</strong></span> 
     </span>
    </p>
   </div>
   <div class='ocr_carea' id='block_1_91' title="bbox 449 4626 2034 4699">
    <p class='ocr_par' dir='ltr' id='par_1_91' title="bbox 449 4626 2034 4699">
     <span class='ocr_line' id='line_1_91' title="bbox 449 4626 2034 4699; baseline -0.006 -11"><span class='ocrx_word' id='word_1_639' title='bbox 449 4635 507 4688; x_wconf 89' lang='lat' dir='ltr'><strong>in</strong></span> <span class='ocrx_word' id='word_1_640' title='bbox 558 4646 726 4688; x_wconf 88' lang='lat' dir='ltr'><strong>cruce</strong></span> <span class='ocrx_word' id='word_1_641' title='bbox 752 4633 1162 4697; x_wconf 79' lang='lat' dir='ltr'><strong>extensionetn;</strong></span> <span class='ocrx_word' id='word_1_642' title='bbox 1197 4638 1362 4698; x_wconf 89' lang='lat' dir='ltr'><strong>atque</strong></span> <span class='ocrx_word' id='word_1_643' title='bbox 1395 4628 1528 4699; x_wconf 79' lang='lat' dir='ltr'><strong>ligni</strong></span> <span class='ocrx_word' id='word_1_644' title='bbox 1571 4626 1902 4696; x_wconf 86' lang='lat' dir='ltr'><strong>voluptatem</strong></span> <span class='ocrx_word' id='word_1_645' title='bbox 1939 4640 2034 4694; x_wconf 89' lang='lat' dir='ltr'><strong>per</strong></span> 
     </span>
    </p>
   </div>
   <div class='ocr_carea' id='block_1_92' title="bbox 449 4719 2035 4791">
    <p class='ocr_par' dir='ltr' id='par_1_92' title="bbox 449 4719 2035 4791">
     <span class='ocr_line' id='line_1_92' title="bbox 449 4719 2035 4791; baseline -0.006 -10"><span class='ocrx_word' id='word_1_646' title='bbox 449 4725 634 4782; x_wconf 86' lang='lat' dir='ltr'><strong>crucis</strong></span> <span class='ocrx_word' id='word_1_647' title='bbox 664 4727 910 4780; x_wconf 89' lang='lat' dir='ltr'><strong>dolorem</strong></span> <span class='ocrx_word' id='word_1_648' title='bbox 943 4732 1142 4778; x_wconf 83' lang='lat' dir='ltr'><strong>curat:</strong></span> <span class='ocrx_word' id='word_1_649' title='bbox 1173 4721 1476 4791; x_wconf 88' lang='lat' dir='ltr'><strong>eodemque</strong></span> <span class='ocrx_word' id='word_1_650' title='bbox 1510 4721 1672 4775; x_wconf 87' lang='lat' dir='ltr'><strong>modo</strong></span> <span class='ocrx_word' id='word_1_651' title='bbox 1711 4720 1765 4774; x_wconf 91' lang='lat' dir='ltr'><strong>in</strong></span> <span class='ocrx_word' id='word_1_652' title='bbox 1807 4719 2035 4787; x_wconf 90' lang='lat' dir='ltr'><strong>reliquis</strong></span> 
     </span>
    </p>
   </div>
   <div class='ocr_carea' id='block_1_93' title="bbox 452 4796 2038 4888">
    <p class='ocr_par' dir='ltr' id='par_1_93' title="bbox 452 4796 2038 4888">
     <span class='ocr_line' id='line_1_93' title="bbox 452 4796 2038 4888; baseline -0.005 -14"><span class='ocrx_word' id='word_1_653' title='bbox 452 4821 621 4875; x_wconf 86' lang='lat' dir='ltr'><strong>rebus</strong></span> <span class='ocrx_word' id='word_1_654' title='bbox 655 4817 932 4874; x_wconf 85' lang='lat' dir='ltr'><strong>contraria</strong></span> <span class='ocrx_word' id='word_1_655' title='bbox 959 4832 1056 4888; x_wconf 87' lang='lat' dir='ltr'><strong>per</strong></span> <span class='ocrx_word' id='word_1_656' title='bbox 1083 4815 1359 4870; x_wconf 86' lang='lat' dir='ltr'><strong>contraria</strong></span> <span class='ocrx_word' id='word_1_657' title='bbox 1392 4796 1582 4868; x_wconf 74' lang='lat' dir='ltr'><strong>sanata</strong></span> <span class='ocrx_word' id='word_1_658' title='bbox 1613 4823 1762 4868; x_wconf 87' lang='lat' dir='ltr'><strong>sunt.</strong></span> <span class='ocrx_word' id='word_1_659' title='bbox 1800 4810 1956 4866; x_wconf 88' lang='lat' dir='ltr'><strong>llunc</strong></span> <span class='ocrx_word' id='word_1_660' title='bbox 1983 4819 2038 4866; x_wconf 89' lang='lat' dir='ltr'><strong>et</strong></span> 
     </span>
    </p>
   </div>
   <div class='ocr_carea' id='block_1_94' title="bbox 452 4903 2037 4980">
    <p class='ocr_par' dir='ltr' id='par_1_94' title="bbox 452 4903 2037 4980">
     <span class='ocr_line' id='line_1_94' title="bbox 452 4903 2037 4980; baseline -0.006 -14"><span class='ocrx_word' id='word_1_661' title='bbox 452 4911 699 4967; x_wconf 78' lang='lat' dir='ltr'><strong>Joannes</strong></span> <span class='ocrx_word' id='word_1_662' title='bbox 728 4921 789 4965; x_wconf 90' lang='lat' dir='ltr'><strong>ut</strong></span> <span class='ocrx_word' id='word_1_663' title='bbox 817 4925 1014 4980; x_wconf 89' lang='lat' dir='ltr'><strong>agnum</strong></span> <span class='ocrx_word' id='word_1_664' title='bbox 1045 4910 1287 4963; x_wconf 86' lang='lat' dir='ltr'><strong>ostendit</strong></span> <span class='ocrx_word' id='word_1_665' title='bbox 1320 4907 1408 4962; x_wconf 85' lang='lat' dir='ltr'><strong>his</strong></span> <span class='ocrx_word' id='word_1_666' title='bbox 1442 4906 1622 4961; x_wconf 89' lang='lat' dir='ltr'><strong>verbis</strong></span> <span class='ocrx_word' id='word_1_667' title='bbox 1649 4922 1662 4958; x_wconf 88' lang='lat'>:</span> <span class='ocrx_word' id='word_1_668' title='bbox 1699 4903 1830 4958; x_wconf 79' lang='lat' dir='ltr'><strong>Ecce</strong></span> <span class='ocrx_word' id='word_1_669' title='bbox 1855 4903 2037 4974; x_wconf 76' lang='lat' dir='ltr'><strong>Agnus</strong></span> 
     </span>
    </p>
   </div>
   <div class='ocr_carea' id='block_1_95' title="bbox 459 4995 2038 5064">
    <p class='ocr_par' dir='ltr' id='par_1_95' title="bbox 459 4995 2038 5064">
     <span class='ocr_line' id='line_1_95' title="bbox 459 4995 2038 5064; baseline -0.007 -7"><span class='ocrx_word' id='word_1_670' title='bbox 459 5004 581 5058; x_wconf 81' lang='lat' dir='ltr'><strong>Dei.</strong></span> <span class='ocrx_word' id='word_1_671' title='bbox 627 5002 695 5056; x_wconf 87' lang='lat' dir='ltr'><strong>Et</strong></span> <span class='ocrx_word' id='word_1_672' title='bbox 727 5001 1026 5056; x_wconf 85' lang='lat' dir='ltr'><strong>Zacharias</strong></span> <span class='ocrx_word' id='word_1_673' title='bbox 1057 5015 1199 5053; x_wconf 90' lang='lat' dir='ltr'><strong>unus</strong></span> <span class='ocrx_word' id='word_1_674' title='bbox 1242 5013 1307 5053; x_wconf 81' lang='lat' dir='ltr'><strong>ex</strong></span> <span class='ocrx_word' id='word_1_675' title='bbox 1340 4996 1628 5052; x_wconf 86' lang='lat' dir='ltr'><strong>duodecim</strong></span> <span class='ocrx_word' id='word_1_676' title='bbox 1665 4995 1945 5064; x_wconf 89' lang='lat' dir='ltr'><strong>prophetis</strong></span> <span class='ocrx_word' id='word_1_677' title='bbox 1979 5001 2038 5046; x_wconf 92' lang='lat' dir='ltr'><strong>ut</strong></span> 
     </span>
    </p>
   </div>
   <div class='ocr_carea' id='block_1_96' title="bbox 459 5085 2038 5164">
    <p class='ocr_par' dir='ltr' id='par_1_96' title="bbox 459 5085 2038 5164">
     <span class='ocr_line' id='line_1_96' title="bbox 459 5085 2038 5164; baseline -0.009 -10"><span class='ocrx_word' id='word_1_678' title='bbox 459 5101 808 5154; x_wconf 77' lang='lat' dir='ltr'><strong>sacrrdmem</strong></span> <span class='ocrx_word' id='word_1_679' title='bbox 856 5095 1070 5164; x_wconf 86' lang='lat' dir='ltr'><strong>aspicit,</strong></span> <span class='ocrx_word' id='word_1_680' title='bbox 1135 5093 1364 5161; x_wconf 88' lang='lat' dir='ltr'><strong>aitque:</strong></span> <span class='ocrx_word' id='word_1_681' title='bbox 1397 5089 1639 5146; x_wconf 78' lang='lat' dir='ltr'><strong>Ostendit</strong></span> <span class='ocrx_word' id='word_1_682' title='bbox 1679 5089 1809 5142; x_wconf 80' lang='lat' dir='ltr'><strong>mihi</strong></span> <span class='ocrx_word' id='word_1_683' title='bbox 1858 5085 2038 5140; x_wconf 82' lang='lat' dir='ltr'><strong>Denti-</strong></span> 
     </span>
    </p>
   </div>
   <div class='ocr_carea' id='block_1_97' title="bbox 459 5183 2040 5254">
    <p class='ocr_par' dir='ltr' id='par_1_97' title="bbox 459 5183 2040 5254">
     <span class='ocr_line' id='line_1_97' title="bbox 459 5183 2040 5254; baseline -0.01 -8"><span class='ocrx_word' id='word_1_684' title='bbox 459 5207 565 5246; x_wconf 83' lang='lat' dir='ltr'><strong>nus</strong></span> <span class='ocrx_word' id='word_1_685' title='bbox 589 5191 773 5245; x_wconf 74' lang='lat' dir='ltr'><strong>Iesum</strong></span> <span class='ocrx_word' id='word_1_686' title='bbox 798 5188 1122 5243; x_wconf 74' lang='lat' dir='ltr'><strong>sacerdotem</strong></span> <span class='ocrx_word' id='word_1_687' title='bbox 1146 5200 1395 5254; x_wconf 82' lang='lat' dir='ltr'><strong>magnum</strong></span> <span class='ocrx_word' id='word_1_688' title='bbox 1422 5183 1490 5237; x_wconf 80' lang='lat'><strong>“.</strong></span> <span class='ocrx_word' id='word_1_689' title='bbox 1521 5183 1695 5235; x_wconf 87' lang='lat' dir='ltr'><strong>Porro</strong></span> <span class='ocrx_word' id='word_1_690' title='bbox 1725 5195 1814 5249; x_wconf 85' lang='lat' dir='ltr'><strong>per</strong></span> <span class='ocrx_word' id='word_1_691' title='bbox 1839 5192 2040 5248; x_wconf 81' lang='lat' dir='ltr'><strong>agnum</strong></span> 
     </span>
    </p>
   </div>
   <div class='ocr_carea' id='block_1_98' title="bbox 462 5272 2041 5356">
    <p class='ocr_par' dir='ltr' id='par_1_98' title="bbox 462 5272 2041 5356">
     <span class='ocr_line' id='line_1_98' title="bbox 462 5272 2041 5356; baseline -0.01 -15"><span class='ocrx_word' id='word_1_692' title='bbox 462 5286 805 5356; x_wconf 78' lang='lat' dir='ltr'><strong>signiﬁcatur</strong></span> <span class='ocrx_word' id='word_1_693' title='bbox 829 5284 1000 5354; x_wconf 90' lang='lat' dir='ltr'><strong>ipsius</strong></span> <span class='ocrx_word' id='word_1_694' title='bbox 1025 5297 1121 5351; x_wconf 88' lang='lat' dir='ltr'><strong>pro</strong></span> <span class='ocrx_word' id='word_1_695' title='bbox 1145 5279 1384 5350; x_wconf 86' lang='lat' dir='ltr'><strong>peccatis</strong></span> <span class='ocrx_word' id='word_1_696' title='bbox 1410 5276 1617 5334; x_wconf 85' lang='lat' dir='ltr'><strong>nostris</strong></span> <span class='ocrx_word' id='word_1_697' title='bbox 1653 5272 2002 5342; x_wconf 88' lang='lat' dir='ltr'><strong>interemptio</strong></span> <span class='ocrx_word' id='word_1_698' title='bbox 2027 5288 2041 5337; x_wconf 89' lang='lat'>;</span> 
     </span>
    </p>
   </div>
   <div class='ocr_carea' id='block_1_99' title="bbox 460 5368 2046 5447">
    <p class='ocr_par' dir='ltr' id='par_1_99' title="bbox 460 5368 2046 5447">
     <span class='ocr_line' id='line_1_99' title="bbox 460 5368 2046 5447; baseline -0.009 -15"><span class='ocrx_word' id='word_1_699' title='bbox 460 5393 560 5447; x_wconf 88' lang='lat' dir='ltr'><strong>per</strong></span> <span class='ocrx_word' id='word_1_700' title='bbox 589 5379 928 5434; x_wconf 88' lang='lat' dir='ltr'><strong>sacerdotem</strong></span> <span class='ocrx_word' id='word_1_701' title='bbox 964 5386 1143 5430; x_wconf 88' lang='lat' dir='ltr'><strong>autem</strong></span> <span class='ocrx_word' id='word_1_702' title='bbox 1169 5372 1312 5442; x_wconf 84' lang='lat' dir='ltr'><strong>quod</strong></span> <span class='ocrx_word' id='word_1_703' title='bbox 1340 5369 1654 5426; x_wconf 87' lang='lat' dir='ltr'><strong>voluntarie</strong></span> <span class='ocrx_word' id='word_1_704' title='bbox 1685 5368 2046 5434; x_wconf 84' lang='lat' dir='ltr'><strong>interemptus</strong></span> 
     </span>
    </p>
   </div>
   <div class='ocr_carea' id='block_1_100' title="bbox 460 5458 2046 5540">
    <p class='ocr_par' dir='ltr' id='par_1_100' title="bbox 460 5458 2046 5540">
     <span class='ocr_line' id='line_1_100' title="bbox 460 5458 2046 5540; baseline -0.011 -13"><span class='ocrx_word' id='word_1_705' title='bbox 460 5473 560 5528; x_wconf 90' lang='lat' dir='ltr'><strong>sit.</strong></span> <span class='ocrx_word' id='word_1_706' title='bbox 594 5471 712 5526; x_wconf 69' lang='lat' dir='ltr'><strong>iam</strong></span> <span class='ocrx_word' id='word_1_707' title='bbox 746 5485 878 5526; x_wconf 86' lang='lat' dir='ltr'><strong>vero</strong></span> <span class='ocrx_word' id='word_1_708' title='bbox 918 5479 1044 5540; x_wconf 87' lang='lat' dir='ltr'><strong>post</strong></span> <span class='ocrx_word' id='word_1_709' title='bbox 1075 5465 1406 5537; x_wconf 87' lang='lat' dir='ltr'><strong>baptismum</strong></span> <span class='ocrx_word' id='word_1_710' title='bbox 1443 5461 1758 5533; x_wconf 78' lang='lat' dir='ltr'><strong>angelorum</strong></span> <span class='ocrx_word' id='word_1_711' title='bbox 1796 5458 2046 5513; x_wconf 60' lang='lat' dir='ltr'><strong>ministri-</strong></span> 
     </span>
    </p>
   </div>
   <div class='ocr_carea' id='block_1_101' title="bbox 464 5542 2045 5626">
    <p class='ocr_par' dir='ltr' id='par_1_101' title="bbox 464 5542 2045 5626">
     <span class='ocr_line' id='line_1_101' title="bbox 464 5542 2045 5626; baseline -0.009 -6"><span class='ocrx_word' id='word_1_712' title='bbox 464 5565 552 5620; x_wconf 82' lang='lat' dir='ltr'><strong>rio</strong></span> <span class='ocrx_word' id='word_1_713' title='bbox 599 5566 856 5620; x_wconf 89' lang='lat' dir='ltr'><strong>utebatur</strong></span> <span class='ocrx_word' id='word_1_714' title='bbox 891 5581 904 5619; x_wconf 77' lang='grc' dir='ltr'>ς</span> <span class='ocrx_word' id='word_1_715' title='bbox 939 5561 1073 5616; x_wconf 76' lang='lat' dir='ltr'><strong>Ecce</strong></span> <span class='ocrx_word' id='word_1_716' title='bbox 1119 5560 1281 5625; x_wconf 88' lang='lat' dir='ltr'><strong>enim,</strong></span> <span class='ocrx_word' id='word_1_717' title='bbox 1338 5556 1537 5626; x_wconf 89' lang='lat' dir='ltr'><strong>inquit,</strong></span> <span class='ocrx_word' id='word_1_718' title='bbox 1585 5552 1759 5624; x_wconf 81' lang='lat' dir='ltr'><strong>angeli</strong></span> <span class='ocrx_word' id='word_1_719' title='bbox 1813 5542 2045 5605; x_wconf 72' lang='lat' dir='ltr'><strong>accesse-</strong></span> 
     </span>
    </p>
   </div>
   <div class='ocr_carea' id='block_1_102' title="bbox 545 5737 1641 5803">
    <p class='ocr_par' dir='ltr' id='par_1_102' title="bbox 545 5737 1641 5803">
     <span class='ocr_line' id='line_1_102' title="bbox 545 5737 1641 5803; baseline -0.013 -1"><span class='ocrx_word' id='word_1_720' title='bbox 545 5748 590 5777; x_wconf 83' lang='lat'>“</span> <span class='ocrx_word' id='word_1_721' title='bbox 615 5746 807 5802; x_wconf 77' lang='lat' dir='ltr'><strong>Matth.</strong></span> <span class='ocrx_word' id='word_1_722' title='bbox 841 5758 1012 5803; x_wconf 78' lang='lat' dir='ltr'><strong>xxvtt.</strong></span> <span class='ocrx_word' id='word_1_723' title='bbox 1047 5741 1133 5796; x_wconf 77' lang='lat' dir='ltr'><strong>Mi.</strong></span> <span class='ocrx_word' id='word_1_724' title='bbox 1215 5741 1258 5772; x_wconf 70' lang='grc'><strong>⁸⁷</strong></span> <span class='ocrx_word' id='word_1_725' title='bbox 1284 5738 1442 5793; x_wconf 83' lang='lat' dir='ltr'><strong>Joan.</strong></span> <span class='ocrx_word' id='word_1_726' title='bbox 1481 5754 1516 5800; x_wconf 84' lang='grc' dir='ltr'><strong>ι,</strong></span> <span class='ocrx_word' id='word_1_727' title='bbox 1550 5737 1641 5792; x_wconf 72' lang='lat'><strong>‘29.</strong></span> 
     </span>
    </p>
   </div>
   <div class='ocr_carea' id='block_1_103' title="bbox 473 5811 1536 5886">
    <p class='ocr_par' dir='ltr' id='par_1_103' title="bbox 473 5811 1536 5886">
     <span class='ocr_line' id='line_1_103' title="bbox 473 5811 1536 5886; baseline -0.011 -12"><span class='ocrx_word' id='word_1_728' title='bbox 473 5835 592 5884; x_wconf 81' lang='lat' dir='ltr'><strong>vin,</strong></span> <span class='ocrx_word' id='word_1_729' title='bbox 631 5819 692 5874; x_wconf 66' lang='lat' dir='ltr'><strong>ll</strong></span> <span class='ocrx_word' id='word_1_730' title='bbox 731 5831 884 5886; x_wconf 83' lang='lat' dir='ltr'><strong>seqq.</strong></span> <span class='ocrx_word' id='word_1_731' title='bbox 926 5816 969 5846; x_wconf 78' lang='grc' dir='ltr'><strong>τ’</strong></span> <span class='ocrx_word' id='word_1_732' title='bbox 999 5813 1130 5868; x_wconf 86' lang='lat' dir='ltr'><strong>Luc.</strong></span> <span class='ocrx_word' id='word_1_733' title='bbox 1162 5829 1255 5879; x_wconf 83' lang='lat' dir='ltr'><strong>vn,</strong></span> <span class='ocrx_word' id='word_1_734' title='bbox 1289 5811 1351 5866; x_wconf 69' lang='lat' dir='ltr'><strong>l9.</strong></span> <span class='ocrx_word' id='word_1_735' title='bbox 1385 5827 1536 5880; x_wconf 70' lang='grc' dir='ltr'><strong>δριιιί.</strong></span> 
     </span>
    </p>
   </div>
   <div class='ocr_carea' id='block_1_104' title="bbox 1721 5734 2006 5802">
    <p class='ocr_par' dir='ltr' id='par_1_104' title="bbox 1721 5734 2006 5802">
     <span class='ocr_line' id='line_1_104' title="bbox 1721 5734 2006 5802; baseline -0.007 -14"><span class='ocrx_word' id='word_1_736' title='bbox 1721 5736 1765 5767; x_wconf 70' lang='grc'><strong>⁸⁸³</strong></span> <span class='ocrx_word' id='word_1_737' title='bbox 1793 5734 2006 5802; x_wconf 84' lang='lat' dir='ltr'><strong>Philipp</strong></span> 
     </span>
    </p>
   </div>
   <div class='ocr_carea' id='block_1_105' title="bbox 2015 5734 2202 5794">
    <p class='ocr_par' dir='ltr' id='par_1_105' title="bbox 2015 5734 2202 5794">
     <span class='ocr_line' id='line_1_105' title="bbox 2015 5734 2202 5794; baseline -0.011 -8"><span class='ocrx_word' id='word_1_738' title='bbox 2015 5776 2025 5786; x_wconf 91' lang='lat'><strong>.</strong></span> <span class='ocrx_word' id='word_1_739' title='bbox 2064 5749 2119 5794; x_wconf 88' lang='lat' dir='ltr'><strong>ll,</strong></span> <span class='ocrx_word' id='word_1_740' title='bbox 2150 5734 2202 5785; x_wconf 89' lang='lat'><strong>8.</strong></span> 
     </span>
    </p>
   </div>
   <div class='ocr_carea' id='block_1_106' title="bbox 1620 5805 2220 5873">
    <p class='ocr_par' dir='ltr' id='par_1_106' title="bbox 1620 5805 2220 5873">
     <span class='ocr_line' id='line_1_106' title="bbox 1620 5805 2220 5873; baseline -0.017 -10"><span class='ocrx_word' id='word_1_741' title='bbox 1620 5809 1665 5840; x_wconf 78' lang='grc'><strong>⁷³</strong></span> <span class='ocrx_word' id='word_1_742' title='bbox 1693 5805 1850 5862; x_wconf 81' lang='lat' dir='ltr'><strong>Joau.</strong></span> <span class='ocrx_word' id='word_1_743' title='bbox 1892 5821 1964 5871; x_wconf 74' lang='grc' dir='ltr'><strong>ιι,</strong></span> <span class='ocrx_word' id='word_1_744' title='bbox 2010 5805 2027 5858; x_wconf 91' lang='lat' dir='ltr'><strong>l</strong></span> <span class='ocrx_word' id='word_1_745' title='bbox 2069 5820 2220 5873; x_wconf 70' lang='lat' dir='ltr'><strong>seqq.</strong></span> 
     </span>
    </p>
   </div>
   <div class='ocr_carea' id='block_1_107' title="bbox 2135 4628 3723 4713">
    <p class='ocr_par' dir='ltr' id='par_1_107' title="bbox 2135 4628 3723 4713">
     <span class='ocr_line' id='line_1_107' title="bbox 2135 4628 3723 4713; baseline -0.011 -17"><span class='ocrx_word' id='word_1_746' title='bbox 2135 4649 2458 4713; x_wconf 88' lang='lat' dir='ltr'><strong>recuperata</strong></span> <span class='ocrx_word' id='word_1_747' title='bbox 2497 4639 2604 4693; x_wconf 90' lang='lat' dir='ltr'><strong>huc</strong></span> <span class='ocrx_word' id='word_1_748' title='bbox 2635 4637 2877 4704; x_wconf 88' lang='lat' dir='ltr'><strong>illucque</strong></span> <span class='ocrx_word' id='word_1_749' title='bbox 2921 4632 3088 4688; x_wconf 87' lang='lat' dir='ltr'><strong>desiit</strong></span> <span class='ocrx_word' id='word_1_750' title='bbox 3132 4628 3503 4689; x_wconf 87' lang='lat' dir='ltr'><strong>circumferri,</strong></span> <span class='ocrx_word' id='word_1_751' title='bbox 3553 4635 3723 4693; x_wconf 88' lang='lat' dir='ltr'><strong>atque</strong></span> 
     </span>
    </p>
   </div>
   <div class='ocr_carea' id='block_1_108' title="bbox 2137 4718 3723 4809">
    <p class='ocr_par' dir='ltr' id='par_1_108' title="bbox 2137 4718 3723 4809">
     <span class='ocr_line' id='line_1_108' title="bbox 2137 4718 3723 4809; baseline -0.013 -16"><span class='ocrx_word' id='word_1_752' title='bbox 2137 4737 2278 4809; x_wconf 86' lang='lat' dir='ltr'><strong>apud</strong></span> <span class='ocrx_word' id='word_1_753' title='bbox 2329 4733 2588 4806; x_wconf 88' lang='lat' dir='ltr'><strong>populum</strong></span> <span class='ocrx_word' id='word_1_754' title='bbox 2643 4742 2803 4783; x_wconf 90' lang='lat' dir='ltr'><strong>suum</strong></span> <span class='ocrx_word' id='word_1_755' title='bbox 2859 4722 3197 4792; x_wconf 84' lang='lat' dir='ltr'><strong>conquievit,</strong></span> <span class='ocrx_word' id='word_1_756' title='bbox 3255 4718 3723 4790; x_wconf 83' lang='lat' dir='ltr'><strong>quemadmodum</strong></span> 
     </span>
    </p>
   </div>
   <div class='ocr_carea' id='block_1_109' title="bbox 2136 4807 3719 4894">
    <p class='ocr_par' dir='ltr' id='par_1_109' title="bbox 2136 4807 3719 4894">
     <span class='ocr_line' id='line_1_109' title="bbox 2136 4807 3719 4894; baseline -0.015 -10"><span class='ocrx_word' id='word_1_757' title='bbox 2136 4807 2381 4884; x_wconf 68' lang='lat' dir='ltr'><strong>secundo</strong></span> <span class='ocrx_word' id='word_1_758' title='bbox 2415 4827 2624 4894; x_wconf 77' lang='lat' dir='ltr'><strong>Regum</strong></span> <span class='ocrx_word' id='word_1_759' title='bbox 2679 4819 2817 4874; x_wconf 86' lang='lat' dir='ltr'><strong>libro</strong></span> <span class='ocrx_word' id='word_1_760' title='bbox 2860 4815 3136 4886; x_wconf 87' lang='lat' dir='ltr'><strong>proditum</strong></span> <span class='ocrx_word' id='word_1_761' title='bbox 3174 4812 3428 4867; x_wconf 87' lang='lat' dir='ltr'><strong>habetur.</strong></span> <span class='ocrx_word' id='word_1_762' title='bbox 3459 4807 3719 4870; x_wconf 83' lang='lat' dir='ltr'><strong>Proinde,</strong></span> 
     </span>
    </p>
   </div>
   <div class='ocr_carea' id='block_1_110' title="bbox 2139 4903 3723 4986">
    <p class='ocr_par' dir='ltr' id='par_1_110' title="bbox 2139 4903 3723 4986">
     <span class='ocr_line' id='line_1_110' title="bbox 2139 4903 3723 4986; baseline -0.012 -10"><span class='ocrx_word' id='word_1_763' title='bbox 2139 4921 2257 4976; x_wconf 88' lang='lat' dir='ltr'><strong>sive</strong></span> <span class='ocrx_word' id='word_1_764' title='bbox 2290 4919 2343 4972; x_wconf 90' lang='lat' dir='ltr'><strong>in</strong></span> <span class='ocrx_word' id='word_1_765' title='bbox 2367 4925 2654 4986; x_wconf 70' lang='lat' dir='ltr'><strong>peccatum</strong></span> <span class='ocrx_word' id='word_1_766' title='bbox 2690 4911 2914 4966; x_wconf 88' lang='lat' dir='ltr'><strong>minime</strong></span> <span class='ocrx_word' id='word_1_767' title='bbox 2960 4906 3241 4970; x_wconf 85' lang='lat' dir='ltr'><strong>incideris,</strong></span> <span class='ocrx_word' id='word_1_768' title='bbox 3280 4907 3396 4960; x_wconf 89' lang='lat' dir='ltr'><strong>sive</strong></span> <span class='ocrx_word' id='word_1_769' title='bbox 3429 4903 3723 4974; x_wconf 85' lang='lat' dir='ltr'><strong>prolapsus</strong></span> 
     </span>
    </p>
   </div>
   <div class='ocr_carea' id='block_1_111' title="bbox 2147 4992 3724 5080">
    <p class='ocr_par' dir='ltr' id='par_1_111' title="bbox 2147 4992 3724 5080">
     <span class='ocr_line' id='line_1_111' title="bbox 2147 4992 3724 5080; baseline -0.011 -16"><span class='ocrx_word' id='word_1_770' title='bbox 2147 5024 2245 5080; x_wconf 77' lang='lat' dir='ltr'><strong>per</strong></span> <span class='ocrx_word' id='word_1_771' title='bbox 2275 5005 2716 5076; x_wconf 85' lang='lat' dir='ltr'><strong>resipiscentiam</strong></span> <span class='ocrx_word' id='word_1_772' title='bbox 2749 4997 3080 5059; x_wconf 78' lang='lat' dir='ltr'><strong>surrexeris.</strong></span> <span class='ocrx_word' id='word_1_773' title='bbox 3131 4995 3479 5050; x_wconf 82' lang='lat' dir='ltr'><strong>Nativitatem</strong></span> <span class='ocrx_word' id='word_1_774' title='bbox 3511 4992 3724 5048; x_wconf 82' lang='lat' dir='ltr'><strong>Christi</strong></span> 
     </span>
    </p>
   </div>
   <div class='ocr_carea' id='block_1_112' title="bbox 2150 5085 3728 5165">
    <p class='ocr_par' dir='ltr' id='par_1_112' title="bbox 2150 5085 3728 5165">
     <span class='ocr_line' id='line_1_112' title="bbox 2150 5085 3728 5165; baseline -0.01 -11"><span class='ocrx_word' id='word_1_775' title='bbox 2150 5098 2432 5162; x_wconf 79' lang='lat' dir='ltr'><strong>cenﬁtere,</strong></span> <span class='ocrx_word' id='word_1_776' title='bbox 2474 5105 2638 5165; x_wconf 87' lang='lat' dir='ltr'><strong>atque</strong></span> <span class='ocrx_word' id='word_1_777' title='bbox 2695 5094 2760 5147; x_wconf 89' lang='lat' dir='ltr'><strong>ad</strong></span> <span class='ocrx_word' id='word_1_778' title='bbox 2801 5091 2928 5160; x_wconf 80' lang='lat' dir='ltr'><strong>ejus</strong></span> <span class='ocrx_word' id='word_1_779' title='bbox 2957 5087 3300 5159; x_wconf 71' lang='lat' dir='ltr'><strong>prtrsentiam</strong></span> <span class='ocrx_word' id='word_1_780' title='bbox 3345 5085 3581 5148; x_wconf 79' lang='lat' dir='ltr'><strong>exsulta,</strong></span> <span class='ocrx_word' id='word_1_781' title='bbox 3629 5098 3728 5139; x_wconf 89' lang='lat' dir='ltr'><strong>nec</strong></span> 
     </span>
    </p>
   </div>
   <div class='ocr_carea' id='block_1_113' title="bbox 2149 5175 3728 5244">
    <p class='ocr_par' dir='ltr' id='par_1_113' title="bbox 2149 5175 3728 5244">
     <span class='ocr_line' id='line_1_113' title="bbox 2149 5175 3728 5244; baseline -0.011 0"><span class='ocrx_word' id='word_1_782' title='bbox 2149 5187 2369 5244; x_wconf 89' lang='lat' dir='ltr'><strong>virtutis</strong></span> <span class='ocrx_word' id='word_1_783' title='bbox 2393 5193 2450 5241; x_wconf 85' lang='lat' dir='ltr'><strong>et</strong></span> <span class='ocrx_word' id='word_1_784' title='bbox 2493 5184 2736 5240; x_wconf 70' lang='lat' dir='ltr'><strong>scientia:</strong></span> <span class='ocrx_word' id='word_1_785' title='bbox 2785 5195 2972 5237; x_wconf 85' lang='lat' dir='ltr'><strong>arcam</strong></span> <span class='ocrx_word' id='word_1_786' title='bbox 3036 5180 3091 5232; x_wconf 89' lang='lat' dir='ltr'><strong>in</strong></span> <span class='ocrx_word' id='word_1_787' title='bbox 3123 5187 3175 5234; x_wconf 86' lang='lat' dir='ltr'><strong>te</strong></span> <span class='ocrx_word' id='word_1_788' title='bbox 3209 5179 3368 5232; x_wconf 86' lang='lat' dir='ltr'><strong>sitam</strong></span> <span class='ocrx_word' id='word_1_789' title='bbox 3411 5175 3728 5236; x_wconf 81' lang='lat' dir='ltr'><strong>affectuum,</strong></span> 
     </span>
    </p>
   </div>
   <div class='ocr_carea' id='block_1_114' title="bbox 2150 5267 3724 5350">
    <p class='ocr_par' dir='ltr' id='par_1_114' title="bbox 2150 5267 3724 5350">
     <span class='ocr_line' id='line_1_114' title="bbox 2150 5267 3724 5350; baseline -0.006 -19"><span class='ocrx_word' id='word_1_790' title='bbox 2150 5278 2307 5350; x_wconf 88' lang='lat' dir='ltr'><strong>quasi</strong></span> <span class='ocrx_word' id='word_1_791' title='bbox 2333 5276 2779 5330; x_wconf 80' lang='lat' dir='ltr'><strong>Philistbaeorum</strong></span> <span class='ocrx_word' id='word_1_792' title='bbox 2799 5269 3190 5342; x_wconf 86' lang='lat' dir='ltr'><strong>quorumdam,</strong></span> <span class='ocrx_word' id='word_1_793' title='bbox 3213 5268 3424 5322; x_wconf 88' lang='lat' dir='ltr'><strong>libidini</strong></span> <span class='ocrx_word' id='word_1_794' title='bbox 3448 5267 3724 5337; x_wconf 86' lang='lat' dir='ltr'><strong>permitte;</strong></span> 
     </span>
    </p>
   </div>
   <div class='ocr_carea' id='block_1_115' title="bbox 2150 5357 3731 5434">
    <p class='ocr_par' dir='ltr' id='par_1_115' title="bbox 2150 5357 3731 5434">
     <span class='ocr_line' id='line_1_115' title="bbox 2150 5357 3731 5434; baseline -0.008 -11"><span class='ocrx_word' id='word_1_795' title='bbox 2150 5383 2339 5423; x_wconf 89' lang='lat' dir='ltr'><strong>verum</strong></span> <span class='ocrx_word' id='word_1_796' title='bbox 2372 5367 2440 5421; x_wconf 87' lang='lat' dir='ltr'><strong>iis</strong></span> <span class='ocrx_word' id='word_1_797' title='bbox 2493 5361 2775 5434; x_wconf 83' lang='lat' dir='ltr'><strong>oppressis</strong></span> <span class='ocrx_word' id='word_1_798' title='bbox 2827 5370 2884 5416; x_wconf 88' lang='lat' dir='ltr'><strong>et</strong></span> <span class='ocrx_word' id='word_1_799' title='bbox 2953 5359 3299 5416; x_wconf 88' lang='lat' dir='ltr'><strong>obtruncatis</strong></span> <span class='ocrx_word' id='word_1_800' title='bbox 3362 5358 3500 5412; x_wconf 87' lang='lat' dir='ltr'><strong>hanc</strong></span> <span class='ocrx_word' id='word_1_801' title='bbox 3555 5357 3621 5410; x_wconf 89' lang='lat' dir='ltr'><strong>ad</strong></span> <span class='ocrx_word' id='word_1_802' title='bbox 3679 5366 3731 5410; x_wconf 81' lang='lat' dir='ltr'><strong>to</strong></span> 
     </span>
    </p>
   </div>
   <div class='ocr_carea' id='block_1_116' title="bbox 2149 5450 3732 5524">
    <p class='ocr_par' dir='ltr' id='par_1_116' title="bbox 2149 5450 3732 5524">
     <span class='ocr_line' id='line_1_116' title="bbox 2149 5450 3732 5524; baseline -0.008 -8"><span class='ocrx_word' id='word_1_803' title='bbox 2149 5461 2342 5524; x_wconf 87' lang='lat' dir='ltr'><strong>reduc,</strong></span> <span class='ocrx_word' id='word_1_804' title='bbox 2403 5474 2467 5512; x_wconf 88' lang='lat' dir='ltr'><strong>ac</strong></span> <span class='ocrx_word' id='word_1_805' title='bbox 2515 5455 2842 5512; x_wconf 88' lang='lat' dir='ltr'><strong>concinnam</strong></span> <span class='ocrx_word' id='word_1_806' title='bbox 2882 5463 2938 5508; x_wconf 89' lang='lat' dir='ltr'><strong>et</strong></span> <span class='ocrx_word' id='word_1_807' title='bbox 2999 5455 3335 5508; x_wconf 80' lang='lat' dir='ltr'><strong>modulatam</strong></span> <span class='ocrx_word' id='word_1_808' title='bbox 3384 5450 3732 5505; x_wconf 84' lang='lat' dir='ltr'><strong>saltationem</strong></span> 
     </span>
    </p>
   </div>
   <div class='ocr_carea' id='block_1_117' title="bbox 2151 5544 3728 5616">
    <p class='ocr_par' dir='ltr' id='par_1_117' title="bbox 2151 5544 3728 5616">
     <span class='ocr_line' id='line_1_117' title="bbox 2151 5544 3728 5616; baseline -0.008 -10"><span class='ocrx_word' id='word_1_809' title='bbox 2151 5551 2307 5606; x_wconf 86' lang='lat' dir='ltr'><strong>salta.</strong></span> <span class='ocrx_word' id='word_1_810' title='bbox 2346 5549 2612 5604; x_wconf 73' lang='lat' dir='ltr'><strong>Existimo</strong></span> <span class='ocrx_word' id='word_1_811' title='bbox 2643 5557 2824 5602; x_wconf 86' lang='lat' dir='ltr'><strong>autem</strong></span> <span class='ocrx_word' id='word_1_812' title='bbox 2859 5562 2955 5616; x_wconf 91' lang='lat' dir='ltr'><strong>per</strong></span> <span class='ocrx_word' id='word_1_813' title='bbox 2983 5546 3204 5600; x_wconf 86' lang='lat' dir='ltr'><strong>Davidis</strong></span> <span class='ocrx_word' id='word_1_814' title='bbox 3241 5544 3588 5599; x_wconf 83' lang='lat' dir='ltr'><strong>saltationem</strong></span> <span class='ocrx_word' id='word_1_815' title='bbox 3626 5557 3728 5595; x_wconf 85' lang='lat' dir='ltr'><strong>no-</strong></span> 
     </span>
    </p>
   </div>
   <div class='ocr_carea' id='block_1_118' title="bbox 2319 5723 3732 5794">
    <p class='ocr_par' dir='ltr' id='par_1_118' title="bbox 2319 5723 3732 5794">
     <span class='ocr_line' id='line_1_118' title="bbox 2319 5723 3732 5794; baseline -0.005 -12"><span class='ocrx_word' id='word_1_816' title='bbox 2319 5731 2362 5763; x_wconf 79' lang='grc'>⁶⁹</span> <span class='ocrx_word' id='word_1_817' title='bbox 2393 5730 2622 5784; x_wconf 80' lang='lat' dir='ltr'><strong>Zarhar.</strong></span> <span class='ocrx_word' id='word_1_818' title='bbox 2661 5747 2738 5794; x_wconf 77' lang='lat' dir='ltr'><strong>In,</strong></span> <span class='ocrx_word' id='word_1_819' title='bbox 2783 5731 2830 5783; x_wconf 84' lang='grc'><strong>1.</strong></span> <span class='ocrx_word' id='word_1_820' title='bbox 2949 5729 2993 5759; x_wconf 76' lang='grc' dir='ltr'><strong>⁷ο</strong></span> <span class='ocrx_word' id='word_1_821' title='bbox 3025 5726 3212 5780; x_wconf 75' lang='lat' dir='ltr'><strong>Matth.</strong></span> <span class='ocrx_word' id='word_1_822' title='bbox 3250 5742 3321 5786; x_wconf 79' lang='lat' dir='ltr'><strong>tv,</strong></span> <span class='ocrx_word' id='word_1_823' title='bbox 3363 5726 3444 5778; x_wconf 92' lang='lat' dir='ltr'><strong>ll.</strong></span> <span class='ocrx_word' id='word_1_824' title='bbox 3525 5725 3563 5756; x_wconf 89' lang='grc'><strong>⁷¹</strong></span> <span class='ocrx_word' id='word_1_825' title='bbox 3597 5723 3732 5778; x_wconf 80' lang='lat' dir='ltr'><strong>Luc.</strong></span> 
     </span>
    </p>
   </div>
   <div class='ocr_carea' id='block_1_119' title="bbox 2299 5797 3403 5869">
    <p class='ocr_par' dir='ltr' id='par_1_119' title="bbox 2299 5797 3403 5869">
     <span class='ocr_line' id='line_1_119' title="bbox 2299 5797 3403 5869; baseline -0.008 -12"><span class='ocrx_word' id='word_1_826' title='bbox 2299 5803 2556 5857; x_wconf 71' lang='lat' dir='ltr'><strong>“Matth.</strong></span> <span class='ocrx_word' id='word_1_827' title='bbox 2597 5818 2651 5869; x_wconf 83' lang='lat' dir='ltr'><strong>lt,</strong></span> <span class='ocrx_word' id='word_1_828' title='bbox 2690 5801 2738 5860; x_wconf 84' lang='lat' dir='ltr'><strong>l.</strong></span> <span class='ocrx_word' id='word_1_829' title='bbox 2813 5797 3037 5856; x_wconf 68' lang='lat' dir='ltr'><strong>“Joau.</strong></span> <span class='ocrx_word' id='word_1_830' title='bbox 3079 5814 3156 5863; x_wconf 69' lang='grc' dir='ltr'><strong>γι,</strong></span> <span class='ocrx_word' id='word_1_831' title='bbox 3196 5798 3212 5850; x_wconf 91' lang='lat' dir='ltr'><strong>l</strong></span> <span class='ocrx_word' id='word_1_832' title='bbox 3250 5813 3403 5865; x_wconf 76' lang='lat' dir='ltr'><strong>seqq.</strong></span> 
     </span>
    </p>
   </div>
  </div>
