4100 6428
409 331 545 404 ῙΞΟἹ

1829 340 2085 400 ADDEN
2099 342 2215 401 DA.

3528 344 3671 410 12-38

404 447 488 509 ωε
534 452 636 523 pia;
671 450 797 508 vita:
845 450 1140 523 agilitatem
1189 449 1660 521 multiplicemque
1713 448 1981 503 rationem
2017 452 2057 506 Α
2089 446 2413 517 simpliciter
2458 447 2759 518 accipiunt,
2809 454 2997 518 postea
3028 457 3211 504 autem
3270 450 3520 506 eamdem
3554 470 3673 510 me-

404 545 705 614 designari.

476 640 599 696 Col.
628 634 737 693 550
768 636 831 691 D.
858 635 1272 706 Descriptionem
1311 651 1564 702 reverere,
1590 644 1805 705 propter
1826 647 1982 703 quant

402 732 457 785 in
485 730 647 795 cretis,
686 739 790 782 etc.
817 726 1077 781 Dominus
1112 741 1218 779 una
1255 741 1380 780 cum
1412 734 1585 780 matre
1611 722 1883 794 etJoseph
1906 724 1985 776 in-

403 826 485 875 ter
511 832 702 875 servos
729 817 881 887 juxta
918 818 1155 873 Catsaris
1176 817 1416 872 edit-tum
1447 817 1761 885 descriptus
1788 825 1891 879 est,
1924 823 1985 868 ut

400 922 503 966 nos
536 910 590 964 in
624 909 914 964 beatorum
973 910 1116 965 libro
1174 910 1566 966 inscribamur.
1622 902 1776 964 lianc
1821 909 1988 977 igitur

400 996 830 1071 descriptionem
891 1018 1166 1068 reverere,
1246 1019 1312 1059 ac
1388 1003 1728 1058 nativitatem
1779 1000 1983 1056 Christi

400 1088 703 1150 honoriﬁce
733 1096 875 1160 cole,
919 1106 1141 1166 propter
1190 1112 1355 1167 quam
1390 1095 1695 1151 nativitatis
1754 1094 1986 1150 vinculis

400 1188 617 1244 solutus
650 1204 729 1243 es.
766 1187 1063 1244 Vinculum
1103 1196 1285 1243 autem
1341 1187 1668 1252 nativitatis,
1702 1194 1787 1240 est
1858 1201 1985 1258 pec-

400 1290 585 1335 catum
617 1280 765 1336 illius
801 1295 986 1336 centes
1013 1282 1080 1336 ⁷⁸.
1116 1279 1194 1335 Ex
1239 1279 1681 1351 transgressione
1706 1277 1785 1350 (4)
1811 1278 1982 1344 enim,

399 1380 455 1425 et
482 1371 897 1427 matrimonium
977 1371 1284 1443 profectum
1336 1380 1458 1435 est,
1523 1382 1577 1427 et
1650 1371 1981 1442 generatio;

401 1463 590 1532 sicque
615 1463 668 1518 in
728 1465 971 1535 peccatis
1040 1465 1342 1521 nascimur.
1398 1465 1470 1521 At
1525 1460 1784 1520 Christus
1826 1474 1987 1520 natus

399 1562 600 1607 nostra:
625 1568 844 1623 quoque
872 1554 1145 1610 nzttivitati
1180 1556 1529 1611 sanctitatem
1588 1556 1857 1621 attulit",
1920 1572 1986 1611 ac

399 1641 659 1714 deinceps
692 1644 1015 1702 honorabile
1036 1656 1120 1701 est
1158 1648 1498 1703 connuhium
1574 1656 1631 1701 et
1689 1630 1846 1705 torus
1884 1648 1987 1703 int-

402 1735 799 1792 maculatus".
845 1739 1020 1794 Parva
1062 1748 1244 1795 autem
1285 1749 1368 1796 est
1402 1739 1746 1808 Bethlchem,
1799 1751 1988 1812 utpote

2089 540 2265 595 moria
2297 548 2516 594 versant
2546 554 2612 594 ac
2642 540 2917 602 recolunt,
2949 549 3116 609 atque
3141 551 3406 598 accurata
3447 549 3666 600 exami-

2087 636 2312 688 natione
2357 632 2519 702 quasi
2577 631 2835 688 dentibus
2894 632 3151 688 dividunt
3177 643 3232 690 et
3254 636 3669 706 comminuunt,

2086 724 2249 795 idque
2266 739 2448 790 omne,
2467 723 2614 795 quod
2632 726 2828 782 inutile
2856 735 2962 794 est,
2993 740 3351 799 exspuentes,
3400 731 3666 801 quidquid

2087 818 2154 872 ad
2188 832 2344 873 esum
2369 826 2555 887 aptum
2584 826 2637 874 et
2662 818 2826 874 vitale
2850 828 2956 883 est.
2991 822 3045 876 in
3072 822 3275 878 mentis
3328 824 3664 893 profundum

2086 909 2247 979 quasi
2277 911 2331 963 in
2354 917 2598 965 ventrem
2629 910 2921 980 quemdam
2948 913 3225 981 injiciunt.
3272 912 3407 969 Nam
3455 916 3674 985 puritas

2087 1017 2308 1072 quoque
2331 1018 2428 1072 per
2477 1002 2933 1058 ruminationem.
2960 1004 3307 1076 designatur.
3337 1006 3395 1061 Si
3408 1023 3466 1061 ve
3494 1008 3668 1063 etiam

2084 1095 2317 1151 ethnicae
2340 1106 2394 1152 et
2421 1097 2649 1165 impurae
2682 1100 2851 1167 partis
2888 1114 2971 1165 es,
3021 1111 3185 1168 atque
3208 1101 3276 1155 ad
3335 1116 3491 1156 esum
3538 1104 3671 1172 qui-

2085 1187 2210 1243 dem
2245 1188 2474 1254 intttilis,
2507 1176 2696 1259 utpote
2727 1191 2998 1259 proximis
3028 1192 3141 1245 tuis
3167 1191 3395 1248 minime
3426 1190 3673 1249 fructuo-

2086 1294 2204 1345 sus,
2231 1279 2298 1334 ad
2324 1279 2592 1336 sacriﬁcia
2621 1290 2803 1336 autem
2836 1282 3061 1337 minime
3075 1282 3328 1347 idoneus,
3356 1284 3669 1353 utpoteDeo

2088 1385 2432 1440 nequaquam
2491 1382 2682 1440 gratus
2734 1381 2902 1443 atque
2961 1382 3245 1445 acceptus.
3304 1374 3662 1431 Ethnieorum

2090 1475 2253 1531 porro
2272 1472 2326 1516 et
2358 1461 2657 1517 inﬁdeliqu
2681 1473 2766 1519 est
2800 1464 3111 1535 impuritss,
3137 1475 3449 1536 caeteraque
3474 1469 3664 1522 eodem

2089 1552 2252 1607 modo
2285 1552 2454 1620 dicta,
2489 1555 2634 1624 quod
2667 1556 2927 1612 nimirum
2962 1568 3027 1612 au
3061 1573 3217 1612 esum
3248 1564 3301 1611 et
3332 1559 3671 1614 sacriﬁcium

2090 1643 2512 1716 haudquaquam
2540 1647 2654 1717 apti
2674 1648 2808 1703 sint.
2840 1648 3009 1704 Cibus
3046 1649 3195 1705 enim
3230 1665 3420 1705 eorum
3453 1651 3546 1721 qui
3578 1665 3676 1706 co-

2090 1737 2335 1796 medunt.
2372 1740 2541 1792 vitam
2570 1738 2719 1794 fovet
2762 1754 2828 1794 ac
2858 1740 3125 1797 suﬁ‘ulcit.

402 1842 579 1900 usque
615 1831 680 1885 ad
722 1829 1003 1888 Christum
1045 1842 1234 1888 natum
1273 1834 1494 1888 minima
1535 1834 1675 1890 inter
1711 1805 1988 1906 princ-ipes
2025 1805 2066 1864 Β
2163 1830 2298 1885 Ibid.
2334 1830 2467 1885 Cum
2503 1832 2661 1886 stella
2727 1849 2914 1888 curre:
2975 1850 3094 1888 cum
3142 1833 3315 1905 Magis
3339 1836 3483 1889 dona
3516 1832 3674 1903 olor.

399 1910 619 1976 Iudae"
655 1940 669 1977 :
712 1938 833 1991 quae
858 1923 1076 1993 quidem
1101 1940 1202 1979 nos
1237 1941 1429 1980 rursus
1472 1927 1541 1981 ad
1587 1938 1823 1982 veterem
1887 1944 1988 1998 pa-

398 2011 566 2068 radisi
648 2015 1056 2085 perceptionem
1140 2016 1587 2088 voluptatemque
1682 2020 1985 2084 revocavit,

397 2099 680 2157 Christum
741 2104 996 2160 videlicet
1058 2117 1376 2163 nascentem
1426 2107 1875 2180 suscipiens,qui
1919 2111 1987 2165 ad

398 2207 520 2248 eam
553 2209 655 2250 nos
691 2196 926 2252 reduxit.
963 2196 1140 2271 Atque
1166 2199 1330 2255 etiam
1365 2200 1418 2255 in
1447 2201 1717 2272 praesepio
1747 2201 1986 2259 Verbum

401 2279 731 2343 collocatum
753 2297 857 2355 est,
892 2299 951 2346 ut
979 2306 1080 2347 nos
1103 2291 1170 2347 ad
1206 2291 1494 2347 brutorum
1522 2295 1821 2349 amentiam
1853 2310 1989 2350 con-

400 2381 545 2436 versi
605 2396 949 2453 nequaquam
1005 2385 1120 2459 jam
1182 2386 1250 2440 ad
1312 2388 1588 2442 sordidam
1624 2399 1679 2444 et
1728 2404 1986 2458 pecorum

404 2471 639 2528 similem
668 2477 1075 2545 provolvamur,
1108 2494 1292 2533 verum
1325 2480 1625 2535 secundum
1691 2479 1861 2536 Deum
1924 2498 1990 2538 ac

402 2578 513 2618 non
544 2567 842 2623 secundum
873 2569 1123 2626 turbidos
1156 2571 1324 2626 animi
1359 2584 1544 2629 motus
1588 2573 1772 2629 vivere
1803 2575 1984 2631 disca-

402 2669 551 2721 mus,
585 2666 640 2715 et
661 2658 821 2716 Verbi
856 2664 1172 2731 magisteria
1201 2673 1254 2720 et
1279 2665 1569 2737 disciplina
1603 2667 1826 2722 nutriri.

475 2748 593 2805 Col.
634 2748 840 2808 351A.
899 2753 1183 2824 Cognosce,
1239 2764 1293 2809 ut
1350 2754 1463 2820 bos,
1521 2762 1629 2809 etc.
1672 2755 1991 2825 Opportune

407 2838 721 2916 Theologus
742 2847 1045 2918 prophetia:
1080 2847 1237 2905 Isaiae
1288 2849 1630 2905 mentionem
1691 2846 1823 2903 facit
1866 2863 1995 2918 pro-

408 2944 528 3002 pter
587 2937 748 2993 bruta
811 2938 1114 2994 animantia
1175 2948 1230 2995 ct
1269 2940 1609 3011 agnitionem
1669 2938 1903 3003 Christi,
1938 2949 1995 2996 et

407 3040 674 3100 praesepe.
726 3029 871 3087 Deus
919 3033 1064 3087 enim
1105 3048 1205 3104 per
1233 3031 1562 3104 Prophetatn
1624 3032 1992 3106 israelitjcum

406 3122 671 3191 ptpttlttm
714 3132 775 3177 ut
804 3123 1103 3194 ingratum,
1144 3135 1198 3180 et
1232 3126 1541 3191 vecordem,
1571 3126 1773 3181 acriter
1803 3127 1993 3198 objur-
2025 3164 2070 3224 Ο

404 3231 541 3285 gans
572 3216 648 3271 ait
678 3234 693 3272 :
722 3215 980 3289 Cognovit
1010 3218 1101 3272 bos
1125 3236 1475 3288 possessorem
1505 3236 1680 3284 suum,
1709 3229 1759 3274 et
1807 3222 1991 3276 asinus

404 3324 637 3380 praesepe
690 3310 893 3366 domini
944 3312 1064 3377 sui,
1116 3311 1286 3366 Israel
1337 3323 1513 3368 autem
1586 3329 1670 3366 me
1739 3329 1843 3366 non
1904 3329 1994 3366 co-

405 3403 673 3473 gnovit“.
733 3402 948 3471 Quibus
1000 3405 1183 3461 verbis
1250 3403 1471 3461 Judaeos
1542 3404 1711 3461 mutis
1773 3419 1996 3476 quoque

410 3495 786 3552 animantibus
860 3498 1260 3568 propemodum
1328 3498 1661 3569 stupidiores
1717 3499 1996 3554 exstitisse

408 3591 509 3645 ait.
550 3590 732 3661 Atque
760 3590 1019 3647 omnibus
1053 3590 1274 3661 quidem
1309 3591 1523 3662 ingrate
1561 3599 1616 3645 et
1653 3590 1840 3660 inique
1867 3604 1997 3659 erga

410 3683 583 3740 Deum
617 3683 827 3741 aﬁ'ectis
856 3684 973 3741 haec
1007 3685 1184 3740 oratio
1228 3685 1500 3756 congruit.
1559 3683 1828 3741 Caeterum
1894 3683 1999 3738 hoc

417 3778 541 3833 loco
573 3779 673 3833 bos
705 3779 758 3832 in
777 3772 990 3835 Judaici
1017 3776 1227 3848 populi,
1257 3777 1351 3848 qui
1391 3776 1527 3848 legis
1547 3775 1683 3846 jugo
1711 3774 2000 3843 subjectus

414 3880 570 3937 erat,
604 3870 833 3943 ﬁguram
860 3871 1162 3927 assumitur
1202 3887 1217 3924 :
1264 3870 1459 3926 asinus
1501 3877 1680 3923 autem
1735 3868 1788 3921 in
1829 3866 2005 3936 genti-

412 3964 548 4021 lium
585 3964 853 4036 ﬁguram,
903 3974 1018 4021 tum
1050 3964 1178 4036 quia
1207 3978 1239 4018 a
1271 3962 1389 4033 lege
1423 3962 1639 4017 alienus
1681 3968 1821 4021 erat.
1888 3969 2000 4013 tum

412 4057 580 4114 etiam
614 4066 837 4128 propter
880 4057 1250 4127 impuritatem
1290 4066 1346 4110 et
1392 4055 1725 4111 crassitiem.
1786 4055 2000 4110 Etenim

414 4148 542 4214 bos,
567 4158 629 4204 ut
648 4149 715 4204 ad
747 4149 1189 4220 cognoscendqu
1223 4148 1439 4203 acutior
1460 4189 1475 4213 ,
1505 4148 1792 4203 dominum
1837 4162 1999 4202 suum

417 4242 672 4313 agnoscit
704 4258 720 4296 :
748 4241 940 4297 asinus
966 4249 1148 4296 autem
1205 4250 1268 4294 ttt
1290 4240 1466 4296 ventri
1490 4240 1730 4305 deditus,
1758 4252 2005 4310 prtescpe

416 4333 729 4402 cognoscit.
764 4335 841 4388 Ac
871 4333 1013 4401 vide,
1040 4347 1204 4403 quam
1241 4331 1395 4387 bovis
1422 4338 1475 4387 et
1496 4330 1636 4386 asini
1684 4331 2004 4402 allegoriam

419 4426 632 4483 afferat.
688 4425 961 4492 Quoniam
1010 4425 1155 4479 enim
1215 4423 1320 4479 bos
1356 4422 1561 4478 animal
1594 4424 1861 4478 mundum
1897 4417 2005 4488 est,

2093 1938 2303 1987 aurum,
2337 1931 2444 1979 etc.
2473 1922 2617 1979 Deus
2640 1939 2958 1995 corpoream
2997 1942 3156 1981 suam
3197 1920 3678 1996 nativitatem'per

2092 2015 2301 2069 stellam
2333 2015 2627 2087 signiﬁcari
2663 2017 2854 2072 voluit.
2881 2017 3124 2087 Equum
3161 2019 3308 2072 enim
3359 2028 3476 2073 erat
3535 2017 3697 2073 Ver--

2093 2107 2220 2162 bum
2275 2109 2493 2163 cmlitus
2552 2109 2894 2165 descendens
2958 2109 3175 2164 ccelesti
3229 2123 3458 2179 quoque
3512 2108 3681 2180 signo

2095 2200 2419 2256 indicari.ls
2452 2216 2617 2272 porro
2645 2216 2770 2256 enm
2805 2203 2963 2257 stella
2999 2203 3193 2269 currit,
3223 2202 3317 2271 qui
3367 2216 3489 2256 eam
3553 2202 3683 2256 imi-

2095 2301 2262 2358 tatur,
2296 2293 2397 2348 hoc
2434 2303 2541 2358 est,
2575 2296 2669 2365 qui
2704 2293 2989 2351 Christum
3018 2294 3104 2362 iis,
3133 2311 3164 2349 s
3194 2295 3399 2364 quibus
3452 2294 3679 2364 ignora-

2096 2395 2203 2452 tur,
2260 2388 2539 2458 prmdicat,
2598 2386 2682 2442 vel
2729 2388 2894 2442 etiam
2951 2388 3046 2458 qui
3073 2388 3333 2442 virtutum
3384 2386 3682 2456 splendore

2095 2480 2279 2536 clarus
2326 2489 2382 2535 et
2436 2480 2669 2551 insignis
2714 2488 2963 2549 apparet,
3019 2479 3106 2534 vel
3156 2480 3323 2535 etiam
3369 2478 3466 2548 qui
3500 2492 3672 2547 supra

2093 2572 2279 2627 omnia
2315 2581 2535 2628 terrena
2569 2571 2761 2628 fertur.
2792 2572 2884 2627 Ille
2912 2580 3094 2628 autem
3127 2585 3355 2626 munera
3386 2584 3511 2624 cum
3566 2569 3678 2624 Ma-

2094 2666 2174 2736 gis
2201 2665 2386 2731 oﬂert,
2417 2666 2511 2737 qui
2535 2666 2875 2722 oblationem
2904 2679 3101 2720 eorum
3145 2662 3507 2736 spiritualiter
3550 2661 3677 2715 imi-

2096 2767 2262 2814 tatur.
2304 2757 2439 2814 Nam
2480 2760 2550 2815 ab
2577 2760 2687 2816 illis
2740 2774 2964 2831 quoque
3004 2759 3149 2815 dona
3182 2758 3363 2813 oblata
3408 2763 3555 2812 sunt.
3589 2752 3679 2809 Si-

2097 2863 2264 2918 gnum
2322 2856 2508 2904 autem
2552 2849 2699 2920 regis
2738 2859 2823 2905 est
2869 2865 3090 2915 aurum,
3143 2851 3272 2919 quia
3338 2864 3437 2919 per
3481 2861 3682 2902 aurum

2097 2943 2300 2999 subditi
2332 2958 2512 3014 regem
2542 2942 2867 2997 muneribus
2898 2940 3165 2998 alliciunt.
3192 2942 3346 2998 Thus
3373 2957 3560 3012 porro,
3596 2939 3686 2995 di-

2097 3036 2364 3102 vinitatis,
2401 3036 2529 3105 quia
2589 3036 2750 3090 thura
2806 3034 2917 3091 Deo
2944 3035 3152 3091 adoleri
3209 3036 3432 3091 solent:
3492 3033 3685 3089 mortis

2102 3128 2361 3198 denique,
2397 3129 2641 3200 myrrha,
2677 3130 2807 3199 quia
2844 3128 3047 3183 mortui
3088 3142 3152 3183 ea
3211 3130 3578 3199 intinguntur,
3617 3141 3686 3181 ne

2102 3222 2333 3277 fmteant
2361 3230 2457 3275 aut
2487 3229 2821 3292 putrescant.
2849 3221 2920 3275 At
2954 3230 3009 3275 tu
3067 3235 3166 3291 pro
3222 3235 3361 3275 auro
3424 3234 3685 3290 purarum

2101 3313 2376 3368 actionu-n
2452 3320 2508 3367 et
2558 3327 2876 3367 sermonum
2945 3312 3296 3382 splendorem
3356 3311 3515 3365 oﬁ‘er.
3578 3308 3688 3364 Pro

2104 3408 2263 3462 thure
2285 3420 2479 3477 preces
2512 3422 2527 3460 :
2566 3404 2845 3475 Dirigatur
2887 3405 3060 3469 enim,
3106 3404 3303 3473 inquit,
3340 3406 3512 3458 oratio
3572 3417 3689 3455 mea

2101 3499 2238 3553 sicut
2258 3499 2528 3553 incensum
2554 3497 2609 3551 in
2637 3506 2919 3568 conspectu
2958 3506 3049 3551 tuo
3065 3496 3134 3551 ⁸⁸.
3163 3494 3272 3550 Pro
3302 3496 3527 3567 myrrha
3560 3508 3691 3548 vero

2103 3590 2397 3646 aﬁ'ectuum
2457 3590 2873 3661 oppressionem
2939 3599 2994 3642 et
3054 3587 3502 3652 exstinctionem,
3568 3600 3692 3654 qum

2107 3683 2302 3738 anima:
2330 3681 2694 3738 substantiam
2727 3691 2934 3745 tuetur,
2968 3696 3034 3735 ac
3058 3682 3216 3736 suavi
3265 3680 3437 3737 odore
3464 3680 3694 3750 perfun-

2105 3775 2207 3828 dit.
2238 3773 2487 3840 Quonam
2515 3788 2646 3828 vero
2676 3773 2842 3828 modo
2871 3787 2996 3826 cum
3026 3772 3342 3841 pastoribus
3369 3783 3423 3827 et
3451 3772 3693 3827 archan-

2105 3867 2242 3937 gelis
2267 3874 2434 3936 atque
2458 3866 2668 3934 angelis
2693 3865 2947 3920 laudibus
2971 3864 3139 3919 Deum
3163 3865 3486 3931 celebrabis,
3526 3874 3695 3933 atque

2110 3957 2345 4027 hymnos
2376 3954 2636 4010 concines
2665 3969 2729 4008 ac
2757 3954 3123 4023 tripudiabis?
3161 3955 3438 4010 Nimirum
3489 3957 3535 4011 si
3569 3955 3696 4010 illo-

2112 4064 2232 4103 rum
2267 4045 2713 4109 admirationem,
2740 4042 2993 4098 allectum
3030 4052 3087 4098 et
3144 4045 3405 4115 gaudium
3440 4046 3694 4100 imitatus

2112 4138 2304 4193 fueris.
2341 4136 2476 4191 Nam
2502 4134 2751 4207 profecto
2790 4136 2864 4189 ob
2887 4135 3121 4190 salutem
3156 4145 3403 4191 nostram
3441 4152 3693 4207 superate

2111 4246 2331 4303 quoque
2355 4239 2411 4283 et
2445 4229 2615 4285 beata:
2646 4235 2856 4283 mentes
2892 4228 3091 4283 festum
3123 4227 3432 4289 celebrant,
3489 4237 3548 4282 ut
3575 4242 3700 4297 qua:

2114 4323 2208 4379 Dei
2243 4322 2640 4390 hominumque
2698 4332 2888 4374 amore
2936 4319 3177 4389 praedita:
3206 4320 3338 4374 sint.
3395 4316 3700 4388 Utriusque

2115 4418 2262 4474 enim
2293 4415 2469 4470 laudis
2494 4414 2602 4469 illis
2650 4411 3031 4468 testimonium
3077 4410 3229 4467 dedit
3278 4410 3560 4474 Christus,
3615 4410 3700 4465 sic

421 4535 487 4574 ac
503 4518 640 4590 jugo
686 4517 1017 4587 subjectum,
1082 4527 1136 4572 et
1176 4516 1488 4582 ruminans,
1549 4524 1714 4585 atque
1746 4515 2003 4571 sacriﬁcii
2043 4512 2086 4566 D
2118 4526 2213 4581 per
2237 4508 2525 4580 parabolas
2550 4507 2810 4573 loquens:
2839 4504 3199 4576 Mulier,qua°.
3215 4504 3476 4560 amissam
3507 4504 3705 4559 drach-

420 4626 589 4667 causa
629 4617 902 4666 mactatur
931 4619 985 4664 et
1013 4609 1355 4677 eomeditur;
1383 4608 1437 4662 in
1468 4607 1628 4662 asino
1652 4615 1837 4663 autem
1876 4621 2005 4661 con-

422 4702 596 4758 trario
626 4702 793 4757 modo
825 4716 885 4757 se
919 4701 1103 4755 omnia
1144 4700 1345 4755 habent
1383 4719 1396 4754 :
1431 4699 1740 4769 Cognosce,
1803 4699 2006 4768 inquit,

423 4796 665 4863 auditor,
702 4796 956 4869 quisnam
992 4796 1061 4852 sit
1097 4795 1144 4851 is
1171 4795 1267 4867 qui
1303 4803 1465 4851 natus
1494 4793 1752 4862 est,,sive
1776 4794 1875 4849 bos
1924 4807 2007 4854 es,

426 4891 531 4946 hoc
580 4897 683 4954 est,
747 4903 814 4943 es
854 4887 1079 4955 Judaeis,
1135 4890 1229 4958 qui
1279 4887 1573 4957 puritatem
1598 4893 1654 4941 et
1678 4885 2008 4941 munditiem

422 4999 536 5053 pra‘.
562 4983 851 5047 seferunt,
884 4998 950 5038 ac
978 4983 1083 5038 sub
1111 4981 1248 5052 legis
1289 4980 1421 5050 jugo
1473 4987 1790 5043 censentur,
1841 4985 2010 5047 atque

427 5075 613 5130 idonei
654 5084 808 5141 sunt,
840 5075 935 5146 qui
963 5075 1073 5130 Deo
1105 5075 1159 5130 in
1189 5073 1522 5130 sacriﬁcium
1573 5071 1896 5132 offerantur,
1957 5078 2013 5124 et

426 5176 631 5223 rectam
659 5166 964 5222 doctrinam
997 5168 1329 5222 ruminando
1387 5165 1713 5229 conﬁciunt,
1768 5162 1898 5231 quia
1932 5162 2014 5215 \i-

418 5258 626 5314 ’delicet
653 5259 891 5328 primum
932 5260 1153 5330 quidem
1185 5258 1309 5314 ﬁdei
1349 5256 1679 5313 Christianae
1704 5254 2011 5310 doctrinam

502 5421 548 5453 ⁷⁸
585 5420 728 5478 Psal.
763 5437 816 5484 ι,
843 5418 899 5478 7.
1014 5419 1061 5450 ""
1095 5417 1300 5487 Ephes.
1340 5431 1400 5476 ll,
1442 5417 1461 5469 l
1499 5429 1654 5483 seqq.

428 5500 551 5559 CXL,
575 5493 629 5547 2.
707 5494 751 5526 ⁸³
786 5482 919 5545 Luc.
952 5504 1043 5553 xv,
1075 5482 1161 5542 8f
1207 5487 1252 5519 ³³
1279 5487 1421 5541 l’sal.
1455 5482 1629 5549 xxttt,’
1649 5482 1699 5537 7.

502 5635 581 5707 (ι)
618 5632 701 5687 Ea:
755 5629 1214 5707 transgressiones
1249 5624 1543 5707 Congressi
1612 5622 1830 5707 quidem
1886 5628 2016 5674 sunt

433 5700 679 5760 Ad'at'uus
737 5714 792 5756 et
846 5700 957 5756 Eva
1012 5700 1433 5771 postfviolatum
1467 5703 1799 5771 pra‘ccptum
1850 5707 2007 5771 :no'n

442 5782 624 5833 tamen
658 5789 721 5832 ex
753 5766 1022 5845 praecepti
1048 5770 1344 5826 violatione
1371 5766 1673 5838 profectum
1702 5774 1784 5819 est
1820 5766 2010 5816 matri-

1756 5412 1803 5443 ⁷⁸
1845 5408 2010 5464 llebr.
2059 5423 2179 5471 χιιι,
2223 5408 2276 5459 4.

2119 4617 2262 4657 mam
2297 4601 2526 4664 invenit,
2559 4599 2769 4654 amicas
2793 4607 2850 4654 et
2879 4599 3092 4654 vicinas
3141 4605 3431 4662 convocat,
3467 4597 3699 4652 dicens:

2118 4692 2581 4766 Congratulamini
2641 4692 2772 4746 mihi
2794 4691 2864 4747 ⁸³.
2912 4692 3080 4763 Ergo,
3136 4700 3193 4746 ut
3231 4691 3325 4761 Dei
3355 4690 3568 4752 amicae,
3599 4689 3705 4760 ipsi

2117 4790 2491 4859 gratulantur.
2541 4783 2696 4851 Quod
2729 4793 2913 4840 autem
2943 4784 3231 4839 hominum
3268 4785 3382 4839 sint
3431 4792 3703 4848 amantes,

2116 4896 2184 4935 ex
2213 4881 2279 4934 iis
2301 4877 2510 4947 angelis
2544 4877 2749 4948 liquido
2776 4884 3012 4943 constat,
3039 4890 3178 4946 quos
3216 4875 3272 4929 in
3298 4875 3443 4929 tertii
3472 4882 3521 4928 et
3566 4872 3713 4926 vice-

2121 4972 2246 5025 simi
2291 4968 2495 5025 Psalmi
2526 4969 2633 5025 ﬁne
2655 4969 2923 5024 describit
2956 4968 3153 5032 David,
3180 4967 3347 5023 simul
3379 4981 3505 5020 eum
3540 4964 3704 5020 Chri-

2120 5074 2206 5117 sto
2240 5061 2622 5126 ascendentes,
2655 5077 2721 5116 ac
2756 5063 2910 5132 prius
2968 5069 3324 5116 occurrentes
3371 5059 3442 5115 iis
3474 5058 3707 5129 angelis,

2121 5157 2215 5224 qui
2253 5154 2307 5209 in
2352 5155 2490 5209 caelo
2518 5154 2837 5210 Davidicum
2899 5154 3031 5209 illud
3065 5152 3410 5222 imperabant
3465 5169 3478 5205 :
3530 5150 3710 5205 Attol-

2125 5252 2218 5305 lite
2253 5259 2438 5318 portas
2456 5248 2527 5313 ⁸⁸,
2579 5255 2684 5301 etc.
2748 5245 2885 5301 Nam
2924 5245 3024 5315 ipsi
3054 5258 3276 5314 quoque
3303 5243 3497 5298 eadem
3523 5240 3711 5295 Itetitis

2392 5406 2438 5436 ⁷⁹
2478 5403 2669 5459 Matth.
2700 5418 2851 5467 xxix,
2889 5401 2944 5456 6.
3058 5398 3105 5431 ⁸⁰
3140 5398 3245 5453 lsa.
3274 5417 3313 5467 ι,
3341 5400 3396 5453 ’5.
3474 5398 3517 5429 ⁸¹
3563 5396 3712 5454 Psal.

2123 5612 2537 5677 monium,‘sed
2574 5621 2701 5666 ante
2750 5607 3101 5677 violationem
3125 5674 3135 5677 _
3162 5617 3191 5657 a
3227 5603 3335 5677 Deo
3373 5602 3712 5664 institutum.

2124 5697 2183 5744 ut
2206 5702 2271 5743 ex
2301 5674 2574 5756 principio
2611 5680 2841 5739 Genesis
2878 5674 3233 5749 apertissime
3268 5674 3465 5745 liquet.
