4100 6414
484 313 614 380 1211

1893 314 2272 377 ΑΒΟΕΝΒᾹ.

3619 324 3758 386 1212

479 433 673 502 tinget,
706 443 894 484 verum
954 427 1287 498 lapidatorcs
1347 427 1522 488 falles,
1570 441 1633 479 ac
1668 440 1766 495 per
1819 424 2056 476 medium
2091 425 2452 496 Astrepitum
2519 427 2649 482 edit.
2707 427 2825 482 Jam
2880 429 3067 497 spinas
3117 427 3430 502 TheolOgus
3489 434 3604 502 ipse
3660 456 3757 506 p.1-

479 526 722 593 ipsorum
762 519 1041 585 transibis,
1087 529 1272 589 utpote
1311 521 1446 574 deus
1479 518 1772 588 adoptione
1821 526 1876 572 et
1928 533 2054 587 gra-

481 612 551 664 tia
583 609 777 662 factus.
815 607 902 662 Sic
936 608 1080 662 cnim
1112 608 1177 662 de
1203 608 1426 664 Christo
1449 609 1590 685 apud
1615 608 1883 662 Joannem
1919 609 2058 663 scri-

477 713 630 773 ptum
661 713 744 757 est
771 721 785 756 ε
815 701 1158 758 διιδιιιιενυιιι
1197 703 1423 772 lapides,
1450 715 1507 758 ut
1535 705 1775 772 jacerent
1807 707 1860 758 in
1912 721 2052 757 eum.

473 793 628 847 Jesus
653 805 826 848 autem
850 794 1123 850 abscondit
1147 812 1222 859 se,
1253 805 1408 858 atque
1466 797 1624 848 exivit
1661 799 1724 848 de
1778 793 2050 862 templo",

473 887 743 940 transiens
765 903 858 954 per
883 888 1121 940 medium
1147 888 1410 956 ipsorum.
1457 885 1678 940 Verbum
1739 887 1882 941 enim
1947 904 2050 941 non

467 989 545 1030 est
597 979 900 1047 alligatum,
957 981 1419 1050 quemadmodum
1463 979 1540 1033 ait
1597 980 1800 1034 Paulus
1842 980 1926 1043 ",
1981 980 2050 1037 de

472 1070 859 1138 prmdicatione
901 1072 1166 1142 loquens;
1229 1073 1364 1142 quin
1442 1074 1644 1139 potius,
1696 1088 1822 1127 cum
1859 1073 2049 1142 alliga-

391 1172 394 1175 '
469 1170 584 1227 tur,
613 1178 840 1217 currere
893 1163 1065 1232 ipsum
1121 1163 1374 1217 dixerim.
1420 1161 1658 1218 Verbum
1719 1163 1866 1217 enim
1905 1165 2045 1233 lapi-

467 1256 629 1310 dibus
687 1272 794 1310 non
849 1256 1158 1319 conﬁcitur.
1220 1257 1270 1310 id
1343 1266 1448 1320 est,
1513 1257 1674 1321 Deus,
1734 1259 1814 1312 vel
1876 1259 2043 1312 etiam

468 1343 590 1398 fidei
625 1347 896 1400 doctrina.
962 1345 1259 1416 Lapidibus
1322 1358 1506 1404 autem
1559 1363 1665 1403 non
1730 1348 2041 1416 conficitur,

465 1438 519 1491 id
549 1447 654 1502 est,
690 1438 1027 1508 perpessioni
1059 1456 1402 1510 nequaquam
1434 1442 1730 1496 obnoxium
1787 1451 1894 1506 est,
1959 1453 2043 1496 ut-

462 1536 589 1597 pote
624 1529 1067 1599 inexpugnabile.
1106 1528 1164 1584 Si
1198 1532 1263 1586 ad
1296 1530 1564 1586 Herodem
1607 1533 1879 1588 adductus
1923 1532 2040 1588 fue-

463 1620 556 1685 ris,
587 1620 690 1676 huc
711 1629 814 1684 est,
867 1621 936 1676 ad
999 1637 1246 1678 crassum
1304 1632 1359 1678 et
1409 1625 1684 1679 carnalem
1737 1625 2035 1691 hominem,

458 1711 544 1764 vcl
607 1711 956 1775 ham-ticum,
1021 1714 1343 1784 plerumque
1410 1731 1476 1770 ne
1536 1715 1757 1769 verbum
1818 1716 2034 1785 quidem

2169 519 2478 588 allegoriam
2517 521 2876 590 philosophia!
2912 523 2964 575 in
2998 524 3215 576 actione
3247 525 3436 592 posita:
3481 532 3751 594 asperita-

2167 620 2272 664 tem
2324 612 2713 681 interpretatus
2763 623 2869 667 est.
2930 612 3102 668 Porro
3147 617 3312 669 Vestis
3362 633 3599 688 purpura
3654 639 3748 674 seu

2165 704 2484 766 coccinum,
2545 719 2656 771 quo
2712 702 2966 758 Christus
3030 705 3098 758 ab
3155 705 3470 760 illusoribus
3545 707 3751 765 Juda-is

2164 794 2381 858 tegitur,
2409 794 2704 848 acerrimas
2733 793 3194 865 gravissimasque
3220 795 3542 854 amictiones
3579 803 3747 871 signi-

2163 884 2305 948 ηιξ-τι,
2336 895 2499 952 atque
2538 883 2590 937 in
2627 894 2814 952 peetus
2839 884 3108 938 altissime
3148 896 3518 954 penrtrantes,
3567 907 3745 956 quau-

2158 975 2450 1044 doquidem
2485 985 2537 1029 et
2559 991 2782 1029 coccum
2823 976 2976 1031 color
3017 978 3238 1046 quidam
3273 978 3522 1032 tincturze
3556 989 3638 1034 est
3692 983 3744 1036 in

2158 1067 2486 1138 profundum
2534 1077 2843 1138 penetrans.
2897 1069 2974 1122 Ad
3025 1069 3137 1124 haec
3165 1069 3414 1126 Christus
3475 1074 3746 1131 arundine

2158 1161 2498 1222 verberatur.
2528 1169 2580 1215 et
2609 1175 2704 1230 per
2729 1161 2918 1214 Iudqu
2955 1169 3120 1230 atque
3160 1161 3471 1216 irrisionem
3515 1165 3742 1218 arundi-

2156 1268 2278 1306 nem
2315 1252 2370 1306 iu
2407 1253 2596 1307 dextra
2651 1269 2839 1316 manu,
2895 1254 3042 1309 velut
3096 1265 3370 1324 sceptrum
3403 1271 3432 1308 a
3469 1256 3739 1310 carnifici-

2153 1343 2256 1400 bus
2287 1345 2516 1414 accepit.
2553 1344 2659 1400 Nec
2705 1361 2833 1400 vero
2862 1361 2926 1400 ex
2979 1346 3321 1400 nostratibus
3379 1347 3733 1402 arundinibus

2151 1437 2404 1507 colligere
2459 1437 2644 1500 debes,
2696 1452 2786 1492 cas
2817 1437 3016 1507 quibus
3052 1437 3307 1494 Christus
3349 1438 3573 1492 afTectus
3623 1447 3727 1502 est,

2150 1525 2294 1582 leves
2317 1535 2480 1597 atque
2512 1528 2760 1583 infirmas
2784 1527 2970 1599 plagas
2989 1528 3289 1592 exstitisse,
3317 1543 3506 1582 verum
3541 1543 3731 1598 graves

2149 1629 2201 1674 et
2261 1622 2491 1686 validas,
2543 1606 2786 1677 ,Ιυάθίοῷ
2841 1631 2998 1677 ιρι-ιω
3049 1621 3345 1677 arundines
3406 1621 3500 1675 tibi
3547 1621 3733 1673 animo

2149 1727 2491 1782 proponens,
2555 1729 2786 1784 quarum
2853 1716 2988 1768 mira
3049 1714 3129 1769 vis
3181 1723 3264 1768 est
3325 1722 3378 1766 ct
3427 1712 3732 1767 crassities.

460 1817 627 1856 unum
683 1803 734 1857 ei
787 1779 1073 1874 responde,
1124 1779 1270 1860 velut
1323 1807 1564 1878 indigno,
1623 1807 1690 1862 ad
1753 1779 1914 1879 quem
1977 1811 2043 1863 de
2075 1779 2114 1834 Β
2147 1779 2382 1859 Proinde
2432 1812 2490 1858 tu
2550 1779 2766 1876 quoque
2797 1805 3086 1860 arundinis
3136 1807 3346 1876 plagam
3383 1803 3581 1874 perfer,
3639 1808 3735 1856 aut

458 1896 622 1949 rebus
652 1896 894 1966 mysticis
930 1905 982 1951 et
1026 1899 1395 1954 sacrosanctis
1455 1901 1759 1955 orationem
1809 1899 2037 1957 habeas.

461 1984 748 2042 Silentium
780 1999 930 2044 tuum
958 1991 1131 2060 pluris
1163 1989 1345 2057 faciet,
1374 1993 1658 2064 magisque
1681 1995 2038 2061 reverebitur,

457 2089 517 2132 ut
549 2081 786 2136 hominis
818 2083 1202 2153 disputationis
1226 2087 1489 2142 habendae
1521 2096 1733 2156 tempus
1757 2088 2038 2156 cognitum

456 2169 731 2237 habentis,
780 2189 943 2244 quam
980 2175 1221 2245 prolixas
1273 2177 1507 2231 aliorum
1542 2177 1841 2233 orationes.
1901 2175 2035 2232 Nam

453 2263 708 2320 Christus
737 2282 980 2336 quoque,
1026 2279 1081 2323 ut
1133 2279 1322 2324 narrat
1373 2270 1544 2327 Lucas
1571 2271 1641 2335 ’°,
1692 2287 1722 2326 a
1767 2269 1942 2326 Pilato
1971 2273 2037 2327 ad

457 2351 724 2408 Herodem
767 2359 969 2413 missus
994 2368 1097 2424 est,
1131 2369 1186 2414 et
1229 2360 1582 2432 interrogavit
1625 2378 1750 2417 eum
1797 2361 2035 2419 Herodes

454 2443 507 2497 in
541 2445 726 2501 multis
776 2450 1162 2516 sermonibus;
1213 2462 1266 2506 at
1303 2451 1420 2521 ipse
1453 2453 1500 2506 ei
1545 2453 1675 2508 nihil
1733 2457 2032 2524 respondit.

456 2533 701 2589 Ilerodes
737 2552 902 2606 porro
935 2541 1206 2594 carnalem
1240 2551 1295 2595 et
1335 2551 1545 2610 turpem
1575 2542 1828 2598 alit-ctum
1861 2545 2033 2615 signi-

447 2627 613 2681 Iicare
643 2639 839 2696 potest,
876 2633 991 2697 cui,
1023 2647 1128 2685 non
1173 2647 1266 2701 per
1286 2633 1572 2688 verborum
1607 2635 2029 2705 philosophiam,

449 2718 542 2772 sed
571 2736 665 2791 per
695 2738 780 2776 res
808 2735 860 2777 et
895 2725 1158 2792 actiones,
1185 2725 1448 2781 obsistere
1472 2727 1753 2783 debemus.
1788 2728 1865 2784 Ita
1885 2729 2030 2784 enim

447 2813 623 2879 magis
665 2813 983 2870 demittetur
1002 2831 1064 2871 ac
1087 2819 1445 2874 contrahetur
1463 2819 1777 2889 huiusmodi
1805 2821 2032 2878 affectus

445 2917 608 2968 quam
644 2917 739 2972 per
765 2906 1048 2961 verbosam
1081 2905 1500 2978 philosophiam.
1534 2909 1590 2965 Si
1623 2909 1830 2981 flagello
1856 2928 2030 2968 caesus

447 2991 637 3055 fueris,
671 2995 775 3049 hoc
824 3006 926 3062 est,
981 3012 1205 3068 quoquo
1241 2998 1401 3053 modo
1433 2999 1750 3058 verberibus
1800 3001 2029 3059 affectus

2147 1895 2492 1951 irridentium
2535 1905 2698 1966 atque
2757 1897 3139 1951 insultantium
3203 1896 3486 1950 hominum
3545 1904 3736 1964 gestus

2144 1991 2376 2045 sustine.
2428 1992 2660 2056 Insuper
2689 1991 2942 2046 Christus
2997 2006 3094 2060 per
3129 1989 3537 2045 simulationem
3573 1989 3735 2056 quasi

2146 2098 2237 2136 rex
2269 2082 2532 2138 adoratus
2566 2094 2650 2138 est
2703 2083 2772 2138 ab
2800 2083 2868 2138 iis
2901 2084 2992 2152 qui
3023 2083 3306 2136 veritatem
3347 2081 3584 2134 ludibrio
3636 2081 3738 2134 Ira-

2142 2173 2362 2239 bvbant,
2415 2174 2516 2229 hoc
2544 2186 2648 2238 est,
2701 2174 2769 2229 ab
2795 2174 2862 2230 iis
2891 2175 2984 2245 qui
3022 2189 3135 2228 rem
3186 2185 3377 2228 natura
3419 2187 3602 2226 veram
3638 2185 3733 2239 per

2141 2261 2439 2318 ludibrium
2471 2266 2727 2334 agebant.
2769 2263 3024 2320 Christus
3063 2264 3208 2318 enim
3261 2278 3356 2318 rex
3397 2279 3559 2316 verus
3589 2269 3732 2315 erat.

2139 2356 2506 2422 Quamobrem
2541 2357 2656 2427 ipse
2688 2373 2906 2428 quoque
2941 2372 3156 2411 omnem
3185 2355 3368 2408 fucum
3418 2363 3472 2408 et
3501 2352 3732 2408 simula-

2140 2449 2341 2504 tionem
2377 2464 2534 2519 mquo
2580 2450 2762 2504 animo
2819 2453 3014 2504 tolera.
3067 2449 3144 2502 Ac
3195 2447 3432 2516 denique
3475 2445 3634 2500 simul
3674 2447 3729 2500 in

2137 2557 2304 2596 cruce
2355 2541 2643 2614 sulIigerc,
2692 2550 2958 2612 quantum
3027 2539 3093 2595 ad
3147 2539 3362 2594 actuale
3419 2548 3722 2607 peccatum.

2138 2633 2315 2689 Simul
2342 2636 2507 2689 etiam
2560 2650 2775 2690 morere
2805 2644 3069 2705 quantum
3104 2633 3171 2686 ad
3231 2632 3380 2702 ipsos
3425 2630 3716 2684 atfectuum

2134 2737 2337 2781 motus.
2389 2724 2565 2780 Simul
2615 2726 2776 2780 etiam
2827 2716 3058 2780 libenter
3115 2724 3438 2788 inhumare,
3498 2736 3715 2776 omnem

2134 2835 2316 2874 rerum
2380 2818 2546 2888 hujus
2597 2818 2718 2873 vitae
2765 2833 2985 2874 sensum
3035 2817 3345 2888 abjiciens:
3399 2823 3456 2868 ut
3504 2829 3599 2883 pro
3651 2827 3720 2868 eo

2132 2912 2276 2983 quod
2303 2925 2598 2980 oppressus
2623 2920 2783 2979 atque
2807 2919 3033 2966 enectus
3059 2908 3251 2972 fueris,
3281 2907 3347 2961 ad
3377 2906 3542 2960 vitam
3566 2904 3720 2958 exci»

2133 3003 2295 3068 teris;
2334 3016 2433 3072 pro
2463 3017 2528 3056 eo
2547 3002 2690 3072 quod
2727 3001 2780 3055 in
2807 3016 3028 3056 crucem
3058 3001 3307 3056 sublatus
3349 2999 3517 3053 fueris
3551 2996 3717 3066 (quod

447 3085 742 3152 (ﬂagellum
789 3087 934 3141 enirn
981 3089 1253 3157 virgarum
1299 3108 1468 3162 genus
1489 3102 1591 3156 est,
1615 3111 1724 3162 quo
1773 3095 2024 3152 Christus
2057 3115 2094 3174 α
2130 3103 2284 3165 turpe
2339 3103 2390 3149 et
2423 3093 2661 3148 infamia:
2690 3095 2810 3150 loco
2843 3092 3119 3163 habetur),
3157 3091 3386 3164 gloriam
3419 3103 3720 3156 consequa-

435 3178 716 3234 cruciatus
756 3179 883 3251 est).
926 3181 1128 3251 reliqua
1182 3184 1346 3238 etiam
1401 3185 1794 3256 suppliciorum
1829 3198 2026 3244 actor-

441 3278 754 3324 mcutorum
809 3288 1009 3341 genera
1051 3290 1256 3343 qutere,
1311 3277 1571 3332 nimirum
1629 3278 1722 3343 fel,
1783 3289 2020 3346 acetum,

436 3361 724 3425 colaphos,
749 3362 958 3432 alapas,
983 3373 1087 3418 etc.
1121 3364 1261 3438 Ergo
1295 3366 1364 3421 fel
1411 3383 1656 3423 amarum
1694 3380 1856 3442 gustu
1889 3386 2021 3441 pro-

437 3460 558 3520 pter
588 3452 717 3522 ligni
750 3465 993 3524 gustum,
1023 3457 1180 3525 cujus
1229 3457 1440 3514 fructus
1479 3461 1737 3516 eximiam
1782 3465 2023 3519 suavita-

434 3553 548 3596 tem
604 3543 840 3599 trahebat
871 3585 886 3610 ,
937 3556 996 3603 ut
1060 3551 1396 3606 contrarium
1445 3555 1724 3609 contrario
1774 3565 2018 3611 curetur.

441 3635 744 3706 Allegorieo
763 3650 944 3694 autem
972 3657 1133 3696 sensu
1172 3644 1250 3699 vel
1274 3644 1380 3701 dici
1407 3653 1570 3715 queat
1591 3647 1894 3701 voluntaria
1923 3650 2023 3719 pias

439 3736 603 3796 atque
660 3729 943 3786 laboriosa:
1003 3733 1125 3788 vita:
1161 3735 1454 3802 acerbitas,
1504 3744 1601 3789 aut
1661 3738 2020 3794 tentationum

437 3831 632 3888 pra-ter
652 3821 818 3876 animi
844 3824 1174 3880 voluntatem
1225 3827 1620 3882 incurrentium
1659 3827 2018 3888 absinthium.

435 3912 666 3962 Acetum
697 3922 903 3976 autem,
949 3914 1237 3968 calumnim
1269 3916 1450 3983 nobis,
1479 3917 1559 3972 vel
1596 3933 1626 3972 a
1669 3924 1895 3986 nostris,
1935 3920 2021 3976 vel

433 3999 502 4051 ab
531 3998 740 4054 alienis
789 4012 1051 4066 struebe,
1098 4019 1220 4073 qua:
1269 4005 1508 4060 animum
1561 4008 1760 4064 acerbo
1813 4011 2020 4069 doloris

433 4105 600 4144 sensu
635 4090 900 4148 alliciunt.
944 4095 1153 4152 Rursus
1182 4107 1342 4167 sputa
1365 4109 1418 4153 et
1451 4098 1642 4171 alapae,
1679 4105 2020 4160 contumeliae

435 4181 543 4234 ill:e
583 4181 689 4238 dici
721 4195 972 4254 possunt,
1003 4205 1125 4260 qua:
1157 4190 1336 4260 palam
1363 4203 1657 4266 aperteque
1691 4210 1756 4252 ac
1783 4198 1929 4252 velut
1962 4199 2017 4253 in

433 4271 626 4327 faciem
661 4275 980 4348 infliguntur
1009 4296 1023 4333 :
1055 4282 1266 4352 colaphi
1300 4295 1504 4353 autem,
1550 4302 1673 4358 qua:
1690 4289 1829 4342 clam
1856 4298 2019 4360 atque

430 4361 666 4419 obscure
702 4365 1034 4424 inferuntur.
1081 4371 1356 4443 Colapbus
1407 4378 1549 4432 enim
1579 4417 1594 4441 ,
1652 4387 1736 4434 est
1788 4381 2014 4436 concavi

2128 3186 2202 3240 ris
2229 3202 2243 3251 ;
2274 3199 2372 3254 pro
2398 3200 2462 3241 eo
2492 3185 2728 3255 denique
2754 3184 2901 3255 quod
2925 3184 3240 3239 inhumatus
3265 3182 3456 3246 lucris,
3482 3181 3535 3234 in
3561 3179 3721 3250 regni

2127 3279 2446 3332 societatem
2478 3277 2688 3333 venias.
2717 3276 2951 3332 Maxime
2984 3277 3129 3331 enim
3177 3275 3316 3331 inter
3349 3289 3408 3330 se
3439 3273 3717 3330 contraria

2127 3379 2276 3434 sunt,
2309 3383 2560 3440 regnare,
2597 3377 2651 3424 et
2704 3368 2946 3439 sepeliri.
2979 3366 3113 3423 Nam
3145 3368 3238 3439 qui
3285 3367 3496 3422 tumqu
3526 3367 3719 3421 condi-

2128 3471 2238 3528 tur,
2268 3472 2322 3518 et
2353 3471 2575 3529 terram,
2607 3471 2662 3519 et
2685 3461 2868 3518 omnia
2904 3471 3060 3517 terra:
3086 3460 3372 3516 commoda
3402 3459 3659 3528 relinquit
3693 3476 3711 3516 :

2125 3555 2214 3625 qui
2247 3565 2426 3609 autem
2466 3563 2676 3626 regnat,
2735 3569 2902 3626 penes
2949 3569 3075 3609 cum
3111 3554 3357 3608 omnium
3412 3567 3595 3607 rerum
3621 3551 3714 3621 jus

2131 3657 2298 3718 atque
2329 3648 2620 3716 imperium
2648 3657 2754 3703 est.
2809 3647 3060 3713 Quonam
3108 3655 3288 3700 autem
3346 3645 3509 3698 modo
3546 3644 3713 3697 simul

2124 3739 2416 3809 regnabis?
2452 3737 2620 3793 Deum
2666 3754 2920 3801 cernens,
2963 3747 3230 3808 quantum
3265 3737 3378 3792 fieri
3421 3745 3620 3806 potest,
3652 3743 3714 3788 ut

2121 3847 2248 3886 eum
2283 3847 2482 3887 cernas
2511 3840 2672 3900 atque
2709 3832 2813 3902 ipsi
2845 3832 3110 3885 eernaris.
3145 3829 3237 3885 Vel
3267 3829 3432 3884 etiam
3479 3841 3712 3881 cernens

2127 3923 2320 3988 Deum,
2359 3933 2626 3992 qtiautum
2661 3922 2807 3987 licet,
2849 3923 2918 3977 ab
2949 3937 3122 3990 coque
3162 3923 3400 3976 vicissim
3431 3928 3709 3989 aspectus.

2122 4017 2294 4083 Quem
2327 4031 2474 4070 nunc
2497 4031 2714 4086 quoque
2746 4015 2892 4071 clare
2922 4031 2986 4070 ac
3009 4014 3298 4086 perspicue
3317 4012 3494 4074 nobis,
3525 4011 3710 4066 carnis

2119 4107 2342 4162 vinculo
2373 4107 2689 4162 constrictis
2710 4146 2725 4171 ,
2783 4107 3019 4177 patetleri
3062 4115 3336 4176 optamus.
3369 4103 3442 4158 Ex
3469 4101 3706 4156 Jcremia

2121 4207 2302 4254 autem
2361 4201 2466 4256 hoc
2498 4210 2777 4270 sumptum
2816 4210 2922 4264 est,
2951 4201 3030 4257 sic
3077 4201 3332 4269 loquente
3367 4215 3382 4253 :
3419 4199 3498 4251 Ad
3534 4198 3706 4249 humi-

2120 4291 2362 4346 liamlum
2400 4293 2495 4348 sub
2554 4294 2770 4363 pedibus
2801 4295 2916 4363 ejus
2973 4309 3152 4346 ontncs
3191 4293 3387 4346 vinctos
3447 4300 3602 4343 terra:
3631 4288 3702 4354 ",

2121 4384 2175 4438 in
2211 4385 2434 4440 Christo
2458 4386 2585 4441 Jesu
2611 4386 2842 4441 Domino
2865 4396 3079 4453 nostro,
3117 4384 3206 4441 cui
3229 4385 3398 4456 gloria
3421 4383 3475 4439 in
3504 4380 3702 4438 saecula

425 4461 608 4510 tactus
644 4456 798 4528 plaga
821 4499 837 4524 ,
873 4476 994 4531 quae
1036 4462 1090 4519 in
1127 4467 1328 4521 collum
1371 4467 1562 4524 furtim
1615 4470 1899 4543 infligitur,
1951 4489 2018 4530 ac
2051 4469 2094 4524 D
2119 4478 2466 4534 srcculerum.
2500 4478 2695 4534 Amen.

515 4608 565 4640 “
603 4605 760 4666 Joan.
799 4631 916 4678 vm,
953 4616 1042 4672 59.
1151 4620 1197 4653 “
1231 4619 1271 4676 ll
1300 4621 1440 4679 Tim.
1479 4638 1537 4688 ιι,
1573 4623 1629 4678 9.

463 4801 926 4824 mm

1705 4626 1753 4658 ⁹⁰
1782 4626 1913 4683 Luc.
1947 4643 2106 4696 um,
2143 4629 2194 4694 7,
2232 4628 2290 4684 8.

927 4811 3474 4842 Ἦ

2363 4629 2406 4661 ⁹¹
2441 4629 2647 4686 Tbren.
2690 4646 2769 4695 ut,
2811 4631 2902 4686 3i.

1330 4979 1450 5067 IN
1533 4979 2255 5074 ORATIONEM
2333 4987 2794 5078 XXXIX.

879 5319 1540 5397 AnuunEnruu(m.

498 5408 818 5485 Pancgyrica
841 5417 1000 5468 etiam
1032 5427 1109 5469 cst
1161 5421 1271 5471 Ita’c
1321 5421 1518 5483 oratio,
1559 5420 1848 5487 superioris
1878 5438 2005 5476 ora-

419 5503 578 5559 tionis
634 5524 802 5561 comes
853 5518 901 5560 et
955 5520 1200 5575 cognata.
1228 5509 1330 5563 llic
1389 5524 1560 5564 autem
1601 5515 1829 5580 primunt
1883 5530 2004 5567 cum

415 5596 663 5663 ctlmicis,
694 5600 784 5668 qui
819 5603 1069 5669 mysteria
1106 5612 1287 5658 nostra
1318 5605 1697 5675 suggillubant,
1725 5607 2002 5676 conﬂicta-

2111 5346 2218 5395 tur,
2250 5349 2311 5388 ac
2334 5336 2484 5392 nobis
2515 5339 2742 5394 vicissim
2779 5342 2902 5395 illos
2927 5344 3160 5397 atrocius
3191 5347 3511 5400 criminandi
3535 5359 3689 5419 atque

2106 5427 2364 5482 irridendi
2393 5433 2669 5486 materiam
2707 5443 2757 5486 et
2788 5445 3099 5504 argumenta
3127 5441 3372 5508 porrigit,
3409 5448 3686 5500 ostcmlens

2101 5534 2282 5571 eorum
2316 5521 2568 5591 dogmata
2595 5533 2644 5577 ct
2669 5527 2918 5596 mysteria
2955 5528 3119 5580 multo
3149 5531 3352 5599 majore
3387 5534 3496 5586 risu
3523 5537 3686 5604 digna

2101 5629 2230 5677 csse,
2286 5629 2376 5668 nec
2429 5616 2715 5686 quidquam
2774 5618 2942 5688 aliud,
2995 5639 3151 5692 quant
3203 5625 3384 5680 inanes
3445 5627 3680 5697 fabulas.

489 5750 768 5820 w)MML
