4100 6428
388 394 532 464 1213

1279 383 1603 450 NICETAS
1644 380 1726 444 ΙΝ
1763 372 1990 441 ORAT.
2037 372 2294 440 XXXIX
2331 380 2396 441 S.
2436 370 2667 439 GREG.

3520 350 3657 435 lett

386 510 587 570 Deinde
630 506 788 563 etiam
826 519 945 558 cum
991 496 1203 557 Iudicis
1243 500 1414 555 obiter
1452 512 1669 552 manum
1712 491 1965 554 conserit,
2000 491 2045 547 Α
2072 517 2125 562 οι
2152 507 2219 562 ab
2238 504 2432 562 affectu
2456 503 2662 560 carnali
2686 516 2909 571 purum,
2931 499 3151 572 Deoque
3180 499 3435 573 dignum,
3459 504 3657 560 noluis-

385 609 624 674 ipsorstm
654 611 860 673 quoque
896 596 1200 651 doctrinam
1231 602 1415 647 nostra
1464 591 1617 660 longe
1665 586 1972 653 inferiorem

382 698 635 772 probans.
690 692 971 747 Postremo
1027 688 1170 742 circa
1215 685 1476 741 orationis
1519 684 1679 750 ﬁnem
1722 695 1841 734 cum
1889 678 1971 772 his

384 763 547 849 etiam
608 785 985 858 congreditur,
1044 782 1137 852 qui
1193 791 1496 851 quanquam
1569 781 1785 845 propter
1848 763 1975 843 ﬁdei

383 881 697 938 christiana
750 874 1136 946 professionem
1181 888 1214 924 α
1269 870 1471 924 nostris
1531 866 1768 936 partibus
1831 876 1975 918 stare

378 968 730 1029 viderentur:
769 979 940 1022 tamen
965 974 1181 1034 propter
1208 963 1332 1032 ﬁdei
1358 956 1714 1015 diversitatem
1756 966 1805 1012 et
1839 953 1974 1010 dioi-

384 1060 579 1115 nitatis
607 1058 892 1111 sectionem
916 1055 973 1107 in
1006 1068 1184 1106 eorum
1210 1066 1414 1122 quoque
1441 1065 1660 1103 numero
1684 1055 1857 1109 erant,
1886 1046 1976 1116 qui

382 1152 649 1205 diversam
701 1164 734 1202 α
780 1146 1035 1215 religione
1073 1154 1258 1198 nostra
1310 1140 1611 1196 doctrinam
1667 1142 1973 1194 tuebantur.

380 1241 754 1301 Eunomianos
777 1237 897 1291 dico
928 1246 978 1291 et
1002 1235 1438 1297 Macedonianos,
1478 1249 1701 1304 quorum
1725 1232 1883 1285 alteri
1912 1230 1977 1284 de

388 1334 539 1390 Filio
566 1350 629 1387 ac
659 1331 868 1402 Spiritu
898 1338 1107 1394 sancto,
1146 1328 1299 1382 alteri
1334 1327 1399 1382 de
1434 1324 1639 1396 Spiritu
1671 1326 1784 1379 solo
1817 1325 1977 1394 impie

383 1426 704 1486 sentiebant.
757 1441 889 1496 quos
920 1422 1142 1494 proinde
1180 1418 1368 1478 Semi-
1395 1421 1625 1475 Arianos
1676 1430 1849 1476 vocat.
1899 1422 1977 1475 Ac

385 1522 632 1590 deinceps
663 1518 994 1574 Novatianos
1053 1534 1256 1589 quoque
1293 1516 1554 1587 confutet,
1600 1515 1692 1586 qui
1727 1525 1845 1585 post
1885 1515 1978 1568 ba-

390 1616 647 1685 ptismum
679 1612 855 1683 lapsos
875 1629 1202 1684 nequaquam
1219 1612 1445 1682 amplius
1468 1612 1842 1671 admittebant.
1862 1609 1975 1674 sed,

388 1717 440 1762 et
472 1708 724 1777 primam,
755 1715 805 1760 et
847 1707 1019 1759 solam
1054 1720 1166 1760 esse
1205 1705 1342 1759 hanc
1367 1705 1734 1776 purgationem
1775 1711 1979 1758 statue-

390 1796 540 1860 bant,
566 1813 686 1867 quae
716 1798 979 1864 baptisnto
1004 1806 1369 1865 comparatur.

469 1885 626 1941 Multi
646 1887 743 1940 hoc
764 1887 977 1957 festum,
997 1886 1123 1951 quia
1145 1883 1427 1939 Luminum
1445 1885 1634 1955 festum
1653 1886 1975 1956 appellatur,

395 1979 593 2035 idcirco
626 1978 1034 2048 Puriﬁcationis
1071 1979 1265 2049 festum
1317 1994 1429 2033 esse
1473 1979 1869 2045 existimarunt,
1921 1988 1979 2032 ut

394 2088 499 2128 non
531 2073 685 2127 modo
719 2070 772 2126 Ν
777 2072 902 2127 icot.
953 2069 1261 2128 Setverenus
1293 2081 1343 2127 et
1388 2070 1579 2127 Daniel
1611 2070 1884 2127 Gretserus
1925 2074 1980 2125 in

397 2161 601 2234 Enang.
638 2163 702 2217 de
737 2161 983 2232 Puriﬁc.,
1010 2164 1100 2217 sed
1140 2165 1303 2218 etiam
1336 2163 1677 2219 doctissimus
1711 2162 1982 2218 Pamelius

384 2253 450 2308 in
478 2254 675 2308 Annot.
704 2252 758 2308 in
788 2250 947 2323 Cypr.
981 2264 1029 2307 et
1056 2252 1335 2321 Cetasinus
1361 2254 1416 2308 in
1448 2270 1544 2308 suo
1574 2254 1980 2327 Martyrologio.

390 2346 461 2401 At
495 2362 673 2401 revera
704 2346 950 2416 baptismi
973 2344 1175 2401 Christi
1201 2347 1392 2416 festum
1424 2355 1522 2412 est,
1546 2348 1686 2419 quod
1729 2365 1821 2403 vm
1852 2347 1983 2403 Idus

391 2435 626 2501 Ianuar,
647 2447 755 2490 tam
770 2440 909 2505 apud
928 2438 1159 2504 Crtecos,
1178 2454 1339 2508 quam
1357 2439 1500 2511 apud
1522 2439 1740 2495 Latinos
1758 2441 1988 2496 celebra-

395 2537 507 2582 tur.
540 2525 708 2598 quue
736 2529 868 2583 satis
896 2529 1018 2583 hinc
1043 2529 1226 2600 liquet,
1258 2531 1398 2601 quod
1424 2529 1487 2585 D.
1511 2530 1793 2603 Gregorius
1815 2534 1869 2588 in
1886 2535 1986 2589 hac

393 2629 446 2673 et
476 2620 713 2688 sequenti
738 2623 1002 2687 oratione,
1050 2621 1115 2676 de
1143 2622 1517 2692 purificatione
1544 2626 1748 2681 nullum
1771 2629 1985 2683 omnino

396 2712 608 2765 uerbum
642 2712 868 2780 faciens,
925 2713 992 2767 de
1036 2714 1299 2784 baptismo
1351 2716 1617 2771 duntaxat
1655 2718 1789 2787 agit,
1831 2728 1988 2790 atque

397 2802 565 2855 etiam
611 2802 829 2858 disertis
860 2804 1028 2859 verbis
1062 2806 1158 2859 sub
1193 2805 1412 2875 hujusce
1456 2810 1715 2864 orationis
1750 2811 1984 2877 initium,

397 2892 538 2947 diem
555 2893 694 2981 hunc
714 2893 998 2951 Luminum
1020 2910 1117 2966 pro
1142 2900 1426 2972 principio,
1452 2899 1650 2958 Christi
1669 2902 1989 2974 baptismum

401 2987 638 3055 accipere
666 2987 766 3043 ait.

752 3078 1033 3137 NICETES
1070 3080 1641 3142 COMMENTARIUS.

2073 607 2180 661 que
2197 591 2443 647 divinum
2470 590 2817 660 splendorem
2843 589 3120 645 conciliat.
3148 588 3463 658 Baptismus
3493 606 3660 661 porro

2073 681 2368 737 Luminum
2402 683 2625 736 nomine
2655 680 2979 752 appellatur,
3017 682 3163 748 quod
3196 692 3394 751 purget
3435 690 3490 736 et
3532 682 3662 735 illu—

2074 785 2231 834 stret.
2269 775 2392 842 Quo
2427 776 2593 832 etiam
2622 776 2699 842 fit,
2738 784 2797 831 ut
2825 775 2971 832 faces
3000 791 3067 831 eo
3113 783 3357 846 tempore
3383 775 3432 828 in
3462 775 3665 828 laetitiae

2076 869 2294 940 signum
2354 868 2745 923 accendamus.
2801 868 2879 921 Ae
2935 866 3264 937 principium
3324 866 3546 936 quidem
3607 875 3665 920 et

2075 976 2238 1016 causa
2273 960 2439 1030 hujus
2485 958 2633 1022 festi,
2672 958 2978 1029 baptismus
3022 958 3229 1014 Christi
3274 968 3380 1031 est,
3434 957 3552 1028 qui,
3605 967 3667 1010 ut

2076 1049 2316 1107 Joannes
2345 1059 2577 1106 testatur
2595 1051 2667 1115 ",
2701 1049 2793 1105 lux
2830 1065 2958 1105 vera
3002 1058 3140 1116 erat,
3179 1050 3284 1104 hoc
3324 1058 3426 1113 est,
3453 1064 3578 1104 vere
3607 1056 3665 1102 et

2078 1143 2299 1215 proprie
2319 1143 2435 1209 lux,
2457 1159 2579 1214 qua:
2599 1151 2759 1199 nocte
2783 1159 2892 1197 non
2907 1154 3254 1209 secatur,nec
3271 1141 3662 1215 exstinguitur,

2078 1250 2200 1305 quae
2224 1235 2497 1290 illuminat
2526 1250 2743 1290 omnem
2768 1234 3045 1289 hominem
3079 1235 3382 1290 venientem
3416 1234 3469 1287 iu
3502 1243 3666 1287 muu—

2081 1329 2235 1393 dum,
2272 1327 2375 1382 hoc
2428 1336 2535 1392 est,
2565 1335 2879 1381 nascentem
2917 1335 3081 1394 atque
3120 1326 3377 1381 omnibus
3417 1323 3667 1394 partibus

2087 1425 2401 1479 absolutum
2452 1422 2506 1476 in
2560 1422 2738 1476 lucem
2796 1424 3152 1492 prodeuntem
3199 1425 3360 1491 (nam
3420 1421 3665 1490 embrya,

2080 1517 2328 1573 homines
2359 1516 2576 1587 quidem
2612 1528 2762 1576 sunt,
2820 1530 3011 1571 verum
3044 1515 3309 1569 incertum
3338 1523 3442 1580 est,
3486 1521 3666 1567 utrum

2082 1607 2138 1662 in
2173 1608 2348 1661 lucem
2408 1605 2693 1675 proditura
2747 1606 2881 1670 sint,
2917 1620 2986 1660 au
3040 1620 3138 1677 per
3173 1606 3366 1659 matris
3414 1606 3667 1659 abortum

2081 1700 2389 1770 eruptura).
2418 1698 2573 1766 Quod
2613 1699 2659 1753 si
2711 1699 2804 1769 qui
2849 1696 2972 1752 ﬁdei
3025 1707 3079 1752 et
3129 1697 3385 1767 baptismi
3419 1705 3673 1765 expertes

2082 1799 2430 1854 manserunt,
2493 1790 2596 1845 hoc
2642 1790 2887 1860 ipsorum
2948 1788 3155 1844 scelere
3204 1796 3259 1842 et
3317 1787 3674 1856 perversitate

2083 1882 2301 1948 accidit,
2335 1889 2523 1952 utpote
2551 1881 2642 1950 qui
2668 1882 2879 1950 seipsos
2907 1880 3051 1934 ultro
3076 1881 3182 1935 hoc
3209 1879 3356 1933 dono
3381 1878 3670 1949 privarint.

2082 1973 2236 2029 lianc
2266 1981 2451 2028 autem
2493 1973 2601 2027 vim
2634 1981 2687 2027 et
2716 1971 3029 2027 facultatem
3054 1971 3218 2026 habet
3246 1970 3576 2039 haptismus,
3612 1977 3673 2023 ut

2083 2076 2276 2138 purget
2322 2080 2419 2121 eos
2476 2065 2570 2135 qui
2635 2063 2951 2135 expiatione
3031 2077 3094 2118 ac
3154 2063 3476 2118 lustratione
3533 2076 3673 2128 Opus

2084 2159 2311 2225 habent,
2359 2165 2522 2225 atque
2572 2156 2771 2211 animae
2803 2154 2999 2210 lumini
3049 2155 3429 2225 adiumentum
3462 2152 3671 2207 atterat.

2083 2249 2219 2308 Nam
2244 2268 2369 2307 cum
2400 2252 2603 2306 claram
2653 2251 2800 2305 illam
2825 2258 2878 2306 et
2933 2250 3201 2305 illustrem
3234 2249 3469 2318 primum
3513 2262 3674 2302 acce-

2084 2345 2385 2415 pissemus,
2416 2358 2540 2399 eam
2564 2344 2807 2413 turpium
2832 2343 3124 2399 aliectuum
3146 2342 3382 2411 caligine
3411 2344 3677 2396 obscura-

2090 2438 2271 2493 vimus
2308 2420 2477 2506 atque
2506 2436 2820 2503 obruimus,
2874 2449 3074 2506 pravas
3101 2443 3157 2489 et
3215 2434 3443 2490 vitiosas
3474 2433 3682 2487 lormas

2089 2528 2419 2598 injicientes,
2456 2543 2523 2584 ac
2550 2527 2766 2584 divinas
2822 2526 3252 2598 pulchritudinis
3308 2528 3481 2596 ipsius
3524 2535 3682 2581 notas

2089 2617 2491 2672 adulterantes.
2529 2615 2822 2686 Reliquum
2879 2627 2963 2671 est
3021 2616 3211 2686 igitur,
3271 2623 3331 2671 ut
3382 2614 3685 2669 Salvatoris

2090 2723 2278 2763 vocem
2313 2708 2574 2772 audiatis.
2601 2722 2724 2777 quae
2744 2707 2962 2777 quidem
2993 2708 3150 2773 mihi,
3182 2716 3240 2761 et
3268 2707 3488 2779 quidem
3520 2710 3685 2762 vehe-

2090 2811 2303 2856 menter
2339 2801 2583 2867 insonat,
2616 2801 2709 2870 qui
2746 2800 3062 2870 hujusmodi
3100 2801 3411 2871 dogmatum
3444 2809 3500 2856 et
3521 2792 3685 2856 disc?-

2089 2892 2252 2962 pulus
2286 2906 2433 2956 sum,
2462 2899 2517 2946 et
2547 2891 2845 2962 magister;
2889 2901 3055 2959 atque
3086 2889 3296 2945 utinam
3329 2890 3492 2944 etiam
3528 2891 3686 2945 vobis

2092 2985 2310 3039 insonet
2332 2983 2355 3037 2
2378 2981 2641 3050 Quasnam
2673 2996 2806 3037 vero
2855 2990 2940 3037 est
2973 2982 3076 3037 ista
3111 2997 3248 3036 vox:
3288 2980 3401 3051 Ego
3440 2998 3557 3036 sum
3591 2982 3686 3037 tua:

2093 3060 2671 3143 mandi”.‘Quocirca
2717 3074 2988 3131 Davidicaa
3036 3075 3155 3130 voci
3207 3075 3683 3143 obtemperantes,

472 3168 590 3227 Col.
615 3171 723 3229 555
778 3174 844 3229 A.
886 3170 1119 3229 Rursum
1146 3174 1305 3232 Iesu;
1337 3194 1503 3245 meus,
1535 3190 1586 3234 ει
1611 3196 1845 3249 "mum,
1877 3190 1982 3238 εις,
2011 3159 2056 3223 C
2089 3169 2334 3226 accedite
2367 3170 2434 3224 ad
2464 3184 2614 3233 eum,
2660 3180 2721 3223 ut
2747 3184 2845 3239 per
2881 3167 3028 3224 hunc
3062 3183 3348 3224 accessum
3382 3167 3686 3223 divinitatis

403 3258 531 3319 Haec
553 3263 844 3335 particula,
873 3283 1110 3333 rursum,
1144 3268 1285 3324 hanc
1307 3270 1611 3327 orationem
1635 3288 1759 3328 cum
1783 3288 1980 3344 praece.

402 3355 567 3410 dente
586 3357 882 3414 connectit.
908 3356 1062 3415 Meus
1087 3367 1268 3416 autem
1298 3359 1461 3419 Jesus
1477 3363 1635 3430 dixit,
1663 3365 1744 3421 vel
1770 3376 1992 3436 propter

404 3448 845 3505 urdeutissimam
869 3451 1074 3508 amoris
1099 3451 1398 3516 ﬂammam,
1429 3453 1532 3510 sibi
1558 3455 1636 3520 id,
1665 3454 1812 3526 quod
1840 3473 1990 3512 com-

408 3554 574 3595 mune
601 3550 707 3606 est,
747 3541 969 3613 proprie
999 3543 1330 3609 attribuens,
1368 3544 1455 3600 vel
1499 3546 1664 3601 etiam
1691 3547 1762 3603 ob
1805 3548 1992 3604 carnis

402 3632 811 3698 cognationem,
836 3649 960 3702 quae
1002 3634 1160 3691 nobis
1209 3650 1336 3691 cum
1398 3635 1619 3694 Christo
1683 3640 1990 3696 intercedit.

407 3725 584 3792 Atque
637 3724 692 3778 in
723 3725 824 3780 hoc
851 3735 1103 3782 sanctum
1148 3725 1468 3796 Dionysium
1528 3732 1820 3790 aemulatus
1882 3744 1991 3796 est.

414 3816 496 3872 his
516 3817 697 3873 verbis
733 3826 997 3873 utentem:
1019 3816 1227 3876 Prteeat
1258 3829 1440 3876 autem
1459 3823 1691 3879 orationi
1716 3823 1992 3893 Christus,

413 3921 591 3974 meus,
623 3908 669 3964 si
717 3908 851 3964 mihi
887 3909 994 3966 hoc
1028 3913 1197 3967 verbo
1255 3914 1332 3968 uti
1390 3915 1471 3970 fas
1515 3925 1619 3973 est.
1676 3915 1992 3989 Mysterium

418 4006 598 4055 autem
626 4000 825 4057 festum
850 4006 1118 4068 nominat,
1145 4004 1309 4074 idque
1330 4021 1440 4061 non
1462 4009 1650 4069 seruel.
1674 4010 1766 4066 sed
1798 4012 1993 4067 iterum

415 4101 481 4143 ac
509 4092 733 4163 saepius,
762 4093 1024 4150 nimirum
1062 4096 1180 4167 ipsa
1233 4114 1454 4169 quoque
1496 4102 1713 4157 nomina
1753 4118 1865 4173 prae
1899 4120 1995 4159 vo-

413 4173 617 4251 luptate
651 4183 945 4241 identidem
994 4187 1298 4245 inculcaus.
1335 4189 1524 4245 Solent
1570 4191 1714 4245 enim
1744 4192 1838 4263 qui
1894 4194 1997 4248 viri

415 4272 723 4344 cuiuspiam
757 4278 944 4333 amore
969 4281 1207 4348 correpti
1244 4287 1395 4345 sunt,
1425 4289 1479 4337 et
1511 4280 1682 4352 ipsius
1716 4298 1915 4338 nomen
1946 4294 2002 4341 et

417 4379 505 4419 res
537 4367 797 4436 praeclare
824 4376 1005 4439 gestas
1033 4372 1226 4425 crebro
1261 4381 1506 4441 repetere
1546 4382 1713 4443 atque
1755 4390 1852 4431 ore
1882 4391 2001 4430 ver-

414 4470 539 4511 sare
571 4473 584 4510 :
615 4459 1080 4528 quemadmodum
1109 4471 1301 4517 contra
1329 4479 1542 4528 eorum,
1573 4465 1770 4535 quibus
1801 4465 1996 4522 infensi

416 4555 568 4610 sunt,
597 4548 682 4602 vel
707 4548 912 4603 nullam
964 4551 1293 4607 mentionem
1326 4552 1527 4620 facere,
1564 4555 1645 4609 vel
1677 4557 1746 4611 ab
1787 4555 1854 4610 iis
1888 4572 2000 4612 me-

418 4637 649 4693 moriam
687 4640 1097 4710 quamprimum
1134 4643 1428 4697 abducere.
1456 4644 1551 4700 Est
1587 4657 1767 4700 autem
1803 4656 1999 4702 natura

417 4729 523 4785 hoc
573 4733 897 4804 mysterium
936 4749 1043 4788 non
1078 4732 1263 4801 fallax,
1304 4735 1409 4790 hoc
1457 4745 1561 4802 est,
1596 4737 1791 4792 falsum
1837 4747 2002 4807 atque

416 4822 486 4877 ad
531 4824 900 4893 perniciosam
950 4824 1195 4881 fraudem
1233 4836 1287 4881 et
1340 4827 1700 4898 imposturam
1729 4829 2004 4897 excogita-

418 4923 533 4967 tum
570 4931 585 4968 :
616 4930 717 4970 nec
748 4914 1014 4982 deforme,
1055 4916 1106 4970 id
1144 4925 1250 4982 est,
1305 4927 1462 4989 turpe
1505 4926 1559 4973 et
1586 4920 1906 4987 obscenum,
1946 4929 2005 4976 ut

416 5019 480 5058 ea
509 5019 630 5074 quae
655 5007 843 5063 colunt
885 5008 1112 5064 etlmici.
1154 5007 1233 5064 Ac
1269 5010 1392 5065 vide
1425 5025 1590 5082 quam
1627 5021 1751 5083 apte
1778 5022 1831 5069 et
1862 5029 1998 5068 cono

418 5107 679 5169 gruenter
707 5116 953 5156 errorem
984 5100 1237 5193 fallaciae,
1262 5112 1317 5158 et
1347 5104 1722 5161 temulentiam
1746 5105 2004 5161 deformi-

419 5190 517 5243 tati
552 5191 921 5264 subjuuxerit.
950 5194 1124 5250 Graeci
1160 5190 1388 5260 ctenim,
1422 5212 1486 5251 ac
1521 5196 1763 5266 profana:
1789 5197 2002 5267 religio-

420 5294 507 5335 με
535 5282 796 5349 cultores,
844 5300 954 5339 non
987 5286 1161 5341 solum
1193 5300 1344 5341 mero
1379 5302 1445 5342 se
1465 5286 1882 5358 ingurgitantes,
1908 5286 2003 5342 sed

419 5373 587 5429 etiam
610 5385 797 5432 mente
831 5385 996 5447 atque
1041 5378 1235 5433 animo
1260 5379 1569 5444 temulenti,
1617 5379 1724 5435 hoc
1765 5389 1867 5443 est,
1911 5394 2007 5449 per

422 5465 730 5520 carnalium
754 5466 1045 5523 aifectuum
1073 5468 1528 5540 voluptatumque
1551 5467 2006 5533 dominationem,

426 5558 631 5628 turpia,
663 5558 929 5629 Apostolo
952 5570 1087 5615 teste
1106 5560 1178 5626 θ’,
1209 5568 1374 5630 atque
1407 5559 1770 5631 ignominiosa
1806 5559 2009 5630 ﬂagitia

425 5655 763 5719 perpetrant.
813 5650 885 5705 At
922 5660 1172 5707 nostrum
1222 5651 1542 5723 mysterium
1589 5650 1868 5706 excelsum
1901 5663 2005 5720 est,

1030 5910 1163 5918 γ’..-
1180 5914 1229 5920 __-
1244 5912 1317 5922 ..Ἦ

495 5831 545 5866 ⁹¹
567 5830 769 5904 Ephcs.
803 5847 880 5903 νε,
910 5829 997 5888 i9.
1030 5829 1312 5917 7:39am
1334 5848 1374 5903 ι,
1400 5832 1453 5891 9.
1514 5830 1757 5909 ftioan.
1778 5848 1898 5901 vui,
1932 5831 2015 5886 l2.

2094 3261 2269 3332 ipsius
2303 3260 2471 3316 radiis
2492 3257 2818 3324 collustrati,
2841 3259 3094 3328 baptismi
3124 3257 3472 3329 splendorem
3511 3257 3687 3325 ipsius

2092 3353 2267 3426 gratia
2299 3351 2647 3423 cencipiatis.
2683 3352 2748 3407 Et
2806 3350 2977 3407 facies
3032 3359 3229 3406 vestra:
3280 3366 3388 3404 non
3445 3348 3686 3405 confun-

2091 3443 2315 3506 dentur,
2353 3456 2483 3498 vero
2516 3441 2723 3497 lumine
2749 3441 3106 3513 consignatae,
3134 3440 3396 3495 nimirum
3429 3438 3688 3511 baptismi

2094 3536 2326 3603 lumine,
2377 3534 2466 3591 vel
2527 3532 2770 3606 Spiritus
2799 3534 2974 3591 sancti
3005 3534 3202 3605 gratia.
3238 3532 3398 3600 Quod
3451 3532 3618 3587 etiam
3657 3547 3689 3587 a

2094 3628 2300 3686 Davide
2324 3636 2603 3697 sumptum
2639 3635 2724 3682 est
2772 3643 2788 3681 :
2844 3626 3133 3698 Signatuns
3178 3633 3257 3680 est
3306 3625 3469 3691 enim,
3494 3626 3688 3694 inquit,

2093 3737 2250 3791 super
2284 3736 2379 3774 nos
2415 3720 2592 3772 lumen
2617 3718 2794 3773 vultus
2816 3720 2919 3782 tui,
2959 3717 3181 3773 Domine
3201 3718 3272 3773 ”.

2166 3814 2299 3869 ibid.
2325 3813 2384 3865 Β.
2409 3808 2632 3881 Tempus
2656 3811 3069 3880 regenerationis
3096 3825 3115 3864 :
3140 3810 3364 3878 desuper
3384 3812 3693 3883 gignamur,

2093 3916 2200 3963 etc.
2228 3904 2523 3961 Generatio
2556 3918 2619 3959 ea
2662 3903 2886 3969 dicitur,
2918 3918 3040 3973 qua:
3066 3903 3136 3956 ab
3163 3903 3479 3958 hominilms
3508 3915 3690 3958 ortum

2096 3999 2291 4054 ducit:
2325 3997 2534 4052 creatio
2577 4004 2784 4059 autem,
2833 4009 2956 4063 quae
2999 4009 3029 4048 a
3085 3993 3223 4048 Deo.
3275 3976 3477 4049 Carnis
3527 3995 3695 4062 igitur

2099 4092 2536 4164 generationem,
2589 4103 2712 4158 quae
2764 4101 2889 4141 cum
2959 4085 3182 4141 interitu
3235 4096 3290 4140 et
3338 4087 3694 4155 corruptione

2098 4184 2399 4255 eotijuncta
2428 4189 2536 4247 est,
2570 4180 2912 4251 abjicientes,
2944 4179 3181 4249 desuper
3204 4194 3270 4234 ac
3293 4180 3509 4234 C(Blilns
3535 4193 3694 4245 rege-

2104 4293 2387 4334 neremur.
2441 4274 2694 4331 Caelestis
2746 4281 2928 4327 autem
2989 4272 3268 4342 generatio
3316 4285 3378 4325 ea
3425 4279 3530 4335 est,
3572 4286 3695 4338 quas

2105 4367 2343 4439 Spiritus
2373 4366 2548 4421 sancti
2591 4378 2756 4430 opera
2786 4362 2840 4415 in
2875 4361 3149 4431 baptismo
3192 4360 3270 4415 fit.
3305 4359 3473 4414 Porro
3505 4360 3694 4428 primi-

2103 4475 2238 4531 gena
2286 4459 2377 4513 illa
2410 4455 2629 4526 generis
2689 4453 2865 4509 nestri
2918 4453 3124 4508 creatio
3174 4451 3532 4516 instauratur,
3584 4467 3698 4505 non

2104 4553 2251 4624 quod
2312 4553 2549 4623 primum
2596 4563 2627 4603 a
2687 4546 2794 4601 Deo
2844 4546 2985 4600 male
3033 4544 3239 4610 creati,
3307 4553 3472 4613 atque
3523 4541 3690 4597 cftirti

2103 4647 2372 4701 fuerimus
2402 4684 2419 4710 ,
2456 4643 2553 4700 sed
2579 4641 2704 4710 quia
2750 4648 2872 4710 post
2911 4639 3244 4693 creationem
3281 4636 3492 4691 distorti
3530 4644 3695 4703 atque

2103 4736 2373 4792 confracti
2404 4747 2627 4791 sumus.
2658 4733 2736 4784 Ac
2778 4728 2947 4783 semel
2982 4728 3201 4797 quidem
3232 4741 3329 4794 per
3359 4724 3691 4794 baptismum

2101 4827 2489 4883 renascimur:
2527 4837 2714 4877 verum
2760 4819 3022 4888 quolibet.
3056 4818 3145 4872 die
3187 4826 3309 4886 pnst
3360 4816 3693 4885 baptismum

2108 4934 2205 4990 per
2234 4919 2518 4972 honestam
2551 4929 2614 4968 ac
2641 4912 2939 4982 perfectam
2976 4910 3095 4963 vitu-
3128 4909 3392 4964 rationem
3418 4909 3696 4963 instaura~

2110 5023 2253 5064 mur.
2271 5006 2501 5062 leitus
2524 5005 2690 5075 igitur
2710 5004 3001 5072 gignamur
3023 5015 3120 5071 per
3139 5000 3402 5068 Spiritum
3417 5011 3690 5057 sanctum,

2108 5097 2575 5169 quemadmodum
2637 5093 2900 5149 Dominus
2935 5092 3051 5161 ipse
3104 5091 3158 5144 in
3206 5090 3503 5160 Evangelio
3544 5090 3698 5145 insti-

2112 5193 2237 5255 tuit,
2277 5191 2508 5246 dicens:
2546 5186 2669 5241 Nisi
2717 5186 2836 5255 quis
2888 5183 3110 5249 desuper
3156 5194 3316 5238 natus
3354 5183 3536 5253 fuerit,
3593 5198 3695 5237 non

2106 5292 2272 5353 potest
2308 5279 2479 5335 videre
2506 5293 2723 5348 regnum
2758 5274 2853 5329 Dei
2875 5276 2941 5327 “.
2970 5273 3105 5328 Nam
3137 5281 3358 5329 terrena
3394 5272 3692 5343 generatio,

2109 5390 2218 5446 qua
2262 5371 2564 5429 secundmu
2594 5382 2818 5426 carnem
2873 5367 3173 5437 gignimur,
3223 5381 3255 5419 a
3290 5377 3434 5420 terra
3470 5372 3555 5418 est
3583 5382 3596 5418 :
3628 5376 3697 5417 ac

2114 5465 2341 5538 proinde
2388 5462 2637 5518 coelestia
2691 5460 2768 5514 illi
2826 5461 3057 5529 ohsepta
3103 5466 3161 5512 et
3211 5456 3506 5511 interclusa
3539 5460 3694 5509 sunt.

2111 5561 2251 5627 Quid
2290 5557 2434 5614 enim
2468 5566 2627 5609 terra
2652 5568 2776 5610 cum
2827 5552 2969 5607 ccelo
3018 5563 3308 5604 commune
3337 5548 3460 5601 est?
3507 5550 3576 5600 At
3606 5561 3694 5608 ea,

2117 5667 2224 5724 qua
2249 5666 2342 5722 per
2362 5648 2692 5720 baptismum
2721 5659 2752 5699 a
2779 5642 2986 5714 Spiritu
3009 5647 3200 5695 sancto
3220 5636 3513 5710 gignimur,
3541 5635 3698 5692 facile

2108 5829 2321 5904 “‘I‘sal.
2356 5828 2507 5898 1v,7.
2586 5827 2631 5860 ’°
2667 5821 2825 5925 ipsa.
2859 5838 2941 5891 ι.ι,
2968 5821 3022 5878 3.
