4100 6478
424 393 567 457 1215

1831 384 2211 452 ADDENDA.

3534 392 3675 458 1216

421 501 584 555 nobis
614 514 882 571 supernas
905 497 1119 568 apsides
1150 496 1427 568 patefacit.
1463 497 1775 568 Thcologus
1816 509 1992 552 autem
2024 507 2069 560 Α
2098 501 2362 564 oratione,
2399 517 2560 572 quam
2601 502 2714 571 iam
2747 502 3039 559 audiistis:
3075 503 3247 559 multo
3289 513 3469 560 autem
3508 506 3676 560 altius

424 592 666 660 seipsum
703 606 825 645 cum
874 584 960 643 his
1006 584 1101 657 qui
1147 591 1558 659 regeneratioue
1595 606 1735 659 opus
1770 590 1992 655 habent,

427 683 732 751 coniungit,
767 693 871 734 non
904 680 1049 749 quod
1081 697 1143 736 ea
1175 691 1381 747 careat,
1404 683 1494 736 sed
1519 683 1661 751 quod
1692 698 1808 749 eos,
1838 683 1994 753 quasi

424 772 642 840 propria
687 772 951 832 membra,
1012 771 1286 836 vindicet,
1346 787 1589 841 suOSque
1634 789 1773 832 esse,
1809 771 1994 827 ducat.

428 862 727 916 Pristinum
761 863 1025 916 Atlamum
1084 864 1430 930 recipiamus,
1472 865 1647 933 qualis
1700 873 1825 918 ante
1874 879 2001 930 pro-

427 955 697 1007 cnlcatum
735 951 827 1006 Dei
862 954 1176 1008 mandatum
1200 965 1338 1019 erat,
1372 970 1496 1010 cum
1528 956 1719 1008 divinae
1753 957 2002 1023 imaginis

428 1046 598 1098 decus
629 1061 825 1113 purum
875 1045 1055 1099 adlmc
1107 1057 1160 1099 et
1192 1045 1534 1115 splendidum
1590 1047 1834 1101 haberet.
1867 1045 2000 1100 Nam

428 1134 632 1189 Paulus
662 1136 901 1204 primum
945 1136 1113 1189 Adam
1149 1136 1509 1205 primigenum
1544 1137 1691 1190 illum
1725 1137 2001 1192 hominem

432 1225 714 1290 nominat;
748 1222 1048 1279 secundum
1083 1234 1287 1290 autem,
1318 1221 1595 1280 Christum
1621 1220 1687 1278 ’⁷.
1723 1224 1791 1278 At
1826 1223 2004 1280 Theo-

432 1314 585 1385 logus
627 1315 876 1369 eumdem
909 1315 1056 1366 illum
1083 1313 1253 1367 Adam
1280 1315 1333 1369 in
1358 1316 1495 1369 duos
1519 1315 1729 1378 dividit,
1749 1316 2003 1369 nimirum
2064 1310 2071 1315 ’

432 1406 489 1460 in
523 1421 646 1460 eum
678 1406 771 1475 qui
804 1415 921 1459 erat
959 1411 1081 1459 ante
1111 1406 1625 1475 transgressionem,
1666 1416 1718 1459 et
1757 1420 1879 1459 eum
1912 1407 2004 1475 qui

435 1505 555 1565 post
583 1507 903 1567 prmceptum
937 1496 1194 1549 violatum
1232 1493 1372 1552 fuit:
1416 1508 1582 1565 atque
1644 1512 1673 1551 a
1704 1497 1863 1552 nobis
1895 1497 2004 1566 pri-

434 1603 583 1641 mum
614 1590 761 1642 illum
794 1589 965 1660 accipi
1002 1590 1136 1652 vult,
1172 1592 1277 1645 hoc
1303 1597 1406 1649 est,
1442 1606 1589 1649 eum,
1624 1592 1714 1658 qui
1762 1600 1887 1645 ante
1916 1589 2011 1644 ad-

435 1682 661 1735 rni~sum
684 1690 960 1752 peccatum
990 1692 1128 1738 erat.
1162 1685 1238 1737 Ac
1256 1683 1494 1737 subtexit
1525 1701 1537 1736 :
1567 1678 1642 1736 Ne
1668 1683 1719 1735 in
1743 1696 1808 1735 eo
1840 1691 2007 1745 statu,

437 1789 546 1842 quo
573 1788 786 1841 sumus,
821 1791 1163 1841 maneamus,
1202 1776 1407 1844 peccati
1456 1775 1705 1829 videlicet
1757 1769 2010 1828 sordibus

2095 592 2418 663 assurgetis,
2458 607 2583 647 eum
2638 592 2897 659 Verbum,
2951 595 3005 649 id
3062 601 3172 656 est,
3212 591 3487 657 Christus,
3539 612 3675 651 mea:

2096 682 2362 748 Orationi,
2386 698 2549 753 quam
2581 684 2649 739 de
2671 686 2772 740 hoc
2793 684 2936 743 festo
2964 685 3252 741 habiturus
3273 701 3418 751 sum,
3446 701 3670 757 prospe-

2098 782 2219 829 rttm
2255 775 2357 829 iter
2379 774 2608 829 dederit.

2170 865 2266 919 Coi
2304 865 2429 921 535.
2458 864 2594 918 ibid.
2622 863 2685 918 C.
2713 862 2893 936 Ecqua
2914 862 3039 918 talis
3060 872 3134 916 est
3158 862 3339 933 legalis
3358 873 3537 933 atque,
3559 871 3669 918 etc.

2102 954 2196 1010 llis
2224 955 2404 1009 verbis
2432 954 2668 1010 ostendit
2686 954 2992 1024 Theologus
3010 969 3171 1024 quam
3197 956 3390 1023 exigua
3421 954 3625 1009 Judaic:
3646 981 3679 999 -

2102 1062 2224 1101 rum
2247 1061 2526 1103 sacrorum
2553 1060 2617 1099 ac.
2640 1047 3084 1100 caeremoniarum
3107 1047 3178 1099 sit
3198 1046 3440 1101 utilitas:
3483 1061 3677 1101 rursus

2102 1153 2267 1207 quam
2310 1136 2470 1191 noxia
2504 1145 2557 1191 et
2588 1135 2897 1206 perniciosa
2943 1137 3014 1190 sit
3059 1136 3402 1190 ethnicorum
3449 1136 3516 1190 de
3551 1135 3680 1189 reli—

2101 1230 2267 1300 gione
2322 1227 2597 1296 doctrina,
2650 1241 2752 1282 nec
2810 1236 3021 1281 tantum
3075 1228 3220 1293 risu,
3276 1227 3369 1281 sed
3424 1226 3679 1297 lacrymis

2105 1321 2365 1388 luctuque
2407 1318 2809 1389 prosequenda.
2857 1317 3082 1388 Legales
3120 1318 3266 1374 enim
3324 1318 3675 1388 purgationes

2105 1409 2424 1465 utubratieze
2455 1416 2611 1464 erant
2643 1413 2727 1478 (ut
2757 1424 2877 1479 qua:
2911 1410 3289 1479 purgationem
3344 1408 3512 1473 illam,
3556 1422 3673 1476 qure

2106 1517 2169 1556 ex
2201 1502 2469 1571 baptismo
2503 1503 2720 1570 petitur,
2741 1501 3150 1571 praeﬁgurarent
3179 1509 3232 1554 et
3260 1501 3672 1566 adumbrat-ent)

2107 1609 2170 1647 ac
2203 1601 2418 1662 propter
2448 1592 2764 1662 huiusmodi
2799 1603 3010 1647 tantum
3061 1591 3412 1660 pollutionem
3461 1589 3684 1654 fiebant,

2107 1698 2283 1753 coque
2338 1684 2459 1738 solo
2515 1694 2756 1752 tempore
2805 1684 3100 1752 proderant
3138 1700 3152 1736 :
3186 1696 3250 1735 ac
3288 1680 3513 1750 proinde
3541 1679 3685 1732 assi-

2111 1776 2215 1829 due
2246 1776 2660 1844 peragebantur.
2715 1774 2872 1841 Quod
2904 1773 3122 1844 quidem
3175 1783 3496 1841 argumento
3545 1779 3689 1833 erat,

439 1865 711 1933 inquinati
746 1884 760 1920 :
796 1879 983 1920 verum
1016 1865 1082 1919 ad
1109 1864 1343 1936 priorem
1380 1873 1579 1921 statum
1618 1865 1925 1928 redeamus,
1960 1865 2011 1917 id
2043 1846 2084 1900 Β
2114 1881 2207 1921 eas
2260 1881 2603 1936 nequaquam
2649 1866 3022 1920 abditissimos
3075 1865 3270 1919 anima:
3320 1863 3476 1918 sinus
3526 1876 3690 1931 pene-

439 1967 543 2022 est,
580 1958 724 2026 puri,
763 1964 823 2011 ut
855 1966 980 2013 ante
1012 1960 1498 2028 transgressionem
1528 1970 1766 2019 eramus,
1812 1955 2014 2009 efﬁcia-

444 2061 587 2101 nmr.
621 2042 675 2100 id
711 2056 892 2101 autent
924 2063 1019 2117 per
1052 2050 1307 2119 baptismi
1365 2048 1827 2119 regenerationem
1864 2062 2016 2102 asse-

440 2153 693 2206 quemur.
749 2139 885 2195 Tum
927 2139 1297 2210 evangelicum
1347 2139 1477 2193 illud
1500 2138 1705 2194 dictum
1746 2138 2013 2206 exponit:

445 2226 515 2281 Et
560 2228 655 2283 tua:
685 2231 735 2283 in
771 2228 996 2283 tenebris
1027 2229 1189 2295 lucet,
1238 2239 1286 2283 et
1325 2229 1552 2283 tenebrae
1595 2243 1711 2281 eam
1743 2243 1846 2280 non
1873 2243 2017 2281 cont-

441 2320 823 2387 prehenderunt
855 2321 924 2373 ’⁸.
955 2319 1156 2376 Lucem
1188 2322 1332 2376 enim
1359 2319 1633 2375 Christum
1664 2327 1839 2381 vocat,
1869 2326 2020 2372 tene-

444 2412 572 2467 bras
607 2423 784 2468 autem
829 2413 975 2469 hanc
1010 2412 1176 2467 vitam
1213 2421 1267 2466 et
1313 2426 1535 2467 carnem
1567 2430 1580 2467 :
1622 2411 1762 2464 illam
1798 2418 2021 2480 propter

449 2519 691 2558 errorem
720 2512 776 2559 et
812 2503 1328 2569 hallucinationem;
1374 2503 1516 2557 hanc
1555 2509 1773 2572 propter
1817 2500 2018 2555 crassi-

449 2596 604 2649 ticm.
640 2594 781 2648 Caro
813 2596 957 2649 enim
981 2595 1350 2650 crassitie'sua
1376 2603 1609 2650 mentem
1638 2595 1837 2657 turbat,
1861 2594 2021 2663 eique

450 2687 701 2742 tenebras
735 2685 986 2741 oﬁ‘undit.
1018 2684 1295 2740 Tenebras
1314 2695 1493 2741 autem
1522 2685 1794 2741 diabolum
1832 2685 2020 2756 appel-

449 2777 603 2844 lavit,
654 2780 744 2847 qui
777 2778 995 2834 Christo
1046 2778 1391 2845 adversatur,
1436 2786 1495 2832 ut
1521 2777 1624 2831 lnei
1654 2779 1909 2832 tenebrae.
1944 2775 2022 2832 De

451 2882 561 2934 quo
596 2869 670 2922 ita
693 2869 886 2923 cecinit
921 2867 1102 2924 Moses
1152 2869 1205 2923 in
1241 2869 1452 2923 cantico
1487 2887 1501 2923 :
1540 2867 1690 2923 Dixit
1725 2868 1970 2923 inimicus
2001 2884 2021 2923 :

453 2955 747 3028 Persequar
797 2969 846 3015 et
896 2960 1331 3031 comprehendam
1353 2961 1420 3014 π.
1477 2958 1800 3030 Quanquam
1839 2969 2019 3014 autem

450 3050 733 3106 Christum
785 3060 1105 3119 persecutus
1153 3061 1255 3115 est,
1317 3050 1420 3105 hoc
1480 3058 1580 3115 est,
1619 3050 1863 3114 tentavit,
1914 3064 2021 3103 non

2120 1967 2286 2021 trare,
2321 1973 2504 2011 verum
2548 1968 2890 2027 peccatorum
2925 1956 3080 2026 quasi
3112 1955 3452 2024 superﬁciem
3488 1952 3691 2010 delere,

2115 2062 2179 2102 ac
2226 2062 2521 2116 corporeas
2574 2057 2782 2101 tantum
2833 2047 2979 2102 labes
3028 2047 3339 2115 abstergere
3379 2064 3392 2099 :
3453 2043 3601 2097 velut
3645 2040 3692 2095 si

2117 2140 2241 2210 quis
2270 2140 2450 2194 cibum
2482 2154 2511 2192 a
2540 2140 2655 2210 lege
2691 2139 3038 2193 interdictum
3077 2137 3370 2207 attigisset,
3413 2134 3499 2188 vel
3545 2149 3696 2187 mor—

2120 2240 2298 2295 tuum,
2348 2231 2433 2285 vel
2482 2231 2782 2301 leprosum,
2827 2230 2908 2284 vel
2956 2229 3062 2284 alio
3113 2229 3272 2283 modo
3303 2227 3695 2291 deformatum,

2120 2323 2420 2386 hircorum,
2469 2332 2527 2377 ut
2566 2323 2725 2376 docet
2750 2320 3045 2390 Apostolus
3075 2320 3117 2383 ί,
3164 2331 3217 2374 et
3249 2327 3530 2372 taurorum
3563 2331 3698 2369 san-

2120 2416 2262 2487 guis,
2305 2424 2357 2470 et
2405 2414 2547 2470 cinis
2594 2414 2775 2467 vitulze
2829 2412 3066 2481 pollutos
3093 2425 3386 2481 aspergens
3419 2408 3487 2462 ad
3517 2410 3701 2462 carnis

2119 2511 2407 2580 puritatem
2454 2507 2709 2578 expiabat
2748 2524 2763 2561 :
2799 2514 3051 2560 caeterum
3077 2511 3297 2575 peccata
3324 2501 3538 2556 auferre
3587 2513 3697 2553 non

2120 2609 2355 2672 poterat.
2411 2600 2587 2669 Atque
2613 2599 2682 2652 ob
2715 2612 2835 2653 eam
2869 2610 3090 2651 causam
3126 2593 3393 2648 continua
3421 2597 3574 2645 erant
3606 2602 3699 2641 sa-

2125 2691 2355 2756 criﬁcia,
2408 2688 2751 2759 singulisque
2803 2688 2963 2742 annis
3015 2696 3255 2755 persaepe
3308 2678 3689 2740 oﬁerebantnr,

2124 2792 2309 2854 utpote
2338 2797 2459 2851 quae
2493 2780 2813 2834 accedentes
2844 2775 3121 2846 perfectos
3150 2773 3381 2828 reddere
3425 2784 3531 2824 non
3574 2782 3698 2838 pos-

2127 2886 2270 2931 sent.
2322 2870 2459 2929 Nam
2497 2874 2542 2929 si
2576 2870 2891 2944 perﬁciendi
2927 2868 3034 2923 vim
3065 2866 3408 2927 habuissent,
3454 2860 3701 2929 profecto

2123 2966 2303 3023 oli'erri
2327 2964 2641 3026 desiissent,
2676 2960 2821 3031 quod
2848 2959 2941 3028 qui
2972 2955 3286 3027 huiusmodi
3332 2953 3540 3009 cultum
3595 2948 3705 3001 Dro

2124 3061 2467 3124 exhiberem,
2494 3064 2850 3127 posteaquam
2884 3052 3053 3108 semel
3082 3050 3295 3122 purgati
3325 3054 3529 3105 essent,
3561 3042 3705 3097 nulla

452 3154 632 3199 tamen
690 3144 1126 3215 comprehendit,
1175 3144 1227 3199 id
1274 3153 1379 3210 est,
1420 3142 1578 3213 fregit
1604 3159 1667 3199 ac
1703 3142 2024 3212 superavit;

2133 3153 2241 3222 iam
2274 3148 2481 3220 peccati
2511 3144 2846 3202 conscientia
2882 3153 3236 3199 terrerentur.
3291 3138 3563 3208 Scriptum
3606 3149 3709 3187 au-

453 3251 643 3292 verum
706 3237 1045 3307 impudenter
1112 3235 1202 3292 ille
1263 3236 1484 3306 quidem
1552 3243 1759 3304 partem
1823 3233 2025 3289 Christi

454 3330 845 3398 aspcctabilem
896 3329 1122 3383 adortus
1166 3335 1289 3381 est:
1319 3336 1572 3403 caeterum
1606 3327 1659 3379 in
1708 3325 2036 3380 invisibilem

458 3422 796 3475 divinitatem
824 3420 1036 3485 incidit,
1066 3427 1230 3488 atque
1253 3431 1550 3487 oppressus
1579 3427 1681 3472 est.
1710 3414 1835 3470 iiazc
1858 3424 2037 3470 autem

458 3508 666 3564 idcirco
719 3508 861 3563 facta
920 3517 1085 3575 sunt,
1135 3516 1195 3561 ut
1248 3522 1347 3560 nos
1395 3506 1600 3575 peccati
1650 3506 1892 3561 tenebris
1947 3521 2041 3575 per

464 3600 798 3669 baptismum
818 3598 1045 3669 abiectis
1069 3598 1135 3652 ad
1162 3596 1466 3652 divinitatis
1490 3597 1672 3651 lumen
1694 3597 2037 3663 accedamus,

463 3705 531 3746 ac
559 3689 754 3745 deinde
788 3706 884 3758 per
914 3691 1159 3745 honestae
1188 3703 1251 3745 ac
1284 3688 1558 3760 praeclara}
1580 3689 1701 3744 vitae
1723 3703 2042 3759 progressus

466 3793 521 3837 et
574 3781 963 3851 perfectionem
1017 3781 1106 3837 lux
1151 3797 1370 3852 quoque
1422 3782 1659 3853 perfecta
1718 3779 2039 3846 efﬁciamur,

467 3889 499 3927 o
533 3873 770 3944 perlecta
833 3874 953 3929 luce
985 3874 1336 3944 profluentes,
1394 3876 1499 3929 hoc
1553 3882 1657 3939 est,
1711 3889 1739 3929 a
1788 3874 2042 3945 baptismi

466 3966 661 4035 gratia.
701 3964 851 4023 Hanc
872 3967 1017 4021 enim
1044 3968 1274 4038 gratiam
1307 3976 1362 4020 et
1393 3968 1683 4022 utilitatem
1707 3967 2044 4036 baptismatis

466 4057 588 4111 dies
619 4066 675 4113 et
724 4057 922 4113 festum
970 4058 1131 4113 nobis
1176 4059 1455 4113 conciliat.
1505 4061 1682 4128 Atque
1736 4060 1898 4114 etiam
1939 4058 2047 4115 alio

469 4163 635 4204 sensu
667 4150 943 4219 explicare
972 4151 1116 4214 licet,
1150 4152 1426 4220 quomodo
1458 4151 1697 4222 perfecta
1729 4153 1819 4206 lux
1844 4151 2049 4206 efﬁcia-

468 4255 641 4295 mur.
677 4242 939 4297 nimirum
993 4243 1035 4296 si
1092 4257 1214 4297 cum
1268 4256 1479 4297 summa
1548 4244 1636 4296 illa
1689 4243 1839 4305 luce,
1892 4242 2048 4299 nobis

473 4343 694 4403 propter
717 4343 957 4388 nostram
992 4332 1326 4402 intelligendi
1351 4334 1662 4390 facultatem
1706 4334 1853 4389 afﬁni
1885 4343 2049 4403 atque

473 4433 727 4494 cognata,
768 4424 904 4479 uniti
945 4438 1284 4494 prorsusque
1336 4427 1609 4480 commisti
1657 4424 1942 4481 fuerimus.
1988 4427 2046 4482 Id

2141 3253 2246 3298 tem
2278 3240 2506 3296 habetur
2543 3236 2598 3292 in
2631 3237 2770 3291 libro
2798 3232 3161 3289 Numerorum
3187 3234 3232 3298 ¹,
3285 3230 3431 3302 quod
3482 3226 3706 3282 vitulam

2141 3332 2318 3389 rufam
2368 3330 2774 3393 comburentes,
2825 3326 3107 3395 ipsiusque
3139 3324 3379 3379 cinerem
3415 3334 3570 3390 aqua:
3618 3319 3712 3371 ad-

2142 3422 2471 3486 miscentes,
2528 3421 2761 3491 pollutos
2814 3417 3196 3488 aspergebant.
3254 3412 3498 3481 itemque
3565 3406 3711 3478 quod

2143 3515 2320 3572 Moses
2354 3524 2576 3586 accepto
2620 3509 2886 3584 sanguine
2918 3520 3200 3565 taurorum
3236 3516 3290 3561 et
3334 3503 3625 3558 vitulorum
3656 3508 3712 3554 et

2145 3608 2419 3663 hircorum
2474 3621 2599 3661 cum
2652 3618 2792 3674 aqua
2847 3611 2903 3657 et
2935 3601 3058 3655 lana
3101 3597 3325 3653 coccina
3373 3604 3427 3650 et
3477 3596 3715 3664 byssopo

2145 3702 2407 3772 populum
2441 3714 2656 3754 omnem
2692 3695 3027 3752 lustraverit.
3059 3690 3137 3746 Ac
3170 3691 3293 3745 talis
3324 3687 3540 3758 quidem
3576 3685 3718 3752 lega-

2145 3794 2212 3847 lis
2245 3792 2494 3861 purgatio
2524 3797 2660 3853 erat,
2718 3789 2772 3842 in
2824 3787 2989 3841 breve
3021 3792 3231 3850 tempus
3279 3781 3496 3851 iuvans,
3556 3785 3718 3843 atque

2145 3885 2217 3939 ita
2251 3897 2470 3937 carnem
2508 3880 2823 3951 purilicans,
2872 3885 2932 3930 ut
2986 3884 3164 3928 tamen
3196 3872 3261 3926 ad
3296 3870 3492 3926 anima:
3523 3877 3720 3936 purga-

2148 3977 2350 4030 tionem
2382 3974 2488 4026 vim
2524 3986 2678 4026 suam
2716 3985 2823 4023 non
2860 3965 3198 4022 extenderet.
3256 3964 3324 4019 At
3370 3969 3554 4016 nostra
3588 3971 3721 4013 con-

2149 4066 2319 4123 trario
2366 4065 2525 4135 plane
2579 4061 2740 4117 modo
2793 4078 2850 4115 se
2897 4060 3080 4114 habet.
3130 4054 3307 4111 Semel
3357 4053 3499 4107 cnim
3557 4047 3721 4112 facta,

2148 4159 2333 4214 omnia
2375 4157 2560 4223 simul,
2612 4165 2667 4211 et
2717 4164 2920 4218 vetera,
2958 4161 3015 4206 et
3067 4165 3228 4212 nova,
3277 4156 3330 4201 et
3363 4142 3631 4214 corporis,
3666 4148 3722 4194 et

2148 4251 2346 4307 animae
2375 4250 2507 4304 vitia
2538 4256 2754 4320 purgat.
2788 4242 3081 4298 Enimvero
3115 4240 3428 4297 Graecorum
3466 4231 3722 4305 mysteria

2150 4357 2179 4398 a
2235 4340 2579 4397 daemonibus
2632 4339 2851 4398 inventa
2908 4346 2962 4390 ct
3004 4350 3034 4388 a
3091 4331 3275 4402 pravis
3331 4342 3396 4382 ac
3447 4321 3725 4380 sceleratis

2152 4433 2349 4489 animis
2377 4433 2606 4487 conficta
2634 4440 2781 4486 sunt.
2818 4427 3030 4494 Quibus
3076 4423 3297 4494 quidem
3345 4429 3405 4475 ut
3441 4417 3598 4473 ﬁdem
3630 4411 3726 4467 ad-

474 4525 657 4569 autem
714 4515 769 4569 in
823 4515 1001 4569 futura
1065 4517 1503 4571 remuneratione
1556 4518 1856 4588 continget.
1897 4515 2050 4573 Nunc
2082 4500 2126 4554 ί)
2155 4534 2454 4585 struerem,
2505 4523 2597 4593 qui
2634 4537 2699 4576 ca
2732 4519 3007 4580 colebant,
3046 4516 3114 4569 ad
3169 4509 3547 4580 antiQItissima
3584 4514 3724 4558 lcm‘

473 4605 642 4670 enim,
714 4605 953 4676 quantliu
1015 4607 1068 4659 in
1103 4608 1353 4675 praesenti
1405 4609 1508 4662 hac
1562 4609 1671 4663 vita
1729 4623 2046 4676 versamur,

475 4697 662 4751 divino
721 4697 922 4751 lavacri
975 4697 1238 4752 beneficio
1264 4698 1330 4752 ad
1383 4700 1597 4754 unicam
1631 4700 1776 4753 illam
1807 4701 2045 4753 divinam

477 4788 653 4842 tucem
711 4802 776 4842 ac
829 4786 994 4842 Deum
1049 4789 1390 4845 accedirnus.
1449 4787 1613 4858 atque
1671 4789 2048 4857 unusquisque

480 4887 754 4944 nostrum,
815 4879 944 4934 dum
1013 4879 1297 4935 salutifera
1358 4893 1499 4950 aqua
1559 4880 1816 4951 tingitur,
1878 4880 2049 4935 divini

481 4972 706 5028 luminis
736 4973 876 5027 fetus
913 4970 1163 5037 efﬁcitur,
1191 4972 1244 5025 id
1269 4981 1374 5035 est,
1396 4972 1674 5041 baptismi.
1702 4970 1767 5023 Et
1795 4974 2053 5041 quoniam

480 5077 674 5116 eorum
732 5063 826 5132 qui
859 5063 1117 5133 baptismi
1166 5078 1305 5133 aqua
1363 5062 1787 5133 perfunduntur,
1846 5063 2054 5115 inﬁnita

478 5162 568 5207 est
624 5154 936 5220 multitudo,
970 5153 1175 5209 idcirco
1197 5155 1536 5224 γεννήματα,
1584 5152 1692 5206 hoc
1747 5163 1852 5215 est,
1914 5151 2058 5206 fctus

484 5247 684 5315 plurali
732 5246 1167 5313 numerodixit,
1228 5262 1337 5302 non
1378 5254 1558 5301 autem
1608 5245 1880 5313 γέννημα,
1941 5246 2057 5299 sin-

482 5337 683 5408 gulari.
737 5336 921 5407 Neque
942 5339 1086 5393 enim
1140 5340 1194 5392 in
1231 5338 1333 5391 hac
1360 5338 1469 5391 vita
1521 5336 1903 5406 priestantihus
1951 5335 2060 5389 vir-

486 5439 603 5482 tute
630 5443 694 5483 ac
725 5429 846 5483 vita:
873 5428 1235 5484 sanctimonia
1258 5429 1386 5482 viris
1408 5442 1529 5481 cum
1574 5427 1682 5482 Deo
1709 5442 1829 5482 esse
1858 5442 2057 5481 conce-

486 5519 639 5574 ditur
667 5536 683 5574 :
727 5537 910 5574 vermn
942 5522 1042 5575 hoc
1065 5533 1318 5589 tanquam
1354 5520 1631 5589 praemium
1664 5521 1768 5575 illis
1804 5523 1856 5573 iu
1885 5521 2057 5574 altero

486 5612 690 5673 gerulo
723 5621 1055 5668 reservatur.
1119 5610 1490 5667 Subrebimini
1525 5613 1707 5683 igitur,
1734 5613 1927 5683 inquit,
1961 5613 2060 5665 bac

566 5792 616 5825 "
646 5792 663 5846 l
708 5788 836 5847 Cor.
865 5807 952 5859 xv,
989 5791 1075 5847 43.
1154 5792 1198 5825 ⁸⁸
1226 5788 1380 5847 Joan.
1428 5809 1463 5861 ι,
1496 5792 1546 5847 5.

1624 5794 1666 5825 ’9
1704 5789 1873 5845 Exod.
1908 5805 1992 5857 vv,
2028 5789 2079 5844 9.

2157 4632 2286 4687 pora
2320 4614 2705 4684 confugiebant
2752 4629 2766 4666 :
2822 4619 2879 4665 ut
2906 4618 3085 4662 autem
3114 4618 3303 4659 eorum
3332 4597 3724 4687 turpitudinem

2156 4684 2477 4771 cﬂ‘ugereut,
2529 4717 2593 4756 ea
2632 4700 2936 4756 fabularum
2980 4695 3230 4750 libertate
3272 4706 3336 4745 ac
3379 4685 3595 4743 licentia
3628 4684 3728 4738 ob-

2160 4796 2433 4861 volabant,
2479 4790 2727 4846 fabulosa
2759 4804 2880 4845 esse
2911 4785 3354 4857 pronuntiantes,
3406 4789 3460 4833 et
3498 4777 3564 4832 ad
3597 4775 3731 4828 alle-

2159 4887 2366 4954 goriam
2401 4885 2807 4954 detorqueutes.
2858 4880 3035 4947 Atque
3079 4872 3351 4930 interdum
3382 4889 3467 4936 ea,
3510 4884 3631 4939 quae
3661 4867 3730 4921 de

2159 4977 2265 5031 diis
2299 4976 2540 5046 ipsorum
2587 4980 3112 5033 commemorantur,
3157 4978 3411 5035 tanquam
3459 4976 3586 5017 vera
3636 4975 3731 5014 sn-

2161 5078 2315 5123 munt
2356 5085 2371 5122 :
2404 5065 2677 5120 interdum
2711 5064 2897 5125 etiam,
2929 5076 3053 5116 cum
3090 5074 3277 5114 eorum
3329 5053 3642 5110 obscenitas
3675 5059 3731 5104 et

2158 5156 2448 5226 spurcities
2482 5154 2613 5225 ipsis
2657 5147 3233 5221 obiiciturpfabulosa
3269 5148 3381 5199 haec
3411 5159 3533 5198 esse
3586 5142 3731 5195 alitr—

2160 5260 2330 5312 mant,
2350 5263 2449 5302 nec
2464 5263 2528 5301 eo
2546 5261 2735 5311 sensu,
2756 5262 2915 5315 quem
2940 5260 3048 5313 pne
3077 5258 3135 5297 se
3158 5240 3358 5301 ferunt,
3379 5236 3729 5307 intelligenda

2162 5355 2304 5406 esse,
2338 5340 2428 5393 sed
2460 5339 2745 5410 mysticum
2791 5336 3079 5404 quemdam
3117 5348 3180 5387 ac
3225 5331 3563 5385 reconditum
3611 5343 3734 5382 sen-

2167 5446 2286 5485 sum
2319 5430 2539 5483 habere.
2584 5426 2829 5495 Exempli
2863 5437 3063 5480 causa:
3116 5421 3172 5475 Si
3222 5421 3354 5490 ipsis
3386 5418 3732 5490 proferarms

2167 5520 2484 5584 Saturnum,
2536 5534 2695 5588 quem
2739 5531 2836 5586 pro
2865 5518 2966 5569 deo
2998 5514 3204 5577 colunt,
3261 5514 3403 5568 ﬁlios
3455 5526 3585 5565 suos
3632 5506 3732 5561 de-

2165 5624 2409 5677 vorasse,
2434 5611 2587 5663 aiunt
2617 5607 2768 5662 aliud
2798 5604 3053 5675 quiddam
3090 5618 3232 5667 esse,
3266 5602 3409 5671 quod
3439 5601 3522 5655 his
3551 5598 3730 5653 verbis

2194 5788 2208 5818 ¹
2248 5786 2410 5843 iiebr.
2445 5804 2498 5851 x,
2533 5786 2561 5840 4
2595 5802 2748 5857 seqq.
2811 5791 2831 5822 ⁸
2865 5785 3022 5841 Num.
3055 5799 3154 5849 xu,
3191 5784 3223 5838 2
3255 5800 3407 5852 seqq.
