4100 6446
379 366 518 429 l‘2i7

1305 369 1629 432 NICETAS
1671 369 1754 430 ΙΝ
1795 369 2022 430 ΟΒΑΤ.
2063 370 2313 430 XXXIX
2357 373 2416 430 S.
2459 369 2690 430 GIiEG.

3495 377 3632 445 1218

369 487 712 555 signiﬁcetur
749 505 762 539 :
798 485 1040 556 Tempus
1093 489 1277 554 enim',
1337 489 1629 559 inquiunt,
1685 485 1950 557 quidquid
1983 486 2366 550 Adevoratis,
2429 487 2718 540 inciderat.
2775 485 2845 540 At
2910 486 3161 544 tibicines
3213 487 3436 560 quidam
3491 495 3642 553 tibiis

369 579 740 648 progenuerit,
791 595 985 634 rursus
1038 582 1334 636 consumit.
1383 581 1543 650 Atqui
1593 579 1956 633 conveniebat

371 683 494 733 eos,
532 669 577 722 si
630 669 852 738 quidem
903 672 1016 725 hmc
1055 688 1180 726 vera
1227 673 1562 739 existimant,
1610 686 1954 740 nequaquam

373 758 622 812 fabulosa
674 775 737 814 ea
773 761 955 815 dicere
993 779 1006 815 :
1041 763 1122 816 sin
1160 773 1341 818 autem
1389 763 1524 817 falsa
1577 773 1625 818 et
1675 777 1958 815 commen-

376 850 520 912 titia,
555 865 900 920 nequaquam
935 854 1216 918 admirari,
1252 869 1426 923 neque
1453 855 1521 908 de
1548 868 1654 908 una
1683 863 1736 907 et
1767 855 1955 908 eadem

375 959 435 996 re
471 941 796 996 aliirmative
831 959 895 997 ac
939 946 1189 1015 negative
1221 929 1606 1015 pronuntiare,
1657 947 1962 1001 contraria-

374 1050 485 1105 que
535 1051 758 1091 censere
798 1054 811 1090 :
851 1052 958 1091 non
1007 1053 1165 1093 secus
1218 1054 1282 1092 ac
1329 1041 1373 1094 si
1426 1040 1478 1092 in
1527 1055 1845 1108 puerorum,
1878 1038 1959 1091 vtl

374 1129 544 1181 etiam
579 1129 896 1182 vecordium
929 1129 1216 1184 hominum
1255 1141 1399 1186 cmtu
1437 1131 1707 1195 luderent,
1747 1146 1810 1186 ac
1853 1147 1958 1185 non

378 1221 668 1275 nobiscum
718 1222 866 1275 serio
918 1223 1282 1290 disputat-ent,
1339 1226 1442 1278 hoc
1493 1233 1598 1287 est,
1653 1241 1777 1279 cum
1830 1227 1963 1280 viris

373 1311 589 1381 judicio
614 1312 876 1378 praeditis,
914 1325 969 1367 et
1002 1312 1163 1367 Verbi
1199 1330 1263 1368 ac
1318 1331 1462 1370 verae
1511 1319 1812 1385 sapientiae,
1863 1317 1965 1373 hoc

373 1412 482 1466 est,
508 1401 737 1467 Christi,
771 1405 1080 1459 cultoribus
1115 1424 1127 1460 :
1168 1407 1382 1461 tametsi
1415 1408 1700 1474 profanam
1733 1419 1785 1462 et
1811 1408 1965 1462 fabu-

379 1497 556 1549 losam
585 1497 954 1566 eloquentiam
995 1510 1050 1553 et
1083 1500 1376 1553 verborum
1424 1501 1749 1568 elegantiam
1782 1516 1966 1570 asper-

380 1602 601 1651 nemur,
631 1602 754 1658 quae
781 1603 983 1658 spurca
1018 1601 1074 1646 et
1102 1591 1322 1646 sordida
1357 1601 1438 1647 est
1489 1592 1844 1657 nominanda,
1883 1601 1965 1646 ut-

386 1686 514 1747 pote
577 1692 666 1733 res
731 1691 918 1748 turpes
977 1688 1034 1736 et
1088 1682 1359 1739 obscenas
1417 1698 1615 1738 ornare
1667 1698 1730 1738 ac
1786 1685 1968 1740 verbis

381 1769 582 1823 efferre
606 1770 969 1829 contendens.

457 1862 572 1916 Col.
599 1863 702 1918 5'58
729 1864 792 1920 Α.
839 1863 962 1919 Non
995 1865 1106 1920 lucc
1129 1867 1278 1922 lovis
1313 1878 1501 1938 partus
1525 1879 1575 1925 et
1602 1872 1770 1941 furta,
1796 1870 1964 1938 illius,

391 1954 625 2024 inquam,
658 1955 1015 2022 Cretensium,
1066 1968 1174 2014 etc.
1243 1961 1517 2016 Saturnus
1568 1961 1719 2018 Jovis
1790 1974 1964 2034 pater,

389 2060 534 2109 eum,
588 2056 647 2102 ut
693 2047 868 2103 Graeci
921 2050 1252 2118 fabulantur,
1286 2054 1568 2110 oraculum
1642 2057 1965 2127 accepisset,

389 2141 508 2196 fore
558 2151 616 2196 ut
646 2143 716 2197 ab
747 2159 856 2197 uno
905 2143 1140 2198 ﬁliorum
1176 2162 1402 2201 suorum
1441 2164 1605 2218 regno
1650 2151 1966 2220 pelleretur,

388 2247 574 2312 mares
622 2248 834 2298 omnes,
891 2236 983 2304 qui
1035 2237 1140 2305 ipsi
1195 2239 1597 2304 nascebantur,
1647 2242 1964 2297 devorabat.

386 2321 540 2378 Rhea
576 2325 764 2394 igitur,
801 2339 924 2379 cum
960 2324 1149 2380 Jovem
1195 2329 1518 2396 peperisset,
1572 2330 1691 2399 ejus
1727 2333 1968 2400 pulchri—

387 2413 580 2467 tudine
610 2423 665 2468 et
711 2414 895 2469 vultus
925 2415 1191 2482 elegantia
1242 2429 1510 2486 permota,
1548 2419 1734 2474 furtim
1785 2425 1972 2478 subla-

386 2513 505 2560 tum
562 2505 616 2558 in
666 2505 881 2560 Cretam
932 2509 1136 2571 emisit,
1188 2509 1347 2578 eique
1392 2510 1642 2575 Curetes,
1693 2516 1970 2570 dmmoncs

386 2597 676 2664 quosdam,
731 2597 999 2667 adiunxit,
1048 2600 1145 2669 qui
1184 2617 1401 2670 gravem
1438 2618 1634 2657 sonum
1683 2615 1846 2676 atquc
1883 2623 1969 2660 ar-

391 2701 609 2742 morum
666 2690 933 2758 crepitum
969 2693 1294 2758 excitarent,
1349 2709 1413 2749 ac
1463 2696 1764 2767 tripudium
1812 2697 1967 2760 illud.

388 2781 532 2850 quod
563 2781 944 2850 Pyrrhicbium
973 2785 1193 2848 dicitur,
1248 2788 1440 2840 armati
1491 2802 1736 2857 agerent,
1783 2799 1842 2842 ut
1884 2806 1970 2843 ar-

393 2887 608 2926 morum
677 2875 904 2944 strepitu
977 2893 1196 2944 gravem
1266 2879 1489 2934 infantis
1565 2881 1656 2936 Dei
1728 2884 1966 2950 vagitum

388 2973 717 3033 Vastumque
745 2980 941 3020 sonum
980 2976 1158 3037 tegere
1194 2982 1416 3038 possent
1449 2989 1462 3025 :
1501 2987 1567 3026 ne
1609 2972 1748 3027 forte
1777 2978 1968 3029 Satur-

393 3069 522 3118 nus,
556 3071 587 3109 e
615 3057 758 3111 cmlo
786 3058 1024 3127 vagitum
1059 3062 1309 3131 audiens,
1350 3064 1525 3132 ipsum
1557 3081 1773 3136 quoque
1804 3064 1970 3121 devo-

391 3155 564 3199 raret.
612 3145 872 3215 Lapidem
905 3161 1086 3206 autem
1135 3151 1317 3207 fas‘ciis
1350 3154 1652 3210 involutum
1685 3160 1794 3211 nati
1848 3159 1968 3214 loco
1996 3180 2038 3235 ο

391 3239 591 3292 marito
617 3237 990 3294 devorandum
1021 3243 1262 3313 reliquit.
1284 3245 1455 3310 Quem
1485 3263 1606 3302 cum
1631 3250 1967 3318 devorasset,

386 3341 484 3382 eos
543 3344 795 3398 quoque,
859 3347 998 3401 quos
1056 3336 1212 3403 prius
1265 3338 1646 3409 ahsorpserat,
1682 3318 1965 3398 .evomuit.

388 3417 656 3472 Cmterum
686 3421 932 3476 historiae
957 3425 1230 3491 proditum
1265 3437 1349 3481 est
1375 3429 1519 3484 hunc
1543 3429 1730 3485 Jovem
1763 3433 1970 3500 praesti-

386 3508 646 3577 giatorem
690 3521 743 3566 et
769 3514 1064 3569 scelestum
1097 3517 1373 3574 hominem
1405 3520 1595 3587 fuisse,
1622 3522 1967 3579 Cretensium

391 3609 685 3670 tyrannum
723 3622 736 3658 :
779 3607 918 3673 apud
945 3622 1082 3676 quos
1114 3610 1260 3664 illius
1296 3625 1513 3682 quoque
1551 3627 1964 3670 monumentum

388 3693 722 3760 ostenditur,
780 3698 1188 3755 discrucientur
1239 3703 1366 3758 licet
1414 3714 1577 3774 atque
1619 3705 1968 3762 oﬂendantur

387 3781 488 3838 hac
512 3786 785 3850 oratione,
839 3789 930 3858 qui
982 3791 1126 3845 inter
1156 3794 1408 3850 ethnicos
1467 3798 1775 3852 eruditione
1826 3814 1966 3868 pne-

398 3883 564 3939 staut,
613 3887 777 3945 atque
818 3879 1099 3936 historiam
1127 3883 1267 3939 hanc
1301 3886 1569 3953 rejiciant.
1613 3888 1762 3955 Quos
1801 3893 1964 3945 etiam

387 3963 581 4019 irridet
622 3965 956 4037 Thcologus,
1009 3981 1066 4025 ut
1097 3973 1192 4041 qui
1244 3975 1584 4044 ineptissime
1635 3989 1968 4046 nugarentur

385 4052 574 4111 Jovem
626 4059 776 4127 (quia
830 4061 883 4114 in
937 4077 1003 4115 eo
1049 4064 1234 4118 divina
1283 4068 1520 4134 potentia
1559 4069 1720 4135 erat),
1763 4084 1966 4137 nequa-

387 4161 550 4216 quam
579 4166 874 4218 puerorum
909 4169 1059 4208 more
1092 4157 1219 4210 eaili
1251 4173 1382 4212 voee
1411 4159 1661 4228 vagiisse,
1711 4161 1803 4214 sed
1835 4162 1966 4215 hor-

385 4240 596 4295 riﬁcum
649 4245 945 4312 quemdam
998 4245 1261 4312 ejulatum
1311 4249 1568 4313 edidisse,
1622 4259 1784 4320 atque
1828 4252 1966 4306 adeo

385 4343 620 4400 vastum,
657 4345 714 4388 ut
748 4339 813 4389 ad
848 4337 1046 4392 cmlum
1085 4355 1259 4409 usque
1304 4351 1632 4410 permearet.
1681 4343 1760 4396 Ac
1795 4355 1965 4411 poene

383 4424 604 4489 quidem
661 4428 894 4496 lapidem
951 4446 1049 4498 pro
1093 4430 1228 4485 Jove.
1279 4448 1308 4486 a
1361 4433 1599 4486 Saturno
1640 4434 1960 4489 devoratum

2059 577 2344 643 ludebant,
2397 579 2612 632 animos
2665 577 2876 631 illorum
2906 593 2935 631 a
2966 577 3170 634 doloris
3200 597 3364 638 sensu
3397 597 3648 641 averten-

2060 674 2162 725 tes.
2193 678 2356 735 atque
2387 666 2451 720 ad
2491 665 2868 737 perferendam
2902 668 3267 726 exsectionem
3295 672 3645 732 inflamman-

2058 765 2164 811 tes.
2198 756 2410 822 Quibus
2435 769 2622 828 postea
2666 758 2757 812 alii
2791 759 3061 814 medicam
3114 776 3335 817 manum
3389 766 3647 823 admove-

2061 850 2212 911 bant,
2267 849 2634 919 Corybantum
2673 858 2883 917 gestum
2928 850 3230 918 imitantes,
3276 855 3506 922 perinde
3538 863 3647 913 sci-

2061 943 2184 998 licet
2216 959 2279 997 ac
2313 943 2356 998 si
2394 945 2598 998 Rheam
2629 944 2802 1012 ipsam
2829 945 3273 1002 consolarentur.
3303 948 3645 1018 Corybantes

2061 1044 2267 1100 autem,
2319 1051 2491 1104 genus
2535 1045 2663 1090 sunt
2697 1037 3028 1105 da-monum,
3064 1041 3145 1093 vel
3174 1039 3507 1095 furiosorum
3542 1041 3647 1094 ho-

2065 1131 2294 1192 minum,
2344 1128 2508 1183 Rheae
2557 1129 3046 1195 subservientium,
3093 1147 3232 1200 quos
3270 1133 3514 1203 Cabyros
3550 1149 3647 1187 vo-

2065 1230 2208 1273 rant.
2263 1218 2430 1273 Porro
2483 1229 2710 1272 matrem
2755 1221 2893 1274 hanc
2937 1221 3162 1274 deorum
3221 1223 3324 1277 etsi
3385 1238 3492 1277 non
3531 1239 3649 1278 orn-

2067 1315 2241 1375 nium,
2291 1322 2344 1365 at
2382 1320 2530 1366 certe
2558 1311 2707 1366 Jovis
2738 1311 3100 1383 fratrumque,
3135 1315 3306 1384 ipsius
3340 1324 3509 1384 poeta:
3536 1324 3648 1369 tra-

2065 1405 2222 1469 dum,
2258 1405 2718 1472 quemadmodum
2749 1414 2803 1459 et
2829 1414 3038 1473 patrem
3065 1407 3293 1460 deorum
3325 1407 3646 1462 Saturnum.

2066 1498 2144 1550 Ac
2188 1497 2429 1566 Phryges
2459 1505 2636 1559 erant,
2673 1498 2766 1565 qui
2815 1499 3126 1566 hujusmodi
3164 1498 3372 1569 ﬂagitia
3402 1500 3454 1553 in
3487 1498 3652 1554 Rhea:

2068 1589 2332 1643 honorem
2369 1588 2724 1657 peragebant,
2773 1597 2936 1658 atque
2971 1590 3132 1643 iidem
3179 1590 3560 1657 initiabantur,
3594 1591 3651 1646 id

2067 1689 2170 1746 est,
2203 1682 2536 1736 exsectionis
2566 1681 2811 1735 cruciatu
2849 1681 3244 1736 adiciebantur.

2140 1774 2274 1828 Ibid.
2327 1772 2440 1828 Nec
2486 1773 2664 1842 puella
2711 1773 2952 1843 quaedam
2980 1775 3122 1842 apud
3149 1791 3244 1828 nos
3293 1775 3520 1844 rapitur,
3543 1784 3651 1832 etc.

1998 1833 2042 1888 Β
2071 1866 2346 1932 Cererem,
2401 1882 2563 1921 unam
2597 1881 2662 1920 ex
2699 1867 2940 1935 antiquis
2983 1867 3213 1926 deabus.
3260 1865 3649 1937 Proserpinam

2071 1959 2348 2028 peperisse
2374 1959 2606 2027 ﬁngunt,
2635 1974 2798 2026 quam
2833 1958 3012 2024 Pluto,
3062 1959 3176 2013 sive
3199 1957 3398 2019 Orcus.
3451 1959 3651 2028 rapuit.

2069 2050 2138 2103 At
2168 2059 2363 2114 mater,
2407 2063 2526 2103 eam
2560 2049 2819 2104 omnibus
2855 2049 2908 2102 in
2943 2049 3079 2104 locis
3110 2049 3466 2118 conquirens,
3510 2049 3651 2126 apud

2073 2140 2382 2196 Eleusinem
2431 2139 2484 2192 in
2511 2139 2733 2194 Celeum
2766 2155 2831 2195 ac
2882 2140 3276 2210 Triptolemum
3325 2140 3535 2203 incidit,
3586 2141 3655 2200 ab

2071 2233 2245 2301 iisque
2275 2233 2343 2286 de
2377 2231 2497 2286 ﬁliae
2549 2242 2705 2301 raptu
2752 2232 2954 2287 certior
2985 2231 3146 2294 facta,
3178 2231 3337 2286 ﬁnem
3367 2248 3461 2302 per
3481 2243 3654 2286 totum

2072 2325 2258 2380 orbem
2308 2325 2538 2392 vagandi
2590 2323 2757 2387 fecit,
2816 2325 3059 2394 ipsisque
3109 2325 3275 2379 tritici
3333 2339 3398 2380 ac
3463 2324 3654 2378 hordei

2073 2416 2304 2482 semina,
2335 2417 2578 2471 nondum
2626 2425 2753 2471 ante
2783 2417 2836 2469 id
2871 2426 3085 2485 tempus
3116 2417 3251 2478 visa,
3309 2416 3456 2470 dono
3487 2417 3657 2482 dedit,

2072 2515 2237 2574 atque
2285 2507 2556 2560 alatorum
2611 2506 2910 2560 draconqu
2948 2520 3171 2559 currum
3218 2513 3278 2558 ut
3306 2520 3372 2559 ex
3412 2505 3656 2570 sublimi,

2073 2596 2214 2649 sicut
2244 2606 2417 2665 poeta:
2450 2595 2787 2659 fabulantur,
2839 2609 2938 2664 per
2983 2595 3294 2650 universam
3337 2603 3538 2648 terram
3570 2610 3660 2649 sco

2072 2685 2222 2739 mina
2290 2693 2624 2754 spargerent.
2677 2684 2788 2738 Ilos
2825 2686 2962 2739 duos
3002 2686 3309 2755 petulanter
3337 2694 3498 2754 atque
3530 2685 3657 2739 libi-

2072 2777 2266 2831 dinose
2309 2776 2478 2831 Ceres
2529 2775 2800 2838 adhibuit,
2851 2791 2916 2830 ac
2959 2777 3208 2844 quasdam
3260 2778 3314 2830 in
3367 2792 3463 2831 eos
3509 2777 3657 2842 fecit,

2071 2869 2318 2938 quasdam
2377 2869 2543 2922 etiam
2599 2869 2841 2922 vicissim
2899 2868 2970 2923 ab
3017 2869 3082 2922 iis
3123 2885 3282 2937 passa
3325 2879 3428 2923 est.
3477 2871 3656 2938 Atque

2073 2963 2189 3018 haec
2238 2962 2421 3016 omnia
2479 2963 2610 3030 ipsis
2656 2977 2752 3030 per
2801 2977 2963 3015 unam
3014 2969 3228 3016 noctem
3277 2963 3331 3016 in
3379 2961 3656 3026 Eleusine,

2072 3071 2192 3124 quae
2235 3055 2430 3108 Atticae
2479 3056 2631 3109 locus
2683 3063 2799 3118 est,
2857 3054 3180 3107 celebranda
3233 3053 3449 3108 tradidit
3484 3072 3498 3109 :
3529 3070 3654 3109 nam

2071 3163 2135 3201 ex
2183 3162 2245 3200 ea
2303 3147 2436 3200 urbe
2487 3147 2596 3200 nati
2648 3155 2825 3199 erant.
2895 3143 2969 3198 Ea
3013 3145 3196 3213 igitur,
3233 3162 3354 3215 quae
3406 3147 3473 3200 ab
3520 3147 3655 3212 ipsis

2075 3247 2235 3291 noctu
2265 3237 2680 3292 celebrabantur
2723 3245 2887 3306 atque
2936 3237 3351 3305 peragebantur,
3397 3250 3450 3291 ιιι
3485 3247 3648 3291 nocte

2073 3329 2258 3398 digna,
2314 3328 2554 3383 interdiu
2611 3343 3049 3382 commemorare
3101 3344 3188 3380 me
3242 3325 3444 3398 pudet,
3491 3337 3656 3394 atque

2073 3435 2136 3472 ex
2193 3419 2538 3487 turpitudine
2598 3418 2921 3489 mysterium
2983 3417 3392 3487 quodammodo
3453 3417 3654 3486 facere,

2072 3510 2334 3564 nimirum
2359 3510 2449 3564 die
2479 3510 2620 3566 festo
2651 3510 2972 3564 memoriam
3001 3523 3193 3564 eorum
3227 3510 3493 3564 faciendo.
3521 3509 3656 3566 Nota

2073 3611 2201 3658 sunt
2234 3603 2350 3657 hmc
2377 3601 2576 3657 Graecae
2608 3601 3016 3672 superstitionis
3043 3601 3440 3669 hierophantis,
3467 3601 3519 3655 id
3552 3610 3656 3666 est,

2071 3692 2381 3746 divinorum
2432 3695 2782 3745 oraculorum
2833 3692 3177 3745 antistitibus
3221 3700 3386 3760 atque
3417 3691 3658 3746 doctori-

2071 3781 2196 3843 bus,
2248 3784 2450 3850 quibus
2488 3782 2789 3836 inviolabili
2851 3782 2964 3851 lege
3000 3783 3350 3836 interdictum
3401 3793 3540 3848 erat,
3591 3799 3657 3838 ne

2072 3873 2187 3926 haec
2216 3883 2380 3942 atque
2410 3873 2728 3942 hujusmodi
2767 3874 3025 3942 mysteria
3059 3875 3203 3942 apud
3255 3888 3370 3936 eos,
3425 3874 3518 3942 qui
3572 3875 3656 3927 his

2069 3967 2243 4021 sacris
2275 3966 2499 4019 minime
2529 3965 2729 4019 initiati
2759 3974 2964 4029 essent,
3017 3966 3358 4036 evulgarent.
3406 3966 3484 4034 Ap
3530 3981 3654 4034 pro.

2071 4061 2210 4116 fecto
2251 4060 2468 4117 silentio
2502 4077 2719 4130 quoque
2763 4062 2925 4133 digna
2976 4069 3134 4115 erant
3187 4071 3407 4131 propter
3458 4061 3655 4115 imma—

2068 4168 2192 4207 nem
2214 4153 2289 4208 rei
2320 4153 2735 4207 obscenitatem.

2141 4245 2274 4300 Ibid.
2303 4246 2366 4301 C.
2423 4245 2537 4299 Nec
2577 4244 2820 4299 Bacchus
2862 4246 2970 4299 lucc
3015 4254 3198 4298 nostra
3234 4243 3511 4313 mysteria,
3547 4249 3652 4296 etc.

2067 4338 2298 4408 Jupiter,
2330 4353 2454 4392 cum
2490 4337 2706 4392 Semele
2741 4337 2929 4391 Cadmi
2958 4336 3344 4392 Thebanorum
3375 4337 3514 4402 regis
3548 4335 3656 4389 ﬁlia

2069 4445 2424 4498 congressus,
2479 4431 2759 4498 gravidam
2807 4445 2925 4484 eam
2977 4429 3235 4483 reddidit.
3287 4427 3431 4481 Juno
3475 4436 3655 4480 autem

385 4514 553 4569 fuisse
580 4529 825 4572 narrant.
876 4522 944 4573 At
997 4521 1290 4592 Gregorius
1337 4523 1548 4587 Jovem,
1597 4535 1654 4579 ut
1704 4525 1960 4594 lapidem,
1998 4533 2040 4585 D
2073 4522 2246 4590 ipsius
2281 4539 2444 4587 uxor,
2495 4523 2764 4590 zelotypia
2814 4523 3044 4591 percita,
3093 4520 3159 4574 ad
3211 4520 3460 4573 Semelen
3505 4533 3662 4572 acce-

383 4620 413 4658 a
445 4607 686 4662 Saturno
723 4612 1042 4664 t|r\'0f{illllll
1069 4629 1192 4668 esse
1227 4615 1322 4667 ait.
1364 4613 1437 4667 Ex
1473 4631 1583 4684 quo
1615 4617 1966 4684 perspicuum

381 4706 466 4750 est
515 4714 638 4752 eum
717 4717 821 4752 non
884 4703 949 4755 ad
1008 4704 1081 4756 rei
1137 4713 1305 4771 gestae
1384 4705 1582 4760 famam
1637 4706 1969 4774 respexisse,

383 4803 574 4842 verum
631 4791 695 4844 ad
774 4793 994 4846 Saturni
1051 4795 1387 4863 opinionem.
1459 4796 1613 4852 Jovis
1672 4799 1853 4859 enim,
1913 4806 1972 4850 ιιι

382 4878 556 4934 Gra'ci
607 4883 830 4951 insuper
887 4886 1184 4954 ﬁngebant,
1237 4889 1375 4944 adeo
1429 4890 1582 4943 firma
1644 4899 1698 4945 et
1743 4891 1968 4945 robusta

381 4981 502 5027 erat
545 4987 767 5042 natura,
805 4989 863 5030 ut
891 4996 1016 5033 cum
1069 4983 1170 5035 hoc
1217 4981 1562 5050 exploratum
1614 4983 1838 5037 haberet
1870 4985 1972 5036 Sa-

383 5074 599 5129 turnus,
639 5084 703 5122 ac
729 5069 990 5124 devorato
1015 5070 1191 5138 lapide
1221 5074 1566 5126 renitentiam
1599 5073 1970 5141 duriticmque

386 5158 634 5222 sentiret,
664 5175 730 5214 eo
756 5163 926 5231 magis
951 5179 1270 5232 persuasum
1304 5166 1548 5224 haberet.
1571 5182 1631 5220 se
1649 5164 1838 5222 Jovem
1865 5168 1964 5224 dc-.

387 5263 859 5324 vorasse,propter
881 5265 1085 5312 naturae
1109 5257 1504 5322 ﬁrmitatem,et
1527 5259 1718 5325 robur,
1742 5274 1963 5328 pessum

381 5353 624 5399 euntem.
640 5344 1000 5418 Jovemigitur
1014 5361 1072 5404 ut
1087 5350 1653 5420 Iapidemldevoratum
1668 5365 1789 5405 esse
1802 5348 1974 5403 Theo-

383 5431 542 5502 Iogus
575 5437 733 5499 dixit,
763 5438 828 5490 ad
863 5439 1175 5493 devorantis
1205 5439 1515 5510 Opinionem
1554 5439 1876 5510 respiciens.

457 5526 593 5582 Ibid.
630 5528 692 5583 Β.
745 5529 859 5583 Nec
904 5531 1196 5601 Phrygum,
1231 5543 1339 5590 etc.
1418 5533 1474 5585 In
1519 5531 1755 5602 Phrygia
1807 5529 1972 5585 Rheae

387 5618 677 5673 delubrum
714 5632 854 5687 erat,
889 5623 942 5675 in
974 5639 1084 5690 quo
1119 5622 1364 5693 Phryges
1397 5622 1593 5677 festum
1633 5623 1974 5678 celebrantes

387 5710 612 5780 genitali
663 5713 910 5765 membro
956 5714 1368 5779 excidebantur,
1421 5714 1752 5769 calamitatis
1805 5714 1976 5781 ipsius

387 5805 630 5874 speciem
665 5806 1054 5874 exprimentes,
1085 5805 1137 5858 in
1167 5822 1328 5876 quam
1362 5807 1472 5874 illa,
1513 5806 1640 5861 ﬁliis
1668 5822 1696 5860 a
1732 5803 1974 5860 Saturno

2073 4613 2229 4675 deus,
2267 4628 2388 4667 eam
2431 4613 2782 4666 vehementer
2815 4613 3076 4681 opinione
3107 4609 3226 4664 falli
3259 4612 3356 4672 ait,
3391 4609 3435 4664 si
3468 4607 3657 4664 Jovem

2069 4720 2192 4760 esse
2223 4707 2522 4765 existimet,
2575 4707 2668 4773 qui
2717 4721 2843 4758 cum
2893 4719 2960 4757 eo
2991 4704 3164 4770 stupri
3200 4702 3654 4755 consuetudimrm

2075 4795 2293 4856 habeat.
2346 4796 2558 4848 mortali
2609 4795 2867 4864 qtmpiam
2923 4808 3045 4846 cum
3093 4809 3154 4846 ea
3202 4791 3592 4859 congredientc
3635 4807 3650 4844 :

2074 4889 2292 4956 ipsique
2328 4887 2599 4953 persuasit
2635 4895 2714 4950 ttt,
2762 4887 2806 4940 si
2869 4884 3167 4954 periculum
3210 4883 3390 4937 facere
3437 4899 3499 4936 ac
3544 4897 3645 4935 co-

2072 4992 2341 5046 gnoscere
2379 4978 2558 5039 vellet,
2587 4993 2715 5030 num
2745 4991 2869 5030 vere
2903 4975 3112 5044 Jupiter
3145 4983 3311 5040 esset,
3340 4974 3409 5029 ab
3455 4989 3519 5028 eo
3565 4989 3662 5044 pe-

2074 5079 2230 5132 teret,
2287 5079 2346 5123 ut
2396 5084 2519 5121 cum
2570 5069 2778 5135 fulgore
2827 5082 2892 5122 ac
2923 5067 3160 5120 touitruo
3190 5081 3302 5118 rem
3336 5081 3521 5120 secum
3555 5066 3656 5119 ha.

2075 5159 2244 5221 heret,
2270 5156 2730 5227 quemadmodum
2759 5165 2959 5210 etcum
2986 5153 3204 5209 Junone
3228 5153 3405 5209 facere
3434 5155 3656 5210 soleret.

2078 5254 2132 5306 Id
2169 5253 2334 5320 igitur
2360 5267 2483 5304 cum
2533 5249 2748 5304 Semele
2782 5245 3288 5317 petiisset,Jupiter
3341 5263 3465 5302 cum
3521 5248 3660 5300 toni.-

2077 5355 2224 5406 ll'tIO,
2277 5352 2336 5396 ut
2365 5352 2449 5396 est
2478 5342 2529 5394 in
2574 5339 2794 5404 fabulis,
2831 5339 2897 5392 ad
2931 5354 3050 5392 eam
3091 5339 3256 5403 vertit,
3301 5346 3463 5406 atque
3490 5337 3659 5389 invito

2079 5436 2262 5488 animo
2312 5449 2431 5486 eam
2486 5431 2876 5490 concremavit,
2929 5430 3280 5498 dissectoque
3316 5427 3436 5496 ejus
3470 5437 3658 5480 ventre

2077 5525 2244 5581 fetum
2279 5526 2459 5578 adhuc
2510 5511 2698 5578 rudem
2731 5522 2943 5584 eduxit,
2980 5520 3279 5588 femorique
3322 5533 3443 5580 suo,
3493 5532 3656 5586 quem

2082 5618 2369 5679 inciderat,
2423 5617 2706 5684 imposuit,
2766 5625 3087 5684 partemque
3139 5611 3368 5663 incisam
3417 5607 3657 5672 consuit,

2081 5721 2247 5778 atque
2301 5709 2530 5776 CXlliCllS
2587 5706 2971 5777 praegnationis
3021 5702 3210 5755 diebus
3255 5697 3513 5752 infantem
3566 5713 3664 5752 cx-

2085 5805 2226 5869 tulit,
2262 5802 2683 5873 Dionysiamque
2717 5801 3035 5856 nominavit.
3063 5796 3245 5864 Itaque
3282 5793 3498 5848 ercos
3527 5808 3658 5860 sug-
