4100 6444
465 358 604 424 1219

461 564 730 625 brantur,
798 575 1140 630 nequaquam
1193 559 1260 614 iis
1315 559 1513 613 similia
1573 570 1738 622 sunt,
1804 571 1927 626 quae
1975 557 2042 610 de

462 654 674 708 Baccho
704 652 844 720 apud
871 653 1097 720 gentiles
1126 659 1653 712 commemorantur,
1687 649 1780 717 qui
1809 648 2030 716 quidem

459 743 680 796 semivir
709 750 847 804 erat,
901 748 1092 808 utpote
1125 754 1270 794 nunc
1296 753 1360 793 ea
1393 754 1516 808 quae
1548 742 1769 808 propria
1799 739 2042 790 virorum

460 845 608 895 sunt,
668 831 894 891 faciens.
951 846 1098 884 nunc
1142 831 1304 883 etiam
1366 830 1598 899 patiens,
1654 844 1776 899 qua:
1823 827 2043 882 feminis

460 925 817 976 conveniunt.
860 919 968 976 Nec
1006 920 1182 976 femur
1220 919 1374 976 Jovis
1405 921 1738 990 parturiens,
1768 935 1833 974 ac
1901 936 2042 989 prae-

465 1018 746 1087 guantium
799 1034 952 1072 more
1002 1016 1323 1090 Dionysium
1352 1030 1594 1087 gestans,
1637 1016 1814 1071 adhuc
1853 1018 2042 1070 rudem

458 1108 632 1163 fetum
682 1109 1038 1164 exsistentem
1099 1127 1114 1162 :
1168 1109 1628 1180 quemadmodum
1682 1118 1838 1162 antea
1895 1105 2044 1162 Iovis

458 1211 622 1269 caput
657 1202 822 1254 alium
861 1203 1151 1271 quenulam
1217 1201 1387 1255 fetum
1434 1201 1786 1270 parturierat.
1834 1199 2040 1256 Miner-

459 1309 581 1348 vam
617 1295 764 1348 enim
799 1295 980 1350 ferunt
1011 1311 1074 1350 ex
1120 1293 1270 1349 Iovis
1299 1295 1480 1364 capite
1527 1296 1824 1348 intersecto
1856 1303 2038 1348 natam

455 1400 601 1441 esse.
653 1385 824 1440 Porro
869 1388 1016 1441 circa
1070 1387 1386 1456 Dionysium
1438 1388 1657 1456 quidam
1700 1387 1828 1441 vino
1861 1385 2040 1441 obruti

460 1488 512 1530 et
566 1477 747 1532 furore
802 1480 1042 1547 correpti
1091 1480 1324 1534 choreas
1357 1481 1611 1550 agebant,
1663 1478 2040 1533 aemilitarem

453 1568 856 1632 expeditionem
885 1569 1157 1623 obibant.
1210 1572 1282 1623 At
1332 1569 1578 1626 Thebani
1624 1573 1924 1639 praesertim
1963 1569 2044 1637 ip-

466 1675 590 1713 sum
643 1661 913 1724 colebant,
962 1661 1262 1715 tonitruum
1292 1677 1512 1731 quoque
1540 1661 1674 1717 illud
1709 1661 2042 1715 venerationi

459 1752 742 1816 habentes,
793 1768 902 1820 quo
935 1753 1147 1808 Semele
1184 1753 1346 1823 hujus
1382 1765 1556 1808 mater
1586 1752 2037 1823 conflagraverat.

1881 353 2264 414 ADDENDA.

458 474 660 543 gillans
694 471 1026 540 Theologus,
1083 469 1160 524 ait
1193 487 1207 525 :
1240 468 1347 534 Ea,
1406 482 1530 538 qua:
1575 467 1718 538 apud
1751 481 1850 522 nos
1898 467 2041 522 eele-
2071 475 2113 527 Α
2145 465 2529 527 divertehant,
2592 462 2904 533 jugulabat.

3603 352 3741 419 I220

2992 463 3062 518 At
3126 479 3260 520 vero
3320 465 3742 536 Lacedaemonii,

2147 553 2328 606 Diana:
2381 552 2642 615 cultores,
2697 553 2750 605 in
2804 553 2976 621 ipsius
3029 556 3294 607 honorem
3338 555 3537 610 festum
3594 559 3743 614 cele-

2147 645 2399 707 brabant,
2459 643 2511 696 in
2566 657 2676 712 quo
2728 645 3112 698 adolescentes
3161 646 3486 703 verberibus
3536 664 3742 719 corpus

2145 737 2586 806 proscindentes,
2624 750 2774 788 aram
2806 751 3003 791 cruore
3036 737 3466 806 profundebant,
3517 743 3739 799 virtutis

2144 841 2260 882 suae
2291 829 2795 896 magnitudinisque
2858 829 3027 883 animi
3075 829 3352 899 specimen
3399 832 3740 899 exhibentes,

2143 933 2207 972 ac
2235 919 2557 972 vulneribus
2607 918 2948 987 perferendis
3005 921 3222 990 seipsos
3283 922 3736 991 assuefacientcs,

2147 1019 2206 1063 ut
2236 1009 2444 1064 scilicet
2474 1010 2698 1063 vulnera
2736 1010 2790 1063 in
2840 1010 2996 1065 bellis
3027 1023 3248 1081 accepta
3296 1023 3736 1070 contemnerent.

2144 1098 2323 1168 Atque
2372 1115 2491 1152 eam
2551 1099 2866 1169 huiusmodi
2919 1102 3070 1155 cultu
3129 1104 3622 1174 prosequebantur,
3679 1114 3739 1160 ut

2145 1187 2470 1244 fortitudine
2501 1199 2875 1258 prastantem,
2929 1206 3029 1245 nec
3082 1208 3111 1245 a
3166 1192 3435 1263 Cupidine
3491 1212 3733 1265 unquam

2145 1279 2374 1336 fractam
2410 1297 2475 1337 ac
2528 1295 2867 1354 superatam.
2924 1283 2987 1338 lli
3038 1301 3222 1354 porro,
3278 1304 3404 1342 cum
3435 1294 3644 1346 caeteris
3679 1293 3734 1348 in

2145 1373 2308 1428 rebus
2367 1374 2536 1427 animi
2589 1376 2785 1428 robore
2837 1386 3180 1446 praestarent,
3232 1393 3296 1432 ac
3329 1380 3468 1433 mira
3497 1381 3728 1449 quadam

2145 1463 2434 1518 tolerantia
2461 1465 2676 1519 labores
2708 1475 2762 1518 et
2797 1466 3064 1520 militares
3095 1483 3372 1522 aerumnas
3399 1468 3730 1538 perferrent,

2145 1555 2200 1609 in
2237 1558 2340 1610 hoc
2371 1570 2484 1610 uno
2511 1558 2964 1628 magnanimitate
2991 1573 3090 1612 sua
3117 1557 3388 1629 ﬂagitiose
3419 1563 3730 1628 utebantur,

2145 1647 2291 1718 quod
2343 1648 2545 1703 frustra
2599 1664 2724 1704 sese
2781 1649 3038 1714 invicem,
3089 1651 3246 1719 quasi
3295 1652 3502 1718 hostes,
3550 1655 3734 1725 ﬂagris

2146 1740 2586 1804 conscinderent,
2631 1756 2696 1795 ac
2719 1756 2816 1812 per
2867 1743 3181 1812 hujusmodi
3234 1760 3324 1801 res
3367 1757 3581 1816 gratum
3621 1734 3730 1803 Deo

545 1843 664 1896 Col.
681 1813 788 1898 538
890 1843 1006 1901 Nec
1029 1813 1348 1911 meretricia,
1369 1856 1472 1900 etc.
1499 1845 1731 1917 Fingunt
1747 1813 1920 1919 pvoetze
1938 1848 2007 1902 Sa
2029 1876 2037 1886 -

2149 1832 2355 1886 cultum
2390 1847 2514 1888 sese
2545 1833 2806 1888 exhibere
2845 1835 3244 1891 arbitrarentur
3283 1855 3298 1892 :
3332 1813 3456 1894 cum
3507 1839 3650 1895 lenis
3678 1851 3733 1896 ct

453 1943 676 1988 turnum
689 1936 954 1991 adversus
969 1937 1177 1994 leum
1197 1948 1402 2008 patrem
1422 1939 1732 2005 rebellasse,
1753 1952 2043 2009 partesque

453 2027 630 2097 ipsius
669 2027 951 2098 pudendas
1001 2029 1297 2092 excidisse,
1353 2038 1520 2098 atque
1572 2028 1627 2083 in
1679 2044 1832 2085 mare
1863 2031 2044 2100 proje-

452 2121 639 2186 cisse,
698 2121 1043 2192 fructuumque
1101 2122 1325 2176 obsceni
1390 2123 1536 2177 illius
1595 2123 1824 2177 membri
1879 2135 2043 2193 atque

455 2210 791 2266 cxsectionis
839 2209 1105 2266 Venerem
1153 2212 1449 2267 exstitisse.
1511 2214 1690 2282 Atque
1735 2213 1838 2267 hoc
1881 2215 2043 2266 modo

457 2303 575 2372 ipsa
629 2303 860 2372 turpiter
924 2302 1202 2373 progenita
1262 2313 1367 2360 est.
1429 2301 1753 2374 Rursusque
1815 2305 2044 2374 turpiter

457 2393 778 2445 honoratur.
810 2406 911 2460 per
965 2393 1267 2460 flagitiosos
1313 2393 1636 2448 concubitus
1674 2403 1837 2463 atque
1879 2410 2043 2450 exse-

454 2481 663 2536 cranda
706 2485 984 2554 mysteria.
1031 2482 1151 2537 Iam
1199 2498 1328 2537 vero
1365 2498 1490 2538 cum
1527 2483 1773 2539 Bacchus
1805 2485 1872 2538 ad
1903 2485 2040 2539 infe-

457 2591 548 2630 ros
599 2577 932 2632 descendere
982 2587 1226 2646 cuperet,
1283 2578 1494 2647 iterque
1549 2577 1844 2646 ignoraret,
1905 2580 2039 2634 ado-

457 2666 672 2721 lescens
700 2667 922 2736 quidam
952 2665 1293 2741 Prosymuus
1328 2669 1551 2722 nomine
1583 2667 1688 2722 hac
1729 2669 2041 2724 conditione

457 2758 599 2812 viam
628 2761 676 2812 ei
702 2759 1071 2814 indicaturum
1101 2775 1160 2814 se
1191 2760 1469 2832 pollicitus
1495 2770 1599 2823 est,
1629 2761 1676 2815 si
1707 2775 1805 2830 pro
1829 2762 2041 2820 itineris

453 2851 872 2904 corrunonstrati
923 2852 1168 2920 praemio,
1225 2850 1476 2920 corporis
1529 2851 1615 2904 sui
1667 2853 1882 2920 copiam
1937 2853 2038 2922 ipsi

456 2939 683 2996 faceret.
752 2941 848 2996 Ille
915 2956 1044 2996 vero
1095 2957 1154 2997 se
1201 2957 1402 3012 corpus
1447 2957 1608 2997 suum
1640 2944 1708 2996 ad
1755 2943 2036 2999 libidinem

459 3033 562 3104 ipsi
612 3036 1008 3104 permissurum
1072 3037 1297 3106 recepit,
1349 3038 1395 3091 si
1452 3037 1522 3091 ab
1573 3037 1762 3092 inferis
1814 3037 2036 3093 rediret.

2144 1925 2386 1980 clemens
2443 1928 2516 1981 sit
2569 1942 2734 1981 verus
2765 1925 2932 1991 Deus,
2987 1943 3090 1984 nec
3141 1944 3343 1986 cruore
3395 1932 3729 1988 delectetur.

2143 2017 2322 2088 Atque
2379 2015 2544 2081 etiam
2607 2019 2748 2074 citra
2807 2033 3026 2074 omnem
3081 2022 3470 2076 verecundiam
3527 2038 3732 2093 corpus

2142 2110 2489 2180 detegebant,
2547 2110 2960 2180 impudentique
3018 2114 3320 2183 petulantia
3379 2115 3732 2170 nudabantur

2145 2198 2422 2271 Spartani,
2481 2201 2672 2273 sicque
2725 2201 2779 2256 in
2833 2203 3078 2258 omnium
3133 2204 3305 2258 oculis
3361 2205 3733 2266 caedebantur.

2143 2295 2309 2364 Atqui
2336 2295 2459 2350 talis
2492 2293 2794 2349 deuudatio
2819 2309 3014 2365 parum
3038 2295 3234 2350 decora
3263 2305 3320 2352 et
3353 2297 3585 2353 honesta
3619 2301 3731 2353 vir-

2142 2389 2254 2460 gini
2283 2389 2453 2445 videri
2475 2399 2675 2458 posset.
2698 2390 2967 2456 Quocirca
2999 2393 3044 2446 si
3063 2391 3286 2446 Dianam
3313 2391 3389 2447 illi
3419 2393 3474 2447 in
3499 2393 3727 2450 dearum

2143 2495 2371 2535 numero
2407 2483 2698 2546 habebant,
2757 2497 2822 2537 ac
2852 2482 3079 2550 proinde
3112 2483 3290 2538 lenem
3340 2485 3731 2557 hominumque

2142 2581 2420 2627 amantem
2469 2574 2883 2638 existimabant,
2940 2589 3184 2644 quonam
3221 2575 3389 2632 modo
3443 2579 3725 2648 sanguinis

2142 2663 2458 2734 profusione
2512 2680 2633 2720 eam
2673 2666 2956 2733 delectari,
3001 2680 3068 2720 ac
3123 2667 3224 2724 rite
3257 2668 3367 2723 coli
3422 2669 3728 2739 putabant?

2143 2756 2354 2812 Rursus
2383 2758 2430 2813 si
2479 2758 2745 2828 virginem
2775 2773 2898 2814 esse
2923 2757 3240 2826 credebant,
3287 2775 3390 2816 cur
3439 2761 3723 2816 obscenis.

2143 2848 2282 2902 sime
2310 2847 2779 2903 denudabantur?
2828 2848 2962 2904 Nam
3005 2849 3169 2905 iidem
3211 2859 3268 2906 et
3311 2851 3594 2907 mollitiem
3626 2854 3728 2907 ho-

2145 2941 2266 2993 nori
2331 2939 2671 3003 habuerunt,
2732 2939 2988 3012 Syssitia,
3042 2942 3147 2997 hoc
3198 2951 3305 3007 est,
3349 2944 3569 3013 publica
3597 2960 3730 2999 cnn-

2143 3033 2285 3086 vivia
2339 3033 2714 3098 celebrantes,
2775 3033 2830 3088 in
2882 3034 3084 3103 quibus
3136 3032 3298 3089 foedis
3354 3037 3727 3105 voluptatibus

457 3127 734 3183 Reversus
781 3128 945 3198 igitur
991 3143 1114 3182 cum
1172 3126 1534 3198 Prosymnum
1580 3144 1688 3184 non
1740 3129 2106 3213 invenissetc
2147 3123 2464 3189 ulebaﬂlu'.
2556 3125 2844 3194 turpiaque
2899 3113 3134 3194 ﬂagitia.
3193 3135 3258 3179 θι-
3326 3124 3616 3191 ΐεοίεδδυι.
3673 3135 3730 3182 et

455 3217 724 3290 (extremo
752 3222 896 3274 enim
930 3220 1054 3274 vita:
1078 3220 1168 3274 die
1207 3221 1528 3289 perfunctus
1561 3223 1700 3287 erat)
1745 3220 2035 3276 ficulneum

458 3328 673 3365 ramum
735 3313 980 3366 excisum
1053 3311 1106 3366 in
1170 3313 1424 3381 genitalis
1487 3314 1716 3370 membri
1798 3313 2034 3369 formam

455 3404 682 3475 ellingit,
737 3421 802 3459 ac
852 3420 1008 3459 ramo
1045 3404 1266 3459 insidet.
1300 3404 1374 3457 Ita
1403 3405 1658 3474 promissi
1697 3406 1855 3460 fidem
1890 3423 2040 3461 mor-

456 3508 554 3551 tuo
596 3507 836 3565 prazstat.
875 3497 936 3552 In
989 3497 1152 3565 hujus
1184 3496 1368 3565 flagitii
1418 3508 1828 3552 monumentum
1864 3498 2039 3556 Phalli

456 3606 552 3660 per
584 3590 747 3643 urbes
777 3587 1036 3658 Dionysio
1066 3589 1441 3656 erigebantur.
1494 3587 1666 3642 Phalli
1702 3600 1881 3644 autem
1911 3599 2042 3647 sunt

458 3683 723 3751 genitales
751 3671 955 3752 partes,
1004 3696 1126 3751 quae
1167 3682 1332 3734 etiam
1365 3682 1493 3751 ipsa:
1523 3681 1811 3753 Ithypballi
1843 3683 2038 3738 dicun-

458 3787 564 3840 tur,
594 3778 736 3846 quod
772 3789 931 3831 reetae
958 3791 1022 3831 ac
1048 3775 1234 3846 rigida:
1265 3777 1574 3829 tendantur.

528 3870 650 3926 Col.
683 3870 901 3924 559.A.
959 3868 1072 3923 Nec
1121 3868 1422 3922 Taurorum
1473 3871 1682 3941 feritas,
1730 3879 1836 3925 etc.
1899 3868 2035 3925 Cum

455 3960 884 4030 GmciJ‘rojam
941 3959 1156 4015 infestis
1213 3961 1382 4015 armis
1435 3969 1718 4030 peterent,
1767 3973 1932 4030 atque
1981 3963 2035 4015 in

458 4053 690 4117 Aulide,
754 4053 847 4120 qui
902 4052 1123 4106 Boeotiae
1171 4052 1320 4105 locus
1393 4061 1510 4116 est,
1589 4067 1714 4106 cum
1781 4055 2040 4113 omnibus

457 4147 632 4213 copiis
667 4144 883 4199 collecti
929 4155 1134 4207 essent,
1189 4152 1335 4196 tanta
1390 4143 1679 4211 navigandi
1739 4145 2039 4199 incommo—

459 4239 602 4292 ditas
632 4254 660 4290 a
699 4236 868 4291 Diana
904 4236 1148 4290 immissa
1199 4245 1304 4302 est,
1341 4246 1397 4289 ut
1441 4238 1620 4290 omnis
1653 4252 1843 4292 eorum
1881 4252 2039 4290 exer-

457 4333 604 4386 citus
633 4331 746 4384 illic
777 4331 1133 4383 detineretur.
1177 4328 1324 4383 llanc
1349 4338 1532 4384 autem
1581 4330 1652 4384 ob
1682 4345 1904 4384 causam
1956 4330 2036 4384 ira

459 4435 726 4477 succensa
769 4428 910 4485 erat,
945 4420 1090 4489 quod
1120 4422 1518 4490 Agamemnon,
1570 4435 1694 4474 cum
1729 4437 1948 4476 cervum
1982 4423 2034 4475 in

2144 3219 2534 3291 patiebantur,
2620 3236 3026 3292 puerorumque
3108 3235 3266 3276 amor
3320 3221 3463 3290 apud
3519 3237 3616 3278 eos
3672 3226 3724 3275 in

2143 3327 2362 3368 summo
2394 3313 2570 3383 pretio
2621 3321 2675 3367 et
2705 3314 3184 3368 commendatione
3223 3325 3340 3369 erat
3377 3333 3391 3369 :
3428 3324 3482 3369 et
3513 3317 3726 3370 ceteris

2143 3405 2198 3460 in
2233 3407 2401 3461 rebus
2433 3407 2678 3460 audaciae
2704 3405 2940 3476 insignis
2968 3417 3288 3476 argumenta
3338 3407 3564 3473 dabant,
3615 3409 3725 3462 sic-

2143 3512 2250 3566 que
2307 3497 2359 3552 iu
2432 3498 2745 3552 contrarios
2796 3498 3025 3554 aﬂectus
3077 3497 3414 3554 incidebant.
3484 3499 3724 3554 Audacia

2141 3592 2284 3644 enim
2311 3603 2364 3645 et
2396 3591 2651 3646 mollities
2691 3607 2754 3645 ex
2793 3591 3061 3646 diametro
3092 3591 3232 3644 inter
3267 3606 3327 3646 se
3367 3601 3626 3662 pugnant.

2213 3685 2347 3740 Ibid.
2387 3683 2519 3753 .Jam
2574 3684 2788 3753 Pelopis
2840 3683 3273 3746 dilaniationem,
3310 3692 3418 3738 etc.
3461 3684 3723 3739 Tantalus

2139 3774 2295 3831 Iovis
2335 3777 2480 3831 filius
2511 3777 2644 3831 deos
2674 3776 2950 3846 quondam
2998 3776 3233 3844 hospitio
3278 3777 3555 3846 accepisse
3589 3777 3727 3832 dici-

2143 3880 2249 3934 tur,
2285 3867 2570 3938 llliumque
2602 3867 2856 3936 l’el0pem
2896 3875 3194 3923 mactatum
3223 3883 3289 3922 ac
3315 3866 3542 3923 ferventi
3583 3882 3723 3937 aqua

2141 3968 2357 4014 coctum
2409 3958 2544 4026 ipszs
2594 3957 2962 4026 apposuisse:
3002 3971 3107 4010 eos
3143 3968 3350 4021 autem,
3385 3974 3587 4014 novum
3621 3959 3724 4013 ho-

2141 4051 2455 4120 spitalitatis
2499 4065 2672 4121 genus
2727 4051 3068 4114 aalmiratos,
3117 4049 3372 4120 Pelopem
3430 4053 3498 4106 ad
3541 4052 3722 4108 vitam

2141 4161 2430 4202 revocasse
2464 4165 2477 4200 :
2509 4154 2565 4200 et
2605 4145 2736 4214 quia
2771 4144 2885 4198 sola
2919 4143 3086 4199 Ceres
3128 4145 3341 4200 humeri
3379 4157 3583 4216 partem
3615 4162 3724 4200 co-

2142 4243 2406 4306 mederat,
2473 4248 2684 4309 partem
2731 4238 2880 4291 illam
2929 4251 3152 4292 exesam
3207 4238 3507 4294 eburneam
3564 4255 3725 4309 repoo

2142 4333 2345 4397 suisse,
2379 4345 2543 4400 atque
2594 4332 2668 4384 ita
2704 4329 2992 4398 Pel0pidas
3021 4331 3090 4382 ah
3121 4345 3188 4383 eo
3220 4331 3487 4386 oriundos
3531 4333 3722 4387 hume-

2144 4438 2264 4478 rum
2298 4424 2600 4476 eburneum
2642 4421 2862 4473 habere.
2895 4419 3022 4473 Tria
3061 4420 3226 4489 igitur
3267 4421 3369 4475 hoc
3397 4422 3514 4474 loco
3550 4421 3728 4475 Theo-

457 4515 748 4567 venatione
798 4513 905 4567 telo
959 4512 1306 4574 confecisset,
1333 4513 1547 4583 gloriari
1587 4529 1756 4568 ausus
1808 4524 1914 4578 est,
1969 4529 2038 4568 ne
2070 4509 2116 4564 D
2148 4518 2302 4584 lngus
2335 4515 2588 4584 suggillat
2633 4524 2687 4566 et
2739 4511 3056 4576 insectatur,
3102 4512 3330 4566 deorum
3393 4513 3613 4579 famem,
3670 4524 3731 4571 ut

459 4605 632 4674 ipsam
663 4605 880 4674 quidem
930 4606 1150 4659 Dianam
1205 4607 1318 4674 pari
1354 4606 1676 4660 dexteritate
1705 4609 1870 4660 telum
1905 4607 2041 4662 mis-

461 4713 645 4751 suram
677 4696 869 4753 fuisse.
923 4697 1060 4752 Cum
1106 4707 1286 4751 autem
1321 4697 1690 4753 imalescente
1721 4707 2043 4768 tempestate

460 4791 746 4845 oraculum
820 4791 1225 4855 consulerent,
1300 4804 1637 4858 causamque
1720 4789 1882 4858 hujus
1963 4792 2039 4844 rei

461 4885 917 4948 sciscitarentur,
985 4896 1311 4952 responsum
1377 4882 1690 4950 accipiunt,
1757 4897 2040 4951 nunquam

461 4975 592 5027 mali
633 4974 793 5040 hujus
840 4972 1000 5026 finem
1052 4974 1480 5043 exspectandum
1534 4988 1680 5037 esse,
1740 4975 1844 5028 nisi
1897 4975 2043 5044 Aga-

465 5080 722 5120 memnon
760 5065 881 5118 lilia:
905 5081 1021 5119 sua:
1051 5067 1197 5119 caede
1227 5063 1456 5118 Dianam
1493 5064 1753 5132 placaret.
1811 5063 2043 5120 Persua-

464 5171 564 5211 sus
619 5157 782 5221 igitur
842 5158 1219 5226 Agamemnon
1266 5156 1434 5208 tiliam
1486 5169 1642 5208 suam
1707 5155 2041 5226 Iphigeniam

465 5247 649 5302 Dianae
698 5249 1040 5301 mactandam
1089 5247 1257 5301 sistit.
1307 5245 1475 5300 Diana
1527 5257 1710 5300 autem
1752 5249 2040 5318 virginem,

467 5341 616 5394 necis
651 5341 892 5410 periculo
926 5349 1190 5408 ereptam,
1238 5339 1303 5391 ad
1366 5337 1578 5393 Tauros
1604 5339 1787 5394 emisit
1850 5341 2041 5411 (Tauri

465 5448 647 5489 autem
697 5436 750 5488 in
789 5433 999 5487 Boreali
1051 5443 1204 5501 parte
1249 5441 1303 5484 et
1354 5428 1604 5502 Scythica
1644 5432 1912 5497 habitant,
1953 5433 2043 5486 ubi

468 5526 651 5579 Diana:
699 5525 985 5580 delubrum
1041 5523 1167 5591 est),
1202 5537 1263 5576 ac
1307 5538 1403 5591 pro
1458 5523 1666 5592 virgine
1710 5539 1929 5576 cervum
1977 5525 2044 5577 ad

466 5621 667 5672 czcdem
702 5615 1004 5670 substituit.
1038 5616 1117 5668 Ad
1152 5615 1299 5668 hunc
1330 5616 1492 5682 igitur
1516 5617 1734 5669 modum
1767 5614 2040 5685 Iphigenia

470 5711 610 5777 apud
643 5709 1048 5778 Tauroscylhas
1095 5709 1351 5762 sacerdos
1405 5709 1584 5761 Dianm
1633 5708 1884 5762 instituta
1935 5718 2040 5774 est,

468 5814 626 5866 atque
676 5814 868 5852 omnes
915 5798 1153 5854 Graecos,
1201 5798 1292 5865 qui
1323 5798 1717 5868 peregrinando
1741 5800 1805 5854 ad
1832 5815 1893 5854 ea
1924 5801 1936 5852 l
1967 5816 2040 5852 ιω

2145 4609 2250 4663 diis
2276 4608 2586 4677 indignam;
2616 4603 2831 4658 Tantali
2863 4605 3310 4670 hospitalitatem,
3343 4613 3404 4658 ut
3433 4605 3726 4659 immanem

2144 4710 2198 4756 et
2226 4700 2539 4762 crudelem;
2569 4698 2795 4752 deorum
2830 4696 3276 4765 approbationem
3324 4705 3488 4763 atque
3523 4697 3730 4751 admis-

2149 4794 2382 4856 sionem,
2420 4801 2479 4844 ut
2528 4789 2952 4844 inhumanitatis
2986 4789 3226 4857 plenam,
3282 4798 3467 4857 utpote
3497 4792 3589 4859 qui
3623 4793 3718 4844 hu-

2140 4884 2381 4957 jusmodi
2414 4884 2592 4951 epulis
2631 4882 2863 4936 libenter
2890 4884 3296 4949 exciperentur.

2217 4976 2351 5031 Ibid.
2395 4974 2512 5040 Quo
2555 4975 2679 5027 item
2721 4972 2837 5027 loco
2883 4972 3148 5026 horrenda
3189 4981 3240 5024 et
3288 4971 3583 5042 caliginosa
3619 4971 3730 5028 He-

2145 5079 2278 5122 catw
2331 5078 2580 5136 spectra,
2635 5073 2740 5117 etc.
2801 5064 3038 5116 Hecaten
3084 5061 3304 5131 quidam
3359 5061 3545 5114 lunam
3601 5077 3726 5116 esse

2146 5161 2302 5214 aiunt
2335 5173 2350 5210 :
2386 5155 2630 5210 nonnulli
2655 5155 2816 5207 aliam
2864 5153 3022 5206 deam
3050 5163 3214 5207 noctu
3258 5153 3726 5216 obambulantem,

2147 5251 2364 5306 leonum
2393 5263 2557 5303 curru
2585 5255 2814 5309 vectam,
2849 5260 2911 5298 ac
2937 5242 3285 5312 serpentibus
3315 5251 3370 5295 et
3393 5241 3727 5296 draconibus

2149 5344 2390 5415 nudique
2419 5342 2682 5405 cinctam,
2716 5347 2883 5407 atque
2907 5334 3210 5390 horremlas
3239 5333 3509 5402 quasdam
3542 5348 3726 5387 rerum

2147 5433 2358 5501 species
2385 5429 2754 5499 objicientem,
2798 5439 2993 5494 nempe
3045 5423 3296 5477 homines
3335 5424 3603 5493 quosdam
3640 5423 3730 5478 iu-

2146 5527 2345 5580 usitata
2400 5521 2779 5593 magnitudine
2817 5520 2995 5588 capita
3055 5518 3354 5572 draconum
3413 5518 3725 5572 habentes:

2146 5619 2283 5672 adeo
2311 5624 2370 5670 ut
2401 5615 2708 5684 permultos
2751 5613 2943 5664 barum
2977 5624 3158 5664 rerum
3189 5618 3417 5677 aspectu
3452 5617 3728 5678 perterre-

2148 5709 2319 5765 factos
2361 5709 2414 5761 in
2450 5707 2689 5761 furorem
2735 5713 2904 5772 atque
2955 5702 3228 5755 insaniam
3280 5711 3424 5770 agat.
3476 5699 3728 5770 'I‘rophoo

2148 5805 2270 5857 nius
2299 5811 2480 5856 autem
2515 5810 2684 5866 vates,
2721 5798 2910 5867 gloria:
2957 5795 3256 5868 cupiditate
3285 5795 3561 5862 incensus,
3597 5809 3722 5850 cum
