4100 6478
350 423 482 486 1221

1265 411 1584 475 NICETAS
1623 411 1702 472 IN
1744 409 1966 470 ORA'I‘.
2013 404 2260 467 XXXIX
2301 405 2362 463 S.
2404 400 2634 462 GREG.

3468 395 3606 461 1222

352 532 444 585 ln-i
477 525 792 598 opinionem
847 523 990 594 apud
1029 522 1277 578 homines
1307 523 1410 577 sibi
1461 521 1718 591 colligere
1764 533 1931 589 eupe—
1955 519 2003 582 Α
2035 515 2269 570 fortasse
2300 513 2584 567 hominum
2615 523 2796 563 mores
2824 506 3132 576 designant,
3163 507 3362 564 stuitos
3385 510 3603 580 quidem

353 632 456 681 ret.
489 623 542 674 in
570 619 986 673 subterraneam
1012 617 1303 685 quamdam
1338 630 1560 680 specum
1591 629 1651 668 se
1685 613 1926 676 inclusit,

354 715 542 783 ibique
575 711 740 764 vitam
785 709 968 762 liniit:
1003 719 1062 762 ut
1104 717 1458 777 posteaquam
1517 707 1769 760 inventus
1821 719 1928 758 non

354 814 524 868 esset,
555 803 609 855 in
640 801 838 856 coelum
867 801 1122 868 abreptus
1147 807 1456 867 putaretur.
1494 796 1716 851 Dmmon
1749 806 1929 849 autem

356 896 579 966 quidam
614 907 836 962 specum
869 893 1169 960 ingressus,
1205 901 1366 959 atque
1413 889 1466 943 in
1504 903 1566 942 ea
1595 888 1931 943 domicilium

359 985 466 1039 si..i
501 983 861 1046 constituens,
896 982 1145 1035 homines
1187 979 1427 1044 fallebat,
1462 978 1834 1047 'I‘rophonium
1876 992 1936 1032 se

358 1093 482 1130 esse
513 1076 788 1128 mentiens
819 1093 833 1127 :
869 1082 1034 1142 atque
1055 1072 1274 1125 oracula
1309 1071 1522 1126 edebat.
1561 1071 1716 1126 Unde
1745 1073 1933 1136 etiam,

357 1170 457 1240 qui
490 1169 544 1221 in
580 1168 999 1221 subterraneum
1034 1165 1166 1218 illttd
1214 1174 1430 1218 autrttm
1468 1179 1526 1218 se
1555 1165 1934 1224 conferebant,

361 1259 627 1313 nonnulla
667 1256 885 1326 quidem
914 1255 1133 1310 oracula
1176 1255 1484 1309 referebant
1515 1272 1528 1307 :
1557 1265 1813 1307 Caeterum
1851 1267 1940 1306 re-

363 1355 518 1420 liquo
552 1351 698 1404 omni
726 1351 848 1401 vitae
877 1356 1120 1416 tempore
1142 1346 1328 1399 tristes
1360 1345 1770 1414 permanebant,
1804 1343 1934 1412 quia

367 1461 399 1500 a
437 1445 688 1497 dzemone
741 1441 891 1494 illusi
937 1438 1173 1493 fuerant.
1213 1435 1332 1490 Iam
1367 1451 1510 1502 .vero
1568 1438 1618 1488 in
1673 1433 1940 1489 Dodontea

365 1535 590 1586 civitate
617 1543 854 1600 quercus
885 1536 1003 1581 erat
1037 1527 1189 1580 mira!
1221 1525 1563 1594 proceritatis
1610 1539 1673 1578 ac
1701 1523 1944 1594 pulchri-

369 1624 599 1686 tudinis,
634 1635 796 1690 quam
837 1619 1049 1674 damon
1095 1618 1427 1679 inhabitans,
1463 1618 1735 1686 garrulam
1766 1617 1944 1670 fatidi-

369 1729 604 1783 camque
643 1713 926 1767 reddebat.
961 1711 1019 1766 In
1043 1709 1262 1779 Delphis
1302 1718 1503 1775 autem,
1538 1708 1760 1764 Graeciae
1787 1712 1944 1773 urbe,

372 1805 657 1877 Apollonis
695 1803 957 1872 templum
991 1810 1130 1866 erat,
1168 1815 1232 1854 ac
1272 1801 1442 1870 tripes
1491 1815 1676 1855 tenens
1706 1800 1942 1870 ph’alam

2032 618 2086 662 et
2112 606 2390 664 vecordes.
2424 617 2520 669 per
2553 617 2636 664 ea,
2680 615 2801 670 quae
2831 600 3012 652 anima
3042 607 3251 662 carent,
3289 600 3609 669 signiﬁcan-

2033 705 2114 752 tes
2145 715 2158 750 :
2194 711 2287 765 per
2320 694 2464 748 feras
2498 703 2702 755 autem,
2735 691 2987 745 crudeles
3015 689 3268 744 homines
3301 691 3611 761 intelligen-

2036 802 2115 842 tes
2165 803 2350 858 :quos
2404 801 2598 841 0'nnes
2652 784 2879 838 canendi
2929 796 3047 836 arte
3096 783 3446 852 pertrahcbat
3503 784 3612 839 0r-

2035 881 2230 950 pbens,
2266 889 2322 933 ut
2354 879 2527 932 Graeci
2556 877 2786 946 ﬁngunt.

2109 973 2243 1027 lbi-l.
2297 969 2402 1024 Nec
2455 968 2662 1022 Milo-a2
2715 967 2927 1036 justum.
2977 966 3227 1020 adversus
3283 981 3368 1018 eos
3405 966 3610 1032 supplic

2037 1079 2200 1124 (tum,
2241 1063 2354 1131 qui,
2392 1071 2497 1113 etc.
2561 1058 2812 1111 Mithram
2859 1056 3106 1109 n-utnulli
3158 1057 3327 1110 solem
3373 1071 3492 1109 esse
3521 1055 3609 1108 di-

2037 1164 2185 1206 cunt.
2227 1151 2362 1206 IIuic
2393 1152 2529 1202 testa
2564 1147 2984 1216 peragebantur,
3014 1160 3075 1198 ac
3119 1145 3418 1214 praesertim
3465 1146 3607 1212 apud

2039 1242 2344 1296 Chaldaeos.
2375 1240 2454 1292 Illi
2506 1247 2709 1303 autem,
2757 1237 2849 1306 qui
2897 1237 3062 1304 hujns
3097 1236 3277 1291 sacris
3328 1237 3608 1291 imbucndi

2039 1341 2214 1397 erant,
2270 1347 2367 1402 per
2427 1331 2713 1385 duodecim
2763 1329 3152 1399 suppliciorum
3203 1344 3401 1399 genera
3446 1328 3612 1383 duce-

2044 1424 2268 1486 bantur,
2306 1437 2496 1492 m-mpe
2529 1437 2623 1491 per
2653 1420 2874 1485 famem,
2911 1435 3007 1490 per
3047 1421 3249 1490 ignem,
3282 1435 3379 1490 per
3415 1418 3608 1488 frigus,

2044 1531 2140 1586 per
2180 1515 2428 1579 verbera,
2473 1515 2720 1583 aliosque
2754 1513 2918 1583 hujus
2959 1514 3174 1584 generis
3217 1515 3488 1567 cruciatus
3521 1515 3612 1582 ju-

2045 1619 2185 1664 stam
2244 1615 2426 1662 autem
2489 1607 2801 1677 hujusmodi
2855 1621 3071 1676 poenam
3104 1605 3242 1660 dixit
3279 1605 3610 1677 Theologus,

2046 1704 2190 1768 quod
2231 1700 2317 1754 his
2371 1699 2654 1770 suppliciis
2703 1701 2900 1753 tnerito
2949 1699 3313 1764 adicerentur,
3359 1701 3449 1769 qui
3491 1700 3616 1754 tali-

2053 1796 2154 1851 bus
2211 1795 2378 1850 rebus
2427 1794 2586 1848 ildem
2639 1793 2922 1856 haberent,
2958 1800 3018 1848 ut
3059 1791 3361 1846 mercedem
3415 1793 3619 1849 erroris

375 1865 694 1960 maximam,
721 1909 956 1964 eamque
979 1907 1186 1947 aeneam
1217 1901 1467 1962 portans,
1502 1891 1554 1946 in
1584 1892 1741 1962 cujus
1770 1892 1948 1948 medio
1977 1865 2020 1921 Β
2051 1887 2120 1940 ab
2151 1886 2307 1955 ipsis,
2344 1899 2577 1955 quorum
2609 1883 2779 1938 cultui
2806 1898 2865 1938 se
2897 1883 3258 1949 addixissent,
3287 1883 3615 1953 acciperent,
3641 1877 3648 1880 ’

381 1985 595 2040 cochlea
629 1999 778 2038 aenea
813 1992 1034 2052 pertusa
1069 1991 1251 2035 erecta
1299 1991 1436 2045 erat,
1476 1996 1542 2036 es
1573 1997 1678 2051 qua
1726 1983 1947 2036 oracula

382 2075 697 2131 edebantur.
731 2073 804 2128 Ea
839 2088 1002 2143 porro
1027 2072 1370 2142 σοφίσματα,
1403 2072 1454 2126 id
1483 2080 1586 2137 est,
1617 2073 1951 2141 imposturas

381 2177 548 2236 atque
583 2165 908 2235 praestigias,
941 2163 1254 2234 Theologus
1283 2161 1519 2229 vocavit,
1552 2172 1740 2232 utpote
1767 2164 1949 2219 dubiis

379 2265 544 2324 atque
575 2253 799 2308 incertis
852 2253 1132 2320 responsis
1165 2251 1415 2306 homines
1446 2252 1684 2307 fallentia
1714 2262 1768 2306 et
1794 2253 1952 2308 delu-

377 2345 584 2401 dentia.
628 2343 902 2399 Castalius
935 2343 1173 2412 denique
1222 2342 1345 2397 fons
1395 2351 1482 2398 est
1538 2343 1591 2397 in
1638 2344 1950 2414 Antiochia,

384 2437 482 2506 qui
515 2451 641 2491 cum
667 2435 904 2490 stridore
946 2441 1112 2502 atque
1136 2435 1340 2504 impetu
1371 2445 1426 2488 et
1459 2433 1588 2490 ﬂatu
1627 2436 1848 2502 labitur,
1889 2453 1956 2491 ex

378 2543 493 2600 quo
525 2528 620 2596 qui
655 2527 936 2591 bibebant,
968 2527 1014 2580 si
1057 2527 1346 2594 strepitum
1387 2525 1710 2592 audiissent,
1750 2527 1956 2582 daemo-

383 2619 472 2674 nis
499 2616 681 2672 alIIatu
712 2616 893 2671 lutura
929 2616 1317 2686 praedicebaut.
1353 2614 1479 2671 Ilaec
1508 2626 1690 2672 autem
1735 2619 1957 2674 oracula

389 2710 455 2764 de
503 2707 784 2762 nonnullis
832 2706 1053 2776 quidem
1107 2707 1232 2762 aliis
1283 2706 1448 2760 rebus
1503 2707 1793 2762 vaticinari
1843 2709 1957 2763 visa

390 2808 521 2855 sunt
551 2816 565 2852 :
597 2814 784 2852 verum
819 2801 922 2852 hoc
973 2813 1140 2853 unum
1173 2797 1248 2869 (6)
1277 2799 1570 2867 praedicere
1618 2813 1725 2853 nou
1765 2810 1958 2869 potue-

390 2900 538 2954 runt,
578 2891 692 2945 fore
743 2898 800 2944 ut
839 2889 1046 2944 Christi
1099 2891 1354 2961 potentia:
1395 2891 1671 2957 cederent,
1708 2900 1872 2961 atque
1906 2892 1958 2946 in

387 2993 708 3054 perpetuum
744 2981 985 3036 silerent.

462 3073 581 3128 Col.
628 3073 754 3128 559.
800 3073 861 3124 Β.
937 3069 1045 3125 Nec
1100 3070 1377 3142 Magorum
1431 3088 1520 3126 ars
1583 3073 1958 3142 sacriﬁcandi,

2048 1979 2178 2034 dum
2212 1981 2282 2033 ab
2325 1978 2434 2032 illis
2465 1978 2539 2030 ita
2577 1976 3049 2030 excruciarentur.

2126 2069 2263 2123 Ibid.
2304 2067 2418 2122 Nec
2455 2067 2706 2130 Osiridis,
2753 2075 2860 2122 etc.
2904 2065 3075 2120 Osiris
3095 2073 3150 2120 et
3175 2062 3419 2136 'I‘yphus,
3455 2063 3621 2119 utfa-

2055 2162 2310 2216 bulantur
2347 2159 2609 2231 Egyptii,
2657 2157 2917 2212 contrarii
2959 2157 3102 2211 inter
3161 2172 3220 2212 se
3245 2158 3321 2211 dii
3366 2166 3516 2220 sunt,
3557 2172 3621 2212 ac

2055 2252 2282 2324 Typhus
2317 2250 2592 2306 Osiridem
2638 2249 2950 2319 discerpsit.
2982 2248 3040 2302 In
3093 2249 3250 2318 cujus
3293 2249 3624 2302 calamitatis

2059 2343 2377 2398 memoriam
2425 2341 2665 2413 Egyplii
2697 2341 2895 2396 festum
2939 2349 3260 2411 peragentes
3301 2341 3508 2409 seipsos
3541 2340 3626 2394 la-

2058 2441 2248 2489 cerant
2275 2471 2291 2497 ,
2342 2441 2508 2501 atque
2555 2433 2782 2486 honoris
2810 2432 2984 2500 ipsius
3023 2444 3189 2485 causa
3239 2430 3292 2484 itt
3321 2430 3466 2484 luctu
3507 2446 3629 2485 ver-

2058 2534 2268 2582 santur.
2301 2523 2536 2578 Osiridis
2565 2532 2747 2579 autem
2789 2522 3040 2586 historia,
3073 2537 3169 2577 seu
3199 2524 3382 2591 potius
3417 2520 3623 2589 fabula,

2060 2616 2182 2672 talis
2202 2625 2306 2670 est.
2339 2613 2579 2684 Jupiter,
2601 2613 2833 2685 virginis
2860 2613 3174 2683 cujusdam,
3201 2615 3358 2670 Isidis
3381 2615 3626 2678 nomine,

2059 2720 2182 2777 qua:
2209 2715 2262 2758 et
2291 2704 2384 2758 lno
2423 2703 2644 2766 dicitur,
2694 2715 2882 2756 amore
2925 2709 3138 2765 captus,
3185 2715 3303 2756 eam
3340 2700 3394 2753 in
3432 2700 3626 2754 bovem

2062 2797 2326 2861 mutavit,
2387 2809 2457 2850 ne
2508 2794 2638 2863 quid
2700 2793 3018 2862 huiusmodi
3075 2790 3222 2847 Juno
3285 2792 3627 2847 rescisceret.

2061 2887 2264 2942 Verum
2302 2886 2392 2940 illa
2432 2900 2494 2939 re
2535 2893 2836 2952 comperta,
2871 2892 2924 2936 ct
2959 2882 3224 2953 zelotypia
3269 2882 3628 2942 inﬂammata,

2063 2991 2290 3037 (nstrum
2327 2978 2521 3048 puella:
2571 2977 2818 3040 immisit,
2868 2990 2976 3044 quo
3025 2975 3224 3044 percita
3281 2989 3373 3044 per
3410 2988 3630 3028 omnem

2065 3081 2266 3126 terram
2318 3079 2629 3140 vagaretur.
2674 3067 2792 3122 Jam
2851 3067 3188 3122 Mendesium
3235 3066 3452 3138 Egypti
3497 3065 3633 3119 urbs

395 3179 553 3236 atque
584 3181 649 3219 ea:
692 3166 1048 3229 victimarum,
1086 3172 1196 3218 etc.
1246 3163 1383 3235 Magi
1417 3179 1614 3236 genere
1646 3165 1783 3220 Medi
1813 3175 1959 3221 sunt.
1991 3193 2034 3253 ο
2067 3173 2173 3230 est,
2207 3164 2262 3218 in
2302 3178 2412 3235 qua
2445 3163 2631 3217 hircus
2657 3176 2756 3231 pro
2788 3161 2892 3214 deo
2925 3160 3250 3223 habebatur,
3280 3175 3342 3214 ac
3371 3156 3631 3211 Mendesii

399 3257 466 3311 Hi
503 3256 760 3310 animalia
798 3264 1101 3310 mactantes
1147 3256 1493 3322 excidebant,
1531 3265 1695 3327 atque
1741 3273 1804 3314 es
1830 3258 1966 3328 jeci-

397 3353 549 3402 noris
611 3346 804 3409 libris,
884 3344 1166 3413 ipsiusque
1220 3346 1503 3414 sanguinis
1573 3347 1858 3416 eruptione
1913 3353 1966 3400 et

395 3440 592 3502 forma,
639 3438 946 3492 futurorum
991 3437 1363 3505 conjecturam
1403 3437 1694 3493 faciebant.
1730 3439 1967 3493 Chaldaei

401 3542 581 3586 autem
633 3531 940 3599 astrtdogim
991 3544 1211 3598 operam
1264 3530 1492 3594 dabant,
1549 3541 1712 3600 atque
1762 3531 1816 3585 in
1867 3534 1971 3588 hac

401 3634 518 3677 arte
547 3636 761 3692 tempus
791 3621 1146 3690 studiumque
1178 3621 1492 3688 ponebant,
1525 3637 1645 3691 quas
1687 3622 1740 3674 in
1783 3623 1974 3677 obser-

401 3717 594 3769 vandis
632 3715 916 3769 hominum
963 3711 1236 3767 natalibus
1265 3722 1533 3778 versatur,
1563 3725 1729 3782 atque
1779 3713 1968 3768 eodem

403 3816 552 3859 tnotu
585 3821 696 3874 quo
739 3803 945 3866 sidera,
986 3818 1287 3873 eorumque
1319 3804 1522 3871 ﬁgurae,
1567 3805 1732 3858 vitam
1781 3818 1971 3858 eorum

404 3899 494 3965 qui
545 3906 862 3959 nascuntur,
900 3896 1028 3949 cieri
1083 3903 1321 3949 astrutt:
1355 3906 1518 3964 atque
1551 3904 1805 3959 eventus,
1831 3910 1972 3964 quos

405 3989 657 4042 homines
705 3988 1086 4057 experiuntur,
1138 3997 1416 4040 astrorum
1449 3987 1888 4042 connexionibus
1915 4002 1978 4042 ac

405 4078 539 4136 situi
593 4079 944 4144 respondere.
998 4078 1176 4145 Atque
1231 4092 1352 4131 eam
1398 4088 1567 4131 artem
1621 4079 1972 4147 profitentur,

408 4169 524 4240 qui,
553 4184 652 4223 nec
679 4171 810 4238 quid
867 4170 968 4239 ipsi
1007 4169 1139 4233 sint,
1176 4169 1356 4222 autin
1409 4179 1683 4238 posterum
1714 4170 1855 4224 diem
1891 4170 1979 4224 fu-

412 4261 516 4314 turi
567 4262 698 4323 sint,
729 4271 1068 4328 compertum
1105 4260 1325 4313 habent.
1355 4259 1506 4326 Quos
1539 4261 1701 4314 etiam
1743 4261 1980 4316 irridens

409 4351 595 4412 Isaias,
634 4349 831 4419 inquit,
877 4348 1052 4414 Sient,
1100 4367 1164 4403 ac
1204 4361 1406 4404 servent
1453 4361 1499 4404 te
1541 4351 1790 4421 astrologi
1819 4353 1936 4406 caeli
1961 4369 1980 4408 :

409 4443 498 4512 qui
527 4443 702 4494 sidera
725 4442 1074 4510 prospiciunt,
1107 4445 1405 4495 renuntient
1432 4442 1527 4494 tibi
1548 4444 1804 4512 quidnam
1827 4459 1984 4514 super

412 4545 462 4582 te
485 4542 761 4584 uenturum
799 4533 867 4585 sit
887 4533 928 4584 ³.

484 4622 624 4677 Ibid.
670 4623 780 4677 Nec
831 4622 1096 4680 Thracum
1119 4626 1272 4694 orgia
1308 4625 1419 4678 ha'c
1465 4634 1612 4690 sunt,
1649 4643 1683 4680 a
1714 4629 1899 4696 quibus
1936 4639 1985 4684 et

413 4715 747 4784 religionem,
805 4724 914 4770 etc.
971 4715 1141 4770 Primi
1191 4714 1433 4771 Thraces
1485 4718 1802 4787 religionem
1861 4734 1989 4788 erga

416 4808 545 4860 deos
582 4801 946 4860 invenerunt:
983 4807 1122 4862 unde
1149 4817 1203 4860 et
1232 4807 1525 4877 θρησκεία,
1558 4809 1609 4862 id
1634 4819 1741 4876 est,
1775 4811 1986 4880 religio,

420 4911 450 4950 a
505 4895 809 4951 Thracibus
864 4913 1062 4951 nomen
1119 4898 1291 4953 duxit.
1328 4896 1498 4954 Porro
1529 4900 1724 4983 ‘orgia.
1780 4900 1832 4955 id
1885 4910 1990 4964 est,

425 4987 684 5057 mysteria
734 4997 790 5042 et
835 5003 992 5043 sacra
1027 5004 1092 5044 ac
1125 4987 1261 5045 festa
1289 4988 1544 5060 Orpheus
1576 4992 1710 5061 ipsis
1739 4992 1982 5059 tradidit,

421 5094 586 5148 quem
627 5079 782 5132 aiunt
806 5081 1028 5135 musicae
1061 5088 1178 5134 arte
1210 5081 1534 5136 instructum
1567 5093 1620 5136 et
1653 5083 1858 5137 cithara
1898 5099 1989 5138 ca-

427 5177 668 5233 nentem,
704 5179 817 5222 tum
852 5185 941 5223 res
971 5170 1149 5223 anima
1182 5180 1432 5225 carentes
1467 5170 1844 5240 permulsisse,
1873 5180 1988 5226 tum

425 5259 706 5316 furentum
747 5261 1043 5317 bestiarum
1087 5263 1294 5317 rabiem
1349 5263 1745 5333 consopivisse.
1781 5262 1840 5318 In
1883 5279 1993 5335 quo

501 5420 522 5451 ³
547 5418 652 5474 lsa.
688 5433 858 5485 vatt,
891 5419 979 5474 12.

512 5577 590 5649 (6)
640 5575 835 5649 Verum
875 5579 971 5632 hoc
998 5595 1182 5634 unum.
1220 5577 1282 5632 Ι).
1315 5577 1678 5649 Hieronymus
1727 5594 2006 5648 exponens

435 5646 759 5703 hmc'vctba
823 5646 970 5703 Isaia:
1007 5666 1128 5718 cap.
1160 5665 1246 5702 xu
1278 5669 1291 5703 ε
1334 5646 1589 5702 Nuntiént
1628 5665 1744 5718 qua:
1779 5646 1996 5704 uentura

433 5729 579 5777 sunt,
643 5737 661 5769 t
693 5724 822 5782 Cur,
877 5721 1072 5785 inquit,
1124 5721 1190 5773 de
1239 5720 1462 5774 Christo
1519 5719 1653 5772 nihil
1704 5729 2000 5788 potuerunt

436 5788 774 5858 praedicere?
806 5790 938 5842 nihil
978 5790 1042 5842 de
1075 5791 1334 5858 apostolis
1367 5789 1523 5858 ejus?
1555 5790 1688 5842 nihil
1719 5793 1784 5844 de
1828 5792 2002 5846 ruinis

2067 3255 2274 3322 hircos,
2313 3265 2372 3309 ut
2404 3256 2558 3317 deos,
2588 3255 2875 3324 plusquam
2907 3252 3116 3321 seipsos
3155 3251 3505 3314 verebantur,
3541 3255 3639 3302 aut

2069 3348 2122 3402 in
2158 3363 2349 3404 eorum
2375 3347 2637 3401 honorem
2662 3345 2798 3400 festa
2822 3346 3189 3400 celebrabant.
3229 3342 3471 3399 Vitulum
3505 3354 3636 3393 vero

2070 3439 2379 3509 Memphiten
2430 3453 2649 3493 summa
2711 3437 2973 3506 religione
3037 3435 3340 3499 colebant,
3401 3445 3641 3501 cumque

2071 3532 2235 3599 Apitn
2291 3531 2705 3598 nuncupabant,
2753 3544 2818 3583 ac
2863 3528 3128 3598 praesepio
3163 3525 3436 3580 inclusum
3472 3523 3643 3576 habe«

2072 3625 2224 3685 bant,
2258 3621 2585 3691 publicoque
2642 3620 2928 3674 hominum
2967 3625 3244 3673 conventu
3293 3614 3560 3670 sacriﬁcia
3591 3612 3641 3668 ei

2072 3713 2395 3768 olIerebant.
2433 3710 2600 3781 Signa
2637 3723 2817 3765 autem
2847 3711 3096 3780 quaedam
3130 3725 3160 3762 a
3185 3707 3398 3763 caeteris
3429 3707 3647 3760 diversa

2073 3804 2208 3873 Apis
2241 3803 2660 3868 habebat,.tum
2692 3802 2837 3857 circa
2881 3803 3136 3868 caudam,
3189 3800 3302 3856 tum
3355 3800 3502 3854 circa
3541 3798 3646 3851 lin—

2077 3911 2234 3966 guam
2272 3912 2289 3948 :
2320 3909 2384 3949 ac
2419 3895 2464 3947 si
2506 3892 2633 3962 quis
2662 3892 2934 3962 ejusmodi
2969 3893 3110 3946 inter
3142 3901 3386 3946 armenta
3418 3905 3650 3958 conspe-

2077 3998 2198 4043 ctus
2235 3987 2451 4048 fuisset,
2485 3983 2776 4039 confestim
2807 3985 2874 4040 ad
2904 3999 3123 4038 sacrum
3150 3999 3394 4055 praesepe
3421 3987 3488 4046 ab
3515 3983 3650 4052 ipsis

2079 4078 2426 4134 assumebatu
2436 4091 2481 4130 r.

2150 4169 2288 4224 Ibid.
2329 4168 2391 4223 C.
2457 4167 2568 4222 Nec
2626 4184 2808 4222 omnes
2875 4170 2915 4221 ii
2965 4169 3230 4236 honores,
3284 4177 3394 4227 etc.
3436 4169 3654 4226 Gradus

2081 4260 2302 4328 quidam
2359 4260 2554 4328 lapidei
2610 4261 2750 4314 scite
2823 4259 3092 4326 essculpti
3149 4262 3295 4314 circa
3343 4259 3450 4315 Nili
3511 4262 3654 4315 ostia

2083 4361 2270 4415 erant,
2311 4351 2404 4419 qui
2434 4351 2652 4419 πήχεις,
2689 4350 2742 4404 id
2774 4359 2878 4415 est,
2917 4351 3098 4416 cubiti,
3138 4351 3512 4406 nominantur.
3543 4352 3656 4407 llos

2085 4443 2447 4497 observabant
2477 4441 2743 4512 Egyptii,
2769 4458 2879 4513 quo
2909 4451 3150 4512 tempore
3175 4445 3370 4498 ﬂuvius
3409 4446 3658 4498 exunda-

2020 4531 2062 4586 D
2093 4537 2186 4588 bat
2215 4551 2229 4589 :
2265 4548 2330 4587 ac
2363 4535 2630 4602 siquidem
2669 4534 2736 4587 ad
2772 4534 2916 4588 hunc
2943 4543 3038 4589 aut
3079 4535 3226 4590 illum
3259 4536 3482 4604 gradum
3513 4551 3659 4603 aqua

2087 4637 2346 4696 provecta
2397 4625 2614 4688 fuisset,
2665 4641 2764 4696 pro
2821 4642 3087 4682 ascensus
3145 4630 3355 4683 ratione
3397 4631 3660 4683 ubertatis

2090 4717 2309 4786 frugum
2353 4716 2732 4784 conjecturam
2768 4715 3073 4773 faciebant.
3121 4719 3310 4787 Itaque
3361 4728 3660 4787 proventus

2091 4809 2410 4864 felicitatem
2460 4809 2663 4865 cubitis
2725 4810 2928 4873 metiri,
2989 4811 3094 4865 hoc
3151 4819 3256 4874 est,
3311 4810 3539 4865 delinire
3605 4820 3663 4864 ct

2095 4903 2394 4966 arstimare,
2431 4903 2776 4958 videbantur.
2805 4902 2946 4956 Sunt
2973 4911 3152 4956 tamen
3184 4903 3275 4972 qui
3308 4903 3515 4964 dicant,
3553 4918 3662 4955 non

2094 4992 2299 5063 gradus
2342 4993 2609 5062 quosdam
2647 5009 2793 5058 esse,
2841 5008 3030 5048 verum
3091 4994 3426 5060 columnam,
3470 4994 3525 5046 in
3555 5007 3665 5062 qua

2096 5085 2201 5139 hoc
2264 5091 2510 5153 tempore
2567 5086 2783 5146 cubitos
2838 5089 3137 5142 metiuntur
3196 5084 3474 5157 Egyptii,
3521 5100 3665 5154 aqua

2099 5174 2166 5227 ad
2213 5172 2361 5225 hunc
2421 5181 2516 5227 aut
2576 5174 2729 5230 illum
2802 5178 3047 5232 cubitum
3097 5179 3472 5232 escres‘cente.
3524 5175 3667 5231 Olim

2092 5275 2284 5320 autem
2319 5261 2501 5318 Nilum
2546 5265 2851 5324 honoribus
2891 5269 3210 5335 allicientes,
3249 5283 3316 5324 ac
3363 5265 3670 5324 fertilitatis

2114 5591 2162 5636 et
2209 5581 2499 5638 abolitione
2530 5580 2855 5653 templorum
2875 5583 2901 5637 7
2932 5582 2988 5637 Si
3019 5598 3150 5653 ergo
3189 5600 3345 5639 suum
3394 5584 3670 5641 interitum

2101 5670 2205 5707 non
2230 5665 2524 5722 potuerunt
2561 5652 2879 5721 praedicere,
2907 5652 3186 5722 quonme
3214 5657 3393 5710 aliena
3423 5656 3508 5709 vel
3532 5658 3672 5710 mala

2103 5727 2183 5779 vel
2212 5727 2352 5778 bona
2382 5725 2656 5792 potuerint
2687 5723 2981 5778 nuntiare?
3012 5743 3032 5774 ι
