4100 6436
366 385 511 449 1225

1292 378 1615 441 NICETAS
1656 377 1736 442 IN
1779 377 2001 440 ORAT.
2043 378 2292 439 XXXIX
2335 378 2392 439 S.
2441 378 2671 441 GREG.

3502 380 3639 446 1226

363 495 558 557 Deum,
604 490 697 563 qui
754 490 903 545 omni
951 498 1229 556 creatura,
1258 498 1364 543 tam
1409 487 1751 558 aspectabili,
1785 501 1949 557 quam
1979 498 2029 555 Α
2057 489 2345 557 riﬁcalam,
2391 498 2787 553 tunaeruntque
2821 486 2891 541 ad
2943 504 3064 543 eum
3109 489 3375 545 accedere.
3430 488 3639 543 Idcirco

366 584 665 641 intellectili
704 591 757 636 et
780 581 1052 652 spirituali
1087 580 1340 650 superior
1369 588 1473 643 est,
1505 593 1905 650 cognoscamus
1935 596 1947 631 :

360 679 447 733 sic
501 675 663 730 etiam
698 674 791 729 Dei
826 674 1087 744 mysteria
1138 671 1506 742 intelligamus
1535 680 1592 726 et
1628 671 1945 739 doceamus,

358 786 431 824 ac
459 770 614 841 juxta
655 765 974 821 Salomonis
1007 768 1151 836 leges
1188 775 1241 820 et
1295 773 1561 834 praecepta
1594 764 1949 834 philosophe-

361 877 507 915 mur.
558 858 834 925 Quoniam
875 857 1021 911 enim
1056 857 1109 909 in
1142 854 1437 924 malignam
1459 855 1698 907 animam
1732 871 1835 907 non
1858 854 1941 908 in-

352 953 521 1007 trabit
559 950 825 1020 sapientia
851 950 873 981 ⁸
903 990 919 1015 ,
962 949 1167 1003 idcirco
1192 950 1412 1001 animos
1441 960 1656 1012 eorum,
1685 945 1779 1015 qui
1819 960 1945 1000 cum

356 1042 625 1110 sapientia
694 1039 1145 1093 consuetudinem
1194 1037 1431 1091 habituri
1490 1046 1640 1100 sunt,
1703 1037 1943 1106 primum

358 1149 456 1202 per
510 1133 756 1187 divinum
808 1132 1063 1186 timorem
1110 1138 1345 1200 purgat,
1385 1128 1471 1182 his
1511 1129 1690 1182 verbis
1728 1145 1741 1181 :
1780 1129 1946 1182 Prin-

350 1225 566 1294 cipium
605 1222 914 1293 sapientiae,
971 1221 1167 1291 collige
1217 1220 1568 1291 sapientiam,
1610 1220 1717 1274 hoc
1745 1230 1853 1288 est,
1886 1221 1941 1274 in

356 1316 634 1387 principio
717 1314 1002 1383 sapientia:
1042 1353 1057 1378 ,
1108 1312 1162 1367 id
1196 1321 1327 1378 est,
1389 1312 1444 1366 in
1504 1313 1702 1368 timore
1757 1313 1943 1368 divino

348 1407 682 1478 sapientiam
710 1407 811 1460 tibi
850 1420 1134 1476 compara.
1194 1403 1263 1460 Ut
1307 1406 1453 1461 enim
1499 1405 1939 1473 fundamentum,

360 1500 555 1554 domus
608 1498 940 1567 principium
1003 1508 1113 1565 est,
1176 1506 1232 1552 et
1286 1499 1464 1563 navis,
1534 1498 1722 1554 carina
1791 1515 1806 1552 :
1860 1500 1942 1554 sic

356 1590 556 1653 etiam,
587 1588 741 1658 juxta
788 1588 1010 1644 Davidis
1063 1590 1433 1656 sententiam,
1483 1592 1801 1660 principium
1848 1607 1940 1645 sa-

350 1684 590 1746 oientiw,
642 1684 804 1734 timor
835 1681 1049 1736 Domini
1092 1682 1136 1735 ⁷.
1190 1681 1371 1737 Pietas
1415 1683 1562 1737 enim
1613 1697 1678 1737 ac
1718 1683 1938 1753 religio-

360 1788 450 1828 sus
480 1774 644 1828 timor
671 1774 739 1827 ad
774 1788 1038 1829 numeros
1069 1788 1263 1829 omnes
1301 1774 1521 1829 virtutis
1550 1774 1935 1840 absolvendos,

354 1867 523 1922 scalae
568 1865 746 1919 instar
799 1875 880 1920 est
939 1882 954 1921 :

366 1959 614 2012 vitiorum
669 1957 996 2028 contagione
1051 1958 1416 2027 sordibusque
1470 1958 1709 2024 lustret,
1770 1968 1936 2029 atque

358 2049 668 2117 ubicunque
745 2047 1083 2103 domicilium
1169 2049 1467 2118 sedemque
1537 2049 1780 2110 habeat,
1835 2049 1936 2102 itn-

351 2140 555 2210 probas
584 2154 777 2194 omnes
823 2149 876 2195 et
917 2138 1215 2210 ﬂagitiosas
1257 2141 1504 2196 actiones
1524 2139 1576 2194 in
1600 2138 1781 2211 fugam
1818 2155 1941 2195 ver-

354 2240 455 2285 tat.
517 2229 790 2297 Quoniam
860 2231 1027 2300 igitur
1086 2231 1530 2288 rudimentarius
1590 2241 1674 2287 est
1726 2233 1934 2299 timur,

356 2326 503 2379 velut
563 2325 758 2394 puerili
814 2324 1051 2395 quadam
1118 2324 1470 2381 institutione
1520 2339 1624 2380 nos
1676 2325 1746 2379 ad
1814 2338 1933 2380 eam

353 2416 633 2483 virtutem,
687 2432 810 2488 quae
865 2416 918 2470 in
968 2416 1185 2470 actione
1233 2427 1505 2483 versatur,
1559 2416 1933 2483 introducens,

348 2509 527 2561 activa
576 2517 759 2563 autem
812 2508 985 2562 virtus
1041 2508 1518 2577 contemplationis
1571 2508 1717 2563 scala
1774 2518 1859 2562 est
1913 2525 1930 2561 :

348 2599 532 2653 danda
584 2600 742 2654 nobis
798 2609 884 2654 est
917 2614 1107 2668 opera,
1155 2608 1215 2654 ut
1262 2610 1409 2655 recte
1465 2608 1520 2654 et
1570 2608 1936 2670 congruenter

351 2693 425 2748 iis
474 2702 694 2747 utamur
727 2731 744 2758 ,
811 2694 1116 2762 ordineque
1168 2693 1630 2763 progrediamur,
1698 2702 1861 2762 atque
1902 2706 1934 2746 a

354 2784 553 2839 timore
597 2785 780 2840 exorsi
813 2826 831 2851 ,
869 2787 922 2839 in
971 2784 1455 2854 contemplationis
1484 2783 1764 2855 fastigium
1803 2782 1935 2838 sub-

353 2875 642 2928 vehamur.
683 2873 819 2927 Nam
874 2874 1309 2944 contemplatio,
1362 2873 1467 2928 nisi
1518 2874 1733 2927 timoris
1761 2872 1931 2926 divini

352 2964 510 3018 freno
554 2974 897 3030 coerceatur,
956 2964 1010 3018 in
1064 2966 1419 3035 blasphemia:
1472 2980 1694 3035 quoque
1740 2963 1936 3019 fortas-

352 3056 434 3111 sis
464 3064 517 3109 et
548 3056 845 3126 impietatis
877 3057 1177 3126 praecipitia
1212 3073 1311 3111 nos
1354 3057 1628 3126 impulerit
1675 3071 1742 3112 ac
1782 3057 1932 3126 deje-

350 3147 514 3203 cerit.
545 3148 622 3201 Ac
656 3146 780 3202 vide
814 3148 1044 3211 scalam,
1081 3163 1179 3218 per
1224 3163 1390 3219 quam
1422 3147 1487 3201 ad
1536 3146 1930 3217 perfectionem

353 3238 514 3292 nobis
557 3252 818 3294 ascensus
869 3248 1038 3308 patet.
1089 3239 1194 3295 Ubi
1252 3240 1399 3294 enim
1458 3241 1624 3294 timor
1668 3248 1772 3305 est,
1824 3240 1934 3295 illic

347 3343 569 3399 quoque
609 3330 995 3384 mandatorum
1027 3332 1363 3387 observatio.
1411 3329 1517 3387 Ubi
1549 3343 1732 3387 autem
1773 3348 1934 3386 man-

347 3421 602 3475 datorum
636 3422 950 3477 observatio
976 3460 994 3487 ,
1047 3422 1127 3478 ibi
1173 3424 1355 3479 carnis
1384 3439 1603 3495 quoque
1631 3425 1879 3496 purgatio
1915 3441 1930 3480 :

351 3528 476 3580 quae
506 3512 725 3581 quidem
750 3528 880 3567 caro
905 3512 1011 3568 hoc
1046 3522 1131 3568 est
1168 3517 1386 3581 animae,
1416 3516 1563 3585 quod
1599 3517 1700 3570 soli
1737 3516 1931 3581 nubes,

352 3605 595 3659 tenebris
644 3606 855 3660 scilicet
896 3620 1018 3660 eam
1069 3604 1350 3661 obducens
1390 3616 1558 3677 atque
1601 3607 1931 3672 obscurans,

353 3712 456 3752 nec
490 3696 659 3752 divini
706 3697 846 3751 radii
890 3698 1239 3767 splendorem
1280 3713 1416 3769 pure
1466 3699 1669 3753 intueri
1718 3701 1929 3754 sinens.

353 3786 521 3843 Porro
554 3787 643 3842 ubi
685 3789 885 3844 animte
916 3791 1192 3861 purgatio,
1239 3806 1360 3860 quae
1390 3791 1682 3847 virtutibus
1712 3806 1933 3861 compa-

352 3888 521 3941 ratur,
576 3880 684 3935 illic
727 3882 892 3936 etiam
956 3883 1193 3938 scientia:
1236 3884 1581 3951 illuminatio,
1610 3896 1737 3955 post
1786 3884 1929 3956 piam

349 3976 809 4044 sempiternarum
877 3991 1061 4030 rerum
1117 3977 1561 4047 disquisitionem
1609 3978 1807 4044 elucet,
1862 3979 1930 4033 ad

349 4065 445 4121 Dei
473 4070 838 4138 cegnitionem
883 4068 1125 4122 animam
1173 4070 1434 4135 eveheus,
1469 4070 1754 4141 ipsiusque
1785 4070 1934 4126 desi-

350 4158 560 4213 derium
610 4161 685 4213 rei
742 4161 988 4214 omnium
1046 4176 1261 4215 summe
1319 4164 1633 4230 expetendae
1683 4161 1931 4232 alligens,

352 4251 457 4306 hoc
516 4261 622 4318 est,
678 4252 810 4319 Deo,
872 4252 968 4323 qui
1018 4261 1073 4308 et
1131 4254 1187 4308 in
1253 4255 1508 4309 maximis
1549 4266 1658 4319 est,
1709 4254 1764 4309 id
1825 4266 1931 4321 est,

351 4342 404 4394 in
443 4343 618 4397 tribus
648 4343 923 4414 personis,
952 4353 1006 4399 et
1038 4345 1091 4399 in
1126 4346 1389 4412 maximo,
1417 4357 1637 4416 propter
1677 4347 1936 4402 substan-

352 4431 441 4485 tiae
472 4441 529 4486 et
575 4432 877 4488 divinitatis
928 4435 1214 4499 unitatem,
1257 4444 1312 4491 et
1368 4437 1742 4507 magnitudine
1779 4438 1929 4493 omni

2052 582 2311 637 velamine
2355 582 2544 637 faciem
2595 599 2749 636 suam
2784 582 3030 647 obduxit,
3076 591 3234 652 atque
3260 585 3339 638 ita
3362 601 3482 639 cum
3514 587 3639 654 ipsis

2052 674 2369 729 versabatur
2420 676 2469 730 ’.
2546 674 3021 743 Quemadmodum
3092 677 3262 747 igitur
3331 678 3638 743 Israelitaz,

2050 766 2304 836 quamvis
2356 765 2524 821 Mosis
2572 767 2785 821 vultum
2839 781 3067 822 cernere
3120 778 3406 837 cuperent,
3441 778 3628 824 tamen

2048 867 2271 927 propter
2297 857 2606 927 splendoris
2622 859 2810 914 radios
2839 874 2906 914 ex
2936 875 3001 915 eo
3034 871 3347 927 manantes,
3366 875 3637 930 suamque

2049 949 2444 1015 infirmitatem,
2498 963 2625 1004 eum
2672 951 2873 1006 intueri
2906 966 3015 1006 non
3044 960 3300 1022 poterant
3334 970 3349 1007 :
3383 954 3453 1007 ad
3488 953 3635 1007 hunc

2047 1057 2264 1113 quoque
2316 1042 2540 1097 modum
2597 1043 2911 1114 quicunque
2965 1058 3031 1097 ex
3068 1044 3227 1099 nobis
3263 1059 3362 1114 per
3411 1059 3631 1098 morum

2046 1132 2374 1200 probitatem
2408 1132 2770 1203 egregiasque
2800 1132 3050 1187 actiones
3099 1133 3317 1188 animos
3363 1147 3471 1186 non
3510 1149 3635 1202 per-

2045 1227 2355 1297 purgarint,
2387 1242 2513 1282 cum
2562 1226 2672 1282 Deo
2727 1236 2781 1283 et
2811 1229 3087 1298 theologia
3127 1228 3327 1283 frustra
3358 1243 3631 1283 commer-

2045 1319 2192 1372 cium
2249 1318 2452 1372 habere
2506 1318 2874 1372 conabuntur.
2939 1316 3154 1373 Rursus
3209 1319 3274 1372 de
3328 1318 3523 1373 Manue
3573 1320 3629 1371 in

2043 1406 2182 1461 libro
2214 1404 2471 1461 Judicum
2506 1406 2620 1461 haec
2649 1408 2927 1462 memoria:
2959 1406 3177 1476 prodita
3211 1416 3342 1465 sunt
3374 1409 3442 1474 ιο,
3476 1424 3625 1471 eum,

2043 1514 2170 1553 eum
2212 1498 2428 1555 lsraelis
2472 1499 2637 1569 judex
2687 1509 2881 1565 esset,
2930 1500 3406 1570 humanitatisque
3454 1500 3628 1555 ofﬁcia

2040 1601 2167 1656 erga
2243 1586 2489 1656 hospites
2542 1586 2788 1642 studiose
2857 1588 3101 1652 coleret,
3160 1588 3414 1659 angelum
3470 1588 3628 1656 quasi

2042 1694 2209 1732 unum
2240 1679 2558 1748 quempiam
2600 1694 2633 1735 e
2667 1680 2825 1750 plebe
2861 1680 3102 1750 hospitio
3135 1681 3442 1750 excepisse,
3470 1695 3630 1734 cuin-

2040 1784 2149 1841 que
2196 1770 2340 1841 ignis
2381 1786 2413 1825 e
2462 1779 2617 1841 petra
2671 1781 2725 1826 et
2779 1787 2969 1828 mensa
3019 1774 3264 1827 emicans
3293 1774 3445 1827 cibos
3488 1772 3625 1841 ipsis

1009 1876 1196 1936 utpote
1242 1866 1337 1936 qui
1384 1866 1605 1920 animos
1646 1875 1870 1921 nostros
1905 1882 1935 1920 a
1972 1859 2011 1912 Β
2040 1864 2324 1933 appositas
2357 1862 2704 1931 devorasset,
2751 1874 2917 1933 atque
2968 1864 3200 1934 angelus
3245 1877 3276 1916 a
3326 1872 3627 1933 conspectu

2040 1955 2214 2024 ipsius
2244 1970 2302 2010 se
2332 1953 2709 2019 subduxisset,
2752 1956 2807 2010 in
2853 1971 2973 2010 eam
3028 1957 3345 2025 Opinionem
3385 1955 3625 2019 venisse,

2040 2054 2099 2100 ut
2135 2044 2303 2100 Deum
2351 2061 2382 2099 a
2406 2062 2465 2101 se
2498 2047 2678 2102 visum
2725 2060 2850 2101 esse
2886 2046 3255 2113 existimaret,
3289 2059 3629 2114 uxoremque

2039 2139 2114 2193 ita
2144 2138 2439 2194 allocutum
2471 2153 2632 2194 esse:
2659 2138 2930 2204 Perimus,
2975 2153 3134 2205 uxor,
3168 2137 3335 2192 Deum
3373 2137 3623 2191 vidimus.

2038 2231 2508 2297 Quemadmodum
2564 2232 2738 2303 igitur
2780 2230 3000 2296 Manus,
3063 2229 3385 2300 Sampsonis
3444 2238 3623 2299 pater,

2039 2323 2213 2380 Deum
2246 2324 2433 2379 videre
2464 2323 2568 2379 sibi
2600 2323 2754 2379 visus
2785 2331 2893 2390 est,
2926 2338 3051 2378 cum
3102 2330 3283 2377 tamen
3324 2337 3433 2377 non
3464 2322 3613 2376 vide-

2040 2418 2111 2469 rit
2158 2434 2173 2470 :
2218 2417 2291 2471 ita
2337 2416 2429 2487 qui
2463 2417 2676 2487 purgati
2710 2430 2816 2470 non
2869 2416 3092 2480 fuerint,
3123 2414 3453 2486 theologiam
3494 2417 3623 2484 qui-

2038 2505 2183 2571 dem,
2235 2506 2340 2560 hoc
2386 2515 2511 2571 est,
2571 2506 2882 2561 divinitatis
2932 2506 3333 2577 cegnitionem,
3387 2505 3624 2575 imagine

2037 2598 2365 2666 concipient,
2391 2597 2565 2666 ipsam
2594 2608 2775 2652 tamen
2812 2612 2922 2652 non
2956 2598 3221 2652 videbunt
3254 2615 3267 2651 :
3299 2599 3410 2651 imo
3440 2597 3626 2665 potius

2037 2689 2396 2744 simulacrum
2450 2689 2730 2759 quoddam
2790 2690 2967 2759 ipsius
3017 2690 3295 2744 intuentes
3329 2703 3396 2743 ac
3443 2689 3625 2758 perci-

2038 2782 2249 2851 pientes
2288 2780 2474 2836 animo
2524 2781 2897 2851 trepidabunt,
2954 2794 3019 2836 ac
3054 2780 3240 2835 dicent
3272 2799 3287 2835 :
3320 2778 3620 2843 Periimus,

2037 2875 2182 2945 quod
2214 2875 2469 2930 videlicet
2499 2890 2568 2929 ne
2616 2877 2908 2931 obscuram
2948 2876 3170 2945 quidem
3204 2875 3352 2930 illius
3384 2874 3619 2928 formam

2037 2968 2320 3024 sustinere
2355 2976 2580 3037 queant.
2620 2968 2704 3023 Ad
2758 2969 2873 3022 haec
2904 2967 3368 3038 quemadmodum
3422 2964 3622 3021 Petrus

2039 3060 2146 3113 vim
2195 3058 2603 3130 emcaciamque
2645 3059 2947 3115 divinitatis
2988 3075 3093 3114 non
3127 3060 3328 3124 terens,
3373 3055 3560 3113 Iesum
3588 3072 3620 3111 a

2040 3152 2255 3221 navigio
2304 3154 2549 3218 arcebat,
2597 3163 2657 3208 ut
2689 3164 2874 3208 narrat
2918 3153 3250 3223 evangelista
3283 3152 3322 3184 “
3361 3168 3376 3206 :
3417 3152 3490 3205 ita
3526 3150 3618 3220 qui

2036 3247 2223 3301 animo
2277 3246 2520 3300 nondum
2575 3255 2809 3316 purgato
2863 3245 3197 3314 theologiam
3266 3244 3532 3311 suscipit,
3586 3256 3620 3296 a

2038 3346 2219 3393 mente
2249 3352 2350 3393 sua
2388 3353 2510 3393 eam
2560 3337 2841 3402 amolitur,
2892 3337 3000 3391 vim
3031 3335 3205 3406 ipsius
3251 3350 3359 3389 non
3416 3333 3618 3388 ferens.

2036 3429 2513 3496 Quemadmodum
2567 3429 2793 3500 insuper
2824 3428 3051 3489 Paulus,
3087 3438 3148 3483 ut
3194 3426 3373 3482 Lucas
3404 3427 3457 3480 in
3489 3440 3620 3495 apo-

2035 3524 2300 3578 stolorum
2334 3523 2483 3578 Actis
2515 3533 2704 3578 narrat
2735 3523 2804 3589 ¹¹,
2841 3538 2969 3579 cum
3003 3521 3244 3593 acceptis
3278 3537 3309 3575 a
3339 3520 3619 3591 pontiﬁci-

2033 3613 2139 3669 bus
2187 3612 2381 3668 litteris
2429 3612 2808 3686 Hierosolyma
2861 3615 3189 3670 Damascum
3238 3614 3619 3677 contenderet,

2037 3716 2097 3761 ut
2146 3706 2495 3764 Christianos
2547 3717 2976 3778 persequeretur
3029 3714 3194 3775 atque
3246 3706 3621 3774 opprimeret,

2035 3801 2200 3856 simul
2231 3810 2394 3872 atque
2425 3802 2527 3871 ipsi
2565 3803 2670 3856 iter
2699 3800 2919 3855 facienti
2950 3799 3183 3869 exiguus
3234 3798 3463 3865 Christi,
3503 3799 3643 3863 veri,

2035 3894 2279 3959 luminis,
2316 3894 2505 3949 radius
2544 3893 2797 3962 objeetus
2823 3901 2928 3957 est,
2969 3892 3156 3945 statim
3203 3901 3428 3960 aspectu
3455 3892 3621 3945 orba-

2035 3998 2123 4040 tus
2144 3992 2245 4050 est,
2280 3984 2424 4055 quod
2454 4000 2484 4039 a
2513 3984 2912 4055 persecutionis
2945 3983 3164 4053 piaculo
3189 3982 3457 4060 lustratus
3490 3990 3619 4037 ante

2036 4093 2146 4132 non
2187 4076 2407 4141 fuisset,
2442 4092 2605 4147 quam
2664 4090 2789 4130 cum
2820 4090 2910 4139 eo,
2964 4090 3125 4145 quem
3160 4076 3620 4145 persequebatur.

2036 4172 2089 4226 in
2111 4171 2445 4241 colloquium
2494 4171 2705 4226 veniret
2763 4185 2779 4223 :
2833 4169 3026 4224 eodem
3087 4167 3252 4223 modo
3298 4168 3391 4237 qui
3433 4167 3621 4221 divino

2036 4265 2232 4320 timore
2282 4265 2501 4335 purgati
2537 4278 2645 4319 non
2695 4261 2918 4327 fuerint,
2952 4261 3047 4316 sed
3096 4262 3282 4315 animo
3313 4260 3532 4331 impuro
3563 4266 3622 4314 et

2035 4357 2258 4413 sordido
2309 4360 2377 4411 ad
2428 4356 2949 4427 contemplationem
2997 4354 3352 4417 accesserint,
3387 4353 3511 4423 plus
3553 4366 3621 4406 ex

2034 4463 2098 4503 ea
2159 4462 2219 4502 re
2275 4447 2596 4503 detrimenti
2659 4455 2715 4503 et
2773 4446 3094 4515 dispendii,
3151 4460 3315 4517 quam
3370 4444 3623 4499 utilitatis

347 4522 602 4589 superior
643 4530 748 4587 est,
803 4522 933 4592 quia
982 4537 1084 4577 nec
1136 4523 1468 4594 quantitate,
1522 4540 1624 4580 nec
1670 4528 1928 4596 amplitu-

2038 4550 2089 4594 et
2140 4540 2448 4609 compendii
2505 4539 2797 4610 accipient.
2860 4538 3331 4607 Quemadmodum
3387 4538 3623 4606 denique

345 4614 511 4678 dine,
564 4628 665 4667 nec
723 4614 1100 4683 magnitudine
1151 4615 1669 4672 circumscribitur:
1704 4618 1929 4688 Magnus

345 4705 518 4767 enim,
557 4704 757 4774 inquit,
782 4704 1044 4760 Dominus
1074 4715 1124 4760 et
1166 4705 1453 4762 laudabilis
1488 4708 1657 4777 valde,
1694 4726 1784 4765 nec
1814 4726 1930 4763 ma-

345 4796 640 4866 gnitudinis
671 4796 786 4865 ejus
809 4796 936 4866 ﬁnis
961 4808 1037 4853 est
1069 4797 1114 4852 ⁸.

419 4907 536 4962 Col.
567 4909 674 4964 345
702 4909 764 4964 B.
818 4911 1082 4975 Quocirca
1129 4928 1184 4966 se
1225 4929 1476 4983 quemque
1511 4929 1659 4982 prius
1706 4932 1934 4987 purgare

346 5011 574 5069 oportet,
605 5012 712 5058 etc.
750 5002 897 5070 llaec,
926 5004 1123 5073 inquit,
1159 5021 1284 5060 cum
1319 5022 1380 5062 se
1424 5010 1495 5060 ita
1539 5009 1795 5075 habeant,
1830 5014 1929 5062 ad-

348 5093 586 5148 hibenda
618 5094 774 5163 prius
800 5109 882 5150 est
909 5111 1007 5165 per
1034 5099 1288 5152 virtutem
1338 5099 1392 5152 in
1436 5100 1655 5154 actione
1693 5100 1923 5170 positam

346 5184 625 5253 purgatio,
656 5196 822 5257 atque
869 5190 945 5242 ita
994 5189 1065 5242 ad
1107 5190 1591 5260 contemplationis
1630 5194 1923 5263 puritatem

347 5275 615 5340 eundum,
694 5277 749 5331 id
788 5287 914 5343 est,
972 5279 1213 5334 divinam
1270 5282 1553 5337 scientiam
1616 5295 1671 5338 et
1725 5285 1932 5339 doctri-

347 5383 475 5422 nam
529 5379 570 5423 :'
611 5373 718 5426 nisi
778 5374 937 5430 nobis
992 5375 1135 5430 idem
1187 5377 1437 5431 accidere
1482 5376 1739 5441 velimus,
1781 5377 1927 5448 quod

350 5458 612 5517 lsraelitis
659 5464 879 5520 accidit.
935 5465 1211 5536 Scriptum
1263 5468 1409 5523 enim
1458 5476 1543 5524 est
1587 5468 1643 5522 in
1689 5470 1927 5525 Exodo:

361 5549 615 5607 Viderunt
647 5555 748 5624 ﬁlii
778 5555 1001 5613 Israelis
1035 5557 1259 5628 Mosem,
1294 5561 1586 5633 [aciemque
1613 5563 1781 5633 ipsius
1814 5568 1931 5636 glo-

422 5730 441 5760 ⁸
483 5731 613 5800 Sap.
646 5748 686 5793 ι,
722 5732 777 5787 4,.
850 5734 870 5765 '
914 5733 1059 5790 Psal.
1091 5751 1178 5798 cx.
1216 5737 1304 5793 10.

344 5800 384 5830 ⁸⁸
428 5802 562 5855 Luc.
602 5819 652 5867 v,
685 5803 739 5856 8.
818 5804 860 5835 “
898 5807 1026 5860 Act.
1056 5822 1105 5872 v,
1150 5809 1171 5859 l
1210 5824 1367 5879 seqq.

587 5899 863 5963 PATBuL.
899 5905 1017 5964 Gn.
1049 5904 1350 5969 CXXVII.

1406 5740 1429 5771 ⁸
1471 5740 1616 5796 Psal.
1675 5758 1855 5811 cxuv,
1914 5746 1967 5802 3.

1464 5812 1508 5844 ³³
1546 5813 1736 5871 Matth.
1796 5831 1912 5885 vm,
1949 5820 1999 5873 8.

2029 4631 2246 4686 dicebat
2298 4630 2562 4687 Centurio
2613 4651 2629 4688 :
2701 4632 2948 4697 Domine,
3001 4648 3107 4686 non
3162 4647 3278 4685 sum
3323 4631 3514 4701 dignus
3565 4638 3623 4681 ut

2031 4722 2193 4775 intres
2224 4723 2320 4777 sub
2376 4732 2570 4778 tectum
2619 4739 2794 4776 meum
2845 4738 2865 4780 :
2920 4722 3011 4776 sed
3037 4723 3123 4775 die
3151 4725 3329 4786 verba,
3364 4730 3415 4774 et
3462 4736 3620 4773 sana-

2032 4815 2174 4868 bitur
2221 4831 2353 4885 puer
2408 4832 2555 4869 meus
2612 4815 2656 4848 "
2728 4816 2858 4887 (hoc
2916 4827 3079 4883 porro
3135 4811 3406 4878 dicebat,
3458 4827 3621 4867 cura-

2034 4907 2234 4962 tionem
2298 4907 2452 4976 pueri
2481 4906 2848 4977 nequirem,
2912 4904 3183 4959 medicum
3251 4912 3432 4958 autem
3492 4919 3609 4974 pro-

2037 5008 2159 5068 pter
2212 4998 2360 5067 pium
2396 5007 2453 5052 et
2498 4997 2828 5052 laudabilem
2869 5005 3075 5050 metum
3108 4995 3163 5050 in
3200 4995 3426 5050 domum
3455 5010 3617 5049 suam

2040 5107 2148 5145 non
2169 5091 2483 5160 admittens)
2524 5106 2539 5143 :
2577 5090 2658 5144 sic
2685 5090 2849 5145 etiam
2901 5090 3003 5161 ipsi
3039 5090 3366 5161 theologiam
3398 5090 3618 5159 quidem

2035 5191 2310 5253 expetent,
2360 5198 2551 5239 verum
2618 5182 2789 5237 Deum
2843 5183 3022 5253 ipsum
3076 5183 3133 5239 in
3172 5183 3416 5238 animum
3448 5183 3614 5238 haud-

2028 5286 2299 5342 quaquam
2330 5272 2610 5343 excepturi
2644 5283 2793 5330 sunt.

2100 5386 2243 5441 lbid.
2286 5387 2353 5441 C.
2408 5386 2647 5441 Proinde
2685 5388 2832 5442 dicat
2886 5406 3090 5460 quoque
3147 5407 3211 5445 ea:
3262 5389 3412 5444 nobis
3466 5390 3613 5460 quis-

2028 5480 2195 5547 piam,
2252 5486 2359 5534 etc.
2428 5478 2708 5545 Quandiu,
2775 5482 2975 5552 inquit,
3043 5482 3314 5552 quispiam
3362 5490 3614 5537 nostrum

2032 5570 2281 5625 centurio
2313 5581 2420 5638 est,
2474 5571 2578 5627 hoc
2634 5583 2741 5641 est,
2785 5575 2988 5631 multos
3034 5575 3088 5629 in
3143 5573 3275 5630 vitio
3324 5589 3614 5645 Superans,

2078 5749 2098 5781 ’
2138 5749 2306 5807 Exod.
2361 5765 2546 5817 xxxiv,
2602 5752 2672 5812 50
2755 5756 2848 5813 55.
2960 5757 3004 5789 ¹⁰
3037 5755 3215 5812 Judic.
3246 5771 3364 5823 xui,
3399 5756 3424 5812 1
3459 5771 3614 5829 seqq.

3160 5926 3238 5986 39
