4100 6442
377 363 517 426 ἲὲΞἾ

1310 355 1633 415 NICETAS
1676 352 1755 410 IN
1799 348 2019 408 ORAT.
2061 347 2309 405 XXKlK
2456 352 2686 410 GllEG.

3524 353 3659 418 19'.in

377 476 782 552 Pl,ei|(_usibms’
819 475 1042 537 “rgno,
1077 476 1290 543 quoties
1327 472 1457 526 mihi
1512 471 1578 524 de
1633 467 1741 520 Deo
1791 465 1967 518 disse-
2005 466 2045 517 Α
2082 477 2262 514 rerum
2319 455 2563 518 omnium
2629 466 2918 520 Dominum
2985 477 3148 538 atque
3204 469 3663 538 omnipotentem,

377 573 528 628 randi
567 569 870 625 necessitas
902 569 1190 631 incumbit,
1212 577 1322 620 tum
1359 566 1545 634 lingua
1576 559 1959 618 contremisco,

379 681 487 717 ιιιιιι
535 672 882 729 mente,qu:c
918 660 1110 730 primis
1164 658 1483 712 Imtiouibus
1518 656 1966 710 sublimiorilms-

381 772 501 826 ;pie,
529 772 692 825 quam
716 765 775 809 ut
811 751 1378 824 argmneutatiouilius
1401 750 1715 804 cenﬁrmari
1739 756 1960 819 queant,

375 851 655 904 Eustitutas
690 847 948 901 materias
1012 846 1227 915 arripit,
1265 854 1378 896 tum
1435 843 1767 913 cogitatione
1799 842 1962 894 etiam

375 944 760 1012 perhorresco,
797 955 918 1009 quae
950 947 1400 1008 argumentorum
1450 951 1647 990 causas
1699 951 1728 987 ιι
1785 941 1966 988 mente

375 1037 674 1104 arripiens,
717 1036 916 1087 mentis
962 1033 1290 1100 agitationes
1351 1031 1662 1086 cot’tsiderat
1714 1029 1966 1097 velutque

375 1125 674 1181 distribuit.
729 1127 928 1194 Atque.
995 1134 1047 1177 ut
1099 1125 1193 1193 ipsi
1245 1137 1462 1191 quque
1508 1120 1964 1182 conlri'miscatis,

371 1236 529 1290 Opto.
564 1220 818 1273 llorroris
854 1219 996 1271 enim
1063 1219 1288 1271 allectus
1317 1218 1418 1270 hoc
1447 1217 1563 1269 loco
1607 1216 1818 1268 lamlcm
1853 1229 1966 1268 mc-

377 1325 548 1380 retnr,
582 1329 645 1368 ac
680 1313 842 1366 timor
878 1314 966 1365 llic
1001 1314 1210 1365 beatus.
1251 1310 1418 1364 Deum
1457 1324 1621 1378 porro
1656 1325 1781 1362 cum
1819 1309 1962 1372 dico,

376 1409 576 1478 triplex
620 1423 903 1477 uumnque
967 1406 1153 1460 lumen
1194 1403 1290 1456 tibi
1320 1404 1502 1457 animo
1536 1417 1780 1473 propone
1815 1421 1826 1454 :
1869 1403 1964 1455 tri-

381 1504 505 1571 plex
566 1501 809 1569 quidem,
853 1509 1119 1570 quantum
1155 1497 1222 1552 ad
1282 1499 1630 1568 bypostases,
1661 1505 1720 1550 ut
1769 1494 1966 1550 Orien-

381 1596 518 1649 tales
549 1594 822 1658 dicebant,
851 1595 954 1655 vel,
980 1599 1038 1646 ut
1073 1593 1210 1656 Itali,
1235 1605 1531 1660 personas;
1560 1606 1728 1642 unum
1760 1598 1964 1648 autem,

377 1699 648 1756 quintum
679 1687 742 1741 ad
769 1686 1135 1742 substantiam
1166 1694 1221 1738 et
1255 1685 1628 1737 adorationem
1678 1683 1967 1736 divisionis

381 1780 564 1833 omnis
599 1786 895 1846 expertem.
928 1774 1138 1830 Etenim
1175 1773 1437 1828 dividitur
1469 1775 1690 1843 quidem
1729 1773 1806 1842 (7)
1841 1788 1969 1842 pro-

388 1886 505 1941 pter
541 1881 654 1924 tres
686 1884 948 1940 personas
981 1886 995 1922 :
1027 1877 1308 1931 castorum,
1344 1867 1706 1921 indisductim
1751 1878 1988 1935 propter

390 1950 691 2019 divinitatis
713 1963 973 2016 unitatem
1003 1980 1016 2014 :
1051 1977 1115 2015 ac
1148 1976 1343 2015 rursus
1375 1960 1719 2014 connectitur
1751 1959 1968 2028 quidem

388 2068 606 2128 propter
666 2055 972 2110 divinitatis
1024 2053 1386 2114 identitatem,
1437 2051 1738 2106 distiuctim
1785 2058 1968 2105 autem

386 2161 610 2220 propter
679 2162 1038 2220 personarum
1102 2145 1422 2200 trinitatem.
1473 2143 1654 2198 Unum
1714 2144 1860 2196 enim
1918 2143 1970 2196 in

385 2247 564 2300 tribus
623 2243 883 2298 divinitas
928 2249 1031 2306 est,
1074 2248 1128 2294 et
1168 2241 1270 2294 tria
1305 2254 1495 2300 unum,
1544 2252 1608 2291 ea
1661 2237 1714 2292 in
1773 2237 1974 2306 quibus

384 2339 645 2393 divinitas
694 2347 812 2403 est,
855 2334 941 2388 vel
997 2335 1180 2403 potius
1236 2349 1357 2403 quae
1408 2332 1672 2386 divinitas
1731 2340 1879 2393 sunt,
1919 2340 1976 2384 ut

385 2435 561 2503 magis
584 2431 806 2502 proprio
836 2439 889 2484 et
919 2437 1116 2482 exacto
1155 2427 1320 2481 verbo
1353 2436 1498 2488 utar,
1531 2441 1594 2480 ac
1622 2442 1690 2479 ne
1711 2425 1972 2495 cuiquam

384 2546 417 2583 a
473 2544 560 2582 ine
605 2526 824 2580 occasio
873 2523 1195 2591 suspicandi
1248 2523 1428 2585 detur,
1455 2521 1794 2574 divinitatem
1828 2521 1974 2573 aliud

387 2621 646 2690 quiddam
697 2633 818 2673 esse
876 2625 1073 2686 printer
1123 2616 1258 2679 lucc,
1292 2621 1386 2666 aut
1416 2612 1744 2682 compositio
1781 2613 1886 2666 ulla
1920 2612 1973 2666 in

388 2714 730 2784 simplicibus
772 2711 1115 2780 excogitetur
1156 2726 1171 2761 :
1211 2716 1326 2762 tum
1363 2707 1526 2762 etiam
1562 2710 1690 2777 quia
1718 2707 1976 2762 divinitas

385 2810 640 2880 p‘l’SOﬂiS
689 2803 1099 2877 quodammodo
1157 2801 1523 2858 coessentiata
1555 2810 1658 2856 est.
1705 2800 1977 2855 Execssus

390 2913 571 2956 autem
627 2915 691 2955 ac
736 2897 985 2953 defectus
1039 2899 1242 2951 missos
1283 2894 1578 2961 faciamus,
1634 2910 1733 2972 nec
1793 2894 1979 2963 plures

389 3011 654 3067 personas
715 2995 892 3048 tribus
948 2992 1301 3054 confitentes,
1359 3006 1459 3045 nec
1503 2990 1814 3059 pauciores.
1863 2987 1977 3049 Vel,

391 3109 489 3147 nec
512 3091 859 3156 excedentes,
884 3096 942 3141 ut
967 3088 1154 3153 Arius,
1204 3102 1328 3141 eum
1358 3098 1467 3139 tres
1496 3095 1721 3138 naturas
1777 3084 1983 3138 inducit

394 3191 526 3252 (tilia
558 3183 704 3238 enim
732 3181 834 3250 est)
859 3197 875 3246 ;
903 3195 1004 3234 nec
1029 3179 1366 3242 deficientes,
1395 3187 1453 3231 ut
1481 3176 1775 3240 Sabellius,
1820 3192 1981 3231 unam
2015 3186 2054 3239 (ζ

391 3293 684 3348 personam
740 3275 1045 3340 afﬁrmans,
1076 3289 1202 3328 cum
1253 3283 1365 3326 tres
1422 3272 1556 3328 sint.
1607 3271 1717 3326 Nec
1777 3270 1980 3325 unione

394 3371 776 3425 i-oafusionem
826 3367 1117 3432 facientes,
1146 3382 1412 3437 personas
1458 3366 1669 3421 scilicet
1703 3381 1809 3419 non
1843 3366 1981 3418 uivi-

393 3465 572 3518 dendo
630 3463 758 3535 (hoc
829 3463 976 3516 enim
1033 3470 1118 3516 est
1166 3458 1470 3527 confusio),
1519 3461 1980 3529 quemadmodum

392 3555 520 3608 fecit
561 3553 858 3617 Sabellius,
892 3561 1005 3607 tres
1047 3567 1313 3621 personas
1350 3553 1403 3604 in
1430 3567 1595 3604 unam
1649 3553 1982 3606 contraliens

390 3658 557 3713 atque
591 3645 950 3714 permiscens.
987 3642 1098 3698 Nec
1121 3643 1392 3696 divisione
1430 3641 1830 3712 sejunctiouem
1867 3644 1984 3695 etiis

389 3743 623 3803 cientes,
681 3739 1050 3794 substantiam
1113 3736 1368 3792 videlicet
1421 3751 1532 3789 nou
1606 3737 1982 3790 contrahendo

394 3838 522 3898 (hoc
548 3847 692 3886 enim
725 3831 995 3899 sejunctio
1019 3827 1146 3898 est),
1178 3843 1290 3896 quo
1314 3827 1694 3898 prorupitArii
1727 3828 1981 3891 audacia,

391 3940 516 3977 eum
546 3923 885 3978 divinitatem
920 3921 976 3975 in
1031 3929 1142 3975 tres
1168 3928 1398 3974 naturas
1430 3935 1460 3973 a
1496 3935 1555 3974 se
1587 3920 1818 3974 invicem
1849 3921 1982 3973 alie-

393 4035 491 4070 nas
517 4015 724 4070 divisit.

465 4129 538 4181 Ae
574 4124 933 4190 Sabellismus
963 4123 1182 4194 quidem
1215 4122 1560 4177 .Iudaismutn
1590 4122 1780 4186 refert,
1817 4122 1983 4176 nimi-

394 4237 514 4275 rum
568 4235 732 4275 nuam
818 4220 982 4273 trium
1060 4219 1374 4288 hypostasin
1440 4228 1711 4282 statuens,
1758 4232 1982 4287 remque

397 4329 560 4366 unam
592 4313 740 4366 varia
783 4312 1006 4366 nomina
1039 4310 1329 4364 habentem
1367 4325 1488 4364 esse
1524 4311 1734 4372 dicens,
1762 4310 1976 4366 Patrem

390 4417 448 4459 rt
479 4405 672 4459 Filium
706 4415 760 4460 et
793 4405 1058 4472 Spiritum
1090 4413 1340 4458 sanctum
1367 4420 1381 4469 ;
1414 4405 1757 4458 Arianismus
1797 4416 1978 4458 autem

390 4514 517 4551 inin
549 4497 873 4552 ethnicismo
903 4497 1179 4561 convenit,
1214 4506 1399 4565 utpote
1438 4512 1532 4565 per
1565 4501 1726 4551 trium
1762 4507 1982 4551 natura-

396 4607 517 4644 rum
564 4591 928 4645 assertionem
980 4589 1206 4642 deorum
1241 4588 1645 4642 multitudinem
1701 4589 1981 4644 invehens.

397 4688 483 4745 lit,
503 4683 967 4753 quemadmodum
999 4683 1075 4736 ait
1099 4697 1331 4752 magnus
1364 4681 1653 4752 Dionysius
1672 4681 1977 4748 Ronmuus,

393 4779 582 4832 Ariani
612 4793 734 4831 cum
762 4775 987 4831 Sabellii
1021 4777 1292 4830 sententia
1324 4791 1388 4828 ex
1419 4775 1689 4830 diametro
1714 4788 1979 4847 pugnant.

395 4871 664 4926 Sabe-llius
722 4871 868 4925 enim
917 4869 1170 4924 eumdem
1232 4885 1352 4923 esse
1416 4869 1612 4923 Filium
1673 4879 1728 4925 et
1768 4872 1980 4926 Patrem

394 4962 559 5030 impie
594 4964 812 5025 asserit,
838 4972 892 5016 et
926 4973 1116 5016 contra
1144 4962 1393 5016 eumdem
1429 4963 1642 5017 Patrem
1669 4975 1722 5019 et
1743 4964 1980 5032 Filium;

391 5057 578 5110 Ariani
667 5066 848 5111 autem
895 5065 1005 5112 tres
1048 5058 1181 5113 deos
1216 5060 1623 5128 quodammodo
1657 5065 1974 5131 pranlicaut,

390 5161 641 5206 sanctam
689 5151 952 5205 unitatem
994 5151 1048 5202 in
1084 5161 1192 5206 tres
1223 5167 1486 5220 personas
1522 5155 1662 5208 inter
1686 5171 1743 5210 se
1768 5157 1977 5212 alienas

389 5256 459 5293 ac
517 5258 742 5310 prorsus
815 5251 1095 5312 separatas
1144 5244 1473 5300 dividentes.
1530 5247 1784 5302 Divinum
1836 5253 1980 5305 enim

397 5332 632 5386 Verbum
685 5332 795 5388 Deo
843 5349 1026 5388 rerum
1077 5335 1455 5391 universarum
1493 5345 1705 5393 unitum
1740 5357 1861 5397 esse
1891 5361 1984 5398 ne-

392 5441 546 5479 ((5550
577 5435 680 5487 est,
740 5441 804 5480 ac
850 5425 1114 5496 Spiritum
1152 5439 1402 5484 sanetum
1441 5431 1493 5484 in
1535 5431 1643 5487 Deo
1691 5435 1892 5500 inesse,
1924 5454 1986 5492 ac

393 5530 674 5587 postremo
751 5518 994 5572 divinam
1072 5518 1399 5576 Trinitatem
1462 5523 1516 5577 in
1582 5543 1751 5581 unum
1816 5529 1984 5586 Deum

466 5638 508 5666 ³⁷
544 5636 558 5688 Ι
591 5637 716 5692 Cor.
751 5655 866 5700 vui,
896 5639 952 5694 6.
1029 5642 1112 5695 ’δι
1149 5642 1271 5697 Cor.
1308 5660 1344 5707 ι,
1375 5646 1428 5699 9.

465 5753 540 5832 (7-)
579 5753 845 5807 Dividitur
875 5757 1202 5832 quidenultl
1237 5770 1340 5819 est.
1407 5769 1683 5819 contraria
1726 5769 1866 5821 inter
1924 5789 1982 5828 se

391 5830 691 5905 conjuncta
717 5836 864 5890 sunt,
894 5830 1038 5908 quod
1062 5831 1260 5910 mirum
1295 5842 1379 5886 est
1409 5853 1422 5887 :
1457 5837 1716 5892 nimirum
1751 5842 1978 5895 diviso-

391 5902 452 5949 ni
493 5902 695 5958 unitas,
721 5907 772 5949 et
801 5902 1178 5963 coniunctioni
1203 5903 1403 5958 divisio
1455 5925 1467 5961 :
1512 5909 1583 5962 ita
1621 5919 1679 5963 ut
1714 5927 1814 5965 nec
1839 5912 1979 5967 divi-

1507 5648 1550 5678 ³³
1592 5649 1802 5706 Coloss.
1837 5671 1896 5719 ιι,
1937 5659 2023 5712 19.

2069 558 2224 623 quasi
2261 557 2313 610 in
2349 559 2559 627 apicem
2593 561 2884 629 quemdam
2922 571 2974 615 et
3006 562 3284 632 fastigium
3315 563 3501 633 colligi
3528 579 3661 618 ceu-

2071 647 2325 718 trahique
2351 649 2575 702 omnino
2614 651 2987 705 necessarium
3027 662 3132 707 est.
3158 652 3294 706 Nam
3322 654 3425 708 hac
3450 655 3662 708 ratione

2070 741 2228 793 nobis
2263 740 2464 794 divina:
2503 739 2789 797 Trinitatis
2840 745 3088 797 doctrina
3123 756 3177 798 ct
3206 753 3394 798 ειιηριι
3436 747 3662 800 uui:atis

2071 832 2387 900 pr:e«.licatio
2425 835 2719 889 constabit.
2762 836 2866 890 Sed
2899 837 3181 892 videamus
3205 837 3333 906 quid
3368 837 3660 906 signiticet,

2069 940 2130 977 cr
2200 925 2488 980 diametro.
2553 926 2828 984 Diameter
2879 930 2930 982 in
2987 931 3211 986 circulis
3267 940 3348 986 est
3407 931 3657 1000 quaedam

2073 1030 2216 1073 recta
2264 1020 2426 1084 linea,
2477 1038 2620 1091 quae,
2661 1039 2758 1092 per
2783 1033 3032 1078 centrum
3069 1027 3253 1091 ducta,
3279 1024 3332 1078 in
3371 1034 3663 1096 utramque

2072 1123 2278 1181 partem
2341 1117 2686 1180 terminatur,
2737 1127 2901 1187 atque
2956 1119 3009 1171 in
3053 1121 3187 1172 duas
3240 1132 3426 1184 atquas
3478 1129 3662 1186 partes

2070 1206 2336 1259 circaluttl
2371 1219 2539 1272 seca',
2573 1208 2841 1263 diatneter
2878 1211 3022 1264 dicta
3054 1213 3204 1281 παρᾶ
3240 1211 3300 1263 τὸ
3336 1209 3663 1278 διαμεῖρεῐν

2069 1299 2160 1350 τὸν
2190 1300 2310 1351 ὅλον
2339 1300 2540 1355 κύκλον
2568 1304 2647 1364 ei;
2684 1304 2779 1354 ἴσα
2804 1303 2897 1356 δύο
2928 1303 3094 1374 μέρη,
3121 1303 3172 1357 id
3195 1302 3458 1372 est,quod
3492 1313 3664 1356 letum

2070 1392 2338 1444 circulum
2379 1395 2429 1445 in
2463 1393 2601 1448 duas
2653 1405 2833 1463 partes
2876 1395 3115 1464 aequales
3153 1396 3490 1448 dimetiatur.
3537 1391 3664 1445 Sola

2071 1485 2215 1536 enim
2272 1485 2386 1538 lucc
2438 1485 2579 1538 linea
2620 1486 2672 1540 id
2707 1485 2897 1540 eitieit.
2935 1487 2992 1540 lu
3026 1485 3422 1556 quadrangulis
3449 1491 3659 1546 autem,

2073 1578 2154 1629 vel
2211 1578 2375 1630 etiam
2428 1579 2481 1631 in
2537 1578 2928 1648 quadrilateris
2985 1579 3215 1648 figuris,
3264 1577 3533 1632 diameter
3587 1585 3670 1631 est

2072 1669 2322 1739 qua~dam
2366 1678 2515 1724 recta
2551 1670 2688 1724 linea
2740 1669 2809 1724 ab
2846 1670 3046 1740 angulo
3091 1671 3157 1724 ad
3195 1670 3455 1740 anguium
3482 1670 3668 1731 ducta,

2075 1763 2128 1814 in
2193 1762 2331 1814 duas
2370 1762 2608 1830 aequales
2661 1772 2841 1830 partes
2890 1763 3129 1832 spatium
3174 1763 3453 1818 scindens.
3490 1763 3671 1828 Quare

2075 1871 2135 1908 ea
2175 1872 2238 1908 ex
2271 1854 2540 1908 diametro
2599 1855 2851 1924 opposita
2904 1855 3186 1916 dicuntur,
3249 1870 3372 1925 qua:
3431 1855 3670 1921 multum

2077 1947 2216 2000 inter
2241 1962 2300 2001 se
2334 1948 2560 2010 distant,
2581 1947 2868 2016 quoniam,
2908 1955 3018 2000 tam
3053 1946 3107 2000 in
3140 1947 3363 2002 circulis
3417 1963 3582 2016 quam
3617 1947 3670 1999 in

2073 2039 2465 2109 quadrangulis
2525 2050 2620 2093 aut
2670 2039 3081 2110 quadrilateris,
3158 2041 3308 2093 nulla
3361 2041 3538 2110 major
3585 2049 3672 2099 est

2076 2132 2246 2186 sectio
2295 2148 2458 2200 quam
2509 2147 2571 2186 ea
2621 2148 2744 2200 qua:
2797 2148 2891 2200 per
2926 2132 3255 2186 diametrum
3290 2132 3366 2185 fit.
3409 2131 3669 2197 Quando-

2076 2225 2296 2293 quidem
2319 2225 2506 2293 igitur,
2535 2234 2588 2277 et
2617 2224 2841 2279 Sabellii
2870 2226 3201 2291 contractio,
3230 2235 3285 2280 et
3308 2225 3423 2280 Arii
3448 2226 3670 2288 divisio.

2080 2316 2309 2368 unitatis
2347 2331 2411 2369 ac
2452 2316 2823 2372 multitudinis
2872 2318 3014 2371 inter
3049 2333 3109 2374 se
3141 2318 3408 2372 rationem
3447 2317 3672 2376 italu-nt.

2079 2424 2140 2460 ex
2204 2409 2471 2461 diametro
2534 2409 2758 2477 quidem
2799 2410 2939 2462 inter
2993 2425 3053 2464 se
3095 2411 3348 2480 opposita
3391 2420 3520 2465 sunt
3560 2409 3675 2464 haec

2081 2501 2246 2561 mala,
2303 2501 2406 2554 hoc
2457 2513 2562 2564 est,
2615 2501 2850 2556 maxime
2888 2502 3200 2565 contraria,
3237 2517 3426 2556 verum
3477 2501 3675 2571 impie~

2081 2602 2188 2645 tate
2247 2593 2421 2660 paria,
2459 2603 2643 2661 utpote
2677 2610 2829 2663 teque
2883 2595 3192 2664 perniciosa
3229 2613 3244 2649 :
3281 2595 3484 2648 malum
3523 2595 3674 2649 enim

2083 2684 2368 2751 utriusque
2400 2686 2609 2754 aequale
2639 2697 2742 2751 est,
2770 2687 2986 2739 tametsi
3025 2688 3074 2739 in
3112 2686 3408 2740 contrariis
3435 2687 3676 2756 reperia-

2083 2785 2188 2828 tur.
2219 2775 2387 2829 Nobis
2411 2788 2610 2842 autem,
2632 2789 2688 2829 ut
2711 2793 2835 2831 cum
2861 2781 2894 2830 Α
2909 2778 3120 2847 postulo
3138 2779 3352 2848 loquar,
3374 2796 3510 2832 unus
3538 2778 3676 2832 Deus

2082 2867 2262 2930 Pater,
2287 2884 2351 2921 ex
2372 2885 2472 2936 quo
2491 2870 2690 2932 omnia,
2710 2885 2845 2921 unus
2863 2869 3117 2923 Dominus
3133 2871 3290 2925 Jesus
3309 2870 3574 2932 Christus,
3589 2887 3670 2939 pet

2082 2977 2232 3031 quem
2263 2961 2464 3027 omnia,
2484 2974 2528 3014 et
2551 2978 2684 3014 unus
2701 2959 2934 3028 Spiritus
2962 2975 3198 3028 sanctus,
3221 2965 3273 3017 in
3293 2981 3395 3034 quo
3415 2965 3595 3017 omnia
3610 2964 3656 2994 '7

2088 3053 2210 3108 ILec
2238 3065 2420 3109 autem
2444 3057 2569 3118 tria,
2592 3072 2813 3126 nempe:
2845 3056 2927 3110 Ea:
2949 3073 3073 3128 quo,
3100 3074 3191 3127 per
3221 3075 3370 3128 quem
3395 3059 3522 3113 etin
3553 3073 3676 3127 quo,

2092 3157 2312 3202 naturas
2342 3157 2395 3200 et
2429 3149 2770 3204 substantias
2804 3150 3029 3203 minimc
3064 3149 3328 3204 scindunt
3353 3190 3367 3214 ,
3404 3152 3677 3218 quemad-

2091 3239 2311 3291 mnium
2351 3238 2590 3292 lueretici
2623 3239 2916 3304 blateraut,
2947 3239 3096 3293 Patri
3132 3239 3217 3292 Ea:
3252 3257 3356 3310 quo
3384 3241 3676 3307 assignan-

2085 3343 2185 3393 t-s,
2212 3332 2350 3385 Filio
2378 3331 2481 3384 Per
2515 3348 2689 3400 quem,
2720 3341 2770 3386 et
2797 3329 3028 3402 Spiritui
3057 3340 3251 3387 sancto
3291 3331 3356 3385 In
3389 3349 3510 3402 quo.
3541 3331 3677 3386 Nam

2088 3426 2133 3479 si
2179 3429 2314 3486 tunc,
2381 3435 2439 3478 ut
2500 3424 2602 3494 ipsi
2656 3425 2982 3492 opinantur,
3042 3433 3270 3480 naturas
3335 3438 3679 3496 separarent,

2092 3533 2437 3590 nequaquam
2490 3518 2558 3572 ab
2593 3533 2703 3572 uno
2727 3517 2854 3574 loco
2883 3519 2937 3572 in
2969 3518 3136 3576 alium
3175 3521 3354 3574 locmn
3389 3531 3483 3574 Ira
3513 3523 3680 3576 sil-eu

2091 3612 2172 3665 lue
2219 3609 2634 3681 praepositiones
2667 3626 2754 3674 ex,
2809 3628 2902 3679 per
2945 3621 3000 3666 et
3047 3613 3141 3678 in;
3183 3629 3372 3668 verum
3409 3614 3474 3667 de
3523 3613 3680 3667 Patre

2088 3717 2306 3769 semper
2359 3701 2658 3766 diceretur,
2696 3699 2780 3754 Ex
2825 3718 2970 3771 quo;
3025 3705 3093 3758 de
3149 3704 3289 3758 Filio
3331 3716 3542 3771 autem,
3585 3705 3678 3760 Pet

2088 3810 2273 3862 quem;
2302 3803 2356 3850 et
2383 3795 2448 3848 de
2482 3792 2688 3862 Spiritu
2723 3802 2940 3859 sancto,
2975 3793 3044 3848 In
3081 3813 3208 3866 quo.
3245 3797 3408 3865 Atqui
3443 3800 3587 3852 inter
3625 3816 3682 3852 se

2091 3894 2392 3939 mutantur.
2438 3883 2808 3939 Ostendemus
2887 3885 3031 3939 enim
3092 3901 3195 3942 nec
3275 3886 3490 3942 Patrem
3549 3890 3682 3944 illud

2093 3975 2176 4034 Ex
2215 3992 2315 4044 quo
2371 3974 2758 4044 accipientem,
2793 3973 2933 4029 Filio
2995 3975 3104 4028 Per
3147 3993 3300 4045 quem
3352 3979 3682 4047 reliquisse;

2091 4081 2190 4119 nec
2216 4081 2406 4120 rursus
2439 4065 2633 4120 Filium
2664 4065 2734 4119 ab
2765 4066 2960 4120 barum
2995 4068 3389 4135 particularum
3420 4084 3682 4125 commu-

2092 4160 2288 4224 uioue,
2338 4158 2420 4210 Ea:
2457 4174 2584 4228 quo,
2621 4168 2674 4212 et
2716 4158 2825 4213 Per
2860 4175 3053 4228 quem,
3105 4160 3368 4228 Spiritum
3425 4172 3682 4217 sanctum

2095 4267 2300 4305 arcere.
2328 4248 2460 4304 Nam
2503 4260 2557 4306 ct
2591 4251 2657 4304 de
2697 4252 2854 4306 Patre
2883 4251 3086 4306 dicitur
3106 4253 3210 4307 Per
3244 4271 3399 4324 quem
3433 4273 3449 4309 :
3479 4253 3684 4308 Fidelis

2089 4341 2260 4405 enim,
2307 4340 2508 4409 inquit,
2539 4340 2680 4394 Deus
2711 4358 2804 4410 per
2834 4345 3192 4412 quaint-orati
3243 4361 3426 4400 smnus
3463 4347 3531 4398 ad
3560 4364 3682 4416 par-

2091 4433 2451 4500 ticipationem
2489 4430 2624 4486 Filii
2667 4436 2750 4487 sui
2781 4435 2844 4488 ’⁸.
2880 4433 2946 4487 Ει
2988 4435 3056 4490 de
3117 4435 3278 4497 Filio,
3316 4435 3399 4489 Ea:
3446 4454 3588 4502 quo;
3626 4438 3682 4492 iu

2019 4531 2061 4584 ι)
2093 4523 2331 4595 Epistula
2366 4525 2510 4578 enim
2551 4525 2618 4580 ad
2657 4525 3014 4582 Colossenses
3045 4528 3112 4582 ad
3137 4544 3250 4595 eos,
3278 4529 3370 4597 qui
3405 4527 3682 4598 Unigeniti

2093 4619 2406 4688 Cognitione
2430 4620 2712 4683 carebant,
2737 4621 2944 4676 dictum
2975 4628 3060 4676 est
3091 4641 3105 4676 :
3143 4620 3268 4676 Non
3294 4632 3469 4676 tenens
3502 4635 3682 4689 capu',

2085 4711 2134 4765 id
2169 4723 2271 4776 est,
2306 4713 2612 4776 Christum,
2640 4729 2705 4766 ea:
2739 4730 2841 4781 quo
2876 4730 3027 4767 omne
3076 4731 3268 4783 corpus
3303 4733 3395 4784 per
3437 4719 3686 4769 commis-

2082 4821 2236 4858 suras
2272 4815 2318 4858 et
2351 4807 2685 4874 compagiues
2728 4805 3196 4858 subtiliuistratum
3243 4810 3429 4861 crescit
3473 4812 3530 4861 in
3589 4826 3686 4862 au-

2083 4905 2346 4964 gmetttum
2384 4895 2480 4948 Dei
2513 4897 2578 4949 ’9.
2624 4897 2689 4949 Et
2740 4914 2930 4968 rursus
2957 4897 3144 4951 eodem
3183 4901 3350 4951 modo
3372 4900 3437 4953 de
3475 4899 3685 4968 Spiritu

2085 4997 2300 5049 sancto,
2336 4984 2420 5036 Ea:
2467 5002 2570 5055 quo
2624 4986 2848 5040 dicitur.
2881 4985 2984 5050 Qui
3030 4987 3190 5049 enim,
3223 4988 3420 5055 inquit,
3453 4990 3684 5041 seminat

2087 5081 2140 5133 iu
2167 5078 2394 5147 Spiritu,
2425 5095 2489 5132 ea:
2515 5079 2721 5148 Spiritu
2747 5089 2898 5134 metet
2924 5081 3086 5134 vitam
3119 5092 3377 5135 retentam
3400 5081 3466 5134 ³ο.
3501 5085 3683 5152 Atque

2085 5175 2249 5228 etiam
2309 5174 2375 5228 de
2421 5173 2610 5228 eodem
2660 5171 2766 5227 Per
2815 5190 2968 5244 quem
3015 5176 3263 5230 dicitur:
3317 5175 3486 5232 Nobis
3515 5179 3677 5246 enim,

2087 5265 2284 5334 inquit,
2323 5263 2462 5317 Deus
2489 5281 2582 5332 per
2608 5262 2870 5334 Spiritum
2911 5266 3156 5321 reuelauit
3191 5267 3259 5320 ³¹.
3289 5267 3492 5322 Eadem
3532 5269 3682 5323 etde

2088 5358 2318 5427 syllaba,
2356 5354 2448 5417 iu,
2498 5357 2680 5411 dicere
2732 5372 3049 5426 possumus,
3081 5374 3247 5426 quam
3297 5362 3463 5414 etiam
3523 5359 3678 5415 Scri-

2086 5461 2266 5517 ptura,
2300 5451 2365 5503 de
2421 5450 2582 5504 Patre
2642 5451 2803 5504 verba
2867 5450 3096 5514 faciens,
3143 5453 3431 5507 admittit:
3468 5451 3534 5505 In
3573 5451 3681 5506 Deo

2087 5539 2248 5601 enim,
2284 5538 2495 5607 inquit,
2548 5539 2638 5606 qui
2688 5539 2870 5591 omnia
2904 5541 3101 5594 creavit
3122 5540 3188 5594 ³³.
3225 5543 3400 5608 Atque
3431 5540 3497 5594 ad
3534 5539 3680 5595 hunc

2106 5659 2147 5688 ³ο
2177 5657 2446 5720 Galat.\'t,
2479 5655 2529 5707 8.
2637 5655 2677 5686 ³¹
2709 5656 2724 5708 Ι
2761 5655 2889 5710 Cor.
2932 5673 2991 5722 II,
3033 5656 3118 5710 10.

2092 5774 2173 5827 sio
2209 5775 2412 5825 unione
2453 5781 2658 5834 careat,
2686 5759 2816 5826 ‘nec
2854 5788 3048 5827 rursus
3081 5770 3213 5824 unio
3261 5772 3553 5826 divisionis
3607 5771 3674 5824 sit

2088 5859 2303 5912 expers.
2357 5845 2480 5896 llaec
2507 5843 2560 5895 in
2601 5843 2788 5897 codice
2825 5843 3045 5910 Regina:
3091 5844 3532 5910 interpretationi
3583 5839 3650 5899 Ni

2088 5928 2219 5969 Ct'ltl:
2243 5914 2470 5968 confuse
2501 5915 2707 5969 insecta
2739 5915 2804 5968 ad
2843 5915 3047 5968 calcem
3083 5913 3310 5983 rejicere
3357 5914 3533 5969 libuit.

3199 5656 3243 5686 ³²
3279 5651 3476 5726 Eplies.
3508 5670 3591 5720 ιιι,
3623 5655 3690 5711 9.
