4100 6414
461 270 591 337 1231

1857 273 2230 334 ADDEN’DA.

3582 292 3723 355 1232

3617 336 3720 355 -J-

448 390 680 442 modum
737 388 835 442 has
870 386 1283 457 praepositiones
1325 399 1717 456 nonnunquam
1758 385 2032 441 immutari
2064 391 2108 448 Α
2143 389 2264 441 licet
2297 403 2398 442 non
2439 401 2559 460 post
2591 390 2824 446 Patrim.
2883 393 3120 465 Spiritus
3167 411 3391 458 sanctus
3441 421 3566 462 vere
3607 420 3713 481 Spi-

453 481 974 537 dcmonstravitnus.
1046 478 1307 548 Sequitur
1371 477 1484 548 jam
1566 490 1624 532 ut
1682 480 2037 534 ostendamus

458 574 638 642 ipsum
672 588 886 644 quoque
914 571 1196 625 nominum
1230 569 1476 624 ordinem
1516 571 1806 640 aliqunties
1839 573 2036 625 inverti

460 675 623 735 atque
667 667 969 734 transponi,
1005 679 1104 718 nec
1157 661 1372 718 Patrem
1421 679 1636 733 semper
1696 665 1872 734 primo
1915 667 2037 719 loco

459 757 758 818 numerari,
789 755 986 809 Filium
1022 759 1282 818 secundo,
1318 768 1368 810 et
1399 757 1558 810 tertio
1593 755 1858 826 Spiritum
1909 774 2038 812 Sall-

456 861 602 901 ctuut
643 865 657 902 :
689 848 782 902 sed
835 846 1000 901 etiam
1035 855 1344 916 permutato
1374 856 1538 916 atque
1565 848 1782 902 inverso
1821 849 2033 912 ordine,

458 949 514 993 ul
541 940 592 992 in
623 939 716 993 illo
753 939 1000 1010 Apostoii
1035 941 1154 994 loco
1187 958 1200 994 :
1241 937 1428 993 Gratia
1464 939 1677 993 Domini
1708 942 1877 994 nostri
1906 939 2034 994 Iesu

454 1030 690 1095 Christi,
741 1044 786 1083 et
849 1029 1085 1084 charitas
1132 1029 1226 1083 Dei
1268 1029 1487 1095 Patris,
1520 1039 1570 1082 et
1625 1032 2035 1084 communicatio

453 1123 624 1175 sancti
654 1120 885 1190 Spiritus
918 1124 987 1175 sit
1023 1139 1140 1175 cum
1168 1121 1409 1175 omnibus
1439 1122 1580 1176 vobis
1605 1121 1671 1177 ³³.
1701 1123 1764 1175 Ει
1793 1139 1984 1178 rursus
2014 1141 2028 1178 :

454 1214 750 1268 Divisiones
801 1214 1101 1285 gratiarum
1155 1223 1300 1277 sunt,
1341 1215 1478 1268 idem
1532 1225 1708 1268 autem
1750 1212 1982 1284 Spiritus
2012 1227 2034 1268 :

450 1319 500 1359 ct
532 1307 816 1360 divisiones
868 1307 1319 1360 ministrationum
1353 1315 1498 1370 sunt,
1535 1307 1672 1360 idem
1698 1317 1874 1361 autem
1927 1310 2034 1360 Bo-

449 1399 623 1450 minus
659 1414 678 1451 :
721 1408 768 1451 et
806 1399 1085 1452 divisiones
1113 1399 1479 1462 operationnm
1515 1408 1658 1462 sunt,
1686 1400 1825 1452 idem
1857 1409 2033 1454 autem

447 1485 589 1541 Deus
608 1485 672 1540 “.
708 1488 788 1541 En
839 1488 1115 1558 quomodo
1162 1489 1214 1542 in
1253 1488 1338 1542 his
1375 1488 1510 1544 locis
1558 1489 1695 1543 ordo
1745 1491 2046 1545 nominum'

447 1577 702 1633 inversus
735 1578 824 1634 sit.
861 1579 1153 1634 Enimvero
1185 1581 1446 1645 haeretici,
1488 1579 1569 1633 Ea:
1607 1596 1730 1650 quo,
1759 1582 1825 1634 dc
1863 1596 2028 1636 causa

446 1669 552 1723 dici
589 1668 864 1726 affirmant
899 1688 913 1724 :
953 1670 1056 1724 Per
1107 1687 1282 1741 quem,
1314 1672 1381 1726 de
1412 1686 1618 1742 Organo
1650 1689 1664 1737 ;
1703 1670 1765 1724 In
1798 1689 1898 1742 quo
1919 1712 1935 1738 ,
1966 1675 2032 1729 de

445 1763 608 1828 loco;
661 1771 827 1830 atque
864 1762 989 1817 hine
1042 1763 1325 1832 colligunt,
1362 1763 1507 1833 quod
1557 1767 2018 1832 quennulmodunt

443 1856 547 1908 alia
606 1869 787 1909 causa:
819 1865 1014 1910 natura
1039 1865 1142 1920 est,
1178 1856 1284 1909 alia
1321 1855 1533 1926 organi,
1571 1865 1732 1927 atque
1759 1859 1862 1912 alia
1894 1860 2018 1924 loci,

444 1948 511 2001 ad
563 1949 813 2001 eumdem
859 1962 1079 2018 quoque
1126 1953 1348 2002 modum
1395 1949 1628 2015 alienus,
1652 1960 1910 2020 quantum
1954 1953 2018 2006 ad

443 2051 720 2104 naturam,
746 2049 829 2094 est
868 2039 1039 2094 Filius
1073 2057 1102 2095 a
1148 2040 1308 2096 Patre
1347 2043 1814 2114 (quandoquidem
1845 2055 1900 2099 et
1932 2061 2020 2099 or-

440 2147 639 2198 gallum
692 2133 760 2185 ab
790 2134 1044 2202 artiiice),
1073 2133 1286 2188 alienus
1323 2133 1446 2188 item
1487 2135 1721 2204 Spiritus
1754 2150 1973 2192 sanctus
2003 2156 2016 2192 :

440 2233 734 2290 quatenus,
783 2234 838 2276 et
885 2223 1026 2286 loco,
1072 2233 1125 2278 et
1159 2233 1422 2294 tempore,
1451 2226 1519 2280 ab
1569 2242 1902 2296 organorum
1938 2231 2019 2283 vel

442 2315 714 2367 artilicum
763 2325 957 2369 natura
1006 2325 1295 2384 separatus
1321 2325 1423 2370 est.
1464 2318 1531 2368 At
1561 2332 1660 2372 nos
1695 2319 1778 2373 his
1818 2337 2016 2390 propo-

441 2407 735 2460 sitionibus
767 2422 874 2461 non
908 2408 1149 2477 separari
1174 2418 1399 2462 naturas
1427 2409 1680 2477 dicimus,
1711 2412 1804 2465 sed
1837 2415 2017 2481 potius

445 2498 622 2551 uetari
656 2507 818 2567 atque
844 2499 1098 2568 exprimi,
1129 2501 1401 2569 uniusque
1426 2511 1636 2556 natura:
1661 2504 2018 2571 promietates

443 2590 735 2644 declarari.
765 2590 933 2660 quue
970 2607 1034 2646 ex
1083 2606 1151 2646 eo
1203 2592 1552 2661 perspicuum
1577 2604 1681 2660 est,
1723 2597 1866 2664 quod
1907 2607 2016 2652 tres

442 2682 527 2735 hac
586 2681 987 2751 propositiones
1037 2683 1104 2737 de
1151 2699 1262 2738 uno
1308 2683 1534 2739 Christo
1565 2687 1885 2755 complesim
1917 2705 2014 2744 ex-

441 2788 642 2840 pressa:
685 2775 1030 2844 reperiuntur
1063 2793 1076 2829 :
1115 2776 1384 2846 siquidem
1436 2775 1588 2832 Pauli
1633 2780 1699 2833 ad
1737 2778 2015 2838 Romanos

444 2864 742 2934 Epistulam
792 2866 1212 2936 haudquaquam
1241 2867 1611 2938 perfunctorie
1636 2871 1904 2940 quispiam
1948 2874 2018 2928 le-

439 2957 598 3023 gerit,
623 2957 675 3010 in
704 2973 810 3028 qua
841 2961 911 3012 ita
940 2960 1126 3014 scribit
1157 2977 1170 3013 :
1206 2959 1345 3024 Quia
1366 2977 1432 3014 cx
1465 2962 1597 3030 ipso,
1639 2974 1687 3016 et
1713 2979 1804 3032 per
1823 2966 2013 3033 ipsum,

2143 481 2278 534 ritus
2308 492 2410 536 est.
2453 481 2685 540 Sanetus
2731 499 2908 542 autem
2962 490 3231 558 adjectum
3263 505 3367 560 est,
3399 508 3458 552 ut
3498 502 3720 562 divinus

2139 570 2376 640 Spiritus
2422 574 2490 630 ab
2533 577 2600 630 iis
2657 578 3048 651 distinguatur,
3081 585 3173 653 qui
3223 587 3547 657 simpliciter
3608 600 3715 665 spi-

2139 666 2275 719 ritus
2306 676 2592 731 vocantur,
2627 669 2886 725 nimirum
2912 675 2980 727 ab
3003 677 3196 740 angelo
3230 689 3284 732 et
3315 683 3522 747 animo,
3553 697 3721 754 atque

2139 767 2302 808 aereo
2328 753 2478 811 ﬂatu.
2510 755 2644 812 Vere
2680 769 2861 815 autem
2897 764 3141 820 additum
3171 777 3274 834 est,
3310 781 3367 826 ut
3392 753 3718 833 ostendatur

2137 857 2261 896 eum
2321 847 2498 899 solum
2550 850 2768 918 proprie
2823 863 3071 907 sanctum
3104 871 3248 920 esse,
3286 871 3479 917 caetera
3526 878 3710 925 autent

2137 937 2304 1004 gratia
2345 947 2398 991 et
2429 941 2952 999 communicatione.
2991 945 3125 1001 Nam
3164 959 3436 1009 creaturis
3492 959 3717 1018 aliunde

2137 1023 2356 1079 inducta
2387 1035 2470 1082 est
2500 1030 2886 1086 sanctificatio.
2924 1033 3163 1104 Spiritus
3212 1049 3396 1096 autem
3448 1055 3718 1106 sanctitas

2137 1126 2388 1172 naturam
2445 1121 2645 1190 explet.
2682 1122 2747 1177 Et
2779 1131 3239 1194 quemadmodum
3273 1150 3414 1190 unus
3446 1137 3625 1207 Pater,
3662 1155 3716 1199 et

2137 1225 2280 1265 unus
2338 1211 2530 1277 Filius,
2597 1217 2668 1269 ita
2730 1228 2783 1271 et
2835 1235 2978 1274 unus
3053 1220 3289 1293 Spiritus
3347 1243 3592 1289 sanctus.
3638 1239 3714 1293 Ac

2135 1304 2362 1371 proinde
2395 1320 2424 1359 a
2460 1318 2651 1362 natura
2696 1320 2876 1364 ereata
2913 1321 3122 1368 tantum
3159 1332 3402 1377 remotus
3433 1341 3496 1378 ac
3525 1327 3705 1397 sejun-

2133 1405 2256 1448 ειυς
2287 1405 2390 1459 εει,
2421 1409 2684 1466 quantum
2721 1402 3025 1471 simplicem
3065 1416 3119 1459 et
3154 1408 3466 1468 absolutum
3518 1434 3702 1472 nurne-

2136 1501 2256 1540 rutn
2287 1501 2316 1542 a
2344 1490 2666 1558 compositis
2705 1493 3036 1564 diremptum
3064 1513 3186 1554 esse
3226 1517 3324 1570 par
3349 1516 3430 1560 est
3463 1524 3477 1561 :
3516 1525 3707 1567 rursus

2134 1576 2278 1632 Patri
2319 1588 2372 1633 et
2406 1580 2546 1634 Filio
2584 1591 2794 1638 tantum
2835 1588 3020 1642 unitus
3054 1601 3158 1654 est,
3213 1607 3482 1663 quantum
3525 1602 3709 1660 unitas

2133 1670 2200 1724 ad
2239 1672 2501 1727 unitatem
2559 1678 2880 1744 cognatione
2907 1679 3096 1748 juncta
3132 1694 3235 1740 est.
3268 1685 3394 1744 Nec
3421 1708 3546 1748 vero
3581 1696 3711 1753 hinc

2133 1763 2309 1816 solum
2375 1767 2652 1820 societatis
2700 1777 2754 1821 et
2789 1773 3195 1829 communionis
3243 1782 3503 1836 naturalis
3541 1801 3710 1854 argu-

2131 1861 2313 1905 menta
2346 1853 2643 1920 ducuntur,
2702 1859 2795 1911 sed
2829 1859 2991 1912 etiam
3027 1863 3153 1930 quia
3185 1880 3246 1919 ex
3281 1867 3392 1924 Deo
3417 1886 3541 1927 esse
3571 1853 3712 1932 diei-

2130 1952 2238 2006 tur,
2273 1949 2859 2016 nonquemadmodum
2891 1954 3074 2008 omnia
3099 1973 3164 2010 ex
3196 1957 3304 2014 Deo
3331 1975 3481 2030 sunt,
3517 1982 3706 2024 verum

2129 2043 2188 2087 ut
2247 2052 2310 2090 ex
2377 2036 2485 2092 Deo
2544 2041 2958 2108 prodiens,non
3003 2052 3371 2115 generationis
3425 2058 3606 2125 tnodo,
3646 2070 3706 2116 ut

2131 2124 2324 2186 Filius,
2376 2129 2468 2181 sed
2500 2134 2927 2200 progressionis,
2962 2147 3018 2191 ut
3072 2137 3306 2207 Spiritus
3337 2146 3445 2199 oris
3499 2124 3612 2218 ejus
3635 2153 3698 2209 ".

2129 2217 2251 2282 Quo
2284 2228 2430 2272 certe
2460 2220 2580 2274 loco
2614 2237 2712 2276 nec
2737 2239 2831 2292 per
2861 2241 2924 2280 os
2951 2231 3256 2286 membrum
3291 2217 3700 2309 intelligendum

2129 2320 2234 2374 est,
2267 2327 2362 2365 nec
2399 2327 2492 2380 per
2536 2312 2799 2383 Spiritum
2837 2316 2996 2374 ﬂatus
3027 2326 3298 2393 quispiam
3326 2342 3700 2391 evanescens:

2129 2418 2316 2456 verum
2343 2417 2394 2459 et
2417 2423 2500 2472 os,
2533 2418 2591 2462 ut
2625 2408 2732 2462 Deo
2764 2408 2990 2479 dignum
3024 2424 3129 2478 est,
3156 2419 3405 2488 accipere
3435 2422 3701 2484 debemus

2126 2506 2180 2550 et
2209 2512 2304 2566 per
2341 2497 2602 2565 Spiritum
2636 2501 2998 2557 substantiam
3027 2507 3202 2561 vivam
3239 2512 3553 2582 intelligere.
3589 2517 3700 2575 Nec

2129 2603 2254 2641 vero
2282 2589 2352 2643 ita
2380 2600 2699 2660 argutrntur
2732 2593 3010 2649 haeretici:
3041 2598 3098 2652 Si
3133 2603 3315 2668 germit
3341 2602 3516 2672 Pater,
3550 2612 3696 2680 inge-

2127 2681 2276 2736 nitus
2325 2697 2445 2737 esse
2497 2684 2682 2739 desiit.
2742 2683 3046 2757 lngenitutn
3094 2692 3240 2746 enim
3305 2709 3538 2766 oportet,
3587 2720 3690 2758 nou

2125 2777 2289 2828 modo
2333 2790 2363 2829 a
2398 2776 2545 2831 nullo
2571 2779 2811 2848 genitum
2856 2795 2999 2843 esse,
3031 2785 3123 2837 sel
3152 2800 3250 2840 nec
3289 2790 3456 2846 ullum
3483 2811 3698 2865 quoque

2126 2870 2399 2937 genuisse.
2427 2868 2614 2939 Neque
2656 2872 2782 2926 item
2837 2874 3030 2928 eodem
3065 2878 3228 2931 modo
3259 2881 3324 2935 de
3347 2881 3484 2938 Filio
3509 2889 3698 2960 dispu-

2127 2970 2242 3015 tent
2271 2979 2283 3014 :
2323 2961 2379 3016 Si
2404 2978 2467 3016 ex
2501 2961 2742 3032 ingenito
2797 2965 2956 3021 Patre
2984 2970 3200 3038 genitus
3229 2983 3330 3035 est,
3361 2981 3693 3048 γεννήσεως,

436 3060 486 3104 ct
517 3051 569 3103 in
595 3053 706 3120 ipso
748 3053 926 3107 omnia
945 3054 1014 3108 ³⁸.
1041 3052 1112 3108 Ex
1136 3055 1253 3125 ipso
1281 3055 1426 3110 enim
1456 3071 1542 3112 res
1560 3073 1752 3114 omnes
1769 3062 2016 3114 essentia:
2043 3097 2086 3155 ο
2125 3052 2175 3105 id
2213 3062 2316 3117 est,
2367 3056 2732 3123 generationis
2781 3073 2976 3112 nomen
3027 3063 3228 3118 amisit.
3269 3063 3498 3122 Necesse
3543 3075 3692 3126 enim

438 3160 551 3198 suae
586 3159 806 3199 causam
838 3145 1038 3201 habent
1070 3152 1367 3203 secundum
1402 3147 1497 3204 Dei
1527 3161 1578 3204 et
1617 3149 1797 3206 Patris
1824 3153 2015 3207 volun-

437 3243 627 3297 tatem,
665 3243 719 3289 ιι
751 3250 848 3304 per
893 3235 1068 3306 ipsum
1102 3237 1286 3291 omnia
1323 3249 1644 3308 permanent
1704 3250 1757 3295 et
1787 3257 2012 3297 conser-

435 3337 656 3392 vantur,
718 3335 901 3395 utpote
951 3328 1079 3396 quia
1133 3329 1316 3382 omnia
1376 3334 1600 3393 creavit,
1652 3332 2015 3403 omnibusque

436 3415 603 3468 rebus
637 3429 668 3468 a
707 3429 766 3469 se
795 3417 1116 3484 procreatis,
1141 3429 1206 3469 ea
1238 3431 1359 3484 quat
1414 3419 1481 3471 ad
1537 3421 1766 3474 salutem
1819 3437 2016 3476 conve-

434 3505 632 3569 niunt,
691 3505 1043 3559 admetiatur.
1111 3507 1189 3560 Ac
1243 3509 1475 3577 proinde
1525 3510 1592 3564 ad
1646 3526 1771 3564 eum
1829 3513 2013 3568 omnia

435 3611 496 3650 se
537 3605 884 3660 convertunt,
945 3597 1157 3652 ardenti
1220 3599 1458 3668 quodam
1521 3601 1798 3658 desiderio
1850 3615 2015 3675 atque

435 3685 697 3741 inell'abili
765 3702 976 3754 amore,
1051 3689 1116 3743 ad
1175 3691 1298 3744 vita:
1359 3691 1656 3748 Auctorem
1726 3710 2018 3766 rerunque

434 3779 877 3835 necessariarum
935 3782 1478 3840 subministratorem
1535 3787 1726 3841 oculos
1779 3800 2009 3842 conver-

433 3873 626 3925 tentia.

512 3964 631 4016 Col.
688 3965 796 4019 547
837 3964 901 4019 Β.
954 3965 1117 4020 Pater
1165 3977 1316 4037 pater
1357 3979 1458 4032 est,
1531 3981 1578 4023 ct
1633 3970 1886 4040 principii
1925 3989 2012 4027 cx-

431 4069 569 4120 pcrs,
603 4063 708 4108 etc.
754 4053 1023 4121 Quoniam
1080 4058 1406 4112 Eunomiani
1435 4063 1780 4129 paternitatis
1811 4080 2010 4118 nomen

433 4146 728 4214 improprie
783 4145 929 4200 Patri
975 4149 1219 4204 adhiberi
1273 4150 1562 4216 dicebant,
1629 4167 1737 4206 non
1797 4166 2016 4224 propter

433 4235 753 4290 relationem
796 4238 862 4293 ad
906 4237 1101 4294 Filium
1122 4282 1134 4302 ,
1160 4242 1276 4306 sed,
1305 4252 1365 4297 ut
1391 4243 1443 4297 in
1475 4247 1764 4313 creaturis,
1789 4258 2013 4318 propter

429 4325 759 4380 tﬂ’ectrici-m
788 4329 1107 4394 scientiam;
1139 4331 1365 4400 idcirco,
1390 4335 1463 4388 ait
1489 4332 1817 4406 Tlieologus,
1852 4340 2012 4393 Pater

2121 3155 2204 3199 est
2264 3146 2527 3212 genitura,
2564 3155 2618 3201 et
2661 3149 2902 3218 genitum
2937 3165 3080 3212 esse,
3114 3163 3167 3207 et
3214 3169 3243 3209 a
3291 3155 3445 3212 Patre
3484 3164 3692 3228 genito.

2112 3234 2223 3291 Nec
2282 3247 2561 3307 postremo
2592 3240 2660 3294 de
2692 3240 2897 3308 Spiritu
2933 3257 3130 3301 sancto
3169 3249 3233 3301 ad
3277 3249 3420 3305 hunc
3466 3256 3690 3311 modum

2113 3327 2386 3382 disserant
2410 3346 2425 3382 :
2451 3331 2555 3383 Aut
2591 3330 2863 3399 ingenitus
2893 3342 2997 3401 est,
3033 3347 3126 3392 aut
3163 3340 3398 3408 genitus.
3431 3341 3487 3397 Si
3542 3346 3696 3413 inge-

2114 3421 2287 3481 nitus.
2323 3419 2482 3476 Pater
2513 3422 2675 3477 fuerit
2705 3442 2718 3478 :
2746 3425 2790 3479 si
2827 3435 3006 3481 autem
3044 3431 3284 3500 genitus,
3321 3450 3452 3506 ergo
3496 3435 3686 3494 l-‘ilius.

2113 3511 2316 3568 Verum
2367 3531 2428 3570 ns
2463 3516 2596 3583 ipsis
2626 3516 2966 3584 ob-trualur,
3001 3530 3060 3575 ut
3106 3523 3272 3578 stulte
3313 3535 3479 3596 atque
3513 3531 3693 3600 inepte

2110 3607 2511 3662 cavillantibus.
2563 3607 2698 3662 Nam
2752 3627 2852 3666 nec
2903 3612 3060 3666 Pater
3119 3629 3184 3669 eo
3239 3616 3512 3687 ingenitus
3568 3638 3692 3677 esse

2112 3698 2308 3763 desiit,
2367 3703 2496 3771 quia
2549 3703 2735 3771 genuit.
2780 3704 3082 3775 (ingenitus
3142 3708 3286 3763 enim
3346 3710 3571 3776 dicitur,
3632 3729 3691 3770 ut

2113 3807 2391 3860 nunquam
2439 3795 2676 3862 genitus,
2703 3811 2807 3848 non
2837 3807 3020 3851 autem
3048 3799 3194 3868 quod
3229 3802 3451 3857 minime
3484 3821 3688 3876 genue-

2119 3883 2234 3952 rit).
2263 3881 2372 3939 Nec
2399 3882 2569 3940 Filius
2601 3887 2817 3955 genitus
2849 3904 2971 3944 esse
3001 3889 3231 3956 destitit,
3267 3895 3395 3963 quia
3424 3913 3487 3951 ex
3535 3899 3688 3968 inge-

2112 3975 2230 4028 nito
2289 3976 2504 4044 genitus
2551 3976 2623 4030 sit
2684 3975 2923 4047 (genitus
2978 3981 3123 4034 enim
3175 3993 3295 4049 est,
3355 4001 3461 4040 non
3519 4001 3576 4042 ut
3623 4007 3686 4044 ex

2111 4064 2292 4132 genito
2345 4064 2503 4119 Patre
2542 4069 2778 4134 genitus,
2805 4069 2899 4123 sed
2947 4079 3004 4124 ut
3040 4071 3217 4127 solum
3271 4077 3532 4147 genitus).
3577 4077 3688 4135 Nec

2111 4155 2343 4226 denique
2395 4155 2630 4227 Spiritus
2690 4169 2936 4227 sanctus,
2999 4171 3092 4217 aut
3145 4163 3198 4218 in
3246 4164 3460 4223 Patrem
3492 4182 3586 4226 aut
3629 4174 3684 4226 in

2111 4243 2309 4301 Filium
2343 4250 2613 4304 concessit
2653 4250 2776 4322 (nec
2800 4254 2944 4307 enim
2977 4254 3278 4324 ingenitus,
3299 4268 3354 4314 et
3380 4261 3595 4330 genitus
3620 4281 3687 4318 ex

2109 4355 2296 4395 eorum
2322 4356 2551 4396 numero
2592 4351 2742 4408 sunt,
2772 4360 2893 4412 qua:
2919 4345 3096 4400 medio
3127 4358 3337 4412 carent,
3365 4361 3421 4404 ut
3452 4353 3685 4409 alterum

430 4426 585 4485 pater
607 4429 711 4480 est,
743 4419 846 4473 hoc
874 4431 978 4486 est,
1005 4436 1129 4477 vere
1167 4422 1349 4489 Pater,
1378 4437 1436 4480 ut
1461 4427 1767 4497 quiFilium
1807 4447 2008 4500 geuue-
2043 4441 2085 4496 ι)
2119 4433 2310 4486 horum
2348 4431 2572 4504 Spitilui
2619 4436 2931 4490 necessario
2961 4437 3310 4492 tribuendum
3346 4441 3460 4512 sit).
3488 4440 3686 4498 Verum

433 4511 504 4562 rit
527 4550 540 4570 ,
575 4516 630 4563 et
658 4512 909 4581 principii
937 4529 1178 4583 expers;
1223 4532 1399 4588 neque
1430 4521 1576 4574 enim
1607 4537 1674 4576 ex
1711 4539 2012 4593 quoquam,

429 4617 606 4670 neque
640 4618 669 4656 a
701 4604 902 4674 seipse,
946 4621 1123 4676 neque
1155 4609 1224 4664 ab
1251 4610 1422 4666 altero
1447 4621 1628 4666 ortum
1659 4614 1844 4668 habet.
1873 4615 2009 4670 Nam

429 4695 524 4761 qui
572 4711 697 4750 vere
741 4697 890 4752 solus
942 4710 1097 4766 pater
1148 4709 1252 4767 est,
1288 4717 1354 4756 ex
1389 4704 1537 4758 nullo
1582 4705 1754 4760 altero
1797 4718 1899 4763 est.
1935 4713 2012 4764 Ac

434 4803 626 4842 rursus
663 4788 855 4853 Filius,
886 4791 1029 4845 lilius
1080 4802 1180 4855 est,
1214 4811 1344 4858 non,
1380 4809 1440 4848 ut
1497 4809 1774 4863 creatura,
1808 4817 2003 4856 nomen

430 4878 573 4932 istud
612 4889 967 4946 consecutus,
1001 4885 1153 4951 juxta
1191 4885 1322 4938 illud
1361 4902 1373 4938 :
1412 4885 1589 4941 Filius
1632 4891 2006 4960 primogenitus

429 4985 575 5021 meus
627 4969 884 5026 Israel”.
941 4971 1073 5026 Nam
1110 4975 1212 5029 hoc
1259 4977 1378 5031 loco
1422 4978 1590 5033 dictio
1621 4977 1740 5032 Filii
1793 4998 1896 5034 non
1951 4994 2008 5034 ut

429 5076 682 5117 creatura
712 5067 1026 5135 accipienda
1057 5079 1141 5122 est
1179 5087 1193 5122 :
1238 5072 1332 5125 sed
1367 5074 1584 5142 pr0prie
1621 5070 1814 5135 Filius,
1845 5085 2007 5144 atque

429 5170 458 5207 a
489 5153 644 5208 Patre
674 5172 773 5210 suo
808 5160 1022 5225 genitus
1060 5178 1073 5214 :
1113 5165 1206 5231 qui
1246 5165 1436 5227 etiam,
1468 5174 1734 5234 quantum
1782 5168 1846 5220 ad
1874 5179 2008 5220 tem-

428 5247 579 5315 poris
629 5249 977 5318 principium,
1012 5255 1285 5324 principio
1320 5265 1491 5311 caret.
1523 5256 1655 5311 Nam
1691 5260 1784 5327 qui
1819 5261 2003 5313 omnia

431 5339 658 5404 creavit,
716 5341 908 5410 utique
982 5356 1036 5398 et
1091 5354 1363 5415 tempora.
1418 5345 1750 5418 Tcmporutn
1823 5363 2002 5404 autem

429 5431 656 5486 Creator
688 5434 929 5502 profecto
971 5440 1197 5507 tempori
1226 5454 1568 5509 nequaquam
1597 5445 1804 5498 subest.
1829 5446 2006 5514 Atque

425 5526 588 5577 etiam
647 5527 978 5597 principium
1047 5531 1233 5597 habet,
1281 5542 1551 5602 quatenus
1596 5551 1662 5590 ex
1709 5535 1865 5590 Patre
1895 5547 2000 5600 est,

497 5681 541 5713 "
563 5682 604 5737 ll
636 5685 762 5740 Cor.
800 5704 920 5754 xm,
949 5690 1032 5744 15.
1114 5689 1157 5720 ³⁸
1184 5689 1202 5742 l
1229 5691 1354 5746 Cor.
1383 5707 1477 5758 stt,
1499 5695 1612 5750 4-6.

1692 5695 1736 5726 ³⁵
1778 5696 1936 5750 liom.
1973 5712 2044 5763 ιιι,
2089 5698 2179 5752 50.

2113 4525 2255 4579 inter
2306 4540 2368 4578 ea
2419 4526 2656 4579 medium
2700 4527 2909 4595 aliquid
2959 4529 3306 4598 interjectum
3352 4543 3454 4597 est,
3494 4549 3687 4603 nempe

2114 4617 2412 4685 processio.
2477 4617 2729 4672 Procedit
2771 4619 2951 4688 itaque
2981 4617 3220 4689 Spiritus
3255 4636 3284 4674 a
3310 4620 3488 4677 Patre.
3525 4625 3682 4689 Quod

2110 4707 2156 4762 si
2188 4708 2448 4776 proeedit,
2496 4709 2681 4779 utique
2729 4710 2796 4762 ab
2832 4710 3005 4778 ipsius
3057 4722 3250 4766 natura
3293 4723 3347 4767 et
3400 4714 3687 4772 divinitate

2108 4815 2216 4852 non
2249 4810 2330 4853 est
2361 4810 2671 4871 Separatus,
2699 4801 2794 4856 sed
2831 4814 2882 4855 et
2903 4812 3008 4867 est,
3031 4811 3085 4856 et
3119 4814 3302 4858 manet
3328 4805 3493 4861 Deus.
3525 4805 3685 4864 Pater

2107 4901 2255 4959 pater
2305 4903 2407 4956 est,
2460 4902 2514 4947 et
2573 4892 2742 4947 Filius
2797 4895 2975 4959 ﬁlius,
3014 4908 3067 4949 et
3117 4895 3355 4964 Spiritus
3420 4899 3674 4968 spiritus.

2111 4982 2555 5054 Uniuscujusquc
2582 4985 2726 5038 enim
2759 4985 2950 5040 harum
2978 4988 3140 5042 trium
3169 5005 3525 5058 personarum
3552 5007 3682 5060 pro-

2107 5077 2307 5146 prietas
2368 5079 2729 5132 transmoveri
2793 5096 2898 5133 non
2959 5081 3142 5136 debet.
3177 5081 3310 5135 Nam
3352 5084 3396 5137 si
3429 5083 3548 5137 loco
3580 5101 3683 5137 suo

2108 5179 2250 5222 mota
2270 5170 2334 5222 ad
2361 5171 2525 5224 alium
2543 5171 2817 5238 transiret,
2847 5189 2951 5228 non
2973 5173 3087 5242 jam
3112 5175 3458 5244 proprietatis
3479 5191 3678 5229 nomen

2107 5269 2371 5314 tueretur.
2407 5263 2604 5332 Duplex
2661 5273 2842 5317 autem
2895 5275 2997 5329 est,
3031 5265 3336 5332 proprietas
3383 5268 3551 5320 altera
3585 5281 3686 5319 na-

2107 5364 2262 5417 turae,
2295 5354 2460 5407 altera
2499 5370 2760 5423 personat.
2790 5361 2864 5410 Ac
2891 5369 3097 5411 natura:
3130 5357 3346 5425 quidem
3375 5359 3682 5428 proprieta-

2107 5455 2212 5499 tem
2247 5447 2311 5500 ad
2351 5457 2457 5501 tres
2507 5463 2768 5517 personas
2814 5464 2932 5503 sese
2978 5459 3286 5504 moventem
3319 5460 3372 5504 et
3402 5449 3686 5504 effunden-

2108 5547 2214 5592 tem
2249 5541 2490 5608 reperire
2536 5552 2640 5604 est,
2676 5542 2822 5594 velut
2871 5541 3171 5595 increatum
3195 5579 3212 5607 ,
3263 5542 3683 5612 sempiternum,

2256 5695 2486 5752 3“Exod.
2521 5713 2594 5763 tv,
2629 5699 2720 5754 22.
2801 5699 2844 5729 ³⁷
2869 5697 3012 5754 Psal.
3051 5714 3219 5764 xxxii,
3267 5699 3319 5755 6.
