4100 6430
368 469 509 532 12⁸³3

1294 450 1614 514 NICETAS
1655 444 1735 506 ΙΝ
1776 442 1998 504 ORA'I‘.
2038 439 2291 499 XXXIX
2331 437 2389 496 S.
2432 437 2661 496 GllEG.

3494 426 3630 492 1235

358 590 729 658 mnuipotcns,
765 592 1069 648 cmtcraque
1121 574 1366 641 ejusdem
1413 566 1652 638 generis.
1689 563 1941 617 Persona:
1974 564 2013 617 Α
2049 565 2236 609 essent
2269 552 2500 620 species,
2528 552 2756 605 alteram
2781 547 3632 618 explicavitTheologusnoster,

359 698 492 738 vero
520 655 914 750 'prOprietatem
954 671 1102 724 nullo
1138 665 1302 722 modo
1358 659 1560 716 moveri
1597 655 1934 750 profitemur,

360 786 422 829 ut
462 770 783 840 ingenitum,
823 764 1090 835 genitum,
1134 769 1189 814 et
1248 755 1571 827 procedens.
1610 749 1735 802 llaec
1791 743 1936 845 enim

358 876 718 938 personarum
750 868 875 913 sunt
907 853 1289 925 proprietates.
1333 848 1401 900 At
1431 859 1558 898 vero
1592 839 1937 898 Eunomiani,

362 956 588 1027 ingeniti
638 968 702 1006 ac
725 948 891 1019 geniti
914 946 1181 1000 rationem
1233 941 1573 995 diversarum
1621 940 1938 1027 naturarum

363 1018 727 1121 proprietates
787 1055 908 1096 esse
963 1038 1396 1091 contendentes,
1449 1027 1660 1081 Patrem
1718 1018 1938 1121 quidem

362 1110 586 1211 proprie
643 1135 808 1188 Deum
875 1130 1161 1184 nominant
1198 1142 1211 1178 :
1245 1121 1654 1211 Filiunrautcm
1687 1123 1741 1167 et
1768 1110 1943 1211 Spiri-

361 1201 505 1294 tum,
547 1225 782 1280 nominis
827 1220 1019 1277 solius,
1063 1231 1172 1269 non
1206 1223 1387 1266 autem
1417 1205 1662 1277 ejusdem
1694 1201 1945 1294 essentia;

355 1291 659 1380 Consortiu.
700 1330 823 1369 cum
879 1327 945 1367 eo
986 1308 1313 1376 conjunctos
1346 1315 1467 1357 esse
1497 1306 1773 1353 astrttunt.
1808 1291 1942 1346 Nam

356 1430 486 1468 eum
535 1410 692 1463 Pater
726 1404 1000 1474 ingenitus
1030 1400 1121 1462 sit,
1158 1396 1433 1465 inquiunt,
1485 1404 1584 1443 nec
1616 1397 1943 1474 quemquam

357 1508 565 1576 gignet.
596 1498 748 1565 Quod
782 1471 825 1549 si
866 1492 1023 1546 Pater
1068 1503 1174 1542 non
1223 1483 1417 1554 gignit,
1452 1488 1510 1533 ut
1556 1479 1790 1533 delirant
1834 1471 1945 1526 Eu-

362 1595 633 1654 nomiani,
668 1590 909 1659 profecto
942 1598 1041 1637 nec
1074 1580 1247 1634 Filius
1287 1588 1526 1648 paternae
1574 1582 1782 1627 natura?
1816 1584 1945 1638 par-

361 1690 533 1756 ticeps
587 1681 824 1743 exsistit,
856 1687 1042 1746 utpote
1096 1688 1127 1727 a
1183 1670 1348 1724 Patre
1408 1666 1631 1721 minime
1679 1661 1946 1756 genitus?

361 1750 553 1833 verum
582 1773 862 1843 aequivoce
920 1769 1062 1821 Deus
1116 1764 1337 1826 dicitur,
1369 1761 1473 1814 hoc
1501 1766 1604 1821 est,
1633 1755 1810 1811 solum
1851 1750 1944 1805 Dei

368 1885 568 1927 nomen
611 1866 795 1928 habet,
851 1876 960 1916 non
1014 1866 1195 1913 autem
1233 1870 1347 1910 rem
1403 1854 1598 1920 ipsam.
1642 1847 1747 1916 Qui
1808 1846 1943 1900 mihi

2040 648 2251 711 dicens,
2310 645 2452 698 Deus
2489 644 2655 697 homo
2689 643 2748 696 lit
2780 659 2794 708 ;
2829 642 3056 695 alteram
3101 657 3228 694 vero
3259 639 3632 711 praetermisit,

2040 739 2304 793 nimirum
2365 737 2510 806 quod
2571 736 2736 789 homo
2787 751 3005 805 quoque
3056 734 3198 788 Deus
3247 733 3534 795 etiieiatur,
3570 732 3633 784 ul

2044 831 2390 901 perspicuam
2435 837 2495 882 et
2542 837 2999 896 consequentem.
3035 825 3168 878 Nunt
3206 826 3249 879 si
3285 824 3427 880 Deus
3466 824 3637 878 homo

2044 923 2275 977 ellicitur
2297 962 2311 986 ,
2349 921 2537 990 procul
2567 921 2736 975 dubio
2767 930 2815 974 cl
2851 921 3019 976 homo
3050 919 3211 975 Deus.
3246 919 3477 985 Quando
3508 918 3634 989 qui-

2046 1016 2168 1071 dem
2222 1016 2604 1069 induhitatum
2638 1025 2747 1079 est,
2793 1024 3015 1083 propter
3047 1015 3179 1077 hoc,
3232 1013 3363 1067 illud
3418 1027 3636 1081 quoque

2047 1108 2249 1163 factum
2279 1123 2421 1163 esse.
2456 1109 2521 1163 Et
2547 1109 2641 1179 qui
2673 1110 2977 1163 secundum
3006 1108 3190 1176 gloriae
3226 1122 3337 1160 sua:
3369 1117 3422 1159 et
3447 1106 3633 1173 splen—

2046 1201 2196 1256 doris
2252 1200 2521 1255 orientem
2576 1201 2643 1255 ad
2691 1200 2927 1270 primum
2984 1199 3109 1253 coeli
3158 1198 3385 1253 secundi
3432 1198 3634 1252 etelum

2048 1298 2388 1359 ascenderat,
2422 1294 2515 1349 ille
2548 1295 2602 1348 in
2640 1294 2959 1365 hujusmodi
2986 1294 3198 1347 oriente
3220 1294 3355 1347 adeo
3382 1290 3637 1345 sublimis

2046 1399 2100 1442 et
2142 1387 2395 1442 excelsus
2426 1427 2442 1454 ,
2483 1386 2946 1457 quemadmodum
3006 1384 3210 1439 cecinit
3263 1383 3428 1437 David
3454 1383 3520 1446 ",
3581 1382 3637 1434 in

2048 1494 2270 1541 occasu,
2292 1479 2395 1533 hoc
2428 1488 2533 1545 est,
2566 1479 2618 1532 in
2657 1489 2842 1532 nostra
2874 1478 3107 1531 utilitate
3138 1486 3301 1544 atque
3329 1474 3639 1543 ahjectinne

2049 1568 2288 1639 gloriose
2314 1568 2647 1624 celebratur.
2677 1568 2870 1623 Oriens
2897 1568 3065 1632 enim,
3098 1555 3444 1620 Divinitatem
3474 1565 3639 1633 prin—

2049 1659 2177 1729 cipii
2211 1667 2519 1729 expertem,
2553 1674 2675 1729 quae
2708 1659 2798 1711 lux
2829 1656 3165 1726 setnpiterna
3194 1665 3314 1722 est,
3344 1654 3638 1724 signiticat.

2050 1750 2325 1804 Ascensus
2355 1759 2539 1803 autem
2578 1749 2631 1801 in
2664 1763 2887 1811 occasu,
2911 1744 3366 1801 consuetudinem
3400 1746 3640 1799 societa-

2050 1847 2268 1907 temque
2293 1853 2417 1892 cum
2463 1839 2701 1892 humana
2746 1846 3068 1906 paupertate
3100 1836 3292 1889 initam
3317 1875 3332 1900 ,
3361 1850 3484 1905 qua:
3508 1834 3639 1903 qui-

370 1979 503 2020 sane
556 1959 743 2015 eadem
783 1927 1027 2007 ratione
1084 1947 1283 2001 dicturi
1349 1945 1627 2007 videntur,
1679 1937 1938 2009 quoniam
1976 1935 2018 1989 Β
2047 1932 2166 1984 dem
2194 1969 2208 1995 ,
2242 1930 2287 1984 Si
2321 1945 2447 1984 cum
2485 1944 2724 1998 δυβθτηο
2770 1929 3061 1998 splendore
3101 1927 3443 1995 οοηῖετδῑιπν
3472 1942 3640 1984 0003'

368 2059 611 2111 Adamus
663 2062 882 2120 quoque
930 2058 999 2100 ex
1047 2057 1212 2099 carne
1243 2039 1458 2110 genitus
1492 2052 1598 2090 non
1644 2041 1746 2097 est,
1782 2030 1879 2086 sed
1913 2045 1944 2084 a

370 2152 479 2204 Deo
507 2147 755 2209 elfcetus,
787 2140 921 2194 Scth
966 2146 1147 2191 autem
1182 2150 1246 2188 ex
1280 2131 1473 2185 Adami
1506 2143 1629 2183 eum
1676 2125 1783 2178 Eva
1817 2138 1947 2177 con-

365 2256 561 2314 gressu
605 2245 926 2307 procreatus
956 2238 1059 2293 est,
1094 2226 1299 2281 idcirco
1334 2238 1429 2278 eos
1459 2230 1669 2275 natura:
1714 2214 1948 2272 diversi-

368 2312 479 2390 tate
512 2333 653 2386 inter
687 2342 744 2382 se
788 2324 1093 2395 disjunctos
1120 2332 1263 2373 esse.
1296 2314 1455 2381 Quod
1480 2312 1526 2369 si
1556 2314 1611 2366 in
1640 2326 1749 2365 una
1784 2317 1948 2378 atque

364 2429 557 2481 eadem
614 2422 854 2476 humana
909 2423 1105 2469 natura
1154 2420 1206 2464 et
1261 2407 1568 2478 ingenitum
1610 2412 1665 2461 et
1704 2402 1947 2474 genitum

367 2518 741 2590 reperiuntur,
771 2516 978 2580 quanto
1016 2503 1189 2573 magis
1222 2501 1276 2554 in
1311 2499 1518 2553 divina.

439 2585 560 2667 Col.
594 2606 695 2662 547
724 2604 785 2659 C.
820 2600 966 2656 Unus
1002 2598 1165 2667 igitur
1188 2593 1326 2647 Deus
1357 2592 1412 2645 in
1440 2590 1631 2653 tribus,
1655 2597 1762 2644 etc.
1797 2585 1949 2641 Unus

364 2704 535 2773 igitur
557 2739 572 2764 ,
608 2696 805 2765 inquit,
838 2703 921 2747 est
952 2691 1095 2743 Deus
1130 2688 1183 2740 in
1219 2684 1394 2773 tribus
1423 2680 1713 2773 personis:
1734 2687 1788 2733 et
1837 2686 1946 2773 tres

366 2767 617 2864 persona:
649 2799 815 2839 unum
865 2790 1013 2842 sunt,
1061 2775 1238 2846 quoad
1285 2772 1644 2827 divinitatem.
1678 2767 1947 2834 Quoniam

364 2857 549 2941 autem
579 2882 693 2934 haec
716 2892 776 2931 se
807 2874 883 2927 ita
912 2871 1150 2933 habent,
1181 2868 1283 2920 hoc
1317 2872 1422 2927 est,
1459 2863 1540 2918 hae
1572 2876 1840 2931 personae,
1866 2857 1950 2912 vel

371 2981 477 3031 hoc
530 2972 713 3043 potius
738 3009 751 3032 ,
784 2966 836 3019 id
868 2974 951 3017 est
990 2959 1248 3015 divinitas
1274 2997 1287 3021 ,
1321 2969 1499 3025 neque
1534 2952 1742 3021 angelis
1777 2949 1946 3043 solis,

366 3066 464 3136 qui
520 3042 741 3130 superni
788 3062 916 3111 sunt
964 3050 1236 3121 spiritus,
1295 3047 1574 3101 delinitam
1622 3052 1785 3114 atque
1841 3042 1950 3136 cir:

366 3128 759 3222 cumscriptam
807 3159 927 3198 esse
961 3140 1054 3193 Dei
1095 3135 1475 3191 adorationem
1503 3133 1826 3202 oportebat,
1855 3128 1948 3183 sed

368 3261 422 3304 et
455 3250 507 3301 in
549 3221 690 3298 terra
726 3250 946 3309 quoque
983 3228 1279 3286 nonnullos
1321 3240 1442 3280 esse
1465 3263 1479 3289 ,
1515 3223 1608 3294 qui
1656 3239 1779 3278 eum
1816 3221 1949 3275 ado-

370 3348 578 3400 rarent,
618 3346 674 3389 ut
705 3331 887 3387 omnia
916 3327 1088 3397 ipsius
1117 3322 1283 3390 gloria
1320 3319 1716 3387 implerentur;
1746 3315 1946 3384 quippe

367 3444 494 3485 eum
526 3441 613 3479 res
645 3434 836 3477 omnes
883 3423 1081 3469 creatae
1114 3408 1205 3461 Dei
1257 3407 1367 3461 sint
1398 3405 1621 3475 (Omnia
1666 3403 1835 3465 cnim,
1862 3403 1947 3454 in-

370 3521 490 3590 quit
516 3516 582 3581 ³⁸,
612 3513 841 3568 serviunt
869 3505 1008 3572 tibi),
1030 3517 1149 3557 eam
1177 3499 1245 3553 ob
1266 3512 1489 3552 causam
1516 3497 1682 3550 homo
1706 3504 1946 3559 creatur,

372 3586 567 3679 nempe
590 3616 649 3661 ut
676 3606 757 3660 sic
787 3614 1002 3672 quoque
1035 3598 1130 3652 Dei
1169 3594 1338 3669 gloria
1387 3591 1712 3646 celebretur.
1743 3586 1948 3656 Duplex

372 3705 516 3758 enim
552 3693 845 3754 errationis
891 3691 1174 3745 hominum
1220 3699 1389 3740 causa
1421 3682 1558 3746 fuit,
1592 3680 1761 3733 altera
1790 3687 1948 3731 ante-

370 3799 601 3854 cedens,
630 3790 843 3843 bonitas
868 3784 1077 3839 scilicet
1108 3779 1197 3834 Dei
1225 3818 1239 3843 ,
1269 3778 1434 3831 altera
1466 3774 1663 3839 ﬁnalis,
1685 3770 1945 3824 nimirum

375 3891 465 3943 Dei
512 3884 705 3955 gloria.
753 3878 1022 3945 Quoniam
1057 3884 1235 3927 autem
1286 3886 1315 3924 a
1350 3869 1533 3923 divina
1574 3862 1948 3919 misericordia

376 3982 615 4034 alienum
654 3984 770 4029 erat
818 3970 1092 4025 hominem
1145 3980 1241 4035 per
1282 3970 1568 4033 peccatum
1616 3976 1646 4013 a
1692 3959 1952 4013 Creatore

376 4089 476 4129 suo
508 4079 822 4140 separatum
858 4062 1157 4131 negligere,
1198 4057 1318 4110 ideo
1351 4056 1683 4109 innovantur
1710 4060 1951 4104 natura:

377 4164 559 4220 divina
583 4161 729 4215 enim
760 4160 1057 4211 humanam
1103 4150 1439 4204 nativitatem
1472 4143 1658 4199 subire
1686 4140 1951 4204 sustituit,

378 4266 566 4312 nostra
602 4262 784 4306 autem
812 4248 1109 4301 animatam
1137 4254 1356 4296 carnem
1377 4235 1743 4307 spiritualiter
1766 4232 1953 4302 genito

384 4347 562 4401 Verbo
592 4340 840 4413 protulit.
872 4336 1141 4405 Quodque
1178 4332 1349 4401 magis
1386 4326 1698 4382 mirandum
1726 4333 1831 4390 est,
1855 4338 1956 4378 nec

378 4434 714 4508 \irginitatis
752 4432 833 4485 lex
884 4442 979 4497 per
1010 4423 1443 4497 procreationem
1498 4418 1610 4471 ullo
1646 4415 1808 4470 modo
1850 4414 1955 4469 im-

377 4504 589 4585 minuta
652 4530 757 4578 est.
815 4518 1016 4573 Adhaac
1070 4515 1403 4567 innovantur
1461 4516 1702 4573 naturae,
1769 4504 1955 4558 divina

2046 2038 2144 2076 sus
2183 2024 2456 2078 rationem
2482 2024 2668 2089 habet,
2691 2037 2756 2077 ac
2791 2022 2969 2076 noctis
2991 2021 3408 2076 similitudinem
3447 2020 3637 2076 refert.

2047 2113 2205 2169 Nulla
2258 2119 2404 2169 enim
2452 2114 2597 2170 inter
2652 2124 2943 2185 utramque
2990 2123 3242 2168 naturam
3288 2116 3639 2183 comparatio

2048 2216 2188 2273 erat,
2253 2209 2579 2277 priusquam
2629 2207 2821 2260 ambas
2868 2221 3121 2264 summus
3179 2206 3271 2261 ille
3329 2206 3521 2260 artifex
3581 2207 3640 2263 in

2049 2299 2230 2364 seipso
2255 2297 2658 2366 conjunxisset.
2684 2298 2762 2349 Ae
2789 2293 3051 2349 Divinitas
3072 2294 3294 2362 quidem
3325 2308 3418 2364 per
3439 2294 3639 2349 Orien-

2052 2397 2159 2441 tem
2216 2388 2570 2459 designatur,
2606 2396 2796 2457 utpote
2830 2386 3001 2440 altum
3048 2394 3103 2440 et
3157 2385 3474 2440 excelsum:
3503 2401 3641 2457 quo.

2047 2480 2221 2545 niam,
2241 2495 2365 2535 cum
2386 2481 2470 2535 sol
2492 2480 2691 2544 oritur,
2712 2479 2766 2532 in
2797 2479 3032 2534 sublime
3061 2476 3236 2532 fertur
3257 2486 3311 2532 et
3331 2479 3637 2536 extollitur.

2051 2573 2298 2627 Occasus
2338 2581 2520 2626 autem
2547 2612 2564 2637 ,
2600 2579 2658 2625 ut
2691 2571 2917 2626 humilis
2953 2585 3017 2625 ac
3050 2570 3342 2640 depressus
3363 2608 3379 2635 ,
3415 2585 3639 2626 carnem

2051 2663 2324 2732 significat
2352 2682 2364 2716 :
2395 2663 2660 2734 quoniam
2701 2664 2783 2718 sol
2812 2664 2867 2717 in
2902 2678 3160 2718 occasum
3194 2678 3426 2733 vergens
3457 2664 3642 2733 depri-

2054 2756 2248 2820 mitur,
2277 2770 2343 2810 ac
2371 2754 2628 2809 deorsum
2654 2754 2852 2809 fertur.
2888 2754 3061 2809 Porro
3092 2753 3148 2808 in
3183 2769 3385 2810 occasu
3418 2768 3642 2824 quoque

2053 2847 2319 2901 Dominus
2368 2845 2658 2916 magniﬁce
2699 2855 2755 2901 et
2795 2846 3032 2916 gloriose
3066 2846 3399 2900 celebratur.
3430 2845 3636 2901 Gloria:

2052 2939 2203 2993 enim
2234 2938 2338 3008 ipsi
2368 2938 2540 2995 cessit
2567 2937 2853 2995 humilitas
2885 2939 2974 2993 illa
3003 2954 3169 3009 quam
3208 2939 3262 2993 in
3296 2939 3643 2995 humanitate

2053 3034 2389 3086 assumenda
2434 3032 2712 3102 praestitit,
2750 3030 3051 3086 bonitatem
3090 3031 3265 3100 ipsius
3294 3032 3638 3101 perspicuam

2053 3133 2215 3194 atque
2274 3124 2541 3179 illusrrem
2581 3123 2835 3179 reddens.
2865 3121 2986 3178 Jam
3025 3139 3153 3178 vero
3190 3124 3281 3179 Dei
3320 3123 3516 3191 Filius,
3549 3125 3642 3179 Fia

2058 3218 2162 3273 lius
2187 3218 2424 3272 hominis
2449 3219 2625 3272 factus
2642 3225 2748 3282 est,
2775 3231 2884 3271 non
2927 3218 3270 3285 mutationis,
3306 3221 3401 3273 sed
3429 3235 3641 3274 assunt-

2055 3311 2261 3379 ptionis
2299 3310 2537 3363 ratione.
2571 3308 2770 3363 Mansit
2807 3310 2954 3364 enim
2988 3310 3042 3364 id
3071 3311 3215 3381 quod
3248 3322 3465 3379 erat,et
3492 3315 3653 3383 quod,

2052 3419 2160 3456 non
2197 3411 2312 3456 erat
2337 3440 2355 3467 ,
2397 3401 2717 3470 assumpsit.
2758 3400 2892 3455 Nam
2944 3418 3068 3456 eum
3102 3419 3222 3457 eam
3271 3420 3395 3461 esse
3430 3418 3643 3462 natura;

2051 3504 2252 3549 nostrae
2277 3494 2651 3549 infirmitatem
2678 3495 3105 3564 perspiceret,ut
3137 3510 3205 3551 ex
3236 3498 3417 3568 seipsa
3444 3513 3637 3554 rerum

2049 3588 2294 3640 omnium
2346 3597 2635 3641 auctorem
2672 3596 2726 3640 et
2780 3587 3094 3643 effectorem
3132 3604 3470 3661 cognoscere
3524 3609 3645 3649 nou

2053 3687 2242 3746 posset
2278 3679 2558 3747 (quoniam
2588 3680 2703 3748 ipse
2732 3680 3004 3748 ingenitus
3027 3693 3130 3747 est,
3155 3699 3254 3737 nos
3285 3696 3490 3752 autem,
3517 3702 3641 3742 eum

2053 3768 2209 3835 prius
2256 3784 2366 3821 non
2405 3769 2829 3832 esseinus,facti
2877 3783 3064 3840 postea
3099 3789 3436 3846 corporaque
3481 3780 3643 3835 ellicti

2053 3859 2292 3929 sumus).
2326 3859 2531 3945 ideirco
2561 3862 2704 3915 haud
2740 3864 2838 3917 abs
2865 3880 2923 3918 re
2954 3863 3214 3932 Verbum,
3252 3867 3433 3925 Patris
3462 3871 3644 3941 imago

2054 3950 2325 4003 cxsistens
2353 3989 2367 4012 ,
2402 3954 2631 4007 mortale
2662 3966 2863 4022 corpus
2898 3956 3128 4025 accepit,
3158 3967 3217 4011 ut
3244 3975 3394 4016 mors
3420 3978 3644 4033 quoque

2055 4040 2108 4093 in
2139 4056 2204 4094 co
2261 4039 2510 4097 funditus
2545 4046 3019 4114 exstingueretur,
3064 4056 3231 4119 atque
3281 4052 3530 4109 homines
3569 4056 3642 4110 ad

2059 4132 2348 4202 imaginem
2382 4134 2478 4189 Dei
2511 4135 2676 4189 creati
2710 4135 2892 4191 denuo
2924 4140 3363 4196 instaurarentur
3391 4158 3455 4197 ac
3478 4161 3643 4199 reno-

2056 4236 2337 4279 varentur.
2381 4225 2852 4291 Quemadmodum
2888 4230 3032 4283 enim
3080 4232 3127 4287 si
3170 4232 3341 4289 forma
3389 4242 3640 4305 quaedam

2057 4316 2111 4370 in
2144 4315 2293 4386 ligno
2318 4316 2532 4386 depicta
2564 4321 2808 4375 externis
2841 4322 3097 4379 sordibus
3121 4325 3299 4380 obsita
3336 4339 3389 4382 et
3418 4329 3638 4384 oblitte-

2057 4418 2176 4462 rata
2210 4408 2396 4475 fuerit,
2429 4426 2621 4466 rursus
2644 4427 2792 4476 eum,
2820 4415 2979 4481 cujus
3011 4415 3299 4487 imaginem
3329 4418 3513 4487 refert,
3539 4423 3642 4476 ad-

2062 4502 2235 4556 hiberi
2264 4516 2491 4558 necesse
2517 4511 2623 4568 est,
2656 4513 2715 4559 ut
2744 4520 2807 4559 ea
2839 4506 3134 4562 instaurari
3160 4519 3323 4579 queat
3355 4528 3369 4565 :
3404 4512 3469 4565 ad
3498 4514 3644 4569 hunc

375 4621 524 4676 enim
569 4618 860 4670 humanam
896 4604 1224 4673 assumpsit,
1260 4604 1498 4655 humana
1536 4610 1715 4652 autem
1752 4595 1951 4651 divinl-
1985 4608 2025 4663 ῃ
2059 4608 2275 4662 quoque
2326 4593 2545 4648 modum
2592 4595 2843 4652 Christus
2868 4637 2883 4661 ,
2917 4597 3092 4654 Patris
3132 4600 3332 4670 imago,
3357 4602 3423 4656 ad
3458 4613 3645 4660 nostra

375 4725 489 4771 tate
542 4712 731 4767 all'ecta
784 4718 868 4761 est.
919 4713 1135 4771 :atque
1184 4699 1398 4754 inﬁnita
1446 4697 1666 4766 quidem
1715 4709 1745 4748 a
1802 4693 1954 4746 linita

373 4805 775 4877 comprehensa
815 4806 919 4860 est,
954 4797 1104 4850 finita
1149 4809 1277 4847 vero
1322 4790 1547 4844 infinita:
1594 4802 1807 4843 annexa
1844 4805 1856 4841 :
1892 4801 1956 4841 ac

376 4900 613 4969 denique
634 4898 870 4951 adurens
892 4899 1086 4945 natura
1109 4900 1356 4942 crassam
1379 4893 1433 4937 et
1454 4882 1677 4937 materia
1697 4892 1957 4937 constan-

374 5004 487 5049 tem
524 4987 854 5057 assumpsit;
891 4997 1077 5039 crassa
1118 4990 1171 5035 et
1203 4976 1440 5033 carnalis
1482 4976 1803 5031 adurentem
1838 4975 1958 5028 sine

376 5086 491 5140 ullo
522 5081 848 5134 detrimento
880 5072 1112 5141 accepit.
1148 5068 1296 5124 Nova
1327 5068 1471 5121 enim
1501 5067 1589 5119 illa
1620 5081 1725 5129 res,
1757 5079 1877 5133 qua:
1903 5063 1957 5115 iu

375 5172 600 5228 Christo
634 5166 827 5227 eluxit,
871 5179 976 5217 non
1011 5163 1063 5216 iu
1110 5162 1212 5214 hoc
1249 5160 1514 5213 duntaxat
1547 5157 1650 5210 sita
1679 5166 1782 5220 est,
1810 5153 1957 5224 quod

381 5267 429 5321 is
460 5263 552 5334 qui
580 5263 697 5316 sine
738 5256 1009 5328 principio
1036 5254 1150 5324 jam
1180 5267 1246 5306 ex
1275 5251 1383 5305 Deo
1422 5249 1636 5319 genitus
1660 5255 1798 5312 erat,
1833 5256 1957 5302 ortu

379 5370 600 5427 quoque
632 5349 921 5418 temporali
960 5345 1261 5400 secundum
1313 5356 1533 5394 carnem
1584 5341 1802 5408 genitus
1834 5338 1905 5390 sit
1936 5356 1953 5393 :

379 5450 475 5505 sed
506 5450 558 5501 in
604 5458 671 5499 eo
699 5442 887 5503 etiam,
920 5437 1065 5508 quod
1098 5443 1283 5490 nostra
1322 5442 1516 5486 natura
1551 5446 1774 5485 carnem
1811 5429 1965 5483 nullo

381 5539 541 5610 prius
561 5537 710 5606 jacto
740 5530 951 5587 semine
981 5527 1215 5592 dederit,
1250 5540 1315 5578 ac
1344 5522 1510 5592 Virgo
1539 5522 1659 5576 sine
1690 5521 1967 5610 pudicitim

377 5607 571 5680 actura
608 5618 904 5692 pepererit.
932 5615 1180 5683 Cumque
1210 5621 1535 5665 naturarum
1559 5623 1774 5673 earum,
1804 5607 1953 5662 circa

2052 4683 2167 4736 haec
2184 4685 2301 4737 loca
2318 4685 2573 4751 accessit,
2596 4692 2653 4739 ut
2669 4684 2946 4740 hominem
2966 4687 3033 4740 ad
3055 4689 3467 4744 similitudinem
3484 4708 3655 4747 suam.

2052 4776 2289 4831 cllictum
2330 4778 2641 4843 instauret,
2674 4793 2740 4833 ac
2789 4778 2858 4833 de
2906 4780 3221 4837 hominibus
3261 4782 3399 4837 bene
3443 4791 3646 4846 mereri

2053 4872 2298 4937 cupiens,
2336 4880 2396 4924 ut
2431 4872 2617 4932 homo,
2647 4870 2713 4923 ad
2740 4884 2840 4925 nos
2874 4885 3101 4938 peregre
3133 4888 3192 4927 se
3232 4872 3468 4930 confert.
3497 4874 3639 4931 Nam

2054 4974 2179 5013 cum
2214 4960 2382 5014 semel
2432 4959 2715 5014 hominum
2766 4971 2975 5015 mentes
3018 4962 3087 5016 ad
3128 4964 3408 5019 sensilium
3456 4980 3643 5023 rerum

2067 5053 2307 5106 studium
2347 5052 2611 5121 prolapsa:
2642 5062 2848 5117 essent,
2890 5050 3129 5108 Verbum
3158 5071 3280 5111 sese
3316 5073 3411 5125 per
3441 5073 3644 5128 corpus

2066 5146 2427 5211 spectandum
2459 5142 2685 5211 objceit,
2736 5151 2794 5198 ut
2824 5143 3073 5199 homines
3106 5160 3411 5217 sensusque
3451 5164 3644 5207 eorum

2066 5236 2133 5289 ad
2169 5251 2227 5289 se
2258 5251 2475 5305 quoque
2505 5235 2784 5290 hominem
2822 5235 3113 5302 traducat,
3142 5247 3306 5309 atque
3340 5252 3659 5311 convertat,»

2069 5342 2131 5382 ac
2162 5344 2254 5396 per
2283 5343 2345 5382 ea
2378 5343 2497 5396 qua:
2530 5328 2669 5395 gerit
2692 5328 3029 5394 hominibus,
3056 5330 3255 5400 ipsum,
3283 5339 3340 5386 ut
3366 5333 3644 5390 hominem

2067 5418 2427 5485 intuentibus,
2476 5420 2635 5475 fidem
2669 5419 2857 5487 faciat,
2886 5437 3083 5477 senon
3116 5423 3392 5479 hominem
3441 5427 3645 5494 solum,

2068 5512 2164 5566 sed
2218 5514 2380 5565 etiam
2418 5511 2585 5565 Deum
2621 5527 2765 5567 esse.
2803 5513 2964 5569 Visus
3004 5522 3087 5568 est
3135 5514 3317 5584 igitur,
3364 5531 3428 5570 ac
3480 5531 3649 5572 carne

2068 5602 2225 5671 quasi
2258 5605 2377 5658 velo
2407 5606 2642 5673 quodam
2675 5615 2729 5660 et
2763 5605 3137 5676 integumento
3185 5606 3466 5675 interjecta
3495 5646 3511 5671 ,
3550 5623 3646 5662 no-

375 5731 521 5789 qnas
572 5726 716 5768 novo
762 5707 1015 5778 exemplo
1058 5705 1265 5776 aliquid
1309 5703 1594 5767 edebatur,
1647 5699 1970 5771 adjicienda:
2071 5698 2280 5754 hiscum
2329 5707 2577 5755 Versatus
2628 5710 2731 5755 est.
2771 5697 2970 5754 Puram
3021 5698 3167 5756 enim
3220 5713 3286 5753 ac
3339 5699 3657 5771 simplicem

450 5893 495 5925 ⁸⁸
526 5891 879 5955 Palmum,
905 5886 993 5947 υι.
1074 5884 1115 5916 ³³
1148 5882 1294 5938 Psal.
1319 5898 1488 5946 van,
1524 5883 1611 5939 51.
