4100 6410
450 379 588 446 ῙΞ35

1859 374 2245 461 ΛῡῡΕΝυᾹ.
2460 422 2489 446 ,

3603 374 3620 433 l
3633 373 3741 437 236

447 497 603 553 illius
635 498 980 554 divinitatem
1018 507 1303 570 procreata
1339 507 1392 552 et
1424 496 1766 567 corruptioni
1804 493 2041 549 obnoxia
2072 495 2120 554 Α
2148 506 2378 559 eamque
2410 499 2615 543 sartam
2655 497 2966 559 tectamque
2994 488 3319 552 habeamus,
3349 504 3415 544 ac
3448 504 3557 543 non
3587 506 3739 544 more

449 580 648 645 natura
702 590 1130 661 haudquaquam
1190 590 1335 647 ferre
1386 600 1616 661 poterat.
1655 588 1889 653 ldcireo,
1925 602 2045 651 qmc

453 683 765 738 mistionem
828 685 1171 750 nesciebant,
1226 685 1552 745 miscentur,
1587 682 1733 737 velut
1781 691 2045 737 creaturae

450 784 688 839 creator,
727 785 781 830 et
823 791 963 847 opus
995 776 1194 832 artifici
1240 777 1398 845 (adeo
1440 785 1495 831 ut
1528 791 1669 831 unus
1704 775 1959 843 idemque
1990 780 2046 825 et

448 878 664 922 creator
695 877 747 923 et
777 882 1030 925 creatura
1058 910 1074 934 ,
1122 879 1175 925 et
1207 870 1390 939 opifex
1422 880 1475 924 et
1505 884 1673 939 opus,
1707 864 1961 934 exsistat)
1992 871 2045 917 et

446 965 599 1017 carni
634 977 791 1016 mens
838 962 1115 1034 jungitur,
1151 964 1252 1016 hoc
1279 972 1398 1026 est,
1447 961 1651 1017 homini
1693 961 1856 1014 Deus.
1894 958 2045 1026 Quo-

449 1055 599 1107 niam
627 1054 777 1107 enim
802 1054 1055 1109 diabolus
1078 1071 1179 1111 nos
1200 1054 1335 1110 falsa
1362 1054 1663 1109 divinitatis
1685 1051 2045 1117 adipiscenda:

448 1164 543 1214 Spe
569 1189 584 1213 ,
616 1156 877 1217 tanquam
931 1148 1187 1203 illecehra
1223 1149 1460 1218 quadam
1496 1147 1725 1201 laetatos
1749 1186 1763 1207 ,
1808 1144 1861 1197 in
1898 1141 2046 1196 frau-

446 1241 571 1293 dem
627 1240 946 1306 induxerat,
1004 1256 1068 1296 ac
1117 1240 1311 1295 mortis
1347 1241 1510 1295 hamo
1546 1237 1918 1299 transﬁxerat,
1974 1236 2045 1289 oh

447 1346 683 1399 eamque
740 1347 963 1387 causam
1020 1333 1188 1388 nullis
1231 1332 1345 1403 jam
1400 1331 1609 1387 viribus
1665 1329 1841 1399 frangi
1878 1344 1937 1384 se
1982 1342 2047 1383 ac

449 1421 770 1479 labefactari
809 1439 973 1494 posse
1009 1424 1365 1480 existimabat
1399 1440 1413 1478 :
1446 1423 1652 1479 idcirco
1682 1422 1937 1478 Christus
1963 1420 2046 1475 di-

451 1517 632 1571 vinam
685 1518 986 1586 potentiam
1039 1534 1206 1573 carne
1231 1559 1247 1582 ,
1283 1534 1390 1577 non
1436 1534 1599 1575 secus
1627 1528 1791 1589 atque
1823 1518 2043 1571 hamum

451 1624 602 1681 esca,
641 1609 894 1693 obduxit.
929 1614 1110 1681 Atque
1172 1613 1279 1668 hac
1330 1628 1498 1668 carne
1538 1612 1775 1667 Satanas
1824 1611 2046 1669 illicitur

448 1711 531 1768 ut,
566 1701 694 1755 dum
753 1702 911 1771 quasi
973 1703 1028 1759 in
1086 1703 1362 1760 Adamum
1423 1706 1845 1776 impressionem
1866 1703 2043 1770 .Ifacit,

2148 601 2346 639 canum
2407 584 2473 639 ad
2536 584 2801 637 vomitum
2864 593 3111 639 nostrum
3182 593 3545 649 revertamur,
3596 586 3745 654 quod

2150 678 2409 732 Salomon
2477 676 2635 732 nobis
2686 677 2988 731 cavendum
3046 677 3397 733 admonet".
3469 679 3745 744 Alterum,

2148 773 2293 839 quod
2331 786 2357 823 a
2396 768 2607 825 Joanne
2644 769 2892 842 tingitur,
2931 780 2989 825 ut
3021 771 3326 825 modestum
3362 780 3527 841 atque
3565 773 3747 827 humi-

2149 859 2252 917 lem
2300 863 2546 916 animum
2604 878 2794 933 gerere
2848 864 3276 929 condiscamus,
3332 880 3432 919 nec
3480 865 3748 921 adversus

2151 952 2474 1018 magistrum
2513 951 2731 1020 pietatis
2769 953 3077 1009 doctrinam
3114 955 3271 1011 nobis
3296 956 3744 1027 promulgantcm

2149 1046 2455 1114 insurgere,
2515 1062 2615 1101 nec
2648 1046 2918 1102 adversus
2952 1050 3293 1113 sacerdotes,
3327 1065 3469 1121 quos
3501 1050 3594 1104 Dei
3628 1067 3747 1121 ιη-

2149 1137 2445 1192 steriorutn
2480 1139 2888 1208 dispensatores
2937 1150 3097 1194 vocat
3150 1140 3354 1195 Paulus
3380 1141 3443 1207 ",
3477 1142 3747 1197 audacius

2149 1228 2585 1299 ittsolentittsquc
2622 1230 2821 1294 cll‘crri,
2848 1232 2891 1285 si
2917 1231 3149 1301 quadam
3176 1231 3438 1299 dignitate
3470 1232 3747 1301 praecella-

2149 1336 2293 1376 mus.
2316 1320 2562 1375 Tertium
2594 1322 3014 1394 denique,quod
3054 1324 3335 1378 tricesimo
3367 1339 3512 1377 anno
3553 1324 3723 1393 bapti-

2150 1423 2307 1469 zatus
2330 1426 2434 1480 est,
2460 1431 2569 1487 quo
2613 1417 2778 1472 etiam
2835 1426 3079 1487 tempore
3103 1417 3365 1472 miracula
3393 1435 3488 1473 sua
3515 1435 3740 1473 exorsus

2147 1516 2231 1562 est
2256 1525 2268 1561 :
2296 1517 2354 1563 ut
2377 1509 2656 1564 discamus
2680 1510 2953 1578 juventnti
2988 1525 3094 1564 non
3116 1510 3257 1565 conti
3283 1510 3413 1576 lere,
3440 1525 3541 1563 nec
3571 1512 3744 1579 quod-

2153 1599 2237 1654 \'lS
2266 1611 2483 1670 tempus
2517 1602 2871 1656 instituenda:
2899 1601 3079 1672 plebi,
3113 1617 3176 1657 ac
3205 1601 3453 1672 regenda:
3488 1600 3749 1657 Ecclesia:

2151 1688 2411 1747 idoneum
2470 1693 2835 1757 existimare,
2888 1708 2988 1747 nec
3042 1700 3168 1747 ante
3219 1692 3530 1762 lanuginem
3588 1707 3751 1747 senes

450 1813 689 1870 euntque
720 1801 825 1857 sibi
859 1801 914 1859 in
942 1818 1129 1861 escam
1169 1818 1457 1859 cessurum
1490 1811 1709 1874 sperat,
1762 1803 1819 1858 in
1844 1801 2041 1859 divini.

2158 1786 2368 1850 docere,
2402 1794 2497 1841 aut
2527 1785 2784 1852 credere,
2816 1786 2920 1839 hoc
2960 1795 3061 1849 est,
3092 1786 3396 1853 praefidere,
3452 1799 3516 1838 ac
3553 1794 3753 1855 putare

453 1894 584 1948 tatis
618 1893 843 1951 hamum
882 1894 1093 1952 incidat
1112 1939 1126 1960 ,
1152 1896 1343 1965 sicque
1369 1897 1602 1962 cladem,
1630 1895 1833 1953 veteris
1851 1894 2045 1950 Adami

450 2007 463 2049 ι
484 1987 609 2055 ulpa
628 1997 1174 2055 contractammovus
1190 1990 1434 2048 Adamus
1450 1990 1682 2047 victoria
1699 2005 1798 2046 sua
1820 1989 2045 2055 sarciat,

451 2081 834 2151 collapsosque
854 2092 908 2141 et
937 2084 1188 2152 iacentes
1210 2084 1433 2147 excitet,
1453 2095 1641 2154 atque,
1668 2094 1728 2139 ut
1757 2083 2049 2153 Apostolus

452 2175 697 2243 loquitur
740 2176 823 2243 ⁸ο,
851 2177 1107 2247 capitalis
1166 2179 1443 2234 sententia
1480 2178 1537 2234 in
1582 2178 1778 2235 Adami
1824 2192 2046 2232 carnem

454 2278 681 2334 peccato
725 2269 1086 2325 constrictam
1122 2272 1479 2341 pronuntiata
1504 2311 1521 2338 ,
1555 2286 1653 2342 per
1681 2270 1887 2327 Christi
1930 2286 2044 2325 caro

456 2376 586 2415 rtem
643 2361 793 2416 nulla
843 2365 1052 2430 peccati
1100 2365 1225 2420 labe
1258 2367 1512 2427 vitiatam
1555 2366 1937 2429 reseindatur,
1985 2379 2050 2419 ac

460 2467 615 2509 nwrs
660 2467 758 2521 per
784 2454 970 2509 carnis
1011 2457 1473 2511 resurrectionem
1500 2457 1900 2527 exstinguuntur.
1930 2456 2048 2523 Ipsa

458 2543 609 2599 enim
638 2545 924 2605 hominum
950 2550 1135 2619 generi
1170 2551 1423 2605 rediviva!
1461 2552 1585 2606 vita:
1612 2560 1775 2621 atque
1822 2551 2048 2603 immor-

454 2634 687 2692 talitatis
723 2639 1056 2710 principium
1086 2650 1190 2697 est.

454 2756 463 2781 ε
527 2726 646 2781 Col.
682 2728 789 2783 550
812 2728 872 2783 Β.
898 2731 976 2785 Ac
1004 2730 1207 2787 Christi
1230 2734 1443 2804 quidem
1485 2736 1760 2796 nativitas,
1806 2743 1911 2789 etc.
1947 2733 2051 2789 Fa-

455 2826 607 2875 stuut
637 2830 723 2873 est
750 2835 781 2873 a
810 2819 1051 2887 Christo,
1101 2834 1162 2877 ut
1191 2823 1349 2879 stella
1380 2826 1632 2895 corporis
1673 2825 1757 2880 sui
1789 2825 2049 2879 nativita-

452 2921 565 2969 tem
586 2911 879 2969 indicaret.
899 2913 1274 2971 Conveniebat
1309 2918 1459 2973 enim
1486 2929 1547 2973 ut
1584 2916 1821 2973 Verbum
1850 2934 1881 2973 e
1910 2917 2052 2973 coelo

458 3002 799 3063 descendens
819 3007 1029 3067 cmlesti
1049 3023 1268 3079 quoque
1292 3009 1496 3067 indicio
1520 3010 1860 3080 proderetur.
1881 3009 2053 3065 Porro

456 3093 656 3155 sideris
675 3112 873 3155 cursus
886 3109 1267 3156 creaturarum
1282 3101 1663 3157 adorationem
1679 3100 2049 3173 significabat.

457 3184 599 3257 Magi
631 3199 812 3245 autem
832 3193 1078 3262 gentium
1097 3194 1163 3248 ad
1190 3194 1347 3249 fidem
1365 3208 1673 3258 accessum,
1699 3192 2049 3247 idololatriaa-
2079 3201 2121 3258 c

458 3293 572 3346 que
613 3282 1046 3350 Oppressionem.
1096 3283 1321 3338 Simeon
1360 3299 1498 3339 vero
1545 3284 1593 3339 is
1627 3284 1915 3340 commode
1941 3283 2049 3338 dici

459 3365 661 3435 possit,
695 3372 789 3439 qui
836 3370 923 3437 pie
947 3387 1013 3426 ac
1051 3372 1305 3443 religiose
1336 3373 1584 3431 divinum
1612 3384 1668 3429 et
1697 3373 1766 3430 de
1796 3372 1907 3429 Deo
1928 3389 2054 3444 per-

463 3466 789 3514 tractantem
813 3476 1124 3523 sermonem
1144 3466 1548 3535 complectitnr,
1575 3466 1837 3536 parisque
1856 3468 2054 3521 animat

465 3550 647 3606 oculis
680 3567 809 3607 eum
845 3557 1116 3624 agnoscit.
1148 3555 1363 3614 Rursus
1396 3574 1494 3630 per
1528 3560 1745 3613 Annam
1783 3558 2052 3613 conﬁteri.

467 3647 601 3704 tem,
634 3641 739 3697 hoc
786 3654 890 3710 est,
923 3646 1129 3716 gratias
1177 3658 1469 3718 agentem,
1519 3649 1705 3704 anima
1755 3649 2059 3719 prudentiae

467 3730 672 3787 Virtute
701 3748 897 3800 senex,
929 3751 986 3792 et
1012 3748 1275 3808 quantum
1306 3740 1374 3795 ad
1403 3739 1682 3809 dogmata,
1710 3755 1830 3810 qua:
1860 3741 1927 3796 de
1948 3741 2059 3799 Deo

460 3826 868 3895 instituuntur,
903 3832 1123 3901 pudica,
1173 3835 1658 3905 temperantiaeque
1695 3834 1856 3889 laude
1887 3835 2057 3899 clara,

462 3920 698 3993 intelligi
722 3923 915 3993 possit.
957 3923 1079 3983 lam
1135 3941 1289 3993 vero,
1342 3934 1405 3982 ut
1452 3927 1595 3996 apud
1622 3925 1890 3982 Joannem
1915 3929 2056 3984 scri-

466 4020 624 4080 ptum
652 4024 737 4072 est
765 4034 780 4071 :
805 4014 875 4071 In
903 4019 1122 4088 propria
1151 4021 1291 4075 venit
1313 4019 1358 4052 “
1393 4018 1682 4087 Dominus,
1721 4021 1825 4077 hoc
1849 4030 1953 4083 est,
2005 4022 2059 4075 in

469 4107 618 4162 hunc
670 4110 963 4177 mundum,
1017 4112 1111 4183 qui
1166 4112 1342 4182 ipsius
1396 4123 1652 4169 creatura
1704 4125 1814 4170 est.
1871 4114 2064 4169 Alieno

468 4207 653 4253 autem
682 4215 838 4258 more
867 4203 1036 4268 venit,
1080 4212 1272 4275 utpote
1312 4205 1369 4259 in
1428 4205 1608 4260 aliena
1640 4216 1858 4270 natura,
1895 4206 2063 4259 nimi-

468 4305 593 4344 rum
627 4292 868 4348 humana
907 4312 922 4348 :
963 4306 1018 4349 et
1056 4296 1403 4365 peregrinum
1432 4296 1604 4365 gloria
1637 4295 1837 4361 aﬂ‘ecit,
1872 4295 1927 4351 id
1955 4305 2061 4360 est,

474 4380 777 4446 hominem,
797 4382 1038 4438 accolam
1063 4394 1249 4449 terrae,
1269 4396 1433 4454 atque
1461 4401 1493 4439 a
1516 4386 1776 4455 paradiso
1803 4386 2062 4441 exsulan-

473 4480 604 4525 tem.
641 4470 799 4537 Nttnc
852 4482 1034 4530 autent
1089 4477 1242 4532 aliud
1286 4478 1490 4534 Christi
1535 4478 1769 4543 facinus,
1803 4479 2064 4550 aliudque

2152 1895 2253 1935 nos
2286 1880 2421 1949 ipsis
2461 1878 2724 1935 docendis
2771 1894 2929 1948 pares
2978 1893 3105 1934 esse
3154 1894 3340 1947 posse.
3385 1877 3527 1944 Quin
3566 1879 3752 1948 potius

2150 1973 2333 2029 adulta
2363 1980 2417 2029 et
2451 1972 2632 2041 plena,
2658 1980 2766 2027 tam
2802 1986 3065 2042 corporea
3121 1987 3289 2040 quam
3323 1970 3554 2041 spiritali
3583 1979 3750 2025 artato

2150 2068 2218 2123 ad
2270 2067 2579 2123 docendum
2636 2066 2987 2132 accedamus,
3024 2082 3123 2122 nec
3166 2064 3445 2122 Danielum
3500 2065 3753 2136 aliosque

2150 2160 2447 2217 nonnullos
2466 2203 2482 2227 ,
2504 2160 2734 2233 juvenili
2763 2169 2920 2215 (etate
2947 2159 3192 2230 judicent
3254 2173 3482 2213 munere
3511 2156 3752 2225 functos,

2150 2252 2206 2307 in
2253 2252 2492 2309 medium
2528 2251 2874 2322 proferamus
2927 2268 2941 2304 :
2994 2264 3116 2316 nec,
3171 2247 3317 2320 quod
3355 2247 3751 2303 Demosthenes

2151 2344 2247 2411 ait,
2276 2344 2498 2416 quidvis
2531 2343 2826 2410 faciamus,
2859 2358 2923 2397 ac
2955 2351 3253 2411 praatestus
3284 2350 3339 2395 et
3368 2340 3752 2394 excusationes

2151 2439 2558 2510 confingamtts,
2591 2447 2649 2493 ut
2682 2435 2967 2506 injustitia:
3000 2435 3314 2506 opinionem
3353 2450 3382 2487 a
3413 2434 3574 2488 nobis
3601 2447 3753 2485 amo-

2152 2528 2374 2584 liantur.
2416 2524 2599 2595 Neque
2639 2525 2785 2579 enim
2820 2523 3114 2594 quisquam
3149 2536 3391 2592 unquam
3421 2563 3438 2588 ,
3472 2521 3655 2590 inique
3694 2532 3750 2573 et

2152 2618 2360 2688 injuste
2407 2617 2617 2685 aliquid
2671 2615 2901 2682 faciens,
2956 2615 3165 2685 peccati
3199 2613 3596 2669 confessionem
3640 2613 3744 2665 sibi

2151 2708 2383 2778 exprimi
2428 2723 2627 2777 passus
2656 2716 2765 2762 est.
2800 2705 2880 2762 Nc
2928 2706 3043 2774 ipse
3075 2708 3298 2776 quidem
3347 2708 3568 2775 ignarus
3601 2721 3743 2763 sum.

2158 2798 2430 2852 Danielem
2462 2798 2685 2851 ineunte
2713 2807 2869 2853 tetate
2896 2799 2961 2851 de
2993 2795 3346 2868 Babylonicis
3391 2796 3495 2850 illis
3525 2794 3749 2850 senibus

2150 2892 2421 2962 judicium
2455 2892 2667 2947 tulisse.
2701 2889 2904 2946 Verum
2939 2907 3081 2946 unus
3115 2890 3205 2944 ille
3233 2898 3336 2945 est.
3372 2882 3528 2956 Quod
3567 2897 3750 2941 autent

2157 3003 2342 3043 tarum
2376 2997 2486 3051 est,
2544 2988 2596 3042 id
2635 2984 2879 3041 Ecclesia
2927 3000 3025 3056 pro
3060 2985 3176 3054 lege
3231 2999 3339 3037 non
3390 2983 3572 3036 habet.
3614 2978 3751 3034 Nam

2156 3094 2258 3135 nec
2295 3095 2397 3134 una
2422 3080 2659 3134 ltirunlo
2681 3094 2772 3132 ver
2801 3077 2953 3145 facit,
2982 3085 3040 3131 ut
3066 3075 3244 3145 inquit
3273 3072 3612 3135 Aristoteles,
3652 3090 3755 3128 nec

2156 3174 2203 3228 si
2247 3173 2371 3244 quis
2404 3173 2601 3227 lineam
2639 3187 2800 3226 uuam
2835 3171 3092 3237 duxerit,
3126 3177 3221 3224 aut
3255 3166 3422 3224 semel
3454 3166 3751 3237 navigat-it,

2155 3269 2300 3321 idem
2358 3267 2608 3335 protinus
2641 3275 2939 3331 geometra,
2990 3263 3071 3318 vel
3105 3270 3269 3318 nauta
3315 3259 3581 3314 dicendus
3616 3258 3750 3311 erit.

2227 3358 2344 3413 Col.
2392 3359 2492 3413 551
2538 3360 2600 3412 Β.
2669 3356 2934 3412 Craterum
2988 3356 3225 3427 baptizat
3270 3352 3553 3418 Joannes;
3592 3352 3753 3406 Jesus

2158 3451 2385 3515 accedit,
2415 3450 2552 3525 etc.]
2608 3450 2890 3513 Christus,
2927 3450 3125 3520 inquit,
3160 3449 3227 3503 ad
3258 3446 3559 3519 Baptistam
3595 3460 3756 3500 acce-

2158 3544 2260 3610 dit,
2295 3554 2353 3603 ut
2397 3545 2497 3614 ipsi
2533 3558 2753 3614 quoque
2787 3545 3138 3599 sanctitatem
3187 3541 3415 3608 afferat,
3447 3539 3757 3608 Adamique

2160 3645 2482 3692 vetustatem
2507 3677 2521 3700 ,
2558 3639 2663 3691 hoc
2689 3643 2803 3700 est,
2838 3643 3125 3704 peccatum
3157 3641 3460 3705 expurget,
3491 3633 3755 3702 priusque

2159 3729 2325 3783 etiam
2385 3727 2680 3783 Jordauem
2746 3729 2926 3797 ipsum
2986 3728 3285 3783 sanctitate
3367 3727 3599 3781 imbuat.
3653 3722 3757 3779 Per

2159 3820 2457 3877 ,1.ιτιίιιιιοιιι
2508 3821 2654 3874 cnim
2705 3835 2898 3875 omnes
2951 3833 3172 3890 quoque
3234 3833 3427 3895 aquas
3460 3816 3758 3872 sanctitate

2167 3916 2304 3971 allici
2338 3913 2649 3984 Oportebat,
2682 3913 2903 3981 vimque
2935 3913 3001 3967 ad
3028 3911 3343 3983 purgandos
3397 3926 3463 3967 ac
3496 3909 3758 3978 spiritua-

2166 4009 2289 4065 liter
2321 4005 2621 4063 iuitiandos
2675 4006 2932 4061 homines
2966 4004 3236 4073 accipere.
3280 4000 3757 4070 Quemadmodum

2164 4102 2313 4159 enim
2361 4101 2632 4170 duplicem
2684 4108 2938 4153 naturam
2976 4098 3141 4153 habet
3202 4096 3457 4152 Christus
3505 4094 3759 4165 (spiritus

2166 4195 2315 4251 enim
2337 4203 2392 4251 et
2418 4209 2552 4249 caro
2582 4202 2688 4257 est,
2719 4194 2823 4247 hoc
2853 4199 2960 4259 est,
2994 4190 3136 4247 Deus
3158 4201 3213 4247 ct
3247 4190 3459 4259 homo),
3491 4189 3570 4243 sic
3591 4187 3755 4242 etiam

2168 4303 2263 4357 per
2292 4301 2489 4354 aquam
2516 4295 2570 4343 et
2604 4284 2869 4354 Spiritum
2902 4283 3155 4339 homines
3188 4284 3384 4337 lustrat
3414 4298 3429 4347 ;
3464 4279 3635 4344 illam,
3671 4280 3761 4331 in-

2152 4395 2333 4448 .quam
2361 4417 2378 4442 ,
2412 4378 2658 4434 sensibili
2692 4377 2853 4432 modo
2883 4383 3192 4445 acceptant,
3227 4374 3371 4428 hunc
3399 4383 3584 4429 autem
3616 4373 3762 4427 iovi-

2170 4469 2405 4525 sibiliter
2448 4468 2849 4523 advenientem.
2887 4468 2958 4522 At
2997 4481 3130 4522 vero
3175 4466 3419 4522 Joannes
3443 4465 3631 4522 Jcsunt
3665 4482 3764 4521 ve-

470 4562 696 4619 festum.
752 4565 933 4639 Atque
980 4584 1082 4640 ego
1125 4571 1306 4631 laetum
1359 4573 1612 4627 nuntium
1663 4571 1918 4641 prorem,
1956 4573 2058 4626 θιεῑ
2097 4552 2137 4605 Ι)
2172 4564 2410 4617 nientem
2444 4561 2735 4616 admittere
2762 4559 3067 4627 detrectat,
3105 4570 3272 4630 atque
3300 4561 3420 4615 ait:
3456 4558 3570 4630 Ego
3600 4559 3762 4614 debeo

473 4672 582 4710 non
642 4673 971 4727 prmcursor,
1028 4671 1087 4715 ut
1126 4659 1388 4727 Joannes,
1437 4679 1468 4717 a
1521 4664 1818 4719 solitudine
1882 4672 2062 4717 tamen

464 4750 724 4819 veniens,
775 4762 941 4820 atque
989 4770 1021 4809 a
1069 4753 1297 4810 Pontica
1334 4743 1520 4826 quiete
1562 4755 1628 4809 ad
1666 4755 2061 4825 amplissimam

478 4844 872 4905 Itancurbem.
900 4844 1157 4902 Christus
1186 4848 1528 4904 illttminatur
1569 4867 1582 4904 :
1627 4849 1792 4903 simul
1820 4847 2063 4903 illustre-

476 4952 600 4989 utur
625 4976 643 5000 ,
670 4936 929 4993 ttitnirutn
961 4939 1150 4993 divino
1195 4940 1436 5006 lavacro,
1485 4940 1568 4994 vel
1599 4940 1766 4995 etiam
1808 4954 2065 4995 sermone

465 5029 719 5095 purgati,
747 5044 813 5083 ac
841 5044 935 5098 per
958 5046 1084 5085 eum
1118 5031 1589 5101 splendescentes.
1625 5030 1753 5084 Tria
1786 5045 1950 5100 porro
1976 5034 2064 5085 hic

475 5120 840 5188 expendenda
868 5128 1032 5185 sunt,
1068 5121 1303 5191 primttm
1332 5122 1480 5192 quod
1504 5121 1783 5185 Christus,
1812 5123 2064 5191 quamvis

466 5214 549 5283 ab
578 5211 729 5266 omni
758 5213 1012 5269 vitiorum
1041 5215 1371 5285 contagione
1398 5228 1592 5284 purus,
1626 5214 1933 5283 baptizatur
1958 5234 1971 5269 :
2008 5224 2068 5270 ut

479 5322 547 5359 ea
606 5320 664 5359 re
697 5306 858 5361 nobis
907 5307 1239 5363 documento
1289 5309 1395 5371 sit,
1451 5308 1905 5378 prmparationem
1943 5318 2069 5363 ante

466 5398 814 5467 .baptismum
861 5399 1175 5455 necessario
1214 5399 1578 5455 adhibendam
1611 5414 1754 5461 esse.
1786 5409 1951 5469 atque
1977 5400 2074 5453 ha-

464 5491 659 5546 .hitum
687 5492 985 5560 quemdam
1021 5492 1239 5546 virtutis
1266 5493 1718 5562 comparandum,
1757 5508 1822 5547 ac
1857 5502 1972 5546 tum
2003 5493 2072 5547 ad

463 5584 816 5652 baptismum
860 5582 1227 5638 accedendum
1263 5602 1275 5637 :
1311 5592 1371 5637 ut
1413 5600 1511 5653 per
1556 5585 1773 5639 virtutis
1823 5585 2071 5639 habitum

470 5676 701 5731 :vcuiam
731 5715 747 5741 ,
798 5691 967 5745 quam
1018 5677 1372 5747 accepimus,
1422 5679 1475 5731 in
1535 5686 1652 5732 tuto
1701 5679 2068 5745 collocemus,

562 5857 602 5887 ‘°
629 5854 645 5909 l
672 5853 799 5910 Cor.
831 5870 917 5921 av,
946 5854 1037 5909 δῖ.
1111 5858 1149 5888 δ’
1185 5857 1339 5913 Jean.
1380 5874 1425 5926 ι,
1463 5859 1544 5913 ll.

1626 5860 1690 5912 ’“’.
1728 5857 1883 5914 Prov.
1918 5876 2065 5927 xxrt,
2104 5858 2181 5913 ll.

2167 4673 2201 4710 a
2230 4666 2279 4710 te
2305 4656 2569 4725 baptizari
2593 4655 2660 4720 ιδ.
2686 4664 2851 4724 atque
2875 4657 3011 4708 adeo
3035 4668 3136 4725 pro
3161 4663 3232 4710 te.
3262 4652 3398 4708 lllud
3423 4653 3570 4707 enim
3598 4661 3762 4706 norat

2167 4746 2443 4811 Joannes,
2485 4749 2598 4804 fore
2650 4757 2710 4802 ut
2770 4762 2870 4817 pro
2933 4746 3156 4801 Christo
3204 4755 3367 4815 atque
3419 4744 3593 4813 ipsius
3640 4734 3791 4813 lege'

2172 4841 2395 4912 martyri
2421 4842 2689 4909 sanguine
2714 4840 3056 4902 ablueretur,
3084 4855 3182 4894 nec
3206 4839 3439 4909 pedibus
3469 4837 3671 4899 solum,
3699 4844 3762 4890 ιιι

2170 4933 2365 4989 Petrus
2398 4934 2450 4988 itt
2490 4933 2630 5002 pclvi
2654 4973 2670 4999 ,
2704 4942 3052 5001 purgaretur,
3082 4932 3178 4987 sed
3206 4940 3262 4985 et
3293 4931 3473 5000 capite
3497 4969 3513 4994 ,
3551 4939 3605 4983 et
3644 4938 3761 4982 toto

2172 5027 2412 5097 denique
2468 5040 2721 5094 corpore.
2766 5022 3093 5091 Prophetico
3124 5026 3253 5078 item
3301 5022 3498 5093 spiritu
3542 5019 3763 5074 afflatus

2176 5125 2291 5174 haec
2320 5119 2483 5173 verba
2515 5116 2850 5185 adjiciebat:
2889 5115 2954 5170 Et
2990 5126 3047 5168 tu
3090 5118 3228 5170 renis
3283 5114 3351 5167 ad
3399 5115 3566 5169 me“.
3628 5112 3765 5179 Quae

2174 5213 2337 5267 verba
2370 5228 2464 5280 per
2493 5210 2963 5275 enuntiationem,
3006 5225 3070 5264 ac
3098 5226 3205 5263 tton
3245 5224 3340 5278 per
3377 5207 3764 5277 interrogatio-

2160 5324 2299 5362 .nem
2347 5306 2574 5377 legenda
2612 5315 2761 5361 sunt.
2796 5303 2931 5358 Nam
2963 5304 3095 5359 illud
3122 5317 3343 5372 quoque
3379 5305 3495 5357 fore
3529 5318 3640 5356 non
3666 5302 3767 5361 du-

2176 5399 2404 5462 bitabat,
2429 5399 2581 5468 quin,
2622 5410 2680 5453 ut
2714 5396 3074 5453 Przecursoris
3117 5405 3174 5452 et
3215 5397 3487 5465 praconis
3531 5409 3765 5449 munere

2175 5492 2565 5562 apudJudteos
2601 5491 2875 5554 functum,
2929 5490 3004 5543 ita
3046 5488 3114 5544 ad
3178 5502 3276 5545 eos
3324 5488 3490 5545 etiam
3547 5486 3639 5552 qui
3705 5487 3763 5541 in

2179 5583 2391 5638 inferno
2446 5594 2646 5646 erant,
2705 5583 3021 5637 functorum
3077 5579 3333 5635 Christus
3386 5588 3761 5649 sequeretur:

2169 5676 2449 5743 Christus,
2472 5676 2716 5745 inquam,
2738 5674 2830 5745 qui
2850 5673 3247 5746 primogenitus
3269 5672 3453 5728 omnis
3493 5681 3767 5729 creatura:

2803 5853 2843 5886 tt
2886 5854 3047 5905 υνυς,
3110 5871 3167 5897 η,
3249 5854 3305 5905 η
3412 5854 3453 5885 ts
3492 5852 3566 5903 tr;
3594 5856 3622 5903 ι.

2267 5862 2304 5891 ’θ’
2339 5859 2491 5927 ῌόι·
2528 5873 2620 5911 .tv.
2656 5858 2701 5907 Ι.
