4100 6456
447 357 582 421 1ἓ31

1855 356 1895 412 Λ
1908 353 2106 414 DDEN
2118 354 2235 414 DA.

3579 357 3719 423 1240

440 469 594 524 lianc
651 468 799 524 enim
855 467 1026 537 legem
1062 465 1242 520 sanxit
1276 484 1288 520 :
1327 464 1384 520 Si
1413 465 1540 535 quis
1592 473 1874 519 mortuum
1930 472 2024 517 aut
2053 463 2095 519 Δ
2123 472 2228 525 εει,
2264 463 2410 533 quod
2446 465 2708 534 martyrio
2743 472 2796 518 ct
2819 464 3105 536 sanguinis
3129 464 3397 522 effusione
3424 481 3718 538 compara-

439 563 720 631 leprosnm
751 557 1070 627 contigerit,
1123 567 1212 612 aut
1263 573 1387 613 cum
1427 557 1654 615 ethnico
1700 557 2023 621 comederit,

440 661 533 708 aut
592 652 755 708 ullam
815 651 977 706 aliam
1046 650 1262 705 sordem
1314 649 1701 714 contraxerit,
1755 663 1898 719 aqua
1956 648 2024 702 ad

442 757 720 813 vesperam
770 750 1101 812 repurgetur
1124 739 1206 794 “.
1261 741 1442 812 Atque
1479 749 1606 796 ante
1644 740 1816 810 legem
1857 741 2022 795 etiam

441 837 715 892 lsraelitas
753 836 804 890 in
829 837 975 892 nube
1001 846 1055 891 et
1085 835 1220 891 mari
1273 836 1660 907 baptizavit",
1719 849 2024 904 eorumque

437 929 586 983 sitim
629 944 771 999 aqua
804 946 869 983 ex
901 938 1047 998 petra
1074 929 1408 985 scaturiente
1442 928 1715 994 restinxit,
1747 938 1802 983 et
1826 942 2020 982 manna

439 1023 641 1076 famem
684 1023 985 1078 sedavit".
1014 1025 1146 1078 Erat
1178 1032 1360 1078 autem
1392 1031 1542 1094 petra
1578 1022 1808 1092 myStico
1833 1037 2019 1088 sensu,

435 1115 588 1168 velut
639 1112 814 1170 Paulo
867 1130 1089 1186 quoque
1130 1115 1356 1186 placet,
1395 1115 1647 1171 Christus
1675 1155 1690 1180 ,
1753 1125 1807 1170 et
1854 1126 2022 1186 petra

434 1222 600 1276 aqua,
627 1208 810 1263 vitalis
865 1206 1030 1262 Verbi
1074 1205 1150 1261 vis
1204 1216 1258 1262 et
1307 1207 1538 1263 facultas
1570 1206 1659 1276 (Si
1702 1208 1819 1277 quis
1869 1207 2016 1261 enim

433 1299 545 1350 sitit
574 1338 589 1362 ,
627 1297 826 1368 inquit,
859 1299 1033 1352 veniat
1094 1298 1163 1351 ad
1212 1314 1292 1353 me
1341 1308 1389 1352 et
1417 1299 1559 1352 bibat
1589 1298 1680 1368 "),
1733 1307 1788 1352 et
1820 1313 2019 1353 manna

433 1392 618 1446 vivum
651 1385 847 1461 panem
879 1391 1266 1446 adumbrabat.
1294 1389 1362 1446 At
1393 1404 1525 1444 vcro
1555 1404 1706 1443 mare
1735 1397 1788 1442 et
1822 1388 2019 1456 nubes,

433 1485 488 1538 in
524 1499 761 1553 praesens
793 1484 1012 1554 quidem
1057 1486 1274 1539 animos
1325 1483 1614 1538 hominum
1665 1481 1740 1538 rei
1775 1482 2015 1536 admira-

433 1579 582 1632 tione
625 1578 908 1648 perculsos
936 1579 1003 1634 ad
1040 1578 1205 1635 ﬁdem
1256 1577 1589 1633 intlucebant
1626 1596 1640 1633 :
1677 1577 1733 1632 in
1775 1575 2018 1632 futurum

435 1680 617 1726 autem
643 1670 964 1726 aﬁ’ulsuram
1007 1671 1238 1742 gratiam
1273 1687 1368 1741 per
1411 1671 1642 1740 ﬁguram
1673 1670 2016 1727 indicabant.

435 1764 570 1832 Quis
592 1767 830 1836 sapiens,
861 1779 908 1821 et
947 1765 1207 1836 intelliget
1253 1765 1364 1820 Iuec
1383 1765 1470 1820 7'?
1514 1779 1626 1836 quo
1655 1775 1814 1836 pacto
1867 1781 2018 1821 mare

433 1853 768 1924 baptismum
821 1854 1166 1927 designabat,
1215 1853 1474 1910 llebrzcos
1525 1854 1777 1912 videlicet
1807 1872 1838 1911 a
1869 1855 2017 1912 Pha-

437 1962 607 2004 raone
656 1948 1000 2020 disjungens,
1035 1949 1498 2019 quemadmodum
1524 1957 1579 2005 et
1612 1948 1713 2005 hoc
1734 1949 2010 2007 lavacrum

435 2058 538 2097 nos
566 2057 597 2097 a
643 2040 851 2098 diaboli
883 2042 1172 2114 tyrannide
1203 2041 1434 2099 dirimit.
1492 2042 1628 2100 Illud
1665 2043 1892 2101 hostiles
1921 2059 2017 2102 co-

357 2171 384 2192 .
437 2134 559 2204 pias
601 2137 761 2204 aquis
789 2134 1019 2190 obrutas
1077 2134 1361 2191 interfecit
1393 2155 1406 2191 :
1441 2137 1497 2190 in
1525 2137 1800 2207 baptismo
1833 2148 2019 2194 nostra

433 2226 703 2281 adversus
754 2225 922 2281 Deum
976 2225 1266 2282 inimicitia
1301 2227 1559 2284 moritur.
1611 2227 1822 2283 lllaesus
1853 2237 2017 2298 atque

438 2317 736 2374 incolumis
763 2333 792 2373 a
825 2319 1109 2373 Pharaone
1137 2334 1393 2390 egressus
1418 2327 1504 2374 est
1534 2318 1872 2374 lsraeliticus
1922 2333 2017 2388 po-

437 2410 600 2478 pulus
626 2427 640 2476 ;
668 2410 858 2464 eodem
887 2409 1053 2464 modo
1086 2425 1188 2465 nos
1225 2425 1450 2480 quoque
1490 2409 1561 2466 ab
1591 2424 1734 2480 aqua
1765 2411 2019 2465 ascendi-

435 2516 582 2564 mus,
622 2501 782 2571 quasi
837 2516 869 2555 a
921 2510 1098 2556 morte
1134 2501 1200 2556 ad
1235 2502 1401 2557 vitam
1434 2503 1716 2568 revocati,
1766 2503 1888 2573 ejus
1922 2503 2016 2574 qui

433 2607 537 2647 uos
554 2593 793 2656 vocavit,
825 2593 1003 2664 gratia
1049 2594 1286 2648 salutem
1316 2596 1621 2650 consecuti.
1654 2593 1775 2650 Jam
1806 2597 2006 2662 nubes,

434 2685 686 2740 beneﬁcii
717 2685 891 2751 illius,
921 2688 1066 2756 quod
1096 2701 1126 2740 a
1161 2685 1373 2756 Spiritu
1406 2687 1742 2757 accepimus,
1782 2689 2011 2758 lignram

431 2778 651 2846 gerebat
683 2797 697 2834 :
735 2778 827 2848 qui
862 2778 1082 2849 quidem
1112 2779 1356 2849 Spiritus
1385 2781 1551 2834 animi
1585 2780 1758 2835 nostri
1791 2789 2012 2848 pertur-

431 2871 685 2927 bationes
721 2873 1003 2943 opprimit,
1046 2871 1438 2945 ﬂammamque
1490 2874 1561 2930 ab
1596 2875 1664 2930 iis
1712 2876 2009 2932 excitatam

431 2963 646 3035 mitigat
693 2973 748 3020 et
799 2963 1108 3036 refrigerat.
1166 2964 1479 3022 Secundum
1533 2968 1805 3040 baptisma
1860 2969 2006 3036 fuit,

431 3057 698 3126 baptisma
730 3055 977 3124 Joannis,
1005 3057 1059 3112 in
1089 3074 1230 3129 aqua
1277 3059 1522 3130 quidem,
1547 3069 1602 3115 et
1626 3062 1691 3117 ad
1729 3063 2004 3133 poeniten-

2131 565 2239 620 tur,
2274 572 2385 626 quo
2418 558 2532 626 ipse
2565 573 2785 626 quoque
2826 558 3082 616 Christus
3140 562 3347 616 tinctus
3385 569 3492 630 εει,
3544 573 3600 618 ει
3645 566 3716 620 de

2126 664 2238 718 quo
2262 648 2479 704 dicebat
2507 649 2820 720 :Baptismo
2842 650 3008 707 habeo
3037 654 3326 722 baptizari,
3351 666 3401 709 et
3428 671 3532 725 quo
3558 659 3714 712 modo

2127 749 2390 807 coarctor,
2421 742 2586 796 donec
2615 744 3030 812 perﬁciatur"?
3053 745 3119 800 Et
3141 745 3207 800 ad
3243 745 3384 801 ﬁlios
3422 747 3712 804 Zebedaei:

2126 829 2356 886 Potestis
2386 833 2559 888 bibere
2583 835 2826 901 calicem,
2853 851 3003 906 quem
3026 853 3120 905 ego
3157 836 3274 890 bibo
3299 852 3320 892 :
3348 849 3394 892 et
3425 840 3715 908 baptismo,

2124 943 2226 996 quo
2259 943 2352 997 ego
2390 927 2630 996 baptizor
2655 967 2672 993 ,
2712 929 3084 998 baptizari"?
3125 928 3190 984 Et
3238 930 3462 998 quidem
3529 933 3715 1002 bapti-

2126 1035 2302 1085 smus,
2330 1021 2422 1090 qui
2453 1021 2506 1074 in
2543 1035 2681 1090 aqua
2721 1020 2798 1086 ﬁt,
2827 1023 3019 1078 mortis
3057 1023 3472 1079 similitudinem
3509 1024 3711 1080 habet:

2123 1123 2383 1167 caeterum
2426 1115 2671 1170 nonnulli
2702 1130 2767 1170 ex
2805 1115 2870 1172 iis
2897 1116 2991 1186 qui
3044 1116 3097 1171 in
3141 1117 3537 1173 certaminibus
3588 1120 3711 1188 pio-.-

2124 1205 2255 1260 tatis
2287 1221 2454 1261 causa
2493 1206 2766 1278 susceptis
2793 1223 2894 1278 pro
2927 1207 3160 1263 veritate
3201 1217 3370 1277 atque
3399 1209 3714 1266 imitatione

2121 1297 2326 1353 Christi
2362 1299 2552 1354 mortis
2587 1299 2916 1370 supplicium
2955 1301 3330 1370 pertulerunt,
3352 1317 3701 1372 nequaquam

2123 1391 2188 1443 ad
2223 1390 2454 1445 salutem
2506 1391 2915 1460 adipiscendam
2945 1407 3101 1461 aqua;
3127 1391 3304 1462 signis
3333 1407 3474 1461 opus
3503 1393 3706 1447 habue-

2124 1490 2274 1546 runt,
2311 1490 2502 1552 utpote
2552 1482 2608 1536 in
2654 1483 2881 1554 proprio
2926 1484 3196 1553 sanguine
3235 1485 3516 1553 baptizati.
3551 1483 3708 1541 Unde

2121 1585 2172 1627 ct
2232 1571 2484 1643 martyrii
2538 1571 2850 1643 baptismus
2889 1588 2956 1628 eo
3003 1575 3226 1630 nomine
3274 1574 3413 1629 alios
3444 1575 3713 1646 dignitate

2121 1667 2415 1733 antecellit,
2467 1667 2615 1739 quod
2673 1667 2768 1738 qui
2821 1667 3090 1739 martyrio
3143 1667 3453 1738 baptizatus
3479 1679 3584 1736 est,
3621 1686 3715 1726 se-

2120 1759 2342 1829 quentis
2375 1760 2502 1815 vitae
2555 1759 2750 1816 sordes
2779 1775 2886 1814 non
2927 1760 3262 1816 extimescit.
3295 1759 3559 1827 Quintum
3613 1761 3717 1817 ba-

2123 1851 2564 1923 ptismalongum
2615 1861 2697 1907 est
2749 1862 2806 1907 ει
2844 1867 3250 1919 aerumnosum,
3285 1869 3482 1925 nempe
3529 1855 3718 1928 lacry-

2124 1961 2359 2012 marum,
2390 1961 2501 2014 quo
2523 1944 2692 2000 David
2717 1961 2937 2016 quoque
2981 1945 3378 2014 baptizabatur,
3408 1961 3469 2001 ac
3483 1947 3718 2017 proinde

2125 2039 2386 2094 dicebat:
2425 2037 2637 2093 Lavabo
2666 2055 2760 2109 per
2806 2038 3048 2110 singulas
3076 2051 3252 2092 noctes
3285 2038 3476 2092 lectum
3511 2055 3713 2106 meum,

2122 2132 2376 2204 lacrymis
2425 2134 2557 2186 meis
2623 2142 2853 2186 stratum
2915 2149 3089 2187 meum
3150 2132 3424 2203 rigato".
3478 2131 3545 2188 Et
3601 2133 3716 2188 alio

2122 2223 2245 2279 loco
2282 2243 2296 2278 :
2332 2223 2466 2278 Tota
2495 2225 2581 2278 die
2609 2225 2960 2279 contristatus
2999 2222 3336 2296 ingrediebar
3355 2224 3425 2278 ⁷³.
3471 2223 3538 2279 Ει
3585 2241 3715 2278 rur-

2121 2334 2218 2375 sus
2255 2336 2268 2373 :
2309 2319 2478 2383 Quasi
2505 2318 2686 2389 lugens
2714 2330 2760 2372 et
2794 2320 3170 2383 contristatus,
3204 2319 3280 2372 sic
3304 2316 3706 2373 Itumiliabar".

2124 2407 2255 2464 Item
2287 2427 2300 2463 :
2358 2409 2426 2464 Ut
2478 2410 2608 2479 quid
2641 2410 2886 2480 repulisti
2920 2427 3021 2474 me,
3049 2420 3098 2466 et
3151 2427 3315 2482 quare
3358 2414 3711 2466 contristatae

2120 2500 2402 2555 incedo”?
2432 2500 2494 2554 Et
2538 2516 2774 2557 rursus:
2823 2501 3149 2557 Putruerunt
3187 2513 3239 2557 et
3283 2517 3547 2574 corruptae
3581 2516 3708 2557 sunt

2120 2595 2393 2648 cicatrices
2418 2595 2626 2649 mete“.
2676 2593 2789 2650 Hoc
2821 2602 3004 2650 autem
3044 2596 3380 2664 paenitentia:
3421 2613 3546 2666 pars
3595 2605 3702 2662 est,

2119 2701 2184 2740 ac
2215 2686 2607 2756 resipiscentiae
2646 2688 2865 2756 signum
2889 2728 2904 2748 .
2941 2702 3064 2742 cum
3097 2689 3224 2757 quis
3260 2685 3476 2744 fretoris
3508 2702 3703 2758 pecca-

2121 2787 2299 2832 torum
2332 2794 2556 2833 suorum
2599 2795 2767 2836 sensu
2798 2778 3054 2835 aﬁ'icitur.
3094 2778 3228 2835 Nam
3279 2779 3352 2835 ita
3390 2781 3608 2836 demum
3640 2796 3707 2836 ea

2117 2869 2277 2939 digna
2324 2872 2702 2926 exsecratione
2757 2872 3132 2942 prosequitur.
3187 2872 3337 2928 idem
3389 2874 3556 2928 etiam
3592 2873 3708 2928 Ma-

2121 2962 2304 3018 nassis
2379 2965 2796 3019 conversionem
2858 2964 3148 3032 imitatur,
3207 2981 3372 3035 quam
3429 2966 3708 3020 secundus

2117 3055 2572 3126 Paralipomenon
2636 3057 2774 3111 liber
2824 3057 3104 3112 memoria
3137 3057 3453 3128 prodidit“.
3498 3057 3708 3113 Ninivi-

430 3149 592 3215 tiam,
631 3159 886 3205 caeterum
938 3166 1047 3206 non
1100 3151 1154 3206 in
1212 3152 1439 3222 Spiritu.
1477 3151 1745 3221 Tertium,
1805 3173 1998 3228 nempe
2027 3165 2070 3222 (ς
2110 3164 2286 3209 tarum
2332 3147 2460 3202 item
2493 3147 2818 3203 humilitatis
2849 3149 3106 3203 temulqu
3156 3165 3216 3205 se
3248 3150 3490 3220 praebet,
3537 3165 3705 3220 quam

430 3241 635 3296 Christi
696 3242 1021 3311 baptisma,
1086 3242 1390 3312 perfectum
1447 3257 1571 3312 est,
1633 3250 1894 3317 quoniam
1957 3253 2013 3309 in

431 3332 659 3402 Spiritu.
695 3333 797 3388 llic
822 3345 897 3390 est
916 3335 1083 3399 enim,
1118 3337 1314 3406 inquit,
1337 3338 1427 3407 qui
1455 3338 1692 3408 bnptizat
1719 3340 1773 3394 in
1806 3340 2014 3412 Spiritu

431 3427 692 3480 sancto".
728 3427 792 3483 Et
820 3444 834 3482 :
868 3425 988 3497 Ipse
1012 3428 1306 3498 baptizabit
1326 3447 1412 3485 eos
1432 3431 1486 3484 in
1507 3430 1718 3499 Spiritu
1737 3445 1922 3490 sancto
1945 3437 2012 3493 ".

433 3517 483 3572 ιε
513 3515 682 3583 enim,
719 3519 812 3587 qui
842 3517 1152 3586 baptizandi
1179 3535 1407 3577 munere
1443 3520 1594 3594 fungi
1623 3523 1794 3590 iubet,
1827 3525 2006 3596 bapti-

433 3623 560 3663 zare
589 3609 812 3664 dicitur.
860 3611 1129 3675 Quocirca
1171 3609 1396 3669 Joannis
1447 3613 1755 3685 baptismus
1786 3619 2016 3686 puerilis

433 3699 722 3766 cujusdam
794 3701 1156 3757 institutionis
1223 3703 1342 3758 vice
1380 3705 1773 3762 erat:Christi
1832 3718 2014 3763 autem

434 3791 742 3861 baptismus
773 3791 1164 3863 perfectionem
1190 3794 1473 3852 aﬁ‘erebat.
1518 3795 1608 3852 Ille
1645 3798 2011 3869 pceuitentize:

435 3885 524 3939 hic
551 3884 888 3954 adoptionis.
945 3886 1039 3942 Ille
1089 3889 1334 3944 secessio
1380 3899 1501 3945 erat
1552 3905 1583 3945 a
1617 3900 1884 3961 peccato:
1929 3893 2018 3949 hic

434 3978 716 4048 adjunctio
774 3979 843 4035 ad
907 3981 1100 4038 Deum.
1159 3981 1318 4047 Quod
1371 3983 1420 4039 si
1490 3984 1731 4053 Spiritus
1769 3986 2018 4042 homines

435 4072 666 4140 perﬁcit,
717 4089 782 4130 ac
820 4074 1104 4130 divinitate
1165 4074 1362 4143 allicit,
1395 4076 1531 4147 quid
1579 4076 1762 4133 aﬁ'erri
1811 4089 2015 4150 potest,

433 4164 567 4232 quin
602 4165 722 4236 ipse
748 4166 890 4222 Deus
917 4168 1027 4222 sit?
1053 4168 1222 4240 (libet
1245 4170 1386 4224 enim
1417 4169 1595 4226 obiter
1622 4173 1725 4226 hoc
1756 4181 2018 4228 excutere

435 4267 490 4312 ct
520 4258 844 4328 disputare.)
884 4258 1135 4328 Cumque
1184 4271 1244 4316 tu
1297 4272 1520 4332 propter
1567 4262 1835 4333 Spiritum
1874 4262 2020 4320 Deus

436 4351 541 4415 sis,
567 4351 923 4420 quotaudem
952 4352 1115 4406 modo
1147 4351 1389 4422 Spiritus
1421 4369 1450 4408 a
1479 4354 1767 4410 divinitate
1799 4356 2018 4412 alienus

434 4443 587 4497 erit?
614 4444 682 4498 At
726 4443 975 4514 profecto
1013 4444 1262 4500 divinum
1315 4447 1582 4517 Spiritum
1619 4457 1673 4504 et
1704 4464 1770 4503 ex
1798 4448 1928 4512 Deo,
1964 4458 2018 4502 ει

2115 3240 2284 3296 Jonas
2355 3240 2617 3310 propheta
2680 3240 2942 3294 describit
2973 3240 3040 3294 ⁸³.
3093 3241 3274 3311 Atque
3339 3241 3502 3295 etiam
3573 3255 3702 3295 cum

2117 3336 2407 3406 publicano
2425 3334 2556 3389 dicit
2585 3333 2778 3401 :Deus,
2809 3334 3071 3404 propitius
3088 3343 3200 3388 esto
3217 3333 3346 3387 mihi
3360 3333 3706 3403 peccaturi".

2116 3429 2194 3485 Ae
2231 3437 2493 3500 praeterea
2551 3428 2900 3484 contrahitur
2957 3439 3011 3483 et
3046 3427 3401 3498 deprimitur,
3459 3426 3565 3482 hoc
3597 3434 3704 3493 est,

2121 3523 2270 3578 humi
2303 3523 2638 3594 procumbit,
2697 3531 2863 3593 atque
2902 3521 2969 3576 ad
3027 3520 3194 3592 pedes
3245 3519 3583 3584 advolvltur,
3644 3528 3708 3575 ut

2119 3616 2450 3682 Chananaea,
2503 3617 2790 3687 micasque
2814 3655 2831 3681 ,
2882 3615 2935 3669 id
2966 3626 3071 3681 est,
3103 3615 3352 3682 exiguam
3386 3613 3707 3669 miscricor-

2118 3709 2286 3774 diam,
2316 3709 2510 3780 poscit.
2547 3709 2641 3764 Sic
2667 3709 2810 3764 enim
2852 3707 3070 3762 dicebat
3097 3706 3408 3762 Chananaea
3445 3723 3460 3760 :
3494 3704 3704 3769 Etiam,

2122 3803 2366 3865 Domine;
2406 3817 2529 3854 nam
2558 3810 2606 3854 et
2639 3799 2814 3854 catelli
2873 3799 3031 3853 edunt
3076 3799 3140 3853 de
3182 3797 3331 3852 micis
3359 3813 3477 3867 qua:
3505 3797 3706 3850 cadunt

2119 3910 2186 3948 ea:
2219 3908 2403 3947 mensa
2433 3893 2771 3947 dominorum
2814 3909 3029 3946 suorum
3050 3891 3117 3944 ³⁵.
3150 3888 3262 3946 Nec
3299 3899 3483 3946 tamen
3517 3889 3705 3944 existi-

2122 3987 2382 4040 mandum
2429 3993 2532 4049 est,
2565 3999 2684 4039 eam
2734 3984 3108 4039 Chananaaam
3163 3983 3313 4038 illam
3352 3981 3544 4046 fuisse,
3580 3995 3704 4050 qua

2122 4078 2436 4132 iullrmilate
2469 4075 2777 4140 laborabat,
2808 4091 2869 4131 ac
2911 4086 3199 4146 propterea
3246 4074 3701 4131 contrahebatur.

2125 4170 2217 4224 Illa
2243 4170 2386 4225 enim
2419 4166 2640 4224 Judaica
2678 4179 2794 4223 erat
2828 4168 3033 4222 mulier
3065 4186 3080 4222 :
3111 4168 3226 4223 haec
3256 4175 3439 4223 autem
3463 4166 3703 4237 gentilis.

2123 4263 2299 4329 Quam
2355 4263 2520 4316 etiam
2569 4261 2823 4316 contrahi
2889 4260 3182 4332 theologus
3217 4259 3372 4326 dicit,
3436 4259 3540 4314 hoc
3597 4267 3706 4321 est,

2124 4353 2404 4408 humiliari
2452 4362 2616 4423 atque
2648 4352 2704 4406 in
2758 4360 2962 4406 terram
2997 4350 3274 4418 inclinari,
3303 4349 3708 4406 obsecrationis

2123 4461 2313 4507 causa.
2340 4461 2449 4500 non
2493 4444 2850 4500 inlirmitatis.

435 4535 604 4590 Deum
639 4551 764 4592 esse
806 4553 1032 4594 necesse
1053 4548 1164 4604 est,
1189 4541 1289 4610 qui
1323 4555 1496 4595 causa
1518 4552 1624 4605 est,
1671 4556 1771 4595 cur
1805 4541 1907 4611 ipsi
1940 4541 2014 4596 dii
2046 4507 2098 4567 Β
2195 4537 2313 4594 Col.
2344 4537 2451 4593 355
2483 4537 2544 4592 Β.
2579 4537 2698 4607 Ipse
2735 4537 2944 4609 quidem
2977 4536 3240 4591 hominem
3265 4552 3346 4590 me
3372 4552 3482 4590 esse
3511 4536 3705 4604 fateor,

433 4645 653 4694 smnus,
713 4630 1176 4700 quemadmodum
1235 4631 1313 4696 id,
1370 4632 1516 4702 quod
1573 4633 1841 4688 adurendi
1907 4633 2018 4688 vim

431 4719 610 4784 aﬂ'ert,
647 4720 963 4776 adustivum
1000 4736 1126 4777 esse
1162 4731 1422 4792 oportet:
1459 4733 1513 4784 et
1563 4722 1711 4794 quod
1753 4724 2021 4778 sanctita-

431 4811 504 4864 tis
531 4825 754 4866 causam
805 4811 985 4878 alfert,
1037 4823 1287 4868 sanctum
1321 4829 1443 4869 esse
1489 4829 1714 4870 necesse
1739 4822 1845 4870 est.
1884 4814 2020 4869 Illud

432 4903 719 4958 enimvero
750 4903 892 4959 scire
915 4920 1097 4974 operae
1145 4906 1383 4975 pretium
1419 4915 1525 4969 est,
1574 4904 1866 4960 Dominum
1901 4907 2023 4960 vitae

431 5006 633 5051 nostrae
689 4997 1086 5053 moderatorem
1155 5000 1410 5067 baptismi
1471 4999 1649 5056 fcedus
1725 5001 2012 5054 nobiscum

425 5087 744 5157 pepigisse,
801 5089 996 5143 mortis
1052 5100 1106 5144 et
1143 5090 1266 5144 vitae
1327 5091 1560 5158 ﬁguram
1618 5091 2012 5159 complectens.

337 5180 342 5185 “
432 5177 566 5231 Nam
598 5188 652 5233 et
685 5180 880 5234 mortis
912 5180 1205 5251 imaginem
1241 5183 1501 5252 exprimit
1529 5195 1672 5251 aqua
1702 5195 1718 5234 :
1753 5181 2016 5250 quoniam

432 5268 472 5321 ii
501 5267 594 5336 qui
647 5267 1016 5337 baptizantur,
1051 5271 1104 5326 in
1162 5287 1360 5342 aquam
1417 5272 1846 5341 immerguntur,
1874 5288 2016 5342 quo-

431 5361 670 5427 damque
697 5359 858 5413 modo
892 5363 1240 5431 sepeliuntur
1277 5373 1373 5417 :et
1403 5378 1595 5418 rursus
1635 5361 1872 5433 Spiritus
1899 5363 2022 5418 vita:

431 5453 799 5507 art-habenam
827 5454 985 5509 nobis
1009 5455 1260 5526 porrigit.
1285 5455 1550 5520 Quartum
1582 5455 1854 5525 baptisma
1886 5455 2017 5509 illud

501 5612 545 5643 ⁸⁸
579 5611 751 5667 Levit.
805 5627 858 5666 XI
886 5651 906 5676 ,
937 5613 1024 5668 12.
1102 5614 1147 5646 ⁶⁹
1180 5611 1354 5668 lCor.
1392 5630 1444 5679 ιι,
1479 5614 1534 5668 ‘2.

436 5697 474 5739 ι.
511 5685 602 5737 55.
679 5683 724 5712 ⁷⁸
751 5680 941 5736 Matth.
979 5700 1058 5748 ιιι,
1100 5685 1186 5739 11.
1299 5685 1343 5714 ⁷⁵
1379 5683 1509 5738 Luc.
1543 5703 1638 5745 λιι,
1673 5687 1761 5742 50.

436 5821 481 5852 ⁸³
515 5824 645 5879 Luc.
685 5836 839 5892 xvut,
880 5823 959 5878 15.
1038 5826 1081 5856 ⁸⁷
1117 5824 1306 5881 Matth.
1346 5826 1547 5894 κν,θῶ

971 5907 1062 5917 ς--ρ

1611 5617 1656 5647 ⁷ο
1693 5615 1862 5670 Exod.
1887 5631 2019 5676 xvu,
2054 5617 2072 5669 1
2117 5631 2272 5684 seqq.
2351 5616 2394 5645 "

1611 5703 1637 5735 t-
1673 5687 1761 5735 fit)-
1897 5687 1942 5719 ’θ
1975 5686 2166 5735 Matth-
2200 5703 2290 5735 xx.
2325 5684 2394 5735 9.2

436 5697 474 5739 ι.
511 5686 602 5737 55.
679 5686 724 5712 ⁷⁸
751 5686 941 5736 Matth.
979 5700 1058 5748 ιιι,
1100 5686 1186 5739 11.
1299 5686 1343 5714 ⁷⁵
1379 5686 1509 5738 Luc.
1543 5703 1638 5745 xtl,
1673 5687 1761 5742 ὅθ.
1897 5687 1942 5719 ’θ
1975 5686 2016 5739 Μ

432 5753 475 5825 ⁷9
510 5752 652 5825 Ρειι.
680 5755 988 5825 xxxw,_l-t.
1063 5757 1107 5786 ⁸ο
1141 5755 1282 5825 Psal.
1321 5770 1430 5818 xu,
1469 5755 1561 5810 10..
1586 5757 1628 5787 ⁸³
1664 5759 1803 5813 Psal..
1844 5773 2016 5812 xxxvu

2121 5693 2166 5741 II.
2200 5703 2290 5745 xx,
2325 5686 2416 5739 2’2.
2523 5686 2568 5716 ⁷⁷
2626 5686 2770 5736 Psal.
2805 5697 2878 5746 vr,
2911 5686 2962 5736 7.

2121 5795 2136 5810 .
2214 5757 2258 5788 ⁸²
2283 5753 2326 5809 υ
2359 5753 2532 5810 Parui.
2573 5769 2766 5819 xum,
2796 5752 2815 5806 1
2853 5767 3007 5823 seqq.

2118 4640 2225 4686 etc.
2261 4630 2398 4686 Cum
2424 4630 2680 4686 saeviente
2711 4629 3092 4699 persecutione
3118 4629 3342 4699 quidam
3375 4626 3705 4692 Christiani,

2121 4732 2522 4779 tormentorum
2555 4719 2934 4792 magnitudine
2963 4719 3116 4782 victi,
3144 4719 3208 4773 ad
3243 4717 3367 4772 ﬁdei
3399 4719 3706 4788 abjuratio-

2120 4832 2242 4870 nem
2273 4815 2511 4884 prolapsi
2545 4822 2754 4875 essent,
2787 4829 2852 4867 ac
2881 4813 3098 4878 deinde,
3151 4813 3338 4867 sedata
3370 4811 3707 4880 persecutio-

2122 4909 2207 4962 nis
2255 4915 2596 4976 tempestatc,
2629 4905 2902 4975 supplices
2958 4919 3081 4958 cum
3129 4905 3391 4974 lacryntis
3445 4902 3705 4957 Ecclesia:

2121 4997 2396 5052 antistites
2424 5004 2706 5066 rogarent,
2740 5005 2800 5050 ut
2835 4995 2939 5051 sibi
2969 4996 3305 5065 poenitentiae
3355 5004 3573 5064 tempus
3607 4992 3707 5048 da-

2121 5095 2261 5152 rent,
2293 5084 2557 5148 Novatus,
2589 5083 2851 5139 Ecclcsize
2898 5081 3158 5138 Romanae
3189 5083 3470 5153 presbyter
3492 5123 3507 5147 ,
3551 5079 3701 5135 fastu

2119 5178 2398 5246 animique
2430 5177 2722 5232 insolentia
2767 5175 2964 5239 elatus,
3018 5177 3250 5231 miseros
3289 5173 3653 5230 submovebat
3685 5188 3700 5228 :

2119 5271 2370 5340 quamvis
2415 5270 2577 5323 ctiam
2615 5269 2727 5337 ipse
2763 5267 3076 5338 periculoso
3111 5277 3357 5337 tempore
3405 5265 3701 5322 sacerdotii

2119 5362 2442 5430 dignitatem
2476 5360 2807 5430 ahjurasset.
2860 5360 2928 5413 At
2978 5359 3270 5429 episcopus
3320 5373 3417 5413 eos
3451 5357 3698 5427 quidem,

2120 5453 2212 5525 qui
2245 5452 2312 5506 ad
2352 5452 2570 5521 pietatis
2615 5450 2945 5507 Christiana:
2977 5447 3378 5546 abjuratiouem
3428 5445 3703 5516 provoluti

2351 5616 2394 5645 "
2424 5611 2584 5668 Joan.
2626 5627 2724 5672 vn,
2755 5611 2847 5664 57.
2922 5609 2969 5640 "’
2999 5607 3142 5664 Psal.
3178 5623 3287 5672 cvi,
3333 5607 3426 5662 45.
3471 5607 3518 5639 ⁷³
3544 5604 3704 5661 Joan.

2523 5685 2568 5716 ⁷⁷
2626 5682 2770 5736 Psal.
2805 5697 2878 5746 Vt,
2911 5680 2962 5736 7.
3089 5681 3133 5712 ⁷⁸
3187 5677 3329 5733 Psal.
3405 5693 3615 5733 xxxv".
3647 5677 3704 5730 7.

2523 5795 2532 5810 .
2573 5752 2815 5818 suum
2853 5767 3007 5818 seqq.
3085 5751 3132 5783 ⁸³
3163 5747 3335 5816 J0me,
3362 5764 3444 5814 ιιι,
3482 5747 3500 5802 1
3545 5763 3704 5818 seqq.
