4100 6412
350 385 481 452 1241

1265 387 1585 449 NICETAS
1627 387 1708 448 ΙΝ
1749 385 1970 448 ΟΒΑΤ.
2014 387 2264 450 XXXIX
2303 386 2364 450 S.
2409 386 2644 448 GREG.

3462 385 3598 450 1249

345 513 526 566 erant,
587 500 844 573 congruis
880 499 1160 557 laboribus
1196 509 1253 555 et
1309 501 1535 555 salutari
1597 497 1915 570 paenitentia
1954 504 1992 557 Α
2027 513 2133 549 ιιοη
2175 497 2464 560 dubitavit,
2499 495 2694 551 dicens
2727 513 2741 550 :
2782 495 2908 551 Volo
2931 496 3373 553 adolescentiores
3413 500 3600 556 viduas

347 607 501 653 certo
551 607 794 666 tempore
835 595 1096 664 imperata
1126 632 1143 659 ,
1206 594 1550 665 recuperavit
1585 611 1599 648 :
1648 593 1918 648 Novatum

350 700 532 743 autent
563 687 630 741 ab
681 687 939 740 Ecclesia:
966 698 1109 742 cmtu
1142 686 1484 756 proscripsit.
1531 684 1624 740 llle
1673 699 1802 739 vero
1835 686 1920 738 in-

347 778 652 835 scientibus
699 778 954 833 omnibus
1014 779 1070 831 in
1123 777 1301 832 locum
1335 777 1625 847 quemdam
1674 776 1919 831 abditum

348 877 514 936 atque
553 867 869 922 abstrusum
920 875 1030 922 tres
1079 868 1372 937 episcopos
1427 877 1587 922 aetate
1633 877 1922 937 provectos

347 960 544 1024 allicit,
601 975 806 1028 eosque
841 960 1131 1014 verborum
1194 959 1475 1014 blanditiis
1524 961 1805 1015 inescatos
1856 975 1922 1015 eo

346 1051 539 1119 adigit,
574 1060 631 1105 ut
667 1067 861 1107 manus
894 1052 993 1106 sibi
1030 1055 1331 1122 imponant.
1380 1054 1456 1108 ita
1497 1056 1566 1106 ab
1614 1055 1681 1109 iis
1709 1054 1924 1122 episeo-

352 1159 458 1210 pus
484 1143 799 1213 designatus
849 1153 952 1198 est.
992 1146 1108 1211 Qua
1162 1145 1424 1213 dignitate
1484 1160 1648 1215 supra
1703 1147 1924 1200 modum

346 1235 548 1297 elatus,
568 1243 830 1304 quotquot
855 1249 885 1288 e
907 1235 1088 1289 stultis
1110 1250 1174 1290 ac
1193 1236 1410 1291 vesanis
1440 1235 1750 1291 hominibus
1775 1235 1840 1289 ad
1868 1249 1927 1289 se

353 1326 612 1395 pellicere
641 1328 834 1394 potuit,
858 1327 1147 1394 Catharos,
1185 1328 1237 1381 id
1273 1337 1378 1393 est,
1409 1345 1576 1398 puros
1598 1329 1924 1384 nominavit.

349 1415 456 1480 Qui
491 1425 672 1469 autem
706 1417 954 1471 eamdem
990 1417 1306 1486 Opinionem
1359 1419 1626 1490 complexi
1659 1429 1809 1481 sunt.
1844 1433 1929 1475 se-

350 1508 566 1564 cundas
600 1524 818 1579 quoque
850 1509 1073 1580 nuptias
1099 1509 1518 1581 prohibuerunt.
1554 1512 1636 1568 Ad
1665 1511 1927 1567 Novatia-

349 1618 453 1657 nos
492 1603 657 1671 igitur
681 1619 986 1659 sermonem
1021 1615 1350 1662 convertens
1396 1605 1707 1679 Theologus
1732 1648 1748 1673 ,
1805 1609 1881 1664 ait
1911 1627 1924 1665 :

352 1693 468 1763 Ego
494 1695 713 1760 quidem
758 1695 1088 1763 paenitentia:
1112 1705 1166 1752 et
1193 1698 1557 1769 lacrymarum
1590 1699 1926 1770 baptismum

350 1786 672 1855 amplector,
716 1796 880 1857 atque
908 1788 1029 1857 ejus
1059 1790 1378 1846 donatorem
1409 1791 1578 1846 Deum
1623 1795 1816 1856 adoro,
1860 1809 1926 1849 ac

353 1878 530 1932 sciens
573 1893 660 1934 me
686 1895 904 1950 quoque
935 1880 1256 1938 infirmitate
1303 1884 1548 1954 undique
1601 1886 1839 1941 cinctum
1870 1897 1924 1942 et

356 1969 669 2026 obvolutum
702 1987 843 2035 esse,
881 1973 1256 2030 misericordia
1288 1977 1453 2030 etiam
1479 1994 1605 2049 erga
1644 1979 1784 2035 alios
1808 1980 1923 2035 alii-

355 2064 490 2128 cior,
520 2075 577 2120 ut
613 2066 1042 2122 misericordiam
1085 2068 1198 2137 ipse
1225 2084 1550 2140 consequar.
1585 2070 1705 2137 Qua
1757 2073 1925 2138 enim,

353 2156 550 2225 inquit,
586 2174 830 2213 mensura
870 2161 1036 2215 mensi
1092 2161 1322 2231 fueritis,
1361 2167 1665 2219 remetietur
1709 2165 1925 2222 vobis”.

352 2245 433 2300 'l'u
466 2256 645 2303 autem
702 2250 832 2318 quid
877 2251 996 2315 ais,
1034 2251 1127 2322 qui
1177 2253 1342 2308 etiam
1399 2256 1453 2308 in
1492 2257 1706 2312 somnis
1731 2258 1930 2313 obver-

353 2350 565 2395 santem
600 2342 784 2396 animo
815 2342 1056 2399 libidinis
1078 2347 1316 2416 speciem
1344 2347 1748 2405 Pharisaeorum
1776 2366 1931 2407 more

350 2435 596 2500 graviter
642 2435 954 2504 insectaris,
987 2439 1082 2509 qui
1113 2439 1276 2495 etiam
1305 2439 1590 2508 Pharisaei,
1622 2459 1686 2499 ac
1730 2460 1928 2500 nomen

348 2525 532 2580 solum
563 2525 784 2584 Cathari
837 2530 1024 2598 habes,
1063 2548 1170 2587 non
1207 2543 1389 2589 autem
1448 2551 1561 2592 rem
1627 2537 1824 2606 ipsam,
1851 2548 1928 2604 et,

351 2633 479 2671 cum
519 2618 708 2674 eadem
747 2637 962 2678 mecum
1022 2624 1344 2682 infirmitate
1401 2628 1777 2686 circumdatus
1827 2635 1926 2695 sis,

352 2710 674 2768 intumescis
701 2723 921 2780 tamen,
948 2717 1095 2772 velut
1137 2735 1369 2789 magnus
1422 2722 1696 2791 quispiam
1739 2723 1824 2778 vir
1876 2735 1931 2780 et

351 2804 648 2860 excelsus?
677 2805 1014 2865 Ptenitentes
1058 2827 1165 2866 non
1199 2814 1398 2884 recipis
1432 2830 1553 2879 ,nec
1591 2827 1815 2887 propter
1832 2833 1928 2874 eos

352 2895 624 2968 lacrymas
645 2899 958 2970 profundis,
1001 2913 1060 2958 ut
1085 2905 1256 2959 vicem
1292 2921 1480 2961 eorum
1500 2909 1691 2964 dolens
1720 2911 1744 2964 Ἰ
1776 2911 1930 2966 Absit

355 2999 414 3042 nt
443 2992 688 3047 eamdem
741 2994 795 3048 in
842 2994 1143 3065 judicando
1202 2999 1470 3054 rationem
1537 3012 1717 3057 teneat
1751 3003 1925 3059 Deus!

351 3082 561 3139 Christi
610 3085 986 3143 misericordia
1025 3098 1080 3144 et
1142 3089 1462 3160 ignoscendi
1517 3092 1776 3149 facilitate
1820 3111 1928 3149 non

2023 587 2213 641 nubere
2233 586 2301 654 ”,
2365 585 2588 653 Paulus,
2648 586 2892 657 inquam,
2952 587 3062 654 ille,
3113 589 3206 658 qui
3258 591 3324 643 ad
3381 591 3601 646 tertium

2023 679 2221 735 coelum
2272 689 2435 749 atque
2491 679 2543 733 in
2584 679 2895 749 paradisum
2946 691 3131 750 raptus
3181 689 3264 736 est
3296 681 3364 748 ",
3422 678 3602 752 quia

2023 769 2324 826 Jerusalem
2357 781 2408 824 et
2432 784 2530 840 per
2550 786 2741 842 gyrum
2775 786 2949 842 usque
2974 772 3041 827 ad
3093 771 3364 844 Illyricum
3398 773 3602 829 Christi

2030 861 2375 932 Evangelium
2434 862 2759 933 implevit".
2810 862 2890 918 Ita
2932 872 3008 928 tu,
3065 873 3124 919 ut
3182 863 3416 930 videtur,
3449 864 3601 919 Pauli

2027 967 2245 1020 quoque
2269 952 2528 1020 magister
2545 967 2626 1016 es,
2645 953 2801 1021 quasi
2822 953 2885 1008 ad
2911 963 3165 1024 quartum
3185 953 3380 1009 caelum
3407 969 3601 1024 pervo-

2028 1041 2181 1105 laris,
2217 1050 2382 1111 atque
2439 1041 2492 1096 in
2521 1043 2835 1111 paradisum
2868 1043 3036 1098 alium
3080 1054 3274 1113 raptus
3309 1043 3499 1110 fueris,
3535 1048 3602 1100 ad

2027 1151 2188 1203 quem
2211 1135 2302 1189 ille
2335 1142 2522 1204 raptus
2553 1150 2658 1190 non
2694 1135 2876 1200 fuerit,
2915 1137 3296 1206 maioremque
3330 1128 3601 1191 circulum

2027 1227 2351 1282 Chrisrianae
2377 1226 2638 1281 doctrina.-
2653 1227 3039 1297 praedicatione
3067 1229 3384 1296 complexus
3411 1226 3602 1282 fueris.

2032 1319 2234 1375 Verum
2275 1319 2446 1385 dices,
2501 1317 2854 1374 Novatiane:
2918 1317 3073 1374 lianc
3129 1319 3502 1389 paenitentiam
3551 1326 3600 1370 et
3671 1382 3685 1396 ο

2028 1414 2242 1468 veniam
2289 1420 2413 1482 post
2462 1412 2791 1482 baptismum
2836 1411 2950 1481 jam
3005 1411 3188 1466 locum
3241 1427 3350 1466 non
3385 1413 3604 1475 habere,

2029 1513 2124 1561 aut
2145 1505 2492 1562 Corinthium
2549 1507 2724 1573 illum,
2757 1509 2849 1579 qui
2885 1509 3057 1579 stupri
3115 1509 3330 1580 piaculo
3361 1509 3604 1577 seipsum

2031 1601 2459 1668 constrinxerat,
2507 1617 2538 1657 a
2568 1600 2739 1657 Paulo
2786 1613 2911 1656 ante
2952 1602 3282 1672 baptismum
3325 1610 3604 1669 receptum

2029 1709 2172 1761 esse,
2205 1709 2314 1750 non
2349 1695 2476 1750 item
2505 1704 2626 1766 post
2654 1695 3010 1766 baptismum.
3035 1695 3179 1762 Quin
3203 1703 3261 1749 tu
3321 1709 3451 1763 ergo
3502 1695 3606 1748 hoc

2031 1787 2253 1856 probas.
2285 1796 2400 1854 aut,
2433 1789 2481 1845 si
2523 1788 2574 1843 id
2604 1804 2712 1843 non
2740 1796 2916 1858 potes,
2967 1788 3334 1843 condemnare
3364 1802 3428 1842 ac
3479 1785 3607 1852 reji-

2029 1895 2152 1934 cere
2202 1879 2410 1936 desinis
2434 1895 2530 1936 eos
2557 1881 2649 1952 qui
2681 1891 2800 1950 post
2843 1879 3177 1950 baptismum
3231 1880 3284 1934 in
3320 1887 3604 1948 peccatmn

2032 1973 2334 2026 labuntur?
2368 1971 2525 2039 Quod
2560 1974 2606 2029 si
2641 1973 2867 2028 dubium
2898 1982 2981 2028 est
3037 1987 3148 2042 quo
3181 1983 3423 2038 tempore
3453 1986 3608 2024 rere-

2031 2064 2190 2134 perit,
2231 2063 2333 2133 legi
2375 2063 2635 2120 Romana:
2666 2065 3004 2133 obtempera,
3036 2062 3240 2118 dicenti
3276 2082 3289 2118 :
3327 2061 3386 2116 ln
3425 2059 3608 2115 dubiis

2032 2157 2215 2212 vincat
2244 2158 2552 2213 clementia.
2585 2157 2739 2224 Quod
2775 2157 2821 2212 si
2853 2155 3094 2211 Novatus
3146 2170 3243 2210 eos
3307 2156 3400 2224 qui
3450 2167 3605 2223 gras-

2032 2261 2187 2308 sante
2236 2250 2620 2322 persecutione
2654 2249 2789 2319 lapsi
2827 2249 3068 2314 fuerant,
3126 2264 3236 2302 non
3292 2246 3522 2316 recepit,
3553 2252 3610 2301 et

2031 2347 2254 2416 quidem
2287 2347 2504 2417 dignam
2553 2345 2934 2416 paenitentiam
2978 2343 3269 2398 afferentes
3323 2360 3337 2396 :
3397 2349 3454 2396 at
3504 2354 3607 2411 ego

2032 2440 2179 2494 illius
2236 2439 2544 2508 exemplum
2576 2437 2800 2492 minime
2835 2452 3054 2506 sequar.
3093 2433 3288 2490 Parem
3313 2432 3457 2488 enim
3493 2445 3610 2485 mea

2031 2533 2250 2604 quidem
2279 2533 2546 2588 sententia
2582 2531 3064 2602 reprehensionem
3119 2541 3451 2599 poenamque
3494 2539 3612 2580 me-

2032 2635 2242 2689 rentur,
2287 2625 2381 2694 qui
2433 2625 2514 2678 vel
2578 2625 2870 2692 peccantes
2922 2621 3068 2676 nulla
3125 2634 3286 2691 poena
3344 2616 3610 2680 afficiunt,

2033 2720 2273 2791 ipsisque
2332 2733 2523 2773 omnes
2576 2717 2819 2772 habenas
2873 2716 3176 2778 remittunt,
3237 2712 3321 2766 vel
3378 2724 3475 2764 eos
3533 2709 3611 2762 ita

2032 2813 2426 2876 condemnant,
2489 2817 2546 2864 ut
2605 2825 2756 2879 spem
2789 2808 2897 2862 illis
2973 2803 3376 2876 consequentiae
3438 2800 3615 2855 veniae

2034 2907 2235 2961 nullam
2284 2904 2612 2972 relinquant.
2656 2900 2768 2957 Nec
2815 2915 2945 2954 vero
2979 2900 3121 2968 apud
3185 2913 3272 2952 me
3325 2897 3432 2948 vim
3478 2893 3615 2964 legis

2033 3000 2286 3057 habitura
2316 3008 2400 3053 est
2447 2995 2637 3050 Novati
2697 2993 3012 3056 crudelitas,
3069 2992 3163 3060 qui
3225 2999 3474 3059 stuprum
3539 2987 3612 3040 ita

2035 3093 2233 3148 acerbe
2293 3087 2700 3150 condemnavit,
2749 3095 2914 3155 atque
2966 3082 3295 3152 inexpiabile
3329 3091 3612 3150 peceatum

353 3175 630 3241 moveris,
693 3179 786 3247 qui
871 3182 1175 3238 secundum
1261 3182 1460 3240 Isaiam
1481 3185 1528 3218 ⁸⁷
1581 3185 1930 3244 infirmitates
1958 3185 2000 3242 C
2032 3200 2155 3241 esse
2182 3181 2577 3254 pronuntiavit,
2611 3181 2768 3251 quasi
2803 3180 2920 3249 ipse
2961 3189 3113 3233 extra
3137 3190 3356 3231 carnem
3383 3188 3615 3243 corpus-

354 3277 574 3325 nostras
605 3279 659 3324 et
692 3273 934 3339 morbos,
975 3274 1082 3330 hoc
1111 3282 1220 3342 est,
1247 3287 1465 3346 peccata
1500 3277 1748 3335 humeris
1795 3280 1928 3335 sub-

355 3361 462 3415 lata
535 3365 771 3432 portavit
825 3365 1306 3437 (quemadmodum
1359 3370 1572 3440 typicus
1606 3385 1801 3439 agnus,
1838 3371 1933 3442 qui

355 3468 458 3522 pro
491 3457 671 3525 populi
702 3459 942 3527 peccatis
967 3460 1356 3532 mactabatur),
1383 3472 1436 3517 et
1459 3478 1556 3532 pro
1577 3464 1733 3519 nobis
1754 3480 1934 3521 ctesus

352 3556 458 3610 est.
493 3562 560 3603 ac
599 3564 697 3618 pro
738 3551 920 3619 nobis,
949 3552 1218 3621 supplicio
1239 3554 1518 3619 obnoxiis,
1551 3570 1743 3624 poenas
1787 3555 1929 3622 luit;

354 3642 447 3714 qui
471 3649 589 3702 ait:
623 3643 742 3698 Non
777 3645 891 3699 ueni
926 3661 1113 3700 uocare
1129 3645 1327 3714 justas,
1370 3646 1462 3700 sed
1511 3658 1814 3715 peccatores
1863 3648 1934 3702 ad

355 3735 819 3808 pwnitentiam“;
856 3751 921 3792 ac
951 3752 1045 3807 per
1063 3736 1258 3793 Oseam
1299 3757 1312 3792 :
1343 3736 1767 3794 Misericordiam
1792 3740 1932 3805 volo,

356 3847 402 3888 et
429 3852 533 3888 non
551 3835 964 3903 sacriﬁcium";
997 3844 1052 3890 et
1080 3835 1380 3891 sciscitanti
1410 3836 1592 3902 Petro,
1627 3851 1695 3891 an
1733 3836 1935 3908 septies

359 3925 610 3995 peccanti
640 3925 796 3996 fratri
844 3941 1045 3979 noxam
1080 3927 1405 3992 remitteret,
1449 3927 1732 3996 respondit
1763 3944 1778 3982 :
1809 3925 1937 3980 Non

357 4020 477 4072 dico
501 4019 598 4072 tibi
626 4019 836 4087 septies,
867 4018 958 4074 sed
995 4021 1293 4090 septuagies
1318 4019 1386 4084 ’°,
1438 4019 1540 4075 hoc
1579 4030 1684 4086 est,
1717 4021 1937 4090 quoties

357 4109 428 4165 ad
465 4111 738 4165 meliorem
771 4121 1006 4166 mentem
1041 4112 1303 4166 redierit?
1332 4111 1406 4167 Ne
1431 4112 1685 4168 Davidem
1717 4114 1936 4182 quidem

361 4202 587 4274 recipis,
617 4203 687 4259 ob
713 4204 939 4259 admissi
964 4203 1218 4259 adulterii
1251 4205 1453 4269 scelus,
1482 4215 1536 4261 et
1568 4221 1756 4262 necem
1792 4205 1939 4263 Urize

363 4297 589 4363 illatam,
611 4296 778 4351 animi
794 4298 980 4354 dolore
998 4298 1345 4360 afl‘ectum,ac
1364 4314 1484 4354 sese
1505 4300 1938 4365 exeruciantem,

359 4393 454 4462 qui
477 4406 577 4447 nee
599 4393 898 4462 prophetia:
916 4392 1121 4446 donum
1156 4401 1376 4463 propter
1399 4391 1775 4462 ptenitentiam
1801 4392 1940 4446 ami-

361 4484 457 4538 sit?
476 4483 583 4539 Nec
606 4483 824 4539 Petrum
851 4484 1117 4551 admittis,
1139 4483 1265 4552 quia
1287 4485 1558 4554 passionis
1570 4482 1773 4539 Christi
1799 4494 1938 4538 tem-

357 4593 488 4647 pore
509 4587 588 4632 ter
603 4593 725 4631 eum
752 4579 1060 4647 abnegavit,
1077 4593 1138 4630 ac
1156 4593 1346 4633 rursus
1372 4577 1529 4631 tertio
1544 4592 1602 4632 se
1619 4577 1738 4648 ejus
1755 4592 1943 4633 amore

359 4671 673 4724 devinctum
715 4685 837 4726 esse
881 4671 1172 4725 confessus
1217 4678 1322 4734 est,
1364 4670 1555 4740 sicque
1593 4671 1942 4740 abnegationi

361 4761 687 4816 medicinam
709 4762 916 4828 attulit,
942 4777 1004 4815 ac
1027 4771 1216 4833 postea
1253 4763 1436 4831 capite
1456 4761 1522 4814 ad
1549 4770 1752 4816 terram
1782 4776 1944 4817 verso

359 4870 458 4921 pro
471 4855 673 4910 Christi
698 4857 1083 4919 nominecruci
1106 4853 1298 4910 aﬂixus
1316 4855 1434 4911 est?
1464 4855 1572 4910 Nec
1597 4854 1944 4910 Corinthium

362 4946 516 5000 illum
565 4949 656 5015 qui
681 4963 802 5002 eum
828 4963 1059 5002 noverca
1078 4948 1249 5017 stupri
1266 4949 1656 5002 commercium
1673 4946 1944 5002 habuit“?

365 5040 436 5092 At
459 5037 682 5102 Paulus,
699 5047 981 5108 perspecta
1003 5038 1175 5108 ipsius
1203 5038 1604 5106 resipiscentia,
1623 5036 1940 5092 Corinthios

370 5132 644 5198 hortatur,
682 5141 740 5186 ut
781 5133 1105 5186 charitatem
1156 5131 1210 5186 in
1262 5131 1439 5202 ipsum
1494 5131 1746 5195 firment;
1803 5147 1939 5185 eau-

368 5212 596 5291 santque
625 5225 909 5292 adiungit:
949 5223 1033 5279 Ne
1049 5224 1189 5294 forte
1212 5222 1517 5294 Imjusmodi
1552 5223 1710 5276 homo
1744 5223 1942 5276 immo-

365 5320 487 5372 dica
521 5319 744 5372 tristitia
770 5319 1198 5380 absorbeatur“,
1223 5318 1327 5371 hoc
1375 5327 1478 5380 est,
1512 5317 1567 5370 in
1598 5315 1940 5385 desperatio-

366 5427 490 5466 netn
517 5411 684 5465 autin
711 5419 943 5465 mortem
979 5424 1224 5479 praeceps
1256 5415 1400 5464 ruat.
1429 5406 1608 5475 Quid?
1639 5422 1706 5462 ne
1736 5421 1940 5462 secun-

365 5505 465 5560 das
505 5503 721 5573 nuptias
765 5503 1055 5573 permittis,
1109 5516 1211 5557 nec
1264 5501 1562 5571 juvenibus
1623 5499 1804 5555 viduis
1837 5514 1942 5553 nu-

367 5595 528 5652 bendi
564 5603 889 5668 potestatem
935 5592 1112 5651 facis?
1154 5594 1319 5665 Atqui
1378 5595 1482 5648 hoc
1530 5591 1732 5647 Paulus
1763 5590 1942 5645 facere

2036 3293 2142 3348 que
2178 3276 2391 3346 positus
2427 3283 2572 3329 esset
2629 3290 2644 3328 :
2691 3272 2978 3326 avaritiam
3037 3279 3218 3324 autem
3267 3280 3616 3338 nequaquam

2036 3369 2316 3439 repressit,
2337 3383 2499 3438 quam
2527 3377 2709 3421 tamen
2742 3363 3108 3420 idololatriam
3130 3361 3332 3416 Paulus
3359 3366 3517 3414 vocat
3544 3358 3617 3425 “,

2037 3462 2274 3517 fortasse
2323 3463 2468 3532 quod
2527 3475 2622 3516 eos
2668 3459 2814 3514 solos
2851 3458 3161 3513 divitiarum
3192 3470 3349 3510 amor
3397 3453 3614 3515 doceat,

2036 3557 2129 3626 qui
2160 3555 2327 3610 Deum
2380 3554 2637 3609 neseiuut
2666 3570 2680 3607 :
2730 3552 2810 3607 vel
2845 3553 2993 3621 quia,
3036 3551 3181 3605 sicut
3204 3548 3459 3603 ethnicus
3489 3560 3623 3601 con-

2036 3650 2200 3707 sertis
2231 3647 2486 3702 manibus
2508 3645 2862 3700 simulacrum
2889 3644 3256 3713 amplectitur,
3306 3643 3378 3696 ita
3411 3650 3466 3696 et
3487 3655 3622 3695 ava-

2036 3754 2134 3794 rus
2168 3754 2364 3793 aurum
2415 3736 2611 3792 statiuis
2668 3744 2722 3791 et
2779 3737 3059 3805 repagulis
3108 3734 3422 3798 committit,
3456 3743 3624 3802 atque

2038 3830 2166 3885 illud
2197 3829 2357 3900 quasi
2391 3843 2608 3884 sacrum
2666 3826 2942 3898 quoddam
2985 3825 3276 3881 donarium
3326 3832 3622 3878 attrectare

2039 3923 2264 3976 minime
2296 3920 2480 3975 audet.
2527 3919 2681 3984 Quod
2725 3917 2769 3973 si
2799 3917 3022 3988 quando
3054 3916 3120 3970 ad
3177 3914 3230 3968 id
3293 3912 3622 3968 necessitate

2039 4013 2305 4083 impulsus
2347 4010 2534 4074 fuerit,
2572 4009 2715 4064 haud
2761 4009 2920 4063 aliter
2947 4008 3132 4062 animo
3165 4003 3419 4069 afficitur,
3455 4015 3619 4073 quam

2039 4107 2086 4160 si
2118 4103 2315 4158 nefarii
2354 4101 2561 4174 aliquid
2599 4109 2983 4172 perpetrasset.

2467 4195 2610 4262 Quid
2643 4194 2864 4248 dicitis?
2900 4193 2978 4246 An
3025 4208 3115 4246 vos
3173 4189 3253 4244 his
3286 4189 3475 4254 verbis,
3510 4198 3617 4242 etc.

2039 4289 2203 4358 Quid,
2240 4289 2436 4359 inquit,
2472 4288 2675 4351 dicitis,
2707 4301 2740 4341 ο
2785 4285 3112 4340 Novatiani?
3159 4282 3214 4339 Si
3251 4282 3501 4338 oratione
3526 4295 3626 4334 no-

2041 4398 2154 4441 stra
2206 4383 2438 4454 permoti
2500 4382 2656 4447 estis,
2718 4388 2860 4435 state
2910 4395 2939 4433 a
2994 4378 3173 4440 nobis,
3225 4377 3317 4447 qui
3372 4373 3626 4428 homines

2045 4487 2206 4546 atque
2262 4474 2329 4529 ad
2381 4483 2664 4544 peccatum
2718 4473 2984 4543 proclives
3039 4485 3255 4536 sumus,
3308 4483 3370 4523 ac
3395 4465 3624 4537 proinde

2044 4572 2278 4626 aliorum
2335 4569 2509 4624 vicem
2571 4566 2729 4622 facile
2792 4567 3091 4620 dolemus:
3159 4565 3318 4625 s'tate,
3371 4559 3618 4630 inquam,

2041 4678 2162 4728 vos,
2212 4661 2306 4730 qui
2378 4675 2543 4730 supra
2598 4657 2897 4720 hominem,
2959 4655 3070 4708 into
3119 4650 3408 4706 inhumani
3461 4648 3620 4712 estis,

2042 4755 2115 4810 ob
2173 4755 2332 4824 idque
2384 4768 2449 4806 ex
2512 4751 2748 4805 aliorum
2805 4749 2957 4817 lapsu
3017 4757 3277 4813 angorem
3335 4754 3443 4794 non
3486 4754 3622 4794 cono

2043 4847 2265 4916 cupitis.
2322 4844 2610 4898 Dominum
2672 4857 2779 4905 una
2833 4838 3193 4900 celebremus,
3247 4834 3339 4904 qui
3399 4845 3500 4902 pro
3525 4844 3629 4885 sua

2049 4935 2423 4992 misericordia
2478 4931 2858 5003 pwnitentiam
2919 4926 3076 4983 nobis
3106 4923 3423 4990 concessit;
3457 4935 3623 4990 atque

2047 5030 2247 5086 Isaiam
2321 5027 2646 5091 audientes,
2723 5023 2994 5078 dicentem
3060 5037 3074 5074 :
3138 5017 3229 5072 Va:
3267 5017 3359 5088 qui
3409 5015 3630 5081 dicitis,

2051 5121 2250 5176 Procul
2303 5137 2336 5173 a
2401 5134 2480 5172 me
2535 5116 2754 5180 recede,
2816 5131 2879 5168 ne
2941 5113 3163 5166 accedas
3211 5111 3279 5164 ad
3335 5126 3450 5174 me,
3497 5124 3627 5176 quo-

2054 5215 2198 5268 niam
2242 5229 2408 5283 purus
2459 5226 2616 5275 sum;
2697 5207 2866 5262 nolite
2926 5220 3060 5270 vos,
3127 5204 3221 5275 qui
3297 5203 3418 5274 puri
3471 5201 3630 5266 estis,

2053 5320 2408 5378 congressum
2476 5312 2748 5367 nostrum,
2797 5310 2858 5355 ut
2925 5299 3267 5368 impurornm
3323 5296 3631 5358 hominum,

2052 5401 2279 5470 fugere:
2311 5398 2444 5467 quin
2479 5398 2664 5468 potius
2697 5394 2982 5449 nobiscum
3021 5399 3249 5453 stantes,
3274 5397 3466 5443 vestrae
3490 5401 3626 5456 quo-

2053 5507 2160 5564 que
2187 5490 2438 5562 puritatis
2487 5503 2588 5544 nos
2625 5486 2918 5558 participes
2952 5483 3200 5539 facite".
3237 5480 3393 5546 Quod
3435 5481 3480 5534 si
3531 5491 3628 5531 vos

2053 5601 2163 5641 non
2193 5582 2487 5646 ﬂectimus,
2534 5595 2633 5651 pro
2686 5579 2863 5646 vobis,
2889 5585 3076 5648 utpote
3124 5571 3410 5630 incnrabili
3437 5569 3631 5624 morbo

435 5775 483 5806 “
519 5774 708 5830 Matth.
747 5791 840 5840 vlt,
871 5775 925 5831 2.
1003 5776 1048 5808 ⁸⁷
1095 5776 1198 5830 Isa.
1227 5792 1344 5836 ιιιι,
1367 5776 1420 5830 4.
1497 5776 1542 5807 ⁸⁸
1559 5775 1756 5830 Matth.
1799 5790 1875 5834 Ix.
1910 5772 1998 5826 15.
2073 5769 2119 5804 ⁸⁸
2151 5767 2291 5840 Osee
2321 5783 2393 5828 vr,
2419 5763 2474 5818 6.
2551 5763 2617 5840 ἴθ’
2634 5762 2826 5840 Matth:
2863 5776 3014 5840 svnt,
3045 5759 3138 5840 ἓξ
3204 5761 3257 5840 _°_'
3284 5759 3313 5840 ,Ι
3346 5759 3475 5814 Cor.
3506 5756 3622 5840 v.3

367 5825 850 5912 πραξῖἶίἰόόί
875 5825 938 5910 ii.
969 5847 1020 5904 7.
1069 5825 1197 5927 fit
1223 5825 1448 5910 ﬁliifv.
1493 5825 1883 5904 ttl'thCor'.
1916 5825 1931 5900 ἆ

2039 5843 2094 5896 2.
2170 5841 2216 5874 ³³
2239 5825 2398 5897 llum.
2430 5851 2518 5903 xv,
2557 5833 2643 5892 l9.
2708 5834 2755 5867 ⁸⁵
2778 5829 2978 5902 Ephes.
3023 5845 3074 5886 ν.
3107 5828 3163 5888 5.
3203 5833 3249 5868 ⁹τ
3284 5829 3388 5889 ιιδ.
3417 5842 3546 5894 va,
3573 5825 3629 5881 5.
