4100 6414
510 322 655 387 12:3

1907 321 2291 382 Al)l)2‘IND.\.

3666 330 3816 394 1241

508 435 795 504 correptis,
844 434 1120 503 lacrymas
1171 422 1539 490 eli‘uademns.
1597 435 1711 504 lgui
1771 435 1915 488 enim
1952 450 2098 488 sem-
2135 440 2176 491 A
2210 434 2427 488 reddam
2452 440 2492 491 ‘.
2522 438 2711 493 Virum
2772 450 2951 495 autem
2987 440 3315 511 sanguinum
3354 441 3518 495 David
3553 418 3678 499 eum
3705 461 3819 498 νο·-

509 527 728 596 piterno
789 527 1286 595 baptizabimini",
1320 529 1410 597 qui
1451 539 1722 584 terrenam
1767 538 1822 585 et
1848 543 2097 582 crassam

513 621 797 675 materiam
828 632 1085 690 tanquam
1120 618 1303 675 fenum
1348 623 1608 688 comedit,
1648 634 1704 676 ut
1736 622 1892 678 Isaize
1919 621 2101 676 verbis

515 723 662 773 utar,
684 713 786 765 hee
825 721 925 775 est,
954 715 1160 768 crassis
1191 723 1243 767 et
1284 713 1545 769 obscenis
1572 715 1820 784 corporis
1850 714 2103 784 volupta-

516 805 661 857 tibus
724 807 1023 861 servientes
1069 807 1272 871 exiuit,
1342 816 1506 878 atque
1578 809 1829 863 homines
1881 816 2102 877 peccato

515 895 660 950 leves
703 908 756 950 et
794 896 979 952 aridos
1010 899 1079 951 ita
1103 900 1409 961 excruciat,
1442 911 1500 953 ut
1543 908 1728 953 tamen
1769 916 1876 954 non
1928 900 2100 953 absu-

514 996 644 1040 mat.
690 987 1162 1054 Quemadmodum
1221 992 1367 1044 enim
1434 991 1486 1044 in
1547 990 1650 1045 hac
1681 992 1789 1045 vita
1842 990 2101 1044 Christus

516 1080 764 1133 homines
795 1082 1083 1136 sinetitate
1115 1081 1310 1151 dignos
1351 1082 1402 1134 in
1437 1080 1642 1150 Spiritu
1689 1083 1928 1151 baptizat
1953 1122 1968 1146 ,
2027 1082 2100 1135 ita

514 1171 765 1240 indignos
806 1178 871 1226 ad
922 1175 1097 1243 ignem
1135 1176 1476 1240 transmittit,
1538 1176 1750 1229 alienos
1791 1174 2042 1230 videlicet
2070 1192 2100 1231 a

512 1262 660 1316 bono
714 1265 929 1335 spiritui
981 1266 1123 1320 malo
1158 1269 1404 1322 tradens.
1437 1266 1609 1322 Porro
1653 1282 1748 1335 per
1796 1267 1937 1335 ignis
2001 1269 2098 1327 La-

514 1355 777 1424 ptismum
834 1371 1064 1409 esumeu
1128 1372 1532 1427 censuramque
1615 1357 1844 1411 extremi
1903 1356 2098 1428 judicii

513 1448 787 1517 intelligit,
815 1450 967 1517 juxta
1008 1451 1056 1504 id
1086 1452 1328 1521 quodait
1375 1450 1705 1517 Apostolus:
1743 1448 2101 1522 Uniuscujus-

509 1558 608 1611 qne
659 1558 809 1612 opus,
855 1544 1010 1613 quale
1067 1554 1167 1608 est,
1207 1545 1344 1614 ignis
1396 1543 1724 1614 probabit”.
1756 1543 1819 1596 Et
1864 1560 2097 1600 rursus:

518 1633 633 1688 Dies
666 1637 803 1688 enim
825 1636 1144 1700 declarabit,
1175 1638 1304 1709 quia
1334 1639 1385 1689 in
1416 1638 1533 1706 igne
1566 1636 1880 1690 revelabitur
1914 1639 1953 1689 '.
1990 1636 2099 1693 Nos

513 1735 692 1778 autem
728 1725 876 1779 Isaia:
933 1726 1165 1781 consilio
1198 1744 1512 1799 pareamus,
1574 1729 1642 1782 ad
1687 1729 1832 1781 htmc
1876 1727 2098 1782 modum

2204 538 2293 582 eat
2320 526 2359 595 ³,
2387 529 2481 599 qui
2521 529 2651 584 vitio
2691 532 2841 586 omni
2878 542 2932 586 et
2963 536 3170 587 scelere
3200 543 3492 598 coopertus
3528 544 3631 588 est.
3668 536 3818 588 Per-

2206 618 2403 673 fectum
2437 622 2580 673 enim
2616 621 2714 674 viri
2758 622 2981 676 nomine
3030 623 3324 694 appellavit
3370 640 3385 677 :
3431 626 3816 693 quemadmo-

2202 708 2331 764 dum
2376 718 2429 764 et
2470 710 2668 766 Paulus
2718 729 2731 766 :
2768 713 3051 783 Quousque
3090 712 3457 781 perveniamus
3506 716 3559 767 in
3621 715 3814 769 virum

2201 802 2492 873 perfectum
2512 805 2552 856 ⁸.
2584 802 2702 858 Ιειηι
2732 820 2861 859 vero
2885 805 3123 859 hominis
3152 820 3320 861 eausa
3341 805 3521 859 omnis
3545 807 3809 863 doctrina

2202 896 2327 949 data
2360 906 2463 960 est,
2496 907 2602 949 tam
2637 896 2829 967 legalis
2882 882 3047 966 quam
3076 898 3597 968 evangeliezomtque
3635 915 3811 953 omne

2205 990 2546 1060 mysterium,
2581 1000 2633 1043 et
2665 990 2844 1044 otnnis
2872 990 3077 1044 Christi
3110 990 3274 1054 actio,
3299 1002 3349 1044 et
3381 991 3578 1045 festum
3634 1006 3806 1047 omne

2209 1083 2469 1153 t’nysticas
2524 1083 2767 1136 rationes
2827 1081 3058 1136 habens.
3098 1081 3413 1153 Purgcmini
3467 1083 3653 1153 igitur,
3716 1093 3779 1138 ιιι

2202 1175 2344 1241 quod
2378 1176 2447 1227 ait
2491 1174 2707 1235 l‘aulus,
2742 1175 2860 1226 sitis
2894 1181 3149 1243 tanquam
3176 1173 3471 1226 luminaria
3497 1173 3549 1224 in
3578 1174 3800 1240 mundo,

2202 1264 2411 1318 verbum
2463 1268 2581 1318 vita:
2622 1266 2939 1318 sustinentes
2972 1267 3012 1317 ³.
3072 1264 3209 1318 Nam
3248 1264 3433 1318 ltlmcll
3476 1265 3793 1333 hujusmodi

2202 1358 2495 1428 quamdam
2534 1358 2642 1411 vim
2696 1356 2879 1421 habet,
2920 1367 2975 1409 ut
3002 1371 3099 1411 eos
3136 1356 3229 1426 qui
3285 1355 3339 1409 in
3373 1358 3610 1410 tenebris
3643 1357 3791 1411 velut

2201 1450 2435 1505 emortui
2476 1458 2606 1504 sunt
2642 1448 2708 1503 ad
2747 1450 2913 1503 vitam
2945 1448 3165 1503 excitet.
3199 1447 3271 1501 ita
3303 1449 3417 1511 lict,
3454 1456 3512 1502 ut
3543 1450 3595 1501 in
3624 1451 3789 1502 altero

2202 1542 2402 1596 smculo
2469 1538 2758 1597 Trinitatis
2808 1539 3022 1611 fulgore
3083 1539 3299 1609 plenius
3363 1539 3795 1605 collustremiui,

2201 1633 2361 1702 cujus
2395 1649 2561 1687 unum
2626 1640 2791 1702 atque
2838 1630 3091 1685 eumdem
3140 1631 3487 1701 splendorem
3529 1645 3559 1683 a
3617 1631 3800 1684 tribus

2203 1727 2368 1778 unius
2388 1723 2605 1778 deitalis
2644 1723 2896 1793 personis
2953 1721 3281 1775 emicantem
3349 1737 3496 1773 nunc
3541 1720 3805 1789 suscepi-

512 1817 784 1884 luquentis
820 1838 830 1871 :
866 1816 1166 1883 Luvamini,
1199 1795 1391 1873 ⁷ιηιωηιὶ
1442 1829 1647 1875 estote:
1686 1831 1735 1874 et
1793 1823 1841 1874 si
1902 1821 2099 1889 fuerint
2135 1795 2173 1849 Β
2209 1818 2310 1873 stis
2346 1834 2358 1871 :
2389 1816 2441 1870 in
2485 1820 2605 1888 ipso
2636 1815 2861 1871 Christo
2895 1814 3125 1870 Domino
3168 1821 3384 1877 nostro,
3412 1812 3499 1868 cui
3534 1811 3711 1885 gloria
3749 1820 3809 1866 et.

510 1921 724 1978 peri-uta
754 1926 922 1965 vestra
970 1922 1025 1964 ut
1077 1914 1412 1977 vermiculus,
1447 1902 1617 1971 instar
1663 1913 1795 1967 nivis
1836 1930 1896 1967 ea
1946 1913 2099 1967 deal-

511 2000 642 2054 lutlro
670 2019 687 2055 :
720 2002 765 2055 si
797 2016 972 2056 autem
1020 2015 1076 2057 ut
1110 2004 1404 2069 coccinum,
1461 2005 1636 2057 instar
1671 2004 1811 2058 lana:
1866 2002 2103 2057 candida

2210 1910 2500 1981 imperium
2536 1910 2594 1965 in
2624 1909 2820 1966 sarcula
2858 1907 3210 1965 saeculorum.
3243 1904 3441 1960 Amen.

1552 2418 1680 2509 ΙΝ
1762 2413 2485 2509 ΟΒΑΤΙΟΝΕΜ
2570 2413 2774 2502 XL.

1047 2778 1559 2835 ARGUSIEN'I‘UM.

588 2890 712 2944 (ltro
751 2892 923 2943 oratio
960 2892 1074 2943 acri
1111 2902 1160 2943 et
1196 2891 1479 2945 traheinenti
1503 2887 1869 2958 disputatione
1920 2885 2095 2955 bapti-

510 2967 681 3035 smum
720 2999 1051 3053 nequaquam
1082 2983 1435 3051 differendum
1464 2996 1526 3035 ac
1556 2979 1950 3051 prorogandam
1981 2992 2093 3035 esse

2135 2636 2205 2653 —

2205 2774 2355 2830 tione
2380 2770 2810 2845 consumimus).
2838 2779 2955 2826 tum
3003 2785 3068 2826 ne
3109 2768 3392 2827 fastidium
3429 2780 3477 2824 et
3539 2771 3805 2825 satin-ita-

2204 2875 2311 2922 tem
2377 2866 2651 2919 sermonis
2709 2863 3000 2932 prolixitas
3066 2872 3303 2933 pareret.
3359 2861 3587 2932 Semper
3647 2864 3799 2915 enim

2204 2967 2511 3031 suspectam
2569 2956 2744 3011 habeo
2799 2957 3134 3021 satietatem,
3191 2956 3335 3011 velut
3388 2956 3674 3009 molestam
3734 2973 3805 3007 nc

489 3072 857 3124 .deirronstrat.
913 3074 990 3124 Ac
1028 3088 1145 3123 cum
1203 3072 1517 3140 pracerlenti
1589 3070 1795 3140 quidem
1856 3069 2096 3123 oratione

2205 3051 2346 3107 Vedii
2398 3052 2641 3122 plenam,
2676 3050 2951 3118 rebusque
2993 3049 3251 3104 omnibus
3289 3048 3568 3117 ιιι-ωινιιηίδ
3601 3049 3809 3105 adver—

509 3166 754 3229 colnrret,
813 3182 995 3219 verum
1041 3166 1290 3234 temporis
1332 3164 1583 3221 brevitate
1634 3173 1793 3232 atque
1844 3161 2098 3229 angustia

508 3260 707 3325 factum
737 3270 835 3320 est,
855 3268 910 3310 ut
951 3261 1018 3310 ab
1050 3273 1113 3310 ea
1143 3258 1526 3327 distinguatur.

861 3392 1139 3447 NlCETzE
1179 3389 1759 3447 COMMENTARILS.

583 3512 699 3565 (Iul.
719 3510 821 3564 3539
837 3509 892 3562 Β.
912 3507 1176 3573 Quoniam
1192 3508 1304 3561 lteri
1326 3507 1676 3575 splendidum,
1702 3516 1809 3561 clc.
1836 3504 2101 3561 llestetno

484 3607 619 3660 .die.
655 3604 849 3672 inquit,
906 3602 1199 3655 Luminum
1242 3601 1440 3657 festum
1476 3600 1903 3655 celebravimus.
1949 3599 2099 3653 Con-

516 3697 771 3749 vrniehat
800 3709 844 3747 ei
871 3693 941 3747 im
974 3693 1044 3747 ob
1103 3693 1332 3746 salutem
1388 3700 1631 3745 nostram
1668 3691 1866 3765 gaudio
1896 3690 2097 3751 ell‘erri,

511 3802 742 3856 raimpie
776 3786 1073 3841 cdebrare.
1102 3785 1271 3855 idque
1311 3785 1484 3838 multo
1514 3784 1728 3854 aequius
1755 3792 1898 3848 erat,
1932 3798 2099 3854 quam

513 3880 659 3948 quod
703 3879 960 3935 mortales
998 3877 1148 3933 rarni
1201 3875 1369 3931 dediti
1417 3875 1598 3931 lacere
1656 3875 1858 3939 solent,
1923 3876 2014 3945 qui
2048 3882 2102 3928 et

482 3958 763 4040 quin)...
790 3974 1089 4038 celebrant,
1125 3971 1177 4026 id
1207 3983 1310 4035 est,
1349 3972 1491 4025 diem
1522 3986 1634 4041 quo
1668 3971 1722 4025 iu
1755 3972 1929 4025 lucem
1968 3969 2103 4024 editi

511 4074 661 4128 sunt,
691 4075 743 4118 et
776 4065 1048 4133 γαμήλια,
1110 4065 1214 4120 hoc
1241 4072 1346 4128 est,
1377 4080 1501 4118 eum
1555 4063 1699 4119 diem
1760 4077 1868 4137 quo
1909 4062 2103 4116 matri-

506 4158 758 4212 monium
791 4167 1209 4217 contraxerunt,
1234 4166 1291 4211 et
1319 4156 1720 4229 ὁνομαπήρια,
1756 4158 1976 4226 quando
2002 4171 2104 4209 no-

478 4263 638 4301 .uzeu
690 4248 825 4316 ipsis
880 4246 1197 4314 impositum
1240 4258 1343 4309 est,
1410 4257 1464 4299 et
1515 4246 1845 4316 κουρὸσυνα,
1885 4250 2105 4317 quando

480 4344 744 4406 ,decursa
786 4346 840 4393 et
895 4347 1085 4392 exacta
1117 4337 1509 4404 adolesrentia,
1567 4339 1622 4392 in
1659 4338 1923 4411 jureuutn
1953 4342 2107 4395 ordi-

2202 3154 2441 3212 santeni,
2478 3154 2644 3213 atque
2695 3158 2759 3198 ea
2792 3159 2913 3213 qua:
2948 3142 3095 3198 dicta
3131 3152 3281 3206 sunt,
3315 3140 3643 3213 infrugilera
3670 3143 3804 3196 red-

2202 3238 2442 3295 dentem.
2497 3236 2635 3293 Nam
2670 3253 2796 3292 cum
2847 3252 2913 3291 ea
2947 3237 3021 3292 sit
3076 3235 3270 3305 animi,
3295 3236 3676 3297 imbecillitas.
3734 3244 3807 3290 ut

2203 3330 2389 3387 omnia
2444 3331 2609 3385 simul
2656 3330 2948 3398 complecti
3008 3338 3174 3398 atque
3226 3328 3475 3398 arripere
3531 3338 3800 3397 nequeat,

2204 3423 2345 3478 idem
2378 3422 2603 3476 omnino
2647 3421 2722 3474 illi
2778 3420 3000 3483 accidit,
3028 3421 3176 3490 quod
3210 3420 3411 3482 ventri.
3436 3421 3531 3489 qui
3572 3429 3802 3490 prapter

2205 3516 2551 3570 immodicam
2612 3514 2919 3570 satietatem
2987 3513 3345 3569 ll'anSllllSSOS
3403 3513 3562 3569 cibos
3594 3529 3800 3568 com-o-

2204 3624 2371 3678 quere
2401 3624 2509 3663 non
2539 3616 2736 3678 potest.
2761 3605 3045 3674 Oportebit
3075 3613 3258 3661 autem
3291 3620 3353 3661 ea
3381 3622 3506 3674 qua:
3560 3621 3589 3660 a
3639 3608 3803 3661 nobis

2206 3698 2485 3763 dicentur,
2531 3706 2743 3753 attento
2802 3696 2988 3752 animo
3022 3697 3215 3755 audire
3265 3713 3280 3751 :
3344 3697 3794 3768 quandoquidem

2206 3792 2310 3846 hoc
2330 3806 2554 3861 quoque
2595 3789 2904 3860 splendoris
2951 3803 3077 3858 pars
3108 3798 3213 3851 est,
3248 3790 3510 3845 nimirum
3540 3791 3803 3861 baptismi

2208 3883 2313 3936 vim
2372 3892 2426 3936 et
2459 3879 2775 3935 facultatem
2816 3880 2986 3949 probe
3044 3879 3417 3950 cegnitainbet
3473 3881 3803 3950 esplieatam

2207 3976 2433 4030 habere.
3098 4042 3101 4047 Α

2274 4064 2393 4122 Col.
2426 4066 2531 4122 539
2577 4064 2641 4122 C.
2676 4066 2885 4136 Triplex
2934 4066 3235 4121 nativitatis
3302 4080 3466 4135 genus
3518 4063 3800 4133 agnoscit,

2205 4167 2310 4213 etc.
2348 4156 2508 4219 Tres,
2538 4157 2739 4226 inquit,
2799 4157 3121 4213 nativitates
3152 4168 3300 4213 recta
3333 4164 3390 4210 et
3418 4153 3805 4210 ecclesiastica

2168 4251 2457 4331 .tloclritta
2494 4252 2821 4320 prolitetur:
2883 4252 3113 4321 primam
3165 4262 3512 4318 corpoream.
3562 4261 3669 4316 qua
3708 4244 3805 4301 alii

2207 4358 2273 4396 ex
2346 4342 2469 4399 aliis
2518 4342 2835 4407 nascimur;
2894 4346 3192 4399 secundum
3245 4339 3545 4411 baptismi;
3582 4339 3804 4392 tertiam

514 4449 639 4488 nem
672 4432 898 4500 ascripti
926 4439 1074 4496 sunt,
1120 4439 1217 4485 aut
1250 4430 1472 4501 quando
1506 4433 1740 4501 primum
1774 4433 1911 4505 ipsis
1944 4449 2100 4489 coma
2140 4429 2181 4482 0
2213 4436 2657 4492 resurrectionis.
2699 4436 2774 4491 Ac
2821 4451 3091 4507 corporea
3148 4435 3367 4504 Quidcm
3413 4439 3685 4486 nocturna
3717 4440 3811 4483 est

516 4530 571 4581 in
628 4525 970 4595 superﬂuum
1026 4540 1354 4581 excrescens
1411 4534 1629 4583 attonsa
1679 4538 1796 4593 est,
1831 4539 1887 4587 et
1924 4546 2110 4585 κατοι-

514 4623 678 4676 κέσια
726 4621 811 4675 vel
849 4619 1202 4675 habitationis
1253 4618 1539 4685 encaenia,
1589 4622 1813 4689 quando
1870 4623 2104 4691 primum

513 4723 719 4770 terram
749 4713 1044 4782 quamdam
1103 4721 1199 4769 aut
1259 4713 1490 4767 domum
1543 4713 1914 4770 incoluerunt.
1980 4715 2109 4772 llaec

516 4820 683 4875 porro
715 4804 899 4857 omnia
932 4805 1128 4874 ἐτήσια
1162 4804 1602 4869 celebrabantur,
1643 4804 1694 4860 id
1729 4816 1834 4869 est,
1875 4814 2112 4874 quotan-

517 4897 625 4953 nis.
660 4894 916 4951 Nonnulli
948 4907 1131 4953 autem
1166 4898 1384 4966 ἐτήσια,
1432 4898 1776 4963 consulatus,
1810 4907 1907 4954 aut.
1954 4900 2099 4955 mili-

478 4990 652 5060 ,ιω-ῖς
710 4988 1072 5058 praefecturae,
1114 4999 1211 5044 aut
1262 4992 1409 5046 alius
1438 4991 1725 5061 cujusdam
1785 4993 2100 5062 hujusmodi

515 5082 872 5150 magistratus
923 5081 1187 5150 przeludia
1236 5093 1289 5135 et
1337 5081 1590 5136 tirocinia
1642 5082 2099 5153 interpretantur,

513 5172 790 5226 autetiam
821 5171 930 5227 diei
964 5173 1132 5240 illius,
1165 5188 1278 5242 quo
1317 5173 1614 5243 quisquam
1671 5177 1969 5231 maximum
2007 5193 2101 5248 pe-

478 5265 753 5336 .riculum
787 5264 996 5336 elfugit.
1037 5263 1211 5319 llodie
1257 5265 1325 5318 de
1384 5266 1658 5333 baptismo
1712 5267 2098 5326 disseremus:

515 5358 731 5417 etiamsi
767 5359 887 5412 heri
925 5374 1025 5415 nos
1053 5357 1232 5412 oratio
1254 5357 1320 5411 de
1352 5372 1417 5412 eo
1445 5358 1693 5413 instituta
1723 5360 2100 5430 praaterlluxit,

517 5460 633 5507 tum
660 5452 791 5520 quia
823 5462 1038 5520 tempus
1091 5458 1311 5515 urgeret
1368 5448 1551 5520 (feSIis
1591 5450 1736 5507 cnim
1762 5451 1956 5507 diebus
1992 5469 2110 5507 ma-

516 5544 722 5601 ximam
771 5542 1034 5613 temporis
1085 5549 1294 5612 partem
1354 5541 1410 5596 in
1468 5541 1812 5601 Psalmorum
1853 5545 2107 5601 cantilla-

586 5722 630 5752 ⁵⁷⁸
659 5721 759 5775 lsa.
795 5737 936 5775 mm.
977 5720 1067 5775 Ἦ.
1147 5720 1191 5751 ⁰⁹
1225 5718 1243 5772 Ι
1310 5720 1435 5775 Cor-
1484 5737 1566 5780 11⁸-
1602 5723 1692 5779 '3-

482 5789 649 5855 _lipp.
685 5808 747 5847 tt.
794 5792 876 5862 l5.
1063 5858 1067 5862 ἢ
1098 5791 1116 5821 ⁸
1145 5789 1288 5877 Psal.
1319 5809 1581 5853 cxxxvtti.
1615 5793 1698 5849 16.

2170 5420 2179 5423 _
2212 5374 2348 5429 pura
2382 5370 2435 5414 ct
2495 5360 2667 5414 libera
2705 5368 2790 5414 est
2847 5376 2862 5413 :

2164 5513 2175 5518 ν
2211 5454 2443 5509 omnino
2485 5454 2627 5507 delet
2655 5464 2821 5522 atque
2865 5450 3202 5520 exstinguit;
3236 5458 3291 5504 et
3337 5448 3803 5517 quemadmodum

2208 4531 2381 4599 (propr
2399 4528 2448 4583 ie
2472 4529 2616 4582 enim
2644 4543 2979 4597 congressus
3006 4526 3224 4582 venerei
3276 4535 3517 4595 tempus,
3554 4538 3659 4577 nos
3693 4531 3802 4586 est,

2208 4630 2429 4691 propter
2466 4622 2812 4675 honestatem
2871 4627 2925 4673 et
2960 4617 3380 4680 verecundiam)
3421 4625 3586 4685 atque
3630 4615 3801 4667 etiam

2209 4728 2390 4777 serva,
2429 4714 2630 4782 quippe
2672 4726 2838 4781 quam
2884 4711 3128 4766 libidinis
3179 4708 3406 4764 allectus
3460 4708 3800 4775 auspicetur,

2206 4816 2271 4862 ex
2308 4806 2608 4875 voluptatis
2643 4806 2789 4859 enim
2829 4819 3019 4861 amore.
3082 4801 3494 4857 matrimonium
3547 4798 3805 4852 coiitrahi

2160 4938 2163 4943 ι
2209 4898 2372 4953 solet.
2420 4895 2688 4966 Baptismi
2720 4905 2905 4949 autem
2970 4893 3254 4955 nativitas,
3283 4892 3476 4945 diurna
3517 4905 3547 4943 a
3599 4887 3807 4942 Davide

2206 4991 2451 5045 dicitur:
2504 4990 2624 5057 Dig;
2688 4990 2860 5053 enim,
2925 4985 3125 5057 inquit,
3187 4983 3642 5055 forniabuntur';
3685 4983 3806 5034 sive

2210 5084 2339 5155 quia
2372 5082 2570 5136 diurno
2606 5090 2856 5151 tempore
2893 5091 2951 5135 ut
2984 5081 3282 5149 plurimum
3317 5077 3625 5145 baptismus
3652 5074 3806 5127 cele-

2213 5176 2425 5241 bretur,
2453 5174 2569 5229 sive
2596 5182 2820 5244 prepter
2866 5174 3224 5229 excellentem
3262 5170 3516 5240 baptismi
3546 5169 3807 5236 splendo-

2212 5282 2326 5322 rem
2381 5280 2433 5325 ct
2485 5266 2798 5337 puritatem.
2829 5266 2904 5321 Ea
2937 5282 3103 5336 porro
3145 5280 3253 5319 non
3313 5265 3474 5316 modo
3506 5278 3535 5316 a
3574 5260 3806 5314 libidine

2917 5361 3012 5414 scd
3067 5358 3299 5413 vitiosos
3345 5358 3510 5411 etiam
3571 5353 3805 5409 all‘eetus

2207 5545 2561 5603 circumcisio
2603 5549 2932 5619 superﬂuam
2984 5544 3215 5600 membri
3260 5542 3517 5615 genitalis
3585 5552 3800 5611 partem

1771 5726 1783 5754 '
1818 5722 1951 5781 ibid.
2031 5729 2048 5759 ²
2082 5726 2186 5784 lsa.
2222 5742 2261 5794 ι,
2321 5725 2405 5794 16,
2450 5726 2534 5784 l8.
2611 5726 2630 5759 ³
2664 5726 2809 5782 Psal.
2847 5741 2896 5791 v,
2921 5725 2975 5779 7.
3053 5723 3071 5754 "
3100 5721 3300 5793 Ephes.
3336 5737 3412 5791 iv,
3452 5719 3536 5775 l5.
3614 5717 3634 5749 '
3666 5718 3802 5775 Plii-
