4100 6410
515 349 652 412 m7

1894 360 2278 422 ADDENDA.

3627 367 3775 432 1248

509 479 618 531 est,
651 469 743 536 qui
779 468 1019 536 quidem,
1057 482 1110 524 ut
1147 469 1286 526 Petri
1322 473 1502 528 verbis
1529 483 1672 538 utar,
1705 490 1812 528 non
1840 476 2083 530 sordium
2113 479 2162 537 Α
2190 484 2243 527 cf.
2301 477 2798 543 coagmentationis
2851 489 3056 534 nostra:
3106 478 3162 533 in
3221 479 3500 534 meliorem
3563 492 3775 536 statum

511 558 694 612 carnis
727 559 996 626 depositio
1039 571 1144 623 est,
1183 563 1276 616 sed
1321 565 1675 619 conscientiae
1717 566 1873 621 boum
1914 567 2082 622 inter-

512 651 722 718 rogatio
751 651 817 703 ad
854 650 1019 705 Deum
1048 653 1109 705 ¹⁸.
1155 653 1477 726 Interrogati
1508 659 1655 711 enim
1707 660 1758 713 in
1795 660 2080 730 baptismo,

510 738 790 804 quomodo
854 755 976 795 sese
1045 742 1245 799 habeat
1303 748 1639 802 conscientia
1702 761 1888 804 nostra
1953 767 2081 819 erga

509 830 703 893 Deum,
735 840 788 885 et
815 848 978 900 quam
1018 836 1069 887 in
1117 853 1240 889 eum
1283 839 1440 893 fidem
1494 841 1813 906 habeamus,
1848 858 2079 912 re5pon-

509 922 702 977 demus
737 939 836 977 nos
875 926 1051 994 ipsius
1087 931 1332 996 partilms
1363 931 1608 1000 adjungi,
1647 943 1828 1002 atque,
1865 944 1924 988 ut
1973 951 2080 990 uno

509 1015 673 1067 verbo
726 1017 946 1081 diram,
1011 1020 1129 1074 fidei
1191 1022 1445 1091 Symbola
1510 1025 1850 1094 profitemur.
1915 1027 2079 1082 Juxta

507 1103 843 1176 Thcologum
897 1120 1076 1164 autem
1127 1115 1310 1167 carnis
1348 1115 1582 1184 ahjectio
1624 1127 1708 1171 est
1753 1119 2076 1188 haptismus,

510 1200 612 1252 hoc
655 1209 738 1254 est
773 1203 1012 1257 carnalis
1058 1205 1285 1260 affet-tus
1333 1217 1384 1260 et
1414 1209 1733 1270 voluntatis.
1777 1222 1872 1262 aut
1911 1212 2074 1264 etiam

508 1291 681 1358 ipsius
719 1296 900 1349 carnis
934 1300 1266 1366 contemptio
1302 1299 1513 1366 (Carnis
1541 1303 1711 1365 enim,
1754 1303 1926 1372 inquit
1964 1304 2074 1369 ille,

503 1395 687 1432 curam
716 1399 778 1434 ne
808 1383 1036 1451 feceritis
1070 1387 1124 1439 in
1157 1390 1592 1454 concupiscentiis
1641 1395 1823 1446 vestris
1858 1393 1946 1464 "),
1982 1404 2078 1448 aut

511 1473 680 1526 anitni
717 1485 983 1543 quantum
1029 1479 1094 1532 ad
1144 1481 1485 1539 turbulentos
1539 1495 1717 1540 motus
1759 1487 1812 1539 in
1856 1503 2072 1541 crucem

503 1564 738 1619 suflixio.
797 1566 932 1622 Nam
981 1571 1074 1640 qtti
1121 1588 1342 1628 carnem
1402 1577 1726 1641 contemnit,
1791 1580 1836 1634 is
1886 1581 2076 1650 utique

504 1659 744 1712 animam
791 1662 1109 1731 comitatur,
1170 1667 1426 1722 nimirum
1477 1671 1860 1726 auctoritatem
1907 1685 2073 1742 atque

503 1749 794 1818 imperium
828 1755 881 1808 in
919 1755 1067 1810 illam
1103 1759 1229 1813 huic
1261 1761 1531 1817 tribuens.
1569 1763 1881 1833 Baptismus
1913 1765 2069 1820 Verbi

2186 569 2500 628 conversio.
2557 579 2613 624 ct
2660 572 2829 627 totius
2889 587 3082 627 massa!
3133 583 3188 627 et
3235 577 3648 642 temperamenti
3712 577 3773 630 in

2187 664 2384 718 melius
2453 680 2517 718 ac
2571 664 2868 733 perfectius
2925 667 3212 721 immutata
3269 668 3446 729 ratio,
3508 668 3773 723 nimirum

2184 753 2368 806 anima
2407 751 2473 806 ad
2509 752 2735 806 meliora
2766 763 3114 822 properante,
3163 769 3393 824 corpore
3418 765 3597 808 autem
3637 757 3776 810 sub-

2184 856 2473 914 sequente,
2518 860 2617 898 nec
2649 845 2704 898 in
2745 846 3021 901 diversum
3065 847 3292 901 nitente.
3332 848 3544 916 Quippe
3579 849 3769 912 homo,

2183 937 2366 990 anima
2395 945 2450 990 et
2477 951 2704 1005 corpore
2732 947 3018 1002 constans,
3049 954 3144 1007 per
3185 939 3518 1008 baptismum
3555 941 3768 993 sancti-

2183 1027 2399 1082 ficatur.
2441 1029 2518 1080 Ac.
2557 1043 2625 1081 ne
2656 1028 2838 1081 nuntia
2869 1042 3321 1086 commemorem.
3351 1045 3474 1098 quae
3505 1029 3764 1098 baptismi

2181 1120 2354 1188 gratia
2411 1120 2696 1186 pollicetur
2757 1128 2812 1174 et
2876 1120 3144 1190 porrigit,
3205 1121 3311 1174 hoc
3363 1121 3609 1178 omnium
3670 1121 3762 1174 1)νί

2182 1213 2572 1266 benellciornm
2605 1213 3124 1281 prrcstantissimum
3153 1223 3260 1268 est.
3291 1212 3358 1268 Ut
3382 1214 3527 1266 enim
3566 1214 3758 1267 intima

2179 1307 2349 1360 divini
2394 1305 2577 1374 templi
2625 1320 2776 1374 pars.
2830 1305 3032 1360 Sancta
3084 1317 3402 1360 sanctorum
3453 1304 3751 1365 dieehatnr,

2179 1399 2327 1450 velut
2376 1397 2646 1451 ulterioris
2691 1397 3001 1451 sanctitatis
3030 1399 3346 1465 particeps;
3389 1408 3441 1449 et
3495 1396 3749 1466 mysticus

2181 1490 2495 1544 Salomonis
2523 1491 2760 1554 libellus,
2792 1491 3018 1546 Cantica
3051 1494 3394 1546 canticorum
3432 1493 3750 1561 appellatur,

2178 1581 2324 1633 velut
2365 1581 2580 1635 czeteris
2623 1583 2968 1650 prmstantior
3014 1594 3178 1652 atque
3227 1582 3495 1650 insignior
3526 1601 3538 1635 :
3565 1583 3757 1635 eodem

2178 1689 2395 1744 quoquc
2447 1675 2610 1729 modo
2653 1675 2960 1744 baptismus
3007 1684 3229 1746 propter
3273 1675 3531 1729 eximiam
3587 1676 3761 1744 ipsius

2177 1767 2497 1834 dignitatem
2551 1767 2892 1822 Illuminatio
2943 1777 3216 1835 vocatur,
3271 1783 3383 1823 non
3437 1770 3582 1838 quod
3637 1769 3761 1821 alia:

503 1844 870 1914 participatio,
897 1851 981 1902 vel
1010 1852 1139 1920 quia
1175 1854 1396 1908 verbum
1434 1867 1487 1911 et
1516 1857 1793 1912 Christum
1828 1875 1923 1928 per
1946 1875 2070 1915 eum
2109 1835 2148 1888 Β
2179 1877 2400 1930 quoque
2447 1860 2719 1929 spiritales
2751 1861 2938 1929 gratia:
2972 1859 3317 1914 illuminandi
3359 1835 3468 1913 viui
3514 1875 3620 1912 non
3663 1860 3764 1912 ba-

501 1936 802 2003 sequimur,
839 1941 921 1994 vel
952 1943 1078 2012 quia
1114 1945 1376 2002 doctrinae
1416 1960 1469 2003 et
1498 1950 1740 2004 scientim
1772 1952 2072 2022 participes

499 2026 780 2083 emt-imor.
821 2030 1168 2089 Cordaliores
1214 2039 1358 2090 enim
1395 2047 1446 2093 et
1483 2042 1867 2110 prudentiores
1908 2059 1971 2097 ex
2005 2058 2073 2098 eo

500 2117 802 2183 reddimur,
870 2124 1066 2179 divinae
1111 2128 1377 2184 doctrina:
1432 2141 1486 2185 et
1543 2133 1730 2202 gratiae
1779 2135 2074 2205 participes

498 2207 649 2264 facti.
720 2211 986 2283 Figmcnli
1054 2219 1400 2278 instauratio.
1470 2223 1755 2280 Rccreatio
1813 2226 1959 2280 enim
2020 2236 2075 2282 et

499 2303 782 2358 renovatio
827 2316 908 2362 est
957 2307 1193 2364 hominis
1222 2327 1250 2365 a
1300 2323 1522 2381 peccato
1583 2316 1870 2382 confracti,
1907 2329 2071 2388 atque

499 2393 566 2446 ad
631 2396 829 2452 veteris
907 2399 1162 2467 imaginis
1228 2405 1546 2472 dignitatem
1607 2407 1947 2464 reformatio.
2007 2410 2072 2466 Et

501 2486 960 2552 quemadmodum
994 2493 1231 2548 tenebrae
1261 2495 1399 2551 lucis
1447 2513 1672 2554 accessu
1705 2500 2069 2568 depelluntur,

499 2586 555 2630 et
587 2579 763 2648 caligo
797 2582 1036 2638 candore
1071 2587 1360 2654 superfuso
1401 2591 1468 2645 de
1495 2592 1675 2646 medio
1707 2594 1914 2649 tollitur
1949 2613 1964 2650 :
1997 2599 2068 2652 ita

499 2679 548 2722 et
586 2685 679 2739 per
723 2673 1027 2742 spiritualis
1062 2678 1200 2734 lucis
1245 2682 1438 2736 anima!
1473 2685 1692 2739 oculum
1742 2687 2072 2746 illustrantis

495 2775 530 2830 p
567 2765 899 2832 rceptionem
935 2771 1171 2826 tenebra‘
1209 2787 1331 2829 eum
1363 2775 1724 2834 obscurantcs
1759 2779 2070 2836 discutiun-

500 2863 608 2916 tur,
645 2871 706 2911 ac
739 2869 895 2913 vetus
932 2861 1092 2915 homo
1123 2865 1349 2931 justitize
1388 2869 1643 2937 operibus
1669 2881 1969 2929 exornatus
2001 2874 2068 2929 ad

497 2948 670 3002 atatis
694 2948 880 3005 ﬂorem
910 2954 1070 3009 redit.
1098 2955 1408 3026 Baptismus
1433 2962 1742 3017 vehiculum
1775 2965 1843 3018 ad
1873 2965 2065 3021 Deum.

496 3037 598 3092 I’rr
642 3057 765 3095 cum
803 3045 947 3098 enim
993 3048 1137 3102 velut
1170 3066 1264 3120 per
1317 3055 1518 3108 scalam
1567 3055 1635 3110 ad
1671 3057 1836 3111 Deum
1883 3059 2069 3113 evehi-

2180 1952 2362 2015 bcant,
2415 1952 2509 2006 sed
2555 1951 2683 2021 quia
2723 1951 2830 2006 illis
2879 1952 3172 2006 sanctitate
3221 1961 3456 2020 pra-stat.
3493 1965 3557 2004 ac
3606 1947 3762 2003 solus

2176 2059 2367 2097 omnes
2403 2043 2592 2111 sordes
2627 2042 2822 2103 abluit,
2857 2042 3224 2112 mortalesque
3255 2042 3508 2104 illustrat,
3544 2056 3608 2095 ac
3641 2039 3756 2095 Deo

2174 2136 2416 2203 adoptat,
2443 2135 2771 2204 Christoque
2799 2134 3103 2204 conjungit.

2244 2227 2363 2282 Col.
2393 2227 2497 2280 562
2523 2226 2587 2282 C.
2633 2225 3094 2292 Quemadmodum
3127 2237 3306 2280 autem
3337 2226 3607 2289 Christus.
3641 2238 3754 2284 etc.

2178 2320 2646 2388 Quemadmodum
2701 2319 2954 2373 Christus
2992 2319 3247 2388 baptismi
3288 2321 3522 2374 donator
3569 2323 3757 2377 inultis

2179 2413 2495 2468 nominibus
2546 2411 2851 2481 appellatur
2901 2412 3153 2481 (vocatur
3195 2412 3340 2465 enim
3389 2410 3576 2474 Filius,
3616 2428 3751 2476 quo-

2175 2505 2321 2558 niam
2376 2505 2610 2559 essentia
2659 2503 2800 2558 idcm
2851 2520 2975 2558 cum
3018 2505 3178 2560 Patre
3229 2514 3356 2570 est;
3405 2503 3753 2574 Unigenitus,

2173 2597 2301 2667 quia
2340 2596 2604 2665 singulari
2653 2597 2817 2651 modo
2856 2598 3067 2665 genitus
3100 2604 3204 2661 est,
3253 2606 3310 2650 et
3354 2611 3459 2650 non
3525 2605 3585 2650 ut
3626 2612 3754 2651 cor-

2173 2703 2344 2758 pora;
2399 2685 2656 2753 Verbum,
2695 2699 2918 2757 propter
2958 2688 3369 2757 generationem
3401 2687 3751 2757 perpessione

2175 2780 2322 2833 omni
2361 2788 2678 2844 vacantem;
2724 2780 3023 2848 Sapientia,
3067 2789 3124 2834 ut
3154 2781 3339 2834 omnia
3381 2781 3598 2850 cognita
3647 2780 3750 2834 ha-

2175 2871 2348 2937 bens;
2396 2870 2630 2934 Veritas,
2669 2882 2726 2927 ιιι
2773 2883 2965 2926 natura
3016 2889 3210 2936 unum,
3265 2887 3329 2926 ac
3372 2887 3480 2925 non
3538 2871 3747 2935 multa;

2176 2963 2313 3027 Lux,
2349 2974 2407 3016 ut
2455 2964 2762 3018 animarum
2820 2965 3116 3032 splendor;
3150 2962 3392 3025 Justitia,
3445 2972 3505 3016 ιιι
3537 2963 3745 3032 prannii

2177 3069 2241 3110 ac
2276 3071 2448 3123 paena:
2482 3072 2581 3121 pro
2628 3057 2896 3127 cujusque
2943 3058 3137 3112 merito
3186 3057 3546 3120 distributor;
3601 3054 3745 3110 San-

495 3148 637 3187 mur.
665 3133 767 3188 Per
793 3151 916 3192 eum
953 3138 1175 3210 insuper
1209 3158 1332 3197 cum
1375 3146 1596 3201 Christo
1633 3150 2064 3219 peregrinantur.
2091 3172 2136 3235 ρ
2175 3149 2454 3209 ctificatio.
2489 3161 2548 3204 ut
2575 3152 2822 3219 puritas;
2854 3149 3198 3218 Redemptio,
3235 3161 3294 3204 ut
3328 3165 3426 3203 nos
3463 3164 3490 3202 a
3522 3156 3748 3217 peccato

494 3222 610 3280 Una
644 3227 788 3282 enim
840 3245 962 3284 cum
1008 3248 1073 3286 eo
1107 3250 1200 3301 per
1240 3236 1566 3304 baptismum
1598 3241 1867 3294 morimur
1899 3251 2066 3312 atque

490 3310 866 3369 inbumamur.
911 3316 1010 3372 llic
1039 3321 1160 3374 fidei
1204 3324 1594 3380 adminiculum
1643 3343 1707 3382 ac
1757 3310 2062 3386 subsidium

491 3409 594 3454 est.
652 3403 770 3458 Duo
813 3407 1014 3476 quippe
1060 3409 1255 3465 salutis
1318 3415 1462 3469 modi
1517 3425 1647 3471 sunt
1692 3418 1836 3473 inter
1885 3436 1943 3475 se
1992 3421 2062 3474 ita

492 3496 744 3555 connexi,
798 3506 858 3550 ut
907 3500 1055 3554 nulla
1099 3503 1310 3558 ratione
1355 3508 1594 3574 separari
1627 3520 1850 3578 queant.
1904 3513 2064 3569 Fides

490 3585 635 3638 enim
680 3601 776 3655 per
820 3588 1146 3658 baptismum
1198 3598 1491 3666 perficitur,
1540 3605 1894 3672 numerisque
1946 3607 2063 3663 suis

488 3679 756 3736 omnilms
789 3682 1113 3741 absolvitur.
1161 3687 1463 3758 Baptismus
1495 3704 1678 3750 autem
1713 3697 1833 3752 fidei
1866 3698 2060 3754 funda-

490 3779 676 3826 mento
727 3773 934 3840 nititur,
984 3793 1046 3833 ac
1090 3783 1342 3850 prmcedit
1395 3785 1616 3854 quidem
1666 3788 1942 3845 confessio
1991 3791 2060 3847 ad

486 3861 718 3917 salutem
757 3881 858 3921 nos
905 3868 1258 3928 ἱιιιτοιιιιουιιε
1289 3893 1303 3929 :
1337 3878 1693 3946 subsequitur
1738 3890 1920 3936 autem
1967 3884 2061 3938 ba-

491 3954 747 4021 ptismus,
781 3957 903 4012 lidei
929 3977 1212 4018 assensum
1242 3967 1401 4022 nobis
1421 3969 1743 4040 obsignans.
1769 3970 1904 4027 Nam
1932 3991 2057 4030 cum

488 4044 848 4112 baptizamur,
890 4064 1042 4106 certo
1085 4069 1134 4109 et
1167 4056 1445 4114 luculento
1471 4074 1793 4129 argumento
1823 4081 1922 4121 nos
1955 4068 2060 4123 fide

485 4138 744 4203 praeditos
785 4155 911 4195 esse
953 4146 1366 4203 confirmamus.
1407 4147 1505 4204 Hic
1541 4154 1738 4209 mentis
1771 4156 2054 4225 perfectio.

487 4229 638 4284 Mens
677 4232 820 4286 enim
852 4245 1072 4301 peccato
1111 4253 1462 4309 progressum
1516 4243 1690 4313 ipsius
1729 4247 2058 4317 impediente

483 4319 636 4374 rudis
691 4317 854 4390 atque
923 4323 1241 4396 imperfecta
1297 4335 1550 4390 manebat
1611 4355 1624 4392 :
1673 4355 1818 4394 nunc
1872 4353 2056 4397 autem

483 4412 718 4466 naturali
749 4429 1039 4484 progressu
1071 4429 1124 4473 et
1151 4420 1490 4487 incremento
1516 4441 1733 4499 recepto
1761 4431 2055 4500 perfectio-

2170 3243 2420 3297 detentos
2461 3244 2512 3296 in
2564 3243 2868 3296 libertatem
2914 3257 3210 3307 asserens;
3268 3240 3635 3304 Resurrectio,
3683 3248 3747 3292 ιιι

2170 3348 2272 3388 nos
2322 3343 2602 3387 emortuos
2649 3333 2716 3388 ad
2769 3334 2934 3388 vitam
2988 3349 3287 3396 revocans;
3335 3331 3487 3398 Ovis,
3544 3344 3602 3385 ut
3657 3331 3744 3383 vi-

2168 3429 2363 3491 ctima;
2395 3429 2600 3498 Agnos,
2637 3436 2695 3482 ut
2729 3428 3049 3498 perfectus;
3093 3425 3364 3489 Pontifex,
3391 3437 3449 3480 ut
3478 3425 3746 3481 concilia—

2168 3530 2252 3572 tor
2282 3528 2332 3573 et
2363 3523 2690 3588 perductor;
2727 3521 2893 3588 Ignis,
2924 3530 2982 3574 Ill
3021 3519 3189 3573 levem
3232 3519 3511 3573 materiam
3554 3534 3746 3586 repur-

2166 3626 2334 3678 gans;
2368 3610 2680 3676 Gladius,ut
2713 3612 2914 3664 bonmn
2950 3625 2980 3664 a
3015 3611 3157 3663 malo
3183 3609 3466 3674 dividens;
3494 3607 3740 3663 VetttiIa-

2169 3707 2346 3771 brum,
2378 3717 2437 3760 ut
2473 3721 2658 3761 aream
2688 3722 2961 3776 purgans;
2999 3703 3243 3769 Securis,
3275 3713 3336 3758 ut
3375 3704 3742 3771 improbitatis

2166 3800 2376 3854 radices
2409 3797 2719 3868 escideus),
2769 3798 2959 3852 eodem
2999 3798 3161 3852 modo
3188 3807 3242 3850 et
3275 3797 3476 3852 Christi
3513 3796 3744 3861 donum,

2164 3891 2215 3944 id
2255 3901 2338 3945 est
2377 3890 2705 3958 baptismus,
2753 3890 2900 3943 varie
2949 3903 3013 3944 ac
3067 3889 3445 3958 multipliciter
3493 3899 3739 3952 vocatur,

2162 3981 2626 4051 quemadmodum
2661 3990 2716 4034 et
2742 3981 2914 4034 Scala:
2947 3982 3242 4051 pzedagogo
3274 3981 3351 4050 (8)
3385 3981 3594 4051 placet:
3622 3979 3739 4033 sive

2161 4090 2225 4130 ex
2253 4075 2394 4128 miro
2420 4074 2657 4143 quodam
2695 4073 2916 4139 affectu,
2952 4075 3054 4126 hoc
3079 4082 3185 4134 est,
3217 4089 3279 4126 ex
3311 4071 3536 4141 profuso
3567 4070 3737 4125 animi

2161 4167 2362 4239 gaudio
2408 4167 2464 4222 id
2507 4168 2667 4221 nobis
2717 4164 2999 4228 acciderit,
3053 4177 3110 4218 ut
3142 4166 3356 4220 diversa
3393 4165 3468 4218 illi
3516 4164 3737 4217 nomina

2161 4261 2555 4330 imponamus:
2590 4258 2706 4313 sive
2751 4273 2852 4326 pro
2910 4257 3298 4326 multiplicium
3338 4256 3593 4322 baptismi
3641 4256 3738 4308 be-

2162 4354 2476 4407 neficiorum
2527 4353 2738 4406 ratione
2777 4350 2925 4404 varia
2952 4366 3172 4419 quoque
3200 4351 3248 4404 ei
3284 4351 3504 4402 nomina
3536 4349 3736 4402 tributa

2163 4444 2385 4508 fuerint,
2431 4461 2540 4498 uno
2575 4460 2798 4515 quoque
2844 4444 3095 4498 videlicet
3136 4443 3398 4498 beneficio
3427 4443 3734 4512 appositum

483 4517 619 4606 "fill.
653 4509 1169 4606 suam-assequitur
1221 4527 1286 4568 ac
1327 4515 1612 4575 deiformis
1657 4522 1912 4578 eliicitur.
1953 4523 2051 4582 llic
2085 4510 2128 4566 ο
2155 4545 2210 4590 et
2267 4509 2607 4604 congruum:
2631 4509 2830 4591 nomen
2879 4545 3222 4606 procreante.
3283 4535 3524 4588 Primum
3585 4533 3735 4586 enim

481 4591 654 4647 clavis
691 4596 841 4662 regni
878 4599 1138 4664 caelestis,
1200 4603 1331 4658 illud
1369 4606 1616 4662 videlicet
1657 4610 1723 4662 iis
1750 4613 1841 4680 qui
1879 4614 2054 4680 bapti-

478 4686 582 4739 smi
617 4689 776 4756 aquis
810 4689 1092 4761 tinguntur
1144 4697 1414 4764 aperiens.
1458 4698 1556 4754 llic
1596 4702 1718 4755 vitae
1749 4717 2052 4760 commuta-

477 4778 576 4842 tio,
603 4794 877 4849 corporete
900 4785 1112 4841 scilicet
1139 4798 1189 4841 et
1211 4787 1494 4859 ﬂagitiosae
1523 4793 1589 4847 ad
1621 4796 1960 4863 spiritualem
1994 4810 2048 4855 et

474 4867 740 4925 divinam.
795 4873 892 4928 llic
938 4879 1219 4934 servitutis
1259 4882 1561 4950 abrogatio,
1621 4901 1683 4938 ac
1720 4903 1818 4956 pro
1865 4892 2046 4946 servili

473 4958 804 5026 dejectione,
845 4964 1000 5033 plena
1031 4979 1082 5021 et
1121 4970 1296 5024 soluta
1325 4972 1570 5030 libertas.
1604 4975 1707 5031 Per
1735 4994 1859 5032 eum
1903 4982 2047 5037 enim

476 5049 713 5106 filiorum
745 5055 1096 5124 adoptionem
1125 5063 1422 5133 recipimus
1457 5084 1470 5120 :
1498 5083 1561 5122 ac
1587 5069 1818 5136 proinde
1849 5073 2051 5129 clamat

475 5140 677 5198 Paulus
709 5163 723 5200 :
753 5145 894 5217 Ergo
917 5168 1018 5204 non
1043 5153 1158 5220 jam
1185 5172 1238 5208 es
1269 5173 1468 5221 servus,
1499 5161 1586 5212 sed
1612 5160 1758 5228 [ilius
1784 5177 1802 5214 :
1831 5165 1972 5234 quod
1998 5166 2048 5220 si

471 5238 641 5305 ﬁlius,
673 5251 720 5294 et
748 5243 913 5297 lieres
946 5245 1040 5300 Dei
1069 5248 1135 5302 ¹⁹.
1173 5248 1271 5303 llic
1304 5252 1642 5309 vinculorum
1681 5259 1902 5326 solutio,
1941 5261 2046 5317 hoc

380 5377 390 5412 ί
469 5342 573 5398 est,
611 5333 903 5389 affectuum
941 5340 1110 5394 animi
1143 5350 1191 5395 et
1227 5345 1454 5410 peccati.
1493 5345 1593 5401 llic
1620 5353 2044 5420 compositionis

541 5531 630 5586 ¹³1
665 5533 810 5588 Petr.
846 5551 926 5598 ιιι,
967 5538 1056 5592 21.
1138 5539 1179 5575 ¹⁹
1206 5540 1360 5598 Rom.
1398 5559 1515 5614 xtn,
1552 5550 1638 5604 1-1.

538 5714 613 5778 (8)
669 5714 928 5772 Joannem
979 5719 1278 5778 (ΖΙίη-ιιιοιιιιι

467 5781 577 5837 lunt
612 5785 783 5843 Sat/tv
816 5790 970 5846 titulo
1003 5790 1190 5847 edidit.

2157 4643 2279 4681 eum
2345 4629 2549 4682 donum
2611 4643 2908 4691 vocamus,
2958 4627 3085 4696 quia
3145 4627 3303 4682 nobis
3362 4625 3513 4679 nullo
3583 4625 3736 4694 prius

2154 4716 2343 4772 labore
2381 4728 2640 4788 suscepto
2683 4734 2748 4772 ac
2778 4733 3004 4772 munere
3039 4718 3221 4771 oblato
3272 4717 3444 4785 gratis
3485 4715 3734 4784 imperti-

2157 4819 2265 4863 tur.
2322 4807 2522 4862 Deinde
2575 4809 2930 4876 baptismum,
2986 4809 3114 4877 quia
3161 4816 3446 4877 peccatum
3490 4806 3543 4859 in
3590 4819 3732 4873 aqua

2155 4899 2439 4969 sepelitur.
2477 4898 2630 4953 Tunc
2663 4901 2975 4954 unctionem
3007 4915 3130 4953 cum
3157 4899 3390 4963 Joanne,
3426 4908 3484 4952 ut
3515 4913 3732 4952 sacrum

2151 5001 2206 5045 et
2242 4993 2476 5061 regium.
2526 4991 2855 5046 Sacerdotes
2905 4995 3052 5046 enim
3092 5001 3148 5046 et
3177 5007 3330 5062 reges
3361 4991 3518 5061 juxta
3565 4988 3732 5045 Musis

2149 5083 2320 5153 legem
2357 5085 2722 5154 ungebantur.
2755 5084 3218 5139 Illuminationem
3258 5100 3413 5150 vero,
3448 5092 3506 5137 ut
3546 5082 3719 5150 splen.

2146 5175 2376 5239 dorem,
2437 5185 2490 5231 et.
2544 5177 2671 5245 quia
2718 5192 2814 5246 per
2865 5191 2991 5231 eum
3041 5188 3286 5233 sanctam
3347 5177 3492 5229 illaut
3551 5176 3728 5228 lucem

2146 5266 2444 5330 intuemur,
2481 5275 2643 5338 atque
2675 5269 2741 5322 ad
2785 5268 3031 5324 divinum
3075 5284 3275 5323 numen
3330 5265 3728 5337 inspiciendum

2145 5360 2426 5415 oculorum
2465 5361 2583 5416 acie
2627 5361 2922 5432 pollemus.
2973 5361 3176 5417 Adhazc
3213 5358 3644 5416 immortalitatis
3676 5365 3729 5412 ct

1716 5551 1762 5583 ¹⁰
1785 5551 1962 5608 Galat.
1995 5570 2068 5624 tv,
2105 5556 2157 5614 7.

1349 5726 1628 5799 intelligit,
1693 5732 2032 5789 celeberrimi
2096 5738 2236 5808 apud
2294 5739 2512 5802 Graecos
2549 5745 2788 5803 nominis
2860 5744 3078 5812 virum,
3131 5743 3226 5818 qui
3267 5743 3530 5802 eximium
3567 5741 3712 5798 libel-
