4100 6438
365 315 508 381 1249

1361 321 1679 386 NlCETAS
1722 326 1800 385 ΙΝ
1839 326 2058 388 ORAT.
2104 329 2202 389 XL
2242 329 2305 394 S.
2343 331 2572 394 GItEG.

3483 342 3618 408 1250

363 423 798 496 incorruptionis
857 430 1262 503 indumentum,
1304 437 1461 506 juxta
1507 438 2013 495 ConstituttouesA
2047 438 2221 493 etiam
2263 442 2328 495 ad
2391 457 2694 512 perpaucos
2753 445 3026 511 homines,
3090 463 3186 503 eos
3249 464 3464 518 nempe.
3520 453 3613 520 qui

360 520 711 587 apostolicas,
740 533 795 574 ιιι
828 521 1068 578 infamia:
1095 535 1148 579 et
1187 526 1404 580 decoris
1437 529 1878 599 integumentum
1917 547 1932 585 :

361 612 578 665 ohteeta
618 612 761 666 enim
803 616 1145 684 turpitudine
1190 628 1244 672 ct
1280 619 1502 676 infamia
1548 638 1648 678 uos
1683 624 1935 678 incorru—

365 703 554 772 ptione
577 713 629 757 et
657 705 1064 764 immortalitate
1093 714 1384 780 convestit,
1413 715 1652 770 animam
1679 717 1937 772 videlicet

370 808 401 844 a
447 793 652 858 peccati
699 797 1030 864 corruptela,
1062 808 1120 854 ut
1151 800 1302 865 olim,
1350 819 1538 872 puram
1571 814 1625 860 et
1667 807 1932 876 integram

360 883 617 938 reddens.
652 883 956 940 Lavacrum
991 893 1442 960 regenerationis,
1475 896 1602 962 quia
1642 912 1740 966 per
1781 915 1930 962 eum,

357 984 444 1027 est
477 976 614 1044 apud
653 975 902 1040 Paulum.
935 993 1155 1050 peccata
1192 983 1511 1054 projicitnus
1558 999 1614 1041 et
1671 989 1929 1044 eluitnus.

357 1064 610 1136 Sigillum
667 1069 908 1140 insuper,
963 1075 1221 1142 quoniam
1274 1092 1368 1146 per
1425 1093 1550 1132 eum
1603 1081 1928 1150 consignati,

356 1160 650 1227 cujusnam
684 1159 892 1216 domini
945 1178 1160 1228 sumus,
1209 1168 1618 1238 cognoscimur,
1665 1181 1828 1240 atque
1866 1173 1935 1227 ab

357 1253 579 1306 insidiis
607 1253 706 1307 tuti
745 1270 1154 1311 conservantur.
1175 1257 1324 1325 Quod
1363 1261 1508 1315 enim
1547 1263 1725 1332 sigillo
1748 1264 1933 1334 aliquo

358 1353 606 1397 notatum
631 1356 734 1410 est,
757 1347 935 1401 furum
965 1351 1302 1418 aggressioui
1327 1353 1549 1409 minime
1572 1365 1737 1425 patet.
1761 1357 1933 1412 Porro

358 1437 642 1489 nominum
705 1441 1107 1495 enumerationi
1183 1441 1537 1511 Signaculum
1596 1460 1931 1517 postremum

357 1525 763 1596 imposuimus,
810 1532 960 1586 velut
1022 1549 1086 1587 ea
1141 1535 1494 1605 obsignantes
1551 1548 1716 1610 atque
1769 1544 1933 1597 oblir-

357 1624 594 1670 tnantes.
649 1616 786 1671 Huic
839 1620 1182 1687 gratulantur
1232 1624 1379 1678 εαξη.
1431 1622 1620 1691 Liceat
1670 1630 1813 1683 enim
1863 1629 1930 1684 ad

356 1708 544 1774 gaudii
615 1711 1146 1778 amplificationem.
1197 1714 1441 1771 laetitiam
1495 1735 1712 1790 quoque
1767 1723 1931 1779 rebus

358 1797 616 1855 inanimis
677 1802 939 1858 tribuere.
1015 1805 1160 1869 Aut,
1232 1807 1275 1861 si
1339 1812 1545 1870 mavis.
1606 1827 1701 1881 per
1766 1814 1933 1871 cmlos

365 1891 759 1958 synecdochice
805 1895 1056 1949 caelestes
1106 1899 1331 1967 angelos
1377 1899 1634 1971 intellige,
1670 1902 1764 1973 qui
1808 1919 1932 1974 pro-

364 1991 484 2047 pter
528 1983 812 2037 hominum
867 1985 1097 2040 salutem
1142 2003 1238 2056 per
1265 1989 1596 2059 baptismum
1650 2004 1927 2064 acceptam

361 2072 558 2139 gaudio
615 2075 916 2128 elferuntnr
965 2076 1275 2147 (Gaudium
1344 2083 1489 2135 enim
1543 2092 1623 2136 est
1696 2085 1753 2138 in
1805 2087 1931 2140 caelo

355 2179 516 2231 super
547 2181 648 2218 uno
682 2175 952 2233 peccatore
974 2171 1334 2238 pwnitentiam
1372 2183 1556 2243 agente
1583 2174 1702 2246 '°‘).
1741 2191 1804 2231 ac
1837 2178 1934 2232 ba-

355 2255 541 2322 ptismi
579 2256 1035 2314 illuminationetn
1073 2271 1292 2330 propter
1344 2264 1655 2334 splendoris
1701 2267 1932 2324 affinita-

357 2350 467 2397 tem
516 2345 817 2401 celebrant.
859 2347 1073 2403 Etenim
1120 2351 1210 2406 hic
1241 2367 1464 2423 quoque
1503 2360 1796 2425 praeclarus
1845 2371 1930 2416 est

353 2449 422 2491 ac
461 2436 703 2502 divinus,
741 2448 791 2494 et
832 2441 1071 2498 caelestis
1123 2442 1474 2502 beatitudinis
1503 2450 1705 2520 imago,
1745 2453 1932 2522 spien-

351 2525 614 2597 dor-isque
651 2529 928 2597 justorum
981 2541 1035 2587 et
1065 2535 1186 2588 vitae
1224 2536 1494 2592 -redivivaz
1542 2539 1738 2610 figura.
1792 2544 1926 2599 Nam

351 2633 476 2687 quae.
500 2636 670 2673 aevum
708 2621 839 2676 illud
889 2625 1193 2680 secundum
1226 2637 1476 2684 naturam
1531 2633 1712 2697 habet,
1751 2651 1812 2690 ea
1851 2637 1925 2703 hi,

353 2711 450 2780 qui
501 2712 782 2769 salutifera
832 2731 974 2786 aqua
1030 2717 1456 2789 perfunduntur,
1519 2725 1926 2798 anticipantes,

353 2805 541 2859 animo
567 2815 620 2859 et
653 2808 934 2864 voluntate
963 2824 1357 2882 assequuntur.

423 2894 541 2949 Col.
579 2898 684 2953 365
741 2899 803 2954 Β.
845 2901 920 2955 Ac
942 2903 1152 2972 quidem
1199 2905 1341 2960 Deus
1382 2924 1648 2964 summum
1689 2921 1739 2966 et
1779 2913 1928 2968 inac-

351 2985 591 3041 cessibile
620 2988 796 3044 lumen
827 3003 927 3055 est,
962 3004 1066 3049 etc.
1114 2995 1253 3051 Deus
1288 2999 1467 3054 lumen
1513 3012 1617 3067 est,
1649 3020 1922 3060 summum

349 3078 597 3148 quidem,
657 3090 716 3136 ut
768 3084 1020 3154 principii
1063 3102 1256 3157 expers
1304 3099 1359 3146 ct
1415 3095 1674 3162 primum,
1730 3099 1812 3151 vel
1868 3107 1995 3186 ulc

352 3173 690 3238 praecellens,
738 3177 1105 3248 omnibusque
1147 3181 1311 3238 rebus
1343 3185 1634 3253 superius;
1688 3189 1926 3246 inacces-

352 3263 512 3318 sibile
535 3275 738 3330 autem,
775 3269 898 3336 quia
925 3283 1143 3340 propter
1173 3275 1480 3343 splendoris
1513 3280 1922 3338 exuberantiam

351 3371 382 3408 a
425 3357 642 3412 nemine
686 3359 917 3428 perferri
974 3373 1170 3431 potest.
1227 3365 1410 3437 Neque
1453 3370 1600 3426 enim
1633 3373 1923 3443 quisquam

353 3459 460 3511 est,
493 3449 584 3518 qui
632 3450 809 3520 ipsum
856 3453 1078 3508 intentis
1127 3457 1302 3513 oculis
1331 3475 1557 3517 cernere
1595 3475 1778 3533 queat.
1810 3467 1927 3522 Hoc

352 3538 536 3595 lumen
571 3543 715 3596 nulla
748 3545 997 3600 oratione
1024 3549 1255 3617 exprimi
1285 3560 1487 3620 potest,
1535 3557 1708 3610 multo
1740 3566 1923 3612 autem

349 3631 536 3686 minus
563 3633 752 3689 animo
798 3635 1048 3707 intelligi.
1080 3637 1268 3709 Neque
1297 3642 1443 3696 enim
1475 3644 1712 3701 humana
1745 3660 1925 3704 mente

351 3721 497 3778 Deus
527 3727 729 3797 percipi
781 3737 980 3798 potest,
1025 3746 1127 3786 nec
1182 3733 1304 3802 ejus
1361 3735 1677 3804 magnitudo
1715 3741 1924 3809 cogita-

352 3817 502 3872 tione
547 3822 952 3889 comprehendi.
995 3823 1136 3890 Quiu
1198 3825 1363 3880 etiam
1426 3827 1558 3892 ille,
1617 3831 1663 3886 si
1713 3829 1924 3888 Platoni

351 3909 652 3974 credimus,
695 3915 798 3968 hoc
837 3925 922 3969 est
950 3915 1004 3969 in
1057 3917 1516 3988 intelligibilibus,
1553 3923 1699 3990 quod
1747 3925 1828 3978 sol
1869 3927 1924 3979 itt

355 4001 424 4056 iis
460 4018 580 4071 qua:
605 4019 826 4060 sensum
856 4018 1094 4064 moveut.
1128 4007 1195 4064 Ut
1219 4011 1365 4065 enim
1391 4011 1478 4068 ltie
1505 4014 1700 4079 oculis,
1741 4015 1811 4070 ita
1837 4016 1928 4072 ille

353 4093 519 4147 menti
549 4096 723 4149 lucem
777 4095 967 4166 affert;
1008 4114 1307 4171 rursusque
1342 4112 1402 4156 ιιι
1451 4101 1538 4158 hic
1569 4107 1754 4158 omnia
1805 4122 1928 4176 quae

353 4197 574 4253 aspectu
623 4189 958 4255 sentiuntur,
1013 4191 1088 4246 ita
1125 4191 1217 4248 ille
1266 4195 1452 4249 omnia
1503 4211 1623 4266 qua:
1651 4199 1834 4255 animo
1868 4212 1924 4257 et

351 4275 565 4330 ratione
591 4276 964 4348 intelliguntur
1000 4281 1408 4351 pulchritudine
1434 4285 1733 4340 antecellit.
1762 4285 1925 4342 Scala

353 4384 520 4438 porro
560 4381 724 4439 atque
755 4385 1021 4427 ascensus
1051 4373 1117 4426 ad
1153 4372 1294 4427 hanc
1319 4375 1690 4444 cognitionem
1738 4377 1928 4449 hujus-

2041 543 2274 586 meutem
2295 549 2359 588 ac
2383 538 2643 590 rationem
2670 541 3068 609 perpurgariut.
3094 541 3170 594 Ac
3188 540 3472 596 Trinitatis
3491 559 3615 612 pro-

2039 624 2217 691 priqu
2268 635 2372 690 est,
2423 637 2632 683 natura:
2682 630 2941 686 identilas
2991 642 3046 687 et
3100 633 3392 688 ineffaliilis
3458 638 3611 704 uuio,

2037 723 2204 784 atque
2242 732 2345 770 una
2375 727 2424 772 et
2447 720 2637 774 eadem
2669 722 2978 779 exsilientis
3018 726 3325 793 splendoris
3359 730 3609 797 emissio,

2038 807 2262 876 perinde
2287 824 2347 862 ac
2376 811 2420 864 si
2462 811 2554 880 qui
2589 819 2701 867 tres
2730 811 2877 868 faces
2901 816 3050 870 omni
3085 832 3151 870 ex
3187 829 3338 886 parte
3379 821 3520 873 inter
3553 837 3614 874 se

2036 897 2274 965 tequales
2319 899 2504 953 animo
2555 902 2719 971 ﬁngat
2750 904 2914 973 (quod
2964 907 3182 975 quidem
3248 909 3300 961 in
3340 909 3405 962 iis
3440 910 3604 964 rebus

2037 1003 2159 1057 quas
2207 990 2259 1043 in
2300 1006 2519 1046 sensum
2572 995 2778 1049 cadunt
2828 998 3048 1066 reperiri
3105 1015 3208 1052 non
3258 1003 3479 1069 potest),
3525 1012 3613 1054 at-

2036 1095 2143 1149 que
2208 1097 2374 1135 unum
2428 1093 2482 1138 et
2529 1087 2782 1141 eumdem
2833 1087 3101 1159 fulgorem
3163 1107 3316 1160 aeque
3374 1101 3427 1146 et
3471 1093 3607 1146 citra

2037 1174 2200 1225 ullam
2234 1174 2558 1230 divisionem
2616 1194 2644 1232 a
2682 1179 2856 1233 tribus
2892 1181 3234 1236 exsilientem
3266 1193 3315 1236 et
3352 1199 3611 1237 emanan-

2037 1279 2167 1321 tem.
2231 1269 2470 1325 Primum
2527 1272 2695 1342 igitur
2749 1273 2928 1328 lumen
2990 1275 3132 1330 Deus
3189 1285 3314 1340 est,
3369 1284 3428 1330 ut
3488 1277 3607 1330 exi-

2037 1357 2206 1410 tnium
2253 1368 2414 1428 atque
2469 1363 2718 1416 omnium
2783 1363 3052 1418 luminum
3095 1365 3464 1434 principium;
3521 1382 3608 1420 se-

2035 1445 2272 1498 cundum
2325 1456 2528 1514 autem,
2561 1451 2762 1519 angeli,
2820 1461 2878 1505 ιιι
2923 1453 3018 1520 qui
3070 1463 3194 1521 post
3253 1455 3419 1507 Deum
3473 1455 3606 1519 sint,

2037 1536 2254 1589 tametsi
2305 1536 2428 1592 aliis
2479 1539 2724 1607 priores,
2783 1543 2956 1610 ptiuta
3006 1543 3182 1596 lucida
3236 1555 3428 1598 natura
3489 1556 3611 1614 post

2035 1626 2288 1692 primam,
2345 1629 2582 1684 secunda
2619 1631 2846 1694 lumina,
2884 1633 3128 1701 prituarii
3179 1634 3406 1690 luminis
3449 1637 3607 1701 radii,

2034 1718 2279 1788 aliosque.
2320 1721 2482 1790 primi
2515 1725 2737 1776 luminis
2770 1724 3182 1790 inlluxionihus,
3216 1743 3278 1781 ac
3306 1729 3455 1783 velut
3485 1745 3610 1785 sca.

1967 1793 2008 1848 Β
2039 1812 2273 1879 turigine
2302 1814 2702 1870 collustranles.
2733 1815 2968 1886 Angelos
3001 1835 3165 1889 porro
3193 1821 3352 1890 primi
3387 1822 3611 1877 luminis

2034 1904 2210 1957 rivum
2264 1914 2317 1960 et
2349 1907 2826 1976 participationem
2875 1911 3110 1980 appello,
3149 1927 3256 1965 non
3297 1915 3606 1967 secundum

2034 2003 2311 2060 naturam,
2342 2010 2532 2050 verum
2564 1999 2866 2052 secundum
2908 1997 3255 2067 splendorem
3284 2008 3447 2068 atque
3479 1999 3608 2053 illu-

2033 2087 2390 2142 minatiouem
2447 2102 2477 2142 a
2528 2087 2642 2142 Deo
2694 2090 3049 2159 profluentem
3083 2108 3096 2144 :
3129 2091 3304 2144 rivum
3360 2093 3605 2162 quidem,

2031 2180 2160 2248 quia
2199 2196 2266 2234 ex
2299 2179 2408 2234 Deo
2452 2179 2540 2234 lux
2581 2181 2713 2251 ipsis
2751 2181 3082 2244 infunditur,
3130 2185 3605 2254 participationem

2033 2281 2242 2337 autem,
2275 2271 2404 2341 quia
2440 2271 2756 2341 ltujusmodi
2796 2275 3056 2343 splendor
3098 2275 3230 2345 ipsis
3271 2277 3607 2345 impertitur.

2031 2367 2109 2420 Ac
2135 2366 2257 2420 vide
2278 2367 2744 2436 quemadmodum
2778 2367 2830 2421 in
2863 2370 3072 2440 angelis
3110 2385 3328 2439 quoque
3363 2379 3634 2424 contem--

2030 2456 2201 2526 platio
2257 2466 2312 2511 et
2372 2458 2517 2512 actio
2557 2459 2790 2513 eluceat.
2849 2457 3046 2514 Mentis
3101 2460 3248 2514 enim
3310 2463 3376 2515 ad
3439 2462 3606 2515 Deum

2031 2539 2314 2594 subvectio
2362 2555 2427 2594 ac
2473 2540 2676 2596 defixio
2725 2542 3120 2611 contemplatio
3172 2553 3278 2609 est,
3316 2559 3413 2613 per
3443 2560 3607 2614 quam

2030 2635 2096 2686 ad
2135 2631 2302 2686 Deum
2335 2631 2678 2690 eﬂ‘eruntur:
2706 2633 3071 2688 ministerium
3103 2649 3230 2689 vero
3254 2645 3422 2705 atque
3448 2635 3610 2690 obse-

2029 2726 2219 2795 quium
2253 2725 2398 2780 actio
2436 2734 2542 2789 cst,
2573 2740 2669 2795 per
2707 2741 2872 2794 quem
2907 2727 3106 2780 divina:
3137 2727 3322 2796 gloriae
3355 2728 3605 2782 celebra-

2028 2819 2184 2884 tioni,
2229 2818 2463 2887 aliisque
2505 2820 2831 2874 muneribus
2884 2833 2938 2874 et
2984 2820 3176 2875 ciliciis
3228 2821 3606 2879 subserviunt.

2028 2910 2298 2978 Quoniam
2327 2921 2510 2966 autem
2541 2911 2594 2965 in
2626 2912 2948 2968 cmlestilus
2972 2913 3299 2969 hierarchiis
3332 2913 3608 2967 illumina-

2030 2999 2237 3051 tionum
2269 2998 2612 3053 diversitates
2654 3000 2950 3063 exsistunt,
2993 3017 3098 3054 non
3130 3017 3193 3055 ex
3229 3004 3509 3071 proposito
3549 3013 3604 3058 et

2030 3088 2332 3154 voluntate,
2372 3089 2464 3143 sed
2499 3105 2566 3143 ex
2593 3098 2810 3155 natura,
2841 3101 3004 3161 atque
3035 3091 3125 3145 alii
3157 3091 3397 3145 divinam
3427 3094 3602 3146 lucem

2033 3180 2202 3247 magis
2241 3178 2529 3244 complecti
2575 3194 2640 3234 ac
2699 3181 2936 3235 retinere
2990 3190 3246 3250 possunt,
3278 3181 3366 3234 alii
3419 3181 3604 3236 minus

2028 3273 2188 3342 (adeo
2241 3282 2302 3326 ut
2342 3273 2418 3326 illi
2469 3273 2809 3336 immediate,
2853 3272 3035 3344 quoad
3088 3273 3206 3338 ejus
3241 3273 3356 3329 fieri
3400 3284 3598 3345 potest,

2028 3378 2154 3418 cum
2211 3377 2278 3418 eo
2329 3374 2656 3428 versentur,
2709 3364 2762 3418 hi
2827 3375 3008 3419 autem
3059 3366 3360 3434 primorum
3435 3380 3599 3434 opera

2028 3456 2441 3521 collustrantur,
2482 3457 2555 3510 ita
2597 3457 2859 3510 nimirum
2898 3456 2966 3511 ab
2994 3455 3114 3509 aliis
3151 3456 3217 3510 ad
3251 3457 3387 3512 alios
3431 3466 3530 3510 Ira;
3557 3474 3606 3511 s-

2029 3549 2198 3604 missa
2230 3559 2286 3603 et
2313 3549 2538 3620 trajecta
2567 3549 2988 3614 illuminatione,
3025 3564 3054 3603 a
3091 3551 3288 3618 primis
3324 3566 3500 3620 usque
3538 3553 3604 3604 ad

2027 3643 2353 3709 extremos),
2397 3639 2664 3694 addubito
2696 3649 2858 3710 atque
2891 3641 3133 3695 incertus
3186 3656 3309 3696 sum
3357 3643 3487 3709 quid
3520 3643 3608 3694 di-

2027 3745 2171 3793 cam,
2229 3746 2320 3802 an.
2347 3731 2558 3787 scilicet
2603 3747 2705 3801 pro
2759 3731 2954 3786 classis
3007 3741 3060 3786 et
3107 3732 3359 3788 stationis
3410 3733 3606 3788 ordine

2029 3821 2483 3875 illuminatiouem
2527 3821 2822 3889 accipiant,
2856 3835 2924 3874 au
2969 3830 3156 3874 contra
3191 3836 3290 3890 pro
3326 3821 3603 3876 illumina-

2030 3913 2196 3967 tiouis
2245 3911 2410 3966 modo
2455 3913 2704 3966 ordinem
2761 3927 2922 3966 suum
2978 3913 3236 3966 habeant.
3283 3911 3395 3966 Hoc
3453 3923 3605 3968 certe

2027 4004 2174 4067 dico,
2216 4005 2471 4060 caelestes
2519 4013 2573 4060 et
2614 4006 2800 4058 beatas
2849 4011 3084 4067 mentes,
3141 4011 3422 4072 propterea
3454 4003 3604 4071 quod

2027 4095 2139 4150 Deo
2189 4096 2512 4166 propinquae
2578 4095 2690 4150 sint
2760 4094 3061 4164 primaeque
3123 4093 3358 4162 primum
3417 4094 3604 4148 lumen

2029 4188 2308 4248 hauriant,
2343 4201 2409 4242 ac
2450 4187 2803 4256 purissimum
2852 4186 3002 4241 illinc
3050 4185 3400 4254 splendorem
3461 4185 3607 4237 acci-

2026 4280 2200 4350 piant,
2238 4279 2460 4334 uberius
2503 4295 2722 4349 quoque
2764 4277 2996 4334 fortasse
3045 4287 3100 4332 et
3143 4276 3422 4347 copiosius
3477 4275 3606 4330 illit-

2028 4373 2190 4428 stt-ari
2224 4389 2238 4426 :
2266 4372 2514 4442 aliosque
2549 4372 2655 4426 alio
2684 4373 2843 4425 modo
2882 4386 2980 4441 pro
3023 4369 3295 4440 cujusque
3327 4379 3518 4423 natura
3551 4378 3607 4424 et

350 4461 499 4516 modi
535 4478 657 4519 esse
687 4471 868 4534 queat.
899 4465 1158 4532 Purgatio
1196 4467 1342 4522 enim
1373 4468 1440 4522 ad
1474 4469 1919 4540 imaginationem
1957 4460 2004 4518 D
2030 4464 2222 4519 ordine
2271 4465 2594 4519 illuminari.
2631 4462 2876 4519 Tertium
2933 4464 3115 4518 lumen
3165 4463 3329 4516 homo
3371 4470 3474 4525 est,
3509 4462 3602 4530 qui

349 4552 628 4622 animique
679 4554 944 4610 visionem
996 4557 1282 4625 subvehit,
1326 4558 1429 4614 hoc
1477 4569 1595 4624 est,
1649 4563 1792 4615 actio
1854 4563 1920 4617 ad

350 4648 898 4718 contemplationem,
941 4651 1262 4721 imaginatio
1313 4663 1497 4709 autem
1557 4655 1622 4709 ad
1679 4671 1922 4711 amorem

349 4737 514 4807 erigit
566 4750 783 4808 propter
841 4743 1172 4812 voluptatem
1228 4745 1494 4804 divinitus
1555 4763 1922 4806 emanantem.

348 4831 521 4886 Amor
549 4833 786 4902 denique
826 4833 893 4888 ad
933 4834 1370 4906 intelligentiam,
1401 4853 1538 4907 qua!
1571 4839 1925 4910 imaginatio-

352 4937 477 4975 nem
516 4923 752 4992 puritate
780 4934 832 4978 et
865 4926 1253 4994 perspicuitate
1292 4931 1587 4985 antecedit.
1624 4930 1820 5000 Atque,
1861 4939 1920 4986 tit

350 5028 469 5068 rem
520 5014 666 5069 brevi
717 5017 1091 5085 complectar,
1133 5029 1398 5088 quantum
1456 5022 1691 5090 quisque
1735 5032 1918 5088 amat,

351 5114 566 5160 tantum
617 5111 836 5176 quoque
877 5110 1052 5163 cernit
1102 5121 1268 5178 atque
1315 5111 1565 5177 intelligit
1609 5123 1921 5183 :quautum

353 5213 551 5253 rursus
594 5198 865 5268 intelligit,
930 5209 1141 5254 tantum
1198 5202 1362 5256 etiam
1420 5212 1567 5256 autat
1602 5220 1616 5256 :
1651 5215 1811 5274 atque
1851 5207 1922 5258 ita

354 5289 582 5358 pulchre
627 5290 716 5345 hic
764 5291 915 5346 orbis
963 5291 1220 5346 volvitur.
1265 5290 1505 5345 Movetur
1549 5299 1730 5346 autem
1782 5294 1926 5348 Deus

356 5382 442 5435 sui
486 5383 660 5452 ipsius
698 5383 1182 5452 contemplatione,
1211 5391 1373 5452 atque
1403 5383 1521 5452 ipse
1559 5398 1590 5437 a
1633 5399 1694 5439 se
1734 5388 1926 5455 cogni-

357 5475 506 5529 tione
537 5475 1023 5544 comprehenditur
1055 5491 1072 5530 :
1105 5475 1171 5529 ad
1193 5483 1416 5529 externa
1448 5489 1576 5530 vero
1599 5491 1695 5545 per
1725 5475 1928 5530 illumi-

357 5566 636 5619 nationem
662 5581 825 5637 parce
849 5565 1173 5621 diﬂ‘uuditur
1201 5584 1214 5618 :
1251 5581 1347 5620 nec
1374 5574 1584 5621 tantum
1620 5582 1803 5637 parce,
1829 5568 1923 5624 sed

425 5737 493 5770 ¹⁰⁶
517 5735 650 5794 Luc.
686 5753 776 5804 xv,
807 5739 858 5795 7.
933 5739 978 5772 "
1002 5737 1194 5796 Matth.
1223 5755 1274 5806 v,
1319 5741 1406 5796 Ν.

2028 4555 2198 4609 etiam
2231 4555 2374 4624 apud
2405 4555 2665 4625 profanos
2689 4564 2947 4609 auctores
2977 4554 3095 4622 φῶς
3125 4553 3348 4614 dicitur,
3382 4554 3452 4607 ob
3483 4568 3602 4605 eam

2025 4645 2265 4702 fortasse
2295 4663 2540 4712 causam,
2573 4647 2701 4718 quia
2734 4648 2946 4702 ratione
2971 4646 3181 4716 praediti
3217 4661 3429 4700 sumus.
3468 4644 3603 4700 Nam

2029 4745 2174 4810 quod
2209 4740 2403 4794 oculus
2434 4751 2518 4795 est
2544 4740 2598 4793 iu
2635 4754 2888 4808 corpore,
2923 4738 3026 4792 hoc
3056 4751 3212 4791 mens
3251 4746 3304 4790 et
3343 4738 3482 4790 ratio
3521 4749 3606 4790 est

2030 4833 2084 4886 in
2134 4833 2337 4894 anima,
2388 4841 2574 4900 utpote
2617 4845 2736 4885 eam
2773 4829 2979 4883 lumine
3029 4827 3380 4897 perfundens.
3429 4828 3604 4896 Λόγον

2026 4922 2170 4977 enim
2205 4931 2425 4976 mentem
2458 4933 2648 4986 vocat;
2680 4920 2761 4974 vel
2808 4919 2970 4973 etiam
3006 4933 3101 4987 per
3129 4917 3288 4983 λόγον
3312 4933 3604 4970 sermonem

2030 5013 2310 5082 intelligit.
2339 5009 2474 5066 Nam
2509 5012 2597 5066 hic
2631 5026 2848 5081 quoque
2875 5009 3091 5064 abditas
3125 5018 3288 5078 atque
3317 5009 3606 5063 abstrusas

2032 5103 2328 5171 animoque
2374 5103 2616 5157 inclusas
2663 5101 3024 5171 cogitationes
3066 5101 3121 5154 in
3162 5101 3339 5155 lucem
3372 5098 3603 5169 profert.

2032 5195 2153 5250 Jam
2191 5201 2331 5252 inter
2371 5197 2622 5253 homines
2659 5213 2880 5268 quoque
2920 5198 2956 5251 ii
2993 5197 3086 5268 qui
3118 5211 3214 5267 per
3245 5197 3500 5250 virtutem
3535 5197 3602 5249 ad

2030 5289 2200 5344 Deum
2269 5291 2497 5360 prepius
2549 5290 2858 5355 accedunt,
2923 5289 3106 5342 lumen
3182 5289 3478 5350 dicuntur,
3544 5297 3604 5340 ut

2028 5381 2326 5437 deifortnes
2352 5399 2417 5437 ac
2447 5383 2538 5438 Dei
2567 5382 2983 5439 similitudinem
3010 5381 3244 5435 assecuti
3273 5380 3415 5434 velut
3440 5379 3606 5432 disci-

2030 5476 2168 5545 puli,
2201 5475 2265 5528 ad
2297 5491 2435 5544 quos
2472 5477 2677 5529 dictum
2729 5485 2854 5529 est:
2900 5473 3002 5528 Vos
3047 5475 3172 5526 estis
3207 5475 3296 5526 lita:
3332 5471 3514 5524 mundi
3537 5470 3604 5524 “.

2029 5567 2295 5622 Caeterum
2334 5565 2478 5623 Deus
2511 5569 2727 5639 proprie
2775 5567 2864 5622 lux
2927 5574 3044 5627 est;
3101 5564 3274 5634 angeli
3323 5571 3503 5614 autem
3550 5567 3606 5613 et
