4100 6478
487 377 622 443 1251

1866 375 2248 438 ADDENDA.

3613 383 3756 443 1252

473 491 728 546 hornincs
753 487 1066 560 improprie,
1091 486 1398 558 quippequt
1425 481 1727 540 secundum
1757 500 2052 564 supernam
2090 501 2128 546 Α
2165 485 2342 548 ιιυιηιι,
2379 483 2588 538 interna
2645 487 2894 542 videlicet
2942 486 3186 543 claritate
3241 489 3306 543 ad
3363 504 3480 543 eam
3537 507 3758 561 quoque

481 565 906 638 illustrationem
957 579 1260 650 gratiaeque
1321 577 1728 648 perceptionem
1790 576 1894 629 hoc
1945 576 2060 628 clli-

482 675 728 728 ciuntur.
782 673 957 740 Atque
1008 673 1122 725 lucc
1169 669 1392 740 quidem
1448 669 1654 723 lumina
1711 679 1950 723 mentem
2007 687 2060 722 (ν.

484 767 750 820 rationem
791 765 1010 818 habent.
1063 765 1157 817 Est.
1195 775 1378 816 autem
1422 770 1476 816 et
1524 761 1668 815 aliud
1703 762 1886 814 lumen
1923 761 2059 813 alte-

481 857 596 912 rius
630 867 863 918 naturzc,
903 856 1164 909 nimirum
1195 855 1406 910 ratione
1438 863 1600 922 atque
1634 853 1812 906 anima
1844 841 2058 918 carens,

481 963 578 1018 per
623 949 768 1018 quod
806 956 858 1001 et
893 947 1209 1016 primigcna:
1235 945 1472 1000 tenebrae
1500 945 1738 1013 depulsm
1775 953 1922 1004 sunt.
1957 943 2060 998 hoc

478 1052 586 1106 est,
635 1041 704 1094 ad
753 1049 970 1109 tempus
1016 1038 1236 1108 fugatas,
1275 1050 1354 1101 et,
1398 1046 1456 1090 ttt
1492 1036 1788 1091 dilucidius
1839 1037 2057 1107 loquar,

482 1131 778 1184 intercisaz.
813 1127 959 1182 Luce
993 1131 1139 1182 enim
1192 1125 1632 1182 substantialitcr
1675 1135 1882 1188 creata,
1919 1138 1971 1181 et
2002 1126 2056 1180 in

481 1237 664 1276 rerum
716 1233 968 1274 naturam
1022 1219 1304 1289 producta,
1356 1219 1422 1272 ad
1483 1227 1700 1288 tempus
1757 1217 2057 1272 intersecta

479 1315 660 1384 caligo
693 1323 797 1367 est.
836 1311 1098 1367 Tenebrae
1142 1311 1286 1364 enim
1323 1311 1466 1366 cmlo
1519 1321 1573 1364 et
1625 1321 1782 1364 terra:
1814 1324 1910 1378 per
1959 1310 2062 1362 ob-

477 1406 772 1476 jectionem
810 1405 952 1458 velut
995 1403 1384 1468 subsistentes,
1417 1403 1706 1458 recedente
1739 1417 1930 1456 rursus
1979 1401 2064 1454 lu-

482 1499 631 1554 mine
669 1499 927 1563 subeunt,
959 1513 1024 1552 ac
1056 1498 1321 1566 deinceps
1362 1496 1602 1550 medium
1641 1507 1852 1565 tempus
1887 1495 2058 1548 inter-

481 1591 719 1660 cipiente
754 1590 843 1644 die
877 1589 1126 1650 redeunt,
1177 1604 1241 1643 ac
1289 1587 1384 1657 per
1413 1589 1589 1642 lucem
1636 1603 1852 1656 semper
1891 1586 2056 1640 inter-

478 1691 760 1743 secantur.
789 1681 1143 1750 vicissimque
1173 1680 1393 1736 cedunt.
1427 1679 1756 1750 Quanquam
1787 1690 1966 1734 autem
2001 1687 2056 1734 et

479 1775 573 1828 lux
639 1781 694 1826 et
752 1773 994 1827 tenebrae
1042 1772 1358 1842 pritnigetne
1404 1771 1703 1835 dicantur,
1761 1779 1940 1824 tamen
1998 1770 2048 1824 id

2167 576 2460 641 transfusa,
2505 576 2966 646 quemadmodum
2999 588 3052 633 et
3086 580 3137 632 itt
3168 575 3338 632 Exodi
3369 580 3510 632 libro
3544 598 3758 636 memo-

2166 669 2260 721 rize
2295 669 2574 738 proditum
2615 669 2778 723 est".
2833 670 2930 724 L'hi
2987 671 3090 724 hoc
3130 675 3293 724 etiam
3327 672 3564 726 habetur
3609 675 3756 744 quod

2167 757 2341 814 Moses
2372 761 2546 830 ignem
2581 761 2834 814 cernebat
2861 762 3054 816 rubum
3083 764 3425 832 adurentem,
3445 781 3544 819 nec
3569 777 3754 825 tamen

2164 851 2444 906 adurendo
2475 865 2886 909 consumentem
2919 855 2986 920 ’⁸,
3025 866 3083 910 ut
3113 857 3325 911 scilicet
3386 873 3453 912 cx
3483 874 3568 920 co,
3602 861 3753 928 quod

2162 943 2446 1010 adurebat,
2484 945 2623 1014 ignis
2662 955 2856 998 natura
2903 945 3276 1000 declararetur
3309 965 3323 1001 :
3351 962 3418 1000 ex
3455 963 3520 1001 eo
3567 961 3751 1003 autent

2162 1037 2304 1107 quod
2345 1054 2450 1091 non
2483 1039 2835 1106 absumebat,
2870 1039 2948 1092 vis
2979 1040 3123 1095 illius
3145 1049 3196 1094 et
3221 1041 3459 1110 potentia
3494 1044 3755 1097 esti-nde—

2162 1141 2332 1194 retur,
2357 1133 2447 1200 qui
2502 1131 2606 1185 vim
2641 1133 2781 1202 ignis
2821 1133 3066 1187 frenabat
3094 1141 3147 1185 et
3183 1133 3596 1195 (τοιιιῃι’ἱιιι(·ι›.ιι.
3642 1131 3755 1191 ΙΙ;-ο

2167 1222 2328 1294 igitur
2389 1225 2600 1278 ratione
2655 1225 2878 1296 angelus
2921 1240 3139 1294 quoque
3187 1226 3366 1280 lumen
3407 1237 3512 1290 est,
3566 1237 3754 1298 utpote

2161 1313 2337 1384 igi.is:
2365 1313 2470 1380 Qui
2500 1316 2649 1384 facit,
2687 1317 2882 1385 inquit,
2913 1317 3128 1386 angelus
3149 1334 3268 1371 suos
3301 1320 3542 1387 spiritus,
3577 1330 3624 1373 et
3653 1323 3750 1374 mi-

2160 1407 2351 1460 nistros
2382 1424 2504 1461 suos
2548 1409 2714 1480 ignem
2748 1410 3072 1463 urentem".
3110 1407 3396 1480 Proprium
3434 1414 3576 1466 enim
3605 1413 3743 1482 ign’s

2165 1497 2346 1552 lumen
2381 1509 2483 1553 est.
2539 1498 2680 1564 Quin
2731 1499 2914 1554 lumen
2943 1501 3109 1554 etiam
3133 1509 3271 1568 erat,
3305 1501 3355 1555 id
3389 1503 3534 1572 quod
3568 1503 3616 1556 in
3650 1521 3744 1556 to-

2159 1581 2344 1638 lutnna
2377 1586 2516 1656 ignis
2543 1586 2595 1640 in
2623 1587 2838 1641 deserto
2855 1585 3056 1643 Judteis
3075 1590 3177 1642 iter
3202 1591 3702 1658 praemonstrabat"
3731 1609 3748 1648 :

2163 1675 2230 1731 de
2257 1693 2366 1746 quo
2391 1686 2444 1730 et
2473 1677 2643 1732 David
2679 1678 2840 1732 verba
2874 1678 3103 1744 faciens,
3164 1679 3240 1734 ait
3276 1696 3290 1733 :
3327 1677 3607 1734 Deduxisti
3662 1697 3751 1736 eos

2159 1767 2213 1820 in
2238 1768 2368 1822 nube
2401 1769 2527 1830 diei,
2573 1779 2621 1822 et
2653 1781 2762 1822 tota
2795 1782 2946 1822 nocte
2983 1772 3035 1824 in
3066 1771 3458 1826 illuminotione
3507 1774 3642 1843 igrzis
3677 1775 3749 1830 ²⁹ο

481 1863 820 1918 discriminis
847 1873 953 1929 est,
985 1863 1132 1931 quod
1159 1863 1274 1926 lux,
1307 1873 1362 1918 ut
1389 1862 1823 1918 substantialiter
1853 1871 2054 1928 creata,
2091 1853 2128 1906 Β
2158 1855 2276 1912 Jatn
2324 1876 2450 1913 vero
2477 1874 2673 1930 quarto
2709 1859 2915 1933 Regum
2955 1863 3091 1916 libro
3119 1863 3365 1930 habetur,
3389 1863 3534 1933 quod
3560 1867 3754 1934 igneis

479 1957 556 2010 ita
605 1966 871 2012 vocatur:
907 1957 1146 2010 tenebrae
1194 1965 1398 2022 autem,
1441 1965 1500 2010 ut
1553 1956 1864 2010 adventitite
1903 1966 1958 2011 et
1999 1957 2052 2011 in

475 2047 785 2101 substantia
835 2048 1184 2104 exsistentes.
1237 2047 1425 2118 Caligo
1473 2048 1620 2103 enim
1658 2049 1915 2104 accidens
1949 2058 2054 2113 est.

476 2153 579 2192 nec
603 2139 903 2209 quidquam
935 2140 1081 2195 aliud
1115 2155 1280 2209 quam
1311 2139 1536 2193 luminis
1562 2139 1818 2210 privatio.
1847 2137 2054 2195 Lumen

475 2240 658 2284 autem
695 2232 798 2286 hoc
831 2232 951 2287 loco
981 2233 1126 2295 dico,
1161 2233 1214 2286 id
1256 2231 1402 2301 quod
1452 2246 1559 2285 non
1590 2241 1718 2286 ante
1748 2247 1834 2286 res
1865 2247 2054 2288 omnes

479 2324 530 2396 in
584 2339 806 2376 sensum
865 2325 1122 2378 cadentes
1167 2324 1494 2392 productum
1545 2332 1648 2386 est,
1690 2338 1876 2376 verum
1931 2334 2056 2377 aute

475 2425 756 2469 creaturas
810 2432 902 2484 per
956 2417 1134 2486 ipsum
1191 2417 1516 2485 conspicuas
1573 2426 1628 2468 et
1673 2415 2048 2484 aspectabiles.

474 2506 686 2562 Casium
743 2508 887 2562 enim
934 2517 990 2562 et.
1034 2516 1200 2572 terra,
1253 2522 1399 2578 aqua
1451 2518 1504 2562 et
1548 2523 1666 2570 aer,
1717 2517 1793 2572 et,
1842 2516 1902 2564 ut
1945 2523 2052 2562 uno

475 2598 646 2650 verho
677 2597 880 2661 dicam,
913 2599 1096 2654 omnia
1140 2612 1262 2666 qua:
1291 2613 1398 2654 non
1433 2613 1497 2652 ex
1532 2599 1852 2667 subjaceutc
1881 2609 2052 2654 mate-

475 2684 558 2736 ria
589 2697 771 2738 creata
825 2693 954 2738 sunt
983 2693 1110 2738 ante
1142 2685 1321 2738 lucem
1354 2687 1700 2746 exstiterunt,
1732 2700 1796 2738 ac
1823 2685 2052 2754 proinde

473 2791 574 2830 nec
603 2777 752 2830 cerni
779 2785 1051 2845 poterant,
1088 2787 1275 2844 utpote
1309 2777 1448 2830 lucis
1480 2777 1750 2847 expertia.
1779 2775 2047 2842 Quoniam

471 2877 655 2921 autem
705 2868 1002 2924 orbiculari
1049 2867 1220 2938 figura
1274 2871 1472 2922 coelum
1527 2876 1632 2936 est,
1685 2884 1752 2923 ac
1795 2868 2048 2923 circulari

471 2972 619 3014 motu
665 2959 862 3026 fertur,
914 2977 1022 3014 non
1073 2960 1312 3014 absurde
1355 2975 1420 3014 ac
1464 2957 1810 3014 dissentauee
1859 2975 2049 3015 assero

469 3051 651 3104 silcra
719 3067 938 3122 quoque
985 3053 1326 3107 circularitcr
1392 3051 1546 3118 ferri,
1607 3051 1869 3110 universo
1927 3053 2046 3109 orbi

471 3145 650 3197 lucem
683 3153 737 3198 et
765 3145 1110 3214 splendorem
1152 3144 1454 3200 all‘erentia.
1701 3139 1706 3145 ’

537 3235 654 3290 Col.
693 3237 798 3289 565
829 3236 891 3290 D.
941 3237 1066 3290 Jam
1097 3237 1272 3292 lunten
1331 3237 1495 3291 etiam
1522 3244 1636 3290 erat
1699 3237 2049 3308 primigenum

466 3325 604 3378 illud
631 3328 962 3390 mandatum,
987 3338 1094 3384 etc.
1123 3327 1332 3382 Lumen
1371 3328 1534 3382 etiam
1567 3335 1686 3384 erat
1725 3330 1960 3398 primum
1993 3330 2050 3382 il-

467 3417 558 3469 lud
581 3428 930 3485 putrer-ptum,
963 3419 1105 3486 quod
1143 3418 1320 3485 primo
1367 3417 1570 3472 homini
1602 3420 1787 3476 datum
1813 3427 1916 3484 est,
1969 3431 2048 3473 ut-

468 3519 597 3576 pote
618 3509 959 3578 splendorem
991 3510 1279 3578 quemdam
1300 3509 1366 3563 ad
1398 3525 1577 3564 rerum
1603 3509 2046 3581 dijudicationcm

469 3599 810 3666 impertiens,
837 3600 992 3669 juxta
1029 3602 1078 3656 id
1109 3603 1252 3670 quod
1290 3616 1320 3656 a
1365 3602 1658 3658 Salomone
1679 3600 1890 3658 'dictum
1917 3615 1999 3658 est
2032 3623 2046 3659 :

468 3690 711 3746 Lucerna
759 3703 809 3746 et
835 3695 1008 3747 lumen
1057 3695 1368 3750 mandatum
1403 3697 1530 3767 legis
1563 3708 1641 3752 est
1667 3700 1749 3765 ⁸²;
1797 3707 1852 3754 et
1893 3699 2047 3769 juxta

469 3782 598 3838 illud
654 3783 870 3838 Davidis
914 3803 926 3838 :
969 3783 1212 3839 Lucerna
1238 3786 1456 3855 pedibus
1507 3788 1637 3842 meis
1687 3788 1773 3844 (ea:
1827 3797 1940 3854 tua,
1997 3799 2047 3843 et

463 3879 642 3930 lumen
673 3877 872 3930 sentitis
895 3881 995 3931 mei
1019 3878 1100 3942 ”;
1141 3887 1306 3948 atque
1337 3879 1498 3932 etiam
1521 3879 1681 3948 juxta
1708 3879 1759 3934 id
1789 3881 1933 3950 quod
1965 3891 2048 3934 est.

463 3965 606 4034 apud
645 3963 862 4030 Isaiam,
906 3977 1171 4037 praecepta
1207 3968 1297 4023 Dei
1331 3971 1512 4026 lumen
1564 3979 1691 4024 sunt
1717 3973 1769 4024 in
1809 3981 1950 4026 terra
1976 3973 2042 4029 ".

464 4053 673 4110 Lumen
709 4057 877 4128 igitur
923 4068 1040 4112 erat
1070 4059 1387 4114 mandatum
1444 4059 1562 4114 Dei.
1605 4059 1805 4114 Verum
1860 4062 2044 4116 furtim

460 4144 707 4214 irrepens
737 4147 1421 4218 atqueingretliensinvtda
1445 4151 1618 4222 caligo
1643 4153 1769 4224 (hoc
1787 4161 1897 4217 est,
1929 4153 2046 4208 dia-

461 4230 644 4302 holus)
693 4235 890 4290 vitium
936 4237 1194 4292 fabricata
1246 4249 1348 4293 cst.
1401 4237 1586 4308 Neque
1641 4242 1784 4296 enim
1841 4244 2042 4297 malum

461 4325 763 4378 substantia
838 4327 942 4380 ulla
1001 4341 1102 4394 est,
1148 4331 1241 4384 sed
1303 4331 1426 4385 boni
1467 4333 1698 4402 privatio
1731 4351 1746 4387 :
1779 4335 2042 4403 quemad-

460 4413 686 4468 modum
721 4426 775 4470 et
814 4418 1049 4473 tenehr.e
1073 4421 1298 4476 luminis
1323 4438 1591 4480 recessus.
1621 4422 1734 4479 Non
1770 4427 1914 4480 enim
1937 4427 2040 4480 alia

2165 1967 2363 2006 currus
2399 1953 2568 2008 Eliam
2608 1955 2660 2008 itt
2703 1956 2900 2010 malum
2938 1954 3166 2025 arripuit
3189 1955 3257 2022 ",
3287 1955 3542 2008 nimirum
3573 1955 3752 2027 signi-

2163 2043 2332 2098 ficans
2363 2041 2496 2114 justi
2535 2045 2698 2116 hujus
2743 2045 2842 2098 viri
2871 2043 3223 2098 excellentem
3259 2044 3536 2108 virtutem,
3583 2054 3753 2114 atque

2163 2134 2395 2190 humana
2421 2135 2736 2190 conditione
2768 2136 3168 2190 sublimiorem.
3191 2134 3419 2206 Insuper
3455 2137 3600 2208 apud
3639 2135 3753 2190 Lu-

2161 2241 2278 2280 cam
2307 2228 2572 2298 scriptum
2599 2235 2705 2296 est,
2731 2227 2874 2298 quod
2907 2227 2997 2282 lux
3027 2238 3272 2295 pastores
3293 2228 3746 2298 circuml’u'serit,

2161 2319 2381 2388 quando
2417 2321 2601 2374 lumen
2641 2320 2901 2389 temporis
2948 2335 3165 2388 expers,
3199 2319 3252 2376 id
3277 2331 3384 2384 est,
3417 2320 3513 2375 Dei
3549 2319 3746 2388 Filius,

2163 2411 2442 2480 temporali
2497 2410 2712 2480 lumini,
2768 2412 2871 2466 hoc
2913 2420 2999 2466 est
3045 2411 3367 2466 humanitati
3421 2411 3748 2480 conjuncttts

2159 2499 2326 2555 est".
2391 2499 2456 2554 Et
2515 2518 2638 2555 cum
2681 2502 2906 2572 simplex
2960 2502 3125 2556 homo
3179 2503 3360 2558 lumen
3410 2503 3742 2569 nominetur,

2159 2591 2357 2645 nedum
2391 2593 2588 2646 eximia
2641 2601 2693 2646 et
2743 2574 2926 2647 divina
2981 2592 3178 2648 virtute
3229 2592 3486 2662 prwditus
3517 2609 3530 2646 :
3566 2595 3745 2649 multo

2159 2694 2304 2740 certe
2345 2686 2517 2756 magis
2562 2687 2745 2740 lumen
2783 2687 2871 2740 ille
2909 2687 3014 2740 diti
3047 2688 3224 2752 debet,
3267 2689 3357 2757 qui
3397 2688 3506 2742 Deo
3551 2690 3740 2744 unitus

2157 2786 2259 2839 est,
2296 2787 2456 2846 atque
2481 2777 2595 2846 ipsa
2631 2779 2828 2831 unione
2860 2778 3000 2832 Deus
3039 2778 3286 2833 ell'ectus.
3339 2761 3540 2834 Adhzrc
3600 2779 3740 2833 Mat-

2161 2869 2332 2920 tha‘us
2366 2868 2416 2920 in
2451 2867 2744 2938 EVHIIgr-iiO
2770 2869 2983 2922 docet"
3015 2869 3253 2922 divinam
3303 2873 3406 2922 vim
3446 2886 3510 2925 ac
3544 2881 3738 2940 poten-

2159 2957 2284 3010 tiam
2327 2959 2377 3010 in
2404 2957 2568 3012 strll.e
2603 2962 2768 3028 ligura
2806 2958 2988 3028 Magos
3019 2960 3070 3013 itt
3097 2957 3368 3014 Bethleem
3397 2959 3635 3020 duxisse.
3676 2978 3742 3016 ac

2157 3046 2404 3100 Satelliis
2433 3063 2580 3100 more
2617 3049 2874 3116 stipasse,
2907 3049 3008 3101 hoc
3033 3057 3134 3112 est,
3185 3048 3367 3102 servili
3409 3048 3570 3102 nzodo
3603 3051 3741 3105 sob-

2157 3136 2431 3200 st-tviisse,
2461 3145 2512 3189 et
2545 3137 2822 3190 Christum
2862 3139 3188 3202 honorasse,
3224 3154 3385 3207 quem
3427 3156 3528 3208 ego
3553 3137 3738 3194 lumen

2157 3227 2314 3282 nobis
2373 3227 2666 3282 sublimius
2702 3245 2858 3294 voco,
2923 3229 3138 3284 etiamsi
3194 3231 3482 3285 nobiscum
3544 3231 3736 3288 fuerit.

2153 3317 2294 3384 Quin
2351 3319 2532 3374 lumen
2586 3321 2882 3375 etiamerat
2930 3321 3022 3375 ille
3079 3322 3378 3378 divinitatis
3455 3322 3633 3392 fulgor
3681 3325 3736 3378 in

2154 3421 2337 3466 monte
2363 3411 2580 3467 Thabor
2611 3413 2788 3469 obiter
2807 3413 3128 3483 patefactus,
3163 3429 3322 3484 quem
3354 3430 3454 3470 nec
3483 3413 3739 3486 discipuli

2155 3505 2326 3558 firmis
2358 3505 2532 3559 oculis
2573 3505 2786 3559 obtueri
2825 3513 3095 3576 poterant,
3155 3515 3340 3578 utpote
3391 3517 3592 3562 tantam
3625 3511 3738 3566 vim

2153 3595 2464 3656 habentem,
2501 3605 2559 3650 ut
2592 3609 2688 3652 nec
2709 3597 2954 3668 perferri,
2985 3614 3084 3654 nec
3113 3599 3312 3666 audiri,
3363 3617 3464 3655 nec
3511 3612 3735 3670 aS[cclll

2149 3691 2350 3758 percipi
2389 3689 2654 3759 posset”.
2697 3691 2899 3745 Lumen
2933 3694 3059 3746 item
3097 3694 3146 3745 id
3173 3705 3312 3760 erat,
3340 3695 3484 3765 quod
3503 3694 3734 3754 Paulum

2150 3782 2203 3835 in
2248 3783 2328 3836 via
2363 3783 2567 3836 lumine
2600 3783 2968 3849 circumfudit,
3013 3787 3467 3854 quemadmodum
3525 3787 3577 3842 in
3624 3791 3736 3844 Ac-

2151 3880 2304 3926 tuttm
2341 3873 2484 3927 libro
2527 3885 2990 3930 commemoratur
3012 3875 3079 3940 ³⁵,
3126 3876 3284 3946 cujus
3339 3878 3732 3934 cxuberantem

2149 3967 2492 4036 splendorem
2531 3969 2780 4022 carnales
2799 3968 2942 4024 oculi
2970 3985 3078 4024 non
3113 3967 3348 4026 ferentes
3378 3971 3450 4026 ita
3475 3978 3729 4029 esca-cati

2149 4069 2295 4118 Sttttt,
2324 4069 2380 4112 ut
2412 4057 2630 4113 interim
2657 4060 2852 4115 anima:
2878 4060 3114 4116 tenebrae
3144 4062 3342 4132 fugatae
3373 4079 3436 4118 ac
3465 4063 3729 4120 discussae

2151 4147 2372 4203 fuerint.
2425 4149 2526 4204 Per
2560 4151 2662 4204 hoc
2703 4149 2883 4205 lumen
2937 4153 3174 4223 cognitio
3205 4155 3382 4208 omnis
3421 4167 3472 4209 et
3499 4157 3728 4212 scientia

2146 4243 2434 4314 dett-gitur,
2475 4259 2537 4297 ac
2567 4241 2709 4297 Deus
2741 4259 2866 4297 vero
2909 4245 3108 4298 animis
3159 4245 3362 4300 nostris
3415 4246 3726 4304 innotescit.

2149 4333 2352 4388 Lumen
2382 4345 2639 4404 praetcrea
2665 4335 2879 4389 futurus
2900 4335 3174 4404 justorum
3207 4336 3486 4406 splendor.
3534 4337 3730 4410 Fulge-

2146 4429 2273 4480 bunt
2323 4429 2468 4481 enim
2525 4428 2660 4482 sicut
2705 4426 2787 4480 sol
2817 4425 2884 4494 ³³,
2951 4431 3403 4498 quemadmodum
3443 4426 3726 4499 Scriptura

459 4515 545 4558 est
567 4507 696 4560 mali
727 4509 1058 4576 substantia,
1085 4527 1248 4581 quam
1273 4514 1486 4570 virtutis
1516 4516 1795 4570 abcessus.
1829 4515 2034 4570 Lumen
2071 4525 2111 4578 ι)
2143 4519 2446 4592 pollicetur,
2467 4521 2560 4588 qui
2595 4519 2648 4572 in
2684 4517 2784 4574 hac
2804 4521 2909 4574 vita
2951 4519 3184 4573 animam
3212 4537 3242 4573 a
3280 4521 3534 4574 vitiorum
3566 4523 3727 4577 malis

457 4594 649 4649 itidem
679 4605 797 4652 erat
830 4599 914 4652 lex
949 4601 1172 4670 scripta,
1215 4613 1266 4657 et
1289 4603 1468 4657 lutucn
1515 4606 1749 4674 typicutn
1783 4619 1876 4659 seu
1907 4606 2042 4676 ligu-

458 4686 719 4750 rativum,
767 4700 952 4758 utpote
1023 4689 1302 4763 Evangelii
1353 4695 1633 4764 veritatem
1685 4695 2040 4760 adumbratis,

455 4798 690 4853 eamque
723 4786 868 4839 velut
911 4801 1004 4855 per
1030 4797 1381 4842 transennam
1435 4789 1748 4854 oStcudens,
1790 4806 1852 4844 ac
1900 4807 2036 4860 prte-

457 4889 603 4930 terea
630 4892 724 4948 per
751 4894 951 4946 agnum
980 4880 1194 4950 aliaque
1223 4881 1514 4940 sacriﬁcia.
1564 4881 1786 4945 Christi,
1831 4885 1922 4952 qui
1959 4885 2042 4962 lu:

456 4984 582 5023 men
613 4983 867 5040 maguum
903 4981 1005 5035 est,
1038 4987 1102 5026 ac
1136 4972 1338 5028 lumine
1371 4977 1519 5028 ωηιιὶ
1569 4974 1880 5039 sublimius,
1919 4966 2032 5046 my;

454 5059 682 5142 stet-ium
717 5063 1029 5132 designans.
1069 5065 1221 5130 Quod
1253 5077 1432 5142 autem
1467 5068 1647 5121 lumen
1691 5085 1908 5137 quoque
1948 5072 2030 5124 lex

455 5151 641 5219 fuerit,
670 5153 796 5206 hinc
826 5155 1110 5222 perspicue
1143 5157 1396 5228 colligere
1425 5158 1568 5210 licet.
1606 5159 1739 5212 Nam
1767 5177 1887 5212 cum
1917 5159 2031 5212 Μο-

457 5258 546 5299 ses
573 5259 692 5327 eam
717 5261 744 5296 a
781 5245 888 5301 Deo
915 5249 1171 5302 dictatam
1219 5250 1440 5303 intentis
1483 5251 1654 5306 oculis
1678 5253 2029 5322 respexisset,

457 5331 768 5402 Christique
815 5338 1072 5405 mysteria
1116 5339 1482 5406 cognovisset,
1545 5340 1808 5407 majorem
1844 5341 2028 5394 animo

457 5437 513 5480 et
557 5436 739 5480 mente
771 5425 1072 5495 splendoris
1127 5429 1397 5498 concepit,
1449 5445 1512 5484 ac
1564 5446 1662 5500 pro
1716 5433 2024 5498 hujusmodi

455 5516 800 5586 Splendorem
829 5520 986 5588 signo
1035 5526 1090 5573 et
1129 5531 1449 5589 argumento
1475 5522 1627 5580 faciei
1657 5526 1885 5596 gloriam
1925 5525 2022 5580 ha-

520 5651 567 5681 "
598 5650 761 5704 Prov.
794 5668 864 5714 vt,
897 5653 985 5706 25.
1063 5653 1111 5685 "
1141 5654 1280 5712 Psal.
1303 5673 1487 5719 cxvttt.
1539 5659 1661 5715 105.

449 5721 663 5793 gitt,4._
719 5722 763 5752 "
787 5722 957 5776 Exod.
995 5724 1218 5787 xttt,2l.
1293 5731 1336 5758 ’³
1367 5730 1486 5784 Psal
1536 5735 1841 5793 t.xxvn,1t.

453 5789 498 5819 ³³
519 5790 707 5846 Matth.
743 5806 874 5854 xvtt,
907 5794 927 5844 1
965 5809 1117 5862 seqq.
1197 5796 1241 5827 ³⁸
1269 5801 1387 5854 Act.
1424 5817 1495 5865 ix,
1531 5802 1582 5854 5.

1737 5663 1781 5693 ⁸⁵
1807 5660 1906 5716 lsa.
1953 5678 2010 5720 Il.
2049 5663 2102 5716 5.

1966 5733 2010 5764 *°
2035 5733 2100 5786 IV
2136 5733 2264 5804 Reg.
2292 5749 2352 5790 lt.
2379 5736 2408 5804 il
2429 5735 2474 5786 Ι.

1661 5804 1706 5833 ³⁵
1735 5803 1922 5858 Matth.
1960 5819 2072 5868 xm,
2121 5805 2209 5858 45.

2141 4612 2432 4680 cxpiazint,
2467 4627 2531 4665 ac
2565 4611 2856 4665 dcifortnes
2888 4610 3138 4681 appellati
3170 4609 3392 4679 fuerint,
3422 4612 3488 4664 de
3522 4613 3725 4680 quibus

2145 4705 2309 4758 David
2354 4705 2420 4758 ad
2452 4705 2596 4758 hunc
2627 4703 2848 4757 modum
2887 4703 3168 4774 loquitur:
3201 4703 3340 4758 Deus
3370 4709 3510 4758 steti!
3547 4709 3598 4757 in
3630 4723 3724 4774 sy-

2141 4811 2344 4864 nagoga
2385 4793 2625 4859 deorum,
2675 4793 2729 4847 in
2764 4795 2933 4848 medio
2985 4806 3162 4848 autem
3201 4793 3322 4847 deos
3355 4793 3617 4864 dijudicat
3651 4795 3717 4862 ³⁸,

2142 4878 2244 4940 hoc
2279 4897 2380 4950 cst,
2405 4887 2643 4942 C(l‘ieslis
2679 4888 2824 4956 regni
2856 4889 3169 4943 mansiones
3197 4889 3506 4958 gradusque
3533 4889 3719 4952 digni-

2143 4989 2309 5033 tatum
2348 4995 2444 5048 pro
2478 4980 2692 5034 virtutis
2725 4979 2934 5034 ratione
2967 4995 3031 5034 ac
3070 4981 3418 5050 proportione
3449 4981 3579 5050 ipsis
3609 4982 3722 5035 dis-

2144 5069 2352 5122 tribuit.
2417 5069 2698 5123 l’ostremo
2743 5081 2935 5138 praeter
2969 5071 3082 5124 haec
3113 5071 3296 5124 omnia
3347 5072 3602 5142 peculiari
3650 5087 3719 5126 ac

2139 5160 2356 5212 diverso
2409 5159 2569 5212 nodo
2615 5160 2870 5230 baptismi
2906 5161 3234 5216 illuminatio
3260 5161 3438 5215 lumen
3473 5163 3720 5234 appella-_

2141 5259 2246 5305 tur.
2287 5249 2360 5304 De
2393 5269 2500 5320 quo
2541 5253 2697 5308 nobis
2731 5255 2978 5309 instituta
3000 5263 3082 5308 est
3111 5253 3309 5321 oratio,
3344 5263 3397 5306 ct
3429 5269 3458 5310 a
3486 5271 3594 5325 quo
3626 5268 3717 5308 Sa-

2136 5344 2268 5397 lutis
2288 5355 2486 5396 Πυθίην
2509 5345 2828 5414 mysterium
2858 5346 3188 5398 continetur.

2207 5433 2324 5487 Col.
2355 5433 2458 5488 5156
2485 5431 2548 5487 B.
2582 5434 2840 5500 Quoniam
2888 5437 3026 5489 enim
3057 5435 3198 5488 omni
3242 5436 3443 5498 peccati
3479 5435 3592 5488 lube
3623 5451 3712 5487 ra-

2134 5539 2268 5588 rere,
2300 5521 2398 5577 Dei
2423 5535 2522 5590 est,
2549 5537 2657 5578 etc.
2694 5523 2836 5580 Nihil
2868 5525 3092 5580 omnino
3123 5540 3368 5595 peccare,
3408 5526 3496 5580 Dei
3537 5527 3714 5581 solius

2905 5665 2952 5696 ¹⁶
2991 5664 3158 5720 Exod.
3215 5681 3296 5727 Ill,
3347 5667 3403 5720 2.
3480 5665 3526 5695 "
3557 5662 3709 5721 Psal.

2578 5735 2618 5764 ³¹
2653 5732 2886 5796 Ιιυεζιι,
2925 5738 2981 5791 9.
3086 5739 3130 5770 ³³
3156 5737 3344 5792 Matth.
3391 5752 3467 5802 tx,
3517 5733 3570 5796 9,
3613 5735 3704 5788 l0.

2287 5805 2328 5836 "
2376 5803 2522 5858 Psal.
2558 5819 2738 5870 Lxxxt,
2780 5807 2827 5859 l.
3461 5849 3470 5858 .

2209 5664 2255 5695 ’⁵
2287 5662 2458 5718 Exod.
2492 5679 2582 5724 xx,
2616 5665 2828 5734 l_seqq.
