4100 6440
360 355 512 439 tam

1359 343 1683 438 NlCEi‘AS
1724 380 1807 438 IN
1850 379 2073 438 onar.
2118 380 2218 438 XL
2260 381 2319 440 s.
2363 382 2597 444 anno.

3433 426 3442 432 -
3480 388 3616 446 ii‘S't

353 503 464 553 t'st,
508 497 691 558 utpote
751 488 1132 551 immutalilis,
1185 491 1514 559 proprieque
1572 479 1838 559 simpliris
1889 501 1940 545 et
1974 498 2011 550 Α
2048 507 2168 544 nem
2206 495 2472 554 continet,
2516 510 2612 548 nec
2643 494 2930 564 superﬁt-ie
2959 505 3114 552 tenus
3146 513 3373 566 corp'u'a
3407 512 3618 568 purgat,

356 583 684 652 incorporei.
726 581 863 636 Vera
900 586 1041 636 enim
1070 591 1123 635 et
1177 583 1395 651 propria
1427 583 1745 652 simplicitas
1777 585 1940 637 dissi-

355 676 504 729 dium
540 684 702 743 atque
742 676 1148 728 contentionem
1179 691 1284 728 non
1341 675 1596 728 admittit.
1631 675 1818 742 Angeli
1849 693 1943 728 au-

355 778 462 821 tem
489 767 912 835 haudquaquam
941 769 1165 820 omnino
1195 768 1557 822 inunutabiles
1582 776 1731 831 sunt,
1753 763 1940 821 verum

353 873 404 913 et
456 860 584 913 boui
620 870 672 913 et
710 859 836 912 mali
874 875 1122 928 rapaces,
1175 869 1234 912 ttt
1261 861 1353 928 qui
1396 862 1611 930 proprie
1669 861 1942 928 simplices

356 968 465 1005 mn
494 953 602 1006 sint
635 970 648 1005 :
682 964 733 1006 at
759 953 804 1006 si
830 954 1113 1007 nobiscum
1149 952 1518 1015 conferantur,
1562 953 1625 1006 ad
1653 962 1850 1007 statum
1876 954 1943 1006 ab

351 1045 503 1097 Omni
543 1056 766 1112 peccato
822 1047 1118 1097 immunem
1177 1046 1422 1113 proxime
1461 1047 1744 1109 accedunt,
1798 1046 1943 1099 velut

357 1139 466 1189 lien
500 1139 569 1189 ita
609 1138 922 1206 propinqui,
962 1146 1020 1190 ut
1058 1138 1223 1191 :etlrer
1249 1137 1313 1190 ad
1348 1140 1539 1192 solem.
1601 1139 1669 1192 At
1698 1153 1796 1193 nos
1841 1139 1941 1192 levi

354 1239 506 1282 motu
543 1229 607 1282 ad
636 1230 822 1283 vitium
869 1229 1218 1298 impellimur,
1246 1242 1428 1298 utpote
1454 1246 1553 1283 C0u
1581 1231 1761 1298 positi.
1785 1230 1944 1283 Com-

351 1321 554 1390 po~itio
584 1320 728 1374 enim
759 1319 973 1374 dissidii
1013 1335 1177 1374 causa
1200 1331 1282 1373 est
1320 1340 1333 1373 :
1379 1337 1519 1389 quan
1546 1321 1846 1390 tequidem,
1885 1329 1943 1374 ut

355 1424 586 1468 teStatur
618 1414 907 1480 Apostolus
943 1430 956 1467 :
990 1411 1124 1466 Caro
1159 1414 1478 1481 concupiscit
1509 1415 1757 1464 (idm-sus
1788 1413 1944 1480 spiri-

355 1518 490 1570 tum,
521 1508 741 1574 spiritus
782 1507 1031 1559 adversus
1061 1521 1314 1571 carnem;
1374 1517 1529 1576 atque
1570 1506 1676 1559 Ira’c
1717 1508 1852 1557 inter
1892 1523 1944 1558 se

357 1598 708 1650 adversantur
734 1595 799 1650 ³⁷.
840 1595 1104 1651 Vincente
1129 1599 1308 1666 itaque
1328 1614 1510 1661 earn',
1539 1606 1814 1666 peccatum
1849 1598 1942 1650 ad-

359 1689 614 1742 mittitur.
647 1687 917 1754 Quoniam
955 1689 1119 1759 igitur
1143 1687 1287 1743 Deus
1321 1707 1418 1744 nos
1445 1691 1584 1742 inter
1619 1692 1946 1757 magnitudi-

361 1797 486 1835 nem
513 1791 566 1835 et
597 1781 958 1836 humilitatem
991 1783 1198 1836 medios
1230 1783 1530 1846 constituit,
1562 1801 1623 1838 ac
1657 1784 1943 1839 mutabiles

360 1875 561 1929 ereavit
598 1890 608 1925 :
645 1873 850 1928 ideirco
879 1877 1039 1929 etiam
1069 1877 1132 1930 ad
1167 1877 1354 1931 vitium
1392 1879 1555 1930 animi
1580 1877 1939 1932 destinatione

369 1975 578 2019 ruentes
609 1981 951 2034 nequaquam
1003 1965 1270 2036 despexit,
1312 1985 1409 2022 nec
1459 1969 1642 2022 aux‘lii
1691 1980 1939 2037 expertes

366 2059 602 2127 reliquit.
646 2058 884 2127 atquein
913 2075 976 2113 eo
1026 2076 1207 2112 rerum
1245 2061 1554 2115 discrimine
1591 2061 1936 2127 constitutos,

362 2162 415 2205 ut
443 2151 737 2218 periculum
765 2163 929 2214 esset,
958 2169 1024 2205 ne
1052 2169 1078 2206 a
1099 2153 1206 2206 Deo
1235 2170 1459 2222 prorsus
1485 2154 1940 2224 disjungeremur.

361 2243 562 2296 Verum
588 2243 1041 2312 quemadmodum
1077 2262 1194 2310 nos,
1218 2264 1340 2301 cum
1363 2249 1510 2318 prius
1535 2266 1640 2302 non
1672 2264 1938 2313 essemus,

362 2335 416 2387 iu
457 2351 634 2386 rerum
689 2345 938 2388 naturam
983 2339 1241 2404 produxit
1281 2355 1293 2390 ς
1332 2338 1409 2391 sic
1445 2351 1564 2407 post
1610 2344 1938 2392 creationem

361 2427 623 2494 dilapsos,
661 2428 714 2480 in
748 2427 1028 2496 antiquum
1070 2439 1268 2482 Statum
1295 2445 1389 2497 per
1423 2432 1676 2498 optimam
1713 2447 1774 2483 ac
1804 2449 1941 2499 pite-

360 2517 757 2573 stautissimam
820 2520 1072 2589 baptismi
1127 2521 1444 2573 edictionem
1499 2523 1941 2589 creationemque

363 2610 624 2672 restituit,
679 2625 801 2679 qua:
845 2613 1061 2680 quidem
1103 2625 1160 2668 ut
1204 2613 1502 2667 infantibus
1553 2632 1615 2667 ac.
1669 2631 1942 2684 corporeze

363 2703 540 2756 :ctatis
577 2717 797 2755 Cursum
835 2704 1148 2757 ineuntibus
1176 2705 1514 2771 signaculum
1550 2716 1649 2764 θέει,
1693 2721 1788 2758 eos
1821 2703 1941 2773 p‘tér—

366 2791 552 2844 ﬁciens
581 2801 742 2860 atque.
771 2793 1078 2856 absolvens,
1134 2796 1541 2864 aluminiumquc
1582 2797 1893 2864 signiticaus
1924 2811 1938 2845 :

365 2882 435 2935 ita
468 2883 534 2936 iis
565 2885 654 2951 qui
685 2894 840 2937 aetate
860 2884 1071 2955 longius
1102 2887 1494 2955 provelmntur,
1528 2904 1634 2940 non
1679 2889 1834 2940 modo
1869 2887 1943 2942 si-

363 2975 652 3044 gnaculum
705 2985 808 3039 est,
861 2977 953 3030 sed
1004 2979 1164 3031 etiam
1221 2981 1410 3046 gratia,
1445 2981 1741 3049 prtrteritas
1778 2997 1944 3038 noxas

363 3068 498 3133 ipsis
530 3069 832 3133 remittens,
859 3078 1019 3137 at'pte
1053 3071 1340 3138 imaginem
1369 3089 1394 3122 a
1423 3083 1642 3140 peccato
1665 3071 1944 3126 labefacta-

2048 600 2233 637 verum
2267 587 2503 638 animam
2536 599 2584 639 ct
2624 589 2917 655 penetralia
2948 590 3060 658 ipsa
3093 592 3294 658 expiat.
3325 589 3428 656 Qui
3458 593 3616 644 etiam
3659 594 3670 609 ⁷

2047 679 2236 745 prinue
2305 689 2504 731 nostrze
2576 681 2876 735 nativitatis
2930 682 3192 734 auvilium
3247 692 3369 745 ρει,
3433 675 3672 752 utpote}

2045 785 2206 823 omne
2264 771 2391 823 illud
2459 773 2843 836 velamentum,
2878 775 3023 840 quod
3083 791 3110 826 a
3167 776 3453 828 nativitatc
3484 792 3618 829 cou-
3666 760 3672 772 ’

2047 860 2335 923 traximus,
2368 861 2718 918 abscindens.
2753 874 2806 915 et
2834 879 2896 916 ex
2931 865 3204 917 veteribus
3243 880 3410 918 novos
3443 867 3620 918 hami-

2044 969 2140 1006 nes
2175 951 2401 1015 faciens,
2444 965 2767 1007 vetustatem
2797 956 3048 1009 videlicet
3079 967 3240 1023 atque
3272 959 3617 1011 imbecillita-

2048 1056 2151 1099 tem
2191 1057 2242 1099 et
2276 1047 2648 1098 intirmitamm
2684 1063 2710 1099 a
2747 1060 2970 1116 pet-cato
3005 1050 3296 1111 invectam,
3331 1066 3423 1118 per
3456 1066 3613 1118 quam

2045 1143 2351 1194 dannomnn
2418 1143 2646 1211 imperio
2704 1154 2864 1212 caput
2927 1143 3424 1207 sulunittebamus,
3486 1144 3614 1211 abji-

2045 1231 2250 1288 c’ientcs
2303 1252 2317 1289 :
2369 1250 2594 1303 eosque,
2639 1236 2730 1304 qui
2780 1247 2904 1289 ante
2959 1237 3288 1305 baptismum
3343 1246 3623 1305 acceptum

2045 1324 2320 1378 deformes
2375 1335 2532 1379 erant
2582 1337 2634 1380 et
2669 1325 2906 1398 squalidi
2959 1342 3021 1379 ac
3082 1328 3284 1396 rugosi,
3323 1323 3617 1378 deiformes

2045 1419 2301 1477 reddens,
2341 1417 2518 1484 prisca
2552 1416 2800 1469 videlicet
2832 1416 3067 1484 imagine
3097 1425 3335 1484 recepta.
3369 1417 3448 1468 Ac
3482 1414 3618 1466 fabri

2044 1508 2262 1577 quidem
2297 1509 2500 1571 tcrarii,
2543 1518 2597 1560 et
2625 1509 2714 1575 qui
2745 1525 2808 1560 ex
2847 1509 3038 1576 argilla
3078 1523 3204 1560 vasa
3235 1506 3463 1574 ﬁngunt,
3495 1521 3620 1557 cum

2047 1599 2250 1669 aliquid
2287 1609 2561 1653 vetustate
2593 1599 2897 1653 obsoletum
2929 1615 3189 1652 renovare
3229 1598 3474 1666 cupiunt,
3511 1598 3623 1665 pri-

2047 1708 2194 1745 murn
2231 1692 2364 1745 illud
2401 1692 2774 1761 coufringuut,
2816 1708 2877 1745 ac
2908 1692 3102 1745 deinde
3140 1693 3332 1744 iterum
3361 1690 3620 1744 conflant.

2049 1783 2360 1853 Baptismus
2395 1791 2575 1836 autem
2615 1797 2715 1837 nos
2746 1785 2923 1836 denuo
2958 1782 3177 1846 corllat,
3212 1797 3318 1834 non
3359 1781 3466 1849 igni
3501 1793 3623 1831 seno

2046 1881 2229 1942 sibili,
2287 1881 2380 1932 sed
2441 1879 2670 1947 spiritus
2725 1876 2940 1929 ilat‘nma
3011 1875 3327 1941 Spurcitiem
3403 1888 3621 1926 omnem

2045 1973 2355 2026 est-utientc
2392 1983 2553 2038 atque
2600 1971 2872 2026 abolente.
2931 1969 3174 2022 lienovat
3204 1970 3365 2020 etiam
3404 1981 3466 2019 ac
3500 1965 3622 2018 reti-

2045 2067 2139 2130 cit,
2172 2082 2277 2118 non
2317 2066 2546 2119 fortnam
2599 2081 2717 2117 eam
2762 2080 2921 2132 quam
2975 2063 3344 2116 renovandam
3394 2059 3623 2128 sust-Epit

2047 2159 2452 2222 comminuens,
2505 2174 2696 2209 verum
2742 2173 2858 2209 eam
2906 2173 3025 2224 quae
3056 2156 3268 2208 occulta
3299 2163 3350 2206 et
3381 2156 3616 2207 abscon-

2045 2251 2156 2303 dita
2193 2259 2295 2302 est.
2354 2249 2493 2314 Quin
2545 2251 2749 2318 potius,
2811 2257 2869 2301 ut
2931 2249 3101 2316 magis
3153 2248 3371 2317 proprie
3421 2247 3622 2310 dicam,

2047 2357 2376 2394 renovamur
2431 2341 2634 2410 absqtze
2674 2339 3020 2399 conditione,
3076 2354 3386 2392 recreantur
3417 2337 3621 2404 absque

2046 2436 2512 2498 cmnmiuuti-me,
2605 2449 2864 2487 curantur
2954 2433 3158 2500 alisque
3234 2431 3344 2483 ullo
3417 2429 3622 2482 doloris

2045 2544 2233 2582 sensu.
2317 2525 2434 2580 Jam
2513 2542 2640 2578 vero
2705 2525 2750 2578 is
2814 2523 2906 2592 qui
2963 2524 3302 2592 baptizatur,
3371 2520 3624 2573 secundae

2045 2621 2172 2671 vitro
2247 2617 2599 2686 meliOrisque
2668 2617 2880 2669 vivendi
2968 2616 3194 2668 rationis
3271 2621 3323 2666 et
3391 2612 3622 2665 instituti

2048 2721 2262 2782 paetmn
2322 2726 2443 2764 cum
2505 2709 2612 2761 Deo
2669 2709 2788 2768 init,
2855 2707 3019 2776 priori
3062 2716 3115 2760 et
3175 2705 3452 2773 ﬂagitiosa-
3503 2703 3624 2754 vita:

2049 2806 2299 2857 nuntium
2336 2806 2638 2860 remittens,
2668 2802 2827 2869 eique
2857 2801 3114 2852 moriens.
3150 2798 3368 2863 Quocirt
3390 2813 3441 2857 a,
3466 2796 3620 2863 juxta

2051 2896 2368 2951 Salomonis
2413 2895 2725 2956 consilium,
2773 2893 2966 2945 timore
3017 2891 3401 2958 corripia.nur,
3457 2897 3624 2955 atque

2048 2989 2195 3044 omni
2246 2987 2490 3042 custodia
2536 3003 2630 3038 cor
2675 2998 2918 3037 nostrum
2968 2980 3341 3039 sti-ventus”,
3396 2995 3460 3030 ne
3493 2980 3648 3029 eum'

2051 3083 2265 3152 propria
2319 3078 2645 3150 syngrapha,
2687 3093 2848 3144 quam
2901 3077 2952 3127 iu
3008 3074 3127 3126 fidei
3158 3080 3357 3125 nostra:
3410 3068 3627 3124 confes-

362 3168 472 3214 tatn
525 3163 855 3217 instaurans.
907 3163 1038 3218 Nam
1086 3168 1128 3220 si
1182 3177 1527 3235 peccatorum
1576 3171 1802 3236 gratiam
1852 3186 2015 3244 perc
2051 3176 2204 3229 simio,
2251 3173 2601 3243 protulimus,
2647 3173 2958 3238 pugnantes
3006 3168 3363 3236 reperiantur.
3410 3162 3622 3217 Ειῡηίιη

365 3252 693 3321 baptismum
755 3271 860 3307 non
923 3270 1417 3325 consequeremur,
1456 3261 1595 3310 haud
1645 3260 1806 3312 dubie
1851 3276 1946 3326 per

363 3353 644 3412 peccatum
695 3344 746 3397 in
800 3347 1230 3414 desperationem
1271 3350 1698 3420 prolaberentur,
1740 3367 1802 3402 ac
1855 3366 1947 3419 per

365 3433 795 3500 desperationem
819 3450 847 3488 a
879 3436 1316 3491 virtuteounino
1347 3441 1741 3503 exeiieremus,
1765 3441 1947 3494 nobis-

365 3541 470 3592 que
506 3525 554 3577 id
579 3529 1037 3597 accideret,quod
1073 3551 1097 3582 a
1133 3530 1663 3596 Salomonedicitur,
1718 3532 1945 3604 Impius,

366 3629 482 3665 cum
514 3617 568 3666 in
609 3615 868 3670 oratorum
911 3620 1233 3687 profunditur
1272 3624 1464 3675 reneri!
1498 3669 1505 3680 ,
1558 3628 1841 3677 contemnit
1879 3627 1942 3680 ³³.

366 3705 526 3759 Noae
578 3719 756 3760 autem
789 3751 803 3773 ,
854 3713 1315 3778 quemadmodum
1366 3716 1601 3768 viatores
1656 3717 1706 3768 in
1766 3718 1944 3770 diver-

366 3799 514 3850 sorio
549 3801 782 3866 quodam
814 3807 880 3855 ab
926 3803 1137 3857 itineris
1187 3806 1372 3860 labOre
1411 3809 1658 3874 recreati,
1697 3812 1945 3879 preposi-

370 3901 477 3942 tam
517 3891 659 3944 viam
701 3894 956 3948 alacriori
1011 3900 1196 3951 animo
1255 3900 1590 3952 emetiuntur
1650 3920 1660 3953 :
1725 3903 1794 3954 ita
1846 3920 1944 3957 nos

367 4000 587 4052 quoque
638 3987 777 4038 viam
837 3991 958 4043 vita:
999 3989 1437 4059 promptioribus
1491 3995 1688 4047 animis
1720 3994 1945 4048 confici-

367 4089 513 4129 mus.
551 4081 724 4146 Atque
775 4081 913 4134 banc
955 4081 1060 4135 vim
1111 4083 1271 4136 affert
1326 4085 1651 4152 baptisums.
1689 4089 1765 4140 Ac
1801 4087 1944 4140 dilu-

368 4169 516 4220 vium
570 4172 789 4239 quidem
847 4171 1004 4237 illud,
1069 4191 1178 4244 quo
1242 4185 1482 4244 tempore
1543 4175 1654 4231 Noe
1694 4181 1943 4247 contigit,

371 4263 557 4314 urbem
588 4265 903 4318 universum
951 4268 1325 4322 internecione
1356 4271 1556 4325 delevit
1593 4291 1603 4325 :
1642 4273 1947 4342 baptismus

369 4365 552 4407 autem
589 4363 832 4422 peccata.
870 4357 1070 4426 quibus
1113 4361 1297 4414 obruti
1331 4371 1492 4431 atque
1525 4367 1787 4433 inquinati
1824 4383 1946 4420 et‘a-

368 4461 516 4510 mus,
552 4449 784 4515 detergit
815 4466 878 4502 ac
911 4461 1126 4520 purgat.

2053 3268 2096 3319 si
2156 3275 2310 3335 pacta
2369 3279 2490 3318 Cum
2560 3261 2873 3315 btnninibus
2931 3259 3062 3311 inita
3111 3257 3250 3310 l).--us
3307 3255 3627 3322 interiectus

2050 3361 2362 3418 continuat,
2414 3365 2678 3426 quantum
2723 3354 2937 3406 tandem
2987 3351 3289 3420 periculum
3327 3351 3374 3402 ei
3412 3353 3624 3414 impen-

2050 3451 2179 3504 dere
2233 3448 2531 3520 putandum
2565 3455 2669 3511 est,
2720 3446 2813 3513 qui
2871 3443 3291 3496 conventionem
3348 3456 3467 3491 rum
3507 3443 3626 3505 ipso

2055 3543 2250 3598 factam
2305 3539 2641 3611 perfregerit,
2680 3540 2984 3608 salutisque
3031 3535 3234 3591 l‘mdera
3275 3533 3478 3586 nefarie
3513 3532 3626 3584 vio-

2051 3637 2262 3694 laverit.
2293 3651 2356 3695 ae
2389 3645 2582 3703 praeter
2613 3635 2716 3686 alia
2765 3633 2970 3687 seelera
3019 3630 3191 3696 ipsius
3221 3643 3439 3696 quoque
3471 3641 3628 3678 men»

2050 3727 2190 3780 dacii
2227 3727 2365 3796 apud
2410 3726 2576 3778 Deum
2622 3741 2749 3778 reus
2799 3732 3110 3792 peragatur,
3148 3720 3276 3790 quia
3314 3713 3468 3771 tidem
3524 3715 3628 3784 ipsi

2050 3821 2234 3873 datam
2271 3819 2562 3883 fefeilerit;
2615 3817 2779 3885 idque
2811 3833 2934 3870 cum
2987 3815 3095 3883 jam
3135 3813 3316 3864 nullus
3352 3811 3491 3863 alius
3532 3810 3628 3860 ba-

2050 3914 2282 3981 ptismus
2315 3911 2574 3980 Supersit.
2604 3908 2937 3977 Impossibila
2967 3917 3044 3960 est
3074 3906 3233 3965 enim,
3284 3903 3460 3970 inquit
3491 3899 3627 3952 Pau-

2052 4007 2154 4066 lus,
2189 4021 2272 4057 eos
2317 4003 2405 4074 qui
2452 4003 2612 4056 semel
2641 4012 2761 4056 sunt
2799 3999 3110 4062 illuminari,
3161 4013 3345 4049 rursus
3381 4008 3629 4045 renovare

2050 4096 2118 4148 ad
2175 4096 2533 4163 pwnitentiam
2594 4093 2661 4148 ⁸ο.
2718 4091 2870 4146 Unus
2931 4106 3092 4160 porro
3154 4087 3463 4156 baptismus
3522 4094 3626 4148 est,

2053 4188 2492 4257 quandoquidem
2529 4201 2631 4238 una
2669 4194 2751 4239 est
2783 4200 2929 4237 mors
2962 4197 3058 4251 pro
3091 4181 3296 4234 mundo
3329 4187 3577 4238 suscepta
3613 4191 3626 4226 :

2052 4288 2213 4345 atque
2251 4291 2356 4328 una
2383 4291 2410 4327 a
2446 4273 2676 4328 mortuis
2723 4271 3072 4332 resurrectio,
3117 4285 3279 4339 quam
3321 4267 3628 4335 baptismus

2052 4368 2318 4438 designat.
2370 4365 2606 4419 Proinde
2652 4365 2906 4419 Christus
2943 4363 3199 4431 baptismi
3259 4361 3416 4414 nobis
3452 4357 3629 4412 [αλιυδ

2055 4462 2256 4523 sanxit,
2291 4459 2483 4511 mortis
2514 4472 2577 4510 ac
2602 4458 2725 4510 vita:
2762 4458 2990 4526 figuram
3030 4456 3256 4517 habens,
3297 4469 3436 4523 aqua
3470 4451 3624 4504 nimi-

440 4539 558 4591 Col.
590 4539 692 4593 567
719 4543 783 4594 Α.
824 4539 1264 4611 Quandoquidem
1309 4557 1484 4599 autem
1529 4549 1730 4601 duabus
1774 4552 1945 4618 parti-
1985 4534 2026 4584 θ
2058 4570 2177 4606 rmn
2235 4551 2426 4605 mortis
2478 4549 2768 4618 imaginem
2833 4549 3170 4617 exprimente
3206 4547 3425 4615 (horum
3484 4543 3628 4596 enim

369 4631 487 4691 bus,
524 4631 618 4684 hoc
659 4643 756 4694 est,
810 4643 917 4688 etc.
976 4636 1431 4705 Quandoquidem
1498 4643 1832 4709 cotnpositus
1890 4660 1952 4696 ac

369 4740 478 4777 non
513 4725 742 4794 simplex
779 4728 941 4783 homo
989 4739 1095 4793 est,
1152 4731 1357 4785 idcirco
1389 4731 1590 4802 duplici
1623 4744 1788 4804 atque
1819 4751 1953 4790 con-

366 4819 561 4886 iuncto
615 4832 842 4889 cognata
890 4830 943 4875 et
998 4823 1199 4879 similia
1255 4827 1652 4880 medicamenta
1686 4829 1748 4881 ad
1781 4830 1954 4898 ipsius

370 4914 721 4966 curationem
768 4914 1029 4968 attributa
1079 4927 1225 4979 sunt,
1253 4917 1468 4985 Corpori
1507 4917 1764 4972 nimirum
1799 4935 1956 4988 aspe-

367 5006 552 5057 ctabili
611 5022 751 5074 aqua
811 5007 1133 5073 sensibilis,
1193 5009 1377 5062 animo
1442 5021 1621 5062 autem
1684 5012 1945 5066 invisibili

369 5099 598 5166 Spiritus
628 5099 912 5152 oculorum
943 5100 1195 5154 obtutum
1242 5100 1476 5172 fugiens,
1512 5103 1603 5170 qui
1648 5119 1742 5172 per
1785 5105 1942 5156 iidem

367 5200 618 5254 vocatus,
658 5192 914 5245 ineffabili
975 5194 1136 5246 modo
1180 5195 1412 5248 accedit.
1467 5192 1532 5246 Et
1561 5195 1775 5261 quidem
1806 5209 1944 5264 aqua

369 5273 976 5350 purgationislliguram
1022 5285 1179 5353 gerit.
1215 5283 1474 5352 Purgalio
1500 5271 1667 5348 enim,
1705 5301 1822 5354 qutc
1852 5301 1947 5353 per

371 5388 568 5441 aquam
607 5376 684 5438 tit,
728 5390 845 5428 eam
888 5392 1008 5445 qua:
1040 5391 1134 5443 per
1161 5376 1411 5445 Spiritum
1447 5386 1819 5445 comparatur,
1851 5375 1948 5430 de-

372 5466 572 5535 signat.
610 5468 677 5521 L't
708 5470 852 5520 enim
901 5483 1100 5537 corpus
1153 5469 1219 5522 ab
1249 5485 1410 5537 aqua,
1446 5470 1526 5522 sic
1558 5469 1737 5522 anima
1769 5485 1796 5522 a
1835 5468 1948 5538 spi—

372 5557 480 5610 ritu
537 5559 799 5613 lustratur
829 5579 842 5612 :
902 5570 1063 5628 atque
1097 5561 1166 5613 ita
1213 5578 1298 5614 res
1332 5562 1382 5612 in
1413 5561 1604 5614 Orulos
1640 5562 1840 5615 cadens
1873 5559 1946 5611 rei

372 5649 668 5704 invisibilis
696 5653 914 5722 signum
949 5662 1051 5706 est.
1098 5654 1164 5704 At
1196 5653 1420 5721 spiritus
1453 5667 1634 5705 veram
1671 5649 1950 5719 purgatio-

446 5837 488 5870 ³⁷
538 5832 654 5890 Gal.
697 5851 746 5898 v,
779 5850 910 5896 xvn,
987 5833 1029 5865 ³⁸
1065 5833 1224 5889 Prov.
1278 5850 1434 5900 xviri,
1469 5835 1521 5888 5.

1603 5834 1644 5865 ³⁶
1687 5833 1844 5887 Prov.
1901 5829 2088 5896 H395.

2052 4646 2144 4714 qui
2184 4643 2532 4712 btquizantur
2582 4657 2814 4711 corpora
2863 4642 2916 4694 in
2953 4656 3091 4708 aqua
3159 4637 3320 4691 veluti
3355 4635 3618 4705 sepeliun-

2057 4739 2191 4804 tut),
2248 4735 2440 4804 spiritu
2513 4744 2690 4788 autem
2743 4734 2864 4784 vita}
2920 4733 3283 4785 arrliabonem
3346 4728 3627 4780 afferente.

2054 4831 2422 4894 Quamobrem
2481 4829 2625 4881 nulla
2691 4828 2856 4880 altera
2937 4833 3189 4893 superest
3246 4821 3627 4889 regeneratio,

2055 4923 2230 4988 neque
2286 4923 2336 4971 in
2388 4929 2621 4974 veterem
2675 4927 2875 4972 statum
2931 4916 3224 4978 restitutio,
3270 4913 3372 4966 hoc
3426 4921 3530 4974 cst,
3575 4913 3629 4963 in

2057 5011 2436 5078 purgatiorunn
2475 5010 2643 5074 illam,
2691 5026 2850 5078 quam
2887 5005 3315 5077 regenerationis
3350 5003 3628 5057 lavacvuut

2057 5102 2259 5154 attulit.
2295 5101 2618 5168 Quanquam
2657 5103 2800 5155 enim
2858 5101 3221 5169 lacrytnarum
3269 5111 3488 5166 quoque
3532 5096 3628 5147 ba-

2057 5193 2288 5260 ptismus
2342 5200 2445 5254 est,
2539 5191 2956 5260 haudquaquam
3040 5203 3216 5244 tamen
3299 5189 3369 5242 ita
3438 5195 3629 5255 purgat

2060 5289 2115 5332 ut
2155 5283 2361 5349 primus
2395 5281 2716 5347 baptismus.
2764 5280 2828 5333 Ut
2867 5282 3008 5334 cuin
3053 5282 3203 5333 varia
3253 5286 3379 5331 sunt
3411 5277 3631 5344 superni

2056 5372 2359 5440 Splendor-is
2389 5387 2603 5436 genera,
2637 5372 2716 5423 sic
2752 5382 2799 5423 et
2837 5375 3244 5440 purgationum.
3293 5369 3424 5422 Nam
3476 5370 3629 5436 juxta

2058 5480 2232 5516 meum
2289 5465 2458 5532 legem
2529 5478 2590 5515 ac
2646 5465 2993 5523 sententiam,
3042 5463 3468 5516 Ntn'atlauorum
3535 5460 3622 5511 do-

2057 5558 2221 5624 gmati
2256 5557 2586 5624 oppositam,
2649 5569 2791 5624 a‘gre
2837 5555 3053 5606 tamlem
3107 5570 3200 5622 per
3259 5551 3645 5621 pmniteutiatu

2058 5648 2285 5701 cicatrix
2320 5647 2630 5711 obducitur,
2669 5644 3134 5713 quemadmodum
3173 5644 3314 5698 Deus
3352 5660 3446 5712 per
3480 5641 3625 5694 Jeru-

2165 5830 2208 5860 ¹⁸⁰
2256 5827 2419 5882 Hebr.
2457 5844 2529 5891 \‘I,
2587 5829 2638 5882 6.
