4100 6422
431 327 568 390 1255

427 439 595 493 miatn
632 433 875 506 loquitur
928 451 942 488 :

421 532 500 585 cis
527 529 888 583 abduc-tionem
912 534 961 580 et
993 525 1268 588 medelam,
1304 535 1352 579 et
1384 527 1584 579 curabo
1606 525 1694 579 eas
1726 527 1794 580 “.
1829 529 2006 596 Atque

427 621 543 690 ipse
569 616 786 688 quidem
819 615 1103 670 cicatrices
1138 630 1360 685 quoque
1395 617 1542 686 ipsas
1574 615 1805 673 aboleri.
1834 632 1897 670 ac
1940 632 2008 672 ne

425 713 716 765 vulnerum
790 707 1011 777 quidem
1067 708 1358 777 vestigium
1407 708 1639 778 relinqui
1707 725 2004 778 cuperem,

426 801 869 873 quandoquidem
924 809 979 853 et
1032 800 1147 869 ipse
1202 800 1580 855 misericordia
1629 815 1769 870 Opus
1806 802 2002 856 habeo.

431 896 630 949 Verum
687 907 945 962 magnum
997 892 1354 946 Athanasium
1412 903 1751 949 asserentem
1816 895 2002 961 audio,

422 998 550 1037 eum
581 983 672 1052 qui
715 982 782 1035 ad
819 982 1097 1036 meliorem
1139 979 1346 1050 frugem
1395 997 1454 1036 se
1502 985 1792 1052 receperit,
1830 1000 2009 1055 quan-

425 1089 590 1143 quam
640 1075 800 1128 linent
869 1073 1128 1142 peccandi
1183 1074 1380 1138 faciat,
1423 1074 1632 1129 inustas
1669 1084 1849 1130 tamen
1885 1077 2009 1131 vul-

427 1167 575 1221 neris
625 1166 912 1221 cicatrices
960 1166 1204 1221 habere:
1244 1182 1370 1220 eum
1412 1178 1594 1221 autem
1648 1169 1738 1237 qui
1769 1170 2008 1238 baptiza-

428 1269 514 1312 tur
546 1268 780 1312 veterem
840 1257 1115 1312 hominem
1153 1272 1352 1312 exuere
1385 1273 1449 1312 ac
1476 1262 1748 1324 renovari,
1771 1276 2008 1330 superne

427 1349 677 1403 videlicet
728 1365 824 1419 per
854 1349 1092 1418 Spiritus
1132 1350 1307 1403 sancti
1357 1353 1589 1419 gratiam
1631 1353 2002 1421 progenitum.

424 1439 695 1492 Caeterum
735 1450 792 1494 ut
820 1439 1104 1494 cicatrices
1144 1454 1363 1509 quoque
1389 1442 1536 1509 ipsas
1586 1442 1754 1495 deleri
1809 1458 2008 1498 coace-

425 1536 640 1598 damus,
691 1533 866 1587 satius
915 1532 1105 1600 utique
1155 1531 1320 1586 luerit
1361 1532 1564 1587 dillicili
1591 1533 1679 1587 illa
1711 1543 1766 1588 et
1810 1550 2008 1588 terum-

426 1640 560 1679 nosa
602 1625 1101 1695 purgatione,quaa
1128 1625 1181 1679 in
1235 1626 1552 1696 pmnitentia
1587 1626 1878 1691 consistit,
1911 1643 2010 1681 ne-

427 1731 708 1786 quaquam
736 1732 874 1786 opus
907 1716 1128 1782 habere,
1161 1732 1349 1771 verum
1379 1717 1433 1771 in
1469 1718 1643 1787 prima
1678 1719 2004 1786 consistere,

426 1823 550 1876 qua:
582 1808 802 1878 quidem
841 1809 1045 1864 laboris
1073 1823 1138 1862 ac
1182 1808 1445 1863 molestia:
1479 1823 1670 1878 expers
1707 1821 1812 1874 est,
1840 1822 2003 1881 atque

426 1900 638 1955 honore
695 1915 855 1971 pares
903 1916 1000 1957 eos
1052 1901 1145 1971 qui
1220 1902 1285 1956 ad
1337 1902 1664 1972 baptismum
1733 1906 2004 1959 accedunt

425 1993 630 2056 emt-it,
677 2003 864 2062 utpote
919 2009 1040 2064 quae
1085 2009 1149 2048 ex
1210 2009 1367 2064 atquo
1421 1995 1762 2064 accipiatur,
1837 2007 2002 2068 atque

425 2099 618 2140 omnes
676 2085 796 2139 sine
853 2085 962 2140 ullo
1004 2086 1320 2140 discrimine
1361 2087 1574 2141 lustret.
1634 2087 2003 2153 Quemadmo-

425 2175 555 2228 dum
586 2175 730 2229 enim
771 2177 1084 2230 communis
1133 2185 1216 2232 est
1254 2177 1512 2232 ontnibus
1551 2179 1698 2232 acris
1743 2178 2000 2244 haustus,

425 2281 492 2320 ac
546 2266 685 2320 lueis
733 2265 982 2335 profusio
1028 2275 1083 2322 et
1114 2267 1393 2338 splendor,
1422 2277 1477 2320 et
1510 2278 1745 2336 quatuor
1767 2269 2002 2338 partium

425 2358 555 2410 anni
579 2357 1008 2421 vicissitudines,
1045 2366 1101 2413 et
1148 2373 1332 2412 rerum
1383 2368 1690 2413 crcatarum
1727 2371 2000 2430 aspectus,

428 2448 663 2518 ﬁdeique
691 2463 845 2518 aequa
878 2449 1054 2519 portio
1083 2467 1098 2504 :
1144 2450 1334 2504 eodem
1374 2453 1534 2505 modo
1563 2450 1821 2522 baptismi
1871 2469 2004 2524 quo-

425 2556 530 2612 que
557 2541 865 2596 communis
901 2550 983 2596 est
1013 2543 1205 2612 gratia.

497 2633 614 2688 Col.
646 2634 752 2690 570
780 2636 844 2692 A.
874 2633 1042 2691 Grave
1075 2635 1212 2689 enim
1244 2645 1324 2690 est
1355 2636 1640 2706 facilioris,
1670 2646 1773 2694 etc.
1829 2638 2006 2695 Grave

426 2734 481 2780 et
514 2727 774 2782 miserum
820 2737 906 2782 est
947 2743 1044 2798 spe
1093 2727 1350 2783 secundae
1380 2730 1720 2800 purgationis
1746 2740 1869 2801 post
1906 2733 1995 2786 ha-

427 2821 685 2888 ptismum
722 2823 1016 2892 inquinari,
1041 2837 1102 2876 ac
1130 2831 1315 2892 postea
1348 2823 1486 2878 dura
1518 2835 1571 2879 et
1602 2825 1798 2880 acerba
1831 2827 2005 2881 medi-

427 2914 551 2968 cina
599 2915 862 2984 indigere,
914 2930 976 2970 ac
1036 2917 1277 2986 projecta
1336 2916 1591 2987 baptismi
1621 2916 1825 2987 gratia,
1882 2933 2008 2988 quae

427 3008 827 3074 praeteritarum
885 3023 1153 3063 noxarum
1213 3008 1594 3064 remissionem
1649 3009 1836 3074 habet,
1877 3025 2007 3066 nos-

428 3099 576 3169 ipsos
622 3101 940 3156 excruciare
979 3113 1142 3172 atque
1176 3100 1436 3172 allligere,
1466 3109 1529 3155 ut
1560 3100 2001 3157 misericordiam
2034 3132 2078 3192 ρ

425 3209 456 3245 a
501 3190 605 3245 Deo
637 3207 1062 3263 consequamur,
1103 3207 1168 3246 ac
1212 3193 1338 3247 vitae
1370 3192 1772 3246 correctionem
1801 3191 2006 3245 admis-

427 3285 504 3338 sis
533 3285 749 3355 llagitiis
777 3301 963 3356 parem
1013 3285 1295 3340 exhibere.
1349 3284 1628 3352 Quantum
1658 3284 1806 3339 enim
1836 3284 2008 3354 lacry-

428 3389 642 3428 marum
687 3375 1101 3438 exhauriemus,
1155 3382 1213 3428 ut
1261 3373 1314 3428 id
1366 3389 1469 3428 nos
1517 3373 1746 3444 perinde
1791 3373 2007 3439 lustret,

427 3481 492 3520 ac
540 3467 694 3534 prius
754 3466 1079 3532 baptismus,
1133 3473 1188 3520 et
1250 3464 1660 3536 purgationem,
1701 3479 1866 3537 quam
1915 3479 2010 3535 per

428 3557 670 3610 divinum
731 3557 1007 3610 lavacrum
1083 3565 1360 3626 acceptam
1419 3557 1747 3621 amisimus,
1791 3557 2005 3612 reddat!

429 3648 564 3715 Quis
617 3656 796 3702 autem
845 3648 980 3703 satis
1029 3648 1271 3719 locuples
1318 3661 1550 3718 sponsor
1599 3647 1724 3712 erit,
1769 3645 1886 3702 fore
1951 3657 2011 3702 ιιι

431 3754 582 3794 mors
613 3739 956 3794 curationem
1003 3748 1244 3794 nostram
1282 3747 1583 3809 exspectet,
1619 3751 1686 3793 ac
1731 3751 1838 3792 non
1884 3753 2008 3808 pec-

430 3833 537 3885 cati
573 3846 693 3886 rcos
733 3841 788 3886 et
855 3830 1191 3902 purgationis
1235 3829 1422 3884 debito
1484 3830 1813 3884 constrictos
1865 3828 2011 3898 judi-

430 3926 573 3981 cium
601 3925 845 3979 divinum
898 3925 1184 3995 suscipiat,
1239 3923 1611 3994 geltennaeque
1670 3923 2007 3978 incendium.

443 4015 529 4070 Tu
611 4016 831 4082 quidem
868 4057 886 4085 ,
946 4016 1314 4086 spiritualium
1369 4016 1675 4086 plantarum
1738 4017 2008 4082 excultor,

431 4108 719 4163 hominum
757 4108 910 4179 juxta
953 4109 1267 4178 parabolam
1330 4109 1698 4178 evangelicam
1724 4108 1768 4140 "
1797 4108 2010 4173 orabis,

433 4210 494 4255 ut
525 4201 860 4272 infrugiferae
909 4200 1059 4268 ﬁcui,
1090 4201 1194 4256 hoc
1245 4211 1347 4266 est,
1399 4202 1599 4255 animae
1652 4209 1758 4256 ture
1799 4209 2009 4270 parcat,

431 4307 664 4362 eamque
697 4307 801 4346 non
828 4292 1132 4356 exscindat,
1161 4307 1348 4346 verum
1385 4293 1478 4346 tibi
1508 4293 1794 4353 concedat,
1833 4300 1892 4346 ιιι
1921 4306 2007 4356 ea,

433 4399 556 4452 qua:
601 4383 667 4437 ad
721 4383 1011 4438 tollendam
1080 4385 1253 4454 ipsius
1311 4385 1647 4440 sterilitatem
1694 4385 2010 4454 adjumento

1809 324 2191 385 ADDENDA.

1016 431 1150 487 Ecce
1189 449 1284 503 ego
1315 432 1565 486 inducam
1611 433 1742 504 ipsis
1792 435 2012 488 cicatri—
2037 437 2083 496 Α
2113 433 2377 501 primum,
2419 427 2564 498 qttod
2621 429 3007 500 suscipiendus
3058 431 3126 487 sit
3179 431 3521 504 baptismus;
3559 438 3696 492 alte-

3556 321 3696 387 1256

2113 539 2265 586 rum,
2317 521 2462 592 quod
2519 521 2742 586 statim;
2805 523 3066 586 tertium,
3119 527 3265 594 quod
3319 527 3479 581 nobis
3529 543 3695 598 Opera

2110 616 2288 669 danda
2342 616 2437 680 sit,
2493 623 2552 669 ut
2603 614 2708 668 hoc
2753 615 2957 670 donum
3013 619 3082 671 ab
3129 619 3388 674 omnibus
3439 621 3696 675 sordibus

2111 721 2310 774 purum
2349 716 2620 760 tueamur.
2682 705 2980 776 Postquam
3037 708 3201 777 igitur
3249 710 3318 764 de
3361 711 3520 764 tertio
3579 726 3699 778 qua:

2109 797 2341 852 dicenda
2375 797 2700 852 videbantur
2750 797 2905 862 dixit,
2959 813 3104 852 nunc
3133 798 3201 853 de
3231 814 3296 852 eo
3331 815 3552 870 quoque
3585 802 3698 855 dis-

2109 893 2264 956 putat
2315 887 2462 956 quod
2511 889 2577 940 ad
2631 887 2961 954 baptismum
3032 891 3296 943 accedere
3343 905 3568 946 necesse
3602 891 3699 955 sit,

2111 995 2174 1034 ac
2228 995 2354 1034 cum
2409 977 2578 1033 Paulo
2618 980 2716 1042 ait,
2757 993 2883 1032 cum
2939 979 3159 1036 Christo
3218 997 3313 1050 per
3362 983 3697 1052 baptismum

2110 1073 2463 1142 sepeliamur,
2501 1083 2556 1126 ut
2605 1085 2659 1126 et
2689 1087 2812 1126 cum
2845 1087 2909 1126 eo
2941 1088 3316 1143 resurgamus.
3359 1078 3512 1146 Aqua
3548 1078 3694 1132 enim

2111 1164 2308 1219 mortis
2366 1163 2657 1234 imaginem
2727 1162 2934 1231 refert,
2988 1181 3191 1235 corpus
3245 1168 3390 1222 velut
3443 1169 3695 1237 sepulcro

2112 1256 2410 1324 accipiens.
2455 1254 2695 1325 Spiritus
2733 1266 2918 1310 autem
2970 1258 3240 1312 viviﬁcatn
3281 1261 3392 1313 vim
3426 1261 3695 1327 immittit,

2113 1349 2330 1403 animas
2378 1358 2596 1402 nostras
2648 1363 2677 1401 a
2735 1348 2945 1418 peccati
3002 1360 3177 1404 morte
3229 1354 3294 1403 ad
3337 1353 3572 1420 priorem
3613 1355 3690 1406 vi-

2115 1449 2224 1493 tam
2275 1455 2569 1495 renovatis.
2620 1439 3037 1496 Descendamus
3090 1453 3148 1496 ut
3195 1443 3450 1500 Christus
3503 1447 3556 1500 in
3608 1462 3690 1500 se-

2112 1531 2405 1601 pulcrum,
2467 1537 2541 1587 ita
2601 1548 2704 1588 nos
2766 1548 2985 1603 quoque
3045 1535 3097 1588 in
3163 1535 3493 1604 baptismum
3558 1553 3574 1591 :
3640 1547 3697 1590 ut

2113 1623 2572 1692 quemadmodum
2627 1625 2715 1680 ille
2768 1641 2832 1678 ex
2891 1637 3230 1680 mortttorum
3293 1628 3566 1696 sepulcro,
3618 1629 3697 1684 sic

2113 1727 2214 1766 nos
2263 1713 2426 1768 etiam
2463 1729 2493 1768 e
2529 1714 2738 1784 peccati
2795 1715 3004 1769 tumulo
3046 1731 3110 1769 ac
3148 1718 3383 1770 mortuis
3438 1719 3698 1787 operibus
3763 1745 3768 1750 -

2043 1780 2082 1836 Β
2114 1803 2166 1856 in
2200 1805 2434 1859 sublime
2469 1804 2737 1860 feramur.
2790 1805 3099 1875 Baptismns
3146 1807 3415 1876 siquidem
3464 1825 3696 1878 operum

2111 1897 2296 1951 carnis
2326 1897 2690 1968 abjectionem
2725 1899 2975 1968 designat
3003 1908 3057 1953 et
3087 1899 3312 1965 indicat,
3347 1902 3698 1972 animamque

2112 2003 2142 2042 a
2185 1988 2439 2044 sordibus
2473 1999 2526 2043 et
2559 1989 2824 2059 spurcitie
2858 2005 2925 2044 ex
2973 1992 3208 2047 carnalis
3245 1993 3471 2048 affectus
3508 2010 3698 2049 conta-

2113 2082 2274 2152 gione
2303 2093 2608 2142 contracta.
2644 2083 2842 2138 lustrat
2876 2091 2930 2135 et
2957 2085 3164 2153 expiat.
3201 2085 3474 2151 Quoniam
3509 2099 3692 2142 autem

2114 2173 2414 2244 baptismus
2471 2174 2798 2230 descensum
2855 2188 3017 2247 atque
3071 2192 3358 2233 ascensum
3409 2181 3694 2244 continet,

2115 2266 2218 2321 hoc
2241 2267 2464 2336 insuper
2495 2267 2748 2338 adjiciam
2785 2285 2799 2323 :
2829 2267 2964 2322 Cum
2988 2284 3054 2322 eo
3083 2271 3470 2335 ascendamus,
3504 2288 3696 2343 quem-

2113 2361 2404 2415 a.lmodum
2475 2361 2724 2415 videlicet
2776 2360 2865 2417 ille
2921 2361 2974 2416 itt
3032 2363 3272 2427 cmlum,
3329 2364 3401 2418 ita
3473 2381 3574 2420 nos
3640 2367 3694 2421 itt

2114 2467 2233 2506 eam
2286 2451 2699 2514 sublimitatem,
2741 2454 2806 2508 ad
2849 2469 3011 2524 quam
3063 2457 3318 2526 provehit
3365 2457 3692 2528 baptismus.

2115 2554 2170 2598 ιιι
2209 2543 2374 2599 simul
2405 2559 2623 2615 quoque
2653 2545 2824 2616 gloria
2857 2545 3160 2603 alliciamur
3185 2549 3305 2618 (per
3335 2549 3689 2619 ad0ptionem

2113 2635 2394 2705 scilicet),
2449 2652 2513 2691 ac
2567 2639 2718 2706 regni
2774 2638 3014 2694 cmlestis
3075 2641 3317 2696 haerech
3373 2641 3695 2708 elliciantur,

2114 2731 2578 2800 quemadmodum
2632 2730 2720 2786 ille
2769 2732 2916 2788 sedis
2954 2733 3008 2787 in
3044 2733 3235 2788 dextra
3289 2732 3469 2790 Patris
3521 2737 3693 2793 haeres

2115 2821 2292 2877 factus
2332 2831 2435 2877 est.

2188 2913 2323 2968 Ibid.
2379 2916 2441 2970 Si
2491 2925 2540 2970 te
2585 2914 2801 2972 luminis
2849 2929 3152 2985 persecutor
3198 2921 3248 2975 ct
3299 2929 3532 2976 tentator
3578 2933 3695 2990 post

2116 3003 2460 3073 baptismum,
2509 3016 2613 3062 etc.
2651 3005 2960 3078 Theologus
3009 3012 3178 3078 probe
3211 3022 3556 3082 perspectum
3593 3015 3684 3066 ha-

2117 3095 2270 3155 bens,
2308 3096 2601 3149 nonnullos
2638 3097 2760 3151 ideo
2805 3097 3135 3166 baptismum
3185 3102 3509 3167 detrectare,
3543 3103 3688 3170 quod

2118 3184 2295 3240 hostis
2346 3184 2605 3254 impetum
2662 3198 2785 3255 post
2831 3189 3161 3258 baptismum
3219 3192 3690 3261 pertimescerent,

2117 3274 2436 3344 hujusmodi
2485 3276 2735 3333 homines
2783 3279 2848 3332 ad
2891 3279 3035 3333 hunc
3093 3283 3314 3335 modum
3371 3283 3686 3352 alloquitur.

2116 3365 2174 3420 Si
2232 3375 2353 3437 post
2407 3365 2739 3437 baptismum
2797 3380 2850 3426 te
2901 3371 3157 3429 diabolus
3211 3373 3437 3429 adortus
3492 3374 3690 3439 fuerit,

2113 3458 2555 3530 quandoquidem
2612 3467 2667 3514 et
2717 3460 2995 3516 Christum
3053 3464 3422 3533 Oppugnavit,
3475 3477 3692 3534 propter

2113 3566 2333 3606 carnem
2391 3567 2602 3607 merum
2661 3553 2941 3632 hominem
2995 3569 3120 3610 eum
3180 3569 3304 3610 esse
3355 3557 3694 3620 arbitratus,

2111 3642 2376 3699 adversus
2431 3659 2556 3698 eum
2595 3644 2911 3700 sensibilem
2965 3659 3164 3714 aquam
3219 3646 3476 3712 obtemle,
3525 3648 3692 3718 spiri-

2113 3736 2278 3791 tualis
2333 3736 2496 3805 ignis,
2557 3736 2660 3792 hoc
2710 3748 2816 3800 est.
2871 3740 3080 3808 peccati
3133 3739 3546 3796 cxstinctricem
3602 3742 3691 3810 (id

2111 3829 2256 3899 quod
2305 3827 2615 3882 mirandum
2651 3829 2756 3899 est)
2807 3831 2965 3899 cujus
2998 3843 3101 3897 ope
3133 3845 3196 3885 ac
3231 3831 3478 3888 subsidio
3522 3831 3691 3902 ignita

2112 3922 2295 3979 omnia
2332 3922 2486 3992 pravi
2520 3921 2669 3977 illius
2705 3923 2936 3993 spiritus
2969 3923 3098 3989 tela,
3132 3923 3276 3980 sicut
3307 3924 3510 3982 Paulus
3542 3926 3691 3986 ait“.

2110 4015 2549 4085 exstinguentur,
2619 4017 2811 4086 aqueis
2864 4015 3115 4071 videlicet
3171 4018 3381 4074 umbris
3430 4034 3460 4074 a
3528 4021 3693 4074 verbo

2115 4108 2300 4163 tinctis
2323 4122 2638 4177 compressa
2668 4117 2831 4178 atque
2859 4111 3138 4165 restincta.
3165 4111 3425 4181 Spit-itum
3455 4129 3689 4181 oppone,

2113 4216 2392 4272 magnum,
2422 4200 2668 4270 inquam,
2704 4202 2854 4257 illum
2888 4213 2943 4257 et
2969 4205 3233 4268 validum,
3267 4219 3331 4258 ac
3365 4213 3601 4268 montes,
3641 4207 3692 4260 id

2111 4303 2216 4359 est,
2261 4293 2535 4348 daemones
2573 4294 2988 4359 dissolventem,
3023 4297 3482 4365 quemadmodum
3534 4298 3694 4352 tertio

2115 4383 2322 4452 Regum
2376 4384 2514 4438 libro
2571 4385 2803 4439 habetur
2847 4384 2917 4443 “.
2973 4385 3028 4439 Si
3084 4387 3178 4440 tibi
3239 4387 3382 4441 fante
3438 4399 3693 4458 correpto

433 4491 555 4530 esse
588 4485 836 4546 possunt,
870 4476 1104 4546 injicias,
1155 4477 1415 4531 nimirum
1446 4491 1566 4531 eam
1611 4476 2006 4532 correctionem
2041 4479 2086 4536 ι)
2119 4477 2400 4545 penuriam
2446 4486 2499 4529 et
2543 4478 2924 4534 necessitatem
2981 4479 3244 4535 insidiose
3295 4480 3580 4549 objecerit,
3637 4491 3695 4536 ut

435 4585 558 4637 quae
589 4571 640 4624 in
675 4569 878 4640 peccati
917 4570 1284 4635 confessione,
1313 4578 1476 4641 atque
1500 4570 1553 4624 in
1591 4580 1838 4640 apertum
1879 4586 2011 4639 pro-

436 4665 675 4719 ferendis
722 4679 828 4718 tton
864 4665 986 4720 sine
1029 4665 1236 4733 pudore
1283 4664 1610 4720 criminibus
1641 4664 1918 4728 cousiSlit,
1950 4678 2014 4717 ac

435 4766 695 4828 praeterea
733 4757 929 4811 animat
961 4756 1334 4821 alllictioncm,
1369 4742 1598 4816 hoccst,
1623 4755 2010 4809 conn-itionem

435 4859 491 4903 et
524 4849 908 4918 dejectionem,
958 4847 1314 4917 corporisque
1345 4847 1785 4916 oppressionem,
1824 4844 1874 4899 id
1907 4855 2012 4913 est,

436 4942 667 5011 jejunia,
715 4941 949 5012 vigilias,
997 4952 1338 5009 ceterasque
1385 4938 1740 4993 alllictiones.
1807 4935 2008 4992 Verum

440 5043 686 5087 ncertum
712 5043 817 5099 est,
851 5049 920 5086 an
955 5030 1098 5086 Deus
1134 5030 1450 5099 hujusmodi
1476 5029 1683 5084 homini
1709 5037 1916 5098 parcet,
1945 5043 2011 5082 ac

440 5140 546 5177 nott
585 5140 707 5177 eum
730 5124 1036 5183 exscindet,
1062 5138 1129 5176 ne
1151 5127 1293 5178 alius
1316 5122 1585 5192 quispiam
1607 5136 1670 5175 ex
1699 5121 1869 5190 ipsitts
1886 5135 2013 5189 erga

437 5233 560 5270 eum
591 5215 812 5269 lenitate
832 5224 888 5269 et
911 5217 1167 5284 patientia
1195 5215 1524 5279 offendatur,
1547 5229 1611 5268 ac
1641 5214 1878 5267 deterior
1901 5213 2014 5278 fiat,

438 5307 558 5376 ejus
583 5307 832 5360 videlicet
878 5307 1080 5361 scelera
1103 5306 1366 5376 impunita
1395 5321 1618 5359 manere
1649 5304 2012 5374 conspiciens.

509 5399 628 5452 Col.
686 5399 792 5453 570
852 5399 910 5453 Β.
975 5396 1202 5451 Proinde
1254 5413 1372 5450 cum
1426 5395 1640 5451 Christo
1695 5413 1786 5464 per
1841 5395 2014 5463 bapti-

438 5509 632 5560 smum,
673 5501 780 5546 etc.
830 5492 965 5546 Tota
1016 5490 1115 5545 hac
1178 5491 1426 5545 oratione
1484 5490 1584 5543 tria
1639 5496 2010 5544 asttuuntur:

506 5699 553 5732 δι
585 5697 784 5756 Jerem.
822 5715 947 5764 xxx,
982 5699 1068 5754 t7.

442 5786 507 5836 tt,
541 5770 629 5825 Η.

1150 5699 1193 5730 “¹
1227 5696 1359 5752 Luc.
1395 5710 1515 5762 xm,
1547 5694 1599 5749 8..
1670 5693 1714 5725 ⁸³
1748 5693 1940 5762 Ephcs.
1969 5709 2044 5758 Vt,
2080 5693 2157 5746 lG.

2109 4567 2352 4634 Christo,
2393 4582 2458 4622 ac
2507 4569 2744 4636 petierit,
2795 4580 2855 4623 ut
2901 4569 3110 4639 lapides
3154 4570 3207 4624 in
3253 4587 3422 4641 panes
3471 4584 3693 4627 vertan-

2113 4669 2201 4713 tur
2243 4659 2309 4721 ",
2345 4660 2432 4714 dic
2483 4676 2607 4714 cum
2662 4663 2832 4716 Paulo
2867 4679 2882 4714 :
2913 4661 3030 4716 Non
3087 4663 3282 4733 ignoro
3336 4665 3697 4734 cogitationes

2113 4760 2257 4815 tuas,
2293 4766 2325 4804 ο
2360 4766 2544 4820 prave,
2596 4753 2690 4820 qui
2746 4752 2892 4805 aliud
2948 4753 3048 4816 vis,
3101 4755 3250 4808 aliud
3303 4755 3590 4824 praetendis
3625 4757 3694 4811 “.

2110 4839 2371 4895 Prmtexis
2423 4841 2803 4896 necessitatem
2849 4860 2862 4896 :
2902 4844 2984 4898 vis
3034 4855 3217 4900 autem
3267 4861 3355 4900 me
3401 4847 3539 4902 cibis
3592 4862 3692 4902 ex-

2118 4932 2253 5002 pleri
2309 4940 2364 4986 et
2419 4933 2778 5004 ingurgitari,
2833 4935 3205 5006 voluptatique
3260 4938 3564 5009 indulgere.
3616 4941 3694 4994 Ac

2119 5035 2405 5094 pr0pterea
2440 5041 2546 5079 non
2575 5042 2792 5096 panem.
2822 5028 2914 5083 sed
2946 5044 3113 5098 panes
3146 5029 3260 5083 fieri
3292 5031 3493 5098 poscis.
3527 5030 3692 5095 Doce,

2120 5130 2242 5184 quae
2272 5129 2379 5169 non
2415 5115 2626 5182 didicit,
2664 5116 2792 5185 quia
2823 5115 2916 5171 Dei
2949 5118 3127 5173 cultor
3158 5131 3241 5182 es,
3273 5133 3337 5171 ac
3368 5116 3570 5172 Christi
3608 5121 3694 5172 di-

2115 5207 2382 5275 scipulus.
2423 5206 2556 5260 Nam
2601 5207 2742 5262 idem
2777 5224 2999 5279 quoque
3034 5211 3085 5262 in
3120 5209 3341 5263 Christo
3387 5211 3694 5279 ignorabat,

2113 5301 2258 5372 quod
2313 5299 2406 5353 Dei
2461 5300 2636 5356 Filius
2685 5312 2853 5360 esset.
2907 5303 2985 5357 Ac
3021 5301 3274 5357 Christus
3312 5305 3531 5373 quidem
3566 5320 3691 5359 cunt

2112 5394 2182 5447 ab
2213 5409 2278 5447 eo
2310 5402 2632 5460 tentaretur,
2671 5394 2802 5450 illud
2837 5400 3094 5466 opposuit
3125 5411 3140 5449 :
3177 5393 3300 5450 Non
3329 5398 3385 5450 in
3411 5411 3549 5466 pane
3579 5397 3694 5450 solo

2114 5488 2232 5542 vivit
2276 5487 2448 5552 homo,
2483 5489 2572 5540 sed
2612 5489 2666 5542 in
2696 5490 2837 5542 omni
2878 5489 3051 5554 verbo,
3083 5489 3221 5558 quod
3251 5490 3485 5558 procedit
3511 5505 3577 5544 ea:
3608 5505 3696 5545 ore

2238 5691 2280 5722 “
2315 5691 2376 5744 ill
2411 5690 2540 5762 Reg.
2574 5710 2686 5758 ιιι,
2730 5695 2813 5749 ll.
2875 5695 2918 5728 ’⁵⁵
2953 5695 3142 5752 Matth.
3194 5713 3266 5766 tv,
3294 5697 3348 5752 5.
3423 5697 3468 5729 ⁸⁸
3502 5696 3543 5751 ll
3568 5693 3675 5751 Cur
