4100 6462
369 420 505 484 195.7

1369 427 1690 489 NICETAS
1736 423 1812 485 ΙΝ
1856 422 2079 483 ΟΒΑΤ,
2122 420 2223 481 XL
2264 420 2322 479 S.
2368 419 2597 482 GREG.

3482 419 3618 484 1258

372 544 466 596 Dei
491 541 558 593 ⁵⁷.
595 534 674 595 Τυ
725 555 854 594 vero
888 556 1101 611 oppone
1137 541 1373 598 Verbum
1428 543 1630 611 ipsum,
1664 550 1713 591 et
1750 534 1949 589 Filium
1989 535 2024 590 Α
2054 533 2279 587 omnino
2310 531 2645 597 sustulisset,
2681 531 2809 601 quid
2841 547 2976 603 opus
3006 508 3217 598 fuisset,
3252 542 3307 588 ut
3335 532 3427 604 qui
3458 533 3627 589 semel

368 631 484 691 Dei.
535 633 694 701 cujus
727 633 844 687 ha‘c
877 634 1037 687 verba
1078 644 1207 690 sunt
1241 652 1252 689 :
1286 633 1399 705 Ego
1440 648 1556 688 sum
1588 635 1744 702 panis
1778 633 1896 686 uita:
1930 648 1947 685 :

366 729 455 796 qni
489 729 622 779 venit
670 726 738 778 ad
790 743 885 781 me.
928 744 1027 780 non
1077 738 1290 793 esuriat,
1324 738 1371 781 et
1416 727 1506 797 qui
1547 726 1714 781 credit
1747 726 1805 780 in
1847 742 1948 791 me,

365 831 638 884 nunquam
687 815 849 869 sitiet.
903 814 1067 871 Panis
1114 819 1254 871 enim
1300 817 1399 871 Dei
1450 818 1538 873 ille
1584 828 1686 883 est,
1734 819 1824 888 qui
1856 817 1951 871 de-

364 910 568 963 scendit
616 908 680 963 de
729 909 879 974 uelo,
929 920 978 962 et
1032 912 1123 965 dat
1176 913 1338 965 vitam
1372 913 1568 965 mundo
1619 912 1680 967 “.
1740 913 1799 966 Si
1856 929 1949 982 per

365 1003 584 1055 inanem
653 1002 881 1073 gloriam
932 1003 1027 1056 tibi
1079 1002 1307 1058 insidias
1351 1004 1617 1058 struxerit
1673 1005 1830 1076 (nam
1897 1011 1951 1059 et

367 1090 591 1147 Christo
628 1093 856 1148 insidias
908 1095 1158 1164 tetendit)
1212 1111 1279 1149 ne
1330 1109 1425 1164 per
1476 1096 1787 1164 superbiam
1826 1111 1948 1150 cor-

366 1200 495 1238 ruas
528 1202 542 1237 :
575 1186 707 1253 quin
744 1185 929 1256 potius
960 1187 1013 1241 in
1058 1188 1233 1257 prima
1266 1188 1563 1243 tentatione
1594 1198 1819 1245 strenue
1849 1188 1946 1244 de-

361 1288 535 1332 rerta.
560 1276 694 1332 Nam
723 1278 766 1334 si
802 1278 859 1334 in
887 1294 949 1334 ea
980 1289 1030 1335 te
1054 1280 1336 1336 cedentem
1369 1296 1432 1336 ac
1456 1280 1604 1335 dicto
1632 1280 1944 1336 audientem

363 1368 655 1434 invenerit,
697 1369 1120 1441 haudquaquam
1175 1372 1266 1428 hic
1316 1372 1584 1429 consistet
1616 1391 1630 1427 :
1668 1389 1857 1428 verum
1891 1381 1948 1428 et

362 1458 661 1511 secundum
695 1469 750 1512 et
782 1461 995 1514 tertiam
1034 1463 1390 1518 tentationem
1426 1473 1591 1535 atque
1624 1465 1760 1520 alias
1793 1465 1948 1522 dein-

362 1563 495 1617 ceps
529 1549 862 1612 admovebit.
896 1562 1083 1621 utpote
1142 1553 1459 1626 inexplebili
1518 1557 1816 1627 cupiditate
1847 1557 1948 1612 fla-

362 1638 929 1707 grans.Lenocinatur
946 1644 1187 1713 quidem,
1211 1657 1373 1715 atque
1393 1647 1590 1718 objecti
1615 1648 1742 1705 boni
1768 1648 1951 1719 specie

365 1738 619 1797 tanquam
650 1728 905 1785 illecebra
930 1732 1166 1802 quadam
1194 1735 1469 1789 hominem
1494 1736 1697 1791 mulcet
1722 1755 1734 1789 :
1757 1753 1945 1794 verum

364 1820 467 1874 sub
498 1820 657 1873 tinem
692 1820 747 1874 in
779 1822 984 1877 malum
1020 1828 1349 1896 prorumpit.
1384 1824 1511 1881 llaec
1540 1838 1626 1883 est
1656 1828 1801 1882 enim
1833 1828 1949 1886 dia-

370 1909 475 1963 boli
508 1913 784 1980 pugnandi
823 1914 986 1981 ratio,
1038 1931 1232 1987 nempe
1273 1930 1331 1971 ut
1374 1934 1474 1975 nos
1523 1920 1756 1977 obscure
1786 1930 1951 1993 atque

375 2002 582 2055 occulte
617 2005 985 2071 aggrediatur.
1020 2009 1195 2076 Atque
1227 2008 1391 2064 etiam
1446 2010 1764 2081 Scripturas
1793 2014 1952 2069 callet

367 2089 640 2148 diabolus.
677 2092 816 2169 llinc
867 2095 1036 2149 altera
1073 2099 1293 2166 quidem
1346 2114 1410 2153 ex
1467 2111 1617 2167 parte
1667 2119 1694 2155 a
1729 2102 1950 2159 Christo

364 2180 587 2241 dicitur.
641 2185 900 2253 scriptum
922 2195 1043 2261 Vest,
1105 2186 1246 2253 Quia
1275 2205 1379 2243 non
1410 2191 1463 2243 in
1498 2192 1609 2244 solo
1651 2209 1784 2261 pane
1821 2195 1951 2248 vivet

363 2270 519 2325 homo
543 2276 617 2340 ⁸⁶;
648 2275 813 2329 altera
845 2286 1026 2332 autem
1053 2295 1117 2333 ex
1147 2291 1297 2349 parte.
1325 2281 1442 2350 ipso
1474 2284 1650 2345 hoste.
1684 2285 1947 2355 scriptum

363 2372 471 2424 est.
493 2364 636 2431 Quia
660 2367 862 2436 angelis
887 2371 995 2423 suis
1022 2371 1295 2425 mandabit
1317 2373 1381 2426 de
1419 2383 1466 2428 te
1484 2374 1548 2428 δ’.
1573 2378 1660 2441 At,
1682 2393 1713 2428 ο
1736 2378 1952 2448 sapiens

364 2456 435 2509 ad
457 2456 936 2524 malefaciendum,
961 2461 1158 2516 dixerit
1178 2462 1443 2518 Jcremias
1460 2468 1538 2520 “l
1564 2468 1606 2521 Ο
1628 2468 1742 2523 vitii
1760 2481 1952 2526 auctor

364 2556 421 2600 ct
441 2551 720 2619 magister,
741 2552 870 2620 quid
892 2552 982 2606 tibi
1003 2553 1220 2617 accidit,
1241 2565 1295 2608 ut
1317 2555 1627 2610 Davidieum
1645 2560 1847 2614 dictum
1869 2560 1952 2615 in-

365 2647 576 2708 tegrum
607 2656 710 2693 non
741 2642 1085 2709 produxeris,
1124 2658 1309 2697 verum
1349 2648 1492 2714 quod
1523 2649 1767 2717 sequitur
1822 2666 1951 2720 sup-

370 2729 639 2798 presseiis
670 2750 681 2783 :
712 2731 883 2798 Super
928 2735 1164 2803 aspidem
1205 2747 1252 2789 et
1317 2738 1625 2793 basiliscnm
1671 2742 1949 2796 ambulabo

365 2830 415 2873 et
434 2823 757 2876 conculcabo
780 2824 846 2889 σί,
869 2834 922 2879 et
949 2827 1102 2896 juxta
1131 2827 1330 2883 Christi
1358 2831 1460 2884 utri
1486 2835 1836 2900 promissum,
1856 2851 1951 2905 po-

373 2919 623 2965 testatem
657 2913 921 2983 accipiant
968 2916 1215 2970 catamiti
1251 2934 1408 2987 super
1439 2932 1699 2989 sementes
1725 2934 1772 2977 et
1806 2940 1950 2977 scor-

365 3003 568 3072 piones,
596 3016 643 3058 et
673 3021 873 3059 omnem
896 3011 1183 3076 potentiam
1209 3010 1410 3065 inimici
1429 3013 1494 3064 ⁸³.
1515 3011 1668 3079 Quod
1688 3016 1731 3069 si
1760 3031 1951 3070 rursus

369 3104 424 3148 te
453 3110 548 3164 per
578 3097 861 3152 avaritiam
900 3099 1155 3169 frangere
1184 3116 1247 3155 ac
1279 3118 1537 3173 superare
1569 3104 1802 3161 adnixus
1834 3104 1951 3163 fue-

2054 628 2270 695 purgati
2300 632 2505 690 essent,
2537 625 2731 680 iterum
2758 640 2820 681 ac
2847 626 3027 694 tertio,
3052 636 3213 695 atque
3239 626 3376 682 adeo
3403 612 3633 683 assidue

2053 719 2458 790 purgarentur?
2484 718 2643 773 Nunc
2672 734 2799 772 vero
2825 721 2967 788 quod
2998 719 3182 775 eadem
3215 734 3305 774 res
3333 719 3627 776 identidem

2052 812 2433 880 repetebatur,
2501 810 2876 881 purgationem
2938 826 3061 867 eam
3120 812 3504 882 particularem
3566 828 3632 869 ac

2058 901 2277 958 brevem
2313 911 2366 957 et
2398 902 2661 957 caducam
2703 902 2872 957 fuisse
2893 904 3179 973 perspicue
3211 906 3409 975 arguit,
3431 920 3629 974 quem-

2054 994 2343 1049 admodum
2376 1004 2430 1050 et
2459 993 2630 1051 Paulo
2662 995 2859 1065 placet.

2123 1085 2242 1140 Col.
2286 1086 2383 1140 37f
2429 1084 2490 1140 Β.
2533 1085 2886 1153 Baptizemur
2933 1087 3108 1154 hodie,
3150 1104 3214 1141 ne
3262 1104 3378 1141 cras
3428 1089 3476 1140 vi
3524 1087 3630 1142 ali-

2053 1196 2195 1249 qua,
2250 1188 2359 1232 etc.
2408 1178 2475 1234 5".
2528 1176 2825 1249 Postquam
2883 1177 3195 1249 Thcologus
3252 1180 3629 1249 superioribus

2054 1269 2238 1322 verbis
2272 1268 2336 1322 ad
2380 1268 2710 1338 baptismum
2741 1269 3147 1339 suscipiendum
3178 1285 3278 1325 nos
3306 1271 3629 1326 adhortatus

2052 1370 2175 1421 est.
2235 1376 2420 1424 nttnc,
2477 1371 2534 1414 ut
2586 1359 2835 1415 celeriter
2891 1376 3110 1431 quoque
3167 1363 3272 1417 hoc
3324 1360 3627 1425 faciamus.

2053 1451 2332 1521 impellere
2380 1462 2628 1513 conatur,
2675 1452 2757 1506 his
2796 1452 2976 1508 verbis
3018 1464 3177 1509 utens
3223 1470 3238 1507 :
3280 1452 3628 1523 Baptizemnr

2053 1544 2237 1609 hodie,
2267 1558 2338 1597 ne
2372 1556 2497 1599 cras
2531 1543 2578 1596 vi
2616 1543 2795 1612 aliqua
2839 1543 3045 1613 majore
3082 1558 3367 1613 cogamur,
3404 1551 3631 1613 urgente

2052 1635 2260 1691 scilicet
2308 1636 2522 1697 morbo,
2578 1633 2657 1688 vel
2712 1633 2818 1688 alio
2868 1635 3100 1702 quodam
3138 1633 3402 1703 periculo,
3432 1648 3495 1687 ac
3529 1648 3630 1688 nos

2056 1744 2152 1798 per
2198 1729 2307 1783 vim
2359 1728 2426 1782 ad
2482 1727 2816 1796 baptismum
2874 1728 3219 1796 pertrahente
3252 1745 3266 1782 :
3303 1736 3431 1782 tunc
3483 1728 3628 1781 enim

2054 1837 2162 1877 non
2197 1831 2304 1874 tam
2337 1804 2646 1889 baptizatur
2675 1819 2968 1888 quispiam,
3005 1834 3167 1889 quam
3205 1818 3471 1873 violenter
3503 1833 3628 1887 pre-

1983 1886 2022 1942 Β
2057 1910 2243 1965 mitur.
2273 1907 2587 1979 Baptismus
2623 1910 2942 1963 beneficium
2975 1919 3078 1976 est,
3106 1910 3396 1965 criminum
3433 1911 3630 1965 remis-

2053 2002 2260 2057 sionem
2286 2001 2541 2056 afferens.
2567 1999 2764 2067 Quare,
2786 2017 2891 2055 non
2916 2002 3139 2070 perinde
3160 2012 3321 2071 atque
3343 2000 3624 2070 injuriam,

2054 2096 2098 2151 si
2124 2094 2415 2150 confestim
2449 2094 2809 2163 baptizemur,
2840 2096 3136 2163 accepturi,
3166 2094 3490 2150 beneficium
3524 2095 3629 2149 hoc

2053 2189 2107 2242 in
2145 2187 2363 2257 longius
2397 2195 2611 2255 tempus
2644 2186 2980 2257 rejiciamus.
3034 2202 3208 2257 neque
3250 2195 3629 2257 exspectemus

2054 2281 2181 2333 dum
2223 2279 2374 2348 plura
2406 2288 2623 2348 peccata
2671 2280 3132 2349 congesserimus,
3165 2286 3226 2333 ut
3260 2279 3418 2350 plura
3470 2278 3629 2333 nobis

2053 2373 2454 2429 condonentur.
2507 2370 2617 2429 Nec
2663 2372 2943 2427 Christum
2993 2386 3389 2443 cauponemur,
3440 2369 3626 2425 diven-

2052 2466 2244 2520 dentcs
2295 2464 2599 2528 Christum,
2657 2468 2761 2520 hoc
2814 2473 2917 2527 est,
2963 2463 3167 2520 Christi
3221 2464 3554 2533 baptismum
3614 2479 3626 2514 :

2020 2555 2198 2625 quod
2252 2555 2474 2624 quidem
2530 2555 2743 2619 accidit,
2784 2569 2907 2609 cum
2967 2570 3061 2622 per
3119 2553 3453 2624 voluptatum
3511 2551 3629 2608 ille-

2051 2647 2242 2702 cebras
2289 2661 2413 2701 eum
2451 2640 2766 2715 prodimus.
2804 2644 2915 2700 Nec
2951 2643 3229 2699 Christum
3265 2650 3628 2710 emercemur,

2051 2741 2156 2794 hoc
2191 2746 2294 2804 est,
2324 2736 2579 2808 baptismi
2632 2738 2861 2806 gratiam
2893 2737 3037 2791 velut
3069 2736 3242 2805 pretio
3273 2735 3624 2801 redimentes,

2051 2843 2284 2899 eamque
2314 2828 2489 2882 morbi
2513 2836 2607 2882 aut
2636 2826 2779 2881 alius
2811 2825 3095 2895 cujusdam
3128 2826 3355 2895 periculi
3385 2836 3629 2895 tempore

2055 2917 2405 2986 acquirentes
2434 2934 2450 2984 ;
2488 2916 2726 2986 κάπηλοι
2763 2915 2906 2970 enim
2939 2914 3196 2969 dicuntur
3221 2915 3311 2983 qui
3345 2914 3583 2968 vendunt
3611 2952 3627 2975 ,

2053 3009 2287 3079 ἔμποροι
2332 3014 2513 3062 autem
2590 3007 2682 3078 qui
2720 2996 2945 3060 ‘emunt.
3004 3002 3334 3071 Timeamus,
3386 3020 3454 3059 ne
3497 3005 3627 3059 dum

2052 3099 2442 3169 redemptionis
2475 3113 2539 3154 ac
2572 3098 2743 3153 veniae
2780 3113 2875 3166 spe
2907 3097 3075 3152 multa
3116 3098 3241 3152 vilia
3279 3097 3437 3153 nobis
3472 3098 3629 3152 colli-

367 3187 463 3250 rit,
497 3196 661 3258 atque
691 3191 932 3247 ostensis
978 3209 1090 3247 uno
1130 3190 1407 3265 temporis
1444 3208 1721 3254 momento
1765 3202 1947 3273 regnis

2056 3191 2255 3261 gimus,
2307 3190 2377 3244 ita
2429 3199 2712 3260 peccatum
2767 3203 3109 3259 aggeramus,
3153 3196 3213 3241 ut
3246 3189 3627 3244 remissionem

368 3280 624 3336 omnibus
666 3283 1040 3338 adorationem
1074 3301 1103 3339 a
1137 3297 1189 3341 te
1233 3289 1493 3354 exegerit,
1526 3305 1650 3344 eum
1701 3303 1759 3346 ut
1807 3308 1942 3362 pau-

369 3386 550 3440 perem
582 3386 900 3442 aspernare.
937 3374 1129 3429 Omnia
1165 3380 1310 3430 enim
1345 3378 1436 3433 Dei
1468 3390 1616 3445 sunt,
1654 3398 1753 3438 nec
1785 3383 1948 3453 quid-

366 3477 531 3531 quam
564 3463 762 3518 diaboli
810 3475 1009 3534 praeter
1040 3468 1255 3524 vitium.
1292 3471 1407 3535 Die,
1440 3471 1719 3527 Christum
1754 3475 1943 3539 indui;

366 3555 444 3607 ait
477 3555 621 3608 enim
669 3557 963 3625 Aposmlus
997 3576 1011 3612 :
1049 3559 1315 3631 Quotquot
1345 3563 1397 3615 in
1426 3563 1640 3618 Christo
1688 3568 1949 3636 baptizati

362 3646 513 3709 estis,
545 3645 649 3699 hoc
674 3658 776 3711 est,
807 3659 1074 3720 quthuot
1102 3651 1256 3719 juxta
1288 3652 1487 3708 Christi
1523 3655 1629 3708 vim
1662 3672 1724 3710 ac
1751 3667 1943 3726 poten-

363 3737 519 3801 tiam,
553 3740 870 3794 firmissimo
898 3743 1152 3811 praesidio
1182 3743 1429 3799 homines
1457 3748 1942 3815 communientem,

363 3829 618 3882 induisti:
648 3832 717 3893 ",
751 3832 831 3885 vel
864 3834 1027 3888 etiam
1058 3850 1174 3888 eam
1209 3835 1412 3892 Christi
1447 3837 1676 3893 formam
1708 3852 1758 3896 et
1793 3843 1948 3897 simi-

363 3917 667 3984 litudinem,
718 3939 883 3993 quam
937 3925 1243 3994 baptismus
1295 3928 1603 3999 insculpsit.
1638 3930 1694 3985 1η
1728 3932 1946 3987 Christo

361 4021 766 4067 transmutatus
818 4030 963 4078 sum,
1016 4018 1119 4071 hoc
1169 4029 1274 4085 eSt,
1330 4021 1770 4077 transformatus.
1825 4022 1946 4094 Ipse

359 4118 579 4174 quoque
635 4106 729 4159 Dei
769 4107 951 4177 imago
986 4123 1132 4173 sum,
1186 4126 1363 4180 neque
1402 4128 1431 4165 a
1481 4129 1713 4183 superna
1770 4117 1941 4185 gloria

360 4205 583 4265 propter
631 4199 945 4266 superbiam
1002 4201 1182 4255 adhuc
1234 4203 1433 4265 excidi,
1474 4206 1941 4274 quemadmodum

362 4289 483 4354 tibi,
516 4291 761 4360 improbe
793 4292 1041 4361 spiritus,
1077 4295 1294 4349 accidit.
1330 4294 1441 4350 Hac
1473 4298 1725 4353 oratione
1754 4300 1946 4354 adver-

359 4363 543 4435 sarius
591 4381 968 4450 profligabitur
1000 4400 1064 4439 ac
1096 4387 1445 4456 propelletur,
1483 4390 1941 4458 quemadmodum

358 4487 392 4524 a
420 4471 639 4526 Christo
674 4475 938 4542 primario
993 4478 1198 4531 lumine
1219 4517 1234 4541 ,
1276 4477 1350 4533 iza
1381 4481 1542 4534 etiam
1578 4480 1648 4535 ab
1681 4482 1764 4537 his
1793 4484 1883 4552 qui
1916 4499 1945 4537 a

2032 3284 2269 3338 interim
2323 3298 2430 3338 non
2486 3298 2909 3353 consequamur.
2963 3279 3416 3351 Quandoquidem
3472 3284 3629 3339 navis

2052 3377 2313 3432 mercium
2397 3376 2612 3445 pondus
2676 3374 2860 3445 aliquo
2915 3390 3089 3446 usque
3165 3374 3353 3430 suffert
3413 3392 3427 3429 :
3485 3374 3629 3431 u'tra

2053 3469 2272 3523 modum
2303 3478 2482 3523 autem
2523 3479 2744 3524 onerata
2777 3468 3124 3538 deprimitur.
3153 3468 3417 3538 aquisque
3445 3468 3631 3522 obrui-

2053 3574 2161 3617 tur.
2219 3563 2544 3626 Caveamus,
2601 3578 2668 3616 uc
2716 3577 2839 3615 cum
2895 3561 3093 3616 similia
3151 3561 3241 3626 iis,
3280 3569 3443 3630 atque
3492 3560 3630 3615 adeo

2051 3654 2208 3709 venia
2245 3641 2453 3723 majora
2500 3663 2555 3708 et
2586 3654 2833 3724 graviora
2870 3652 3075 3723 flagitia
3113 3654 3632 3723 perpetraverimus,

2050 3754 2344 3815 antequam
2404 3753 2653 3815 speratos
2708 3754 2902 3814 portus
2953 3747 3269 3813 conspicere
3324 3759 3630 3814 queamus,

2052 3836 2401 3903 naufragium
2440 3836 2728 3898 faciamus,
2760 3849 2822 3887 ac
2864 3845 3038 3887 morte
3073 3834 3322 3902 prmrepti
3359 3834 3632 3904 baptismo

2052 3929 2364 3983 multemur.
2415 3926 2554 3993 Quid
2605 3937 2817 3996 tempus
2864 3925 2993 3978 illud
3047 3935 3353 3994 exspectas,
3408 3928 3461 3980 in
3519 3942 3629 3997 quo

2050 4035 2292 4091 persath
2342 4033 2411 4073 ne
2490 4017 2718 4072 rationis
2773 4018 2992 4087 quidem
3051 4018 3224 4086 ipsius
3279 4033 3503 4087 compos
3572 4035 3633 4073 es

2053 4112 2230 4181 (multi
2260 4111 2404 4164 enim
2422 4124 2487 4164 ex
2517 4108 2682 4163 febris
2712 4118 2846 4163 aestu
2884 4108 3632 4178 insaniamcontraxerunt),

2052 4204 2273 4273 quando
2301 4213 2353 4257 et
2384 4202 2567 4271 lingua
2609 4200 2779 4256 fracta
2811 4209 2864 4255 et
2894 4200 3174 4255 debilitata
3208 4210 3310 4266 est,
3350 4216 3447 4255 nec
3480 4201 3633 4255 salu-

2055 4298 2212 4352 tifera
2251 4297 2408 4349 verba
2466 4295 2714 4366 proloqui
2752 4301 2952 4364 potest,
2986 4306 3110 4346 cum
3147 4292 3274 4357 alia,
3326 4302 3437 4345 tum
3484 4293 3629 4362 quod

2053 4389 2268 4447 Satanae
2330 4389 2580 4442 nuntium
2646 4387 2914 4449 remittis,
2972 4394 3026 4440 et
3086 4383 3289 4440 Christi
3349 4386 3632 4439 ordinibus

2052 4478 2403 4551 adjungeris?
2433 4479 2504 4536 Ut
2535 4479 2669 4532 nihil
2701 4478 2920 4549 gravius
2947 4478 3148 4541 dicam,
3177 4478 3317 4532 velut
3350 4478 3494 4548 quod
3530 4492 3629 4531 nec

355 4561 580 4618 Christo
602 4565 907 4619 eollustratt
938 4566 1161 4621 fuerint.
1194 4567 1346 4623 lianc
1376 4571 1607 4638 gratiam
1636 4570 1704 4625 iis
1730 4572 1944 4628 confert
1972 4564 2026 4623 D
2054 4573 2110 4627 in
2169 4572 2369 4627 coelum
2409 4585 2603 4625 manus
2658 4572 2906 4625 attollere
2959 4579 3112 4640 potes
3137 4612 3151 4634 ,
3211 4584 3309 4623 nec
3366 4570 3416 4620 in
3471 4569 3632 4636 pedes

353 4654 688 4722 baptismus,
741 4657 835 4725 qui
894 4657 1066 4726 ipsius
1115 4660 1346 4727 gratiam
1384 4668 1715 4728 agnoscunt.
1761 4659 1944 4731 Bapti-

355 4760 551 4799 zcmur
583 4747 768 4815 itaque
801 4755 859 4800 ut
893 4748 1177 4802 victoriam
1213 4749 1516 4805 referamus
1552 4767 1567 4804 τ
1595 4754 1948 4825 quandoqui-

361 4837 486 4891 dem
518 4836 770 4893 Christus
804 4848 930 4908 post
970 4840 1305 4910 baptismum
1344 4851 1669 4897 tentatorem
1728 4859 1948 4913 pOStra-

354 4928 455 4992 vit,
504 4945 628 4984 cum
682 4938 792 4985 tres
843 4932 945 5002 ipsi
1000 4933 1331 4988 teutationes
1382 4934 1745 4996 adhibuisset.
1802 4935 1942 5006 gulae

356 5007 598 5088 scilicet,
627 5024 808 5078 inanis
834 5023 1042 5094 glorite,
1074 5034 1127 5079 et
1157 5026 1420 5081 avaritia.
1452 5023 1813 5095 Lustralium,
1845 5042 1942 5083 seu

361 5116 640 5184 baptismi,
674 5132 941 5186 aquarum
981 5118 1275 5187 participes
1323 5119 1522 5183 simus,
1573 5134 1696 5188 quae
1726 5121 1944 5190 quidem

361 5207 628 5275 legalibus
665 5208 1080 5278 purgatimtibus
1126 5209 1532 5278 prastautiores
1568 5223 1720 5273 sunt,
1756 5227 1950 5282 nempe

364 5300 627 5368 byssopo,
656 5302 943 5369 sanguine,
972 5311 1026 5356 et
1051 5302 1234 5373 cinere
1264 5303 1469 5365 vitulis,
1502 5317 1623 5371 quae
1650 5320 1679 5356 a
1711 5315 1948 5367 mortuo,

360 5392 444 5444 vel
479 5392 718 5460 leproso,
751 5392 833 5446 vel
865 5394 971 5448 alia
1001 5394 1234 5463 quadam
1275 5395 1590 5464 hujusmodi
1627 5411 1683 5449 re
1713 5396 1950 5465 pollutos

358 5494 414 5541 et
477 5486 792 5555 inquinatos
866 5490 1229 5557 aspergebat,
1316 5502 1626 5557 corpusque
1688 5486 1951 5541 duntaxat

357 5581 651 5651 purgabat,
679 5577 844 5648 idque
869 5578 938 5633 ad
970 5579 1134 5635 breve
1167 5589 1404 5651 tempus.
1429 5578 1563 5634 Nam
1591 5579 1634 5650 si
1664 5590 1945 5650 peccatum

435 5783 476 5815 ⁸⁷
512 5783 703 5837 Matth.
738 5798 813 5845 tv,
843 5783 897 5838 i.
978 5782 1022 5813 “
1050 5781 1204 5837 Joau.
1242 5799 1297 5837 vt
1352 5782 1440 5844 55,
1486 5782 1575 5836 35.

359 5854 449 5910 19.
526 5854 577 5886 ⁸³
610 5852 791 5908 Galat.
816 5871 899 5917 tu,
930 5853 1021 5906 27.
1099 5852 1146 5882 “
1184 5854 1345 5907 llebr.
1386 5868 1475 5915 vn,
1509 5853 1602 5907 27.

692 5950 945 6007 Partiri.
1012 5945 1109 6006 Gn
1181 5946 1327 6004 (1X12
1347 5946 1485 6005 \"ll.

1653 5781 1700 5814 “
1733 5779 1877 5838 Psal.
1916 5795 2004 5849 xc,
2028 5780 2111 5837 ll.

2053 4678 2372 4737 exsurgere,
2432 4677 2531 4716 nec
2583 4661 2925 4716 adorationis
2977 4675 3140 4714 causa
3199 4674 3336 4728 genu
3391 4658 3630 4713 ﬂectere.

2051 4755 2325 4820 Quocirca
2381 4754 2446 4807 ad
2509 4754 2881 4822 baptismum,
2943 4752 3088 4804 velut
3139 4750 3205 4803 ad
3265 4749 3630 4817 beneficium,

2050 4855 2310 4900 contento
2339 4855 2391 4899 et
2439 4846 2607 4898 citato
2655 4859 2817 4898 cursu
2859 4856 3110 4912 propera.
3145 4843 3386 4911 quandiu
3421 4854 3472 4895 et
3502 4856 3629 4895 cor-

2053 4952 2183 5007 pore
2229 4947 2284 4991 et
2333 4938 2518 4990 animo
2572 4935 2762 4997 vales,
2816 4949 2916 4988 nec
2968 4936 3022 4989 iu
3075 4934 3307 4987 aliorqu
3363 4941 3629 5003 potestate

2057 5031 2261 5083 bonum
2303 5038 2455 5081 tuum
2503 5014 2667 5081 situm
2718 5035 2822 5091 est,
2867 5025 2968 5081 hoc
3018 5034 3121 5091 est,
3171 5034 3527 5096 cognatorum
3575 5037 3632 5080 et

2060 5136 2260 5190 genere
2290 5119 2745 5188 propinquorum,
2773 5131 2960 5170 verum
2994 5115 3069 5171 tui
3102 5116 3275 5185 ipsius
3302 5126 3383 5170 rst
3417 5116 3628 5170 arbitrii

2060 5215 2161 5268 hoc
2193 5211 2541 5274 beneficium,
2580 5210 2845 5263 hactenus
2881 5209 3106 5274 scilicet,
3142 5220 3201 5264 ut
3236 5210 3320 5265 vel
3368 5210 3630 5280 accipias,

2053 5303 2135 5356 vel
2201 5302 2481 5371 repudies.
2545 5300 2797 5367 Quandiu
2866 5300 2990 5356 fidei
3054 5302 3308 5370 pietatem
3370 5303 3628 5371 consequi

2055 5403 2230 5464 potes,
2268 5393 2472 5447 nullam
2503 5393 2759 5447 videlicet
2784 5392 3184 5448 dubitationem
3219 5395 3414 5447 animis
3445 5409 3630 5448 corum

2053 5490 2146 5557 qui
2209 5488 2409 5541 adsunt
2453 5487 2726 5556 injiciens,
2780 5487 3189 5557 baptismumne
3248 5489 3510 5551 senseris,
3564 5504 3629 5540 an

2052 5596 2177 5634 vero
2218 5579 2369 5633 nullo
2421 5595 2613 5635 eorum
2681 5595 2800 5649 qua:
2844 5590 3102 5649 gerantur
3153 5594 3318 5633 sensu
3361 5579 3632 5644 alliCitll'iS,

2189 5779 2236 5812 ⁸⁸
2264 5776 2466 5835 Jercm.
2502 5796 2574 5848 iv,
2606 5779 2698 5833 22.
2776 5777 2818 5808 "
2853 5779 2997 5832 Psal.
3036 5794 3119 5842 xc,
3176 5778 3261 5831 15.
3338 5777 3382 5809 δ’
3418 5776 3549 5832 Luc.
3578 5791 3633 5839 x,

3203 5937 3276 5996 40

2028 6030 2057 6038 “
