4100 6412
436 408 573 480 19.259

1890 413 2269 476 ADDENDA.

3583 414 3723 479 1260

429 546 623 586 verum
671 545 714 582 c.
738 537 822 584 rto
874 538 1035 605 atque
1090 528 1404 583 indubitate
1441 540 1563 581 eam
1607 525 1838 596 gratiam
1891 539 2020 593 per-
2050 528 2095 584 Α
2126 539 2189 581 ac
2216 524 2507 581 sanitatem
2542 528 2702 598 quasi
2738 527 2844 582 lata
2879 528 3154 584 sententia
3187 529 3527 600 pronuntiat.
3562 531 3631 584 At
3665 544 3723 585 to

431 620 641 691 sipiens
682 634 696 673 :
737 633 835 673 nec
878 617 1287 673 miserationem
1338 630 1563 670 movens
1615 626 1671 668 ut
1722 628 1886 668 sensu
1930 628 2017 667 or-

431 713 612 777 batus,
642 711 735 767 sed
767 709 1186 781 gratulatiom-m
1219 717 1273 762 et
1303 707 1543 772 laudem,
1580 716 1637 759 ut
1669 705 1888 759 cmleste
1919 704 2020 758 hoc

430 806 637 859 donum
679 803 849 872 probe
899 802 1168 857 sentiens.
1222 798 1477 866 Quandiu
1532 798 1884 868 perspicuum
1919 795 2017 850 tibi

429 896 636 950 denum
668 905 753 949 est
800 901 856 948 ct
885 904 1274 963 Spontaneum,
1308 905 1372 944 ac
1406 904 1512 943 non
1549 904 1602 941 Ill
1651 885 1818 942 dubio
1869 895 2021 950 sunt,

430 987 526 1056 qui
566 997 618 1042 te
644 985 1026 1049 circumstant,
1057 1000 1126 1039 an
1156 983 1250 1038 tibi
1283 991 1626 1052 perspectum
1653 994 1715 1033 ac
1738 979 2020 1049 cognitum

429 1063 615 1143 fuerit,
655 1092 848 1134 necne.
887 1075 1023 1132 Nam
1056 1078 1102 1132 si
1132 1080 1236 1130 hoc
1267 1074 1592 1147 mysterium
1628 1072 1870 1128 sentiens
1898 1071 2024 1124 lecto

430 1179 595 1240 atque
651 1170 812 1225 bilari
877 1171 1065 1224 animo
1130 1168 1462 1237 baptismum
1533 1164 1815 1236 suscipis,
1874 1173 2025 1217 certe

432 1262 690 1316 intimum
728 1269 921 1330 pectus
952 1270 1116 1331 atque
1163 1260 1404 1314 animam
1444 1259 1618 1329 gratia
1671 1256 1847 1327 tetigit
1886 1271 1901 1310 :
1936 1256 2021 1310 sin

431 1360 612 1407 autem
653 1367 761 1407 non
816 1366 1145 1423 agnoscens,
1179 1351 1294 1421 jam
1348 1366 1451 1406 nec
1500 1349 1812 1420 baptismus
1850 1349 2027 1418 bapti-

434 1458 588 1500 smus
610 1452 714 1509 est,
732 1460 924 1499 verum
957 1444 1202 1499 funebris
1235 1443 1504 1498 duntaxat
1534 1444 1782 1513 corporis
1818 1441 2024 1495 ablutio

430 1536 683 1593 efﬁcitur.
735 1537 990 1606 Quandiu
1042 1540 1191 1595 circa
1239 1547 1295 1593 te
1347 1539 1637 1609 propinqui
1688 1548 1743 1592 et
1790 1551 2026 1591 consau-

433 1629 615 1699 guinei
671 1630 944 1703 lacrymas
983 1647 1091 1686 non
1128 1632 1366 1686 fundunt
1416 1631 1609 1685 mortis
1666 1630 1894 1694 indices,
1942 1628 2025 1684 vel

432 1722 600 1777 etiam
633 1725 815 1793 potius
865 1739 962 1781 eas
1012 1724 1262 1779 inhibent
1309 1739 1375 1779 ac
1426 1725 1751 1795 reprimunt,
1787 1740 1855 1779 ne
1888 1734 1939 1780 te
1969 1724 2022 1779 in

433 1817 740 1886 graviorem
788 1831 1083 1874 mmrorem
1118 1833 1183 1872 ac
1213 1818 1654 1890 desperationem
1703 1817 2023 1889 conjiciunt,

2130 634 2198 675 ne
2244 621 2547 688 committe,
2582 630 2641 675 ut
2690 623 3006 692 huiusmodi
3059 623 3319 677 sudorem
3371 637 3726 696 exspectans.

2130 712 2406 783 baptismo
2448 729 2655 768 moram
2692 714 3030 784 interponas,
3063 718 3265 788 quippe
3295 734 3423 773 cum
3469 720 3720 775 accidere

2131 805 2327 875 possit,
2362 815 2422 860 ut
2451 821 2553 876 pro
2580 821 2646 860 eo
2680 806 2897 860 lethalis
2937 807 3109 863 sudor
3140 817 3193 863 te
3222 810 3508 881 corripiat,
3559 827 3722 881 quem

2128 898 2442 969 egrediente
2469 899 2650 955 anima
2683 917 2884 969 corpus
2916 901 2968 954 in
3002 911 3251 958 extremo
3284 919 3488 976 angore
3518 907 3728 974 fundit,

2130 993 2421 1063 praesentis
2473 993 2594 1048 vita:
2641 997 2801 1049 fluent
2851 993 3201 1053 clamantem.
3251 996 3399 1065 Quin
3452 1002 3638 1070 potius
3673 1011 3728 1059 te

2131 1087 2310 1157 ipsum
2349 1088 2768 1153 commiserare,
2804 1089 2899 1158 qui
2949 1089 3289 1147 infirmitatis
3334 1092 3532 1147 animae
3576 1110 3730 1149 com-

2135 1181 2493 1236 tnodissimus
2538 1197 2599 1235 es
2634 1181 2904 1237 medicus.
2950 1180 3087 1237 Dum
3128 1185 3376 1239 secundo
3424 1193 3584 1240 vento
3629 1202 3728 1241 na-

2134 1275 2319 1344 vigas,
2378 1274 2501 1329 vita:
2563 1275 2959 1345 tranquillitate
3014 1292 3079 1330 ac
3135 1277 3453 1334 valetudine
3515 1280 3727 1350 integra

2137 1363 2349 1427 fruens,
2404 1365 2662 1435 baptismi
2721 1364 3069 1439 naufragium
3130 1384 3144 1421 :
3207 1369 3354 1438 quod
3412 1380 3589 1425 morte
3642 1374 3722 1435 lit,

2136 1456 2304 1525 time;
2342 1457 2413 1513 ila
2453 1458 2564 1522 ﬁet,
2604 1468 2661 1513 ut
2690 1460 2842 1515 nullo
2881 1461 3044 1515 modo
3079 1461 3430 1533 naufragium
3474 1464 3724 1533 patiaris.

2135 1546 2271 1604 Nam
2301 1550 2347 1605 si
2382 1550 2653 1612 timueris,
2685 1551 2939 1623 proferto
2967 1553 3356 1623 baptizaberis.
3391 1553 3535 1610 Lacte
3565 1564 3730 1625 atque

2137 1637 2392 1692 hilariter
2419 1638 2730 1710 baptismus
2757 1640 3095 1709 celebretur,
3126 1643 3177 1696 in
3209 1643 3446 1698 sanitate
3480 1645 3734 1700 videlicet

2135 1738 2186 1786 et
2214 1730 2417 1800 gaudio
2447 1746 2478 1786 a
2512 1740 2564 1787 te
2598 1742 2913 1804 susceptus,
2948 1749 3057 1788 non
3093 1744 3276 1789 autem
3308 1733 3596 1801 deﬂeatur,
3628 1735 3734 1792 hoc

2138 1834 2243 1889 est,
2292 1838 2401 1878 non
2447 1825 2500 1878 in
2546 1825 2741 1881 morbo
2787 1827 3071 1898 animique
3120 1843 3358 1883 mmrore
3404 1829 3736 1900 accipiatur.

433 1907 584 1963 velut
613 1923 677 1963 ea
729 1923 787 1964 re
823 1918 1056 1964 mortent
1114 1910 1210 1965 tihi
1266 1910 1556 1981 perspicue
1605 1910 2017 1972 denuntiantes.
2060 1898 2110 1961 Β
2137 1915 2247 1972 Nec
2301 1917 2560 1987 baptismi
2615 1919 2876 1974 talentum
2930 1922 3027 1977 alis
3074 1929 3125 1976 te
3169 1898 3737 1993 (lefodiaturpprimo

434 1997 687 2065 Quaudiu
726 2014 833 2054 non
887 2014 1030 2056 uxor
1060 2008 1115 2055 et
1147 1999 1305 2055 liberi
1352 2015 1580 2071 peregre
1622 2000 1914 2057 abeuntem
1960 2001 2026 2056 ad

434 2105 555 2145 sese
600 2097 950 2157 convertunt,
990 2092 1181 2147 ultima
1218 2094 1383 2147 verba
1431 2107 1496 2147 ex
1545 2101 1597 2148 te
1645 2093 1836 2147 audire
1866 2108 2030 2164 expe-

436 2191 636 2249 tentes,
688 2183 854 2254 idque
904 2193 1080 2239 morte
1129 2183 1431 2256 adurgente
1464 2197 1631 2255 atque
1665 2186 2027 2241 accelerante.

436 2275 690 2341 Quandiu
748 2291 855 2330 non
914 2285 969 2332 te
1021 2292 1118 2346 per
1170 2276 1499 2347 imperitiam
1555 2277 1692 2332 fallit
1744 2278 2027 2343 medicus,

436 2367 781 2436 ingruentem
814 2377 980 2437 atque
1008 2368 1147 2424 adeo
1188 2378 1461 2424 astantem
1499 2368 1610 2439 jam
1657 2381 1884 2425 mortem
1919 2387 2028 2425 non

438 2472 691 2524 cernens,
726 2474 917 2513 verum
968 2460 1065 2514 tibi
1119 2462 1282 2516 horas
1317 2462 1751 2532 vitae'lnrgiens,
1803 2464 2031 2532 perinde

440 2557 606 2619 atque
654 2565 823 2620 penes
874 2552 1052 2621 ipsum
1106 2554 1401 2608 arbitrium
1437 2568 1631 2610 earum
1687 2571 1751 2610 ac
1787 2565 2033 2626 potestas

438 2641 531 2695 sit.
562 2640 665 2708 Qui
697 2643 860 2697 etiam
914 2643 1085 2699 dubio
1109 2646 1308 2715 capitis
1338 2656 1475 2701 nutu
1507 2647 1730 2703 dubiam
1763 2663 1829 2705 ac
1854 2650 2032 2704 ambi-

440 2748 602 2801 guam
654 2734 750 2789 tibi
799 2734 1031 2790 salutem
1080 2734 1233 2801 facit,
1282 2750 1340 2792 ut
1382 2738 1484 2795 hac
1537 2747 1655 2796 arte
1707 2753 2030 2812 sequentem

441 2833 631 2895 postea
663 2826 1152 2896 reprehensionem
1188 2840 1351 2898 atque
1399 2831 1635 2887 inscitiae
1685 2834 1945 2901 probrum
1982 2845 2035 2889 et

444 2918 860 2975 insectationem
915 2918 1111 2992 fugiat,
1162 2930 1327 2991 atque
1362 2935 1489 2979 ante
1543 2935 1772 2980 mortem
1808 2924 2029 2996 quidem

443 3009 650 3065 recedit
679 3010 785 3081 (vel
820 3011 1185 3083 copiosiorem
1238 3018 1548 3071 mercedem
1582 3031 1679 3087 per
1718 3017 2034 3088 hujusmodi

445 3118 718 3158 recessum
771 3119 1117 3177 exposcens,
1176 3110 1259 3162 vcl
1315 3108 1637 3179 significans
1690 3126 1749 3165 se
1802 3112 2033 3166 salutem

370 3192 378 3200 ’
446 3204 592 3249 tuam
626 3211 724 3266 pro
745 3197 1034 3269 desperata
1066 3215 1132 3256 ac
1157 3200 1438 3272 deplorata
1471 3203 1695 3266 habere,
1719 3217 1783 3256 ac
1805 3203 2035 3273 proinde

444 3301 546 3341 nec
593 3291 787 3345 adesse
836 3292 1001 3363 velle)
1055 3304 1178 3362 post
1214 3302 1444 3347 mortem
1498 3301 1680 3348 autem
1729 3295 1798 3348 de
1849 3263 2108 3349 morboC

443 3379 709 3451 disputat,
738 3398 825 3449 ac,
858 3399 925 3438 ne
965 3386 1102 3437 artis
1135 3399 1333 3453 expers
1380 3394 1432 3438 et
1483 3385 1709 3453 ignarus
1764 3386 2037 3450 videatur,

442 3486 644 3528 causas
673 3474 939 3543 quasdam
976 3473 1204 3543 profert,
1242 3474 1456 3538 dicens,
1492 3477 1539 3529 si
1574 3477 1677 3530 hoc
1712 3484 1878 3547 atque
1910 3479 2039 3532 illud

445 3562 670 3620 fecisset
715 3565 804 3620 hic
834 3565 1019 3632 homo,
1070 3566 1497 3637 haudquaquam
1526 3582 1556 3622 e
1584 3568 1690 3623 vita
1729 3570 2039 3640 migrasset.

452 3654 797 3726 Baptismum
850 3658 1094 3730 suscipe,
1145 3660 1391 3729 quandiu
1445 3660 1675 3715 minime
1726 3662 1937 3716 circum
1992 3672 2043 3719 te

448 3758 718 3819 pugnant,
755 3752 801 3805 is
830 3752 924 3821 qui
964 3762 1014 3807 te
1058 3752 1316 3822 baptismi
1356 3767 1499 3823 aqua
1535 3752 1745 3824 tingere
1778 3766 1956 3823 parat,
1991 3764 2044 3810 et

449 3843 543 3913 qui
599 3846 961 3913 pecuniarum
1021 3854 1238 3901 tuarum
1295 3847 1469 3902 lueres
1522 3845 1741 3901 futurus
1790 3856 1897 3910 est,
1952 3828 2046 3902 ille

450 3935 713 3991 nimirum
762 3939 1011 3994 studiose
1056 3954 1247 4010 agens,
1286 3950 1451 4009 atque
1492 3939 1857 4004 contendens,
1892 3949 1949 3994 ut
1981 3955 2042 3994 ea

449 4045 574 4100 quae
607 4031 673 4085 ad
716 4032 838 4088 vita:
889 4036 1096 4087 exitum
1148 4034 1463 4089 necessaria
1502 4043 1651 4096 sunt,
1707 4032 2044 4104 suppeditet,

452 4123 558 4177 hoc
591 4137 695 4190 est,
730 4136 790 4178 ut
822 4135 873 4178 te
901 4124 1131 4180 salutari
1168 4140 1308 4195 aqua
1348 4128 1542 4196 tingat,
1593 4134 1649 4179 et
1697 4124 2044 4179 Dominicum

452 4228 654 4283 corpus
684 4212 966 4281 nuper-hiat
999 4230 1012 4267 :
1049 4214 1138 4268 hic
1168 4226 1386 4279 contra,
1421 4224 1479 4268 ut
1509 4224 1838 4270 testamento
1872 4215 2049 4269 lueres

455 4306 757 4359 scribatur.
788 4303 931 4369 Quid
969 4314 1262 4374 exspectas
1291 4316 1347 4360 ut
1378 4306 1691 4376 baptisntus
1725 4308 1821 4362 tibi
1856 4307 2045 4373 febris,

455 4407 551 4450 aut
582 4396 877 4466 periculosi
915 4398 1202 4467 temporis,
1233 4413 1298 4453 ac
1329 4414 1437 4453 non
1492 4399 1676 4468 potius
1725 4401 1959 4455 rationis
1995 4411 2049 4456 et

454 4490 762 4559 prudentia:
809 4489 1106 4560 liberaeque
1158 4490 1457 4545 voluntatis
1511 4492 1779 4546 beneficio
1823 4506 2047 4561 compa-

2137 2023 2361 2078 quuque
2399 2016 2648 2078 tempore
2699 2010 2914 2065 scilicet
2968 2013 3239 2068 morituro
3274 2031 3287 2066 :
3319 2028 3510 2068 verum
3563 2029 3734 2085 nego-

2140 2100 2373 2155 tiatione
2403 2111 2641 2169 crescat,
2692 2118 2792 2173 per
2835 2104 3000 2159 vitam
3035 2115 3161 2176 post
3205 2106 3539 2176 baptismum
3588 2121 3741 2166 recte

2140 2211 2202 2249 ac
2230 2195 2489 2265 prreclare
2513 2194 2844 2253 institutam.
2870 2196 3012 2252 Inter
3040 2198 3377 2270 baptismum
3401 2209 3456 2254 et
3480 2210 3731 2268 inertem,

2142 2289 2351 2358 aliquid
2403 2292 2666 2360 temporis
2702 2291 3028 2356 intercedat,
3077 2299 3136 2347 ut
3171 2309 3281 2348 non
3331 2295 3498 2349 modo
3542 2311 3732 2352 sacra-

2144 2391 2386 2437 mentum
2430 2390 2485 2437 et
2517 2394 2869 2453 peccatorum
2918 2385 3325 2454 remissionem,
3359 2404 3523 2457 quam
3558 2391 3737 2460 bapti-

2143 2490 2297 2530 smus
2344 2474 2523 2543 affert,
2576 2474 2780 2558 habeas
2825 2492 3063 2532 :verum
3115 2480 3280 2534 etiam
3328 2482 3635 2538 mercedem
3672 2499 3739 2540 ac

2142 2569 2647 2624 remunerationem
2702 2571 2964 2642 accipias,
3021 2581 3079 2628 ut
3130 2572 3225 2643 qui
3280 2573 3503 2630 virtutis
3549 2577 3738 2631 studio

2145 2660 2485 2716 incubueris.
2555 2659 2690 2716 Nam
2753 2676 2935 2731 parvae
2995 2663 3218 2732 quidem
3279 2671 3445 2733 atque
3508 2666 3740 2735 abjectae

2146 2755 2344 2810 animae
2395 2754 2719 2824 praclarum
2778 2763 3042 2809 censetur
3095 2771 3316 2825 poenam
3373 2757 3547 2812 solam
3601 2758 3743 2814 cﬂ‘u-

2146 2860 2273 2918 gere
2308 2863 2321 2900 :
2354 2854 2411 2901 at
2441 2847 2534 2916 qui
2568 2846 2738 2902 animi
2772 2847 3154 2919 magnitudine
3191 2848 3456 2920 praeditus
3487 2858 3596 2916 est,
3627 2865 3740 2906 non

2146 2938 2310 2993 modo
2365 2937 2603 2994 salutem
2657 2948 2712 2993 et
2768 2940 3026 3004 veniam,
3089 2942 3183 2995 sed
3240 2941 3418 3010 majus
3474 2942 3736 3010 quiddam

2143 3030 2307 3087 etiam
2343 3031 2561 3103 quaerit,
2605 3030 2885 3086 caelestem
2932 3046 3128 3101 nempe
3167 3031 3400 3102 gloriam
3445 3041 3501 3088 et
3547 3032 3737 3102 splen-

2145 3120 2357 3176 dorem.

2218 3212 2333 3267 Col.
2364 3211 2470 3267 578
2491 3212 2553 3268 C.
2584 3216 2705 3267 Tres
2757 3214 2898 3267 enim
2932 3229 3112 3267 eorum
3156 3215 3247 3284 qui
3297 3214 3526 3269 salutem
3559 3231 3742 3269 come-

2145 3314 2403 3377 quuntur,
2435 3316 2542 3360 etc.
2582 3303 2904 3361 Postremus
2952 3320 3144 3359 eorum
3178 3306 3272 3375 qui
3309 3316 3515 3360 atterna
3555 3307 3736 3362 salute

2148 3398 2444 3460 donantur,
2480 3398 2705 3467 gradus,
2765 3410 3053 3451 servorum
3110 3404 3218 3460 est,
3250 3410 3376 3451 eum
3438 3397 3564 3466 quis
3603 3412 3737 3467 sup-

2146 3483 2437 3553 pliciorum
2495 3494 2666 3549 metu,
2741 3484 2961 3540 virtutis
3032 3485 3275 3540 studium
3358 3487 3738 3557 amplectitur.

2147 3571 2362 3629 Medius
2414 3574 2884 3630 mercenariorum
2917 3614 2932 3640 ,
3008 3589 3135 3629 cum
3193 3575 3341 3646 quis,
3423 3575 3739 3634 futurorum

2151 3669 2421 3725 bonorum
2454 3669 2850 3741 pollicitatione
2876 3668 3114 3734 illectus,
3141 3670 3328 3740 probis
3366 3679 3530 3737 atque
3563 3670 3741 3726 hone-

2148 3764 2250 3820 stis
2295 3762 2609 3819 actiouibus
2640 3764 2883 3833 seipsum
2941 3762 3167 3820 addicit.
3226 3761 3467 3829 Primus,
3506 3763 3740 3832 aliisque

2149 3857 2363 3914 duobus
2422 3856 2798 3925 praestantior,
2863 3856 3105 3913 ﬁliorum
3158 3870 3264 3922 est,
3303 3873 3427 3911 cum
3460 3858 3587 3928 quis
3639 3856 3737 3912 Dei

2149 3962 2340 4003 amore
2369 3947 2634 4019 flagrans,
2668 3948 2928 4019 praeclare
2958 3949 3125 4004 vitam
3163 3949 3404 4006 instituit
3446 3969 3459 4004 :
3487 3951 3744 4021 quando-

2148 4040 2368 4110 quidem
2398 4039 2566 4107 tllius,
2600 4054 2703 4095 nec
2744 4040 3040 4095 verborum
3080 4052 3253 4106 metu,
3302 4056 3403 4096 nec
3430 4042 3640 4111 praemii
3677 4056 3744 4097 ac

2150 4132 2422 4187 mercedis
2451 4146 2567 4202 spe,
2593 4131 2687 4187 sed
2712 4146 2901 4188 amore
2933 4141 3145 4202 patrem
3176 4134 3310 4188 colit
3355 4142 3520 4204 atque
3554 4133 3747 4189 obsero

2153 4236 2261 4281 vat.
2294 4224 2561 4291 Quamvis
2592 4225 2738 4279 cnim
2775 4223 2926 4279 nulla
2949 4224 3017 4278 ad
3058 4238 3184 4279 eum
3237 4225 3603 4280 observantia:
3630 4240 3748 4281 sua:

2151 4329 2206 4375 ct
2246 4318 2497 4388 obsequii
2528 4333 2743 4373 merces
2776 4317 3021 4372 reditura
3070 4317 3163 4383 sit,
3197 4319 3300 4373 hoc
3332 4318 3510 4388 ipsum
3561 4295 3747 4374 tam'en

2156 4412 2427 4467 mercedis
2472 4411 2594 4466 loco
2627 4411 2799 4476 ducit,
2842 4410 3109 4465 nimirum
3144 4426 3207 4465 ea
3239 4425 3364 4480 qua:
3402 4411 3543 4481 patri
3589 4419 3748 4483 grata

2152 4519 2203 4558 et
2241 4512 2462 4574 accepta
2490 4510 2642 4568 sunt,
2676 4503 2924 4572 exsequi.
2963 4500 3091 4558 Haec
3146 4516 3314 4572 porro
3356 4503 3462 4556 tria
3512 4516 3578 4557 ne
3617 4516 3757 4557 con-

458 4582 645 4637 retur?
675 4583 816 4650 Quid
849 4594 1159 4654 exSpectas,
1194 4594 1248 4639 ut
1281 4585 1351 4640 ab
1381 4586 1561 4641 amico
1595 4597 1747 4642 certo
1779 4586 2038 4651 resciscas

2158 4607 2489 4660 temnamus,
2543 4593 2702 4649 nobis
2738 4591 3042 4648 cavendum
3105 4603 3211 4657 est,
3244 4591 3434 4664 plagas
3466 4591 3742 4658 videlicet,

456 4689 509 4732 te
535 4678 763 4749 jamjam
799 4681 1151 4747 moriturum,
1199 4682 1292 4752 qui
1345 4682 1591 4751 quidem,
1627 4690 1902 4751 quatenus
1951 4682 2046 4735 tibi

456 4772 717 4843 baptismi
750 4773 1111 4835 mentionem,
1140 4782 1200 4828 ut
1226 4775 1698 4845 perturbationem
1732 4776 2049 4840 allaturam,

458 4869 683 4938 injicere
718 4878 1003 4941 gravatur,
1040 4869 1423 4926 insidiatorem
1459 4870 1553 4924 tibi
1587 4884 1645 4924 se
1678 4870 1903 4940 praebet,
1940 4887 2050 4924 non

458 4962 744 5016 amicum?
801 4964 967 5019 Estne
997 4965 1144 5018 enim
1179 4966 1300 5035 ejus
1350 4968 1443 5034 qui
1501 4972 1674 5030 amat,
1727 4978 2048 5033 pereuntem

457 5054 696 5107 amicum
723 5068 789 5108 ac
818 5058 938 5110 sine
972 5056 1244 5127 baptismo
1271 5057 1564 5112 abeuntem
1594 5056 1915 5127 negligere?
1941 5056 2053 5111 Cur

460 5145 628 5211 igitur
683 5146 911 5201 liberam
971 5158 1298 5219 potestatem
1368 5166 1476 5206 non
1536 5148 1801 5220 praefers,
1861 5166 2052 5205 verum

459 5238 664 5305 morbi,
720 5248 815 5292 aut
869 5241 1012 5296 alius
1062 5243 1349 5313 cujusdam
1407 5243 1626 5297 adversi
1680 5257 1886 5308 casus,
1943 5242 2050 5295 vim

461 5341 629 5402 atque
650 5333 1063 5400 oppressionem
1088 5344 1408 5404 exspectas;
1438 5335 1569 5406 quid
1607 5334 1862 5389 criticum
1889 5334 2056 5387 sudo-

460 5442 602 5491 rem,
650 5427 755 5481 hoc
798 5437 881 5482 εει
923 5428 1179 5483 sanitatis
1210 5436 1265 5482 et
1298 5427 1418 5481 vitae
1451 5429 1821 5498 praenuntiuiu
1858 5441 2056 5496 exspe-

461 5521 723 5576 ctandum
759 5531 919 5592 putas
956 5540 968 5574 :
1006 5531 1245 5589 quatuor
1281 5522 1423 5575 enim
1462 5528 1592 5577 sunt
1627 5521 1771 5591 apud
1815 5520 2059 5575 medicos

460 5615 579 5670 dies
621 5615 689 5669 de
738 5616 1061 5685 aegrotantis
1113 5613 1424 5670 valetudine
1472 5614 1744 5686 judicium
1797 5612 2056 5678 ferentes,

463 5714 721 5772 quartus,
775 5704 1070 5774 septimus,
1129 5721 1311 5760 nouus
1375 5716 1430 5760 et
1486 5705 1832 5770 undecimus,
1895 5712 2062 5773 atque

463 5796 631 5849 etiam
680 5812 825 5867 saepe
873 5800 1117 5854 decimus
1168 5799 1363 5853 tertius
1409 5816 1424 5853 :
1477 5801 1530 5851 in
1583 5812 1820 5865 quorum
1872 5796 2058 5865 aliquo

466 5887 635 5941 sudor
687 5890 912 5945 obortus
947 5893 1223 5959 morbum,
1276 5892 1508 5961 iudicat,
1564 5891 1665 5945 hoc
1714 5901 1817 5957 est,
1873 5889 2060 5958 solvit,

2155 4701 2209 4745 et
2260 4691 2591 4753 mercedem,
2649 4702 2716 4743 ac
2762 4685 2884 4751 Dei,
2935 4694 3198 4756 tanquam
3273 4684 3481 4751 Patris,
3535 4686 3749 4741 cultum

2155 4790 2321 4851 atque
2382 4780 2819 4837 observantiam.
2883 4778 3151 4849 Perquam
3218 4780 3366 4835 enim
3448 4778 3752 4835 absurdum

2156 4874 2345 4940 fuerit,
2400 4872 2446 4927 si
2504 4871 2727 4942 quidem
2779 4887 2976 4927 aurum
3033 4870 3251 4941 publice
3279 4881 3560 4940 erogetur,
3614 4869 3751 4924 illud

2156 4984 2268 5037 pra:
2327 4966 2450 5021 aliis
2510 4965 2833 5021 hominibus
2891 4980 3109 5036 rapere,
3158 4964 3501 5035 spiritualem
3562 4971 3748 5018 autem

2157 5060 2476 5123 sanitatem,
2510 5073 2631 5127 qua:
2656 5057 2935 5126 baptismo
2965 5067 3342 5128 comparatur,
3393 5056 3449 5110 in
3501 5057 3750 5110 futurum

2159 5152 2388 5221 rejicere
2426 5167 2439 5204 :
2471 5159 2680 5206 etcum
2732 5150 2891 5204 bilem
2943 5163 3206 5205 evomere
3256 5147 3509 5218 cupiens,
3546 5162 3754 5217 nequa-

2159 5260 2325 5316 quam
2349 5258 2471 5300 eam
2496 5259 2663 5314 prava
2689 5254 2741 5299 et
2777 5242 3048 5314 flagitiosa
3086 5241 3265 5296 victus
3290 5240 3501 5294 ratione
3523 5253 3757 5309 augeas,

2161 5353 2352 5392 verum
2409 5338 2656 5392 molestis
2697 5337 2880 5403 potius
2939 5335 3268 5390 humoribus
3301 5347 3503 5403 corpus
3544 5333 3761 5388 exhau-

2160 5429 2294 5496 tias,
2327 5430 2524 5484 animae
2577 5438 2758 5483 tamen
2814 5430 3197 5498 purgationem
3239 5429 3295 5484 in
3332 5428 3481 5484 aliud
3538 5437 3758 5496 tempus

2162 5534 2450 5577 reservare
2489 5535 2552 5575 ac
2620 5521 3037 5575 transmittere:
3094 5536 3333 5592 cumque
3381 5520 3427 5575 si
3467 5518 3754 5573 hominum

2166 5615 2434 5671 servitute
2481 5614 2830 5683 preuiereris,
2868 5628 2932 5668 ac
2964 5615 3186 5684 publico
3226 5613 3500 5684 prazconio
3529 5613 3759 5667 libertas

2166 5709 2340 5766 servis
2398 5709 2811 5771 decerneretur,
2877 5708 3014 5762 nihil
3064 5723 3171 5764 non
3230 5707 3476 5763 facturus
3530 5707 3609 5761 sis
3648 5720 3762 5773 quo

2163 5814 2284 5855 eam
2314 5798 2654 5867 assequaris,
2685 5814 2749 5853 ea
2807 5809 2989 5853 tamen
3045 5816 3168 5853 esse
3200 5800 3479 5862 vecordia,
3533 5808 3589 5850 ut
3630 5812 3759 5850 cum

2167 5902 2219 5951 te
2240 5908 2350 5949 non
2387 5891 2815 5955 bominum,sc:l
2842 5894 3049 5949 occcati
3084 5891 3413 5955 servum.ad
3452 5891 3759 5947 libertatem
