4100 6442
481 339 607 406 19.6!

1409 341 1737 403 NICETAS
1781 341 1860 401 IN
1901 340 2129 400 ORAT.
2226 340 2329 407 XL

2468 341 2530 402 S.
2569 339 2809 401 GREG.
3610 343 3745 412 12'}!

478 459 856 523 pimcovoret,
912 452 1152 507 nondum
1211 451 1305 506 tibi
1363 451 1714 507 commodum
1769 462 1891 504 esse
1934 460 2055 501 eam
2090 450 2133 508 Α
2164 444 2452 513 perfusum
2495 446 2779 511 habueris,
2842 448 3303 518 quemadmodum
3334 452 3462 510 olim
3498 454 3749 517 Hebr-reo.

479 546 725 615 accipere
758 545 910 599 dicas
977 562 991 597 :
1049 559 1306 614 cumque,
1361 551 1416 598 et
1468 551 1695 609 vestem,
1742 550 1798 597 et
1833 541 2056 597 domum

482 638 824 709 magniﬁcam
849 647 904 693 et
922 648 1173 695 ornatam
1205 636 1430 700 habeas,
1460 635 1783 707 egregieque
1821 632 2060 690 instruc-

476 741 616 795 tam,
641 731 875 801 teipsum
914 738 1097 785 tamen
1136 730 1298 784 vilem
1333 728 1648 800 nulliusque
1684 727 1843 799 pretii
1878 725 2057 782 homi—

476 839 600 878 nem
628 823 810 881 facere
853 839 866 877 :
904 837 1141 893 cumque
1170 824 1216 878 si
1253 823 1584 892 baptismus,
1634 831 1689 877 et
1727 820 2055 876 beneﬁcium

476 930 543 972 ex
575 929 642 971 eo
697 929 950 980 manans,
989 915 1166 985 pretio
1221 925 1583 983 quaereretur,
1637 912 1805 970 nullis
1834 913 2058 969 omnino

476 1008 727 1079 pecuniis
754 1008 1067 1079 parciturus
1089 1008 1190 1073 sis,
1222 1023 1372 1064 nunc
1413 1017 1620 1073 tamen,
1655 1006 1783 1077 quia
1811 1013 2057 1076 prompta

475 1109 643 1170 atque
668 1098 829 1156 obvia
873 1107 929 1153 et
959 1109 1283 1168 exporrecta
1335 1099 1507 1169 gratia
1555 1095 1901 1167 proponitur,
1935 1109 2056 1149 eam

476 1204 700 1265 propter
756 1192 1072 1249 facilitatem
1119 1191 1274 1246 nihili
1330 1190 1585 1263 pendere.
1636 1188 1933 1244 Enimvero
1989 1186 2059 1241 ad

474 1282 710 1336 salutem
776 1297 872 1352 per
936 1281 1275 1351 baptismum
1345 1279 1784 1351 consequendam
1846 1278 2057 1334 nullum

474 1384 691 1443 tempus
744 1373 983 1429 alienum
1051 1374 1385 1429 censendum
1450 1381 1556 1438 est,
1614 1373 2058 1443 quandoquidem

477 1479 577 1520 nec
647 1463 819 1521 ullum
881 1472 1116 1533 tempus,
1174 1472 1396 1534 propter
1431 1467 1552 1519 vitae
1590 1463 2057 1528 incertitudinem,

475 1559 718 1614 alienum
745 1572 773 1610 a
802 1569 977 1612 morte
1001 1567 1103 1615 est.
1137 1555 1271 1611 Ecce
1298 1573 1435 1612 nunc
1483 1566 1685 1627 tempus
1710 1555 2057 1628 acceptabile,

477 1647 656 1718 inquit
705 1649 1002 1718 Apostolus
1027 1649 1094 1702 ⁵⁸.
1156 1647 1281 1705 llaec
1337 1658 1522 1706 autem
1576 1648 1867 1719 particula.
1903 1646 2061 1703 Nune

475 1761 582 1799 non
616 1759 785 1799 unum
860 1741 1137 1812 quoddam
1185 1752 1402 1814 tempus
1466 1741 1678 1805 delluit,
1733 1742 1828 1797 sed
1875 1742 2059 1795 omnia

474 1845 743 1905 tempora,
820 1844 986 1905 atque
1060 1847 1510 1903 unumquemque
1580 1832 1753 1900 diem,
1810 1833 2055 1902 quandiu

476 1928 636 1984 hodie
665 1939 913 1982 vocatur.
937 1928 1014 1983 Ac
1057 1941 1249 1981 rursus
1281 1926 1425 1982 idem
1450 1925 1745 1995 Apostolus
1770 1926 2054 1993 clamat",

477 2018 1203 2089 Expergesrerequidormis,
1226 2025 1559 2085 etquantutn
1585 2016 1947 2081 advirtutem,
1970 2017 2062 2073 dc-

472 2112 611 2169 sidia
630 2121 684 2167 et
707 2110 902 2165 inertia
924 2114 1191 2181 torpescis
1216 2126 1229 2164 :
1267 2119 1341 2173 et,
1369 2125 1591 2180 exsurge
1626 2127 1659 2165 a
1686 2110 1932 2175 mortuis,
1955 2112 2060 2166 huc

471 2216 577 2271 est,
624 2220 655 2260 a
695 2204 901 2260 itetidis
945 2204 1156 2273 peccati
1182 2203 1465 2274 operibus,
1499 2218 1564 2261 ac
1597 2218 1693 2274 per
1722 2204 2056 2274 baptismum

473 2297 761 2362 revivisce,
800 2307 964 2368 atque
990 2297 1326 2354 illuminare.
1349 2295 1811 2368 Quandoquidem
1844 2297 1932 2359 iis,
1963 2297 2058 2368 qui

472 2392 529 2448 in
559 2401 907 2460 peccatorum
940 2389 1180 2445 tenebris
1213 2404 1244 2445 a
1280 2401 1456 2444 morte
1505 2391 1916 2461 opprimuntur,
1946 2400 2060 2446 tre-

474 2483 669 2540 menda
695 2497 825 2553 spes
858 2496 923 2537 ac
976 2481 1211 2539 formido
1259 2494 1342 2538 est
1376 2482 1545 2538 futuri
1603 2483 1877 2552 supplicii.
1909 2482 2059 2538 Con-

471 2577 771 2634 ducibilius
818 2586 1003 2631 autem
1060 2576 1218 2632 nobis
1274 2574 1459 2641 fuerit,
1509 2576 1555 2631 si
1634 2591 1736 2632 nos
1791 2576 2059 2632 matutino

472 2669 729 2726 diabolus
761 2668 1056 2724 incursans
1089 2669 1348 2738 reperiat,
1401 2669 1503 2725 hoc
1547 2678 1652 2734 est,
1701 2670 1755 2724 iu
1804 2668 2056 2738 baptismi

473 2765 596 2820 luce
627 2761 979 2818 exsisteu‘tes.

544 2853 801 2912 Col.575
844 2853 907 2911 Β.
971 2853 1123 2919 Sere,
1171 2871 1288 2909 cum
1339 2855 1552 2911 serendi
1621 2865 1825 2924 tempus
1869 2858 2052 2928 fuerit,

471 2957 583 3005 etc.
626 2948 764 3005 Aliis
796 2946 1014 3017 quidem
1067 2950 1232 3003 rebus
1273 2949 1377 3002 alia
1441 2960 1684 3018 tempora
1724 2950 1941 3019 propria
2001 2959 2057 3003 et

471 3043 767 3099 commoda
799 3048 945 3095 stmt.
982 3040 1264 3096 Salomoui
1296 3041 1451 3096 enim
1486 3056 1605 3097 mos
1647 3043 1920 3111 gerendus
1948 3050 2054 3107 est,

476 3134 608 3190 utile
634 3133 925 3188 consilium
953 3130 1202 3187 allereuti
1252 3148 1314 3187 ac
1344 3131 1548 3188 dicenti
1582 3149 1598 3187 :
1633 3131 1827 3188 Omnia
1854 3144 2056 3205 tempus
2084 3165 2128 3223 ε

471 3241 627 3283 suum
659 3226 851 3279 habent
878 3223 946 3287 ",
973 3234 1028 3278 at
1084 3224 1339 3292 baptismi
1397 3235 1613 3295 tempus
1655 3228 1913 3280 universa
1956 3226 2056 3280 ho-

471 3299 684 3393 minum
710 3319 818 3372 vita
844 3327 946 3372 est.
1002 3319 1472 3384 Quemadmodum
1509 3319 1657 3377 enim
1684 3334 1911 3389 corpus,
1952 3318 2056 3373 nisi

468 3413 665 3482 spiret,
700 3411 883 3467 vivere
907 3426 1017 3465 non
1043 3418 1245 3480 potest,
1288 3413 1369 3465 sic
1403 3424 1502 3467 uec
1540 3410 1725 3465 anima
1756 3410 2061 3465 consistere

451 3512 639 3579 'atque
667 3508 1007 3571 conservari,
1038 3507 1142 3560 nisi
1183 3506 1501 3561 Creatorem
1542 3519 1704 3560 suum
1737 3512 2057 3574 cognoscat.

472 3598 626 3667 Quod
681 3598 727 3651 si
787 3596 1121 3667 baptismum
1149 3609 1365 3665 semper
1412 3595 1700 3664 protrahas
1752 3597 1805 3664 (a
1838 3595 2059 3650 diabolo

470 3689 685 3747 scilicet
740 3687 986 3751 delusus,
1025 3686 1113 3741 his
1170 3685 1350 3739 verbis
1406 3692 1592 3739 uteute
1643 3700 1657 3737 :
1719 3680 2057 3738 Hodiernum

470 3781 617 3836 diem
649 3778 781 3834 mihi
815 3777 908 3842 da,
959 3776 1267 3833 crastinum
1324 3775 1592 3843 Domino;
1652 3776 1786 3831 mihi
1837 3786 2056 3831 aetatem

472 3874 538 3932 ad
580 3873 888 3940 voluptates
936 3870 1263 3941 proclivem,
1324 3869 1403 3929 illi
1464 3870 1691 3926 senilem
1736 3879 1790 3926 et
1837 3854 2099 3927 ell‘etam'

469 3974 637 4035 atque
679 3963 951 4028 inutilem,
986 3977 1110 4017 eum
1132 3964 1245 4029 jam
1287 3962 1531 4018 membra
1572 3971 1629 4019 et
1672 3978 1875 4034 organa
1908 3965 2062 4019 elan-

474 4058 713 4128 guerint,
748 4072 849 4111 nec
890 4056 1004 4127 jam
1038 4056 1208 4110 ullum
1233 4055 1319 4109 sui
1358 4070 1518 4111 usum
1560 4054 1803 4124 praebere
1829 4054 2058 4126 queant)

475 4151 598 4206 vide
632 4164 700 4205 ne
759 4147 1032 4218 ejusmodi
1079 4145 1507 4217 pollicitationes
1541 4146 1736 4212 facias,
1769 4162 1893 4218 quae
1936 4148 2061 4205 vita:

471 4244 714 4316 spatium
747 4242 1091 4313 longitudine
1131 4251 1413 4311 superent.
1448 4241 1593 4311 Quot
1633 4242 1778 4297 enim
1808 4242 2059 4298 homines

476 4333 737 4390 violentis
762 4334 983 4389 casibus
1015 4332 1220 4402 abrepti
1245 4344 1395 4400 sunt,
1431 4347 1495 4387 ac
1525 4347 1592 4386 ne
1617 4346 1805 4386 vocem
1837 4331 2061 4401 quidem

474 4428 639 4489 ullam
670 4440 783 4497 prae
810 4425 1018 4481 doloris
1040 4426 1415 4497 magnitudine
1443 4424 1689 4496 proferre
1721 4424 2061 4495 potuerunt?

2163 551 2287 591 rum
2329 547 2512 606 postes
2543 542 3108 611 sanguineconspcrsi
3135 542 3342 601 fuerint
3362 546 3428 613 ⁸⁸,
3461 559 3575 606 tum
3598 569 3747 622 vero,

2160 626 2325 682 etiam
2366 628 2412 683 si
2449 628 2721 693 dormias,
2751 642 2847 684 aut
2903 632 3118 699 sedeas,
3158 645 3254 690 aut
3285 637 3434 693 aliud
3469 643 3747 714 quidpiam

2159 719 2356 786 facias,
2390 735 2523 776 cura
2545 730 2598 776 et
2634 724 3006 781 sollicitudine
3060 727 3308 794 vacabis,
3337 745 3401 786 ea
3466 749 3526 788 re
3574 734 3751 793 fretus

2159 814 2303 884 quod
2336 814 2554 870 etiamsi
2584 817 2708 885 quis
2739 831 2901 873 casus
2925 820 3021 875 tibi
3053 823 3412 895 necopiua‘nti
3450 827 3571 885 vitae
3587 829 3749 885 finem

2160 908 2426 975 attulerit,
2484 924 2833 980 nequaquam
2888 922 3070 971 tamen
3135 917 3388 988 baptismi
3468 936 3752 993 sacraeque

2161 998 2490 1055 iuitiatiouis
2511 1015 2709 1070 expers
2739 1002 2993 1063 abiturus
3042 1021 3125 1064 es.
3154 1007 3221 1062 Et
3253 1010 3397 1080 quod
3425 1011 3502 1067 ait
3536 1012 3703 1069 David
3732 1034 3746 1068 :

2163 1088 2287 1143 Non
2343 1091 2553 1145 timebis
2603 1108 2637 1147 ιι
2677 1093 2870 1148 timore
2922 1106 3180 1153 nocturno
3203 1100 3271 1167 ⁸³,
3325 1116 3354 1155 a
3401 1103 3750 1160 daemonibus

2163 1186 2386 1252 iniecto,
2418 1196 2512 1242 aut
2546 1189 2710 1244 etiam
2742 1191 2923 1247 medio
2951 1208 3015 1248 ac
3065 1195 3226 1264 pleno
3277 1198 3366 1255 die
3394 1212 3596 1269 praeter
3627 1204 3751 1270 opi-

2160 1279 2382 1333 nionem
2439 1289 2494 1335 et
2525 1286 2996 1353 exspectationem
3047 1290 3352 1347 accidente.
3413 1292 3526 1348 lloc
3565 1304 3745 1349 autem

2162 1370 2497 1427 daemonium
2527 1374 2891 1432 meridianum
2920 1378 3143 1448 quidam
3170 1383 3376 1439 arediae
3397 1393 3453 1440 et
3485 1387 3749 1459 langoris,

2162 1463 2254 1518 alii
2294 1465 2663 1522 obscenarum
2721 1470 3141 1540 cogitationum,
3210 1475 3303 1530 alii
3356 1477 3751 1553 libidinis’daa-

2164 1571 2380 1612 nionem
2422 1556 2879 1631 interpretantur.
2908 1563 3041 1619 Nam
3080 1566 3134 1620 bi
3160 1583 3384 1639 quoque
3427 1580 3540 1626 tum
3571 1575 3750 1628 maxi-

2165 1662 2271 1712 me,
2328 1649 2748 1718 ingravescente
2787 1653 3035 1709 ciborum
3088 1658 3250 1727 copia
3282 1669 3493 1725 ventre,
3537 1662 3748 1718 homini

2166 1739 2522 1797 insidiantur.
2556 1741 2893 1812 Baptismus,
2945 1754 3000 1800 et
3044 1748 3253 1804 viventi
3291 1750 3388 1806 tibi
3424 1753 3750 1821 praeclarum

2166 1830 2347 1887 estad
2408 1833 2761 1908 securitatem
2814 1838 3129 1906 praesidium
3179 1845 3263 1911 (ut
3312 1842 3459 1898 enim
3488 1843 3752 1900 thesauro

2167 1940 2277 1979 non
2312 1925 2623 1997 obsignato,
2680 1928 2941 1996 nulloque
2985 1932 3317 1989 emblemate
3359 1943 3549 1990 notato
3601 1935 3751 1991 fures

2167 2015 2327 2074 facile
2350 2019 2657 2085 imminent,
2691 2035 2757 2074 ac
2806 2023 2997 2088 pecudi
3046 2025 3196 2080 nullo
3220 2027 3377 2093 signo
3407 2026 3605 2083 inustas
3633 2036 3753 2083 tuto

2167 2125 2231 2166 ac
2251 2111 2674 2167 libereinsidias
2702 2123 2926 2169 struunt
2963 2132 2978 2168 :
3012 2117 3094 2171 sic
3133 2132 3163 2171 e
3188 2121 3471 2174 contrario
3513 2119 3566 2175 id
3599 2121 3749 2190 quod

2166 2204 2516 2273 obsignatum
2572 2215 2676 2269 est,
2716 2221 2815 2259 nec
2869 2215 3074 2263 temere
3135 2209 3349 2264 insidiis
3381 2211 3608 2280 petitur,
3648 2227 3751 2266 nec

2166 2295 2329 2351 facile
2347 2295 2611 2367 capitur);
2644 2307 2701 2352 et
2724 2298 2768 2352 si
2797 2314 2862 2353 ex
2897 2299 2999 2354 hac
3021 2301 3130 2354 vita
3158 2302 3434 2367 discedas,
3466 2304 3744 2373 egregium

2167 2389 2446 2460 parentale
2478 2389 2573 2445 tibi
2607 2390 2733 2455 erit,
2759 2404 2825 2445 ac
2867 2400 2980 2446 tum
3013 2393 3298 2448 sterilibus
3328 2404 3495 2464 atque
3536 2394 3751 2450 infruc-

2167 2483 2343 2538 tuosis
2369 2481 2722 2538 libaminibus
2742 2482 2819 2554 (9)
2853 2487 3204 2554 praestantius
3237 2487 3375 2554 (lucc
3403 2503 3568 2558 porro
3600 2489 3749 2556 vino,
3817 2486 3823 2493 ’

2166 2575 2360 2641 melle,
2423 2577 2563 2632 lacte
2601 2586 2659 2638 et
2709 2578 2831 2634 oleo
2891 2580 3241 2646 constabant,
3289 2595 3354 2635 ac
3406 2589 3747 2636 mortuorum

2165 2668 2438 2739 sepulcris
2492 2669 2562 2725 ab
2605 2670 2674 2724 iis
2722 2671 2815 2739 qui
2854 2672 3282 2742 propinquitatis
3341 2674 3752 2728 necessitudine

2165 2761 2289 2816 illos
2312 2760 2670 2830 attingebant,
2732 2760 3184 2834 iul‘undebantur)
3245 2773 3361 2819 tum
3404 2776 3747 2821 maturarum

2165 2850 2377 2923 frugum
2437 2852 2694 2920 primitiis
2750 2853 2972 2920 utilius,
3055 2869 3177 2923 quae
3251 2855 3456 2911 mortui
3511 2858 3750 2911 mortuis

2164 2953 2446 3014 praesultat,
2483 2947 2589 2999 hoc
2635 2952 2738 3008 est,
2771 2946 2839 2999 ad
2877 2946 3139 3000 virtutem
3171 2948 3369 3017 torpidi
3409 2958 3574 3018 atque
3598 2949 3749 3002 iner-

2167 3047 2273 3103 tes,
2293 3036 2520 3107 verique
2544 3037 2706 3094 ollicii
2761 3038 2962 3107 ignari,
2993 3039 3384 3095 consuetudini
3415 3042 3597 3097 stultae
3625 3056 3747 3096 ser-

2163 3131 2397 3186 vientes.

2231 3224 2348 3278 Col.
2370 3223 2475 3278 578
2506 3222 2567 3278 C.
2590 3222 2782 3276 Omnia
2809 3223 2905 3276 tibi
2931 3233 3169 3293 pereant,
3203 3225 3382 3279 omnia
3397 3225 3747 3297 diripiantur,

2160 3325 2271 3373 etc.
2303 3316 2434 3370 Esto
2468 3331 2620 3380 sane,
2652 3317 2837 3370 omnia
2867 3327 3094 3386 pereant
3118 3332 3182 3372 ac
3209 3318 3569 3387 dissipentur,
3597 3333 3748 3389 qua:-

2160 3420 2381 3475 cunque
2430 3405 2703 3460 versatilis
2740 3405 2902 3475 hujus
2933 3405 3057 3461 vita)
3109 3414 3237 3461 sunt
3278 3420 3343 3462 ae
3373 3417 3604 3463 terrenae
3624 3410 3744 3480 jac-

2164 3497 2390 3554 tationis
2434 3507 2489 3552 et
2522 3498 2845 3570 vertiginis,
2891 3513 2956 3553 ex
3016 3498 3141 3555 aliis
3193 3500 3430 3557 subinde
3486 3502 3554 3556 ad
3608 3502 3749 3558 alios

2161 3591 2527 3648 commeantia
2587 3608 2602 3645 :
2664 3599 2722 3645 tu
2773 3606 2906 3646 vero
2970 3592 3102 3648 hinc
3151 3592 3427 3648 excedens
3458 3593 3749 3665 diligenter

2160 3700 2315 3753 cave,
2336 3701 2404 3741 ne
2428 3684 2691 3756 praclaro
2719 3684 2919 3741 viatico
2943 3699 3010 3742 ac
3037 3687 3272 3743 denario
3297 3701 3509 3744 careas.
3542 3687 3747 3744 Verum

2162 3777 2395 3832 fortasse
2417 3775 2647 3840 dixeris,
2677 3774 2936 3844 quoniam
2994 3776 3180 3831 nullus
3222 3776 3366 3832 alius
3400 3787 3569 3833 restat
3605 3779 3748 3848 bap-

2163 3866 2382 3929 tismus,
2438 3864 2654 3921 idcirco
2685 3865 2955 3934 baptiaari
2982 3864 3198 3932 d'rtl'ero,
3227 3869 3374 3935 quod
3429 3882 3642 3936 verear,
3680 3886 3749 3926 ne

2161 3973 2285 4012 eum
2343 3956 2693 4013 labefactent.
2739 3956 2905 4026 Atqui
2966 3957 3158 4017 eadem
3215 3959 3429 4014 ratione
3481 3977 3549 4015 ne
3589 3961 3748 4017 Chri-

2161 4050 2377 4105 stianus
2404 4048 2624 4118 quidem
2656 4047 2752 4103 llas
2783 4065 2798 4103 :
2832 4048 3271 4118 quandoquidem
3309 4051 3612 4120 periculum
3638 4063 3746 4114 est,

2162 4159 2230 4199 ne
2261 4141 2402 4197 forte
2434 4149 2625 4196 exorta
2661 4141 3045 4210 persecutione
3063 4141 3271 4197 Christi
3307 4144 3465 4198 ﬁdem
3498 4144 3741 4215 abjurcs.

2161 4232 2359 4290 Procul
2407 4233 2479 4288 sit
2532 4232 2639 4288 ista
2670 4232 2835 4287 ratio.
2880 4230 3072 4303 Neque
3118 4233 3265 4289 enim
3309 4236 3600 4304 quisquam
3636 4249 3741 4300 est,

2162 4330 2256 4397 qui
2283 4328 2425 4381 bona
2455 4326 2792 4396 repudianda
2824 4335 2879 4383 et
2915 4325 3212 4396 rejicienda
3240 4336 3415 4396 putet,
3445 4328 3593 4399 quod
3633 4346 3744 4384 mc-

2163 4429 2280 4476 tuat
2303 4433 2375 4475 ne
2412 4420 2479 4475 iis
2513 4419 2813 4491 aliquando
2861 4421 3149 4491 spolietur.
3196 4420 3276 4477 Ae
3316 4433 3464 4478 certe
3515 4422 3745 4478 Satanas

472 4519 629 4589 Smpe
655 4519 824 4577 etiam
868 4518 1047 4591 .(quod
1104 4517 1422 4574 levissimus
1466 4520 1573 4586 est)
1637 4515 1779 4571 mica
1837 4529 1946 4571 una
1998 4515 2052 4570 in
2080 4507 2133 4570 D
2160 4512 2415 4585 quamvis
2443 4512 2620 4584 caligo
2649 4514 2722 4569 sit
2748 4523 3169 4580 tamen,utcum
3193 4511 3746 4588 Apostololoquar“,

472 4612 662 4668 fauces
717 4612 938 4681 oblique
987 4611 1298 4675 incurrens,
1357 4620 1522 4680 atque
1567 4608 1622 4664 in
1672 4617 1859 4679 guttur
1917 4608 2056 4663 inci—

470 4707 630 4770 dens,
674 4703 951 4758 hominem
985 4701 1277 4773 oppressit,
1313 4710 1409 4757 aut
1462 4702 1820 4771 pharmacum
1858 4699 2060 4754 intere-

470 4802 592 4863 mit,
641 4796 896 4859 consulto
953 4812 1019 4855 ac
1075 4796 1332 4852 meditato
1382 4803 1779 4866 temperatum.
1840 4803 1937 4849 aut
1988 4790 2055 4847 ad

472 4892 857 4961 purgationem
898 4886 1124 4961 quidem
1154 4901 1208 4947 et
1257 4889 1515 4956 salutem,
1564 4888 1902 4944 medicorum
1937 4883 2059 4956 opi-

472 4985 638 5039 nione
667 4993 1003 5053 porrectum,
1040 4992 1302 5039 caeterum
1344 4992 1543 5043 eventu
1581 4981 1703 5051 ipso
1740 4978 1961 5036 exitiale
1991 4991 2059 5035 ac

471 5076 669 5132 lethate
706 5079 1009 5155 inventum.
1039 5076 1196 5143 Quod
1224 5076 1270 5131 si
1318 5085 1374 5131 tu
1432 5083 1807 5140 antevertens,
1846 5080 1901 5128 et
1928 5071 2054 5129 ani-

471 5183 618 5225 mam
674 5170 882 5240 Spiritu
942 5170 1364 5241 consignatam,
1414 5180 1468 5225 et
1515 5183 1720 5239 corpus
1772 5175 2055 5236 unguento

541 5324 587 5357 ⁸⁸
639 5323 680 5397 ll
715 5325 843 5381 Cor.
881 5342 953 5394 vt,
984 5326 1040 5382 2.
1116 5326 1161 5369 “.
1193 5325 1394 5397 Ephes.
1430 5340 1482 5390 v,
1534 5323 1619 5380 ll.
1695 5323 1740 5355 ⁸⁷
1763 5321 1944 5379 Eccle.
1977 5337 2062 5389 ιιι,
2134 5319 2186 5374 ί.

501 5412 583 5463 ιι,
616 5396 702 5451 ιι.

541 5510 618 5583 (9)
664 5508 1021 5581 lufructuosis
1079 5508 1444 5583 libaminibus.
1482 5509 1721 5583 ’Aydvgw
1758 5509 1923 5581 χοῶν,
1987 5513 2041 5583 in

468 5579 663 5638 codice
698 5579 940 5652 Reginae,
966 5589 1021 5652 et
1060 5583 1131 5635 ita
1172 5583 1301 5651 legit
1328 5582 1597 5652 interpres
1625 5579 1882 5645 emus;
1908 5582 2044 5652 ἀγό-

468 5671 577 5707 νων
606 5654 754 5707 enim
788 5650 1037 5723 'expouit
1083 5650 1376 5723 ὰκὰριεων.
1416 5651 1546 5706 ιιιιιι
1579 5662 1761 5706 tamen
1789 5650 2044 5721 aliquau-

468 5725 542 5777 do
600 5724 848 5793 frigidius
902 5723 1113 5776 videtur
1169 5726 1274 5778 hoc
1321 5725 1647 5792 epithetum.
1701 5728 1779 5793 Ac
1820 5725 2047 5792 proinde

466 5808 597 5850 meo
634 5792 842 5863 judicio
903 5795 1246 5850 commodius
1300 5796 1586 5863 legeretur,
1628 5792 1859 5864 ἀγώνων
1904 5799 2046 5864 χθων

2166 4609 2222 4663 in
2253 4608 2507 4678 angelum
2533 4607 2676 4664 lucis
2704 4608 3126 4680 transﬁguntur
3171 4618 3226 4663 et
3256 4624 3385 4663 cum
3425 4621 3614 4678 aperte
3647 4624 3747 4663 nos

2166 4698 2402 4770 dejicere
2441 4713 2507 4757 ac
2562 4705 2913 4768 prosternere
2967 4699 3174 4769 nequit,
3232 4700 3483 4755 obscuris
3528 4700 3746 4756 insidiis

2162 4791 2518 4863 aggreditur:
2553 4800 2608 4847 et
2640 4806 2765 4847 cum
2814 4791 2991 4846 malus
3044 4792 3139 4857 sit,
3189 4791 3345 4861 probi
3397 4799 3581 4847 tamen
3610 4806 3745 4846 con-

2157 4883 2385 4940 sultoris
2401 4882 2638 4952 speciem
2662 4897 2775 4953 pra:
2809 4897 2868 4938 se
2893 4881 2999 4936 fert
3036 4898 3051 4934 :
3082 4884 3550 4953 quemadmodum
3586 4892 3642 4941 et
3683 4884 3741 4938 iu

2156 4976 2431 5047 baptismo
2460 4973 2657 5031 callide
2681 4990 2747 5029 ac
2779 4975 3104 5031 veteratorie
3131 4975 3280 5030 facit.
3309 4974 3530 5031 llostem
3558 4976 3745 5031 anim-

2155 5068 2383 5125 adverte
2435 5081 2607 5123 :non
2680 5067 2844 5123 audet
2927 5067 3237 5135 consulere,
3303 5077 3361 5123 ut
3410 5068 3655 5151 animum
3715 5085 3745 5119 ει

2158 5163 2271 5220 Deo
2321 5159 2542 5234 penitus
2601 5170 2820 5216 avertas
2856 5159 3080 5231 *(probe
3140 5162 3344 5217 etenim
3431 5164 3583 5218 novit
3643 5162 3744 5217 hoc

2290 5318 2339 5353 "
2366 5318 2541 5376 Exod.
2598 5335 2698 5387 xu,
2734 5319 2848 5376 7-8.
2946 5321 2992 5355 ⁸⁸
3015 5320 3161 5378 Psal.
3199 5338 3286 5389 xc,
3322 5322 3375 5379 5.
3451 5322 3497 5353 ⁸⁸
3525 5320 3566 5374 ll
3614 5321 3739 5376 tier.

2151 5509 2572 5587 εὐσεϐέστερον,
2605 5522 2660 5566 ιιι
2689 5512 2743 5566 ἱιι
2767 5512 3115 5587 Hervagiano
3150 5509 3468 5578 exemplari.
3515 5504 3647 5587 Nam
3686 5507 3738 5558 iu

2154 5582 2441 5637 funeribus
2482 5598 2703 5653 quoque
2732 5581 3173 5639 clarissimomm
3216 5597 3451 5633 rit-orum
3479 5581 3607 5653 olim
3645 5593 3705 5629 va

2156 5653 2236 5706 ria
2267 5648 2569 5707 certamina
2603 5648 3069 5723 proponebantur,
3097 5660 3154 5706 ut
3188 5660 3335 5723 patet
3387 5667 3449 5703 es
3496 5648 3738 5700 ιιοηιιειυ

2160 5723 2398 5777 Patrocli
2446 5720 2618 5777 fuou
2659 5720 3026 5790 descriueute,
3068 5737 3120 5778 et
3171 5720 3236 5777 ex
3298 5720 3538 5775 Isocrate
3571 5730 3733 5770 utam

2159 5794 2421 5864 Evagon:
2460 5796 2660 5850 litteris
2702 5797 3019 5850 tttandante.
