4100 6408
373 326 511 393 1⁸363

1821 318 2211 396 ΛΒΒΕΝΒᾹ.

3507 322 3642 391 1264

368 449 700 515 Christianis
769 452 842 505 ita
909 467 1071 521 grave
1120 450 1232 504 fore
1314 459 1371 504 ut
1418 464 1481 504 ne
1527 464 1688 505 aures
1732 449 1951 520 quidem
1986 457 2028 513 Α
2060 450 2228 515 abes;
2270 465 2334 503 ne
2374 448 2572 503 viatico
2617 464 2829 515 careas,
2865 466 2930 503 ne
2979 450 3074 504 tibi
3123 460 3309 520 pereat
3342 449 3643 504 amuh‘tnm

368 554 560 595 eorum
598 543 741 597 hunc
776 558 1091 597 sermonem
1126 541 1267 596 ferre
1300 552 1502 611 queant
1541 560 1556 599 :
1594 557 1784 597 verum
1819 542 1953 597 sub-

368 632 512 688 dolis
544 635 775 697 artibus,
815 636 959 704 quod
993 635 1239 700 molitur,
1275 632 1379 689 alia
1427 634 1639 689 ratione
1693 634 1955 705 perlicere

370 725 575 791 studet,
631 724 840 793 tibique
886 725 1220 794 persuadere
1284 735 1538 792 conatur,
1595 725 1953 795 baptismum,

369 825 595 885 propter
661 827 867 871 metum
923 818 1159 885 scilicet,
1217 833 1282 875 ac
1328 819 1648 887 religiosum
1695 834 1953 890 pavorem

369 923 630 979 proroges
679 927 689 962 :
731 918 791 964 ut
845 925 911 965 eo
968 911 1088 981 ipso
1138 911 1287 982 quod
1338 927 1369 967 a
1419 913 1690 981 baptismo
1737 923 1957 983 propter

372 1009 570 1055 metum
599 1002 827 1072 refugis,
854 1004 922 1058 ab
953 1005 1057 1060 hoc
1104 1005 1252 1061 dono
1292 1020 1522 1077 prorsus
1546 1005 1790 1069 excidas,
1830 1015 1955 1060 ante

371 1093 699 1161 laptismum
746 1096 1001 1152 videlicet
1052 1107 1227 1153 morte
1262 1098 1541 1167 abreptus.
1573 1098 1650 1153 Ac
1698 1098 1953 1152 diabolus

370 1182 588 1243 quidem
619 1198 683 1238 ea
716 1194 899 1241 mente
945 1196 1032 1241 est
1075 1205 1088 1240 :
1150 1201 1248 1242 nec
1304 1203 1545 1257 unquam
1586 1189 1807 1242 malitim
1841 1203 1956 1244 suae

377 1276 537 1328 tinem
562 1278 881 1344 constituet,
914 1280 1158 1349 quandiu
1189 1295 1288 1335 nos
1334 1290 1585 1335 terrenos
1618 1281 1683 1335 ad
1730 1281 1954 1353 angelo-

378 1384 498 1421 rum
532 1368 878 1439 dignitatem,
928 1387 988 1427 ex
1027 1388 1132 1441 qua
1164 1373 1279 1444 ipse
1314 1374 1640 1430 deturbatus
1680 1390 1744 1430 ac
1777 1376 1957 1446 dejec-

369 1473 454 1514 tus
485 1471 589 1527 est,
612 1476 708 1531 per
745 1463 1006 1519 honestas
1044 1474 1099 1519 et
1144 1466 1426 1536 praeclara!
1455 1468 1576 1521 vita:
1617 1468 1958 1537 progressio-

372 1567 468 1606 ncs
512 1569 801 1623 assurgere
849 1555 1069 1612 viderit.
1123 1559 1192 1612 At
1244 1568 1298 1612 tu
1352 1559 1441 1612 fac
1504 1558 1677 1628 ipsius
1723 1560 1956 1615 insidias

371 1648 614 1715 cogn'tas
646 1648 871 1704 habeas.
926 1649 1140 1704 Etenim
1175 1653 1241 1704 ad
1283 1652 1598 1719 habentem,
1639 1663 1699 1706 ut
1737 1652 1826 1707 ille
1855 1654 1953 1718 ait,

366 1738 574 1791 invidia
626 1740 796 1808 serpit
852 1759 864 1797 :
916 1757 980 1797 ac
1035 1743 1101 1795 de
1161 1743 1325 1799 rebus
1389 1745 1643 1798 maximis
1678 1753 1952 1799 certamen

360 1832 597 1897 geritur.
632 1829 757 1886 Haec
788 1842 967 1887 autem
997 1836 1161 1888 verba
1205 1852 1216 1888 :

370 1925 560 1990 serpit,
611 1921 900 1992 Sophoclis
963 1935 1092 1981 sunt
1136 1927 1189 1982 in
1238 1927 1423 1989 Aiacis
1488 1930 1774 2000 tragoedia.
1811 1930 1953 1997 Quid

368 2014 514 2066 enim
550 2015 803 2084 baptismi
833 2017 1068 2086 puritate
1099 2018 1277 2089 majus
1301 2032 1349 2075 et
1383 2022 1787 2078 excellentius?
1815 2021 1952 2077 Pro-

371 2108 496 2161 inde
539 2124 649 2176 quo
684 2111 862 2179 major
890 2112 1208 2177 thesaurus,
1242 2129 1309 2168 eo
1346 2115 1682 2181 accuratius,
1721 2116 1954 2185 diligen-

372 2201 589 2270 tiusque
640 2203 736 2256 tibi
790 2205 1183 2274 providendum
1238 2219 1344 2272 est,
1400 2223 1466 2263 ne
1495 2224 1620 2262 eum
1672 2220 1950 2278 acceptum

369 2291 611 2345 amittas.
651 2291 923 2359 Quocirca
959 2310 1027 2349 ne
1060 2297 1165 2351 vile
1194 2307 1246 2350 et
1278 2299 1741 2353 contenmendum
1778 2310 1949 2369 putes,

372 2380 585 2436 fidelem
641 2396 705 2437 ac
762 2385 911 2453 pium
945 2386 1104 2442 eﬂici.
1157 2388 1290 2441 Nam
1327 2391 1419 2459 qui
1450 2388 1705 2461 baptismi
1759 2409 1954 2464 expers

367 2481 472 2535 est,
532 2473 656 2528 licet
712 2474 989 2531 Christum
1049 2480 1151 2533 fide
1204 2483 1623 2551 complectatur,
1711 2486 1952 2541 nondum

368 2570 551 2615 tamen
587 2563 731 2618 inter
761 2565 948 2620 fideles
980 2572 1288 2625 censendus
1318 2580 1420 2627 est.
1445 2572 1642 2644 Atque,
1679 2586 1738 2631 ut
1769 2586 1952 2634 trans-

369 2652 543 2707 latitie
594 2670 624 2709 a
677 2657 846 2711 veteri
899 2674 1026 2713 arca
1098 2663 1406 2731 exemplum
1456 2679 1694 2729 auinam,
1752 2670 1951 2725 atrium

367 2746 588 2813 quidem
613 2748 807 2804 classis
851 2764 936 2805 est
984 2767 1199 2816 eorum,
1245 2756 1342 2824 qui
1380 2755 1709 2813 Christiana:
1739 2760 1955 2829 pictatis

367 2836 652 2893 elementis
683 2839 863 2895 adhuc
897 2844 1241 2909 imbuuntur,
1293 2861 1387 2917 per
1445 2851 1584 2917 quod
1641 2856 1955 2910 necessario

368 2929 761 2983 transeundum
816 2943 899 2986 est
954 2948 969 2987 :
1015 2946 1201 2990 sant-ta
1256 2949 1435 2993 autem
1505 2940 1757 3011 baptismi
1809 2960 1955 3014 sym-

368 3020 488 3071 liola
519 3037 534 3073 :
562 3020 760 3077 Sancta
807 3039 936 3080 vero
993 3040 1338 3096 sanctorum,
1389 3048 1451 3085 ea
1495 3033 1796 3091 divinitatis
1821 3039 1953 3091 doc-

370 3107 510 3163 trina
543 3123 594 3165 et
621 3125 974 3170 sacrosancta
1002 3119 1256 3183 initiatio,
1278 3135 1401 3189 qua:
1422 3120 1673 3188 baptismi
1708 3133 1953 3192 tempore

368 3201 447 3267 ﬁt,
476 3218 576 3271 per
608 3221 771 3275 quam
797 3208 863 3262 ad
895 3209 1218 3265 Triniratem
1253 3213 1624 3280 pervenimus,
1654 3229 1716 3269 ac
1746 3230 1870 3267 cum
1890 3230 1951 3269 ea

363 3292 479 3360 jam
536 3294 795 3368 deinceps
857 3300 1171 3370 adoptionis
1227 3302 1493 3355 beneficio
1540 3303 1947 3372 eonjungimur.

364 3383 484 3440 Jam
518 3403 644 3443 vero
668 3394 843 3460 clypei
873 3393 995 3447 loco
1024 3392 1146 3447 fidei
1183 3404 1425 3456 scutum,
1478 3395 1580 3450 hoc
1609 3404 1711 3458 est,
1746 3396 1953 3464 baptis-

370 3493 517 3533 mum
546 3480 744 3549 objice,
779 3495 889 3551 quo
918 3491 969 3535 te
1001 3482 1174 3536 hostis
1198 3497 1293 3553 per
1326 3483 1647 3552 hujusmodi
1695 3502 1951 3557 procras-

369 3571 693 3626 tinationem
745 3572 961 3642 spoliat,
1023 3574 1330 3643 impediens
1400 3576 1651 3632 videlicet
1697 3594 1766 3633 ne
1824 3596 1948 3635 cum

366 3662 631 3732 accipias,
659 3672 718 3718 ut
752 3673 803 3719 te
854 3665 1099 3723 nudum-
1117 3677 1174 3722 et
1226 3668 1492 3723 inermem
1536 3679 1756 3740 superet
1786 3680 1950 3744 atque

363 3755 659 3824 opprimat.

435 3848 678 3905 Col.379
699 3849 757 3903 Β.
784 3850 974 3906 Omnes
1005 3862 1222 3907 atatum
1253 3853 1449 3925 gradus
1482 3857 1718 3926 attingit,
1744 3860 1945 3925 ontnin,

364 3953 471 3995 etc.
504 3941 783 4000 Adversus
816 3960 1034 3999 omnem
1084 3956 1298 4002 atatem
1335 3949 1588 4003 diabolus
1643 3962 1943 4020 grassatur,

363 4050 470 4087 non
503 4036 976 4106 modojuvenum,
1020 4039 1113 4094 sed
1143 4040 1309 4095 etiam
1347 4055 1539 4096 senum
1576 4059 1589 4095 :
1630 4056 1694 4097 ac
1719 4046 1947 4112 proinde

365 4137 599 4194 nonest,
630 4130 777 4198 quod
838 4145 1026 4201 speres
1082 4133 1201 4187 fore
1259 4145 1318 4188 ut
1363 4135 1459 4189 tibi
1498 4143 1657 4189 a‘tate
1687 4148 1946 4206 provecto

365 4230 575 4288 parcat.
607 4222 785 4290 Atque
816 4228 1084 4279 adversus
1130 4241 1294 4281 omne
1346 4227 1471 4282 vitae
1500 4243 1673 4298 genus
1700 4238 1753 4283 et
1785 4230 1948 4284 insti-

366 4323 569 4377 tutum,
623 4315 739 4369 sive
800 4316 926 4384 quis
984 4316 1302 4373 cmlibatum
1349 4319 1451 4373 sibi
1507 4321 1942 4390 amplectendum

364 4406 604 4470 duxerit,
664 4406 778 4460 sive
830 4408 1266 4475 matrimonium,
1315 4419 1409 4465 aut
1472 4411 1619 4465 aliud
1667 4415 1942 4483 quoddam

367 4500 489 4552 vitae
515 4513 705 4567 genus.
735 4495 963 4554 .Invenis
991 4501 1088 4555 es?
1132 4500 1438 4557 Juvenilem
1492 4512 1707 4560 aetatem
1738 4506 1944 4577 baptis-
1980 4534 2022 4591 ο

365 4591 439 4643 mi
474 4591 627 4644 freno
664 4593 955 4653 confirma,
993 4602 1046 4646 et
1085 4592 1345 4664 baptismi
1393 4610 1495 4665 ope
1526 4605 1690 4666 atque
1737 4599 1946 4653 auxilio

364 4685 612 4738 munitus
678 4685 943 4741 adversus
998 4686 1167 4741 animi
1233 4688 1675 4758 perturbationes
1731 4702 1955 4747 strenue.

363 4777 585 4839 dimica,
621 4776 675 4829 in
705 4775 942 4832 militum
976 4776 1068 4833 Dei
1101 4778 1285 4833 album
1345 4794 1544 4836 nomen
1578 4791 1730 4836 tuum
1783 4788 1954 4838 ascri-

366 4867 520 4925 bcns.
552 4869 618 4921 Et
653 4871 1116 4939 quemadmodum
1150 4871 1318 4928 David
1364 4873 1631 4929 adversus
1685 4875 1949 4947 alienigeo

366 4977 491 5015 nam
541 4962 694 5017 illum
722 4963 937 5020 Goliath
962 4964 1259 5021 fortissime
1291 4967 1571 5037 pugnavit,
1604 4977 1766 5039 atque
1807 4968 1950 5026 Isra-

363 5055 561 5125 eliticae
594 5055 846 5111 mulieres
873 5058 1104 5112 chorum
1135 5057 1402 5114 ducentes
1454 5060 1506 5114 in
1552 5059 1673 5128 ejus
1725 5062 1941 5120 laudent

365 5148 673 5201 canebant:
705 5146 974 5202 Percussit
1002 5147 1135 5203 Seu!
1162 5149 1326 5217 mille,
1371 5151 1539 5206 David
1563 5164 1735 5208 autem
1766 5156 1944 5209 decem

364 5237 634 5305 millia“;
660 5239 741 5294 sic
776 5251 830 5294 tu
874 5240 1138 5296 adversus
1176 5241 1512 5311 spiritualem
1542 5243 1755 5302 Goliath
1802 5256 1949 5303 stre—

366 5345 474 5386 nuc
523 5340 578 5386 et
632 5330 848 5387 fortiter
897 5344 1107 5401 pugna,
1165 5343 1332 5404 atque
1388 5338 1722 5408 multiplices
1782 5339 1954 5408 ipsius

365 5412 507 5480 vires
526 5434 580 5478 et
626 5423 932 5489 machinas,
979 5425 1129 5479 velut
1154 5426 1415 5483 chiliades
1448 5429 1717 5498 quasdam
1746 5438 1799 5482 et
1840 5445 1957 5500 my-

366 5519 548 5574 riadcs
594 5520 649 5574 in
683 5529 1011 5591 potestatem
1050 5519 1263 5590 redige.
1312 5522 1683 5586 Censenuisti,
1731 5533 1894 5594 atque
1924 5539 1952 5578 a

366 5613 684 5667 necessario
716 5622 769 5665 et
800 5609 1100 5665 iuevitabili
1145 5612 1339 5666 mortis
1378 5613 1614 5668 termino
1644 5630 1753 5669 non
1795 5615 1955 5686 longe

440 5766 483 5796 “
524 5768 565 5820 ll
599 5767 731 5837 Reg.
765 5786 920 5837 xvttt,
948 5772 1003 5827 7.
1083 5772 1129 5804 ⁵⁵
1160 5770 1302 5826 Psal.
1329 5786 1425 5834 ett,
1456 5770 1508 5825 5.

1269 1836 1347 1890 Ad
1403 1836 1692 1892 habentem
1750 1838 1954 1892 invidia
1988 1822 2028 1876 Β

1587 5770 1680 5823 ιιι
1713 5769 2029 5842 Reg.t,28.

2066 552 2243 605 tuum,
2294 558 2361 597 ne
2407 544 2475 596 de
2511 542 2800 597 undecima
2863 543 2996 597 liora
3045 552 3305 614 tanquam
3360 544 3426 598 de
3469 543 3642 613 prin-a

2061 635 2307 705 cogites:
2351 650 2539 689 verum
2568 636 2781 702 paucis
2824 637 2909 692 his
2955 637 3174 699 diebus,
3223 652 3363 706 quos
3403 637 3646 706 reliquos

2060 727 2253 793 habes,
2289 742 2383 795 per
2401 727 2734 797 baptismum
2766 744 3028 781 succurre
3051 730 3209 798 cujus
3256 728 3303 783 vi
3354 728 3644 782 renovabi-

2059 828 2149 875 tur
2179 827 2238 874 ut
2266 819 2461 888 aquila:
2487 818 2750 889 juventus
2804 821 2981 874 tua“.
3036 819 3113 874 Ac
3142 820 3372 886 juvenes
3419 820 3642 887 qni-lem

2060 926 2242 966 rerum
2267 912 2627 980 gerendarum
2664 911 2924 968 facultate
2952 913 3233 979 animique
3265 911 3644 982 magnitudine

2060 1004 2283 1059 senibus
2312 1012 2575 1074 prmstant
2612 1020 2627 1058 :
2666 1012 2926 1058 caeterum
2977 1006 3262 1072 prudentia
3307 1005 3645 1058 vincuntur:

2040 1112 2254 1179 ‘rnrsns
2277 1112 2434 1153 senes
2469 1098 2541 1152 ita
2566 1097 2772 1152 viribus
2801 1099 3049 1166 t'orpOris
3077 1099 3296 1162 cedunt,
3322 1108 3381 1152 ut
3406 1100 3647 1169 pruden-

2060 1189 2147 1244 tia:
2176 1190 2337 1243 laude
2395 1198 2671 1259 superent.
2711 1190 2781 1241 At
2822 1198 2901 1255 tn,
2952 1204 3077 1244 cum
3134 1191 3289 1245 senili
3327 1190 3648 1244 infirmitate

2060 1280 2296 1347 labores,
2351 1282 2577 1337 senilem
2649 1290 2830 1335 tamen
2898 1281 3244 1352 prudentiam
3300 1298 3645 1352 nequaquam

2060 1372 2249 1438 habes,
2284 1389 2405 1443 qua:
2436 1375 2651 1444 quidem
2682 1390 2709 1428 a
2736 1385 2808 1438 te,
2838 1383 2893 1429 ut
2915 1384 3041 1429 natn
3063 1375 3292 1444 majore.
3321 1375 3641 1445 requiritur.

2060 1463 2210 1521 ll.me
2263 1466 2429 1538 igitur
2463 1477 2659 1537 praesta
2691 1468 3045 1537 (baptismum
3100 1468 3441 1539 accipiendo)
3480 1477 3645 1539 atque

2060 1560 2348 1622 senectuti,
2389 1568 2646 1626 tanquam
2673 1560 2780 1613 fido
2807 1568 2860 1613 et
2906 1569 3055 1615 certo
3090 1562 3327 1627 custodi,
3362 1562 3642 1632 purgatio-

2061 1664 2183 1702 nem
2217 1648 2519 1703 committe.
2541 1649 2698 1715 Quod
2730 1652 2773 1705 si
2809 1666 2993 1707 moras
3015 1653 3208 1718 nectis,
3229 1667 3290 1707 ac
3311 1652 3642 1723 baptismum

2060 1741 2461 1806 extrahis,cam
2493 1742 2559 1796 dc
2591 1752 2641 1797 te
2684 1744 2997 1813 opinionem
3042 1745 3334 1811 excitabis,
3369 1756 3425 1801 ut
3455 1747 3640 1801 libidi-

2061 1832 2145 1886 nis
2178 1843 2233 1887 et
2263 1833 2603 1904 voluptatum
2638 1849 2826 1891 amore
2846 1852 3026 1891 moras
3053 1837 3102 1891 ei
3128 1836 3322 1893 afferre
3365 1838 3648 1894 existime-

2059 1928 2156 1991 ris,
2179 1928 2341 1998 idque
2373 1943 2497 1982 cum
2532 1929 2687 1983 senio
2737 1927 2946 1985 fractus
2998 1929 3076 1985 sis
3114 1939 3279 1999 atque
3330 1930 3642 1993 confectus,

2059 2021 2307 2091 nihilque
2371 2020 2520 2075 aliud
2567 2021 2665 2087 sis,
2728 2037 2891 2091 quam
2936 2031 3129 2076 tenues
3182 2024 3309 2075 vita:
3376 2022 3643 2091 reliquias.

2059 2109 2255 2165 Filium
2289 2122 2538 2167 tenerum
2571 2124 2624 2167 et
2658 2113 2926 2168 infantem
2963 2114 3170 2169 babes?
3194 2113 3327 2168 Eum
3356 2132 3384 2169 a
3416 2117 3642 2180 teneris,

2062 2214 2120 2257 ut
2147 2203 2348 2258 dicitur
2366 2205 2679 2274 unguiculis
2706 2204 2935 2275 Spiritui
2984 2219 3270 2260 consecro.
3298 2204 3363 2259 At
3410 2207 3642 2270 vereris,

2061 2311 2129 2350 ne
2163 2296 2304 2351 forte
2327 2296 2440 2351 tilio
2472 2306 2630 2353 aztatc
2654 2297 2819 2353 altius
2850 2307 3108 2368 provecto
3150 2298 3408 2368 baptismi
3459 2297 3645 2368 signa~

2060 2385 2242 2438 culum
2308 2385 2711 2441 contaminetur
2784 2394 2949 2455 atque
3024 2386 3357 2441 sordeseat?
3415 2387 3643 2441 nimium

2061 2473 2308 2545 profecto
2341 2475 2663 2530 meticulosa
2713 2484 2889 2530 mater
2910 2490 2991 2540 es,
3026 2473 3233 2540 Deique
3260 2475 3518 2542 praesidio
3551 2489 3647 2544 pa-

2060 2581 2180 2620 rum
2216 2567 2474 2621 subnixa.
2505 2566 2671 2637 Atqui
2699 2567 2855 2622 Anna
2900 2565 3231 2630 Samuelem,
3279 2568 3461 2621 statim
3499 2578 3556 2621 ut
3587 2567 3642 2621 in

2059 2662 2234 2716 lucem
2266 2661 2445 2716 editus
2495 2669 2601 2724 est,
2637 2659 3067 2723 consecravit“,
3114 2669 3323 2713 naturae
3351 2659 3644 2713 infirmita-

2059 2765 2166 2809 tem
2203 2753 2467 2808 adversus
2502 2753 2748 2820 corporis
2797 2751 3201 2821 aﬂ‘cctuumque
3255 2742 3638 2805 rebellaiittum

2060 2846 2297 2916 impetus
2318 2846 2544 2899 minime
2578 2845 2944 2900 reformidans
2980 2863 2993 2897 :
3021 2861 3209 2899 verum
3243 2843 3331 2897 Dei
3354 2859 3457 2913 ope
3480 2843 3641 2905 freta,

2058 2948 2319 3006 certoque
2350 2939 2452 2993 sibi
2487 2938 2851 3008 persuadens,
2901 2924 3400 2992 eumitnbet-illitati
3446 2937 3642 2991 huma-

2060 3045 2145 3085 na:
2186 3031 2428 3086 subsidio
2479 3030 2750 3086 futurum.
2785 3029 2929 3084 Nihil
2961 3031 3057 3084 tibi
3089 3046 3229 3099 Opus
3263 3037 3348 3084 est.
3379 3030 3446 3083 ad
3486 3028 3640 3098 pueri

2059 3124 2257 3178 collum
2291 3122 2560 3178 diabolica
2596 3125 2859 3189 amuleta,
2887 3125 2988 3177 hoc
3017 3133 3101 3178 est
3130 3122 3264 3176 falsa
3289 3122 3482 3176 salutis
3511 3135 3642 3190 prae.

2062 3214 2224 3277 sidia,
2258 3213 2610 3284 suspendere,
2632 3229 2811 3283 neque
2850 3215 3247 3268 incantationes
3277 3229 3369 3268 eas
3414 3228 3536 3283 qua:
3582 3212 3638 3267 in

2060 3305 2257 3360 vetulis
2316 3304 2655 3359 mulierculis
2696 3318 2821 3357 cum
2878 3304 3207 3359 oscitatiOne
3257 3311 3421 3371 atque
3480 3303 3643 3357 inha-

2060 3396 2263 3453 latione
2292 3407 2344 3452 et
2388 3398 2635 3453 susurris
2667 3395 2997 3468 quibusdam
3042 3408 3403 3468 peraguntur,
3436 3397 3643 3451 admit-

2061 3501 2195 3557 tere,
2231 3491 2431 3560 quibus
2482 3489 2795 3544 daemonum
2831 3503 3048 3559 quoque
3080 3490 3353 3545 invocatio
3403 3490 3641 3545 admista

2057 3591 2159 3646 est,
2191 3596 2253 3636 ac
2282 3597 2377 3650 per
2421 3578 2758 3635 exsecranda
2793 3579 3106 3649 huiusmodi
3139 3580 3346 3635 scelera
3390 3581 3643 3638 diabolus

2059 3670 2411 3726 alevioribns
2455 3678 2510 3725 et
2557 3670 2938 3725 stolidioribus
2998 3671 3315 3726 hominibus
3373 3674 3641 3742 quodam-

2006 3826 2020 3843 .
2059 3763 2224 3818 modo
2255 3762 2477 3819 adorari
2508 3762 2746 3817 videtur.
2791 3762 2932 3829 Quin
2969 3764 3151 3833 potius
3186 3763 3296 3817 filio
3330 3772 3425 3818 tuo
3446 3779 3638 3819 verum

2057 3855 2389 3921 antidotum,
2427 3856 2528 3908 hoc
2561 3862 2666 3917 est,
2694 3852 3016 3908 Trinitatem
3039 3870 3138 3925 per
3161 3855 3418 3926 baptismi
3449 3871 3639 3912 sacra-

2057 3957 2299 4002 mentum
2333 3944 2565 4017 porrige.

2125 4040 2244 4097 Col.
2260 4042 2369 4097 582
2381 4045 2443 4096 Α.
2472 4042 2618 4107 Quid
2630 4044 2925 4113 prwterea?
2952 4040 3323 4113 Virginitatem
3340 4044 3471 4098 colis
3491 4044 3636 4102 fcto.

2060 4133 2354 4205 Postquam
2403 4133 2720 4205 Theologus
2768 4135 2835 4189 de
2865 4134 3118 4190 aetatibus
3165 4137 3442 4200 tractavit,
3495 4151 3640 4191 nunc

2056 4229 2122 4283 ad
2174 4230 2300 4283 vitae
2347 4244 2565 4300 quoque
2613 4230 2863 4283 humanae
2915 4229 3159 4284 instituta
3216 4232 3431 4295 transit,
3477 4240 3640 4297 atque

2057 4321 2362 4375 auditorem
2400 4321 2474 4375 ita
2506 4320 2804 4390 alloquitur
2837 4337 2851 4375 :
2886 4318 3263 4391 Virginitatem
3298 4322 3474 4376 colis?
3508 4323 3639 4390 bap-

2056 4414 2222 4469 tismo
2271 4415 2599 4485 consignare
2654 4433 2667 4469 :
2725 4422 2785 4468 ut
2838 4414 3301 4483 quemadmodum
3352 4416 3430 4468 ait
3478 4415 3638 4468 Salo-

2057 4505 2273 4567 mon“,
2307 4505 2516 4561 circulo
2547 4506 2847 4577 gratiarum
2908 4506 3144 4568 orneris,
3204 4515 3259 4560 et
3303 4521 3507 4561 corona
3543 4507 3640 4561 de-

2056 4598 2330 4664 liciarum,
2381 4598 2487 4654 Itoc
2530 4608 2634 4663 est,
2691 4598 3059 4669 spiritualium
3108 4598 3424 4652 divitiarum
3480 4600 3634 4663 orbe,

2056 4688 2150 4758 qui
2184 4689 2446 4744 adversus
2474 4689 2778 4745 invisibiles
2829 4690 3016 4743 hostes
3046 4689 3329 4742 hominum
3380 4692 3636 4760 protegit,

2056 4797 2165 4834 non
2203 4795 2364 4835 secus
2404 4790 2571 4850 atque
2601 4796 2732 4850 opes
2767 4781 2820 4833 in
2870 4793 3093 4834 sensum
3142 4780 3401 4834 cadentes
3446 4781 3509 4833 ad
3557 4782 3640 4832 vi-

2055 4875 2241 4930 sibiles
2273 4878 2458 4930 hostes
2489 4874 2895 4943 propellenlos,
2931 4886 3089 4942 Opem
3126 4872 3381 4928 aﬂ‘eruut.
3453 4873 3641 4928 litaui-

2060 4968 2228 5021 monii
2262 4967 2495 5021 vrnculis
2561 4967 2848 5029 astrictus,
2899 4974 2985 5021 est
3033 4966 3364 5036 baptismum
3417 4982 3639 5036 quoque

2058 5058 2333 5124 pudicitiae
2381 5057 2665 5113 custodem
2725 5059 2935 5126 accipe.
2995 5057 3065 5112 At
3127 5057 3362 5113 fortasse
3419 5057 3635 5111 mulieri

2054 5147 2274 5217 quidem
2329 5148 2682 5201 matrimonio
2730 5147 2886 5219 jungi
2936 5150 3096 5218 petis,
3153 5165 3250 5202 nee
3311 5161 3489 5202 tamen
3539 5150 3637 5202 ad-

2056 5239 2164 5293 huc
2215 5240 2442 5308 junctus
2495 5239 2600 5294 es?
2660 5239 3023 5306 Baptismum,
3060 5256 3168 5308 quo
3214 5241 3385 5309 pietas
3442 5257 3636 5294 cumu-

2053 5330 2198 5384 latur
2230 5341 2395 5400 atque
2425 5332 2728 5401 perﬁcitur,
2781 5348 2850 5386 ne
2883 5332 3226 5387 reformides.
3270 5330 3456 5400 Neque
3489 5335 3634 5387 enim

2053 5426 2465 5478 matrimonium
2534 5441 2659 5479 cum
2719 5425 3133 5495 conspurcabit.
3209 5425 3321 5497 Ego
3375 5429 3639 5483 connubii

2053 5528 2174 5587 post
2206 5519 2537 5589 baptismum
2578 5520 2697 5574 initi
2730 5523 3009 5591 auspicem
3048 5537 3138 5576 me
3168 5524 3443 5593 profiteor.
3500 5525 3639 5579 Nam

2053 5627 2176 5667 eum
2232 5614 2519 5682 virginitas
2570 5615 2778 5669 honore
2813 5627 3054 5684 praestet,
3114 5618 3304 5689 utique
3356 5622 3643 5673 matrimo-

2109 5773 2155 5805 ”
2190 5772 2356 5827 lit-cli.
2395 5790 2565 5843 xxxii,
2595 5776 2650 5830 ἵν.
2692 5778 2736 5808 ⁸³
2766 5775 2930 5851 llebr,
2970 5795 3089 5842 xm,
3120 5780 3173 5834 4.
