4100 6422
336 594 365 603 δ

468 411 603 476 1265

1434 409 1759 470 NlCE'l'AS
1805 410 1883 469 ΙΝ
1927 409 2154 472 ΟἷὶΑΤ.
2194 412 2293 472 XL
2337 412 2396 470 S.
2439 410 2673 471 GREG.

3595 409 3735 474 1266

463 532 616 585 nium
657 538 816 595 turpe
847 533 901 579 ct
936 520 1359 595 ignominiosum
1399 537 1504 576 non
1554 521 1674 576 crit.
1730 519 2119 584 HonorabileA
2225 519 2341 574 Gol.
2390 520 2497 575 585
2548 523 2610 575 Α.
2670 520 2739 575 At
2790 521 2840 575 in
2894 522 3063 576 inedia
3114 521 3385 576 hominum
3437 525 3735 596 frequentia

455 618 604 671 enim
656 614 1000 675 connubium,
1058 621 1116 666 ut
1161 611 1339 682 inquit
1384 610 1701 681 Apostolus,
1749 622 1798 664 et
1889 619 2038 665 torus

457 707 928 764 inmaculatus".
972 706 1051 760 Ac
1078 706 1305 776 proinde
1340 705 1593 761 Christus
1652 719 1873 774 quoque
1908 703 2039 759 illud

457 816 737 859 exornans
815 800 1019 869 nttptiis
1075 798 1129 851 in
1176 796 1325 852 Cana
1381 797 1678 851 contractis
1744 794 2040 850 interfuit:

455 909 664 964 easque
689 893 837 947 edito
877 890 1145 946 miraculo
1199 889 1494 943 illustravit
1529 889 1597 943 “.
1660 890 1775 943 Hoc
1807 903 1972 942 unum
2008 903 2040 943 a

457 999 533 1053 te,
580 985 673 1057 qui
703 982 1114 1039 matrimonium
1149 982 1467 1052 complexus
1493 996 1553 1037 es
1590 980 1831 1053 postulo,
1885 979 2044 1035 nimi-

454 1097 578 1136 rum
630 1087 689 1133 ut
742 1093 771 1132 a
800 1090 1101 1147 congressu
1151 1075 1249 1130 tibi
1300 1082 1592 1143 temperes,
1641 1076 1858 1144 quando
1896 1072 2045 1145 jeju-

454 1173 550 1227 nio
580 1179 745 1239 atque
780 1167 1015 1222 orationi
1066 1167 1442 1238 praescriptum
1481 1175 1694 1236 tempus
1729 1166 1870 1220 ﬂuit.
1930 1164 2042 1222 Hoc

451 1272 635 1318 autem
669 1272 883 1328 tempus
912 1258 1042 1312 illud
1076 1266 1180 1322 est,
1227 1259 1373 1327 quod
1413 1258 1659 1326 mysticae
1685 1272 1887 1312 mensae
1918 1274 2043 1327 per-

449 1354 760 1423 ceptionem
814 1350 1112 1414 antecedit,
1161 1350 1308 1418 quod
1361 1350 1581 1420 quidem
1647 1364 1754 1403 non
1810 1349 2040 1418 nuptiali

450 1455 665 1503 tantum
699 1456 1026 1513 congressu,
1076 1456 1267 1495 verum
1304 1449 1359 1496 et
1389 1440 1748 1511 oetupatione
1777 1456 1841 1495 ac
1875 1455 2039 1508 nego-

451 1542 656 1594 tiorum
684 1536 1254 1594 administratione.ut
1279 1534 1499 1588 Pindari
1524 1534 1704 1589 verbis
1730 1534 2040 1600 utar,altius

451 1641 559 1694 est,
593 1629 646 1683 id
676 1638 759 1683 est
787 1626 982 1696 quavis
1023 1627 1130 1680 alia
1165 1642 1298 1681 cura
1332 1627 1656 1695 negotioque
1690 1628 2039 1694 prmstantius

445 1732 502 1776 et
534 1720 912 1776 excellentius.
971 1719 1151 1788 Atque
1200 1718 1342 1771 hanc
1386 1717 1552 1772 etiam
1608 1721 1823 1771 brevem
1857 1719 2030 1772 conti-

450 1813 693 1869 nentiam
743 1828 808 1866 ex
859 1811 1139 1867 communi
1190 1810 1479 1880 utriusque
1534 1812 1706 1880 partis
1758 1826 2031 1866 consensu

449 1908 562 1963 fieri
608 1906 752 1961 volo.
806 1903 924 1958 Non
957 1904 1106 1959 enim
1158 1905 1331 1981 legem
1382 1911 1585 1968 statuo,
1628 1918 1730 1958 nec
1760 1904 1836 1957 rei
1870 1903 2034 1973 hujus
2071 1884 2111 1939 Β

450 1997 774 2052 necessitate
810 2004 862 2049 te
896 1994 1202 2062 obstringo,
1252 2008 1439 2048 verum
1492 1994 1780 2047 monitoris
1818 2004 1870 2048 et
1900 2008 2033 2048 con-

446 2088 643 2143 siliarii
704 2098 890 2156 partes
949 2100 1085 2153 ago;
1145 2101 1245 2139 nec
1296 2083 1618 2153 simpliciter
1678 2095 1733 2137 et
1784 2084 2033 2138 absolute

443 2195 634 2234 eorum
663 2194 785 2249 qua:
813 2187 919 2232 tute
967 2178 1251 2247 potestatis
1284 2186 1446 2244 sunt,
1495 2188 1822 2247 extorquere
1872 2177 2034 2248 quid-

443 2288 609 2341 quam
655 2270 820 2341 cupio
865 2268 1047 2341 (potes
1094 2270 1240 2323 enim
1291 2278 1383 2325 tuo
1413 2269 1558 2339 jure,
1613 2270 1826 2341 quoties
1879 2271 2033 2336 libet,

442 2379 570 2418 cum
606 2379 776 2417 uxore
826 2372 918 2417 tua
949 2363 1399 2417 consuetudinem
1437 2361 1692 2433 habere).
1744 2378 1929 2416 verum
1980 2372 2034 2416 et

444 2456 771 2511 concordem
824 2454 964 2508 lianc
1012 2455 1081 2508 ab
1117 2468 1281 2524 opere
1314 2453 1511 2507 uxorio
1545 2455 1911 2509 cessationem
1943 2470 2032 2508 sa-

444 2548 577 2603 lutis
629 2560 734 2601 tusc
780 2560 946 2600 causa
993 2546 1243 2614 accipere
1276 2545 1550 2600 desidero.
1613 2545 1667 2600 Si
1706 2546 1928 2617 quidem
1977 2554 2031 2600 et

447 2638 572 2701 tibi,
633 2646 688 2692 et
734 2637 916 2702 uxori,
948 2636 1283 2690 continentia
1323 2636 1635 2705 bujusmodi
1688 2651 1715 2689 a
1747 2638 1945 2707 pietate
1978 2645 2031 2690 ct

444 2731 707 2802 religione
771 2744 1004 2782 manans
1058 2727 1316 2798 praesidio
1374 2728 1499 2793 erit,
1570 2738 1625 2782 et
1681 2730 2027 2782 sanctitatem

443 2824 654 2879 afferet.
698 2822 779 2877 Ad
807 2822 953 2875 hunc
986 2837 1204 2892 quoque
1239 2822 1459 2875 modum
1493 2820 1696 2875 Paulus
1724 2821 2029 2876 Corinthiis

441 2916 718 2972 scribebat
758 2932 773 2970 :
819 2912 1002 2967 Nolite
1043 2913 1302 2983 fraudare
1345 2915 1588 2981 invicem,
1638 2914 1741 2968 nisi
1792 2930 1858 2967 ea:
1900 2930 2029 2967 cutt-

440 3027 596 3065 unsn
636 3009 702 3063 ad
747 3017 973 3078 tempus,
1026 3018 1080 3060 nt
1122 3008 1314 3060 vacetis
1357 3005 1608 3059 orationi.
1654 3006 1729 3060 Ac
1760 3022 1944 3060 rursus
1976 3008 2030 3060 in

442 3118 601 3156 unum
649 3102 1003 3164 conveniatis,
1049 3115 1111 3153 ne
1160 3107 1320 3151 tentet
1377 3115 1464 3151 vos
1528 3097 1760 3152 Satanas
1810 3109 2029 3168 propter

436 3195 876 3248 incontinentiam
912 3201 1158 3245 vestram.
1200 3190 1317 3243 [loc
1357 3202 1533 3244 autent
1575 3191 1694 3246 dico
1739 3191 2028 3245 secundum

441 3287 666 3351 veniant,
702 3300 803 3338 non
831 3283 1119 3337 secundum
1155 3283 1516 3352 imperium".

509 3377 645 3432 Ibid.
664 3376 726 3431 C.
745 3378 915 3446 Atque
940 3388 991 3428 ut
1019 3376 1070 3429 in
1095 3392 1303 3428 summa
1324 3375 1502 3429 dicam
1526 3375 1731 3429 nullum
1755 3377 1896 3441 vitm,
1923 3383 2031 3431 etc.

438 3467 640 3536 Atque,
687 3475 747 3521 ut
791 3467 845 3520 in
897 3482 1115 3520 summa
1163 3466 1366 3531 dicam,
1401 3482 1466 3521 ac
1502 3482 1614 3520 rem
1663 3467 1854 3536 paucis
1880 3483 2034 3521 com-

440 3556 667 3626 plectar,
719 3556 868 3609 omni
930 3555 1053 3608 vita:
1100 3556 1285 3626 generi
1344 3566 1399 3609 ct
1451 3556 1709 3610 inStituto
1751 3557 1899 3610 utilis
1949 3567 2037 3611 est

442 3647 773 3717 baptismus.
811 3643 1226 3715 Quocirca,‘qui
1264 3654 1533 3714 potestate
1561 3661 1624 3700 ac
1661 3647 1880 3701 licentia
1916 3650 2035 3718 pol-

443 3739 543 3800 les,
574 3734 787 3790 frenum
819 3737 1027 3805 accipe,
1059 3753 1168 3807 quo
1201 3737 1268 3791 ab
1299 3738 1449 3792 omni
1482 3738 1687 3809 flagitio
1725 3747 1778 3792 et
1827 3739 2035 3794 sielere

440 3829 780 3900 reprimaris.
835 3829 938 3896 Qui
991 3831 1044 3883 in
1107 3831 1373 3886 servitute
1422 3847 1503 3897 cs,
1555 3846 1769 3901 acquum
1806 3832 2033 3886 honoris

441 3920 693 3992 gradum.
750 3921 1048 3991 Apostolus
1080 3924 1226 3977 enim
1256 3922 1323 3976 de
1357 3923 1423 3977 iis
1456 3923 1550 3993 qui
1585 3923 1847 3992 baptizati
1881 3933 2029 3986 sunt,

441 4014 572 4068 dicit
610 4031 628 4067 τ
672 4010 795 4067 Non
843 4022 919 4064 est
970 4028 1150 4067 servus
1186 4022 1282 4065 ant
1329 4013 1482 4080 liber,
1536 4012 1624 4067 sed
1657 4029 1834 4066 omnes
1867 4027 2031 4065 unum

440 4107 493 4159 in
544 4104 754 4160 Christo
807 4102 1021 4158 Iesu“.
1073 4104 1173 4170 Qui
1207 4107 1258 4158 itt
1322 4120 1560 4160 nitet-ore
1591 4105 1852 4170 versaris,
1889 4107 2033 4160 sola-

446 4196 605 4264 tium,
641 4198 784 4267 quod
833 4197 1142 4268 baptismus
1172 4206 1335 4267 atque
1366 4197 1679 4267 adoptionis
1721 4199 1813 4266 jus
1846 4198 2025 4253 aﬂ‘ert.

444 4289 548 4356 Qui
579 4290 703 4345 iacto
734 4298 898 4359 atque
942 4288 1100 4343 hilari
1130 4304 1188 4344 es
1220 4292 1428 4354 animo,
1485 4290 1856 4361 disciplinain,
1909 4306 2031 4361 qum

444 4398 628 4438 mores
682 4394 803 4437 tuos
837 4391 1156 4453 componat,
1210 4399 1313 4438 nec
1367 4384 1676 4454 petulanter
1729 4395 1783 4441 et
1834 4387 2032 4440 immo-

441 4475 597 4530 deste
628 4488 679 4530 te
712 4490 900 4547 gerere
930 4476 1097 4530 sinat.
1133 4472 1276 4529 Nilul
1311 4475 1611 4531 callidioris
1664 4478 1879 4532 consilii
1930 4480 2027 4532 ad-

2150 613 2415 679 rersaris,
2474 625 2584 668 ctc.
2655 614 2739 667 Sit
2795 615 2867 668 ita
2923 631 3088 681 sane,
3139 617 3351 686 inquirs
3392 634 3404 670 :
3445 635 3626 672 verum
3677 621 3732 674 itt

2150 706 2342 759 mediis
2372 708 2712 776 negotiorum
2745 708 3074 763 tumultibus
3110 725 3324 777 versor,
3373 725 3437 765 ac
3485 711 3735 780 publica-

2148 810 2268 849 rum
2308 812 2489 849 rerum
2546 797 3021 855 administratione
3075 801 3417 857 contaminor
3454 823 3467 858 :
3500 818 3735 875 eamque

2146 890 2218 944 ob
2271 906 2497 946 causam
2557 906 2840 956 vcrcorne,
2892 910 3015 948 cum
3070 895 3399 964 baptismum
3445 910 3732 966 accepero,

2142 998 2378 1053 eumque
2443 993 2631 1054 postea
2687 988 3082 1056 inquinavere,
3140 988 3232 1044 Dei
3291 989 3732 1045 miscricordiam

2143 1090 2468 1132 consumam
2520 1086 2685 1150 atque
2738 1082 3058 1136 exhauriant
3099 1090 3328 1152 :utpote
3376 1098 3500 1138 cum
3542 1084 3732 1139 nullus

2143 1167 2288 1222 alius
2346 1169 2654 1239 baptismus
2715 1174 2977 1243 supersit.
3046 1172 3290 1244 Simplex
3343 1184 3429 1231 est
3504 1176 3728 1242 solutio,

2144 1259 2248 1317 hoc
2281 1269 2405 1326 est,
2465 1262 2643 1319 facilis
2673 1276 2728 1320 et
2775 1267 3034 1332 dilucida,
3087 1283 3189 1324 nec
3222 1268 3562 1339 argumentis
3611 1269 3733 1325 aliis

2145 1354 2541 1426 multiplicique
2571 1356 2938 1424 explicatione
2982 1358 3252 1429 indigens.
3288 1357 3534 1413 Primum
3583 1361 3730 1415 enim

2144 1449 2246 1503 ltoc
2294 1447 2418 1503 dico
2470 1465 2484 1502 :
2541 1446 2599 1503 Si
2653 1448 2771 1503 ﬁeri
2827 1460 3004 1519 potest
3064 1450 3243 1506 forum
3298 1453 3527 1507 omnino
3582 1452 3730 1523 fuge,

2142 1539 2444 1608 assumptis
2479 1539 2678 1610 aquila:
2707 1541 2923 1610 pennis,
2973 1550 3194 1610 propter
3225 1542 3442 1599 roboris
3468 1528 3733 1612 praestan-

2140 1626 2300 1692 tium,
2346 1628 2810 1697 quemadmodum
2872 1630 2925 1683 in
2979 1630 3165 1686 Exodo
3219 1633 3484 1702 scriptum
3535 1642 3618 1688 est
3659 1635 3729 1698 ⁸³⁷,

2140 1725 2237 1771 aut
2272 1716 2541 1773 columba)
2571 1719 2788 1788 pennis,
2838 1737 2975 1788 quas
3025 1724 3188 1776 etiam
3239 1722 3404 1777 David
3434 1723 3522 1779 his
3549 1725 3730 1780 verbis

2138 1809 2346 1878 expetit
2381 1826 2395 1862 :
2431 1808 2566 1873 Quis
2597 1809 2725 1864 mihi
2752 1808 2905 1864 dabit
2942 1828 3142 1880 pennas
3183 1814 3318 1866 sicut
3363 1814 3641 1880 columbae,
3679 1824 3730 1869 et

2140 1899 2437 1955 volabo"?
2497 1899 2608 1956 llas
2670 1913 2850 1957 autem
2885 1904 3104 1973 qnterit,
3158 1905 3243 1960 vel
3290 1905 3420 1976 quia
3470 1907 3724 1971 leviores,

2140 2006 2206 2045 ac
2240 1990 2581 2062 perniciores
2608 2000 2737 2047 sunt
2768 1992 2914 2061 (talis
2949 1995 3097 2047 enim
3131 2005 3237 2059 est,
3274 1996 3530 2066 quisquis
3559 1997 3729 2068 justi-

2141 2086 2272 2138 tiam
2302 2085 2453 2155 colit)
2490 2086 2573 2141 vel
2599 2087 2724 2156 quia
2764 2086 3028 2157 Spiritum
3063 2099 3340 2156 sanctutu,
3370 2091 3529 2161 cujus
3558 2092 3726 2146 unius

2140 2189 2244 2244 ope
2293 2184 2458 2245 atque
2509 2177 2716 2232 auxilio
2765 2180 3008 2247 pericula
3062 2178 3340 2248 fugimus,
3384 2179 3725 2251 designant:

2142 2278 2203 2322 ut
2255 2283 2286 2323 a
2351 2271 2720 2338 praesentibus
2776 2272 2937 2326 malis
2993 2279 3047 2325 rt
3099 2287 3284 2326 rerum
3336 2273 3732 2330 acerbitatibus

2140 2374 2305 2428 quam
2352 2359 2677 2431 longissime
2726 2362 2889 2415 absit.
2939 2361 3091 2432 Fuge
3123 2362 3313 2433 itaque
3360 2364 3608 2420 forenses
3638 2377 3729 2419 tn-

2142 2452 2349 2506 multus
2378 2467 2502 2507 cum
2554 2454 2814 2522 pratclaro
2866 2457 3155 2522 COtttitnltl,
3209 2458 3467 2527 baptismi
3503 2461 3730 2516 scilicet.

2140 2541 2281 2610 Quid
2327 2547 2474 2600 enim
2529 2550 2623 2602 tibi
2677 2563 2802 2603 cum
2836 2549 3051 2604 Caesare
3094 2550 3444 2622 Caesarisque
3497 2556 3732 2621 negoti's

2137 2648 2436 2690 commune
2487 2626 2611 2698 est,“
2643 2638 2746 2692 ltoc
2778 2648 2896 2701 est,
2950 2655 3073 2693 eum
3109 2640 3298 2694 mundi
3336 2643 3580 2712 principe
3614 2646 3734 2698 dia-

2142 2723 2288 2791 bolo,
2326 2737 2422 2780 aut
2455 2729 2623 2796 hujus
2652 2729 2773 2782 vita:
2805 2732 3056 2799 negotiis,
3109 2747 3174 2787 ac
3227 2747 3352 2802 rege
3381 2734 3574 2787 llOl'lttIt
3621 2737 3727 2788 int-

2137 2820 2346 2886 periuin
2377 2819 2723 2874 obtinente“
2750 2822 2771 2874 i
2814 2821 2891 2877 Ne
2923 2824 3074 2892 prius
3104 2826 3216 2879 ullo
3274 2827 3397 2882 loco
3426 2830 3727 2894 consistas,

2136 2927 2299 2981 quam
2355 2912 2423 2965 ad
2475 2915 2676 2967 cmlum
2728 2918 3060 2983 perveneris,
3121 2920 3211 2973 ubi
3264 2936 3361 2975 nec
3408 2924 3625 2992 plenum
3666 2939 3730 2977 ac

2137 3004 2441 3074 perfectum
2499 3015 2909 3076 peccatumest
2947 3027 2959 3063 :
2996 3026 3097 3065 nec
3148 3010 3462 3076 infuscatio.
3518 3015 3568 3068 id
3619 3028 3727 3081 est,

2136 3093 2313 3149 levius
2341 3096 2558 3161 vitium,
2591 3108 2754 3167 atqttc
2799 3099 2985 3153 animo
3032 3101 3151 3156 solo
3180 3101 3480 3157 conﬂatum
3515 3116 3568 3158 et
3604 3122 3731 3174 pro-

2137 3196 2406 3253 creatum,
2459 3204 2699 3259 eumque
2749 3192 3026 3248 cicatricis
3075 3195 3254 3250 instar
3299 3198 3608 3255 0b5(‘tll'dtts
3664 3217 3727 3253 ac

2138 3278 2356 3349 nigrore
2390 3279 2654 3344 alliciens,
2691 3296 2792 3336 nec
2832 3283 2986 3348 juxta
3019 3285 3096 3349 id,
3150 3288 3294 3356 quod
3338 3289 3391 3342 in
3426 3290 3625 3346 Genesi
3659 3293 3727 3347 de

2140 3370 2271 3425 [tam
2337 3374 2605 3444 scriptum
2652 3378 2820 3444 est",
2869 3379 3085 3435 coluber
3130 3383 3184 3436 in
3222 3387 3309 3439 via
3337 3387 3581 3441 mordens
3618 3389 3729 3443 σαι-ι

2135 3478 2377 3530 cuneum,
2434 3467 2537 3521 ltoc
2580 3478 2685 3531 cst,
2732 3470 2984 3527 diabolus
3014 3473 3067 3526 iu
3100 3473 3335 3545 hujusce
3373 3478 3493 3533 vita:
3528 3480 3611 3534 via
3644 3483 3723 3534 in-

2134 3557 2303 3614 sidias
2352 3561 2600 3626 tendens.
2659 3573 2718 3618 ut
2764 3565 2886 3634 pios
2938 3583 3162 3637 gressus
3231 3577 3358 3627 tuos
3441 3574 3727 3645 impediat.

2133 3650 2335 3723 Abripe
2361 3654 2600 3710 animam
2637 3667 2784 3711 tuam
2838 3674 2867 3712 a
2900 3661 3089 3715 mundi
3142 3666 3476 3733 corruptela,
3531 3682 3726 3737 quent-

2133 3745 2428 3801 admodum
2478 3750 2654 3820 angeli
2691 3763 2941 3806 sanctum
2979 3753 3108 3809 Lota
3146 3755 3397 3813 Sodomae
3426 3761 3728 3830 conflagra—

2135 3840 2284 3893 tione
2334 3840 2728 3897 abstraxerunt
2772 3844 2838 3898 ".
2893 3844 3183 3902 Peccatum
3232 3852 3389 3919 quasi
3427 3852 3721 3911 Sodomam

2133 3931 2280 4002 fuge,
2334 3932 2621 4004 ipsiusque
2660 3950 2876 4005 poenam
2912 3939 3057 3993 velut
3104 3940 3444 3999 incendium.
3493 3945 3575 3999 Ad
3611 3947 3724 4000 vir.

2135 4033 2303 4078 tutcm
2339 4027 2407 4077 ita
2443 4026 2732 4095 contende,
2769 4037 2827 4082 ut
2865 4045 3210 4101 nequaquam
3249 4035 3314 4088 ad
3351 4036 3541 4091 vitium
3577 4040 3669 4092 ani
3694 4070 3715 4079 -

2134 4131 2281 4169 mum
2343 4116 2614 4182 relicuas,
2672 4135 2738 4174 ne
2792 4120 2846 4174 in
2900 4123 3033 4177 salis
3082 4124 3314 4194 lapidem
3364 4142 3714 4196 concresras,

2134 4209 2237 4263 hoc
2266 4218 2372 4273 est,
2423 4224 2491 4264 ne
2541 4211 2595 4264 in
2632 4212 2933 4266 caritatem
2970 4230 3034 4269 ac
3070 4226 3348 4286 stuporem
3387 4220 3716 4287 prolubaris,

2132 4314 2313 4357 mente
2355 4303 2602 4359 videlicet
2637 4304 2702 4359 ad
2753 4320 2814 4359 ea
2865 4322 2987 4377 qua:
3036 4310 3400 4367 conducibilia
3428 4323 3483 4367 et
3522 4316 3716 4369 saluti-

2133 4393 2243 4446 fera
2274 4402 2403 4448 sunt
2435 4394 2875 4466 obstupesccnte.
2922 4397 3083 4470 Lapis
3107 4400 3251 4455 enim
3287 4402 3584 4459 caecitatem
3619 4407 3717 4461 de-

2132 4485 2333 4554 signat,
2366 4486 2446 4540 sal
2479 4496 2737 4542 mentem.
2791 4487 2943 4545 Uxor
2973 4506 3136 4561 porro
3171 4491 3294 4560 Lot,
3363 4509 3488 4550 cum
3525 4497 3712 4552 oculos

445 4582 637 4621 versus
669 4577 817 4620 tuam
859 4566 1032 4637 ipsius
1062 4567 1294 4621 salutem
1331 4568 1602 4638 excogita,
1641 4568 1851 4640 fingens
1875 4571 2022 4624 vide-
2048 4591 2103 4652 Β
2133 4586 2279 4632 retro
2328 4576 2589 4646 ﬂexissrt,
2644 4580 2777 4636 salis
2826 4583 3082 4638 columna
3135 4585 3325 4641 effecta
3369 4588 3521 4643 ρειτι
3549 4631 3564 4653 .
3626 4606 3712 4644 ρο,

442 4660 573 4713 licet
602 4669 654 4714 te
680 4668 900 4730 propter
949 4659 1205 4729 baptismi
1255 4661 1610 4714 reverentiam
1653 4662 2025 4730 prownstiua-

443 4753 590 4807 tione
616 4754 716 4816 uti,
766 4767 891 4807 cum
941 4767 1134 4808 revera
1188 4767 1308 4806 eam
1361 4750 1642 4807 differendi
1693 4755 2021 4808 sacramenti

439 4861 664 4899 causam
722 4843 948 4908 habeas,
1014 4852 1073 4898 ut
1126 4842 1354 4898 liberius
1409 4844 1783 4912 voluptatibus
1838 4845 2023 4899 indui-

441 4951 590 5006 gens.
643 4931 779 4988 Nam
810 4933 1064 5002 quamvis
1091 4934 1230 4988 alios
1264 4934 1640 5001 fefellerimus,
1671 4936 2023 4992 conscientiae

441 5037 623 5081 tamen
660 5034 859 5081 nostra
891 5040 1173 5095 nunquam
1228 5028 1583 5095 imposturant
1632 5026 1814 5082 facere
1863 5037 2019 5097 pote-

442 5119 635 5172 rimus.
663 5119 740 5172 Ac
769 5116 1011 5187 profecto
1041 5117 1303 5172 adversus
1333 5119 1562 5172 salutem
1614 5134 1769 5173 suam
1811 5119 2016 5187 ludere,

441 5210 804 5281 fraudemque
864 5218 1071 5275 texere,
1134 5210 1507 5280 periculosum
1559 5219 1643 5266 est
1676 5228 1690 5266 :
1726 5212 1838 5266 imo
1891 5227 2020 5268 vero

440 5304 745 5373 perspicua:
798 5311 883 5358 est
934 5303 1165 5357 insaniae
1219 5316 1343 5357 cum
1393 5314 1510 5358 arte
1565 5319 1664 5358 sua
1719 5305 1921 5374 perire,
1973 5317 2026 5362 et

451 5410 576 5449 cum
612 5394 909 5450 calliditate
963 5410 1026 5450 ac
1074 5394 1197 5450 dolo
1244 5403 1508 5449 aeternum
1559 5396 1887 5466 supplicium
1921 5399 2024 5453 sibi

441 5502 788 5558 comparare.
851 5484 1134 5543 Gcneralis
1182 5497 1364 5543 autem
1413 5490 1532 5543 bane
1592 5491 1865 5545 sententia
1915 5501 2021 5559 est,

440 5593 507 5634 ac
538 5592 638 5650 per
670 5594 729 5635 se
759 5578 920 5635 ﬁdem
953 5578 1180 5637 faciens.

488 5783 535 5815 “
558 5782 716 5840 Joan.
742 5801 804 5853 tt,
841 5786 863 5839 i
899 5802 1050 5855 seqq.
1116 5787 1157 5816 ‘"
1184 5785 1220 5839 l.
1243 5787 1370 5841 Cor.
1399 5803 1494 5845 vu.
1518 5785 1570 5845 ὅ.
1588 5785 1641 5839 6.
1703 5788 1747 5818 ⁸⁸
1776 5785 1955 5843 ΟιΙτιι.
1986 5803 2071 5855 ttt,
2106 5789 2196 5845 28.

490 5867 550 5913 tt.
598 5871 707 5913 xw.
764 5872 873 5912 va.
898 5858 943 5888 ⁷³
971 5857 1105 5911 Gen.
1135 5872 1280 5913 ηις.
1318 5858 1402 5912 i7.
1482 5859 1526 5889 ⁷³
1556 5858 1691 5913 Gen.
1717 5875 1826 5913 xix.
1870 5861 1894 5913 i
1929 5876 2083 5913 seua.
2184 5864 2196 5895 ⁷

1605 5875 1691 5913 cn.
1717 5875 1826 5925 xix,
1870 5875 1894 5913 1
1929 5876 2083 5926 seqq.

443 5865 550 5920 ut,
598 5871 707 5923 χεν,
764 5872 873 5912 va.
898 5858 943 5888 '”
971 5857 1105 5911 Gen.
1135 5872 1280 5926 nux,
1318 5858 1402 5912 l7.

2120 4670 2307 4723 littnna
2340 4670 2558 4738 quidem
2598 4671 2666 4725 ad
2713 4673 3106 4730 traducendam
3139 4686 3194 4730 et
3242 4680 3710 4735 condctmiatnlam

2122 4776 2311 4815 eorum
2365 4763 2664 4832 ignaviam,
2702 4765 2794 4835 qui
2842 4781 2874 4820 a
2930 4776 3077 4822 recta
3129 4768 3346 4826 vivendi
3399 4775 3613 4829 ration’e
3663 4778 3713 4829 in

2120 4853 2311 4907 vitium
2345 4855 2700 4922 relabuntur;
2750 4856 2882 4912 salis
2939 4866 3148 4925 autem,
3205 4860 3271 4915 ad
3319 4866 3711 4919 ostendendam

2124 4943 2352 5012 hujusce
2389 4946 2516 4999 ntali
2552 4946 2997 5010 amarulentiam,
3049 4949 3132 5002 vel
3186 4951 3314 5020 quia
3346 4962 3541 5007 caetera
3591 4957 3711 5024 qui-

2128 5038 2249 5093 dem
2280 5038 2418 5092 bona
2451 5048 2505 5093 et
2537 5037 2826 5093 commoda
2869 5048 3011 5106 erat,
3042 5041 3504 5111 quemadmodum
3541 5051 3595 5098 et.
3629 5048 3708 5098 sal

2129 5133 2277 5187 utilis
2308 5139 2362 5186 et
2395 5134 2719 5189 commodus
2760 5151 2775 5188 :
2822 5149 3012 5189 verum
3049 5146 3272 5207 propter
3312 5135 3575 5192 violatum
3615 5137 3710 5192 Dei

2127 5223 2441 5279 mandatum
2474 5224 2653 5293 periit.
2692 5224 2851 5293 Quod
2904 5243 2973 5282 ne
3020 5228 3117 5283 tibi
3162 5228 3396 5295 accidat,
3442 5235 3708 5301 quemad-

2125 5319 2346 5372 modum
2381 5317 2481 5373 Lot
2534 5319 2586 5372 in
2639 5329 2902 5389 montem,
2959 5323 3150 5379 eodem
3200 5333 3257 5379 tu
3291 5341 3512 5397 quoque
3546 5328 3709 5380 modo

2126 5407 2191 5462 ad
2221 5406 2386 5460 altam
2416 5419 2469 5462 et
2500 5408 2704 5463 virtute
2735 5412 3024 5468 sublimem
3070 5415 3234 5470 vitam
3265 5417 3529 5491 omnique
3575 5417 3707 5474 vitio

2124 5498 2461 5566 superiorem
2513 5500 2706 5555 salutis
2755 5518 2917 5558 causa
2966 5504 3190 5579 perfuge
3221 5523 3236 5562 :
3270 5523 3338 5564 ne
3386 5508 3529 5565 forte
3576 5524 3702 5565 cum

2127 5590 2411 5646 sceleratis
2444 5591 2509 5645 ad
2543 5594 2869 5663 supplicium
2904 5595 3071 5652 simul
3120 5600 3426 5670 arripiaris,
3476 5618 3543 5659 ac
3583 5603 3703 5657 vin-

2289 5793 2334 5825 ‘9
2353 5790 2522 5849 Exod.
2552 5809 2667 5862 xtx,
2703 5798 2759 5852 4.

2184 5862 2227 5895 ⁷⁵
2255 5864 2388 5918 ibid.
2413 5867 2507 5921 26.

2862 5800 2908 5831 7°
2938 5799 3081 5856 Psal.
3134 5819 3242 5869 LIV,
3304 5802 3354 5861 7.
3463 5806 3507 5836 ⁷⁸
3544 5804 3699 5863 .loan.
