4100 6414
382 446 516 514 126³1

1853 421 2234 484 ADDENDA.

3522 401 3544 463 i
3556 400 3664 461 c.168

379 561 480 615 ,ιες
512 559 652 630 ign},
676 568 727 613 ιε
755 556 1155 625 deprehensum
1184 552 1476 624 opprimat.
1504 547 1753 603 Primum
1778 542 1964 613 igitur,
1997 538 2040 594 Α
2073 531 2338 589 mercedis
2370 528 2809 586 distributionem
2828 522 3135 579 exstitisse.
3166 516 3303 572 Nam
3322 511 3467 585 quod
3484 510 3663 630 80TH!

1787 629 1792 630 ,
1852 628 1863 630 _
2243 625 2253 630 -
2447 622 2458 630 .
2500 620 2512 630 .
2748 618 2759 630 .
2834 617 2846 628 .
3014 629 3020 630 ,
3084 619 3223 630 4,,_--.
3279 608 3328 630 ξ--
3361 616 3519 630 --.ιη-,ι
3580 601 3657 630 ..ιι

380 655 439 701 ιιι
471 628 605 703 dixi.
662 645 765 698 hoc
816 643 912 698 tibi
953 640 1258 694 iaciendum
1288 649 1506 691 censeo.
1560 630 1716 698 Quod
1753 629 1798 684 si
1847 628 1960 695 jam

380 737 682 796 occupatus
735 742 817 789 es,
868 739 933 779 ac
996 720 1322 777 necessariis
1376 718 1610 772 vinculis
1702 712 1964 767 astrictus

379 820 607 883 teneris,
655 820 759 873 hoc
795 816 895 882 est,
926 827 1147 884 propter
1175 830 1375 869 causas
1403 814 1457 867 in
1496 809 1731 878 speciem
1780 806 1965 873 justas

381 913 543 971 atque
576 904 858 964 honestas,
906 902 976 955 ita
1014 900 1254 954 secundo
1287 898 1406 951 loco
1441 905 1618 950 tecum
1652 890 1967 959 disputabo.

383 995 571 1051 Satius
604 993 655 1047 id
689 993 910 1062 quidem
943 1004 1061 1047 erat
1105 992 1435 1059 baptismum
1493 986 1763 1054 accipere,
1819 996 1970 1034 eum-

383 1102 493 1158 que
517 1086 675 1141 tueri.
728 1085 933 1141 Verum
986 1086 1032 1140 si
1087 1099 1382 1149 utrumque
1412 1094 1520 1136 non
1558 1079 1703 1141 licet,
1756 1074 1966 1130 homini

384 1170 649 1225 nimirum
677 1172 913 1241 publicis
933 1170 1167 1240 negotiis
1191 1176 1462 1236 occupato
1486 1174 1650 1233 atque
1667 1162 1931 1217 distracto
1954 1176 1967 1212 :

383 1264 441 1309 at
487 1264 634 1310 certe
665 1264 886 1325 praestat
921 1272 987 1309 ex
1024 1254 1368 1322 negotiorum
1407 1249 1755 1320 publicorum
1795 1244 1971 1299 adrui-

386 1346 714 1403 nistratione
750 1347 1000 1401 nonnihil
1049 1346 1232 1401 sordis
1283 1342 1632 1401 contrahere,
1695 1353 1758 1393 ac
1814 1353 1976 1405 prop-

385 1440 534 1488 terea
559 1431 838 1503 castigari,
871 1446 1037 1500 quam
1071 1428 1325 1499 baptismi
1354 1435 1633 1497 expertem
1664 1432 1972 1477 manentem

386 1510 619 1579 omni'no
650 1540 681 1578 a
713 1524 819 1580 Deo
851 1523 1029 1579 arceri
1061 1532 1228 1593 atque
1247 1519 1434 1591 abjici.
1470 1516 1742 1584 Quocirca
1766 1513 1975 1584 baptis-

389 1619 539 1674 r'num
566 1618 812 1689 quidem,
868 1626 926 1672 ut
989 1618 1202 1673 honore
1236 1614 1487 1685 dignum,
1537 1624 1835 1667 reverere:
1867 1623 1976 1661 non

387 1722 572 1766 nuuen
604 1715 679 1766 ita
712 1710 1060 1781 pertimesce.
1095 1717 1155 1763 ut
1200 1722 1270 1762 ne
1313 1706 1562 1776 accipere
1608 1703 1830 1773 quidem
1882 1716 1980 1755 au-

388 1806 544 1858 deas.
575 1802 769 1873 Neque
801 1802 948 1857 enim
982 1799 1309 1872 simpliciter
1346 1797 1631 1852 hominum
1667 1803 1813 1850 recte
1839 1793 1979 1847 facta

390 1911 420 1949 a
486 1894 602 1950 Deo
657 1893 1044 1965 expenduntur
1103 1909 1118 1948 :

392 1987 625 2056 vitaeque
656 1987 933 2048 instituta,
986 1986 1042 2039 in
1077 1985 1280 2056 quibus
1334 1991 1478 2039 recte
1508 1991 1563 2036 et
1609 1979 1869 2050 ιιι-ποιμα
1898 1978 1983 2032 ot-

390 2078 520 2132 ﬁcio
547 2077 717 2133 {uneti
750 2090 899 2134 sunt.
951 2076 1030 2130 Ac
1056 2076 1408 2146 plerumque,
1458 2072 1551 2143 qui
1587 2072 1642 2125 in
1672 2070 1819 2125 civili
1874 2068 1984 2120 vita

390 2170 448 2215 et
478 2160 532 2216 iu
569 2159 752 2215 medio
787 2159 1133 2233 negotiorum
1186 2158 1362 2228 posita
1414 2155 1620 2225 aliquid
1654 2169 1781 2208 eum
1826 2151 1989 2205 laude

396 2254 587 2324 gessit,
622 2253 877 2323 superior
902 2262 989 2307 est
1016 2266 1083 2307 eo
1113 2251 1205 2321 qui
1241 2266 1270 2305 a
1302 2247 1711 2321 procurationis
1742 2245 1981 2315 publica:

397 2345 556 2400 curia
609 2343 868 2407 feriatus,
921 2342 1103 2398 oﬂicio
1152 2357 1263 2397 non
1309 2356 1407 2411 per
1458 2339 1642 2393 omnia
1694 2337 1987 2393 Satisfecit.

397 2428 554 2496 Quod
610 2440 790 2484 autem
849 2445 957 2485 una
1009 2443 1133 2482 eum
1170 2429 1294 2482 vitae
1342 2426 1609 2481 institutis
1659 2434 1807 2479 recte
1846 2422 1988 2477 facta

398 2522 845 2592 perpendautur,
923 2529 1246 2591 argumento
1303 2528 1387 2574 est
1449 2518 1568 2572 liab
1623 2514 1879 2570 meretrix
1919 2514 1986 2579 ⁷⁸,

404 2622 572 2684 atque
629 2614 720 2668 ille
758 2614 810 2668 Ξιι
844 2614 1137 2683 Evangelio
1166 2612 1496 2682 publicanus
1514 2610 1579 2662 ".
1641 2608 1851 2663 Etenim
1901 2607 1989 2661 illa

399 2711 459 2763 in
489 2708 800 2764 meretricia
844 2709 955 2763 vita
988 2705 1399 2777 hospitalitatis,
1436 2704 1690 2757 virtutem
1719 2712 1991 2765 asseen'a,

403 2801 493 2858 hic
534 2811 722 2858 autem
773 2802 829 2857 in
880 2800 1162 2872 publicani
1220 2814 1450 2855 munere
1490 2796 1875 2858 humilitatem,
1927 2792 1995 2847 ab

402 2896 491 2952 his
522 2897 714 2966 paucis
744 2895 1041 2951 virtutibus
1079 2893 1307 2964 iustitiae
1354 2889 1580 2945 laudem
1625 2896 1990 2957 reportarem.

403 2987 538 3055 Quae
562 3005 652 3045 res
684 2990 779 3044 tibi
818 2990 1149 3045 documento
1175 2999 1297 3042 esse
1323 2983 1504 3048 debet,
1533 2998 1603 3037 ne
1638 2997 1704 3037 ea
1733 2982 1803 3036 de
1828 2993 1995 3035 causa

404 3081 689 3136 meliorem
753 3097 973 3136 omnem
1024 3082 1091 3136 de
1147 3080 1325 3135 salute
1376 3086 1469 3131 tua
1529 3090 1681 3141 spem
1746 3071 1993 3141 alijicias,

405 3172 552 3241 quod
605 3188 798 3229 omnes
847 3172 1067 3227 virtutis
1120 3185 1383 3226 numeros
1458 3167 1677 3237 explere
1732 3178 1993 3234 nequeas.

403 3257 579 3313 Porro
628 3256 943 3329 Theologus
993 3257 1249 3313 consulto
1300 3254 1367 3310 ad
1417 3254 1636 3309 unicam
1667 3265 1844 3318 usque
1892 3247 1999 3301 vir-

408 3358 579 3404 tutem
614 3350 919 3405 orationem
954 3351 1199 3416 demisit,
1235 3354 1296 3402 ut
1327 3345 1549 3400 allatam
1582 3339 2000 3396 excusationem

408 3451 635 3507 prorsus
666 3445 900 3491 evertat.

484 3524 624 3580 Ibid.
694 3524 910 3586 Verum,
946 3524 1100 3576 dicet
1147 3521 1442 3592 quispiam,
1478 3525 1588 3573 etc.
1652 3518 1723 3569 At
1775 3514 2005 3569 fortasse

411 3615 593 3673 dictus
622 3626 727 3679 est,
779 3617 873 3686 qui
905 3615 1236 3685 baptismum
1289 3609 1498 3665 diutius
1544 3606 1804 3664 extrahit.
1861 3604 2004 3672 Quid

414 3700 685 3757 commodi
723 3700 852 3755 hinc
884 3700 953 3754 ad
984 3711 1071 3752 me
1103 3695 1409 3750 rediturum
1442 3703 1545 3758 est,
1578 3693 1622 3749 si
1671 3707 1768 3759 per
1800 3690 2004 3759 baptis-

414 3808 568 3849 mum
599 3803 901 3863 occupatus
937 3804 1001 3843 ac
1030 3787 1333 3843 distraetus
1362 3795 1572 3849 tenear,
1622 3783 1871 3853 mihique
1901 3781 2005 3851 ipsi

415 3888 759 3955 voluptatum
813 3882 1231 3940 oblectamentis
1281 3880 1660 3937 interdixero:
1704 3893 1829 3933 cum
1867 3874 2001 3929 mihi

416 3978 800 4051 voluptatibus
838 3976 1049 4032 servire
1083 3976 1265 4043 liceat,
1299 3988 1364 4029 ac
1392 3983 1505 4028 tum
1544 3966 2009 4038 demum‘baptis-

417 4089 573 4129 mum
628 4071 948 4140 suscipere.
1008 4084 1132 4123 cum
1185 4066 1446 4135 peccandi
1502 4067 1664 4119 tinem
1716 4060 2010 4131 aliquando

418 4166 603 4222 fecero
636 4182 650 4219 :
682 4161 1127 4235 quandoquidem
1184 4169 1241 4214 et
1272 4158 1510 4229 operarii
1557 4156 1658 4223 illi,
1692 4155 1759 4209 de
1809 4154 2011 4225 quibus

420 4259 755 4330 evangelista
808 4255 1049 4326 loquitur
1084 4256 1128 4286 ⁷⁷
1157 4292 1171 4316 ,
1210 4251 1461 4306 mercede
1511 4248 1791 4313 conducti,
1845 4255 2014 4316 atque

422 4352 480 4407 in
515 4350 813 4404 excolenda
842 4348 1001 4400 vinea
1036 4346 1188 4414 prius
1231 4342 1416 4397 labore
1462 4338 1696 4410 fatigati,
1739 4337 2011 4408 aequalem

424 4450 552 4491 eum
609 4434 676 4488 iis
725 4432 825 4502 qui
873 4432 1020 4485 circa
1075 4426 1422 4484 undecimam
1477 4425 1670 4479 horam
1727 4428 2014 4486 venerant,

425 4524 736 4581 mercedem
766 4529 1111 4593 acceperunt.
1149 4519 1263 4590 Ego
1292 4534 1422 4572 vero
1453 4516 1520 4572 ad
1549 4533 1699 4580 eum,
1725 4515 1819 4586 qui
1851 4513 2016 4583 hujus

2067 625 2342 685 venerint,
2369 622 2459 691 qui
2500 620 2633 675 hora
2654 617 2940 673 undecima
2965 619 3251 674 venerant,
3279 608 3331 662 in
3357 616 3521 661 causa
3558 601 3663 655 fuit

2070 718 2299 772 vocatio.
2340 714 2515 769 Simul
2544 714 2688 768 enim
2729 721 2890 779 atque
2914 705 3088 761 vocati
3134 711 3283 762 sunt,
3310 699 3563 768 protinus
3597 708 3663 748 ac

2068 818 2355 866 cesserunt
2390 828 2403 863 :
2439 808 2512 861 ita
2553 821 2621 860 ne
2663 803 2765 858 hac
2811 801 3029 871 quidem
3064 807 3215 870 parte
3251 791 3541 848 inferiores
3594 786 3662 840 iis

2071 906 2202 963 sint.
2236 904 2327 971 qui
2357 900 2570 967 priores
2595 897 2661 952 ad
2686 896 2927 950 laborem
2955 906 3014 947 se
3040 888 3413 944 contulerunt.
3441 877 3670 934 Cu‘teris

2075 1008 2257 1051 autem
2288 993 2600 1049 rationibus
2626 990 2748 1044 vide
2779 994 3045 1057 quantum
3082 982 3136 1037 hi
3162 981 3286 1034 illos
3316 972 3668 1031 auteeellant.

2072 1088 2152 1145 Illi
2198 1088 2343 1142 enim
2391 1085 2459 1139 de
2489 1084 2651 1155 iustae
2694 1079 2965 1136 mercedis
3011 1073 3385 1145 persolutione
3428 1064 3664 1121 Domino

2075 1199 2182 1238 non
2220 1192 2346 1236 ante
2379 1179 2538 1233 (idem
2591 1176 2931 1238 habuerunt,
2988 1184 3088 1224 nec
3137 1167 3190 1221 in
3226 1166 3442 1218 vincam
3479 1157 3671 1228 pedem

2079 1275 2407 1335 intulerunt,
2438 1286 2603 1340 quam
2639 1270 2703 1322 de
2736 1268 2987 1321 mercede
3010 1278 3135 1316 cum
3176 1260 3310 1329 ipsis
3340 1261 3673 1312 conventum

2079 1376 2268 1424 esset:
2306 1365 2357 1418 hi
2396 1373 2604 1426 autem,
2652 1376 2752 1415 nec
2781 1357 3201 1412 cenventionem
3252 1353 3526 1405 ineuntes.
3579 1360 3674 1399 nec

2078 1458 2236 1513 anxie
2255 1457 2322 1511 de
2348 1453 2597 1509 mercede
2622 1451 2974 1520 exquirentes
3009 1444 3235 1517 ingressi
3260 1449 3408 1498 sunt.
3443 1436 3523 1492 Ad
3564 1437 3677 1491 hmo

2081 1551 2158 1607 illi
2215 1547 2526 1621 perspicuis
2578 1544 2798 1600 invidize
2866 1540 3088 1597 facibus
3121 1537 3389 1592 adversus
3438 1546 3533 1586 eos
3584 1527 3679 1597 qui

2082 1620 2369 1698 undecima
2425 1640 2560 1694 hora
2621 1645 2904 1695 venerant,
2966 1634 3317 1691 exarserunt,
3370 1633 3536 1692 atque
3580 1620 3682 1674 ad-

2086 1750 2282 1792 versus
2317 1733 2569 1789 beneficii
2594 1730 2895 1803 gratiaeque
2919 1735 3202 1781 auctorem
3227 1724 3682 1775 murmuraruut:

2088 1830 2142 1884 hi
2186 1837 2393 1888 autem.
2450 1824 2666 1881 tametsi
2719 1833 2910 1879 contra
2960 1815 3167 1888 aliquid
3219 1812 3460 1883 objieere
3492 1815 3687 1878 potue-

1178 1893 1271 1987 θεά
1329 1900 1494 1946 eum“
1556 1903 1771 1987 eor"'"_
1804 1887 1980 1987 sum}
2013 1882 2057 1943 Β
2093 1924 2225 1984 rint,
2255 1921 2461 1976 nullius
2501 1928 2681 1973 tamen
2712 1913 2878 1987 iurgii
2914 1922 2970 1968 et
3003 1882 3383 1966 altercationis
3412 1914 3686 1959 accusan-

2093 2025 2199 2069 tur.
2259 2013 2378 2069 Huc
2427 2011 2764 2074 addendum,
2812 2006 2958 2076 quod
3011 2003 3113 2068 illi,
3157 2002 3232 2064 id,
3288 1997 3434 2070 quod
3462 2008 3690 2064 accepe-

2095 2116 2263 2167 runt,
2321 2103 2592 2160 mercedis
2645 2102 2869 2156 nomine
2927 2102 3303 2167 acceperunt,
3371 2100 3688 2159 quanquam

2091 2201 2254 2256 etiam
2287 2215 2394 2255 non
2425 2213 2635 2254 merces
2668 2195 2825 2265 ipsis,
2873 2192 2968 2248 sed
3019 2203 3208 2261 pmua,
3243 2194 3303 2239 ut
3335 2180 3602 2253 improbis
3635 2188 3693 2232 et

2092 2292 2372 2365 malignis,
2429 2290 2744 2346 deberetur.
2807 2286 2988 2356 Atque
3042 2284 3116 2337 ita
3168 2277 3367 2334 merito
3432 2269 3689 2341 ampliori

2094 2362 2311 2443 summa
2367 2391 2690 2446 caruerunt,
2745 2388 2937 2450 utpote
2986 2371 3308 2433 stoliditatis
3335 2378 3389 2424 et
3417 2362 3696 2421 vecordiae

2095 2477 2357 2536 convicti.
2416 2473 2750 2531 Stoliditatis
2797 2471 2945 2525 enim
3008 2477 3147 2528 erat,
3207 2478 3317 2519 non
3377 2456 3696 2514 meminisse

2096 2589 2203 2644 qua
2246 2569 2496 2627 mercede
2550 2566 2965 2624 convenissent.
3022 2570 3077 2615 et
3131 2572 3257 2613 cum
3317 2554 3468 2608 nullo
3522 2551 3695 2606 detri-

2098 2673 2283 2720 mento
2316 2674 2485 2733 atque
2537 2656 2892 2713 incommodo
2947 2650 3126 2707 atl'ecti
3169 2658 3393 2709 essent,
3430 2646 3482 2698 in
3535 2656 3700 2695 voces

2098 2766 2280 2811 tamen
2337 2753 2557 2823 iniquas
2611 2760 2662 2805 et
2713 2746 3017 2802 murmuris
3071 2742 3261 2814 plenas
3316 2750 3696 2807 prorumpere.

2097 2847 2325 2903 AtVero
2372 2847 2441 2900 iis
2492 2843 2586 2913 qui
2642 2840 2707 2896 ad
2762 2839 3110 2895 undecimam
3172 2841 3458 2891 venerant.
3512 2825 3699 2896 gratio

2102 2941 2370 2995 rationem
2406 2935 2667 2997 habebat,
2704 2933 2755 2988 id
2786 2930 2932 3002 quod
2971 2925 3380 2999 porrigebatur.
3436 2918 3699 2975 Confecta

2101 3043 2282 3088 autem
2315 3041 2398 3086 est
2429 3026 2744 3096 huiusmodi
2781 3024 3041 3096 parabola
3084 3021 3152 3075 ad
3184 3017 3445 3073 eximiam
3501 3027 3555 3069 et
3603 3026 3701 3065 ex-

2101 3126 2389 3179 cellentem
2440 3119 2641 3175 divina:
2694 3116 2957 3173 bonitatis
3018 3111 3450 3184 magnitudinem
3506 3114 3694 3159 osten-

2020 3225 2067 3284 Β
2104 3216 2364 3271 dendam.
2414 3212 2593 3280 Atque
2627 3211 2793 3263 etiam
2849 3206 3117 3275 proiecto,
3160 3203 3205 3257 si
3243 3201 3318 3255 illi
3354 3197 3446 3267 qui
3486 3197 3700 3265 priores

2106 3311 2477 3367 accesserant.
2518 3300 2697 3356 serius
2751 3311 2998 3367 quoque.
3057 3302 3116 3347 ut
3166 3293 3215 3346 id
3270 3288 3503 3358 exempli
3536 3299 3702 3340 causa

2108 3408 2400 3468 ponamus.
2461 3393 2526 3448 ai
2585 3391 2799 3445 vineam
2863 3402 2922 3441 se
2982 3383 3379 3443 contulissent,
3438 3377 3703 3449 aequalem

2113 3501 2294 3544 tamen
2354 3485 2716 3542 nihilominus
2788 3482 3096 3536 mercedem
3166 3476 3445 3545 accepturi
3525 3480 3701 3525 erant.

2108 3583 2227 3650 Qua
2259 3580 2426 3651 igitur
2454 3579 2633 3633 fronte
2652 3572 2940 3631 Dominum
2993 3570 3164 3627 vineae
3196 3580 3462 3623 accusare
3501 3563 3707 3617 audent

2110 3682 2335 3745 prorter
2383 3669 2734 3741 inatqualem,
2767 3675 2824 3721 ut
2852 3666 2987 3735 ipsis
3012 3662 3321 3721 videbatur,
3346 3659 3505 3728 insta:
3525 3668 3709 3722 aequa-

2114 3765 2282 3821 litatis
2329 3758 2823 3818 distributionem?
2858 3756 3186 3823 Quanquam
3227 3752 3373 3807 enim
3418 3745 3708 3815 inaequalis

2112 3856 2524 3914 distributionis
2577 3852 2743 3922 hujus
2795 3851 3085 3921 aequalitas
3116 3846 3430 3909 videbatur,
3484 3850 3708 3913 propter

2112 3951 2391 4019 disparem
2466 3944 2717 4000 laborum
2787 3944 3104 4005 rationem,
3184 3938 3444 4008 aequitate
3522 3944 3707 3988 tamen

2112 4055 2325 4095 summa
2382 4039 2696 4104 nitebatur,
2772 4037 2903 4108 quia
2963 4050 3089 4090 cum
3147 4033 3367 4087 illorum
3429 4027 3708 4084 laboribus

2115 4135 2312 4189 horum
2365 4132 2622 4187 voluntas
2679 4145 2743 4185 ac
2804 4138 3058 4200 prompta
3111 4125 3283 4182 animi
3314 4121 3530 4178 affectio
3563 4135 3711 4174 com-

2114 4226 2473 4296 pensabatur.
2536 4227 2718 4295 Atque
2784 4224 2903 4278 lure
2939 4220 3126 4276 omnia
3188 4220 3272 4275 his
3350 4216 3443 4287 qui
3500 4214 3711 4284 priores

2116 4321 2266 4389 operi
2328 4318 2718 4381 incubuerant,
2777 4314 3000 4372 sudoris
3059 4311 3278 4368 laudem
3343 4318 3397 4365 et
3453 4305 3708 4378 gloriam,

2117 4426 2306 4481 quam,
2348 4411 2453 4465 nisi
2508 4411 2646 4465 tales
2689 4408 2894 4462 inventi
2951 4417 3159 4467 essent,
3200 4402 3477 4473 accepturi
3530 4405 3709 4458 erant,

2120 4504 2476 4561 subtrahunt.
2517 4500 2677 4557 Juxta
2738 4500 3037 4556 secundam
3086 4507 3267 4552 autem
3301 4494 3595 4561 rzuionem,
3652 4497 3714 4542 ut

426 4617 679 4674 oratione
725 4588 917 4682 utitur,
965 4588 1219 4670 dixerimi
1259 4629 1273 4665 :
1327 4608 1556 4681 Negotio
1608 4622 1698 4663 me
1748 4604 2016 4670 liberasti,
2051 4601 2095 4656 D
2125 4596 2441 4668 parabolam
2491 4596 2635 4651 hanc
2671 4595 2738 4649 de
2783 4592 3056 4663 baptismo
3101 4590 3374 4646 disserere
3417 4588 3710 4657 tingamus.

425 4713 533 4768 huc
566 4719 672 4776 est,
709 4710 900 4765 labore
938 4718 992 4763 et
1026 4703 1304 4769 molestia,
1339 4718 1462 4774 qum
1498 4700 1631 4756 mihi
1672 4697 2017 4769 suscipienda

427 4802 649 4869 fuisset,
702 4809 762 4856 ut
814 4796 1333 4871 procrastinationis
1367 4807 1473 4849 tuac
1531 4807 1793 4847 arcanum
1837 4789 2018 4859 expis-

428 4909 586 4949 carer
613 4902 777 4964 atque
806 4892 1190 4963 intelligerem.
1235 4885 1433 4945 Verum
1467 4885 1593 4940 audi
1623 4901 1690 4939 ex
1738 4900 1825 4938 me
1853 4898 2014 4952 para-

428 4988 573 5041 bolae
620 4988 806 5057 hujus,
859 5001 1026 5057 quam
1078 4998 1364 5055 perperam
1421 4981 1703 5049 intelligis,
1764 4977 2024 5045 explana-

433 5078 662 5132 tionem.
714 5076 958 5131 Primum
1012 5076 1177 5149 igitur
1211 5075 1317 5130 hoc
1364 5074 1507 5133 dico.
1535 5080 1612 5137 ,te
1664 5070 2020 5137 incongruam

438 5176 603 5237 atque
635 5165 867 5220 alienam
901 5165 1265 5235 objectionem
1300 5162 1612 5233 protulisse.
1640 5159 1852 5213 Etenim
1901 5158 2018 5211 haec

439 5257 720 5330 paraboia,
756 5272 862 5311 non
898 5255 965 5311 de
1003 5256 1241 5311 hominis
1293 5263 1412 5323 post
1466 5263 1750 5320 acceptum
1812 5247 2021 5317 baptis-

440 5368 595 5409 mum
627 5351 943 5424 operatione
980 5350 1202 5407 disserit
1234 5365 1246 5402 :
1282 5362 1470 5401 Verum
1501 5346 1570 5399 de
1628 5345 1720 5406 iis,
1772 5342 1865 5411 qui
1900 5339 2024 5405 aliis

446 5460 611 5519 atque
660 5445 787 5502 aliis
838 5444 1178 5514 temporibus
1229 5439 1391 5494 (idem
1439 5438 1871 5507 ampicctuntur.
1924 5430 2028 5499 Qui

444 5540 689 5609 quidem,
718 5538 880 5595 simul
913 5544 1080 5607 atque
1101 5531 1167 5586 ad
1194 5530 1355 5583 tidem
1380 5524 2031 5591 accesserunt,'actiones

445 5650 576 5688 suas
624 5631 927 5690 secundum
984 5626 1078 5681 Dei
1131 5623 1385 5677 mandata
1433 5632 1485 5674 et
1538 5620 1684 5691 leges
1744 5618 2034 5672 instituere

446 5742 674 5782 necesse
704 5726 923 5780 habent.
960 5719 1094 5776 Illud
1122 5718 1315 5772 deinde
1345 5714 1607 5785 probabo,
1632 5713 1837 5783 justam
1862 5722 2033 5779 aqua:

1772 5904 1833 5957 it)
1889 5918 2044 5973 seqq.

452 5912 501 5948 ’⁸
542 5913 705 5968 .lo.ue
766 5926 842 5976 tt,
906 5911 925 5963 i
985 5926 1137 5981 seqq.
1248 5912 1292 5942 "
1334 5908 1467 5965 Luc.
1527 5923 1697 5971 vim,

2118 4690 2246 4759 quid
2303 4686 2557 4759 prohibet
2610 4685 2905 4757 quominus
2948 4692 3004 4737 tu
3040 4697 3262 4754 quoque
3310 4680 3464 4749 prius
3504 4678 3714 4746 ingres-

2119 4795 2235 4842 sus,
2265 4778 2485 4849 dieique
2516 4786 2712 4832 :estum
2754 4791 3077 4846 perpessus,
3116 4774 3204 4839 iis,
3242 4772 3337 4842 qui
3373 4779 3497 4841 post
3532 4778 3585 4823 te
3621 4783 3715 4821 ve-

2122 4881 2345 4936 nerunt,
2387 4885 2495 4925 non
2545 4868 2838 4923 invideas:
2886 4877 2945 4921 ut
2977 4866 3033 4921 in
3084 4881 3151 4923 eo
3199 4879 3419 4935 quoque
3464 4861 3580 4930 ipse
3619 4875 3715 4914 su-

2126 4967 2309 5037 perior
2370 4964 2477 5017 illis
2532 4962 2643 5026 sis,
2713 4961 2976 5015 nimirum
3036 4959 3182 5028 quod
3243 4965 3467 5029 propter
3519 4957 3714 5010 huma-

2126 5059 2355 5113 nitatem
2445 5065 2500 5111 et
2578 5056 2900 5111 eharitatem
2999 5055 3202 5109 invidia
3296 5069 3404 5107 non
3498 5048 3716 5104 inﬂam-

2131 5152 2334 5214 meris,
2418 5160 2584 5219 atque
2656 5148 2820 5203 etiam
2911 5148 2965 5202 in
3044 5162 3112 5203 eo
3181 5145 3328 5217 quod
3407 5142 3714 5199 mercedem

2131 5247 2379 5317 aecipins
2416 5244 2698 5300 laboribus
2731 5244 2840 5298 tuis
2870 5244 3133 5309 debitam,
3175 5256 3283 5295 non
3324 5246 3508 5293 autem
3543 5236 3716 5291 bene-

2134 5339 2259 5393 ﬁcio
2288 5347 2341 5392 et
2372 5337 2546 5407 gratia
2589 5344 2888 5407 acceptam,
2929 5333 3393 5407 quemadmodum
3434 5330 3470 5384 ii
3521 5328 3614 5399 qui
3648 5326 3715 5382 ad

2131 5430 2476 5485 undecimam
2516 5429 2704 5482 horam
2746 5427 3059 5482 venerunt?
3118 5425 3341 5495 Insuper
3386 5426 3500 5478 lucc
3560 5435 3717 5492 para-

2132 5523 2252 5577 bola
2300 5537 2396 5576 eos
2453 5521 2759 5591 operarios,
2795 5522 2890 5588 qui
2938 5521 2992 5575 in
3028 5520 3240 5574 vineam
3282 5514 3517 5589 ingressi
3566 5522 3717 5574 sunt,

2134 5612 2439 5669 mercedem
2475 5613 2723 5681 accipere
2759 5613 2859 5676 ait,
2884 5630 2988 5668 non
3022 5622 3208 5668 autem
3236 5626 3331 5667 eos
3358 5609 3453 5680 qui
3486 5624 3516 5661 a
3553 5606 3719 5660 vinea:

2136 5707 2385 5775 ingressu
2425 5703 2773 5759 aberrarunt.
2814 5705 2968 5771 Quod
3010 5705 3235 5777 quidem
3280 5702 3584 5777 periculum
3616 5697 3718 5754 tibi

2122 5901 2167 5934 ⁷⁷
2208 5897 2398 5954 Matth.
2455 5911 2562 5962 xx,
2626 5891 2650 5946 1
2708 5903 2861 5961 seqq.
