4100 6442
471 279 610 346 Ιὲἳξι

1412 282 1741 343 NlCETAS
1787 284 1867 343 IN
1909 282 2131 342 ORAT.
2176 283 2278 343 XL
2322 285 2382 345 ὃ.
2426 283 2660 344 GREG-

3600 286 3745 350 127i}

464 400 738 464 imminet,
786 411 938 458 ext:a
984 403 1313 473 baptismum
1372 406 1640 468 manenti,
1694 402 1955 475 vafreqne
1992 411 2047 457 et
2075 404 2118 457 A
2148 402 2366 472 quidem
2387 402 2615 471 gratiam
2639 411 2859 468 norunt,
2890 416 3122 472 eamque
3146 400 3341 456 honori
3369 400 3565 455 habent
3590 419 3600 452 :
3630 419 3737 454 eae~

467 494 742 551 malitiose
776 497 959 565 operis
985 498 1233 554 nonnihil
1276 499 1658 569 supprimenti,
1697 518 1760 556 ac
1784 516 2044 571 compen-

465 588 616 641 dium
654 590 860 644 laboris
909 590 1152 656 facienti,
1190 592 1295 648 hoc
1342 602 1448 656 est,
1492 605 1710 665 propter
1752 595 1964 652 sordidi
1994 604 2048 651 et

468 679 752 738 illiberalis
801 684 968 736 animi
1010 682 1352 741 aﬂ'ectionem
1415 703 1761 758 nequaquam
1797 689 2048 745 celeriter

468 773 536 825 ad
582 772 796 827 labores
825 782 877 826 te
903 775 1236 843 accingenti,
1285 788 1343 832 ut
1390 781 1757 849 voluptatibus
1800 783 1896 836 tibi
1938 782 2042 838 frui

466 864 650 918 liceat.
704 865 856 919 Mitto
896 868 1041 920 enim
1083 868 1286 933 dicere,
1330 873 1475 940 quod
1525 874 1733 929 homini
1778 891 1885 929 non
1921 892 2044 930 om-

462 957 601 1011 nino
634 958 781 1028 turpi
813 972 864 1014 et
890 961 1132 1027 sordido,
1183 977 1371 1017 verum
1404 964 1585 1034 aliqua
1615 969 1889 1039 magnifici
1923 968 2044 1024 ani-

465 1051 538 1102 rui
568 1050 729 1106 laude
770 1052 1022 1121 praedito,
1079 1054 1129 1108 id
1177 1073 1394 1125 quoque
1428 1059 1627 1126 ipsum,
1674 1077 1868 1131 nempe
1925 1078 2044 1116 am-

460 1141 606 1210 plius
644 1144 915 1208 laborare,
960 1147 1230 1204 uberioris
1263 1151 1531 1206 mercedis
1570 1163 1623 1206 et
1656 1165 1901 1223 quaestus
1923 1156 2045 1211 loco

464 1233 777 1290 habendum
826 1246 932 1303 est,
990 1239 1062 1295 ob
1109 1254 1429 1310 sequentem
1487 1244 1822 1314 voluptatem
1882 1259 2046 1319 atque

458 1324 909 1392 oblectationem,
940 1345 1103 1399 quam
1132 1346 1200 1387 ex
1231 1347 1294 1388 ea
1326 1349 1385 1389 re
1419 1336 1653 1406 percipit
1686 1339 2043 1393 conscientia.
2073 1373 2087 1379 κ

464 1415 680 1471 Etenim
713 1422 809 1489 qui
860 1420 1096 1492 longiori
1153 1423 1337 1483 labore
1392 1427 1714 1505 fatigantur,
1777 1429 2047 1486 hactenus

462 1510 738 1578 superiori
770 1515 1084 1569 conditione
1115 1526 1267 1583 sunt,
1318 1522 1465 1589 quod
1508 1530 1731 1592 prepter
1777 1538 1896 1578 eam
1930 1538 2045 1576 rem

466 1602 663 1670 majori
737 1605 1100 1663 delectatione
1171 1610 1591 1680 perfunduntur.
1678 1613 2044 1681 Quamobrem

456 1710 589 1749 cum
629 1696 753 1752 vitro
816 1697 1068 1770 ingressu
1119 1703 1340 1758 multari
1404 1705 1759 1775 pericliteris,
1828 1716 2047 1775 propter

460 1803 559 1844 eas
597 1790 807 1846 sordidi
840 1803 1091 1861 quaestus
1131 1798 1496 1866 captationes,
1528 1815 1665 1867 quas
1696 1815 1861 1869 supra
1895 1813 2044 1854 com-

463 1883 916 1951 memoravimus,
940 1886 1183 1957 dumque
1210 1904 1371 1959 parva
1403 1893 1650 1961 quaedem
1688 1891 1839 1947 lucra
1868 1892 2046 1948 obiter

460 1975 695 2046 colligis,
749 1977 854 2034 hoc
909 1987 1032 2043 est,
1094 1983 1400 2051 voluptates
1442 1985 1494 2037 in
1553 1986 2045 2053 procrastinatione

459 2066 691 2134 positas,
744 2056 1001 2125 maximis
1043 2072 1493 2143 gravissimisque
1539 2074 1882 2131 detrimentis
1926 2075 2046 2131 alli-

462 2158 652 2223 ciaris,
688 2159 792 2216 hoc
822 2170 926 2226 est,
959 2164 1230 2231 baptismo
1264 2168 1383 2236 ipso
1424 2167 1646 2223 excidas
1675 2186 1688 2223 :
1719 2184 1838 2238 age,
1863 2171 2047 2224 detor-

458 2260 548 2306 tas
590 2251 901 2322 hujusmodi
960 2256 1370 2327 Scripturarum
1424 2261 1798 2327 expositiones
1848 2263 2047 2318 missas

458 2343 570 2409 fac,
596 2354 652 2398 et
682 2346 818 2401 citra
851 2346 1015 2401 ullam
1068 2347 1315 2405 fraudem
1356 2353 1421 2408 ad
1458 2353 1787 2422 baptismum
1822 2355 2042 2422 accede,

459 2434 600 2489 nihil
640 2435 894 2495 videlicet
942 2454 1134 2495 eorum
1192 2457 1315 2510 quae
1374 2459 1403 2497 a
1464 2444 1622 2499 nobis
1670 2445 1831 2499 allata
1890 2455 2042 2510 sunt,

460 2528 801 2599 voluptatum
834 2534 1017 2598 studio
1051 2546 1215 2607 atque
1249 2553 1436 2593 amore
1489 2539 1684 2593 callide
1743 2548 2046 2607 praetexens

456 2629 556 2675 aut
581 2622 1027 2680 comminiscens.

532 2709 780 2765 Col.187
836 2714 902 2771 A.
945 2713 1086 2781 Quid
1144 2716 1348 2783 "summ,
1403 2720 1629 2790 inquies
1684 2738 1852 2776 nonne
1901 2722 2045 2777 beni-

457 2818 619 2872 gnus,
650 2812 755 2859 etc.
791 2803 1050 2875 Sequitur
1085 2808 1189 2862 alia
1225 2809 1485 2878 objectio,
1520 2813 1665 2866 velut
1695 2813 1748 2867 in
1780 2813 1899 2884 ejus
1923 2830 2046 2886 per-

460 2910 620 2961 sona,
680 2896 777 2966 qui
831 2897 1164 2968 baptismum
1202 2913 1515 2957 recusatae
1547 2905 1760 2974 rejicit,
1818 2906 2042 2976 aitque:

465 2986 633 3052 Deus,
670 2998 728 3043 ιιι
758 2991 1154 3060 cogitationum
1195 2994 1567 3050 humanarum
1592 3013 1861 3067 t-xpensor
1898 2999 2044 3069 quod

461 3079 718 3149 baptismi
773 3081 1048 3139 desiderio
1102 3093 1311 3149 tenear,
1363 3098 1704 3158 perspectum
1753 3088 1951 3154 habet;
1986 3096 2045 3143 ut

458 3180 647 3225 autent
704 3171 947 3228 clemens
1012 3185 1066 3229 et
1121 3177 1479 3243 misericors,
1541 3179 1673 3234 illud
1734 3195 1832 3250 pro
1869 3179 2048 3250 bapti-

461 3283 582 3323 smo
658 3270 952 3339 reputabit.
1025 3271 1106 3325 Ad
1173 3288 1375 3343 quem,
1434 3275 1611 3345 inquit
1682 3272 2047 3345 Tbeologus:

462 3361 765 3435 Euigmati
817 3365 999 3420 simile
1055 3366 1317 3436 quiddam
1353 3383 1568 3424 narras.
1605 3368 1700 3424 Ais
1741 3368 1888 3425 enim
1919 3384 2047 3425 eum

460 3458 740 3529 baptismo
794 3459 1137 3515 illuminatus
1170 3475 1280 3515 non
1315 3471 1420 3527 est,
1493 3462 1636 3533 apud
1674 3461 1842 3517 Deum
1870 3502 1886 3528 ,
1919 3476 2052 3533 νιο-

462 3557 585 3616 pter
625 3546 798 3617 ipsius
834 3548 1295 3612 misericordiam,
1331 3565 1432 3621 pro
1462 3550 1771 3607 illuminato
1835 3552 2047 3610 haberi.

462 3639 578 3711 Ego
606 3655 761 3713 vero,
792 3640 924 3711 quid
953 3643 1019 3698 de
1049 3643 1158 3697 tuis
1183 3643 1592 3712 objectionibns
1623 3642 1958 3709 existimem,
1993 3645 2049 3701 in

459 3733 704 3789 medium
742 3732 1038 3804 proferam.
1070 3735 1174 3792 Aio
1200 3735 1366 3807 igitur
1396 3735 1642 3793 diversos
1668 3749 1791 3791 esse
1822 3735 2048 3807 gradus,

462 3836 575 3881 tam
620 3840 811 3881 eorqu
865 3827 958 3896 qui
1040 3826 1373 3896 baptismum
1430 3844 1535 3882 non
1595 3835 2047 3897 consequuntur,

460 3934 628 3988 quam
661 3934 852 3974 eorum
884 3920 980 3989 qui
1014 3919 1268 3989 baptismi
1306 3930 1587 3990 compotes
1633 3920 1789 3975 fiunt.
1828 3920 2045 3976 Etenim

458 4026 526 4066 ex
589 4012 657 4067 iis
710 4014 805 4082 qui
859 4012 1233 4082 baptizantur,
1279 4013 1373 4068 alii
1415 4023 1546 4070 ante
1595 4029 1624 4069 a
1668 4013 1777 4071 Deo
1819 4015 2046 4070 omnino

458 4104 625 4160 alieni
644 4113 819 4168 erant,
849 4104 905 4162 in
926 4107 1171 4160 omnium
1191 4106 1454 4161 scelerum
1480 4107 1922 4177 ﬂagitiorumque
1945 4120 2051 4162 cte-

460 4214 533 4253 no
566 4213 690 4254 sese
722 4197 850 4253 data
910 4214 1078 4269 opera
1100 4198 1537 4254 volutantes.Alii
1564 4199 1788 4254 dimidia
1811 4201 2046 4270 quadam

458 4305 527 4347 ex
585 4302 737 4361 parte
791 4292 925 4349 ntali
953 4300 1133 4357 erant,
1164 4301 1221 4349 ut
1272 4294 1389 4363 qui,
1440 4309 1547 4347 non
1587 4303 1694 4348 tam
1731 4295 2048 4359 voluntate,

457 4400 627 4454 quam
672 4385 873 4440 virium
905 4385 1280 4441 imbecillitate
1311 4394 1625 4456 peccarent.
1662 4401 1770 4441 non
1807 4402 1967 4443 secus
1985 4402 2050 4442 ac

2155 501 2330 548 terum
2372 505 2594 564 propter
2625 495 3010 564 inexplebilem
3053 493 3351 563 voluptatis
3379 494 3736 561 cupiditatem

2150 604 2274 642 eum
2335 596 2674 659 prorogant:
2710 603 2778 642 ne
2837 588 2962 641 vita:
3005 586 3444 656 jucunditatihns
3495 585 3738 641 oblecta-

2153 682 2461 750 mentisque
2527 691 2773 736 careant.
2839 680 2944 734 Alii
3003 694 3197 737 rursus
3270 679 3530 749 baptismi
3599 695 3738 748 aqua

2151 773 2284 843 tingi
2324 785 2625 846 nequeunt,
2660 775 2740 830 vel
2774 783 2995 845 propter
3036 772 3424 844 ignorantiam,
3467 779 3526 825 ut
3558 773 3737 841 pueri,

2149 867 2234 921 vel
2266 880 2492 939 propter
2523 867 2760 938 aliquem
2782 882 2972 924 casum
2999 866 3281 936 inopinato
3307 879 3403 919 eos
3424 865 3740 935 opprimen-

2150 968 2282 1015 tem.
2347 959 2821 1029 Quemadmodum
2887 960 3054 1030 igitur
3102 958 3159 1014 in
3205 958 3274 1013 iis
3334 957 3428 1029 qui
3465 957 3740 1027 baptismo

2151 1054 2467 1124 tinguntur,
2505 1069 2864 1124 permagnum
2905 1053 3200 1108 discrimen
3228 1050 3536 1120 reperimus
3582 1049 3736 1116 (nam

2150 1145 2217 1200 iis
2258 1145 2354 1215 qui
2396 1143 2619 1217 ﬂagitiis
2651 1145 2917 1200 omnibus
2978 1159 3038 1200 se
3073 1144 3420 1210 addixerunt,
3469 1158 3738 1212 pra-san-

2151 1240 2315 1293 tiores
2345 1246 2476 1294 sunt
2509 1238 2602 1309 qui
2653 1238 2902 1292 nonnihil
2968 1237 3036 1292 de
3089 1236 3296 1293 scelere
3352 1236 3734 1290 remiserunt:

2151 1333 2347 1402 hisque
2371 1347 2568 1389 rnrsus
2600 1332 2874 1398 meliores,
2900 1332 2991 1404 qui
3019 1332 3231 1403 scipsos
3250 1341 3377 1387 ante
3406 1331 3736 1403 baptismum

2152 1434 2456 1496 purgarunt
2483 1442 2508 1488 ε,
2532 1433 2698 1497 atque
2732 1425 2818 1481 bis
2857 1425 3093 1496 denique
3130 1424 3457 1496 praaferendi
3483 1433 3614 1479 sunt
3644 1422 3738 1494 qui

2151 1528 2271 1586 post
2305 1519 2640 1588 baptismum
2695 1520 2937 1576 divinam
3006 1520 3234 1590 gratiam
3289 1533 3507 1574 summo
3553 1518 3740 1572 studio

2148 1611 2464 1680 excolunt);
2529 1612 2611 1668 sie
2662 1611 2805 1667 inter
2864 1628 2960 1667 eos
2991 1626 3211 1682 quoque
3261 1611 3354 1682 qui
3404 1609 3739 1666 sacrosancti

2152 1699 2350 1754 lavacri
2385 1715 2584 1755 munus
2619 1699 2845 1754 minime
2875 1708 3319 1769 const-qnuntur,
3370 1698 3479 1753 lata
3513 1706 3597 1752 est
3627 1696 3738 1751 dif—

2074 1765 2403 1848 Bferentia.
2459 1792 2671 1847 Etenim
2721 1793 2815 1863 qui
2873 1792 3104 1848 omnino
3151 1792 3486 1863 baptismum
3545 1805 3740 1864 asper-

2148 1896 2372 1953 nantur,
2415 1886 2484 1944 iis
2520 1896 2649 1943 sunt
2683 1886 3005 1950 deteriores,
3040 1885 3135 1957 qui
3178 1895 3399 1956 propter
3423 1884 3733 1939 socordiam

2145 1989 2201 2036 et
2231 1980 2504 2049 pigritiam
2532 1995 2654 2033 eum
2700 1977 2980 2033 differunt.
3026 1960 3243 2033 Rursus
3267 1976 3530 2031 socordes
3556 1984 3611 2030 et
3638 1991 3741 2029 ne-

2146 2075 2435 2144 gligentes,
2465 2073 2533 2129 iis
2566 2073 2786 2144 pejores
2815 2083 2966 2137 sunt,
2996 2073 3088 2142 qtti
3119 2081 3347 2145 prepter
3372 2069 3739 2140 ignorantiam

2147 2180 2244 2223 aut
2275 2166 2621 2238 inopinatum
2661 2165 2958 2236 quemdam
2993 2175 3050 2221 et
3086 2165 3386 2220 violentum
3424 2178 3612 2218 casum
3648 2163 3742 2217 ba-

2149 2261 2346 2330 ptismo
2407 2268 2725 2314 caruerunt.
2784 2259 2866 2314 Ac
2928 2258 3155 2329 proinde
3215 2259 3290 2311 illi
3325 2258 3475 2313 omni
3534 2256 3741 2310 seelere

2148 2350 2415 2421 cooperti,
2453 2365 2563 2405 non
2610 2349 2776 2405 modo
2806 2349 3040 2405 aliorum
3102 2348 3385 2411 vitiorum,
3425 2347 3518 2401 sed
3574 2347 3739 2399 etiam

2150 2444 2450 2511 contempti
2512 2442 2771 2512 baptismi
2833 2456 3027 2511 poenas
3094 2441 3354 2511 pendent.
3409 2437 3513 2504 Qui
3557 2446 3740 2492 autem

2148 2546 2369 2606 propter
2405 2537 2677 2606 ignaviam
2713 2551 2774 2588 ac
2801 2534 3070 2590 desidiam
3100 2549 3227 2589 eum
3268 2542 3585 2602 prorogant,
3620 2544 3739 2599 pa:-

2148 2646 2248 2685 nas
2281 2630 2501 2700 quidem
2537 2628 2638 2698 ipsi
2675 2643 2897 2699 quoque
2954 2628 3123 2693 luent,
3163 2635 3419 2683 caeterum
3467 2625 3737 2680 leviores;

2147 2723 2405 2792 quoniam
2454 2734 2563 2777 non
2614 2731 2835 2790 propter
2875 2728 3248 2789 contemptum
3302 2718 3581 2788 animique
3613 2731 3740 2786 per-

2148 2813 2488 2878 versitatem,
2523 2811 2617 2866 sed
2651 2820 2871 2881 prOpter
2902 2810 3188 2866 stultitiam
3225 2825 3253 2864 a
3288 2809 3561 2879 baptismo
3592 2808 3745 2862 cxci~

2148 2906 2367 2960 derunt.
2401 2904 2643 2960 Stultitia
2683 2906 2828 2957 enim
2864 2911 2969 2970 est,
3020 2913 3079 2958 ut
3112 2911 3334 2973 propter
3383 2898 3636 2955 inertiam
3677 2912 3744 2953 ac

2151 2995 2562 3067 negligentiam,
2599 2993 2672 3048 ita
2707 3003 2928 3064 propter
2978 2994 3321 3063 voluptatum
3358 2987 3739 3060 inexplebilem

2153 3090 2325 3155 sitim,
2364 3089 2637 3157 baptismo
2669 3087 2912 3142 multari.
2946 3087 3013 3140 At
3048 3086 3144 3157 ιιιιὶ
3194 3085 3265 3140 ob
3298 3082 3476 3138 uitatis
3509 3080 3738 3153 puerilis

2156 3180 2520 3253 ignorantiam
2551 3190 2646 3235 aut
2695 3179 3102 3245 necessitatem,
3130 3193 3192 3234 ac
3222 3177 3331 3231 vim
3351 3175 3591 3246 aliquam
3625 3190 3742 3228 ma-

2150 3274 2329 3344 joretn
2383 3274 2641 3344 baptismi
2695 3282 2946 3344 expertes
2994 3279 3335 3337 manserunt,
3395 3277 3453 3323 ut
3514 3268 3736 3338 quidem

2155 3367 2440 3439 signaculo
2462 3374 2735 3431 carentes,
2770 3365 2977 3422 caelesti
3015 3365 3189 3435 gloria
3223 3380 3332 3418 non
3361 3362 3609 3418 fruentur
3638 3380 3651 3415 :
3683 3372 3742 3415 ut

2155 3468 2338 3515 autem
2397 3459 2624 3514 minime
2689 3458 2844 3524 mali,
2903 3457 3191 3528 suppliciis
3248 3472 3358 3511 non
3392 3454 3737 3510 adicientur:

2154 3552 2414 3623 quoniam
2442 3552 2834 3608 detrimentum
2873 3552 2975 3608 hoc
3008 3552 3189 3622 petius
3224 3552 3367 3619 passi
3399 3557 3548 3612 sunt,
3577 3561 3739 3617 quam

2154 3643 2422 3700 fecerunt.
2460 3643 2598 3701 Tres
2624 3646 2793 3710 enim,
2828 3654 2888 3699 ut
2911 3644 3171 3714 opinione
3206 3657 3498 3713 assequar,
3540 3640 3742 3709 gradus

2151 3739 2423 3795 exsistunt
2452 3757 2466 3795 :
2499 3754 2642 3794 unus
2675 3752 2866 3794 eorum
2895 3740 2987 3807 qui
3037 3737 3297 3807 supernis
3348 3734 3562 3791 deliciis
3612 3748 3740 3803 per-

2151 3831 2447 3896 fruuntur;
2478 3831 2614 3884 alter
2639 3844 2832 3884 eorum
2861 3829 2954 3899 qui
2983 3826 3268 3898 suppliciis
3289 3826 3510 3883 aeternis
3541 3839 3742 3880 excru-

2152 3923 2408 3990 ciantur;
2447 3916 2663 3977 medius
2703 3935 2894 3976 eorum
2919 3919 3013 3990 qui
3046 3935 3146 3975 nec
3176 3920 3418 3975 caelestis
3447 3919 3599 3990 regni
3642 3934 3740 3973 vo-

2153 4015 2391 4084 luptates
2422 4014 2687 4079 sentiunt,
2737 4028 2839 4068 nec
2888 4013 3067 4082 poenis
3104 4011 3231 4067 ullis
3284 4019 3607 4081 torquentur
3638 4029 3653 4067 :
3682 4014 3738 4068 in

2151 4121 2262 4180 quo
2289 4118 2345 4162 et
2381 4105 2595 4175 pueruli
2630 4105 2723 4176 qui
2783 4105 3056 4176 baptismo
3100 4102 3307 4176 perfusi
3362 4118 3471 4159 non
3502 4112 3654 4170 sunt,
3683 4116 3741 4161 et

2153 4201 2246 4272 qui
2302 4215 2426 4256 cum
2479 4198 2812 4270 baptismum
2869 4205 3209 4268 expeterent,
3260 4197 3500 4253 violento
3553 4208 3739 4254 tamen

2152 4294 2338 4364 aliquo
2368 4308 2500 4348 casu
2530 4291 2778 4363 impediti
2813 4293 3094 4362 suscipere
3125 4305 3232 4346 non
3262 4299 3579 4362 potuerunt,
3606 4304 3741 4346 corr-

2155 4388 2544 4443 stituerentua.
2573 4384 2643 4440 At
2680 4396 2760 4452 tu,
2790 4385 2886 4457 qui
2943 4384 3230 4441 contendis
3288 4392 3338 4438 te
3376 4398 3443 4438 eo
3491 4383 3609 4438 solo
3641 4398 3739 4437 no-

460 4475 864 4543 febricitantes,
899 4477 993 4545 qui
1025 4476 1277 4548 quamvis
1315 4476 1451 4534 febri
1484 4493 1594 4532 non
1630 4478 1879 4534 laborare
1908 4479 2048 4533 mal-
2079 4494 2124 4551 υ
2156 4481 2305 4535 mine
2329 4478 2474 4549 apud
2521 4477 2690 4534 Deum
2729 4493 2827 4549 pro
2856 4476 3133 4548 baptizato
3172 4476 3419 4533 babitum
3471 4474 3559 4543 iri,
3593 4474 3738 4544 quod

459 4570 596 4633 teut,
630 4569 781 4625 inviti
814 4578 994 4625 tamen
1025 4571 1078 4625 itt
1113 4570 1305 4626 febrim
1342 4570 1676 4640 inciderunt,
1697 4573 1845 4643 quod
1879 4571 2048 4630 febris

458 4676 660 4718 causas
692 4661 750 4716 in
799 4678 1002 4733 corpus
1032 4662 1413 4719 admisissent.
1441 4664 1548 4719 Alii
1582 4665 1745 4720 etiam
1778 4677 1910 4723 ante
1948 4665 2050 4721 ba-

460 4757 728 4827 ptismum
754 4756 982 4812 honeste
1015 4767 1069 4811 et
1101 4773 1223 4811 cum
1266 4756 1428 4813 laude
1457 4758 1735 4823 vivebant,
1773 4759 1888 4814 sive
1918 4759 2049 4828 quia

459 4851 536 4906 ita
575 4850 862 4907 commode
894 4864 924 4906 a
962 4858 1158 4905 natura
1188 4852 1473 4922 temperati
1516 4861 1723 4918 essent,
1757 4861 1814 4907 ut
1843 4867 1874 4906 a
1900 4852 2048 4908 vitiis

461 4944 849 5007 abhorrerent,
876 4943 991 4999 sive
1020 4944 1186 4999 etiam
1205 4943 1376 4998 animi
1408 4943 1661 4999 instituto
1688 4958 1756 4999 ac
1785 4946 1853 4999 de
1889 4942 2050 4999 indu-

460 5034 599 5090 stria
631 5034 698 5089 ad
730 5034 978 5090 divinum
1023 5035 1300 5090 lavacrum
1328 5048 1423 5105 per
1449 5033 1574 5089 vitae
1602 5035 1894 5106 puritatem
1928 5049 2053 5091 sese

462 5136 858 5197 praepararent,
892 5135 955 5182 ut
1008 5136 1065 5182 et
1121 5127 1257 5183 illud
1292 5127 1630 5198 acciperent,
1670 5138 1727 5185 et
1761 5134 2047 5195 acceptum

463 5229 774 5276 tuerentur.
806 5220 984 5292 Atque
1011 5221 1065 5275 lti
1099 5221 1321 5292 quidem
1352 5236 1567 5289 eorum,
1593 5221 1687 5291 qui
1719 5221 2049 5291 baptismum

462 5324 902 5385 consequuntur,
940 5316 1163 5371 ordines
1200 5324 1350 5371 sunt.
1400 5314 1599 5371 Eadem
1636 5327 1816 5371 autem
1865 5325 1919 5370 et
1956 5330 2053 5371 eo-

464 5422 588 5461 rum
628 5416 714 5462 est
752 5409 913 5470 ra'io,
933 5408 1029 5478 qui
1058 5409 1316 5480 baptismi
1343 5419 1597 5481 expertes
1628 5420 1779 5467 sunt.
1806 5411 2050 5478 Quidam

463 5502 612 5554 enim
644 5514 773 5555 eum
799 5517 909 5555 non
948 5501 1249 5572 accipiunt,
1282 5511 1339 5557 ut
1374 5502 1645 5573 pecudum
1676 5514 1772 5559 aut
1808 5502 2052 5560 ferarum

462 5591 633 5647 vitam
677 5594 978 5661 imitantes,
1015 5596 1118 5651 hoc
1148 5608 1253 5660 est,
1289 5599 1452 5651 stulte
1487 5613 1549 5651 ac
1582 5590 1869 5652 brutorum
1903 5614 2054 5654 more

460 5683 857 5752 cupiditatibus
894 5687 1221 5751 servientes,
1259 5685 1367 5750 vel,
1400 5697 1458 5742 ut
1491 5687 1618 5741 saevi
1648 5692 1699 5741 et
1729 5688 2050 5758 importuni,

468 5760 708 5832 δειιυίηο
774 5780 1015 5843 quodam
1076 5780 1261 5835 furore
1325 5780 1601 5836 concitati.
1655 5782 1759 5837 Alii
1794 5781 2052 5851 baptismi

2156 4571 2417 4643 baptismi
2474 4571 2812 4643 percipiendi
2863 4570 3200 4627 voluntatem
3264 4569 3502 4634 tiaberis,
3545 4567 3738 4624 eadem

2154 4668 2373 4723 ratione
2402 4665 2638 4722 fortasse
2660 4663 2868 4721 dixeris
2898 4680 3023 4719 eum
3054 4665 3146 4732 qui
3173 4662 3340 4718 caedis
3362 4660 3739 4734 perpetranda».

2152 4760 2492 4821 voluntatem,
2534 4756 2809 4821 habuerit,
2857 4753 3074 4811 etiamsi
3106 4768 3229 4809 eam
3273 4768 3616 4823 nequaquam
3681 4767 3740 4806 re

2154 4854 2273 4927 ipsa
2303 4851 2621 4923 patraverit,
2650 4859 2832 4904 tamen
2873 4847 3056 4904 sicarii
3075 4846 3342 4917 judicium
3367 4857 3421 4902 et
3451 4846 3740 4901 homicida:

2155 4943 2492 5000 subiturum.
2527 4941 2605 4995 Ac
2636 4952 2986 5010 nequaquam
3021 4937 3094 4991 ita
3123 4951 3182 4992 se
3218 4950 3306 4992 res
3351 4935 3536 4991 habet.
3593 4934 3744 4991 Prae-

2157 5044 2305 5091 terea
2355 5031 2403 5089 si
2464 5032 2561 5088 tibi
2621 5030 2690 5087 ad
2739 5029 3074 5100 baptismum
3127 5026 3383 5098 baptismi
3439 5026 3737 5097 cupiditas.

2156 5128 2615 5201 propositumque
2665 5123 2884 5189 sufficit,
2941 5134 3107 5194 atque
3160 5120 3369 5178 ideirco
3421 5136 3613 5176 eorum
3642 5122 3740 5190 qui

2154 5221 2387 5295 purifica
2418 5235 2560 5291 aqua
2592 5216 2800 5288 perfusi
2832 5229 2988 5283 sunt,
3016 5216 3247 5288 gloriam
3275 5215 3592 5286 quaeris,“
3623 5215 3742 5285 glo-

2157 5317 2296 5372 riam
2332 5329 2555 5386 quoque
2583 5313 2686 5368 tibi
2746 5310 2982 5367 sufﬁciat
3035 5311 3152 5369 sola
3211 5309 3399 5382 gloriae
3445 5309 3741 5380 cupiditas.

2132 5409 2431 5477 'Quoniam
2464 5408 2608 5463 enim
2635 5405 2822 5478 gloria:
2847 5404 3181 5461 desiderium
3206 5403 3396 5467 habes,
3427 5416 3493 5456 eo
3515 5410 3741 5456 conten-
3780 5446 3783 5449 Α

2156 5514 2248 5559 tus
2276 5517 2399 5558 esse
2428 5500 2621 5564 debes,
2656 5515 2759 5556 nec
2790 5499 3029 5570 graviter
3055 5512 3119 5553 ac
3146 5497 3373 5552 moleste
3404 5494 3568 5562 ferre,
3593 5494 3739 5564 quod

2157 5597 2390 5669 gloriam
2432 5595 2607 5664 ipsam
2650 5608 2760 5648 non
2797 5592 3136 5663 assequaris,
3174 5605 3297 5645 cum
3334 5603 3431 5659 pro
3472 5586 3588 5656 ipsa
3618 5586 3738 5656 glo-

2158 5692 2254 5745 riae
2291 5693 2583 5760 adeptione
2608 5689 2741 5744 satis
2773 5701 3046 5758 superque
3078 5685 3150 5742 sit
3182 5683 3367 5756 gloriae
3388 5682 3740 5754 cupiditatem

2160 5779 2383 5838 habere.
