4100 6436
441 306 571 372 ιεηι

1872 308 2254 386 ADDENDA.

3565 315 3699 378 l2‘72

493 420 731 477 Col.29l
758 420 821 475 Α.
851 420 987 493 Ergo
1005 423 2015 494 posteaquam,ctc.Qu(uiam,inquit,
2046 419 2095 477 Α
2121 426 2191 479 sit
2217 425 2284 480 ".
2333 424 2599 492 Quocirca
2635 435 2943 496 properate,
2978 441 3044 481 ne
3088 425 3230 483 latro
3263 427 3420 484 vobis
3452 440 3701 485 antever-

437 516 537 570 has
570 531 721 570 meas
750 530 908 569 voces
955 518 1265 582 atulivistis,
1317 519 1384 573 de
1435 518 1658 575 Davidis
1691 517 1924 574 consilio
1958 528 2012 571 et

437 611 705 664 sententia
740 611 968 665 accedite
998 612 1067 664 ad
1110 610 1275 665 Deum
1329 613 1664 683 (accedendo
1712 614 1777 667 ad
1821 612 2011 667 Eccle-

438 701 626 769 siam),
665 712 713 753 et
768 702 1146 757 illuminantini
1220 721 1315 775 per
1357 706 1708 776 baptismum,
1754 717 1804 760 et
1850 708 2010 791 {acies

439 804 624 846 restire
657 809 756 845 non
787 794 1177 862 conftmdeutur
1204 798 1270 862 ⁷⁸,
1307 799 1540 853 maxime
1571 798 1788 868 quidem
1819 799 2009 866 judicii

439 886 673 939 extremi
729 897 1008 956 tempore;
1091 906 1235 944 nunc
1291 906 1511 960 quoque
1559 900 1776 955 tamen,
1827 901 1884 945 ut
1918 891 2012 944 ba-

438 977 640 1044 ptismo
681 978 905 1032 minime
959 980 1258 1044 frustratae,
1316 996 1344 1034 a
1378 996 1487 1050 quo
1523 997 1619 1035 nos
1670 990 1916 1034 avertere
1948 996 2012 1034 ac

434 1068 739 1123 distrahere
764 1071 1077 1125 adversaria
1110 1072 1282 1142 caligo
1317 1072 1822 1127 studiosemolltur.
1868 1072 2012 1127 Venit

445 1176 571 1225 nox,
602 1171 657 1215 ιιι
689 1162 761 1215 ait
798 1161 1083 1226 Dominus,
1125 1166 1174 1219 id
1202 1176 1303 1231 est,
1354 1168 1595 1219 futurum
1644 1166 1928 1230 szecnlunt,
1961 1168 2013 1220 in

434 1267 535 1320 quo
568 1251 716 1306 velut
747 1254 797 1306 in
833 1262 1013 1317 nocte,
1045 1258 1252 1322 operari
1302 1272 1405 1310 non
1446 1257 1565 1311 licet
1618 1259 1684 1311 τ’.
1736 1257 2014 1312 lnvchitur

435 1360 655 1413 quoque
681 1347 731 1399 in
758 1362 951 1417 segnes
983 1358 1036 1403 et
1070 1349 1279 1405 laboris
1307 1348 1579 1421 fugientes
1613 1349 1896 1417 Salomon,
1928 1353 2014 1409 his

437 1438 620 1491 verbis
656 1456 669 1491 :
706 1437 1007 1510 Usquequo
1038 1444 1189 1513 piger
1216 1442 1424 1498 desidia
1494 1455 1547 1498 et
1582 1445 1777 1499 inertia
1828 1446 2014 1501 obtor-

437 1546 626 1599 pesces
656 1543 818 1602 atque
850 1534 1001 1589 humi
1031 1537 1280 1605 jacebis;
1310 1539 1599 1606 ecquando
1646 1554 1674 1593 a
1706 1541 2015 1594 cessatione

440 1625 541 1675 ista
567 1635 619 1677 et
654 1628 929 1693 socordia,
964 1630 1121 1696 quasi
1152 1646 1215 1684 ex
1260 1646 1454 1687 somno
1516 1634 1913 1702 expergisceris
1944 1634 2016 1687 '°?

438 1711 561 1768 lla-c
594 1726 758 1785 atque
783 1718 871 1772 illa
904 1721 1150 1775 causaris
1209 1722 1352 1775 diem
1389 1739 1451 1777 ex
1483 1724 1569 1778 die
1599 1725 1824 1790 ducens,
1852 1735 2014 1796 atque

440 1809 524 1864 his
558 1812 736 1868 verbis
784 1822 940 1869 utens
988 1834 1001 1868 :
1039 1814 1330 1871 Luminnm
1380 1818 1523 1873 diem
1570 1822 1922 1889 exspectabo,
1957 1831 2015 1875 nt

438 1921 558 1955 cum
612 1905 829 1959 Christo
864 1922 959 1976 per
988 1908 1315 1978 baptismum
1350 1911 1648 1975 illuminer,
1689 1917 2014 1983 exspectabo

439 1994 667 2058 Pa:cha,
694 2010 741 2050 ns
776 2014 899 2052 cum
933 2001 1150 2057 Christo
1179 2018 1274 2071 per
1309 2004 1637 2073 baptismum
1694 2022 2011 2077 resurgam;

436 2085 788 2143 Pcntecostou
819 2097 1168 2161 exspectabo,
1196 2104 1250 2149 ut
1273 2093 1511 2166 Spiritus
1531 2099 1701 2154 sancti
1724 2100 2013 2154 adventum

440 2195 501 2234 ac
532 2183 874 2248 praesentiam
931 2192 1217 2240 honorent.
1275 2188 1414 2253 Quid
1470 2192 1707 2259 postea?
1755 2193 2014 2248 Adveniet

439 2271 557 2336 tibi,
599 2274 747 2328 velut
772 2277 949 2332 malus
973 2279 1169 2345 viator,
1192 2281 1443 2350 baptismi
1463 2281 1728 2347 defectus,
1758 2300 1820 2339 ac
1848 2302 2018 2355 penu-

442 2361 543 2425 ria,
593 2377 715 2431 qua:
765 2365 1015 2422 homines
1078 2384 1220 2438 quos
1268 2372 1551 2437 invaserit,
1594 2373 1801 2445 afﬂigit,
1855 2375 2018 2447 atque

440 2453 505 2505 ad
546 2455 813 2523 supplicia
875 2462 1217 2515 transmittit.
1249 2464 1711 2532 quemadmodum
1762 2471 1826 2521 ad
1871 2485 2017 2523 mor-

442 2555 549 2599 tem
606 2545 714 2600 cibi
773 2552 1018 2617 penuria.
1062 2552 1236 2621 Atque
1292 2555 1344 2607 in
1387 2557 1556 2611 tantis
1618 2559 1779 2628 hujus
1833 2576 2018 2616 sacra-

442 2638 609 2692 menti
636 2639 834 2708 opibus
861 2658 1009 2699 nunc
1035 2646 1392 2713 constitutus,
1423 2658 1609 2719 utpote
1639 2652 1724 2705 cui
1757 2667 1849 2706 eas
1877 2656 2020 2719 acci-

443 2745 570 2797 pere
600 2731 784 2797 liceat,
839 2745 1029 2804 postea
1071 2737 1213 2793 fante
1268 2741 1599 2806 conticieris,
1647 2743 1752 2799 boc
1783 2756 1884 2813 est,
1921 2749 2020 2802 ba-

443 2824 627 2894 ptismi
666 2828 967 2897 cupiditate
998 2831 1297 2897 teneberis,
1328 2849 1451 2888 cum
1493 2836 1639 2891 nulla
1664 2837 1773 2907 jam
1810 2841 2021 2894 ratione

447 2917 705 2972 damnum
751 2930 1037 2990 acceptum
1073 2925 1265 2978 sarciri
1297 2927 1514 2997 poterit.
1545 2930 1705 2999 Atqui
1735 2933 2021 2997 oportebat

443 3007 630 3066 labore
676 3026 738 3065 ac
783 3013 1086 3084 diligentia.
1136 3033 1257 3086 qua!
1303 3021 1510 3076 inertiae
1540 3022 1881 3091 adversatur,
1932 3043 2017 3092 ea,

2118 525 2219 583 tat,
2263 519 2725 588 quemadmodum
2775 519 2915 573 latro
2964 519 3055 573 ille
3105 521 3254 575 cruci
3303 536 3429 577 cum
3477 520 3701 577 Christo

2115 611 2306 667 aﬂixus
2350 613 2605 667 omnibus
2648 613 2962 669 hominibus
3014 612 3161 669 illius
3211 615 3388 670 aetatis
3443 624 3699 669 antever-

2118 707 2182 764 tit
2209 705 2304 772 all;
2369 714 2531 774 atque
2559 747 2572 765 ,
2629 713 2687 759 ιιι
2735 703 2905 759 Judzri
2942 747 2956 770 ,
3001 706 3130 759 illud
3186 707 3389 762 Christi
3441 707 3700 771 audatis,

2115 796 2395 851 Publiceni
2425 807 2471 850 et
2516 798 2809 851 meretrices
2840 797 3132 866 precedent
3163 816 3249 854 vos
3284 800 3336 853 in
3383 816 3597 870 regnum
3626 801 3697 855 “".

2115 888 2346 959 Regnum
2386 890 2534 943 enim
2590 892 2838 943 certorum
2886 891 2987 943 vim
3032 893 3255 957 patitur,
3315 893 3415 945 hoc
3465 900 3567 952 est,
3604 908 3702 960 ιιι-ι·

2113 982 2221 1033 vim
2291 982 2538 1047 rapitur,
2603 996 2664 1034 ac.
2724 981 2895 1036 multo
2948 982 3135 1037 labore
3200 994 3572 1052 comparatur.
3630 983 3699 1036 Et

2114 1077 2325 1130 violenti
2378 1080 2591 1146 rapiunt
2646 1078 2778 1131 illud
2831 1079 2898 1143 ³⁷,
2955 1079 3046 1148 qui
3102 1079 3205 1135 sibi
3261 1080 3396 1149 ipsis
3451 1081 3557 1134 vim
3614 1083 3700 1136 al-

2117 1169 2321 1233 l‘erunt,
2372 1177 2535 1239 atque
2584 1168 2875 1224 aﬂectuum
2931 1172 3275 1241 tyrannidem
3333 1173 3383 1227 vi
3440 1171 3699 1243 frangunt

2114 1271 2165 1315 et
2208 1262 2518 1317 debilitant.
2569 1261 2740 1321 Porro
2788 1280 2884 1333 per
2938 1279 3161 1335 regnum
3216 1267 3317 1320 hoc
3364 1265 3485 1319 loco
3533 1266 3693 1320 Chii-

2115 1365 2259 1409 stum
2298 1354 2573 1425 intelligit,
2623 1364 2681 1410 ut
2724 1356 2987 1411 cmlorum
3042 1357 3263 1428 Regem,
3314 1359 3405 1428 qui
3459 1374 3555 1429 pro
3590 1374 3685 1412 sua

2117 1447 2358 1501 bonitate
2433 1447 2615 1511 ultro,
2692 1462 2908 1502 summo
2972 1457 3153 1502 tamen
3211 1462 3335 1503 cum
3396 1448 3583 1501 labore
3638 1458 3690 1499 et

2115 1552 2394 1603 tet-omna,
2431 1537 2548 1607 capi
2600 1552 2658 1592 se
2698 1538 3077 1607 possiderique
3132 1536 3302 1605 sinit,
3358 1549 3416 1591 ut
3456 1537 3691 1593 salutem

2116 1644 2497 1699 assequamur.

2190 1725 2308 1781 Col.
2344 1726 2448 1782 394
2481 1726 2540 1779 Α.
2582 1723 2860 1782 Enimvero
2885 1729 2933 1782 si
2959 1728 3086 1782 mihi
3109 1727 3542 1791 auscultandum,
3585 1736 3690 1784 etc.

2123 1819 2198 1873 Ad
2226 1829 2506 1886 peccatum
2535 1818 2724 1874 tardus
2749 1827 2865 1873 esto
2897 1837 2910 1874 :
2939 1820 3081 1875 celer
3109 1829 3289 1875 autem
3317 1819 3381 1872 ad
3410 1818 3688 1883 virtutem,

2120 1913 2312 1967 salutis
2347 1926 2649 1981 parentem.
2682 1911 2805 1966 Pari
2858 1913 3002 1968 enim
3050 1913 3102 1967 in
3146 1913 3277 1967 vitio
3311 1921 3439 1967 suut
3463 1923 3511 1965 et
3548 1911 3686 1965 cele-

2122 2003 2253 2057 ritas
2305 2006 2369 2058 ad
2421 2005 2641 2068 vitium,
2693 2015 2741 2059 et
2795 2007 3021 2059 tarditas
3069 2005 3136 2059 ad
3190 2007 3463 2060 virtutem.
3518 2006 3576 2058 Si
3624 2005 3690 2057 ad

2122 2093 2470 2149 inhonestum
2514 2102 2568 2149 et
2600 2094 2935 2163 impudicum
2968 2096 3279 2151 convivium
3314 2095 3525 2149 voceris
3555 2095 3697 2162 (hoc

2120 2190 2265 2242 enim
2332 2188 2664 2245 comessatio
2723 2189 3028 2258 signiﬁcat)
3081 2205 3149 2244 ne
3198 2187 3587 2259 proﬁciscaris.
3637 2186 3693 2240 Si

2122 2283 2186 2337 ad
2230 2282 2318 2336 Dei
2367 2283 2790 2351 ahjurationem,
2830 2298 2896 2337 ne
2926 2282 3076 2337 dicto
3122 2283 3430 2337 audientem
3474 2292 3525 2335 te
3556 2295 3693 2348 pra!—

2123 2376 2271 2431 beas.
2328 2374 2383 2429 Si
2439 2375 2804 2443 improbitatis
2857 2376 3143 2444 operarius
3208 2376 3300 2429 tibi
3369 2376 3516 2437 ha-c,
3577 2388 3698 2441 qute

2123 2470 2261 2537 apud
2294 2467 2641 2523 Salomonem
2697 2467 2988 2531 habentur,
3043 2467 3243 2521 dixerit
3287 2486 3298 2520 :
3352 2464 3480 2519 Veni
3517 2464 3695 2517 nobis-

2123 2576 2239 2613 cum
2290 2560 2358 2625 ",
2409 2570 2465 2614 et
2511 2575 2632 2630 qua
2683 2569 3020 2629 sequuntur,
3076 2576 3144 2613 ne
3193 2572 3355 2612 aures
3406 2558 3503 2623 ipsi
3558 2572 3698 2625 pra:-

2123 2652 2252 2707 beas
2280 2673 2289 2704 :
2320 2662 2378 2705 ut
2398 2662 2446 2705 rt
2474 2654 2521 2707 ei
2555 2663 2835 2722 peccatum
2865 2667 3025 2706 suum
3057 2661 3245 2707 notum
3271 2658 3323 2704 et
3350 2658 3692 2720 perspectum

2122 2745 2340 2807 reddas,
2374 2745 2691 2812 huiusmodi
2726 2743 2977 2798 videlicet
3012 2742 3306 2798 consilium
3345 2756 3693 2811 nequaquam

2123 2837 2483 2900 admittendo,
2532 2847 2586 2891 et
2624 2847 2679 2891 ιιι
2718 2853 2745 2891 a
2793 2838 3057 2892 scelerata
3106 2837 3209 2889 hac
3261 2834 3522 2889 societate
3562 2833 3697 2886 Iibe-

2122 2934 2284 2986 reris.
2315 2933 2380 2986 At
2411 2932 2454 2985 si
2491 2931 2654 2984 David
2686 2942 2736 2985 te
2769 2934 2833 2984 ad
2868 2930 3196 2998 baptismum
3232 2928 3552 2981 eohortetur
3580 2925 3694 2993 (qui

2124 3026 2338 3094 quidem
2395 3024 2632 3077 laetitiam
2687 3033 2741 3078 et
2794 3022 3212 3077 exsultationem
3267 3019 3451 3079 aﬂert,
3513 3025 3697 3085 utpote

444 3117 564 3169 quae
604 3107 906 3174 paupertati
954 3111 1224 3166 contraria
1260 3125 1414 3176 sunt,
1463 3114 1724 3180 elucrari,
1764 3117 1867 3173 hoc
1911 3129 2018 3184 est,
2048 3125 2091 3183 c
2126 3126 2472 3186 peccalomtn
2498 3116 2873 3169 remissionem
2901 3112 3175 3182 largiens).
3196 3112 3238 3165 si
3258 3113 3420 3164 etiam
3445 3107 3698 3161 Mil-hastas

444 3200 666 3252 uberem
708 3209 762 3253 et
790 3204 1068 3270 copiosam
1107 3218 1362 3271 messem,
1395 3222 1458 3261 ac
1497 3209 1750 3277 baptismi
1790 3210 2016 3276 fontem,

443 3305 552 3359 quo
587 3309 612 3343 ιι
646 3294 851 3361 peccati
887 3304 1019 3349 testu
1068 3305 1231 3365 atque
1278 3299 1475 3354 ardore
1522 3300 1740 3355 animus
1791 3300 2021 3371 refrige-

447 3390 618 3437 ratur.
674 3383 721 3436 A
777 3383 1070 3441 Salomone
1134 3399 1314 3443 autem
1373 3390 1487 3444 haec
1535 3404 1755 3461 quoque
1805 3403 2018 3461 sumpta

445 3484 592 3530 sunt.
628 3474 761 3531 Nam
796 3493 916 3532 cum
954 3479 1146 3534 inertia
1188 3494 1252 3536 ac
1283 3479 1491 3535 desidia
1537 3477 1735 3535 famem
1770 3483 2021 3537 contrahi

446 3569 708 3632 divisset,
744 3572 811 3627 de
842 3573 1120 3643 diligentia
1177 3564 1397 3644 quicque
1443 3580 1498 3628 et
1547 3574 1840 3630 sedulitate
1891 3576 2021 3632 sub-

443 3663 696 3735 jungens,
751 3665 823 3720 ait
868 3685 878 3719 :
925 3667 985 3721 Si
1021 3675 1197 3722 autem
1232 3666 1453 3736 impiger
1495 3667 1679 3735 fueris,
1733 3668 1897 3722 veniet
1932 3669 2024 3723 tibi

446 3757 602 3823 quasi
632 3758 747 3821 fons
784 3760 992 3824 messis,
1022 3760 1128 3813 hoc
1159 3767 1265 3821 est,
1301 3757 1461 3814 l’ontis
1491 3759 1666 3815 instar
1697 3760 1891 3815 messis
1926 3756 2045 3816 tibi

453 3848 725 3904 uberrime
748 3850 999 3920 proﬂuet,
1023 3838 1095 3903 ac
1112 3852 1437 3918 paupertatis
1468 3861 1654 3905 aestum
1680 3852 2025 3923 ardoremque

448 3942 712 4010 mitigabit
761 3942 829 3996 ".
885 3941 1197 4009 Quocirca,
1260 3944 1707 4011 quemadnwdum
1762 3947 2023 4002 desiderat

448 4049 626 4087 cervus
671 4034 741 4086 ad
776 4033 946 4103 fontes
978 4048 1238 4103 aquarum
1272 4033 1340 4097 “,
1379 4036 1447 4091 ita
1487 4045 1541 4089 ιιι
1580 4052 1798 4106 quoque
1833 4041 1897 4093 ad
1934 4040 2027 4095 ba-

450 4116 707 4191 ptismum
762 4143 1034 4181 accurre:
1072 4142 1137 4179 ne
1172 4126 1466 4196 aliquando
1517 4129 1611 4182 tibi
1668 4130 1808 4184 idem
1878 4133 2024 4201 quod

449 4220 699 4285 Tantalo,
747 4221 980 4281 accidat,
1026 4234 1186 4288 quem
1225 4223 1365 4288 apud
1408 4223 1613 4278 inferos
1663 4234 1836 4293 poeta:
1869 4226 2026 4279 inbu-

449 4315 630 4369 lmtttr
666 4315 717 4368 in
771 4312 948 4368 medio
992 4312 1139 4367 fonte
1178 4322 1410 4367 stantem
1464 4315 1550 4367 siti
1605 4315 2024 4380 contabescere,

448 4422 589 4476 aqua
622 4404 889 4469 videlicet,
939 4420 1064 4460 cum
1116 4404 1331 4458 bibendi
1364 4420 1527 4459 causa
1565 4418 1725 4474 caput
1764 4407 2027 4461 inclinare

2125 3217 2220 3263 aut
2256 3209 2421 3262 Isaias
2453 3208 2727 3270 dixerint,
2768 3205 2965 3267 Venite,
2992 3204 3335 3257 ostendamus
3381 3203 3435 3253 in
3470 3211 3697 3252 montem

2130 3301 2337 3354 Domini
2362 3300 2407 3331 "
2438 3299 2565 3361 (hoc
2596 3308 2697 3359 est,
2728 3296 2793 3349 ad
2834 3295 3147 3357 Ecclesiam,
3185 3294 3235 3345 in
3274 3307 3379 3359 qua
3412 3307 3475 3345 ex
3512 3306 3702 3360 pecea-

2127 3403 2300 3445 torum
2347 3405 2503 3445 emno
2548 3405 2642 3457 per
2689 3388 3018 3457 baptismum
3065 3384 3414 3453 emergimus.
3450 3393 3613 3452 atque
3645 3384 3700 3437 in

2126 3481 2293 3536 altum
2345 3480 2665 3548 ellerimur),
2711 3481 2755 3534 si
2806 3481 2969 3533 etiam
3019 3476 3274 3531 Christus
3322 3476 3438 3544 ipse
3483 3490 3582 3529 nos
3615 3475 3699 3527 in-

2127 3575 2257 3628 vitet
2286 3574 2355 3636 '°,
2391 3581 2448 3625 ttt
2480 3570 2682 3635 peccati
2721 3568 2961 3635 pondere
3004 3566 3180 3620 fessos
3211 3565 3347 3618 levet
3379 3579 3442 3619 ac
3470 3572 3698 3625 recreet.

2128 3671 2385 3738 curisque
2434 3667 2643 3729 liberet,
2699 3672 2864 3733 atque
2891 3662 3017 3715 hinc
3051 3661 3160 3714 alio
3202 3658 3449 3712 traducat
3482 3673 3495 3710 :
3529 3655 3703 3717 Supra

2129 3765 2292 3818 nivem
2344 3759 2700 3828 splendentes,
2757 3765 2815 3808 ιιι
2864 3754 2938 3807 ait
2988 3751 3255 3806 Jeremias
3299 3751 3369 3811 ",
3421 3757 3585 3816 atque
3633 3746 3699 3800 ad

2126 3856 2380 3925 pietatem
2415 3850 2638 3905 densius
2670 3856 3005 3914 compactos.
3035 3859 3199 3913 qttam
3245 3842 3329 3896 Iac
3381 3842 3432 3894 iu
3476 3855 3697 3893 caseum

2129 3946 2467 4015 coaguletur,
2491 3957 2554 3994 ac
2581 3954 2740 4009 supra
2766 3936 3146 4008 sapphiriuum
3179 3935 3408 4004 lapidem
3434 3935 3699 3994 illustres,

2130 4057 2197 4095 ne
2244 4052 2450 4091 uzoram
2497 4032 2661 4086 ullam
2698 4031 3113 4099 interponamus
3148 4045 3160 4081 ε
3193 4040 3404 4087 verum,
3441 4036 3492 4078 et
3538 4024 3701 4077 simul

2129 4144 2437 4191 certamus,
2473 4138 2527 4181 ct
2562 4125 2809 4181 certatim
2850 4137 3163 4185 curramus,
3191 4119 3259 4175 de
3298 4119 3523 4173 victoria
3570 4133 3702 4172 con-

2129 4226 2432 4283 tendentes,
2470 4229 2628 4286 atque
2662 4216 2809 4272 omni
2851 4214 3035 4271 studio
3077 4213 3127 4265 in
3166 4213 3266 4267 hoc
3299 4211 3701 4269 incumbentes.

2131 4324 2189 4367 ut
2224 4313 2557 4381 baptismum
2593 4318 2719 4363 ante
2750 4308 2888 4362 alios
2937 4304 3289 4375 arripiamus.
3325 4303 3400 4357 Ne
3447 4301 3512 4356 ad
3554 4317 3701 4362 cum,

2128 4406 2221 4475 qui
2265 4414 2317 4458 te
2351 4403 2626 4472 baptizare
2678 4408 2854 4469 parat,
2908 4397 3116 4451 dixeris
3151 4414 3163 4450 :
3196 4394 3390 4448 Adsint
3444 4392 3575 4445 mihi
3613 4406 3706 4445 co-

449 4508 630 4569 parat,
662 4496 910 4552 elabente
941 4514 954 4549 :
989 4496 1070 4549 vel
1103 4498 1263 4550 etiam
1296 4496 1436 4550 idem
1470 4500 1613 4565 quod
1648 4497 1883 4552 lsmaeli.
1918 4497 2024 4552 lla-
2061 4481 2101 4534 θ
2130 4497 2299 4570 gnati,
2337 4511 2401 4549 ac
2441 4502 2552 4549 tum
2602 4491 2937 4561 baptizabor.
2978 4488 3175 4541 Verum
3230 4486 3319 4540 hic
3363 4491 3543 4539 metus
3588 4482 3708 4535 ani-

450 4591 605 4643 betur
651 4588 794 4641 enim
830 4586 883 4641 in
932 4585 1157 4641 Genesis
1206 4586 1366 4647 libro,
1412 4586 1555 4657 quod
1608 4589 1750 4657 Agar
1803 4588 2022 4655 ancilla,

448 4698 571 4735 cum
607 4680 714 4739 lilio
742 4696 840 4734 suo
883 4688 1100 4751 propter
1149 4680 1337 4733 Suram
1375 4681 1744 4750 indignatione
1794 4697 2024 4739 succen-

449 4791 565 4831 sam
609 4773 677 4829 ab
706 4773 1021 4828 Abrahamo
1052 4772 1306 4842 expulsa,
1352 4788 1445 4842 per
1473 4758 1821 4830 solitudinem
1868 4777 2027 4830 ober-

451 4869 624 4933 rabal,
658 4882 722 4923 ac
752 4876 1076 4935 consumpta
1116 4882 1279 4936 aqua,
1313 4883 1476 4936 quam
1510 4866 1561 4919 in
1596 4881 1716 4921 utre
1751 4871 2025 4937 portabat,

451 4975 680 5028 puerum
713 4958 815 5014 sub
847 4957 1024 5013 abiete
1057 4957 1287 5028 proiecit
1317 4974 1329 5010 :
1360 4972 1442 5024 ac,
1478 4972 1544 5010 ne
1576 4957 1753 5027 ipsum
1789 4959 2030 5013 morien-

455 5064 560 5107 tem
592 5061 863 5113 ceruerct,
893 5065 923 5105 e
955 5050 1178 5120 regione
1209 5049 1383 5118 ipsius
1418 5050 1603 5119 procul
1635 5049 1777 5105 sedit
1804 5050 1869 5103 ³⁸.

523 5142 661 5196 Ibid.
726 5141 785 5194 Β.
842 5140 1093 5194 Miserum
1146 5154 1263 5204 est,
1323 5158 1440 5194 cum
1500 5143 1752 5195 nundino:
1803 5142 2030 5211 efﬂuxe-

454 5236 582 5300 rint,
635 5244 741 5290 etc.
798 5233 1003 5299 Nemo,
1060 5234 1275 5304 inquit,
1336 5244 1697 5289 mercatorum
1758 5244 2031 5288 conventu

457 5331 658 5395 soluto,
699 5327 1011 5399 negotiatur
1056 5344 1071 5382 :
1115 5327 1303 5382 eodem
1349 5328 1515 5381 modo
1565 5341 1664 5381 nec
1717 5335 1841 5395 post
1894 5325 2034 5380 hanc

455 5424 621 5478 vitam
659 5421 846 5492 pietati
887 5418 1106 5475 studere
1145 5420 1292 5474 licet.
1327 5418 1470 5474 Dens
1503 5420 1671 5481 enim,
1710 5426 1765 5470 ut
1798 5417 1900 5471 Job
1935 5419 2030 5481 ait,

459 5521 721 5572 mis-ersus
759 5528 909 5578 eum,
955 5513 1046 5582 qui
1094 5522 1267 5567 morte
1313 5511 1617 5567 exstinctus
1665 5521 1766 5574 est,
1805 5509 2021 5564 conclu-

523 5655 570 5686 ⁷⁸
605 5653 750 5708 l’sal.
793 5668 989 5714 ttulit,
1023 5653 1077 5705 6.
1156 5651 1200 5682 ⁷⁹
1228 5650 1387 5704 Jnan.
1425 5663 1498 5705 Ix.
1528 5648 1581 5703 Δ.

470 5724 552 5783 iii,
590 5725 677 5775 ιιι.
756 5723 919 5778 “Joh
952 5738 1064 5785 11v,
1100 5724 1335 5785 lllseq't.
1440 5720 1483 5750 ⁸³
1520 5718 1626 5772 ch
1654 5735 1807 5775 um.
1837 5717 1927 5774 59.
1954 5716 2040 5779 40,

464 5794 517 5849 1.
576 5796 621 5825 ⁸³
656 5794 819 5849 .‘dich.
852 5810 924 5860 tv,
966 5808 1036 5860 tv,
1073 5795 1138 5859 .t;
1172 5791 1274 5845 lsa.
1299 5790 1433 5853 12,35.
1512 5790 1554 5821 9°
1584 5790 1770 5843 Mulllt.
1808 5788 1996 5851 xr,‘28.

1680 5649 1727 5680 '°
1760 5647 1920 5700 Prov.
1964 5662 2037 5707 vr,
2073 5643 2225 5699 9-ll'

2132 4602 2280 4642 mum
2307 4595 2490 4653 angat,
2509 4599 2577 4637 ne
2598 4582 2927 4652 baptismum
2949 4579 3015 4632 de
3036 4577 3121 4632 die
3145 4579 3199 4631 in
3222 4576 3364 4629 diem
3385 4573 3702 4633 extrahens.

2134 4679 2252 4733 sine
2296 4676 2566 4745 baptismo
2601 4680 2832 4727 mortem
2872 4672 3060 4734 obeas,
3101 4683 3163 4721 ac
3197 4681 3395 4737 genere
3437 4667 3534 4720 tibi
3580 4679 3708 4734 pro-

2135 4772 2388 4841 pinquos,
2439 4770 2643 4828 luctus,
2692 4780 2801 4819 non
2850 4762 3031 4833 gaudii
3080 4760 3259 4817 socios
3306 4759 3546 4828 mcipias
3613 4757 3703 4823 At,

2135 4859 2374 4930 inquies,
2432 4869 2634 4911 munus
2706 4854 2933 4924 parabo,
2980 4850 3430 4921 splendidamque
3476 4858 3705 4909 vestem,

2135 4969 2300 5021 quam
2349 4959 2471 5021 post
2503 4949 2834 5018 baptismum
2884 4945 3129 5007 induam,
3160 4951 3326 5013 atque
3357 4942 3520 4996 etiam
3556 4954 3707 4992 men.

2134 5062 2282 5110 sam,
2332 5058 2440 5116 qua
2494 5042 2826 5097 initiatorem
2889 5053 3067 5092 meum
3118 5035 3411 5106 excipiam.
3462 5032 3541 5088 Ne
3593 5033 3709 5087 bare

2133 5139 2355 5209 quidem
2398 5135 2707 5191 necessaria
2765 5139 2917 5195 sunt,
2970 5145 3093 5194 nec,
3148 5128 3194 5184 si
3243 5128 3317 5182 ita
3372 5134 3708 5194 praeparatus

2134 5246 2242 5285 non
2294 5229 2486 5293 lueris,
2537 5235 2823 5297 propterea
2877 5221 3133 5290 baptismi
3170 5219 3356 5290 gratiae
3406 5217 3705 5288 quidquam

2131 5324 2379 5379 decedet.
2439 5320 2698 5390 Baptismi
2756 5318 2904 5374 enim
2963 5315 3137 5386 gratia
3205 5311 3586 5382 splendoribus
3639 5308 3708 5363 iis

2132 5417 2225 5485 qui
2263 5415 2437 5470 oculis
2471 5421 2794 5474 cernuntur,
2830 5420 2916 5465 est
2950 5404 3259 5468 sublimior,
3306 5418 3407 5457 nec
3449 5403 3516 5456 iis
3549 5401 3709 5469 quid-

2133 5523 2297 5578 quam
2341 5521 2479 5576 opus
2524 5504 2733 5557 habet:
2766 5500 2896 5571 quin
2947 5497 3129 5568 potius
3171 5497 3407 5564 teipsum
3451 5493 3559 5545 Deo
3590 5505 3709 5544 mu-

2337 5640 2379 5672 "
2422 5639 2555 5693 Ibid.
2595 5639 2679 5694 ll.
2757 5636 2804 5668 ⁹¹
2834 5634 2981 5688 Psal.
3018 5647 3151 5694 xm,
3186 5632 3241 5685 9..
3341 5629 3389 5662 ⁸³
3419 5629 3552 5683 Gen.
3588 5642 3706 5691 xxI,

3401 5698 3450 5732 ⁸⁸
3479 5698 3637 5753 Prov.
3667 5714 3705 5763 t,

2757 5636 2804 5668 ⁹¹
2834 5634 2981 5688 Psal.
3018 5647 3151 5697 xm,
3186 5632 3241 5685 9..

2150 5713 2195 5744 ⁸⁸
2230 5711 2416 5764 Matth.
2456 5725 2569 5770 ut,
2604 5709 2692 5764 5L
2799 5706 2843 5738 ⁸⁷
2868 5704 3060 5759 Matth.
3096 5720 3174 5770 St,
3207 5703 3293 5758 η.

2070 5787 2112 5819 ⁸⁸
2149 5783 2350 5837 Thren.
2390 5798 2460 5847 tv,
2501 5781 2548 5834 7.
