  <div class='ocr_page' id='page_1' title='image "/cluster/home/n/w/nwhite01/storage/ocr_20150623/127/coo.31924054870328/644.png"; bbox 0 0 4100 6440; ppageno 0'>
   <div class='ocr_carea' id='block_1_1' title="bbox 369 349 503 416">
    <p class='ocr_par' dir='ltr' id='par_1_1' title="bbox 369 349 503 416">
     <span class='ocr_line' id='line_1_1' title="bbox 369 349 503 416; baseline -0.015 0"><span class='ocrx_word' id='word_1_1' title='bbox 369 349 503 416; x_wconf 72' lang='lat' dir='ltr'><strong>illi</strong></span> 
     </span>
    </p>
   </div>
   <div class='ocr_carea' id='block_1_2' title="bbox 1358 354 2602 422">
    <p class='ocr_par' dir='ltr' id='par_1_2' title="bbox 1358 354 2602 422">
     <span class='ocr_line' id='line_1_2' title="bbox 1358 354 2602 422; baseline 0.007 -9"><span class='ocrx_word' id='word_1_2' title='bbox 1358 354 1683 416; x_wconf 81' lang='lat' dir='ltr'><strong>NICETAS</strong></span> <span class='ocrx_word' id='word_1_3' title='bbox 1730 356 1808 415; x_wconf 79' lang='lat' dir='ltr'><strong>lN</strong></span> <span class='ocrx_word' id='word_1_4' title='bbox 1853 354 2076 414; x_wconf 70' lang='grc' dir='ltr'><strong>ΟῐὶΛΤ.</strong></span> <span class='ocrx_word' id='word_1_5' title='bbox 2121 354 2223 417; x_wconf 83' lang='lat' dir='ltr'><strong>XL</strong></span> <span class='ocrx_word' id='word_1_6' title='bbox 2268 357 2328 420; x_wconf 70' lang='grc' dir='ltr'><strong>Β.</strong></span> <span class='ocrx_word' id='word_1_7' title='bbox 2371 357 2602 422; x_wconf 73' lang='lat' dir='ltr'><strong>GREG.</strong></span> 
     </span>
    </p>
   </div>
   <div class='ocr_carea' id='block_1_3' title="bbox 3521 357 3633 422">
    <p class='ocr_par' dir='ltr' id='par_1_3' title="bbox 3521 357 3633 422">
     <span class='ocr_line' id='line_1_3' title="bbox 3521 357 3633 422; baseline -0.036 0"><span class='ocrx_word' id='word_1_8' title='bbox 3521 357 3633 422; x_wconf 60' lang='lat'><strong>19:7:</strong></span> 
     </span>
    </p>
   </div>
   <div class='ocr_carea' id='block_1_4' title="bbox 366 467 3660 547">
    <p class='ocr_par' dir='ltr' id='par_1_4' title="bbox 366 467 3660 547">
     <span class='ocr_line' id='line_1_4' title="bbox 366 467 3660 547; baseline 0.001 -18"><span class='ocrx_word' id='word_1_9' title='bbox 366 473 519 545; x_wconf 82' lang='lat' dir='ltr'><strong>neris</strong></span> <span class='ocrx_word' id='word_1_10' title='bbox 564 471 684 525; x_wconf 86' lang='lat' dir='ltr'><strong>loco</strong></span> <span class='ocrx_word' id='word_1_11' title='bbox 717 467 871 525; x_wconf 76' lang='lat' dir='ltr'><strong>offer.</strong></span> <span class='ocrx_word' id='word_1_12' title='bbox 907 471 1046 539; x_wconf 82' lang='lat' dir='ltr'><strong>Quid</strong></span> <span class='ocrx_word' id='word_1_13' title='bbox 1090 472 1431 543; x_wconf 70' lang='lat' dir='ltr'><strong>Splendidam</strong></span> <span class='ocrx_word' id='word_1_14' title='bbox 1469 486 1675 532; x_wconf 78' lang='lat' dir='ltr'><strong>vestem</strong></span> <span class='ocrx_word' id='word_1_15' title='bbox 1713 475 1956 547; x_wconf 66' lang='lat' dir='ltr'><strong>quaaris?</strong></span> <span class='ocrx_word' id='word_1_16' title='bbox 1989 486 2029 540; x_wconf 72' lang='grc' dir='ltr'>Α</span> <span class='ocrx_word' id='word_1_17' title='bbox 2064 477 2334 532; x_wconf 72' lang='lat' dir='ltr'><strong>ministris</strong></span> <span class='ocrx_word' id='word_1_18' title='bbox 2377 476 2800 533; x_wconf 76' lang='lat' dir='ltr'><strong>existimanlum</strong></span> <span class='ocrx_word' id='word_1_19' title='bbox 2845 484 2949 532; x_wconf 88' lang='lat' dir='ltr'><strong>est.</strong></span> <span class='ocrx_word' id='word_1_20' title='bbox 2986 475 3253 545; x_wconf 66' lang='lat' dir='ltr'><strong>Quamvis</strong></span> <span class='ocrx_word' id='word_1_21' title='bbox 3286 478 3432 532; x_wconf 87' lang='lat' dir='ltr'><strong>enim</strong></span> <span class='ocrx_word' id='word_1_22' title='bbox 3471 481 3660 534; x_wconf 77' lang='lat' dir='ltr'><strong>vitaet</strong></span> 
     </span>
    </p>
   </div>
   <div class='ocr_carea' id='block_1_5' title="bbox 362 564 1946 638">
    <p class='ocr_par' dir='ltr' id='par_1_5' title="bbox 362 564 1946 638">
     <span class='ocr_line' id='line_1_5' title="bbox 362 564 1946 638; baseline 0.003 -20"><span class='ocrx_word' id='word_1_23' title='bbox 362 565 642 619; x_wconf 81' lang='lat' dir='ltr'><strong>Clu-istum</strong></span> <span class='ocrx_word' id='word_1_24' title='bbox 708 564 914 632; x_wconf 82' lang='lat' dir='ltr'><strong>babes;</strong></span> <span class='ocrx_word' id='word_1_25' title='bbox 976 567 1123 621; x_wconf 86' lang='lat' dir='ltr'><strong>hunc</strong></span> <span class='ocrx_word' id='word_1_26' title='bbox 1196 582 1290 638; x_wconf 88' lang='lat' dir='ltr'><strong>per</strong></span> <span class='ocrx_word' id='word_1_27' title='bbox 1363 569 1697 635; x_wconf 81' lang='lat' dir='ltr'><strong>baptismum</strong></span> <span class='ocrx_word' id='word_1_28' title='bbox 1762 570 1946 623; x_wconf 86' lang='lat' dir='ltr'><strong>indue.</strong></span> 
     </span>
    </p>
   </div>
   <div class='ocr_carea' id='block_1_6' title="bbox 365 652 1952 732">
    <p class='ocr_par' dir='ltr' id='par_1_6' title="bbox 365 652 1952 732">
     <span class='ocr_line' id='line_1_6' title="bbox 365 652 1952 732; baseline 0.003 -20"><span class='ocrx_word' id='word_1_29' title='bbox 365 652 676 729; x_wconf 79' lang='lat' dir='ltr'><strong>Quicunque</strong></span> <span class='ocrx_word' id='word_1_30' title='bbox 721 659 865 713; x_wconf 86' lang='lat' dir='ltr'><strong>enim</strong></span> <span class='ocrx_word' id='word_1_31' title='bbox 923 659 974 714; x_wconf 83' lang='lat' dir='ltr'><strong>in</strong></span> <span class='ocrx_word' id='word_1_32' title='bbox 1027 659 1241 716; x_wconf 76' lang='lat' dir='ltr'><strong>Christo</strong></span> <span class='ocrx_word' id='word_1_33' title='bbox 1290 662 1549 732; x_wconf 76' lang='lat' dir='ltr'><strong>baptizati</strong></span> <span class='ocrx_word' id='word_1_34' title='bbox 1579 663 1729 726; x_wconf 75' lang='lat' dir='ltr'><strong>estis,</strong></span> <span class='ocrx_word' id='word_1_35' title='bbox 1775 662 1952 732; x_wconf 90' lang='lat' dir='ltr'><strong>inquit</strong></span> 
     </span>
    </p>
   </div>
   <div class='ocr_carea' id='block_1_7' title="bbox 363 751 1988 822">
    <p class='ocr_par' dir='ltr' id='par_1_7' title="bbox 363 751 1988 822">
     <span class='ocr_line' id='line_1_7' title="bbox 363 751 1988 822; baseline 0.004 -17"><span class='ocrx_word' id='word_1_36' title='bbox 363 752 679 821; x_wconf 66' lang='lat' dir='ltr'><strong>Apustctus,</strong></span> <span class='ocrx_word' id='word_1_37' title='bbox 718 751 989 808; x_wconf 77' lang='lat' dir='ltr'><strong>Christum</strong></span> <span class='ocrx_word' id='word_1_38' title='bbox 1029 755 1275 809; x_wconf 67' lang='lat' dir='ltr'><strong>induisti:</strong></span> <span class='ocrx_word' id='word_1_39' title='bbox 1309 758 1379 822; x_wconf 83' lang='grc'><strong>⁹¹,</strong></span> <span class='ocrx_word' id='word_1_40' title='bbox 1435 757 1540 812; x_wconf 81' lang='lat' dir='ltr'><strong>hoc</strong></span> <span class='ocrx_word' id='word_1_41' title='bbox 1589 767 1690 821; x_wconf 87' lang='lat' dir='ltr'><strong>est,</strong></span> <span class='ocrx_word' id='word_1_42' title='bbox 1744 756 1948 811; x_wconf 82' lang='lat' dir='ltr'><strong>Christi</strong></span> <span class='ocrx_word' id='word_1_43' title='bbox 1976 812 1988 820; x_wconf 62' lang='grc'><strong>,</strong></span> 
     </span>
    </p>
   </div>
   <div class='ocr_carea' id='block_1_8' title="bbox 365 842 1951 917">
    <p class='ocr_par' dir='ltr' id='par_1_8' title="bbox 365 842 1951 917">
     <span class='ocr_line' id='line_1_8' title="bbox 365 842 1951 917; baseline 0.003 -22"><span class='ocrx_word' id='word_1_44' title='bbox 365 842 621 897; x_wconf 84' lang='lat' dir='ltr'><strong>formam.</strong></span> <span class='ocrx_word' id='word_1_45' title='bbox 659 844 799 909; x_wconf 82' lang='lat' dir='ltr'><strong>Quid</strong></span> <span class='ocrx_word' id='word_1_46' title='bbox 843 860 905 898; x_wconf 85' lang='lat' dir='ltr'><strong>ea</strong></span> <span class='ocrx_word' id='word_1_47' title='bbox 952 862 1074 914; x_wconf 57' lang='lat' dir='ltr'><strong>quas</strong></span> <span class='ocrx_word' id='word_1_48' title='bbox 1124 848 1189 899; x_wconf 90' lang='lat' dir='ltr'><strong>ad</strong></span> <span class='ocrx_word' id='word_1_49' title='bbox 1246 847 1389 901; x_wconf 90' lang='lat' dir='ltr'><strong>laute</strong></span> <span class='ocrx_word' id='word_1_50' title='bbox 1439 853 1492 901; x_wconf 90' lang='lat' dir='ltr'><strong>et</strong></span> <span class='ocrx_word' id='word_1_51' title='bbox 1526 848 1748 917; x_wconf 85' lang='lat' dir='ltr'><strong>opipare</strong></span> <span class='ocrx_word' id='word_1_52' title='bbox 1803 848 1951 902; x_wconf 83' lang='lat' dir='ltr'><strong>acci-</strong></span> 
     </span>
    </p>
   </div>
   <div class='ocr_carea' id='block_1_9' title="bbox 365 935 1953 1010">
    <p class='ocr_par' dir='ltr' id='par_1_9' title="bbox 365 935 1953 1010">
     <span class='ocr_line' id='line_1_9' title="bbox 365 935 1953 1010; baseline 0.001 -22"><span class='ocrx_word' id='word_1_53' title='bbox 365 936 624 1003; x_wconf 65' lang='lat' dir='ltr'><strong>piendum</strong></span> <span class='ocrx_word' id='word_1_54' title='bbox 668 935 926 1005; x_wconf 87' lang='lat' dir='ltr'><strong>baptismi</strong></span> <span class='ocrx_word' id='word_1_55' title='bbox 991 937 1309 992; x_wconf 84' lang='lat' dir='ltr'><strong>ministrum</strong></span> <span class='ocrx_word' id='word_1_56' title='bbox 1363 939 1655 1009; x_wconf 84' lang='lat' dir='ltr'><strong>pertinent,</strong></span> <span class='ocrx_word' id='word_1_57' title='bbox 1710 939 1953 1010; x_wconf 79' lang='lat' dir='ltr'><strong>qua-ris?</strong></span> 
     </span>
    </p>
   </div>
   <div class='ocr_carea' id='block_1_10' title="bbox 364 1026 1950 1107">
    <p class='ocr_par' dir='ltr' id='par_1_10' title="bbox 364 1026 1950 1107">
     <span class='ocr_line' id='line_1_10' title="bbox 364 1026 1950 1107; baseline 0.005 -28"><span class='ocrx_word' id='word_1_58' title='bbox 364 1026 458 1081; x_wconf 90' lang='lat' dir='ltr'><strong>llle</strong></span> <span class='ocrx_word' id='word_1_59' title='bbox 486 1027 632 1107; x_wconf 82' lang='lat' dir='ltr'><strong>enim</strong></span> <span class='ocrx_word' id='word_1_60' title='bbox 674 1043 780 1081; x_wconf 89' lang='lat' dir='ltr'><strong>non</strong></span> <span class='ocrx_word' id='word_1_61' title='bbox 816 1029 956 1083; x_wconf 88' lang='lat' dir='ltr'><strong>cibis</strong></span> <span class='ocrx_word' id='word_1_62' title='bbox 990 1029 1314 1093; x_wconf 82' lang='lat' dir='ltr'><strong>delectatur,</strong></span> <span class='ocrx_word' id='word_1_63' title='bbox 1355 1030 1451 1086; x_wconf 88' lang='lat' dir='ltr'><strong>sed</strong></span> <span class='ocrx_word' id='word_1_64' title='bbox 1497 1032 1950 1101; x_wconf 69' lang='lat' dir='ltr'><strong>prmstautissima</strong></span> 
     </span>
    </p>
   </div>
   <div class='ocr_carea' id='block_1_11' title="bbox 362 1118 1953 1196">
    <p class='ocr_par' dir='ltr' id='par_1_11' title="bbox 362 1118 1953 1196">
     <span class='ocr_line' id='line_1_11' title="bbox 362 1118 1953 1196; baseline 0.007 -26"><span class='ocrx_word' id='word_1_65' title='bbox 362 1118 490 1171; x_wconf 73' lang='lat' dir='ltr'><strong>\itte</strong></span> <span class='ocrx_word' id='word_1_66' title='bbox 537 1119 767 1185; x_wconf 81' lang='lat' dir='ltr'><strong>ratione,</strong></span> <span class='ocrx_word' id='word_1_67' title='bbox 826 1137 934 1191; x_wconf 88' lang='lat' dir='ltr'><strong>qua</strong></span> <span class='ocrx_word' id='word_1_68' title='bbox 985 1137 1085 1192; x_wconf 76' lang='lat' dir='ltr'><strong>ego</strong></span> <span class='ocrx_word' id='word_1_69' title='bbox 1137 1124 1416 1190; x_wconf 87' lang='lat' dir='ltr'><strong>delector,</strong></span> <span class='ocrx_word' id='word_1_70' title='bbox 1468 1134 1632 1196; x_wconf 88' lang='lat' dir='ltr'><strong>atque</strong></span> <span class='ocrx_word' id='word_1_71' title='bbox 1687 1137 1814 1181; x_wconf 87' lang='lat' dir='ltr'><strong>ante</strong></span> <span class='ocrx_word' id='word_1_72' title='bbox 1866 1142 1953 1181; x_wconf 84' lang='lat' dir='ltr'><strong>me</strong></span> 
     </span>
    </p>
   </div>
   <div class='ocr_carea' id='block_1_12' title="bbox 362 1209 1950 1289">
    <p class='ocr_par' dir='ltr' id='par_1_12' title="bbox 362 1209 1950 1289">
     <span class='ocr_line' id='line_1_12' title="bbox 362 1209 1950 1289; baseline 0.006 -26"><span class='ocrx_word' id='word_1_73' title='bbox 362 1209 643 1276; x_wconf 76' lang='lat' dir='ltr'><strong>Christus,</strong></span> <span class='ocrx_word' id='word_1_74' title='bbox 695 1227 782 1267; x_wconf 88' lang='lat' dir='ltr'><strong>res</strong></span> <span class='ocrx_word' id='word_1_75' title='bbox 835 1214 1105 1269; x_wconf 66' lang='lat' dir='ltr'><strong>maximas</strong></span> <span class='ocrx_word' id='word_1_76' title='bbox 1159 1215 1407 1286; x_wconf 82' lang='lat' dir='ltr'><strong>largitus,</strong></span> <span class='ocrx_word' id='word_1_77' title='bbox 1460 1218 1562 1273; x_wconf 86' lang='lat' dir='ltr'><strong>hoc</strong></span> <span class='ocrx_word' id='word_1_78' title='bbox 1607 1228 1710 1281; x_wconf 86' lang='lat' dir='ltr'><strong>est,</strong></span> <span class='ocrx_word' id='word_1_79' title='bbox 1770 1219 1950 1289; x_wconf 89' lang='lat' dir='ltr'><strong>ipsum</strong></span> 
     </span>
    </p>
   </div>
   <div class='ocr_carea' id='block_1_13' title="bbox 359 1303 1950 1382">
    <p class='ocr_par' dir='ltr' id='par_1_13' title="bbox 359 1303 1950 1382">
     <span class='ocr_line' id='line_1_13' title="bbox 359 1303 1950 1382; baseline 0.008 -27"><span class='ocrx_word' id='word_1_80' title='bbox 359 1303 736 1370; x_wconf 81' lang='lat' dir='ltr'><strong>baptismum,</strong></span> <span class='ocrx_word' id='word_1_81' title='bbox 800 1321 865 1362; x_wconf 89' lang='lat' dir='ltr'><strong>ac</strong></span> <span class='ocrx_word' id='word_1_82' title='bbox 931 1323 1028 1377; x_wconf 90' lang='lat' dir='ltr'><strong>per</strong></span> <span class='ocrx_word' id='word_1_83' title='bbox 1087 1324 1213 1363; x_wconf 91' lang='lat' dir='ltr'><strong>eum</strong></span> <span class='ocrx_word' id='word_1_84' title='bbox 1276 1309 1509 1364; x_wconf 81' lang='lat' dir='ltr'><strong>filiorum</strong></span> <span class='ocrx_word' id='word_1_85' title='bbox 1571 1310 1950 1382; x_wconf 74' lang='lat' dir='ltr'><strong>adeptionem.</strong></span> 
     </span>
    </p>
   </div>
   <div class='ocr_carea' id='block_1_14' title="bbox 359 1397 1948 1477">
    <p class='ocr_par' dir='ltr' id='par_1_14' title="bbox 359 1397 1948 1477">
     <span class='ocr_line' id='line_1_14' title="bbox 359 1397 1948 1477; baseline 0.004 -23"><span class='ocrx_word' id='word_1_86' title='bbox 359 1397 552 1470; x_wconf 75' lang='lat' dir='ltr'><strong>Neque</strong></span> <span class='ocrx_word' id='word_1_87' title='bbox 590 1399 735 1454; x_wconf 83' lang='lat' dir='ltr'><strong>enim</strong></span> <span class='ocrx_word' id='word_1_88' title='bbox 782 1403 925 1472; x_wconf 88' lang='lat' dir='ltr'><strong>apud</strong></span> <span class='ocrx_word' id='word_1_89' title='bbox 967 1401 1138 1458; x_wconf 89' lang='lat' dir='ltr'><strong>Deum</strong></span> <span class='ocrx_word' id='word_1_90' title='bbox 1189 1403 1489 1475; x_wconf 82' lang='lat' dir='ltr'><strong>quidquam</strong></span> <span class='ocrx_word' id='word_1_91' title='bbox 1543 1422 1798 1477; x_wconf 82' lang='lat' dir='ltr'><strong>magnum</strong></span> <span class='ocrx_word' id='word_1_92' title='bbox 1843 1416 1948 1474; x_wconf 89' lang='lat' dir='ltr'><strong>est,</strong></span> 
     </span>
    </p>
   </div>
   <div class='ocr_carea' id='block_1_15' title="bbox 365 1496 1949 1568">
    <p class='ocr_par' dir='ltr' id='par_1_15' title="bbox 365 1496 1949 1568">
     <span class='ocr_line' id='line_1_15' title="bbox 365 1496 1949 1568; baseline 0.006 -25"><span class='ocrx_word' id='word_1_93' title='bbox 365 1506 474 1544; x_wconf 86' lang='lat' dir='ltr'><strong>non</strong></span> <span class='ocrx_word' id='word_1_94' title='bbox 512 1506 728 1557; x_wconf 88' lang='lat' dir='ltr'><strong>aurum,</strong></span> <span class='ocrx_word' id='word_1_95' title='bbox 761 1508 866 1547; x_wconf 88' lang='lat' dir='ltr'><strong>non</strong></span> <span class='ocrx_word' id='word_1_96' title='bbox 901 1502 1212 1562; x_wconf 80' lang='lat' dir='ltr'><strong>argentum,</strong></span> <span class='ocrx_word' id='word_1_97' title='bbox 1245 1510 1355 1550; x_wconf 89' lang='lat' dir='ltr'><strong>non</strong></span> <span class='ocrx_word' id='word_1_98' title='bbox 1392 1496 1671 1563; x_wconf 73' lang='lat' dir='ltr'><strong>pellucidae</strong></span> <span class='ocrx_word' id='word_1_99' title='bbox 1701 1514 1949 1568; x_wconf 66' lang='lat' dir='ltr'><strong>geniturae,</strong></span> 
     </span>
    </p>
   </div>
   <div class='ocr_carea' id='block_1_16' title="bbox 364 1582 1952 1656">
    <p class='ocr_par' dir='ltr' id='par_1_16' title="bbox 364 1582 1952 1656">
     <span class='ocr_line' id='line_1_16' title="bbox 364 1582 1952 1656; baseline 0.006 -23"><span class='ocrx_word' id='word_1_100' title='bbox 364 1596 474 1634; x_wconf 89' lang='lat' dir='ltr'><strong>non</strong></span> <span class='ocrx_word' id='word_1_101' title='bbox 532 1582 681 1636; x_wconf 86' lang='lat' dir='ltr'><strong>aliud</strong></span> <span class='ocrx_word' id='word_1_102' title='bbox 733 1582 1038 1653; x_wconf 84' lang='lat' dir='ltr'><strong>quiddam,</strong></span> <span class='ocrx_word' id='word_1_103' title='bbox 1104 1585 1250 1655; x_wconf 91' lang='lat' dir='ltr'><strong>quod</strong></span> <span class='ocrx_word' id='word_1_104' title='bbox 1311 1601 1419 1640; x_wconf 91' lang='lat' dir='ltr'><strong>non</strong></span> <span class='ocrx_word' id='word_1_105' title='bbox 1476 1601 1680 1656; x_wconf 89' lang='lat' dir='ltr'><strong>pauper</strong></span> <span class='ocrx_word' id='word_1_106' title='bbox 1732 1603 1952 1656; x_wconf 53' lang='lat' dir='ltr'><strong>quoque</strong></span> 
     </span>
    </p>
   </div>
   <div class='ocr_carea' id='block_1_17' title="bbox 365 1669 1953 1748">
    <p class='ocr_par' dir='ltr' id='par_1_17' title="bbox 365 1669 1953 1748">
     <span class='ocr_line' id='line_1_17' title="bbox 365 1669 1953 1748; baseline 0.004 -24"><span class='ocrx_word' id='word_1_107' title='bbox 365 1669 563 1745; x_wconf 68' lang='lat' dir='ltr'><strong>offerre</strong></span> <span class='ocrx_word' id='word_1_108' title='bbox 631 1683 813 1742; x_wconf 74' lang='lat' dir='ltr'><strong>queat.</strong></span> <span class='ocrx_word' id='word_1_109' title='bbox 876 1673 1203 1744; x_wconf 84' lang='lat' dir='ltr'><strong>Quanquam</strong></span> <span class='ocrx_word' id='word_1_110' title='bbox 1265 1676 1408 1729; x_wconf 85' lang='lat' dir='ltr'><strong>enim</strong></span> <span class='ocrx_word' id='word_1_111' title='bbox 1503 1677 1555 1730; x_wconf 91' lang='lat' dir='ltr'><strong>in</strong></span> <span class='ocrx_word' id='word_1_112' title='bbox 1630 1678 1716 1732; x_wconf 86' lang='lat' dir='ltr'><strong>his</strong></span> <span class='ocrx_word' id='word_1_113' title='bbox 1787 1693 1953 1748; x_wconf 73' lang='lat' dir='ltr'><strong>pecu-</strong></span> 
     </span>
    </p>
   </div>
   <div class='ocr_carea' id='block_1_18' title="bbox 368 1765 1945 1839">
    <p class='ocr_par' dir='ltr' id='par_1_18' title="bbox 368 1765 1945 1839">
     <span class='ocr_line' id='line_1_18' title="bbox 368 1765 1945 1839; baseline 0.004 -22"><span class='ocrx_word' id='word_1_114' title='bbox 368 1765 583 1818; x_wconf 89' lang='lat' dir='ltr'><strong>uiarum</strong></span> <span class='ocrx_word' id='word_1_115' title='bbox 631 1765 873 1820; x_wconf 90' lang='lat' dir='ltr'><strong>materiis</strong></span> <span class='ocrx_word' id='word_1_116' title='bbox 928 1781 1201 1836; x_wconf 89' lang='lat' dir='ltr'><strong>pauperes</strong></span> <span class='ocrx_word' id='word_1_117' title='bbox 1261 1781 1289 1820; x_wconf 85' lang='lat' dir='ltr'><strong>a</strong></span> <span class='ocrx_word' id='word_1_118' title='bbox 1327 1767 1587 1822; x_wconf 85' lang='lat' dir='ltr'><strong>divitibus</strong></span> <span class='ocrx_word' id='word_1_119' title='bbox 1625 1769 1945 1839; x_wconf 87' lang='lat' dir='ltr'><strong>proculcan-</strong></span> 
     </span>
    </p>
   </div>
   <div class='ocr_carea' id='block_1_19' title="bbox 2055 570 3656 641">
    <p class='ocr_par' dir='ltr' id='par_1_19' title="bbox 2055 570 3656 641">
     <span class='ocr_line' id='line_1_19' title="bbox 2055 570 3656 641; baseline 0 -20"><span class='ocrx_word' id='word_1_120' title='bbox 2055 585 2270 624; x_wconf 89' lang='lat' dir='ltr'><strong>morum</strong></span> <span class='ocrx_word' id='word_1_121' title='bbox 2302 573 2511 624; x_wconf 89' lang='lat' dir='ltr'><strong>ratione</strong></span> <span class='ocrx_word' id='word_1_122' title='bbox 2538 570 2681 624; x_wconf 89' lang='lat' dir='ltr'><strong>alius</strong></span> <span class='ocrx_word' id='word_1_123' title='bbox 2706 571 2877 627; x_wconf 85' lang='lat' dir='ltr'><strong>alium</strong></span> <span class='ocrx_word' id='word_1_124' title='bbox 2923 580 3144 639; x_wconf 87' lang='lat' dir='ltr'><strong>superet</strong></span> <span class='ocrx_word' id='word_1_125' title='bbox 3176 570 3656 641; x_wconf 72' lang='lat' dir='ltr'><strong>(quemaduwdum</strong></span> 
     </span>
    </p>
   </div>
   <div class='ocr_carea' id='block_1_20' title="bbox 2057 659 3657 728">
    <p class='ocr_par' dir='ltr' id='par_1_20' title="bbox 2057 659 3657 728">
     <span class='ocr_line' id='line_1_20' title="bbox 2057 659 3657 728; baseline -0.001 -15"><span class='ocrx_word' id='word_1_126' title='bbox 2057 659 2169 715; x_wconf 86' lang='lat' dir='ltr'><strong>illic</strong></span> <span class='ocrx_word' id='word_1_127' title='bbox 2222 675 2416 715; x_wconf 88' lang='lat' dir='ltr'><strong>aurum</strong></span> <span class='ocrx_word' id='word_1_128' title='bbox 2478 659 2625 714; x_wconf 90' lang='lat' dir='ltr'><strong>ferro</strong></span> <span class='ocrx_word' id='word_1_129' title='bbox 2677 663 2944 728; x_wconf 66' lang='lat' dir='ltr'><strong>praestat),</strong></span> <span class='ocrx_word' id='word_1_130' title='bbox 3018 668 3198 713; x_wconf 89' lang='lat' dir='ltr'><strong>tamen</strong></span> <span class='ocrx_word' id='word_1_131' title='bbox 3249 661 3331 713; x_wconf 81' lang='lat' dir='ltr'><strong>vis</strong></span> <span class='ocrx_word' id='word_1_132' title='bbox 3405 659 3657 726; x_wconf 53' lang='lat' dir='ltr'><strong>baptismi</strong></span> 
     </span>
    </p>
   </div>
   <div class='ocr_carea' id='block_1_21' title="bbox 2053 750 3654 820">
    <p class='ocr_par' dir='ltr' id='par_1_21' title="bbox 2053 750 3654 820">
     <span class='ocr_line' id='line_1_21' title="bbox 2053 750 3654 820; baseline -0.002 -14"><span class='ocrx_word' id='word_1_133' title='bbox 2053 750 2242 806; x_wconf 87' lang='lat' dir='ltr'><strong>eadem</strong></span> <span class='ocrx_word' id='word_1_134' title='bbox 2297 762 2425 812; x_wconf 76' lang='lat' dir='ltr'><strong>est,</strong></span> <span class='ocrx_word' id='word_1_135' title='bbox 2478 767 2586 804; x_wconf 89' lang='lat' dir='ltr'><strong>non</strong></span> <span class='ocrx_word' id='word_1_136' title='bbox 2650 767 2811 806; x_wconf 88' lang='lat' dir='ltr'><strong>secus</strong></span> <span class='ocrx_word' id='word_1_137' title='bbox 2867 762 3030 820; x_wconf 88' lang='lat' dir='ltr'><strong>atque</strong></span> <span class='ocrx_word' id='word_1_138' title='bbox 3087 752 3393 818; x_wconf 77' lang='lat' dir='ltr'><strong>sigillorum</strong></span> <span class='ocrx_word' id='word_1_139' title='bbox 3484 763 3654 804; x_wconf 79' lang='lat' dir='ltr'><strong>nota:</strong></span> 
     </span>
    </p>
   </div>
   <div class='ocr_carea' id='block_1_22' title="bbox 2054 842 3658 913">
    <p class='ocr_par' dir='ltr' id='par_1_22' title="bbox 2054 842 3658 913">
     <span class='ocr_line' id='line_1_22' title="bbox 2054 842 3658 913; baseline -0.001 -17"><span class='ocrx_word' id='word_1_140' title='bbox 2054 842 2344 912; x_wconf 86' lang='lat' dir='ltr'><strong>omnisque</strong></span> <span class='ocrx_word' id='word_1_141' title='bbox 2390 842 2739 898; x_wconf 77' lang='lat' dir='ltr'><strong>Christianus</strong></span> <span class='ocrx_word' id='word_1_142' title='bbox 2793 847 3086 907; x_wconf 74' lang='lat' dir='ltr'><strong>sacerdos,</strong></span> <span class='ocrx_word' id='word_1_143' title='bbox 3150 844 3460 913; x_wconf 68' lang='lat' dir='ltr'><strong>baptizandi</strong></span> <span class='ocrx_word' id='word_1_144' title='bbox 3532 861 3658 896; x_wconf 82' lang='lat' dir='ltr'><strong>mu-</strong></span> 
     </span>
    </p>
   </div>
   <div class='ocr_carea' id='block_1_23' title="bbox 2058 934 3653 1006">
    <p class='ocr_par' dir='ltr' id='par_1_23' title="bbox 2058 934 3653 1006">
     <span class='ocr_line' id='line_1_23' title="bbox 2058 934 3653 1006; baseline -0.001 -16"><span class='ocrx_word' id='word_1_145' title='bbox 2058 951 2188 990; x_wconf 83' lang='lat' dir='ltr'><strong>nere</strong></span> <span class='ocrx_word' id='word_1_146' title='bbox 2249 934 2505 1006; x_wconf 81' lang='lat' dir='ltr'><strong>fuugens,</strong></span> <span class='ocrx_word' id='word_1_147' title='bbox 2566 951 2691 990; x_wconf 89' lang='lat' dir='ltr'><strong>eum</strong></span> <span class='ocrx_word' id='word_1_148' title='bbox 2747 936 2838 1006; x_wconf 86' lang='lat' dir='ltr'><strong>qui</strong></span> <span class='ocrx_word' id='word_1_149' title='bbox 2896 937 3225 1003; x_wconf 83' lang='lat' dir='ltr'><strong>baptizatur,</strong></span> <span class='ocrx_word' id='word_1_150' title='bbox 3286 937 3388 989; x_wconf 86' lang='lat' dir='ltr'><strong>rite</strong></span> <span class='ocrx_word' id='word_1_151' title='bbox 3442 936 3653 996; x_wconf 87' lang='lat' dir='ltr'><strong>initiat,</strong></span> 
     </span>
    </p>
   </div>
   <div class='ocr_carea' id='block_1_24' title="bbox 2054 1029 3657 1098">
    <p class='ocr_par' dir='ltr' id='par_1_24' title="bbox 2054 1029 3657 1098">
     <span class='ocr_line' id='line_1_24' title="bbox 2054 1029 3657 1098; baseline -0.001 -16"><span class='ocrx_word' id='word_1_152' title='bbox 2054 1029 2183 1082; x_wconf 91' lang='lat' dir='ltr'><strong>dum</strong></span> <span class='ocrx_word' id='word_1_153' title='bbox 2219 1040 2397 1083; x_wconf 84' lang='lat' dir='ltr'><strong>tamen</strong></span> <span class='ocrx_word' id='word_1_154' title='bbox 2464 1029 2753 1098; x_wconf 81' lang='lat' dir='ltr'><strong>perspicue</strong></span> <span class='ocrx_word' id='word_1_155' title='bbox 2809 1030 3097 1083; x_wconf 72' lang='lat' dir='ltr'><strong>litercticus</strong></span> <span class='ocrx_word' id='word_1_156' title='bbox 3158 1045 3266 1081; x_wconf 89' lang='lat' dir='ltr'><strong>non</strong></span> <span class='ocrx_word' id='word_1_157' title='bbox 3324 1030 3431 1088; x_wconf 89' lang='lat' dir='ltr'><strong>sit,</strong></span> <span class='ocrx_word' id='word_1_158' title='bbox 3494 1038 3657 1095; x_wconf 81' lang='lat' dir='ltr'><strong>atque</strong></span> 
     </span>
    </p>
   </div>
   <div class='ocr_carea' id='block_1_25' title="bbox 2055 1117 3659 1182">
    <p class='ocr_par' dir='ltr' id='par_1_25' title="bbox 2055 1117 3659 1182">
     <span class='ocr_line' id='line_1_25' title="bbox 2055 1117 3659 1182; baseline -0.002 -9"><span class='ocrx_word' id='word_1_159' title='bbox 2055 1121 2124 1173; x_wconf 90' lang='lat' dir='ltr'><strong>ab</strong></span> <span class='ocrx_word' id='word_1_160' title='bbox 2190 1117 2430 1173; x_wconf 76' lang='lat' dir='ltr'><strong>Ecclesia</strong></span> <span class='ocrx_word' id='word_1_161' title='bbox 2480 1134 2752 1182; x_wconf 81' lang='lat' dir='ltr'><strong>aversus,</strong></span> <span class='ocrx_word' id='word_1_162' title='bbox 2803 1133 2993 1171; x_wconf 83' lang='lat' dir='ltr'><strong>verum</strong></span> <span class='ocrx_word' id='word_1_163' title='bbox 3054 1118 3242 1173; x_wconf 85' lang='lat' dir='ltr'><strong>eadem</strong></span> <span class='ocrx_word' id='word_1_164' title='bbox 3309 1117 3410 1172; x_wconf 75' lang='lat' dir='ltr'><strong>fide</strong></span> <span class='ocrx_word' id='word_1_165' title='bbox 3486 1118 3659 1171; x_wconf 83' lang='lat' dir='ltr'><strong>infor-</strong></span> 
     </span>
    </p>
   </div>
   <div class='ocr_carea' id='block_1_26' title="bbox 2059 1222 2262 1267">
    <p class='ocr_par' dir='ltr' id='par_1_26' title="bbox 2059 1222 2262 1267">
     <span class='ocr_line' id='line_1_26' title="bbox 2059 1222 2262 1267; baseline 0.005 -1"><span class='ocrx_word' id='word_1_166' title='bbox 2059 1222 2262 1267; x_wconf 80' lang='lat' dir='ltr'><strong>matus.</strong></span> 
     </span>
    </p>
   </div>
   <div class='ocr_carea' id='block_1_27' title="bbox 2130 1302 3654 1375">
    <p class='ocr_par' dir='ltr' id='par_1_27' title="bbox 2130 1302 3654 1375">
     <span class='ocr_line' id='line_1_27' title="bbox 2130 1302 3654 1375; baseline -0.001 -17"><span class='ocrx_word' id='word_1_167' title='bbox 2130 1304 2265 1358; x_wconf 90' lang='lat' dir='ltr'><strong>lbid.</strong></span> <span class='ocrx_word' id='word_1_168' title='bbox 2295 1305 2356 1357; x_wconf 86' lang='lat' dir='ltr'><strong>D.</strong></span> <span class='ocrx_word' id='word_1_169' title='bbox 2384 1302 2462 1358; x_wconf 89' lang='lat' dir='ltr'><strong>Ne</strong></span> <span class='ocrx_word' id='word_1_170' title='bbox 2491 1305 2722 1358; x_wconf 83' lang='lat' dir='ltr'><strong>alienum</strong></span> <span class='ocrx_word' id='word_1_171' title='bbox 2749 1304 3014 1375; x_wconf 83' lang='lat' dir='ltr'><strong>dignitate</strong></span> <span class='ocrx_word' id='word_1_172' title='bbox 3044 1314 3135 1358; x_wconf 87' lang='lat' dir='ltr'><strong>tua</strong></span> <span class='ocrx_word' id='word_1_173' title='bbox 3161 1313 3311 1375; x_wconf 81' lang='lat' dir='ltr'><strong>putes</strong></span> <span class='ocrx_word' id='word_1_174' title='bbox 3336 1305 3515 1370; x_wconf 81' lang='lat' dir='ltr'><strong>simul,</strong></span> <span class='ocrx_word' id='word_1_175' title='bbox 3547 1314 3654 1363; x_wconf 80' lang='lat' dir='ltr'><strong>clt‘.</strong></span> 
     </span>
    </p>
   </div>
   <div class='ocr_carea' id='block_1_28' title="bbox 2059 1396 3658 1467">
    <p class='ocr_par' dir='ltr' id='par_1_28' title="bbox 2059 1396 3658 1467">
     <span class='ocr_line' id='line_1_28' title="bbox 2059 1396 3658 1467; baseline 0.002 -18"><span class='ocrx_word' id='word_1_176' title='bbox 2059 1396 2235 1451; x_wconf 85' lang='lat' dir='ltr'><strong>licrus</strong></span> <span class='ocrx_word' id='word_1_177' title='bbox 2265 1413 2362 1463; x_wconf 79' lang='lat' dir='ltr'><strong>es;</strong></span> <span class='ocrx_word' id='word_1_178' title='bbox 2394 1412 2462 1451; x_wconf 89' lang='lat' dir='ltr'><strong>ne</strong></span> <span class='ocrx_word' id='word_1_179' title='bbox 2488 1413 2613 1452; x_wconf 83' lang='lat' dir='ltr'><strong>cum</strong></span> <span class='ocrx_word' id='word_1_180' title='bbox 2648 1413 2713 1452; x_wconf 89' lang='lat' dir='ltr'><strong>eo</strong></span> <span class='ocrx_word' id='word_1_181' title='bbox 2743 1398 2834 1467; x_wconf 88' lang='lat' dir='ltr'><strong>qui</strong></span> <span class='ocrx_word' id='word_1_182' title='bbox 2875 1399 3146 1451; x_wconf 87' lang='lat' dir='ltr'><strong>hactenus</strong></span> <span class='ocrx_word' id='word_1_183' title='bbox 3168 1440 3182 1463; x_wconf 93' lang='lat'><strong>,</strong></span> <span class='ocrx_word' id='word_1_184' title='bbox 3217 1396 3322 1452; x_wconf 89' lang='lat' dir='ltr'><strong>hoc</strong></span> <span class='ocrx_word' id='word_1_185' title='bbox 3349 1407 3452 1463; x_wconf 89' lang='lat' dir='ltr'><strong>est,</strong></span> <span class='ocrx_word' id='word_1_186' title='bbox 3483 1412 3658 1467; x_wconf 86' lang='lat' dir='ltr'><strong>usque</strong></span> 
     </span>
    </p>
   </div>
   <div class='ocr_carea' id='block_1_29' title="bbox 2057 1488 3660 1561">
    <p class='ocr_par' dir='ltr' id='par_1_29' title="bbox 2057 1488 3660 1561">
     <span class='ocr_line' id='line_1_29' title="bbox 2057 1488 3660 1561; baseline 0.004 -18"><span class='ocrx_word' id='word_1_187' title='bbox 2057 1488 2122 1543; x_wconf 88' lang='lat' dir='ltr'><strong>ad</strong></span> <span class='ocrx_word' id='word_1_188' title='bbox 2176 1489 2512 1559; x_wconf 45' lang='lat' dir='ltr'><strong>baptismum</strong></span> <span class='ocrx_word' id='word_1_189' title='bbox 2542 1532 2556 1554; x_wconf 90' lang='lat'><strong>,</strong></span> <span class='ocrx_word' id='word_1_190' title='bbox 2593 1489 2690 1544; x_wconf 86' lang='lat' dir='ltr'><strong>tibi</strong></span> <span class='ocrx_word' id='word_1_191' title='bbox 2732 1505 2927 1545; x_wconf 86' lang='lat' dir='ltr'><strong>servus</strong></span> <span class='ocrx_word' id='word_1_192' title='bbox 2959 1492 3209 1555; x_wconf 87' lang='lat' dir='ltr'><strong>exstitit,</strong></span> <span class='ocrx_word' id='word_1_193' title='bbox 3243 1490 3448 1546; x_wconf 89' lang='lat' dir='ltr'><strong>initiari</strong></span> <span class='ocrx_word' id='word_1_194' title='bbox 3495 1508 3660 1561; x_wconf 67' lang='lat' dir='ltr'><strong>grave</strong></span> 
     </span>
    </p>
   </div>
   <div class='ocr_carea' id='block_1_30' title="bbox 2057 1579 3656 1651">
    <p class='ocr_par' dir='ltr' id='par_1_30' title="bbox 2057 1579 3656 1651">
     <span class='ocr_line' id='line_1_30' title="bbox 2057 1579 3656 1651; baseline 0.002 -17"><span class='ocrx_word' id='word_1_195' title='bbox 2057 1581 2253 1637; x_wconf 85' lang='lat' dir='ltr'><strong>ducas.</strong></span> <span class='ocrx_word' id='word_1_196' title='bbox 2310 1579 2446 1635; x_wconf 79' lang='lat' dir='ltr'><strong>Nam</strong></span> <span class='ocrx_word' id='word_1_197' title='bbox 2501 1589 2628 1651; x_wconf 88' lang='lat' dir='ltr'><strong>post</strong></span> <span class='ocrx_word' id='word_1_198' title='bbox 2682 1581 3016 1651; x_wconf 79' lang='lat' dir='ltr'><strong>baptismum</strong></span> <span class='ocrx_word' id='word_1_199' title='bbox 3072 1598 3179 1636; x_wconf 89' lang='lat' dir='ltr'><strong>non</strong></span> <span class='ocrx_word' id='word_1_200' title='bbox 3234 1592 3317 1637; x_wconf 89' lang='lat' dir='ltr'><strong>est</strong></span> <span class='ocrx_word' id='word_1_201' title='bbox 3359 1598 3552 1638; x_wconf 79' lang='lat' dir='ltr'><strong>servus</strong></span> <span class='ocrx_word' id='word_1_202' title='bbox 3603 1583 3656 1638; x_wconf 91' lang='lat' dir='ltr'><strong>in</strong></span> 
     </span>
    </p>
   </div>
   <div class='ocr_carea' id='block_1_31' title="bbox 2055 1671 3661 1745">
    <p class='ocr_par' dir='ltr' id='par_1_31' title="bbox 2055 1671 3661 1745">
     <span class='ocr_line' id='line_1_31' title="bbox 2055 1671 3661 1745; baseline 0.003 -19"><span class='ocrx_word' id='word_1_203' title='bbox 2055 1672 2276 1728; x_wconf 84' lang='lat' dir='ltr'><strong>Christo</strong></span> <span class='ocrx_word' id='word_1_204' title='bbox 2319 1671 2473 1728; x_wconf 82' lang='lat' dir='ltr'><strong>Jesu.</strong></span> <span class='ocrx_word' id='word_1_205' title='bbox 2528 1671 2645 1728; x_wconf 86' lang='lat' dir='ltr'><strong>Hoc</strong></span> <span class='ocrx_word' id='word_1_206' title='bbox 2699 1675 2846 1728; x_wconf 88' lang='lat' dir='ltr'><strong>enim</strong></span> <span class='ocrx_word' id='word_1_207' title='bbox 2904 1684 3129 1744; x_wconf 72' lang='lat' dir='ltr'><strong>praestat</strong></span> <span class='ocrx_word' id='word_1_208' title='bbox 3195 1675 3544 1745; x_wconf 79' lang='lat' dir='ltr'><strong>baptismus,</strong></span> <span class='ocrx_word' id='word_1_209' title='bbox 3599 1684 3661 1731; x_wconf 86' lang='lat' dir='ltr'><strong>ut</strong></span> 
     </span>
    </p>
   </div>
   <div class='ocr_carea' id='block_1_32' title="bbox 2059 1763 3659 1835">
    <p class='ocr_par' dir='ltr' id='par_1_32' title="bbox 2059 1763 3659 1835">
     <span class='ocr_line' id='line_1_32' title="bbox 2059 1763 3659 1835; baseline 0.003 -18"><span class='ocrx_word' id='word_1_210' title='bbox 2059 1763 2317 1834; x_wconf 81' lang='lat' dir='ltr'><strong>deinceps</strong></span> <span class='ocrx_word' id='word_1_211' title='bbox 2362 1780 2556 1820; x_wconf 86' lang='lat' dir='ltr'><strong>omnes</strong></span> <span class='ocrx_word' id='word_1_212' title='bbox 2593 1781 2749 1835; x_wconf 82' lang='lat' dir='ltr'><strong>a-quo</strong></span> <span class='ocrx_word' id='word_1_213' title='bbox 2794 1767 3001 1820; x_wconf 88' lang='lat' dir='ltr'><strong>honore</strong></span> <span class='ocrx_word' id='word_1_214' title='bbox 3037 1767 3166 1823; x_wconf 89' lang='lat' dir='ltr'><strong>sint.</strong></span> <span class='ocrx_word' id='word_1_215' title='bbox 3201 1767 3412 1820; x_wconf 85' lang='lat' dir='ltr'><strong>Etenim</strong></span> <span class='ocrx_word' id='word_1_216' title='bbox 3447 1784 3511 1821; x_wconf 75' lang='lat' dir='ltr'><strong>ex</strong></span> <span class='ocrx_word' id='word_1_217' title='bbox 3550 1783 3659 1835; x_wconf 86' lang='lat' dir='ltr'><strong>quo</strong></span> 
     </span>
    </p>
   </div>
   <div class='ocr_carea' id='block_1_33' title="bbox 371 1843 3656 1925">
    <p class='ocr_par' dir='ltr' id='par_1_33' title="bbox 371 1843 3656 1925">
     <span class='ocr_line' id='line_1_33' title="bbox 371 1843 3656 1925; baseline 0.002 -22"><span class='ocrx_word' id='word_1_218' title='bbox 371 1864 460 1908; x_wconf 88' lang='grc' dir='ltr'>ιιιι·</span> <span class='ocrx_word' id='word_1_219' title='bbox 516 1869 580 1909; x_wconf 81' lang='lat' dir='ltr'><strong>ac</strong></span> <span class='ocrx_word' id='word_1_220' title='bbox 639 1863 1012 1925; x_wconf 75' lang='lat' dir='ltr'><strong>proteruntur,</strong></span> <span class='ocrx_word' id='word_1_221' title='bbox 1054 1857 1142 1911; x_wconf 81' lang='lat' dir='ltr'><strong>hic</strong></span> <span class='ocrx_word' id='word_1_222' title='bbox 1205 1868 1407 1922; x_wconf 66' lang='lat' dir='ltr'><strong>tamen,</strong></span> <span class='ocrx_word' id='word_1_223' title='bbox 1436 1859 1553 1919; x_wconf 67' lang='lat' dir='ltr'><strong>hoc</strong></span> <span class='ocrx_word' id='word_1_224' title='bbox 1586 1869 1690 1924; x_wconf 64' lang='grc' dir='ltr'>νει,</span> <span class='ocrx_word' id='word_1_225' title='bbox 1758 1862 1811 1915; x_wconf 83' lang='lat' dir='ltr'><strong>in</strong></span> <span class='ocrx_word' id='word_1_226' title='bbox 1851 1861 1950 1915; x_wconf 72' lang='lat' dir='ltr'><strong>ba.</strong></span> <span class='ocrx_word' id='word_1_227' title='bbox 1980 1843 2025 1903; x_wconf 81' lang='grc' dir='ltr'><strong>Β</strong></span> <span class='ocrx_word' id='word_1_228' title='bbox 2055 1854 2142 1907; x_wconf 81' lang='lat' dir='ltr'><strong>die</strong></span> <span class='ocrx_word' id='word_1_229' title='bbox 2169 1869 2264 1922; x_wconf 89' lang='lat' dir='ltr'><strong>per</strong></span> <span class='ocrx_word' id='word_1_230' title='bbox 2293 1854 2627 1923; x_wconf 88' lang='lat' dir='ltr'><strong>baptismum</strong></span> <span class='ocrx_word' id='word_1_231' title='bbox 2655 1855 2961 1923; x_wconf 75' lang='lat' dir='ltr'><strong>reiingrris,</strong></span> <span class='ocrx_word' id='word_1_232' title='bbox 2990 1856 3092 1909; x_wconf 86' lang='lat' dir='ltr'><strong>hoc</strong></span> <span class='ocrx_word' id='word_1_233' title='bbox 3130 1865 3234 1923; x_wconf 86' lang='lat' dir='ltr'><strong>est,</strong></span> <span class='ocrx_word' id='word_1_234' title='bbox 3274 1857 3342 1910; x_wconf 87' lang='lat' dir='ltr'><strong>ab</strong></span> <span class='ocrx_word' id='word_1_235' title='bbox 3365 1854 3656 1910; x_wconf 75' lang='lat' dir='ltr'><strong>afl‘cctuum</strong></span> 
     </span>
    </p>
   </div>
   <div class='ocr_carea' id='block_1_34' title="bbox 372 1948 1959 2024">
    <p class='ocr_par' dir='ltr' id='par_1_34' title="bbox 372 1948 1959 2024">
     <span class='ocr_line' id='line_1_34' title="bbox 372 1948 1959 2024; baseline 0.006 -25"><span class='ocrx_word' id='word_1_236' title='bbox 372 1948 569 2017; x_wconf 85' lang='lat' dir='ltr'><strong>ptismo</strong></span> <span class='ocrx_word' id='word_1_237' title='bbox 606 1961 670 2002; x_wconf 90' lang='lat' dir='ltr'><strong>ac</strong></span> <span class='ocrx_word' id='word_1_238' title='bbox 708 1948 831 2001; x_wconf 71' lang='lat' dir='ltr'><strong>vita:</strong></span> <span class='ocrx_word' id='word_1_239' title='bbox 865 1950 1123 2018; x_wconf 70' lang='lat' dir='ltr'><strong>degenda:</strong></span> <span class='ocrx_word' id='word_1_240' title='bbox 1174 1951 1421 2017; x_wconf 81' lang='lat' dir='ltr'><strong>ratione,</strong></span> <span class='ocrx_word' id='word_1_241' title='bbox 1472 1952 1745 2021; x_wconf 70' lang='lat' dir='ltr'><strong>copiosior</strong></span> <span class='ocrx_word' id='word_1_242' title='bbox 1796 1964 1959 2024; x_wconf 88' lang='lat' dir='ltr'><strong>atque</strong></span> 
     </span>
    </p>
   </div>
   <div class='ocr_carea' id='block_1_35' title="bbox 368 2041 1961 2112">
    <p class='ocr_par' dir='ltr' id='par_1_35' title="bbox 368 2041 1961 2112">
     <span class='ocr_line' id='line_1_35' title="bbox 368 2041 1961 2112; baseline 0.006 -20"><span class='ocrx_word' id='word_1_243' title='bbox 368 2041 680 2109; x_wconf 82' lang='lat' dir='ltr'><strong>opulentior</strong></span> <span class='ocrx_word' id='word_1_244' title='bbox 733 2042 821 2094; x_wconf 93' lang='lat' dir='ltr'><strong>ille</strong></span> <span class='ocrx_word' id='word_1_245' title='bbox 874 2050 977 2106; x_wconf 82' lang='lat' dir='ltr'><strong>est,</strong></span> <span class='ocrx_word' id='word_1_246' title='bbox 1037 2043 1129 2112; x_wconf 91' lang='lat' dir='ltr'><strong>qui</strong></span> <span class='ocrx_word' id='word_1_247' title='bbox 1197 2042 1389 2112; x_wconf 86' lang='lat' dir='ltr'><strong>majori</strong></span> <span class='ocrx_word' id='word_1_248' title='bbox 1441 2044 1609 2098; x_wconf 87' lang='lat' dir='ltr'><strong>animi</strong></span> <span class='ocrx_word' id='word_1_249' title='bbox 1677 2046 1961 2102; x_wconf 83' lang='lat' dir='ltr'><strong>alacritate</strong></span> 
     </span>
    </p>
   </div>
   <div class='ocr_carea' id='block_1_36' title="bbox 370 2128 756 2198">
    <p class='ocr_par' dir='ltr' id='par_1_36' title="bbox 370 2128 756 2198">
     <span class='ocr_line' id='line_1_36' title="bbox 370 2128 756 2198; baseline 0.003 -18"><span class='ocrx_word' id='word_1_250' title='bbox 370 2128 630 2198; x_wconf 68' lang='lat' dir='ltr'><strong>pra&#39;ditus</strong></span> <span class='ocrx_word' id='word_1_251' title='bbox 652 2138 756 2181; x_wconf 83' lang='lat' dir='ltr'><strong>est.</strong></span> 
     </span>
    </p>
   </div>
   <div class='ocr_carea' id='block_1_37' title="bbox 438 2219 1959 2297">
    <p class='ocr_par' dir='ltr' id='par_1_37' title="bbox 438 2219 1959 2297">
     <span class='ocr_line' id='line_1_37' title="bbox 438 2219 1959 2297; baseline 0.009 -25"><span class='ocrx_word' id='word_1_252' title='bbox 438 2219 555 2273; x_wconf 88' lang='lat' dir='ltr'><strong>Col.</strong></span> <span class='ocrx_word' id='word_1_253' title='bbox 591 2219 699 2275; x_wconf 73' lang='lat'><strong>393</strong></span> <span class='ocrx_word' id='word_1_254' title='bbox 724 2221 785 2276; x_wconf 79' lang='grc' dir='ltr'><strong>Α.</strong></span> <span class='ocrx_word' id='word_1_255' title='bbox 817 2219 973 2275; x_wconf 77' lang='lat' dir='ltr'><strong>Nihil</strong></span> <span class='ocrx_word' id='word_1_256' title='bbox 1000 2241 1339 2295; x_wconf 71' lang='lat' dir='ltr'><strong>progressum</strong></span> <span class='ocrx_word' id='word_1_257' title='bbox 1378 2237 1524 2281; x_wconf 82' lang='lat' dir='ltr'><strong>tuum</strong></span> <span class='ocrx_word' id='word_1_258' title='bbox 1552 2229 1807 2297; x_wconf 80' lang='lat' dir='ltr'><strong>inhibeat,</strong></span> <span class='ocrx_word' id='word_1_259' title='bbox 1854 2240 1959 2286; x_wconf 87' lang='lat' dir='ltr'><strong>etc.</strong></span> 
     </span>
    </p>
   </div>
   <div class='ocr_carea' id='block_1_38' title="bbox 365 2310 1959 2388">
    <p class='ocr_par' dir='ltr' id='par_1_38' title="bbox 365 2310 1959 2388">
     <span class='ocr_line' id='line_1_38' title="bbox 365 2310 1959 2388; baseline 0.009 -25"><span class='ocrx_word' id='word_1_260' title='bbox 365 2310 846 2375; x_wconf 80' lang='lat' dir='ltr'><strong>Quemadmodum</strong></span> <span class='ocrx_word' id='word_1_261' title='bbox 880 2311 1087 2368; x_wconf 84' lang='lat' dir='ltr'><strong>ferrum</strong></span> <span class='ocrx_word' id='word_1_262' title='bbox 1118 2317 1374 2383; x_wconf 70' lang='lat' dir='ltr'><strong>ignitum,</strong></span> <span class='ocrx_word' id='word_1_263' title='bbox 1422 2320 1666 2388; x_wconf 89' lang='lat' dir='ltr'><strong>quandiu</strong></span> <span class='ocrx_word' id='word_1_264' title='bbox 1708 2324 1870 2383; x_wconf 82' lang='lat' dir='ltr'><strong>calet,</strong></span> <span class='ocrx_word' id='word_1_265' title='bbox 1906 2324 1959 2377; x_wconf 92' lang='lat' dir='ltr'><strong>in</strong></span> 
     </span>
    </p>
   </div>
   <div class='ocr_carea' id='block_1_39' title="bbox 365 2406 1962 2481">
    <p class='ocr_par' dir='ltr' id='par_1_39' title="bbox 365 2406 1962 2481">
     <span class='ocr_line' id='line_1_39' title="bbox 365 2406 1962 2481; baseline 0.008 -22"><span class='ocrx_word' id='word_1_266' title='bbox 365 2421 564 2475; x_wconf 88' lang='lat' dir='ltr'><strong>aquam</strong></span> <span class='ocrx_word' id='word_1_267' title='bbox 608 2406 874 2477; x_wconf 86' lang='lat' dir='ltr'><strong>injicitur,</strong></span> <span class='ocrx_word' id='word_1_268' title='bbox 934 2422 991 2464; x_wconf 92' lang='lat' dir='ltr'><strong>ut</strong></span> <span class='ocrx_word' id='word_1_269' title='bbox 1046 2419 1414 2478; x_wconf 73' lang='lat' dir='ltr'><strong>temperetur;</strong></span> <span class='ocrx_word' id='word_1_270' title='bbox 1469 2428 1574 2466; x_wconf 88' lang='lat' dir='ltr'><strong>non</strong></span> <span class='ocrx_word' id='word_1_271' title='bbox 1613 2417 1786 2481; x_wconf 88' lang='lat' dir='ltr'><strong>enim,</strong></span> <span class='ocrx_word' id='word_1_272' title='bbox 1839 2432 1962 2471; x_wconf 90' lang='lat' dir='ltr'><strong>cum</strong></span> 
     </span>
    </p>
   </div>
   <div class='ocr_carea' id='block_1_40' title="bbox 367 2499 1961 2575">
    <p class='ocr_par' dir='ltr' id='par_1_40' title="bbox 367 2499 1961 2575">
     <span class='ocr_line' id='line_1_40' title="bbox 367 2499 1961 2575; baseline 0.005 -22"><span class='ocrx_word' id='word_1_273' title='bbox 367 2499 626 2564; x_wconf 76' lang='lat' dir='ltr'><strong>refrixit,</strong></span> <span class='ocrx_word' id='word_1_274' title='bbox 685 2501 980 2571; x_wconf 88' lang='lat' dir='ltr'><strong>temperari</strong></span> <span class='ocrx_word' id='word_1_275' title='bbox 1044 2511 1210 2572; x_wconf 86' lang='lat' dir='ltr'><strong>atque</strong></span> <span class='ocrx_word' id='word_1_276' title='bbox 1260 2505 1457 2558; x_wconf 81' lang='lat' dir='ltr'><strong>exacui</strong></span> <span class='ocrx_word' id='word_1_277' title='bbox 1512 2516 1737 2575; x_wconf 90' lang='lat' dir='ltr'><strong>potest:</strong></span> <span class='ocrx_word' id='word_1_278' title='bbox 1773 2509 1961 2563; x_wconf 88' lang='lat' dir='ltr'><strong>eodem</strong></span> 
     </span>
    </p>
   </div>
   <div class='ocr_carea' id='block_1_41' title="bbox 366 2594 1964 2670">
    <p class='ocr_par' dir='ltr' id='par_1_41' title="bbox 366 2594 1964 2670">
     <span class='ocr_line' id='line_1_41' title="bbox 366 2594 1964 2670; baseline 0.004 -22"><span class='ocrx_word' id='word_1_279' title='bbox 366 2594 535 2648; x_wconf 87' lang='lat' dir='ltr'><strong>modo</strong></span> <span class='ocrx_word' id='word_1_280' title='bbox 581 2603 634 2647; x_wconf 92' lang='lat' dir='ltr'><strong>tu</strong></span> <span class='ocrx_word' id='word_1_281' title='bbox 694 2610 915 2665; x_wconf 87' lang='lat' dir='ltr'><strong>quoque</strong></span> <span class='ocrx_word' id='word_1_282' title='bbox 962 2597 1207 2666; x_wconf 87' lang='lat' dir='ltr'><strong>quaudiu</strong></span> <span class='ocrx_word' id='word_1_283' title='bbox 1261 2607 1388 2652; x_wconf 87' lang='lat' dir='ltr'><strong>tuus</strong></span> <span class='ocrx_word' id='word_1_284' title='bbox 1445 2614 1572 2667; x_wconf 71' lang='lat' dir='ltr'><strong>erga</strong></span> <span class='ocrx_word' id='word_1_285' title='bbox 1632 2600 1964 2670; x_wconf 87' lang='lat' dir='ltr'><strong>baptismum</strong></span> 
     </span>
    </p>
   </div>
   <div class='ocr_carea' id='block_1_42' title="bbox 366 2685 1963 2761">
    <p class='ocr_par' dir='ltr' id='par_1_42' title="bbox 366 2685 1963 2761">
     <span class='ocr_line' id='line_1_42' title="bbox 366 2685 1963 2761; baseline 0.006 -23"><span class='ocrx_word' id='word_1_286' title='bbox 366 2685 538 2739; x_wconf 79' lang='lat' dir='ltr'><strong>animi</strong></span> <span class='ocrx_word' id='word_1_287' title='bbox 582 2685 761 2741; x_wconf 87' lang='lat' dir='ltr'><strong>fervor</strong></span> <span class='ocrx_word' id='word_1_288' title='bbox 799 2702 905 2741; x_wconf 89' lang='lat' dir='ltr'><strong>non</strong></span> <span class='ocrx_word' id='word_1_289' title='bbox 938 2687 1174 2759; x_wconf 74' lang='lat' dir='ltr'><strong>intepuit</strong></span> <span class='ocrx_word' id='word_1_290' title='bbox 1218 2704 1396 2755; x_wconf 76' lang='lat' dir='ltr'><strong>neque</strong></span> <span class='ocrx_word' id='word_1_291' title='bbox 1430 2691 1678 2755; x_wconf 85' lang='lat' dir='ltr'><strong>refrixit,</strong></span> <span class='ocrx_word' id='word_1_292' title='bbox 1712 2691 1797 2746; x_wconf 79' lang='lat' dir='ltr'><strong>fac</strong></span> <span class='ocrx_word' id='word_1_293' title='bbox 1830 2692 1963 2761; x_wconf 85' lang='lat' dir='ltr'><strong>bap-</strong></span> 
     </span>
    </p>
   </div>
   <div class='ocr_carea' id='block_1_43' title="bbox 370 2779 1965 2854">
    <p class='ocr_par' dir='ltr' id='par_1_43' title="bbox 370 2779 1965 2854">
     <span class='ocr_line' id='line_1_43' title="bbox 370 2779 1965 2854; baseline 0.006 -23"><span class='ocrx_word' id='word_1_294' title='bbox 370 2779 520 2833; x_wconf 83' lang='lat' dir='ltr'><strong>tismi</strong></span> <span class='ocrx_word' id='word_1_295' title='bbox 548 2796 688 2848; x_wconf 87' lang='lat' dir='ltr'><strong>aqua</strong></span> <span class='ocrx_word' id='word_1_296' title='bbox 727 2781 1066 2851; x_wconf 87' lang='lat' dir='ltr'><strong>Iempereris.</strong></span> <span class='ocrx_word' id='word_1_297' title='bbox 1104 2781 1240 2837; x_wconf 82' lang='lat' dir='ltr'><strong>Nam</strong></span> <span class='ocrx_word' id='word_1_298' title='bbox 1280 2784 1368 2839; x_wconf 93' lang='lat' dir='ltr'><strong>hic</strong></span> <span class='ocrx_word' id='word_1_299' title='bbox 1412 2801 1632 2854; x_wconf 84' lang='lat' dir='ltr'><strong>quoque</strong></span> <span class='ocrx_word' id='word_1_300' title='bbox 1682 2787 1965 2841; x_wconf 77' lang='lat' dir='ltr'><strong>mollitiem</strong></span> 
     </span>
    </p>
   </div>
   <div class='ocr_carea' id='block_1_44' title="bbox 367 2873 1966 2948">
    <p class='ocr_par' dir='ltr' id='par_1_44' title="bbox 367 2873 1966 2948">
     <span class='ocr_line' id='line_1_44' title="bbox 367 2873 1966 2948; baseline 0.005 -21"><span class='ocrx_word' id='word_1_301' title='bbox 367 2873 515 2927; x_wconf 86' lang='lat' dir='ltr'><strong>illam</strong></span> <span class='ocrx_word' id='word_1_302' title='bbox 536 2874 729 2936; x_wconf 83' lang='lat' dir='ltr'><strong>animi,</strong></span> <span class='ocrx_word' id='word_1_303' title='bbox 751 2889 857 2943; x_wconf 89' lang='lat' dir='ltr'><strong>qua</strong></span> <span class='ocrx_word' id='word_1_304' title='bbox 881 2877 1397 2945; x_wconf 87' lang='lat' dir='ltr'><strong>perturbationibus</strong></span> <span class='ocrx_word' id='word_1_305' title='bbox 1422 2878 1678 2948; x_wconf 84' lang='lat' dir='ltr'><strong>vitiisque</strong></span> <span class='ocrx_word' id='word_1_306' title='bbox 1696 2881 1966 2935; x_wconf 83' lang='lat' dir='ltr'><strong>laxamur.</strong></span> 
     </span>
    </p>
   </div>
   <div class='ocr_carea' id='block_1_45' title="bbox 369 2964 1967 3039">
    <p class='ocr_par' dir='ltr' id='par_1_45' title="bbox 369 2964 1967 3039">
     <span class='ocr_line' id='line_1_45' title="bbox 369 2964 1967 3039; baseline 0.004 -18"><span class='ocrx_word' id='word_1_307' title='bbox 369 2964 623 3021; x_wconf 87' lang='lat' dir='ltr'><strong>obdurat.</strong></span> <span class='ocrx_word' id='word_1_308' title='bbox 659 2965 722 3019; x_wconf 87' lang='lat' dir='ltr'><strong>Et</strong></span> <span class='ocrx_word' id='word_1_309' title='bbox 747 2967 1213 3035; x_wconf 81' lang='lat' dir='ltr'><strong>quemadmodum</strong></span> <span class='ocrx_word' id='word_1_310' title='bbox 1243 2967 1504 3039; x_wconf 65' lang='lat' dir='ltr'><strong>Ethiops</strong></span> <span class='ocrx_word' id='word_1_311' title='bbox 1534 2971 1622 3024; x_wconf 87' lang='lat' dir='ltr'><strong>ille</strong></span> <span class='ocrx_word' id='word_1_312' title='bbox 1653 2970 1967 3036; x_wconf 89' lang='lat' dir='ltr'><strong>eunuchus,</strong></span> 
     </span>
    </p>
   </div>
   <div class='ocr_carea' id='block_1_46' title="bbox 370 3058 1969 3131">
    <p class='ocr_par' dir='ltr' id='par_1_46' title="bbox 370 3058 1969 3131">
     <span class='ocr_line' id='line_1_46' title="bbox 370 3058 1969 3131; baseline 0.004 -19"><span class='ocrx_word' id='word_1_313' title='bbox 370 3058 530 3127; x_wconf 78' lang='lat' dir='ltr'><strong>cujus</strong></span> <span class='ocrx_word' id='word_1_314' title='bbox 583 3058 637 3111; x_wconf 93' lang='lat' dir='ltr'><strong>iu</strong></span> <span class='ocrx_word' id='word_1_315' title='bbox 694 3059 927 3113; x_wconf 81' lang='lat' dir='ltr'><strong>Actuum</strong></span> <span class='ocrx_word' id='word_1_316' title='bbox 963 3059 1104 3114; x_wconf 87' lang='lat' dir='ltr'><strong>libro</strong></span> <span class='ocrx_word' id='word_1_317' title='bbox 1155 3062 1488 3116; x_wconf 89' lang='lat' dir='ltr'><strong>mentionem</strong></span> <span class='ocrx_word' id='word_1_318' title='bbox 1522 3061 1704 3118; x_wconf 88' lang='lat' dir='ltr'><strong>Lucas</strong></span> <span class='ocrx_word' id='word_1_319' title='bbox 1745 3063 1875 3118; x_wconf 89' lang='lat' dir='ltr'><strong>facit</strong></span> <span class='ocrx_word' id='word_1_320' title='bbox 1900 3064 1969 3131; x_wconf 76' lang='grc'><strong>⁸³,</strong></span> 
     </span>
    </p>
   </div>
   <div class='ocr_carea' id='block_1_47' title="bbox 368 3153 1969 3227">
    <p class='ocr_par' dir='ltr' id='par_1_47' title="bbox 368 3153 1969 3227">
     <span class='ocr_line' id='line_1_47' title="bbox 368 3153 1969 3227; baseline 0.004 -21"><span class='ocrx_word' id='word_1_321' title='bbox 368 3158 560 3222; x_wconf 88' lang='lat' dir='ltr'><strong>postea</strong></span> <span class='ocrx_word' id='word_1_322' title='bbox 594 3164 758 3221; x_wconf 89' lang='lat' dir='ltr'><strong>quam</strong></span> <span class='ocrx_word' id='word_1_323' title='bbox 793 3153 1095 3222; x_wconf 78' lang='lat' dir='ltr'><strong>evangelici</strong></span> <span class='ocrx_word' id='word_1_324' title='bbox 1127 3155 1279 3223; x_wconf 79' lang='lat' dir='ltr'><strong>regni</strong></span> <span class='ocrx_word' id='word_1_325' title='bbox 1314 3154 1624 3210; x_wconf 83' lang='lat' dir='ltr'><strong>doctrinam</strong></span> <span class='ocrx_word' id='word_1_326' title='bbox 1662 3173 1691 3211; x_wconf 89' lang='lat' dir='ltr'><strong>a</strong></span> <span class='ocrx_word' id='word_1_327' title='bbox 1717 3156 1969 3227; x_wconf 73' lang='lat' dir='ltr'><strong>Philippo</strong></span> 
     </span>
    </p>
   </div>
   <div class='ocr_carea' id='block_1_48' title="bbox 370 3243 1967 3317">
    <p class='ocr_par' dir='ltr' id='par_1_48' title="bbox 370 3243 1967 3317">
     <span class='ocr_line' id='line_1_48' title="bbox 370 3243 1967 3317; baseline 0.003 -18"><span class='ocrx_word' id='word_1_328' title='bbox 370 3244 577 3305; x_wconf 78' lang='lat' dir='ltr'><strong>hausit,</strong></span> <span class='ocrx_word' id='word_1_329' title='bbox 597 3243 846 3314; x_wconf 87' lang='lat' dir='ltr'><strong>protinus</strong></span> <span class='ocrx_word' id='word_1_330' title='bbox 873 3244 1034 3299; x_wconf 86' lang='lat' dir='ltr'><strong>fidem</strong></span> <span class='ocrx_word' id='word_1_331' title='bbox 1061 3244 1225 3300; x_wconf 90' lang='lat' dir='ltr'><strong>corde</strong></span> <span class='ocrx_word' id='word_1_332' title='bbox 1250 3247 1481 3316; x_wconf 87' lang='lat' dir='ltr'><strong>accepit,</strong></span> <span class='ocrx_word' id='word_1_333' title='bbox 1508 3264 1606 3303; x_wconf 88' lang='lat' dir='ltr'><strong>nec</strong></span> <span class='ocrx_word' id='word_1_334' title='bbox 1627 3248 1867 3317; x_wconf 88' lang='lat' dir='ltr'><strong>Spiritus</strong></span> <span class='ocrx_word' id='word_1_335' title='bbox 1890 3250 1967 3303; x_wconf 88' lang='lat' dir='ltr'><strong>si-</strong></span> 
     </span>
    </p>
   </div>
   <div class='ocr_carea' id='block_1_49' title="bbox 371 3334 1965 3409">
    <p class='ocr_par' dir='ltr' id='par_1_49' title="bbox 371 3334 1965 3409">
     <span class='ocr_line' id='line_1_49' title="bbox 371 3334 1965 3409; baseline 0.004 -21"><span class='ocrx_word' id='word_1_336' title='bbox 371 3335 664 3406; x_wconf 68' lang='lat' dir='ltr'><strong>gnaculum</strong></span> <span class='ocrx_word' id='word_1_337' title='bbox 680 3334 1108 3402; x_wconf 75' lang='lat' dir='ltr'><strong>distulit,rerum</strong></span> <span class='ocrx_word' id='word_1_338' title='bbox 1127 3337 1288 3391; x_wconf 89' lang='lat' dir='ltr'><strong>simul</strong></span> <span class='ocrx_word' id='word_1_339' title='bbox 1308 3347 1472 3409; x_wconf 87' lang='lat' dir='ltr'><strong>atque</strong></span> <span class='ocrx_word' id='word_1_340' title='bbox 1490 3340 1700 3408; x_wconf 83' lang='lat' dir='ltr'><strong>objecta</strong></span> <span class='ocrx_word' id='word_1_341' title='bbox 1721 3341 1965 3409; x_wconf 85' lang='lat' dir='ltr'><strong>ipsorqu</strong></span> 
     </span>
    </p>
   </div>
   <div class='ocr_carea' id='block_1_50' title="bbox 372 3427 1963 3500">
    <p class='ocr_par' dir='ltr' id='par_1_50' title="bbox 372 3427 1963 3500">
     <span class='ocr_line' id='line_1_50' title="bbox 372 3427 1963 3500; baseline 0.006 -22"><span class='ocrx_word' id='word_1_342' title='bbox 372 3427 549 3481; x_wconf 80' lang='lat' dir='ltr'><strong>rculis</strong></span> <span class='ocrx_word' id='word_1_343' title='bbox 578 3442 720 3496; x_wconf 87' lang='lat' dir='ltr'><strong>aqua</strong></span> <span class='ocrx_word' id='word_1_344' title='bbox 762 3437 865 3492; x_wconf 88' lang='lat' dir='ltr'><strong>est,</strong></span> <span class='ocrx_word' id='word_1_345' title='bbox 899 3429 1036 3483; x_wconf 83' lang='lat' dir='ltr'><strong>mira</strong></span> <span class='ocrx_word' id='word_1_346' title='bbox 1073 3429 1240 3483; x_wconf 89' lang='lat' dir='ltr'><strong>animi</strong></span> <span class='ocrx_word' id='word_1_347' title='bbox 1273 3429 1460 3485; x_wconf 64' lang='lat' dir='ltr'><strong>laetitia</strong></span> <span class='ocrx_word' id='word_1_348' title='bbox 1493 3431 1767 3500; x_wconf 80' lang='lat' dir='ltr'><strong>perfusus,</strong></span> <span class='ocrx_word' id='word_1_349' title='bbox 1794 3432 1963 3489; x_wconf 85' lang='lat' dir='ltr'><strong>dixit:</strong></span> 
     </span>
    </p>
   </div>
   <div class='ocr_carea' id='block_1_51' title="bbox 374 3519 1967 3596">
    <p class='ocr_par' dir='ltr' id='par_1_51' title="bbox 374 3519 1967 3596">
     <span class='ocr_line' id='line_1_51' title="bbox 374 3519 1967 3596; baseline 0.005 -22"><span class='ocrx_word' id='word_1_350' title='bbox 374 3519 512 3575; x_wconf 84' lang='lat' dir='ltr'><strong>Ecce</strong></span> <span class='ocrx_word' id='word_1_351' title='bbox 548 3536 726 3591; x_wconf 83' lang='lat' dir='ltr'><strong>aqua,</strong></span> <span class='ocrx_word' id='word_1_352' title='bbox 766 3519 821 3574; x_wconf 90' lang='lat' dir='ltr'><strong>id</strong></span> <span class='ocrx_word' id='word_1_353' title='bbox 858 3521 1109 3576; x_wconf 86' lang='lat' dir='ltr'><strong>videlicet</strong></span> <span class='ocrx_word' id='word_1_354' title='bbox 1143 3522 1286 3592; x_wconf 89' lang='lat' dir='ltr'><strong>quod</strong></span> <span class='ocrx_word' id='word_1_355' title='bbox 1335 3525 1689 3593; x_wconf 79' lang='lat' dir='ltr'><strong>expetebam,</strong></span> <span class='ocrx_word' id='word_1_356' title='bbox 1721 3527 1849 3596; x_wconf 85' lang='lat' dir='ltr'><strong>quid</strong></span> <span class='ocrx_word' id='word_1_357' title='bbox 1888 3545 1967 3582; x_wconf 85' lang='lat' dir='ltr'><strong>me</strong></span> 
     </span>
    </p>
   </div>
   <div class='ocr_carea' id='block_1_52' title="bbox 371 3611 1954 3688">
    <p class='ocr_par' dir='ltr' id='par_1_52' title="bbox 371 3611 1954 3688">
     <span class='ocr_line' id='line_1_52' title="bbox 371 3611 1954 3688; baseline 0.006 -23"><span class='ocrx_word' id='word_1_358' title='bbox 371 3611 610 3683; x_wconf 75' lang='lat' dir='ltr'><strong>prohibet</strong></span> <span class='ocrx_word' id='word_1_359' title='bbox 647 3613 955 3682; x_wconf 81' lang='lat' dir='ltr'><strong>baptizari?</strong></span> <span class='ocrx_word' id='word_1_360' title='bbox 987 3614 1176 3669; x_wconf 87' lang='lat' dir='ltr'><strong>eodem</strong></span> <span class='ocrx_word' id='word_1_361' title='bbox 1204 3618 1364 3669; x_wconf 72' lang='lat' dir='ltr'><strong>modo</strong></span> <span class='ocrx_word' id='word_1_362' title='bbox 1398 3625 1452 3670; x_wconf 92' lang='lat' dir='ltr'><strong>tu</strong></span> <span class='ocrx_word' id='word_1_363' title='bbox 1496 3632 1714 3688; x_wconf 86' lang='lat' dir='ltr'><strong>quoque</strong></span> <span class='ocrx_word' id='word_1_364' title='bbox 1767 3617 1954 3674; x_wconf 89' lang='lat' dir='ltr'><strong>facito.</strong></span> 
     </span>
    </p>
   </div>
   <div class='ocr_carea' id='block_1_53' title="bbox 372 3704 1968 3778">
    <p class='ocr_par' dir='ltr' id='par_1_53' title="bbox 372 3704 1968 3778">
     <span class='ocr_line' id='line_1_53' title="bbox 372 3704 1968 3778; baseline 0.004 -19"><span class='ocrx_word' id='word_1_365' title='bbox 372 3704 451 3759; x_wconf 81' lang='lat' dir='ltr'><strong>Ne</strong></span> <span class='ocrx_word' id='word_1_366' title='bbox 474 3706 630 3761; x_wconf 88' lang='lat' dir='ltr'><strong>dicas</strong></span> <span class='ocrx_word' id='word_1_367' title='bbox 662 3722 675 3759; x_wconf 76' lang='grc' dir='ltr'>ε</span> <span class='ocrx_word' id='word_1_368' title='bbox 712 3705 1017 3778; x_wconf 88' lang='lat' dir='ltr'><strong>Episcopus</strong></span> <span class='ocrx_word' id='word_1_369' title='bbox 1052 3722 1139 3761; x_wconf 92' lang='lat' dir='ltr'><strong>me</strong></span> <span class='ocrx_word' id='word_1_370' title='bbox 1174 3707 1434 3777; x_wconf 84' lang='lat' dir='ltr'><strong>baptizet,</strong></span> <span class='ocrx_word' id='word_1_371' title='bbox 1480 3720 1643 3777; x_wconf 89' lang='lat' dir='ltr'><strong>atque</strong></span> <span class='ocrx_word' id='word_1_372' title='bbox 1690 3710 1735 3765; x_wconf 90' lang='lat' dir='ltr'><strong>is</strong></span> <span class='ocrx_word' id='word_1_373' title='bbox 1773 3709 1968 3766; x_wconf 81' lang='lat' dir='ltr'><strong>lliero-</strong></span> 
     </span>
    </p>
   </div>
   <div class='ocr_carea' id='block_1_54' title="bbox 374 3798 1969 3870">
    <p class='ocr_par' dir='ltr' id='par_1_54' title="bbox 374 3798 1969 3870">
     <span class='ocr_line' id='line_1_54' title="bbox 374 3798 1969 3870; baseline 0.004 -16"><span class='ocrx_word' id='word_1_374' title='bbox 374 3798 763 3870; x_wconf 83' lang='lat' dir='ltr'><strong>solymitanus,</strong></span> <span class='ocrx_word' id='word_1_375' title='bbox 794 3810 846 3855; x_wconf 87' lang='lat' dir='ltr'><strong>et</strong></span> <span class='ocrx_word' id='word_1_376' title='bbox 873 3801 1159 3856; x_wconf 86' lang='lat' dir='ltr'><strong>nobilitate</strong></span> <span class='ocrx_word' id='word_1_377' title='bbox 1187 3802 1391 3865; x_wconf 84' lang='lat' dir='ltr'><strong>clarus,</strong></span> <span class='ocrx_word' id='word_1_378' title='bbox 1419 3813 1476 3858; x_wconf 90' lang='lat' dir='ltr'><strong>et</strong></span> <span class='ocrx_word' id='word_1_379' title='bbox 1505 3805 1841 3859; x_wconf 88' lang='lat' dir='ltr'><strong>matrimonii</strong></span> <span class='ocrx_word' id='word_1_380' title='bbox 1872 3820 1969 3860; x_wconf 79' lang='lat' dir='ltr'><strong>ex-</strong></span> 
     </span>
    </p>
   </div>
   <div class='ocr_carea' id='block_1_55' title="bbox 374 3892 1968 3963">
    <p class='ocr_par' dir='ltr' id='par_1_55' title="bbox 374 3892 1968 3963">
     <span class='ocr_line' id='line_1_55' title="bbox 374 3892 1968 3963; baseline 0.003 -18"><span class='ocrx_word' id='word_1_381' title='bbox 374 3906 498 3958; x_wconf 78' lang='lat' dir='ltr'><strong>pera</strong></span> <span class='ocrx_word' id='word_1_382' title='bbox 567 3900 627 3944; x_wconf 94' lang='lat' dir='ltr'><strong>ut</strong></span> <span class='ocrx_word' id='word_1_383' title='bbox 700 3906 801 3947; x_wconf 87' lang='lat' dir='ltr'><strong>nec</strong></span> <span class='ocrx_word' id='word_1_384' title='bbox 875 3901 1096 3962; x_wconf 86' lang='lat' dir='ltr'><strong>propter</strong></span> <span class='ocrx_word' id='word_1_385' title='bbox 1158 3892 1490 3963; x_wconf 87' lang='lat' dir='ltr'><strong>baptizantis</strong></span> <span class='ocrx_word' id='word_1_386' title='bbox 1563 3895 1833 3950; x_wconf 81' lang='lat' dir='ltr'><strong>vilitatem</strong></span> <span class='ocrx_word' id='word_1_387' title='bbox 1912 3906 1968 3951; x_wconf 87' lang='lat' dir='ltr'><strong>et</strong></span> 
     </span>
    </p>
   </div>
   <div class='ocr_carea' id='block_1_56' title="bbox 328 3983 1968 4059">
    <p class='ocr_par' dir='ltr' id='par_1_56' title="bbox 328 3983 1968 4059">
     <span class='ocr_line' id='line_1_56' title="bbox 328 3983 1968 4059; baseline 0.004 -23"><span class='ocrx_word' id='word_1_388' title='bbox 328 4014 335 4019; x_wconf 88' lang='lat'><strong><em>-</em></strong></span> <span class='ocrx_word' id='word_1_389' title='bbox 374 3983 564 4036; x_wconf 86' lang='lat' dir='ltr'><strong>talium</strong></span> <span class='ocrx_word' id='word_1_390' title='bbox 594 3984 987 4039; x_wconf 88' lang='lat' dir='ltr'><strong>obscuritatem</strong></span> <span class='ocrx_word' id='word_1_391' title='bbox 1022 3983 1284 4059; x_wconf 75' lang='lat' dir='ltr'><strong>nobilitas</strong></span> <span class='ocrx_word' id='word_1_392' title='bbox 1317 4000 1434 4041; x_wconf 91' lang='lat' dir='ltr'><strong>mea</strong></span> <span class='ocrx_word' id='word_1_393' title='bbox 1460 3986 1841 4054; x_wconf 86' lang='lat' dir='ltr'><strong>dedecorctur,</strong></span> <span class='ocrx_word' id='word_1_394' title='bbox 1870 4003 1968 4043; x_wconf 89' lang='lat' dir='ltr'><strong>nec</strong></span> 
     </span>
    </p>
   </div>
   <div class='ocr_carea' id='block_1_57' title="bbox 375 4075 1963 4150">
    <p class='ocr_par' dir='ltr' id='par_1_57' title="bbox 375 4075 1963 4150">
     <span class='ocr_line' id='line_1_57' title="bbox 375 4075 1963 4150; baseline 0.003 -21"><span class='ocrx_word' id='word_1_395' title='bbox 375 4076 422 4129; x_wconf 87' lang='lat' dir='ltr'><strong>si</strong></span> <span class='ocrx_word' id='word_1_396' title='bbox 444 4077 510 4130; x_wconf 89' lang='lat' dir='ltr'><strong>ab</strong></span> <span class='ocrx_word' id='word_1_397' title='bbox 541 4075 768 4148; x_wconf 83' lang='lat' dir='ltr'><strong>indigno</strong></span> <span class='ocrx_word' id='word_1_398' title='bbox 793 4078 1017 4132; x_wconf 87' lang='lat' dir='ltr'><strong>homine</strong></span> <span class='ocrx_word' id='word_1_399' title='bbox 1044 4077 1315 4147; x_wconf 86' lang='lat' dir='ltr'><strong>baptizer,</strong></span> <span class='ocrx_word' id='word_1_400' title='bbox 1343 4079 1600 4134; x_wconf 89' lang='lat' dir='ltr'><strong>sordibus</strong></span> <span class='ocrx_word' id='word_1_401' title='bbox 1622 4079 1963 4150; x_wconf 88' lang='lat' dir='ltr'><strong>inquinetur.</strong></span> 
     </span>
    </p>
   </div>
   <div class='ocr_carea' id='block_1_58' title="bbox 376 4166 1971 4241">
    <p class='ocr_par' dir='ltr' id='par_1_58' title="bbox 376 4166 1971 4241">
     <span class='ocr_line' id='line_1_58' title="bbox 376 4166 1971 4241; baseline 0.003 -19"><span class='ocrx_word' id='word_1_402' title='bbox 376 4166 495 4222; x_wconf 75' lang='lat' dir='ltr'><strong>Noli</strong></span> <span class='ocrx_word' id='word_1_403' title='bbox 538 4184 729 4224; x_wconf 89' lang='lat' dir='ltr'><strong>eorum</strong></span> <span class='ocrx_word' id='word_1_404' title='bbox 764 4171 855 4240; x_wconf 90' lang='lat' dir='ltr'><strong>qui</strong></span> <span class='ocrx_word' id='word_1_405' title='bbox 889 4170 1193 4240; x_wconf 85' lang='lat' dir='ltr'><strong>baptizant,</strong></span> <span class='ocrx_word' id='word_1_406' title='bbox 1227 4171 1367 4226; x_wconf 81' lang='lat' dir='ltr'><strong>vitas</strong></span> <span class='ocrx_word' id='word_1_407' title='bbox 1406 4171 1640 4226; x_wconf 88' lang='lat' dir='ltr'><strong>scrutari</strong></span> <span class='ocrx_word' id='word_1_408' title='bbox 1677 4181 1842 4241; x_wconf 86' lang='lat' dir='ltr'><strong>atque</strong></span> <span class='ocrx_word' id='word_1_409' title='bbox 1882 4172 1971 4226; x_wconf 88' lang='lat' dir='ltr'><strong>in-</strong></span> 
     </span>
    </p>
   </div>
   <div class='ocr_carea' id='block_1_59' title="bbox 376 4260 1965 4334">
    <p class='ocr_par' dir='ltr' id='par_1_59' title="bbox 376 4260 1965 4334">
     <span class='ocr_line' id='line_1_59' title="bbox 376 4260 1965 4334; baseline 0.003 -20"><span class='ocrx_word' id='word_1_410' title='bbox 376 4262 620 4328; x_wconf 84' lang='lat' dir='ltr'><strong>quirere.</strong></span> <span class='ocrx_word' id='word_1_411' title='bbox 680 4260 894 4317; x_wconf 87' lang='lat' dir='ltr'><strong>Etenim</strong></span> <span class='ocrx_word' id='word_1_412' title='bbox 925 4301 941 4326; x_wconf 94' lang='lat'><strong>,</strong></span> <span class='ocrx_word' id='word_1_413' title='bbox 978 4263 1133 4317; x_wconf 83' lang='lat' dir='ltr'><strong>homo</strong></span> <span class='ocrx_word' id='word_1_414' title='bbox 1158 4304 1173 4329; x_wconf 94' lang='lat'><strong>,</strong></span> <span class='ocrx_word' id='word_1_415' title='bbox 1227 4272 1285 4318; x_wconf 90' lang='lat' dir='ltr'><strong>ut</strong></span> <span class='ocrx_word' id='word_1_416' title='bbox 1321 4279 1351 4317; x_wconf 91' lang='lat' dir='ltr'><strong>a</strong></span> <span class='ocrx_word' id='word_1_417' title='bbox 1393 4262 1651 4319; x_wconf 89' lang='lat' dir='ltr'><strong>Samuele</strong></span> <span class='ocrx_word' id='word_1_418' title='bbox 1688 4264 1709 4319; x_wconf 92' lang='lat' dir='ltr'><strong>l</strong></span> <span class='ocrx_word' id='word_1_419' title='bbox 1758 4265 1965 4334; x_wconf 79' lang='lat' dir='ltr'><strong>ltegum</strong></span> 
     </span>
    </p>
   </div>
   <div class='ocr_carea' id='block_1_60' title="bbox 377 4353 1965 4424">
    <p class='ocr_par' dir='ltr' id='par_1_60' title="bbox 377 4353 1965 4424">
     <span class='ocr_line' id='line_1_60' title="bbox 377 4353 1965 4424; baseline 0.004 -17"><span class='ocrx_word' id='word_1_420' title='bbox 377 4353 584 4407; x_wconf 87' lang='lat' dir='ltr'><strong>dictum</strong></span> <span class='ocrx_word' id='word_1_421' title='bbox 617 4364 733 4419; x_wconf 89' lang='lat' dir='ltr'><strong>est,</strong></span> <span class='ocrx_word' id='word_1_422' title='bbox 766 4355 904 4410; x_wconf 81' lang='lat' dir='ltr'><strong>videt</strong></span> <span class='ocrx_word' id='word_1_423' title='bbox 936 4357 990 4409; x_wconf 84' lang='lat' dir='ltr'><strong>iu</strong></span> <span class='ocrx_word' id='word_1_424' title='bbox 1024 4355 1237 4424; x_wconf 80' lang='lat' dir='ltr'><strong>faciem,</strong></span> <span class='ocrx_word' id='word_1_425' title='bbox 1286 4355 1423 4409; x_wconf 81' lang='lat' dir='ltr'><strong>Dem</strong></span> <span class='ocrx_word' id='word_1_426' title='bbox 1468 4366 1646 4408; x_wconf 81' lang='lat' dir='ltr'><strong>autem</strong></span> <span class='ocrx_word' id='word_1_427' title='bbox 1678 4357 1731 4409; x_wconf 85' lang='lat' dir='ltr'><strong>in</strong></span> <span class='ocrx_word' id='word_1_428' title='bbox 1770 4371 1862 4409; x_wconf 86' lang='lat' dir='ltr'><strong>cor</strong></span> <span class='ocrx_word' id='word_1_429' title='bbox 1896 4354 1965 4413; x_wconf 81' lang='lat'><strong>&quot;.</strong></span> 
     </span>
    </p>
   </div>
   <div class='ocr_carea' id='block_1_61' title="bbox 379 4446 1964 4518">
    <p class='ocr_par' dir='ltr' id='par_1_61' title="bbox 379 4446 1964 4518">
     <span class='ocr_line' id='line_1_61' title="bbox 379 4446 1964 4518; baseline 0.003 -21"><span class='ocrx_word' id='word_1_430' title='bbox 379 4447 485 4499; x_wconf 86' lang='lat' dir='ltr'><strong>hoc</strong></span> <span class='ocrx_word' id='word_1_431' title='bbox 521 4453 645 4512; x_wconf 91' lang='lat' dir='ltr'><strong>cst,</strong></span> <span class='ocrx_word' id='word_1_432' title='bbox 688 4446 852 4502; x_wconf 84' lang='lat' dir='ltr'><strong>homo</strong></span> <span class='ocrx_word' id='word_1_433' title='bbox 890 4462 952 4502; x_wconf 84' lang='lat' dir='ltr'><strong>ea</strong></span> <span class='ocrx_word' id='word_1_434' title='bbox 1001 4463 1125 4518; x_wconf 77' lang='lat' dir='ltr'><strong>quae</strong></span> <span class='ocrx_word' id='word_1_435' title='bbox 1168 4449 1346 4503; x_wconf 89' lang='lat' dir='ltr'><strong>oculis</strong></span> <span class='ocrx_word' id='word_1_436' title='bbox 1392 4447 1736 4508; x_wconf 74' lang='lat' dir='ltr'><strong>offeruntur,</strong></span> <span class='ocrx_word' id='word_1_437' title='bbox 1769 4446 1964 4512; x_wconf 87' lang='lat' dir='ltr'><strong>cernit,</strong></span> 
     </span>
    </p>
   </div>
   <div class='ocr_carea' id='block_1_62' title="bbox 379 4536 2048 4628">
    <p class='ocr_par' dir='ltr' id='par_1_62' title="bbox 379 4536 2048 4628">
     <span class='ocr_line' id='line_1_62' title="bbox 379 4536 2048 4628; baseline 0.004 -39"><span class='ocrx_word' id='word_1_438' title='bbox 379 4536 525 4593; x_wconf 68' lang='lat' dir='ltr'><strong>Dvus</strong></span> <span class='ocrx_word' id='word_1_439' title='bbox 583 4547 763 4592; x_wconf 81' lang='lat' dir='ltr'><strong>autem</strong></span> <span class='ocrx_word' id='word_1_440' title='bbox 816 4539 1016 4595; x_wconf 86' lang='lat' dir='ltr'><strong>mentis</strong></span> <span class='ocrx_word' id='word_1_441' title='bbox 1070 4540 1252 4594; x_wconf 88' lang='lat' dir='ltr'><strong>abdita</strong></span> <span class='ocrx_word' id='word_1_442' title='bbox 1290 4540 1556 4595; x_wconf 84' lang='lat' dir='ltr'><strong>intuetur.</strong></span> <span class='ocrx_word' id='word_1_443' title='bbox 1588 4538 1709 4594; x_wconf 85' lang='lat' dir='ltr'><strong>Noli</strong></span> <span class='ocrx_word' id='word_1_444' title='bbox 1738 4540 1965 4595; x_wconf 91' lang='lat' dir='ltr'><strong>nimium</strong></span> <span class='ocrx_word' id='word_1_445' title='bbox 1996 4567 2048 4628; x_wconf 80' lang='lat' dir='ltr'><strong>D</strong></span> 
     </span>
    </p>
   </div>
   <div class='ocr_carea' id='block_1_63' title="bbox 379 4628 1964 4704">
    <p class='ocr_par' dir='ltr' id='par_1_63' title="bbox 379 4628 1964 4704">
     <span class='ocr_line' id='line_1_63' title="bbox 379 4628 1964 4704; baseline 0.004 -24"><span class='ocrx_word' id='word_1_446' title='bbox 379 4628 543 4683; x_wconf 78' lang='lat' dir='ltr'><strong>anxie</strong></span> <span class='ocrx_word' id='word_1_447' title='bbox 573 4644 636 4684; x_wconf 89' lang='lat' dir='ltr'><strong>ac</strong></span> <span class='ocrx_word' id='word_1_448' title='bbox 667 4630 885 4687; x_wconf 86' lang='lat' dir='ltr'><strong>curiose</strong></span> <span class='ocrx_word' id='word_1_449' title='bbox 922 4631 1254 4702; x_wconf 84' lang='lat' dir='ltr'><strong>baptizantis</strong></span> <span class='ocrx_word' id='word_1_450' title='bbox 1285 4636 1521 4701; x_wconf 87' lang='lat' dir='ltr'><strong>pretium</strong></span> <span class='ocrx_word' id='word_1_451' title='bbox 1567 4641 1621 4687; x_wconf 88' lang='lat' dir='ltr'><strong>et</strong></span> <span class='ocrx_word' id='word_1_452' title='bbox 1646 4633 1964 4704; x_wconf 80' lang='lat' dir='ltr'><strong>dignitatem</strong></span> 
     </span>
    </p>
   </div>
   <div class='ocr_carea' id='block_1_64' title="bbox 378 4723 1969 4796">
    <p class='ocr_par' dir='ltr' id='par_1_64' title="bbox 378 4723 1969 4796">
     <span class='ocr_line' id='line_1_64' title="bbox 378 4723 1969 4796; baseline 0.004 -21"><span class='ocrx_word' id='word_1_453' title='bbox 378 4723 714 4790; x_wconf 81' lang='lat' dir='ltr'><strong>perscrutari</strong></span> <span class='ocrx_word' id='word_1_454' title='bbox 758 4732 813 4777; x_wconf 89' lang='lat' dir='ltr'><strong>et</strong></span> <span class='ocrx_word' id='word_1_455' title='bbox 876 4726 1199 4794; x_wconf 80' lang='lat' dir='ltr'><strong>explorare,</strong></span> <span class='ocrx_word' id='word_1_456' title='bbox 1236 4741 1365 4779; x_wconf 91' lang='lat' dir='ltr'><strong>num</strong></span> <span class='ocrx_word' id='word_1_457' title='bbox 1411 4724 1622 4781; x_wconf 80' lang='lat' dir='ltr'><strong>scilicet</strong></span> <span class='ocrx_word' id='word_1_458' title='bbox 1680 4725 1969 4796; x_wconf 85' lang='lat' dir='ltr'><strong>episcopus</strong></span> 
     </span>
    </p>
   </div>
   <div class='ocr_carea' id='block_1_65' title="bbox 377 4816 1965 4890">
    <p class='ocr_par' dir='ltr' id='par_1_65' title="bbox 377 4816 1965 4890">
     <span class='ocr_line' id='line_1_65' title="bbox 377 4816 1965 4890; baseline 0.003 -19"><span class='ocrx_word' id='word_1_459' title='bbox 377 4823 476 4871; x_wconf 78' lang='lat' dir='ltr'><strong>aut</strong></span> <span class='ocrx_word' id='word_1_460' title='bbox 518 4816 975 4887; x_wconf 85' lang='lat' dir='ltr'><strong>metropolitanus</strong></span> <span class='ocrx_word' id='word_1_461' title='bbox 1010 4819 1116 4885; x_wconf 87' lang='lat' dir='ltr'><strong>sit;</strong></span> <span class='ocrx_word' id='word_1_462' title='bbox 1145 4834 1244 4873; x_wconf 89' lang='lat' dir='ltr'><strong>nec</strong></span> <span class='ocrx_word' id='word_1_463' title='bbox 1271 4818 1484 4890; x_wconf 84' lang='lat' dir='ltr'><strong>ambige</strong></span> <span class='ocrx_word' id='word_1_464' title='bbox 1514 4830 1678 4889; x_wconf 90' lang='lat' dir='ltr'><strong>atque</strong></span> <span class='ocrx_word' id='word_1_465' title='bbox 1706 4820 1965 4875; x_wconf 89' lang='lat' dir='ltr'><strong>addubita</strong></span> 
     </span>
    </p>
   </div>
   <div class='ocr_carea' id='block_1_66' title="bbox 380 4909 1970 4985">
    <p class='ocr_par' dir='ltr' id='par_1_66' title="bbox 380 4909 1970 4985">
     <span class='ocr_line' id='line_1_66' title="bbox 380 4909 1970 4985; baseline 0.003 -23"><span class='ocrx_word' id='word_1_466' title='bbox 380 4909 598 4965; x_wconf 86' lang='lat' dir='ltr'><strong>cuinam</strong></span> <span class='ocrx_word' id='word_1_467' title='bbox 666 4912 853 4981; x_wconf 83' lang='lat' dir='ltr'><strong>potius</strong></span> <span class='ocrx_word' id='word_1_468' title='bbox 921 4920 974 4967; x_wconf 89' lang='lat' dir='ltr'><strong>te</strong></span> <span class='ocrx_word' id='word_1_469' title='bbox 1038 4927 1136 4981; x_wconf 88' lang='lat' dir='ltr'><strong>per</strong></span> <span class='ocrx_word' id='word_1_470' title='bbox 1196 4912 1530 4984; x_wconf 80' lang='lat' dir='ltr'><strong>baptismum</strong></span> <span class='ocrx_word' id='word_1_471' title='bbox 1607 4913 1970 4985; x_wconf 84' lang='lat' dir='ltr'><strong>spiritualiter</strong></span> 
     </span>
    </p>
   </div>
   <div class='ocr_carea' id='block_1_67' title="bbox 381 5003 1971 5075">
    <p class='ocr_par' dir='ltr' id='par_1_67' title="bbox 381 5003 1971 5075">
     <span class='ocr_line' id='line_1_67' title="bbox 381 5003 1971 5075; baseline 0.001 -16"><span class='ocrx_word' id='word_1_472' title='bbox 381 5003 820 5075; x_wconf 65' lang='lat' dir='ltr'><strong>regenerandum</strong></span> <span class='ocrx_word' id='word_1_473' title='bbox 877 5006 1147 5075; x_wconf 65' lang='lat' dir='ltr'><strong>praebeas.</strong></span> <span class='ocrx_word' id='word_1_474' title='bbox 1176 5005 1650 5072; x_wconf 87' lang='lat' dir='ltr'><strong>Quemadmodum</strong></span> <span class='ocrx_word' id='word_1_475' title='bbox 1683 5008 1828 5062; x_wconf 79' lang='lat' dir='ltr'><strong>enim</strong></span> <span class='ocrx_word' id='word_1_476' title='bbox 1861 5008 1971 5061; x_wconf 87' lang='lat' dir='ltr'><strong>duo</strong></span> 
     </span>
    </p>
   </div>
   <div class='ocr_carea' id='block_1_68' title="bbox 378 5098 1967 5162">
    <p class='ocr_par' dir='ltr' id='par_1_68' title="bbox 378 5098 1967 5162">
     <span class='ocr_line' id='line_1_68' title="bbox 378 5098 1967 5162; baseline 0.001 -10"><span class='ocrx_word' id='word_1_477' title='bbox 378 5098 592 5160; x_wconf 84' lang='lat' dir='ltr'><strong>annuli.</strong></span> <span class='ocrx_word' id='word_1_478' title='bbox 630 5100 766 5153; x_wconf 88' lang='lat' dir='ltr'><strong>alter</strong></span> <span class='ocrx_word' id='word_1_479' title='bbox 823 5116 979 5161; x_wconf 87' lang='lat' dir='ltr'><strong>auro,</strong></span> <span class='ocrx_word' id='word_1_480' title='bbox 1019 5101 1157 5155; x_wconf 88' lang='lat' dir='ltr'><strong>alter</strong></span> <span class='ocrx_word' id='word_1_481' title='bbox 1210 5099 1358 5154; x_wconf 90' lang='lat' dir='ltr'><strong>ferro</strong></span> <span class='ocrx_word' id='word_1_482' title='bbox 1414 5099 1745 5162; x_wconf 78' lang='lat' dir='ltr'><strong>coniectus,</strong></span> <span class='ocrx_word' id='word_1_483' title='bbox 1800 5116 1967 5153; x_wconf 87' lang='lat' dir='ltr'><strong>unam</strong></span> 
     </span>
    </p>
   </div>
   <div class='ocr_carea' id='block_1_69' title="bbox 389 5191 1970 5264">
    <p class='ocr_par' dir='ltr' id='par_1_69' title="bbox 389 5191 1970 5264">
     <span class='ocr_line' id='line_1_69' title="bbox 389 5191 1970 5264; baseline 0 -21"><span class='ocrx_word' id='word_1_484' title='bbox 389 5191 760 5263; x_wconf 76' lang='lat' dir='ltr'><strong>eamdemque</strong></span> <span class='ocrx_word' id='word_1_485' title='bbox 800 5193 1071 5264; x_wconf 81' lang='lat' dir='ltr'><strong>principis</strong></span> <span class='ocrx_word' id='word_1_486' title='bbox 1110 5193 1429 5264; x_wconf 76' lang='lat' dir='ltr'><strong>imagimem</strong></span> <span class='ocrx_word' id='word_1_487' title='bbox 1482 5192 1817 5260; x_wconf 88' lang='lat' dir='ltr'><strong>insculptam</strong></span> <span class='ocrx_word' id='word_1_488' title='bbox 1872 5191 1970 5244; x_wconf 86' lang='lat' dir='ltr'><strong>Ita-</strong></span> 
     </span>
    </p>
   </div>
   <div class='ocr_carea' id='block_1_70' title="bbox 378 5281 1967 5354">
    <p class='ocr_par' dir='ltr' id='par_1_70' title="bbox 378 5281 1967 5354">
     <span class='ocr_line' id='line_1_70' title="bbox 378 5281 1967 5354; baseline -0.003 -15"><span class='ocrx_word' id='word_1_489' title='bbox 378 5284 610 5350; x_wconf 86' lang='lat' dir='ltr'><strong>bentes,</strong></span> <span class='ocrx_word' id='word_1_490' title='bbox 665 5301 728 5340; x_wconf 89' lang='lat' dir='ltr'><strong>ac</strong></span> <span class='ocrx_word' id='word_1_491' title='bbox 784 5284 980 5340; x_wconf 80' lang='lat' dir='ltr'><strong>deinde</strong></span> <span class='ocrx_word' id='word_1_492' title='bbox 1053 5299 1233 5339; x_wconf 85' lang='lat' dir='ltr'><strong>ceram</strong></span> <span class='ocrx_word' id='word_1_493' title='bbox 1302 5284 1701 5354; x_wconf 67' lang='lat' dir='ltr'><strong>imprimentes,</strong></span> <span class='ocrx_word' id='word_1_494' title='bbox 1751 5281 1967 5336; x_wconf 87' lang='lat' dir='ltr'><strong>tametsi</strong></span> 
     </span>
    </p>
   </div>
   <div class='ocr_carea' id='block_1_71' title="bbox 382 5369 1966 5443">
    <p class='ocr_par' dir='ltr' id='par_1_71' title="bbox 382 5369 1966 5443">
     <span class='ocr_line' id='line_1_71' title="bbox 382 5369 1966 5443; baseline -0.002 -17"><span class='ocrx_word' id='word_1_495' title='bbox 382 5374 614 5427; x_wconf 73' lang='lat' dir='ltr'><strong>materia</strong></span> <span class='ocrx_word' id='word_1_496' title='bbox 663 5372 913 5427; x_wconf 78' lang='lat' dir='ltr'><strong>diﬂ&#39;eraut</strong></span> <span class='ocrx_word' id='word_1_497' title='bbox 947 5374 1164 5443; x_wconf 88' lang='lat' dir='ltr'><strong>(aurum</strong></span> <span class='ocrx_word' id='word_1_498' title='bbox 1213 5372 1359 5428; x_wconf 88' lang='lat' dir='ltr'><strong>enim</strong></span> <span class='ocrx_word' id='word_1_499' title='bbox 1411 5369 1703 5440; x_wconf 86' lang='lat' dir='ltr'><strong>splendore</strong></span> <span class='ocrx_word' id='word_1_500' title='bbox 1759 5369 1966 5425; x_wconf 78' lang='lat' dir='ltr'><strong>ferrum</strong></span> 
     </span>
    </p>
   </div>
   <div class='ocr_carea' id='block_1_72' title="bbox 381 5462 1971 5535">
    <p class='ocr_par' dir='ltr' id='par_1_72' title="bbox 381 5462 1971 5535">
     <span class='ocr_line' id='line_1_72' title="bbox 381 5462 1971 5535; baseline -0.001 -18"><span class='ocrx_word' id='word_1_501' title='bbox 381 5465 683 5534; x_wconf 79' lang='lat' dir='ltr'><strong>antecellit)</strong></span> <span class='ocrx_word' id='word_1_502' title='bbox 721 5475 900 5520; x_wconf 79' lang='lat' dir='ltr'><strong>tamen</strong></span> <span class='ocrx_word' id='word_1_503' title='bbox 934 5475 1165 5535; x_wconf 86' lang='lat' dir='ltr'><strong>utraque</strong></span> <span class='ocrx_word' id='word_1_504' title='bbox 1205 5465 1495 5535; x_wconf 83' lang='lat' dir='ltr'><strong>impressio</strong></span> <span class='ocrx_word' id='word_1_505' title='bbox 1532 5463 1778 5517; x_wconf 87' lang='lat' dir='ltr'><strong>eamdem</strong></span> <span class='ocrx_word' id='word_1_506' title='bbox 1815 5462 1971 5532; x_wconf 88' lang='lat' dir='ltr'><strong>prin-</strong></span> 
     </span>
    </p>
   </div>
   <div class='ocr_carea' id='block_1_73' title="bbox 378 5553 1974 5626">
    <p class='ocr_par' dir='ltr' id='par_1_73' title="bbox 378 5553 1974 5626">
     <span class='ocr_line' id='line_1_73' title="bbox 378 5553 1974 5626; baseline -0.002 -15"><span class='ocrx_word' id='word_1_507' title='bbox 378 5556 520 5626; x_wconf 85' lang='lat' dir='ltr'><strong>cipis</strong></span> <span class='ocrx_word' id='word_1_508' title='bbox 565 5558 794 5612; x_wconf 79' lang='lat' dir='ltr'><strong>fnrtuam</strong></span> <span class='ocrx_word' id='word_1_509' title='bbox 832 5558 1001 5613; x_wconf 62' lang='lat' dir='ltr'><strong>refvrt</strong></span> <span class='ocrx_word' id='word_1_510' title='bbox 1037 5577 1051 5613; x_wconf 92' lang='lat'><strong>:</strong></span> <span class='ocrx_word' id='word_1_511' title='bbox 1102 5558 1375 5614; x_wconf 86' lang='lat' dir='ltr'><strong>consimili</strong></span> <span class='ocrx_word' id='word_1_512' title='bbox 1422 5556 1589 5612; x_wconf 88' lang='lat' dir='ltr'><strong>modo</strong></span> <span class='ocrx_word' id='word_1_513' title='bbox 1615 5557 1684 5610; x_wconf 82' lang='lat' dir='ltr'><strong>de</strong></span> <span class='ocrx_word' id='word_1_514' title='bbox 1717 5553 1974 5625; x_wconf 81' lang='lat' dir='ltr'><strong>baptismi</strong></span> 
     </span>
    </p>
   </div>
   <div class='ocr_carea' id='block_1_74' title="bbox 454 5735 1009 5799">
    <p class='ocr_par' dir='ltr' id='par_1_74' title="bbox 454 5735 1009 5799">
     <span class='ocr_line' id='line_1_74' title="bbox 454 5735 1009 5799; baseline 0.002 -10"><span class='ocrx_word' id='word_1_515' title='bbox 454 5737 500 5768; x_wconf 56' lang='grc' dir='ltr'><strong>λ’</strong></span> <span class='ocrx_word' id='word_1_516' title='bbox 550 5735 728 5789; x_wconf 63' lang='lat' dir='ltr'><strong>Garat.</strong></span> <span class='ocrx_word' id='word_1_517' title='bbox 783 5751 865 5799; x_wconf 92' lang='grc' dir='ltr'>ιιι,</span> <span class='ocrx_word' id='word_1_518' title='bbox 915 5736 1009 5791; x_wconf 72' lang='lat'><strong>9.7.</strong></span> 
     </span>
    </p>
   </div>
   <div class='ocr_carea' id='block_1_75' title="bbox 1087 5736 1849 5807">
    <p class='ocr_par' dir='ltr' id='par_1_75' title="bbox 1087 5736 1849 5807">
     <span class='ocr_line' id='line_1_75' title="bbox 1087 5736 1849 5807; baseline -0.005 -14"><span class='ocrx_word' id='word_1_519' title='bbox 1087 5738 1136 5771; x_wconf 79' lang='lat'>“</span> <span class='ocrx_word' id='word_1_520' title='bbox 1196 5738 1321 5796; x_wconf 85' lang='lat' dir='ltr'><strong>Act.</strong></span> <span class='ocrx_word' id='word_1_521' title='bbox 1384 5753 1508 5804; x_wconf 86' lang='lat' dir='ltr'><strong>vm,</strong></span> <span class='ocrx_word' id='word_1_522' title='bbox 1562 5736 1630 5791; x_wconf 67' lang='grc' dir='ltr'><em>Ἦ</em></span> <span class='ocrx_word' id='word_1_523' title='bbox 1695 5751 1849 5807; x_wconf 82' lang='lat' dir='ltr'><strong>seqq.</strong></span> 
     </span>
    </p>
   </div>
   <div class='ocr_carea' id='block_1_76' title="bbox 380 5806 966 5877">
    <p class='ocr_par' dir='ltr' id='par_1_76' title="bbox 380 5806 966 5877">
     <span class='ocr_line' id='line_1_76' title="bbox 380 5806 966 5877; baseline -0.005 -15"><span class='ocrx_word' id='word_1_524' title='bbox 380 5806 429 5841; x_wconf 83' lang='lat'>&quot;</span> <span class='ocrx_word' id='word_1_525' title='bbox 448 5806 512 5862; x_wconf 89' lang='lat' dir='ltr'><strong>Ill</strong></span> <span class='ocrx_word' id='word_1_526' title='bbox 534 5806 662 5877; x_wconf 71' lang='lat' dir='ltr'><strong>Reg.</strong></span> <span class='ocrx_word' id='word_1_527' title='bbox 688 5822 740 5873; x_wconf 80' lang='grc' dir='ltr'><strong>ιι,</strong></span> <span class='ocrx_word' id='word_1_528' title='bbox 769 5806 786 5860; x_wconf 89' lang='lat' dir='ltr'><strong>l</strong></span> <span class='ocrx_word' id='word_1_529' title='bbox 811 5820 966 5876; x_wconf 82' lang='lat' dir='ltr'><strong>seqq.</strong></span> 
     </span>
    </p>
   </div>
   <div class='ocr_carea' id='block_1_77' title="bbox 1927 5731 2489 5804">
    <p class='ocr_par' dir='ltr' id='par_1_77' title="bbox 1927 5731 2489 5804">
     <span class='ocr_line' id='line_1_77' title="bbox 1927 5731 2489 5804; baseline 0.002 -17"><span class='ocrx_word' id='word_1_530' title='bbox 1927 5733 1997 5768; x_wconf 77' lang='grc'><strong>³³·</strong></span> <span class='ocrx_word' id='word_1_531' title='bbox 2031 5732 2050 5787; x_wconf 93' lang='grc' dir='ltr'><strong>ι</strong></span> <span class='ocrx_word' id='word_1_532' title='bbox 2090 5732 2222 5804; x_wconf 74' lang='lat' dir='ltr'><strong>Reg.</strong></span> <span class='ocrx_word' id='word_1_533' title='bbox 2265 5747 2380 5803; x_wconf 74' lang='lat' dir='ltr'><strong>xvr,</strong></span> <span class='ocrx_word' id='word_1_534' title='bbox 2431 5731 2489 5788; x_wconf 87' lang='lat'><strong>7.</strong></span> 
     </span>
    </p>
   </div>
   <div class='ocr_carea' id='block_1_78' title="bbox 2063 1945 3659 2014">
    <p class='ocr_par' dir='ltr' id='par_1_78' title="bbox 2063 1945 3659 2014">
     <span class='ocr_line' id='line_1_78' title="bbox 2063 1945 3659 2014; baseline 0.003 -16"><span class='ocrx_word' id='word_1_535' title='bbox 2063 1945 2403 1999; x_wconf 78' lang='lat' dir='ltr'><strong>turbulentia</strong></span> <span class='ocrx_word' id='word_1_536' title='bbox 2427 1947 2490 1998; x_wconf 87' lang='lat' dir='ltr'><strong>ad</strong></span> <span class='ocrx_word' id='word_1_537' title='bbox 2516 1945 2684 1998; x_wconf 88' lang='lat' dir='ltr'><strong>animi</strong></span> <span class='ocrx_word' id='word_1_538' title='bbox 2708 1947 3178 2014; x_wconf 86' lang='lat' dir='ltr'><strong>tranquillitatem,</strong></span> <span class='ocrx_word' id='word_1_539' title='bbox 3202 1964 3229 2001; x_wconf 88' lang='lat' dir='ltr'><strong>a</strong></span> <span class='ocrx_word' id='word_1_540' title='bbox 3261 1948 3383 2002; x_wconf 61' lang='lat' dir='ltr'><strong>vitre-</strong></span> <span class='ocrx_word' id='word_1_541' title='bbox 3404 1949 3659 2002; x_wconf 86' lang='lat' dir='ltr'><strong>sordibus</strong></span> 
     </span>
    </p>
   </div>
   <div class='ocr_carea' id='block_1_79' title="bbox 2064 2036 3655 2104">
    <p class='ocr_par' dir='ltr' id='par_1_79' title="bbox 2064 2036 3655 2104">
     <span class='ocr_line' id='line_1_79' title="bbox 2064 2036 3655 2104; baseline 0.004 -16"><span class='ocrx_word' id='word_1_542' title='bbox 2064 2036 2129 2088; x_wconf 88' lang='lat' dir='ltr'><strong>ad</strong></span> <span class='ocrx_word' id='word_1_543' title='bbox 2171 2037 2484 2104; x_wconf 83' lang='lat' dir='ltr'><strong>puritatem,</strong></span> <span class='ocrx_word' id='word_1_544' title='bbox 2528 2046 2738 2092; x_wconf 79' lang='lat' dir='ltr'><strong>veteres</strong></span> <span class='ocrx_word' id='word_1_545' title='bbox 2778 2052 2967 2092; x_wconf 76' lang='lat' dir='ltr'><strong>omnes</strong></span> <span class='ocrx_word' id='word_1_546' title='bbox 3024 2046 3169 2092; x_wconf 70' lang='lat' dir='ltr'><strong>notte</strong></span> <span class='ocrx_word' id='word_1_547' title='bbox 3222 2051 3589 2099; x_wconf 81' lang='lat' dir='ltr'><strong>recesserunt.</strong></span> <span class='ocrx_word' id='word_1_548' title='bbox 3626 2057 3655 2094; x_wconf 67' lang='grc' dir='ltr'><strong>ιι</strong></span> 
     </span>
    </p>
   </div>
   <div class='ocr_carea' id='block_1_80' title="bbox 2063 2128 3657 2200">
    <p class='ocr_par' dir='ltr' id='par_1_80' title="bbox 2063 2128 3657 2200">
     <span class='ocr_line' id='line_1_80' title="bbox 2063 2128 3657 2200; baseline 0.004 -23"><span class='ocrx_word' id='word_1_549' title='bbox 2063 2128 2267 2196; x_wconf 83' lang='lat' dir='ltr'><strong>quibus</strong></span> <span class='ocrx_word' id='word_1_550' title='bbox 2293 2169 2305 2189; x_wconf 86' lang='lat'><strong>,</strong></span> <span class='ocrx_word' id='word_1_551' title='bbox 2337 2137 2389 2181; x_wconf 87' lang='lat' dir='ltr'><strong>et</strong></span> <span class='ocrx_word' id='word_1_552' title='bbox 2418 2128 2591 2190; x_wconf 76' lang='lat' dir='ltr'><strong>dives,</strong></span> <span class='ocrx_word' id='word_1_553' title='bbox 2633 2139 2690 2182; x_wconf 88' lang='lat' dir='ltr'><strong>et</strong></span> <span class='ocrx_word' id='word_1_554' title='bbox 2719 2130 2919 2183; x_wconf 86' lang='lat' dir='ltr'><strong>nobilis</strong></span> <span class='ocrx_word' id='word_1_555' title='bbox 2940 2170 2954 2190; x_wconf 85' lang='lat'><strong>,</strong></span> <span class='ocrx_word' id='word_1_556' title='bbox 2984 2130 3255 2195; x_wconf 69' lang='lat' dir='ltr'><strong>dominus,</strong></span> <span class='ocrx_word' id='word_1_557' title='bbox 3290 2141 3452 2197; x_wconf 73' lang='lat' dir='ltr'><strong>atque</strong></span> <span class='ocrx_word' id='word_1_558' title='bbox 3493 2131 3657 2200; x_wconf 70' lang='lat' dir='ltr'><strong>hujus</strong></span> 
     </span>
    </p>
   </div>
   <div class='ocr_carea' id='block_1_81' title="bbox 2066 2218 3660 2290">
    <p class='ocr_par' dir='ltr' id='par_1_81' title="bbox 2066 2218 3660 2290">
     <span class='ocr_line' id='line_1_81' title="bbox 2066 2218 3660 2290; baseline 0.005 -21"><span class='ocrx_word' id='word_1_559' title='bbox 2066 2218 2283 2286; x_wconf 74' lang='lat' dir='ltr'><strong>generis</strong></span> <span class='ocrx_word' id='word_1_560' title='bbox 2345 2220 2564 2272; x_wconf 89' lang='lat' dir='ltr'><strong>nomina</strong></span> <span class='ocrx_word' id='word_1_561' title='bbox 2625 2219 3007 2289; x_wconf 82' lang='lat' dir='ltr'><strong>designantur.</strong></span> <span class='ocrx_word' id='word_1_562' title='bbox 3061 2221 3240 2290; x_wconf 84' lang='lat' dir='ltr'><strong>Atque</strong></span> <span class='ocrx_word' id='word_1_563' title='bbox 3301 2221 3557 2275; x_wconf 85' lang='lat' dir='ltr'><strong>omnibus</strong></span> <span class='ocrx_word' id='word_1_564' title='bbox 3593 2221 3660 2277; x_wconf 88' lang='lat' dir='ltr'><strong>iis</strong></span> 
     </span>
    </p>
   </div>
   <div class='ocr_carea' id='block_1_82' title="bbox 2066 2306 3662 2381">
    <p class='ocr_par' dir='ltr' id='par_1_82' title="bbox 2066 2306 3662 2381">
     <span class='ocr_line' id='line_1_82' title="bbox 2066 2306 3662 2381; baseline 0.008 -27"><span class='ocrx_word' id='word_1_565' title='bbox 2066 2308 2155 2375; x_wconf 86' lang='lat' dir='ltr'><strong>qui</strong></span> <span class='ocrx_word' id='word_1_566' title='bbox 2223 2306 2482 2376; x_wconf 86' lang='lat' dir='ltr'><strong>baptizati</strong></span> <span class='ocrx_word' id='word_1_567' title='bbox 2543 2316 2693 2371; x_wconf 88' lang='lat' dir='ltr'><strong>sunt,</strong></span> <span class='ocrx_word' id='word_1_568' title='bbox 2728 2323 2834 2362; x_wconf 90' lang='lat' dir='ltr'><strong>una</strong></span> <span class='ocrx_word' id='word_1_569' title='bbox 2891 2308 3065 2363; x_wconf 89' lang='lat' dir='ltr'><strong>forma</strong></span> <span class='ocrx_word' id='word_1_570' title='bbox 3124 2311 3421 2379; x_wconf 81' lang='lat' dir='ltr'><strong>baptismi,</strong></span> <span class='ocrx_word' id='word_1_571' title='bbox 3468 2328 3662 2381; x_wconf 81' lang='lat' dir='ltr'><strong>nempe</strong></span> 
     </span>
    </p>
   </div>
   <div class='ocr_carea' id='block_1_83' title="bbox 2065 2395 3659 2471">
    <p class='ocr_par' dir='ltr' id='par_1_83' title="bbox 2065 2395 3659 2471">
     <span class='ocr_line' id='line_1_83' title="bbox 2065 2395 3659 2471; baseline 0.004 -21"><span class='ocrx_word' id='word_1_572' title='bbox 2065 2395 2323 2452; x_wconf 83' lang='lat' dir='ltr'><strong>Cluistus</strong></span> <span class='ocrx_word' id='word_1_573' title='bbox 2347 2397 2414 2462; x_wconf 77' lang='lat'><strong>“,</strong></span> <span class='ocrx_word' id='word_1_574' title='bbox 2452 2400 2607 2467; x_wconf 88' lang='lat' dir='ltr'><strong>quasi</strong></span> <span class='ocrx_word' id='word_1_575' title='bbox 2641 2401 2930 2453; x_wconf 79' lang='lat' dir='ltr'><strong>character</strong></span> <span class='ocrx_word' id='word_1_576' title='bbox 2962 2401 3209 2469; x_wconf 86' lang='lat' dir='ltr'><strong>quidam,</strong></span> <span class='ocrx_word' id='word_1_577' title='bbox 3242 2403 3527 2471; x_wconf 70' lang='lat' dir='ltr'><strong>iinpos‘tus</strong></span> <span class='ocrx_word' id='word_1_578' title='bbox 3555 2412 3659 2465; x_wconf 88' lang='lat' dir='ltr'><strong>est,</strong></span> 
     </span>
    </p>
   </div>
   <div class='ocr_carea' id='block_1_84' title="bbox 2070 2490 3660 2563">
    <p class='ocr_par' dir='ltr' id='par_1_84' title="bbox 2070 2490 3660 2563">
     <span class='ocr_line' id='line_1_84' title="bbox 2070 2490 3660 2563; baseline 0.004 -20"><span class='ocrx_word' id='word_1_579' title='bbox 2070 2496 2175 2544; x_wconf 85' lang='lat' dir='ltr'><strong>hoc</strong></span> <span class='ocrx_word' id='word_1_580' title='bbox 2223 2500 2330 2554; x_wconf 90' lang='lat' dir='ltr'><strong>est,</strong></span> <span class='ocrx_word' id='word_1_581' title='bbox 2374 2490 2579 2545; x_wconf 83' lang='lat' dir='ltr'><strong>Christi</strong></span> <span class='ocrx_word' id='word_1_582' title='bbox 2636 2491 2771 2546; x_wconf 86' lang='lat' dir='ltr'><strong>fides</strong></span> <span class='ocrx_word' id='word_1_583' title='bbox 2826 2508 2924 2561; x_wconf 90' lang='lat' dir='ltr'><strong>per</strong></span> <span class='ocrx_word' id='word_1_584' title='bbox 2973 2508 3162 2562; x_wconf 87' lang='lat' dir='ltr'><strong>quam,</strong></span> <span class='ocrx_word' id='word_1_585' title='bbox 3204 2495 3427 2563; x_wconf 85' lang='lat' dir='ltr'><strong>quinam</strong></span> <span class='ocrx_word' id='word_1_586' title='bbox 3466 2495 3660 2556; x_wconf 88' lang='lat' dir='ltr'><strong>simus.</strong></span> 
     </span>
    </p>
   </div>
   <div class='ocr_carea' id='block_1_85' title="bbox 2069 2582 3660 2652">
    <p class='ocr_par' dir='ltr' id='par_1_85' title="bbox 2069 2582 3660 2652">
     <span class='ocr_line' id='line_1_85' title="bbox 2069 2582 3660 2652; baseline -0.001 -14"><span class='ocrx_word' id='word_1_587' title='bbox 2069 2582 2281 2649; x_wconf 66' lang='lat' dir='ltr'><strong>liquido</strong></span> <span class='ocrx_word' id='word_1_588' title='bbox 2310 2591 2478 2650; x_wconf 88' lang='lat' dir='ltr'><strong>patet.</strong></span> <span class='ocrx_word' id='word_1_589' title='bbox 2514 2584 2738 2648; x_wconf 62' lang='lat' dir='ltr'><strong>Adbaec,</strong></span> <span class='ocrx_word' id='word_1_590' title='bbox 2773 2598 2894 2637; x_wconf 88' lang='lat' dir='ltr'><strong>cum</strong></span> <span class='ocrx_word' id='word_1_591' title='bbox 2919 2587 3266 2652; x_wconf 80' lang='lat' dir='ltr'><strong>exploratum</strong></span> <span class='ocrx_word' id='word_1_592' title='bbox 3308 2586 3535 2651; x_wconf 75' lang='lat' dir='ltr'><strong>habeas,</strong></span> <span class='ocrx_word' id='word_1_593' title='bbox 3561 2602 3660 2642; x_wconf 83' lang='lat' dir='ltr'><strong>eos</strong></span> 
     </span>
    </p>
   </div>
   <div class='ocr_carea' id='block_1_86' title="bbox 2068 2677 3658 2750">
    <p class='ocr_par' dir='ltr' id='par_1_86' title="bbox 2068 2677 3658 2750">
     <span class='ocr_line' id='line_1_86' title="bbox 2068 2677 3658 2750; baseline 0.003 -17"><span class='ocrx_word' id='word_1_594' title='bbox 2068 2679 2162 2750; x_wconf 91' lang='lat' dir='ltr'><strong>qui</strong></span> <span class='ocrx_word' id='word_1_595' title='bbox 2211 2694 2240 2733; x_wconf 88' lang='lat' dir='ltr'><strong>a</strong></span> <span class='ocrx_word' id='word_1_596' title='bbox 2284 2677 2495 2733; x_wconf 85' lang='lat' dir='ltr'><strong>Joanne</strong></span> <span class='ocrx_word' id='word_1_597' title='bbox 2546 2680 2999 2747; x_wconf 82' lang='lat' dir='ltr'><strong>baptizabantur,</strong></span> <span class='ocrx_word' id='word_1_598' title='bbox 3030 2681 3082 2734; x_wconf 89' lang='lat' dir='ltr'><strong>id</strong></span> <span class='ocrx_word' id='word_1_599' title='bbox 3133 2680 3186 2734; x_wconf 90' lang='lat' dir='ltr'><strong>in</strong></span> <span class='ocrx_word' id='word_1_600' title='bbox 3235 2696 3385 2735; x_wconf 84' lang='lat' dir='ltr'><strong>more</strong></span> <span class='ocrx_word' id='word_1_601' title='bbox 3422 2684 3658 2749; x_wconf 83' lang='lat' dir='ltr'><strong>positum</strong></span> 
     </span>
    </p>
   </div>
   <div class='ocr_carea' id='block_1_87' title="bbox 2073 2771 3658 2840">
    <p class='ocr_par' dir='ltr' id='par_1_87' title="bbox 2073 2771 3658 2840">
     <span class='ocr_line' id='line_1_87' title="bbox 2073 2771 3658 2840; baseline 0.001 -14"><span class='ocrx_word' id='word_1_602' title='bbox 2073 2771 2374 2836; x_wconf 85' lang='lat' dir='ltr'><strong>habuisse,</strong></span> <span class='ocrx_word' id='word_1_603' title='bbox 2426 2779 2484 2824; x_wconf 90' lang='lat' dir='ltr'><strong>ut</strong></span> <span class='ocrx_word' id='word_1_604' title='bbox 2517 2780 2741 2840; x_wconf 88' lang='lat' dir='ltr'><strong>peccata</strong></span> <span class='ocrx_word' id='word_1_605' title='bbox 2802 2785 2901 2824; x_wconf 90' lang='lat' dir='ltr'><strong>sua</strong></span> <span class='ocrx_word' id='word_1_606' title='bbox 2949 2771 3341 2825; x_wconf 84' lang='lat' dir='ltr'><strong>confiterentur</strong></span> <span class='ocrx_word' id='word_1_607' title='bbox 3360 2774 3428 2831; x_wconf 78' lang='grc'><strong>⁸⁵,</strong></span> <span class='ocrx_word' id='word_1_608' title='bbox 3466 2772 3547 2827; x_wconf 78' lang='lat' dir='ltr'><strong>fac</strong></span> <span class='ocrx_word' id='word_1_609' title='bbox 3600 2783 3658 2829; x_wconf 87' lang='grc' dir='ltr'><strong>ιιι</strong></span> 
     </span>
    </p>
   </div>
   <div class='ocr_carea' id='block_1_88' title="bbox 2071 2864 3655 2934">
    <p class='ocr_par' dir='ltr' id='par_1_88' title="bbox 2071 2864 3655 2934">
     <span class='ocr_line' id='line_1_88' title="bbox 2071 2864 3655 2934; baseline 0.003 -18"><span class='ocrx_word' id='word_1_610' title='bbox 2071 2879 2291 2934; x_wconf 84' lang='lat' dir='ltr'><strong>quoque</strong></span> <span class='ocrx_word' id='word_1_611' title='bbox 2332 2872 2554 2932; x_wconf 87' lang='lat' dir='ltr'><strong>peccata</strong></span> <span class='ocrx_word' id='word_1_612' title='bbox 2608 2869 2701 2916; x_wconf 86' lang='lat' dir='ltr'><strong>tua</strong></span> <span class='ocrx_word' id='word_1_613' title='bbox 2733 2876 3029 2931; x_wconf 81' lang='lat' dir='ltr'><strong>expromas</strong></span> <span class='ocrx_word' id='word_1_614' title='bbox 3066 2879 3081 2916; x_wconf 89' lang='lat'><strong>:</strong></span> <span class='ocrx_word' id='word_1_615' title='bbox 3115 2873 3175 2917; x_wconf 89' lang='grc' dir='ltr'><strong>ιιι</strong></span> <span class='ocrx_word' id='word_1_616' title='bbox 3207 2864 3655 2934; x_wconf 82' lang='lat' dir='ltr'><strong>quandoquidem</strong></span> 
     </span>
    </p>
   </div>
   <div class='ocr_carea' id='block_1_89' title="bbox 2072 2950 3661 3024">
    <p class='ocr_par' dir='ltr' id='par_1_89' title="bbox 2072 2950 3661 3024">
     <span class='ocr_line' id='line_1_89' title="bbox 2072 2950 3661 3024; baseline 0.001 -17"><span class='ocrx_word' id='word_1_617' title='bbox 2072 2955 2252 3024; x_wconf 88' lang='lat' dir='ltr'><strong>pudor</strong></span> <span class='ocrx_word' id='word_1_618' title='bbox 2287 2963 2453 3024; x_wconf 88' lang='lat' dir='ltr'><strong>atque</strong></span> <span class='ocrx_word' id='word_1_619' title='bbox 2508 2951 2811 3021; x_wconf 77' lang='lat' dir='ltr'><strong>ignominia</strong></span> <span class='ocrx_word' id='word_1_620' title='bbox 2862 2950 3033 3006; x_wconf 88' lang='lat' dir='ltr'><strong>futuri</strong></span> <span class='ocrx_word' id='word_1_621' title='bbox 3080 2954 3340 3023; x_wconf 87' lang='lat' dir='ltr'><strong>supplicii</strong></span> <span class='ocrx_word' id='word_1_622' title='bbox 3397 2970 3521 3024; x_wconf 86' lang='lat' dir='ltr'><strong>pars</strong></span> <span class='ocrx_word' id='word_1_623' title='bbox 3555 2964 3661 3019; x_wconf 88' lang='lat' dir='ltr'><strong>est,</strong></span> 
     </span>
    </p>
   </div>
   <div class='ocr_carea' id='block_1_90' title="bbox 2072 3043 3662 3116">
    <p class='ocr_par' dir='ltr' id='par_1_90' title="bbox 2072 3043 3662 3116">
     <span class='ocr_line' id='line_1_90' title="bbox 2072 3043 3662 3116; baseline 0.001 -16"><span class='ocrx_word' id='word_1_624' title='bbox 2072 3060 2194 3100; x_wconf 89' lang='lat' dir='ltr'><strong>eam</strong></span> <span class='ocrx_word' id='word_1_625' title='bbox 2228 3044 2319 3100; x_wconf 86' lang='lat' dir='ltr'><strong>hic</strong></span> <span class='ocrx_word' id='word_1_626' title='bbox 2348 3044 2725 3100; x_wconf 79' lang='lat' dir='ltr'><strong>erubescendo</strong></span> <span class='ocrx_word' id='word_1_627' title='bbox 2771 3043 2948 3113; x_wconf 81' lang='lat' dir='ltr'><strong>fugias</strong></span> <span class='ocrx_word' id='word_1_628' title='bbox 2975 3086 2988 3109; x_wconf 91' lang='lat'><strong>,</strong></span> <span class='ocrx_word' id='word_1_629' title='bbox 3016 3061 3080 3099; x_wconf 92' lang='lat' dir='ltr'><strong>ac</strong></span> <span class='ocrx_word' id='word_1_630' title='bbox 3113 3056 3399 3115; x_wconf 87' lang='lat' dir='ltr'><strong>peccatum</strong></span> <span class='ocrx_word' id='word_1_631' title='bbox 3442 3045 3662 3116; x_wconf 75' lang='lat' dir='ltr'><strong>publica</strong></span> 
     </span>
    </p>
   </div>
   <div class='ocr_carea' id='block_1_91' title="bbox 2077 3134 3658 3205">
    <p class='ocr_par' dir='ltr' id='par_1_91' title="bbox 2077 3134 3658 3205">
     <span class='ocr_line' id='line_1_91' title="bbox 2077 3134 3658 3205; baseline 0 -15"><span class='ocrx_word' id='word_1_632' title='bbox 2077 3134 2437 3195; x_wconf 84' lang='lat' dir='ltr'><strong>traducendo,</strong></span> <span class='ocrx_word' id='word_1_633' title='bbox 2480 3144 2534 3189; x_wconf 90' lang='lat' dir='ltr'><strong>et</strong></span> <span class='ocrx_word' id='word_1_634' title='bbox 2583 3134 2728 3188; x_wconf 82' lang='lat' dir='ltr'><strong>velut</strong></span> <span class='ocrx_word' id='word_1_635' title='bbox 2772 3134 2840 3189; x_wconf 84' lang='lat' dir='ltr'><strong>de</strong></span> <span class='ocrx_word' id='word_1_636' title='bbox 2884 3149 2950 3187; x_wconf 86' lang='lat' dir='ltr'><strong>eo</strong></span> <span class='ocrx_word' id='word_1_637' title='bbox 2985 3135 3376 3205; x_wconf 89' lang='lat' dir='ltr'><strong>triumphando</strong></span> <span class='ocrx_word' id='word_1_638' title='bbox 3435 3137 3658 3205; x_wconf 91' lang='lat' dir='ltr'><strong>planum</strong></span> 
     </span>
    </p>
   </div>
   <div class='ocr_carea' id='block_1_92' title="bbox 1997 3210 3657 3295">
    <p class='ocr_par' dir='ltr' id='par_1_92' title="bbox 1997 3210 3657 3295">
     <span class='ocr_line' id='line_1_92' title="bbox 1997 3210 3657 3295; baseline 0.001 -16"><span class='ocrx_word' id='word_1_639' title='bbox 1997 3210 2041 3269; x_wconf 67' lang='grc' dir='ltr'><strong>(Σ</strong></span> <span class='ocrx_word' id='word_1_640' title='bbox 2077 3224 2244 3279; x_wconf 81' lang='lat' dir='ltr'><strong>facias</strong></span> <span class='ocrx_word' id='word_1_641' title='bbox 2290 3234 2343 3280; x_wconf 88' lang='lat' dir='ltr'><strong>te</strong></span> <span class='ocrx_word' id='word_1_642' title='bbox 2392 3225 2524 3279; x_wconf 87' lang='lat' dir='ltr'><strong>illud</strong></span> <span class='ocrx_word' id='word_1_643' title='bbox 2559 3224 2745 3280; x_wconf 84' lang='lat' dir='ltr'><strong>odisse</strong></span> <span class='ocrx_word' id='word_1_644' title='bbox 2793 3233 2958 3295; x_wconf 81' lang='lat' dir='ltr'><strong>atque</strong></span> <span class='ocrx_word' id='word_1_645' title='bbox 3004 3227 3288 3281; x_wconf 83' lang='lat' dir='ltr'><strong>detestari.</strong></span> <span class='ocrx_word' id='word_1_646' title='bbox 3324 3226 3466 3293; x_wconf 85' lang='lat' dir='ltr'><strong>Quin</strong></span> <span class='ocrx_word' id='word_1_647' title='bbox 3525 3228 3657 3281; x_wconf 85' lang='lat' dir='ltr'><strong>illud</strong></span> 
     </span>
    </p>
   </div>
   <div class='ocr_carea' id='block_1_93' title="bbox 2071 3317 3658 3389">
    <p class='ocr_par' dir='ltr' id='par_1_93' title="bbox 2071 3317 3658 3389">
     <span class='ocr_line' id='line_1_93' title="bbox 2071 3317 3658 3389; baseline 0.004 -22"><span class='ocrx_word' id='word_1_648' title='bbox 2071 3333 2295 3387; x_wconf 83' lang='lat' dir='ltr'><strong>quoque</strong></span> <span class='ocrx_word' id='word_1_649' title='bbox 2348 3317 2443 3371; x_wconf 90' lang='lat' dir='ltr'><strong>tibi</strong></span> <span class='ocrx_word' id='word_1_650' title='bbox 2498 3317 2898 3387; x_wconf 86' lang='lat' dir='ltr'><strong>providendum</strong></span> <span class='ocrx_word' id='word_1_651' title='bbox 2929 3330 3035 3382; x_wconf 86' lang='lat' dir='ltr'><strong>est,</strong></span> <span class='ocrx_word' id='word_1_652' title='bbox 3085 3333 3154 3372; x_wconf 85' lang='lat' dir='ltr'><strong>ne</strong></span> <span class='ocrx_word' id='word_1_653' title='bbox 3201 3320 3494 3374; x_wconf 80' lang='lat' dir='ltr'><strong>cxorcismi</strong></span> <span class='ocrx_word' id='word_1_654' title='bbox 3529 3333 3658 3389; x_wconf 86' lang='lat' dir='ltr'><strong>pro-</strong></span> 
     </span>
    </p>
   </div>
   <div class='ocr_carea' id='block_1_94' title="bbox 2072 3406 3658 3479">
    <p class='ocr_par' dir='ltr' id='par_1_94' title="bbox 2072 3406 3658 3479">
     <span class='ocr_line' id='line_1_94' title="bbox 2072 3406 3658 3479; baseline -0.001 -14"><span class='ocrx_word' id='word_1_655' title='bbox 2072 3411 2283 3465; x_wconf 87' lang='lat' dir='ltr'><strong>lixitate</strong></span> <span class='ocrx_word' id='word_1_656' title='bbox 2333 3408 2652 3464; x_wconf 69' lang='lat' dir='ltr'><strong>offendaris.</strong></span> <span class='ocrx_word' id='word_1_657' title='bbox 2704 3406 3032 3479; x_wconf 75' lang='lat' dir='ltr'><strong>Longiorcm</strong></span> <span class='ocrx_word' id='word_1_658' title='bbox 3081 3409 3229 3463; x_wconf 89' lang='lat' dir='ltr'><strong>enim</strong></span> <span class='ocrx_word' id='word_1_659' title='bbox 3286 3410 3658 3463; x_wconf 61' lang='lat' dir='ltr'><strong>exortismum</strong></span> 
     </span>
    </p>
   </div>
   <div class='ocr_carea' id='block_1_95' title="bbox 2071 3500 3660 3572">
    <p class='ocr_par' dir='ltr' id='par_1_95' title="bbox 2071 3500 3660 3572">
     <span class='ocr_line' id='line_1_95' title="bbox 2071 3500 3660 3572; baseline -0.001 -15"><span class='ocrx_word' id='word_1_660' title='bbox 2071 3514 2420 3569; x_wconf 80' lang='lat' dir='ltr'><strong>nequaquam</strong></span> <span class='ocrx_word' id='word_1_661' title='bbox 2459 3501 2692 3555; x_wconf 82' lang='lat' dir='ltr'><strong>moleste</strong></span> <span class='ocrx_word' id='word_1_662' title='bbox 2722 3509 2886 3571; x_wconf 86' lang='lat' dir='ltr'><strong>atque</strong></span> <span class='ocrx_word' id='word_1_663' title='bbox 2909 3516 3053 3571; x_wconf 67' lang='lat' dir='ltr'><strong>aegre</strong></span> <span class='ocrx_word' id='word_1_664' title='bbox 3079 3500 3242 3564; x_wconf 77' lang='lat' dir='ltr'><strong>ferre,</strong></span> <span class='ocrx_word' id='word_1_665' title='bbox 3275 3512 3660 3572; x_wconf 74' lang='lat' dir='ltr'><strong>argumentum</strong></span> 
     </span>
    </p>
   </div>
   <div class='ocr_carea' id='block_1_96' title="bbox 2070 3591 3663 3660">
    <p class='ocr_par' dir='ltr' id='par_1_96' title="bbox 2070 3591 3663 3660">
     <span class='ocr_line' id='line_1_96' title="bbox 2070 3591 3663 3660; baseline -0.001 -12"><span class='ocrx_word' id='word_1_666' title='bbox 2070 3602 2157 3648; x_wconf 86' lang='lat' dir='ltr'><strong>est</strong></span> <span class='ocrx_word' id='word_1_667' title='bbox 2195 3592 2367 3646; x_wconf 87' lang='lat' dir='ltr'><strong>animi</strong></span> <span class='ocrx_word' id='word_1_668' title='bbox 2409 3606 2537 3645; x_wconf 85' lang='lat' dir='ltr'><strong>vero</strong></span> <span class='ocrx_word' id='word_1_669' title='bbox 2588 3606 2653 3645; x_wconf 83' lang='lat' dir='ltr'><strong>ac</strong></span> <span class='ocrx_word' id='word_1_670' title='bbox 2682 3591 2903 3645; x_wconf 87' lang='lat' dir='ltr'><strong>sincero</strong></span> <span class='ocrx_word' id='word_1_671' title='bbox 2934 3591 3130 3644; x_wconf 79' lang='lat' dir='ltr'><strong>atlcctu</strong></span> <span class='ocrx_word' id='word_1_672' title='bbox 3179 3592 3510 3660; x_wconf 72' lang='lat' dir='ltr'><strong>baptismum</strong></span> <span class='ocrx_word' id='word_1_673' title='bbox 3541 3608 3663 3647; x_wconf 83' lang='lat' dir='ltr'><strong>am-</strong></span> 
     </span>
    </p>
   </div>
   <div class='ocr_carea' id='block_1_97' title="bbox 2071 3681 3666 3752">
    <p class='ocr_par' dir='ltr' id='par_1_97' title="bbox 2071 3681 3666 3752">
     <span class='ocr_line' id='line_1_97' title="bbox 2071 3681 3666 3752; baseline -0.001 -15"><span class='ocrx_word' id='word_1_674' title='bbox 2071 3683 2377 3752; x_wconf 85' lang='lat' dir='ltr'><strong>plectentis.</strong></span> <span class='ocrx_word' id='word_1_675' title='bbox 2436 3683 2532 3736; x_wconf 81' lang='lat' dir='ltr'><strong>Est</strong></span> <span class='ocrx_word' id='word_1_676' title='bbox 2581 3691 2760 3735; x_wconf 87' lang='lat' dir='ltr'><strong>autem</strong></span> <span class='ocrx_word' id='word_1_677' title='bbox 2793 3681 3162 3743; x_wconf 81' lang='lat' dir='ltr'><strong>exorcismus.</strong></span> <span class='ocrx_word' id='word_1_678' title='bbox 3199 3684 3505 3751; x_wconf 73' lang='lat' dir='ltr'><strong>Conscripta</strong></span> <span class='ocrx_word' id='word_1_679' title='bbox 3543 3699 3666 3736; x_wconf 79' lang='lat' dir='ltr'><strong>vcr-</strong></span> 
     </span>
    </p>
   </div>
   <div class='ocr_carea' id='block_1_98' title="bbox 2070 3772 3662 3844">
    <p class='ocr_par' dir='ltr' id='par_1_98' title="bbox 2070 3772 3662 3844">
     <span class='ocr_line' id='line_1_98' title="bbox 2070 3772 3662 3844; baseline -0.001 -13"><span class='ocrx_word' id='word_1_680' title='bbox 2070 3778 2263 3832; x_wconf 86' lang='lat' dir='ltr'><strong>borutu</strong></span> <span class='ocrx_word' id='word_1_681' title='bbox 2302 3775 2497 3838; x_wconf 86' lang='lat' dir='ltr'><strong>series,</strong></span> <span class='ocrx_word' id='word_1_682' title='bbox 2521 3774 2577 3829; x_wconf 90' lang='lat' dir='ltr'><strong>in</strong></span> <span class='ocrx_word' id='word_1_683' title='bbox 2610 3788 2718 3844; x_wconf 86' lang='lat' dir='ltr'><strong>qua</strong></span> <span class='ocrx_word' id='word_1_684' title='bbox 2755 3774 2800 3828; x_wconf 91' lang='lat' dir='ltr'><strong>is</strong></span> <span class='ocrx_word' id='word_1_685' title='bbox 2825 3773 2915 3841; x_wconf 90' lang='lat' dir='ltr'><strong>qui</strong></span> <span class='ocrx_word' id='word_1_686' title='bbox 2945 3772 3207 3841; x_wconf 83' lang='lat' dir='ltr'><strong>baptizat.</strong></span> <span class='ocrx_word' id='word_1_687' title='bbox 3238 3775 3539 3841; x_wconf 85' lang='lat' dir='ltr'><strong>diabolum,</strong></span> <span class='ocrx_word' id='word_1_688' title='bbox 3570 3775 3662 3830; x_wconf 82' lang='lat' dir='ltr'><strong>Dei</strong></span> 
     </span>
    </p>
   </div>
   <div class='ocr_carea' id='block_1_99' title="bbox 2071 3864 3667 3933">
    <p class='ocr_par' dir='ltr' id='par_1_99' title="bbox 2071 3864 3667 3933">
     <span class='ocr_line' id='line_1_99' title="bbox 2071 3864 3667 3933; baseline -0.002 -11"><span class='ocrx_word' id='word_1_689' title='bbox 2071 3869 2293 3923; x_wconf 86' lang='lat' dir='ltr'><strong>nomine</strong></span> <span class='ocrx_word' id='word_1_690' title='bbox 2325 3865 2659 3933; x_wconf 80' lang='lat' dir='ltr'><strong>adiuratum.</strong></span> <span class='ocrx_word' id='word_1_691' title='bbox 2695 3864 2765 3918; x_wconf 90' lang='lat' dir='ltr'><strong>ab</strong></span> <span class='ocrx_word' id='word_1_692' title='bbox 2795 3878 2884 3924; x_wconf 89' lang='lat' dir='ltr'><strong>eo,</strong></span> <span class='ocrx_word' id='word_1_693' title='bbox 2913 3867 3008 3933; x_wconf 89' lang='lat' dir='ltr'><strong>qui</strong></span> <span class='ocrx_word' id='word_1_694' title='bbox 3041 3864 3375 3930; x_wconf 71' lang='lat' dir='ltr'><strong>baptizatur,</strong></span> <span class='ocrx_word' id='word_1_695' title='bbox 3401 3880 3536 3918; x_wconf 85' lang='lat' dir='ltr'><strong>exee</strong></span> <span class='ocrx_word' id='word_1_696' title='bbox 3560 3869 3667 3919; x_wconf 81' lang='lat' dir='ltr'><strong>&#39;ore</strong></span> 
     </span>
    </p>
   </div>
   <div class='ocr_carea' id='block_1_100' title="bbox 2070 3953 3666 4028">
    <p class='ocr_par' dir='ltr' id='par_1_100' title="bbox 2070 3953 3666 4028">
     <span class='ocr_line' id='line_1_100' title="bbox 2070 3953 3666 4028; baseline -0.004 -14"><span class='ocrx_word' id='word_1_697' title='bbox 2070 3975 2133 4014; x_wconf 85' lang='lat' dir='ltr'><strong>ac</strong></span> <span class='ocrx_word' id='word_1_698' title='bbox 2161 3959 2347 4028; x_wconf 82' lang='lat' dir='ltr'><strong>procnl</strong></span> <span class='ocrx_word' id='word_1_699' title='bbox 2381 3957 2570 4028; x_wconf 76' lang='lat' dir='ltr'><strong>fugere</strong></span> <span class='ocrx_word' id='word_1_700' title='bbox 2602 3957 2781 4027; x_wconf 79' lang='lat' dir='ltr'><strong>jubet.</strong></span> <span class='ocrx_word' id='word_1_701' title='bbox 2835 3953 3155 4024; x_wconf 64' lang='lat' dir='ltr'><strong>Etltiopum</strong></span> <span class='ocrx_word' id='word_1_702' title='bbox 3191 3954 3395 4024; x_wconf 82' lang='lat' dir='ltr'><strong>regina.</strong></span> <span class='ocrx_word' id='word_1_703' title='bbox 3425 3956 3527 4009; x_wconf 87' lang='lat' dir='ltr'><strong>hoc</strong></span> <span class='ocrx_word' id='word_1_704' title='bbox 3556 3965 3666 4023; x_wconf 81' lang='lat' dir='ltr'><strong>est,</strong></span> 
     </span>
    </p>
   </div>
   <div class='ocr_carea' id='block_1_101' title="bbox 2071 4046 3667 4119">
    <p class='ocr_par' dir='ltr' id='par_1_101' title="bbox 2071 4046 3667 4119">
     <span class='ocr_line' id='line_1_101' title="bbox 2071 4046 3667 4119; baseline -0.003 -13"><span class='ocrx_word' id='word_1_705' title='bbox 2071 4049 2293 4116; x_wconf 80' lang='lat' dir='ltr'><strong>Austri,</strong></span> <span class='ocrx_word' id='word_1_706' title='bbox 2329 4065 2474 4119; x_wconf 71' lang='lat' dir='ltr'><strong>quae.</strong></span> <span class='ocrx_word' id='word_1_707' title='bbox 2512 4059 2573 4103; x_wconf 86' lang='lat' dir='ltr'><strong>ut</strong></span> <span class='ocrx_word' id='word_1_708' title='bbox 2608 4047 2766 4102; x_wconf 88' lang='lat' dir='ltr'><strong>tertio</strong></span> <span class='ocrx_word' id='word_1_709' title='bbox 2818 4048 3026 4114; x_wconf 75' lang='lat' dir='ltr'><strong>ltegum</strong></span> <span class='ocrx_word' id='word_1_710' title='bbox 3082 4046 3312 4100; x_wconf 87' lang='lat' dir='ltr'><strong>habetur</strong></span> <span class='ocrx_word' id='word_1_711' title='bbox 3337 4087 3354 4112; x_wconf 91' lang='lat'><strong>,</strong></span> <span class='ocrx_word' id='word_1_712' title='bbox 3391 4047 3461 4100; x_wconf 91' lang='lat' dir='ltr'><strong>ab</strong></span> <span class='ocrx_word' id='word_1_713' title='bbox 3511 4047 3667 4102; x_wconf 87' lang='lat' dir='ltr'><strong>orbis</strong></span> 
     </span>
    </p>
   </div>
   <div class='ocr_carea' id='block_1_102' title="bbox 2070 4137 3666 4212">
    <p class='ocr_par' dir='ltr' id='par_1_102' title="bbox 2070 4137 3666 4212">
     <span class='ocr_line' id='line_1_102' title="bbox 2070 4137 3666 4212; baseline -0.006 -12"><span class='ocrx_word' id='word_1_714' title='bbox 2070 4144 2274 4200; x_wconf 80' lang='lat' dir='ltr'><strong>ﬁnibus</strong></span> <span class='ocrx_word' id='word_1_715' title='bbox 2308 4142 2589 4212; x_wconf 66' lang='lat' dir='ltr'><strong>sapientiae</strong></span> <span class='ocrx_word' id='word_1_716' title='bbox 2623 4139 2943 4194; x_wconf 89' lang='lat' dir='ltr'><strong>Salomonis</strong></span> <span class='ocrx_word' id='word_1_717' title='bbox 2977 4137 3123 4192; x_wconf 75' lang='lat' dir='ltr'><strong>fama</strong></span> <span class='ocrx_word' id='word_1_718' title='bbox 3161 4148 3431 4208; x_wconf 85' lang='lat' dir='ltr'><strong>permota.</strong></span> <span class='ocrx_word' id='word_1_719' title='bbox 3468 4137 3666 4192; x_wconf 82' lang='lat' dir='ltr'><strong>Hiero-</strong></span> 
     </span>
    </p>
   </div>
   <div class='ocr_carea' id='block_1_103' title="bbox 2070 4229 3665 4307">
    <p class='ocr_par' dir='ltr' id='par_1_103' title="bbox 2070 4229 3665 4307">
     <span class='ocr_line' id='line_1_103' title="bbox 2070 4229 3665 4307; baseline -0.004 -17"><span class='ocrx_word' id='word_1_720' title='bbox 2070 4236 2338 4307; x_wconf 84' lang='lat' dir='ltr'><strong>solymam</strong></span> <span class='ocrx_word' id='word_1_721' title='bbox 2372 4233 2702 4304; x_wconf 78' lang='lat' dir='ltr'><strong>perrexit“.</strong></span> <span class='ocrx_word' id='word_1_722' title='bbox 2740 4231 2908 4301; x_wconf 86' lang='lat' dir='ltr'><strong>Atqui</strong></span> <span class='ocrx_word' id='word_1_723' title='bbox 2934 4231 3218 4300; x_wconf 73' lang='lat' dir='ltr'><strong>sapientiae</strong></span> <span class='ocrx_word' id='word_1_724' title='bbox 3249 4231 3393 4284; x_wconf 88' lang='lat' dir='ltr'><strong>illius</strong></span> <span class='ocrx_word' id='word_1_725' title='bbox 3419 4272 3434 4294; x_wconf 92' lang='lat'><strong>,</strong></span> <span class='ocrx_word' id='word_1_726' title='bbox 3459 4245 3583 4300; x_wconf 65' lang='lat' dir='ltr'><strong>qua:</strong></span> <span class='ocrx_word' id='word_1_727' title='bbox 3611 4229 3665 4284; x_wconf 89' lang='lat' dir='ltr'><strong>in</strong></span> 
     </span>
    </p>
   </div>
   <div class='ocr_carea' id='block_1_104' title="bbox 2073 4321 3664 4392">
    <p class='ocr_par' dir='ltr' id='par_1_104' title="bbox 2073 4321 3664 4392">
     <span class='ocr_line' id='line_1_104' title="bbox 2073 4321 3664 4392; baseline -0.005 -9"><span class='ocrx_word' id='word_1_728' title='bbox 2073 4329 2365 4383; x_wconf 80' lang='lat' dir='ltr'><strong>Salomone</strong></span> <span class='ocrx_word' id='word_1_729' title='bbox 2414 4325 2644 4388; x_wconf 78' lang='lat' dir='ltr'><strong>exstitit,</strong></span> <span class='ocrx_word' id='word_1_730' title='bbox 2696 4324 2970 4379; x_wconf 86' lang='lat' dir='ltr'><strong>miraculo</strong></span> <span class='ocrx_word' id='word_1_731' title='bbox 2994 4362 3010 4386; x_wconf 96' lang='lat'><strong>,</strong></span> <span class='ocrx_word' id='word_1_732' title='bbox 3049 4323 3304 4392; x_wconf 83' lang='lat' dir='ltr'><strong>baptismi</strong></span> <span class='ocrx_word' id='word_1_733' title='bbox 3340 4321 3664 4376; x_wconf 82' lang='lat' dir='ltr'><strong>miraculum</strong></span> 
     </span>
    </p>
   </div>
   <div class='ocr_carea' id='block_1_105' title="bbox 2073 4416 3669 4490">
    <p class='ocr_par' dir='ltr' id='par_1_105' title="bbox 2073 4416 3669 4490">
     <span class='ocr_line' id='line_1_105' title="bbox 2073 4416 3669 4490; baseline -0.006 -13"><span class='ocrx_word' id='word_1_734' title='bbox 2073 4421 2253 4490; x_wconf 78' lang='lat' dir='ltr'><strong>majus</strong></span> <span class='ocrx_word' id='word_1_735' title='bbox 2304 4431 2361 4476; x_wconf 89' lang='lat' dir='ltr'><strong>et</strong></span> <span class='ocrx_word' id='word_1_736' title='bbox 2386 4419 2745 4474; x_wconf 81' lang='lat' dir='ltr'><strong>excellentius</strong></span> <span class='ocrx_word' id='word_1_737' title='bbox 2780 4416 3117 4473; x_wconf 87' lang='lat' dir='ltr'><strong>censendum</strong></span> <span class='ocrx_word' id='word_1_738' title='bbox 3161 4424 3244 4470; x_wconf 85' lang='lat' dir='ltr'><strong>est</strong></span> <span class='ocrx_word' id='word_1_739' title='bbox 3272 4455 3285 4477; x_wconf 86' lang='lat'><strong>.</strong></span> <span class='ocrx_word' id='word_1_740' title='bbox 3322 4419 3522 4484; x_wconf 87' lang='lat' dir='ltr'><strong>quippe</strong></span> <span class='ocrx_word' id='word_1_741' title='bbox 3555 4429 3669 4485; x_wconf 87' lang='lat' dir='ltr'><strong>quo</strong></span> 
     </span>
    </p>
   </div>
   <div class='ocr_carea' id='block_1_106' title="bbox 2077 4507 3665 4574">
    <p class='ocr_par' dir='ltr' id='par_1_106' title="bbox 2077 4507 3665 4574">
     <span class='ocr_line' id='line_1_106' title="bbox 2077 4507 3665 4574; baseline -0.005 -5"><span class='ocrx_word' id='word_1_742' title='bbox 2077 4514 2330 4571; x_wconf 84' lang='lat' dir='ltr'><strong>homines</strong></span> <span class='ocrx_word' id='word_1_743' title='bbox 2361 4528 2428 4567; x_wconf 76' lang='lat' dir='ltr'><strong>ex</strong></span> <span class='ocrx_word' id='word_1_744' title='bbox 2458 4510 2741 4567; x_wconf 84' lang='lat' dir='ltr'><strong>veteribus</strong></span> <span class='ocrx_word' id='word_1_745' title='bbox 2784 4510 2908 4565; x_wconf 79' lang='lat' dir='ltr'><strong>novi</strong></span> <span class='ocrx_word' id='word_1_746' title='bbox 2938 4509 3265 4564; x_wconf 81' lang='lat' dir='ltr'><strong>etliciautur.</strong></span> <span class='ocrx_word' id='word_1_747' title='bbox 3301 4507 3665 4574; x_wconf 68' lang='lat' dir='ltr'><strong>Quamobrem</strong></span> 
     </span>
    </p>
   </div>
   <div class='ocr_carea' id='block_1_107' title="bbox 2076 4599 3668 4675">
    <p class='ocr_par' dir='ltr' id='par_1_107' title="bbox 2076 4599 3668 4675">
     <span class='ocr_line' id='line_1_107' title="bbox 2076 4599 3668 4675; baseline -0.006 -13"><span class='ocrx_word' id='word_1_748' title='bbox 2076 4606 2281 4662; x_wconf 89' lang='lat' dir='ltr'><strong>nullius</strong></span> <span class='ocrx_word' id='word_1_749' title='bbox 2304 4601 2680 4675; x_wconf 85' lang='lat' dir='ltr'><strong>impedimenti</strong></span> <span class='ocrx_word' id='word_1_750' title='bbox 2711 4610 2877 4671; x_wconf 85' lang='lat' dir='ltr'><strong>atque</strong></span> <span class='ocrx_word' id='word_1_751' title='bbox 2903 4602 3175 4657; x_wconf 88' lang='lat' dir='ltr'><strong>obstaculi</strong></span> <span class='ocrx_word' id='word_1_752' title='bbox 3211 4611 3354 4652; x_wconf 81' lang='lat' dir='ltr'><strong>metu</strong></span> <span class='ocrx_word' id='word_1_753' title='bbox 3389 4599 3668 4653; x_wconf 83' lang='lat' dir='ltr'><strong>deterrea-</strong></span> 
     </span>
    </p>
   </div>
   <div class='ocr_carea' id='block_1_108' title="bbox 2077 4689 3670 4766">
    <p class='ocr_par' dir='ltr' id='par_1_108' title="bbox 2077 4689 3670 4766">
     <span class='ocr_line' id='line_1_108' title="bbox 2077 4689 3670 4766; baseline -0.004 -13"><span class='ocrx_word' id='word_1_754' title='bbox 2077 4700 2176 4763; x_wconf 88' lang='lat' dir='ltr'><strong>ris,</strong></span> <span class='ocrx_word' id='word_1_755' title='bbox 2209 4696 2501 4766; x_wconf 85' lang='lat' dir='ltr'><strong>quominus</strong></span> <span class='ocrx_word' id='word_1_756' title='bbox 2551 4693 2620 4749; x_wconf 82' lang='lat' dir='ltr'><strong>ad</strong></span> <span class='ocrx_word' id='word_1_757' title='bbox 2651 4693 2987 4762; x_wconf 81' lang='lat' dir='ltr'><strong>baptismum</strong></span> <span class='ocrx_word' id='word_1_758' title='bbox 3032 4691 3336 4761; x_wconf 80' lang='lat' dir='ltr'><strong>pervenias.</strong></span> <span class='ocrx_word' id='word_1_759' title='bbox 3368 4689 3547 4759; x_wconf 79' lang='lat' dir='ltr'><strong>Atque</strong></span> <span class='ocrx_word' id='word_1_760' title='bbox 3581 4690 3670 4746; x_wconf 89' lang='lat' dir='ltr'><strong>hic</strong></span> 
     </span>
    </p>
   </div>
   <div class='ocr_carea' id='block_1_109' title="bbox 2077 4781 3734 4863">
    <p class='ocr_par' dir='ltr' id='par_1_109' title="bbox 2077 4781 3734 4863">
     <span class='ocr_line' id='line_1_109' title="bbox 2077 4781 3734 4863; baseline -0.007 -19"><span class='ocrx_word' id='word_1_761' title='bbox 2077 4790 2244 4844; x_wconf 85' lang='lat' dir='ltr'><strong>etiam</strong></span> <span class='ocrx_word' id='word_1_762' title='bbox 2280 4802 2369 4843; x_wconf 85' lang='lat' dir='ltr'><strong>res</strong></span> <span class='ocrx_word' id='word_1_763' title='bbox 2397 4786 2471 4840; x_wconf 88' lang='lat' dir='ltr'><strong>ita</strong></span> <span class='ocrx_word' id='word_1_764' title='bbox 2503 4792 2818 4852; x_wconf 73' lang='lat' dir='ltr'><strong>comparata</strong></span> <span class='ocrx_word' id='word_1_765' title='bbox 2843 4792 2949 4846; x_wconf 87' lang='lat' dir='ltr'><strong>est,</strong></span> <span class='ocrx_word' id='word_1_766' title='bbox 2980 4791 3041 4835; x_wconf 92' lang='lat' dir='ltr'><strong>ut</strong></span> <span class='ocrx_word' id='word_1_767' title='bbox 3067 4781 3156 4833; x_wconf 86' lang='lat' dir='ltr'><strong>ubi</strong></span> <span class='ocrx_word' id='word_1_768' title='bbox 3185 4788 3473 4849; x_wconf 82' lang='lat' dir='ltr'><strong>promptus</strong></span> <span class='ocrx_word' id='word_1_769' title='bbox 3503 4791 3669 4847; x_wconf 81' lang='lat' dir='ltr'><strong>atque</strong></span> <span class='ocrx_word' id='word_1_770' title='bbox 3729 4855 3734 4863; x_wconf 73' lang='lat'><strong><em>_</em></strong></span> 
     </span>
    </p>
   </div>
   <div class='ocr_carea' id='block_1_110' title="bbox 2078 4873 3668 4945">
    <p class='ocr_par' dir='ltr' id='par_1_110' title="bbox 2078 4873 3668 4945">
     <span class='ocr_line' id='line_1_110' title="bbox 2078 4873 3668 4945; baseline -0.006 -8"><span class='ocrx_word' id='word_1_771' title='bbox 2078 4885 2264 4938; x_wconf 82' lang='lat' dir='ltr'><strong>alacer</strong></span> <span class='ocrx_word' id='word_1_772' title='bbox 2311 4880 2478 4935; x_wconf 88' lang='lat' dir='ltr'><strong>fuerit</strong></span> <span class='ocrx_word' id='word_1_773' title='bbox 2510 4882 2765 4940; x_wconf 85' lang='lat' dir='ltr'><strong>animus,</strong></span> <span class='ocrx_word' id='word_1_774' title='bbox 2819 4874 2969 4945; x_wconf 88' lang='lat' dir='ltr'><strong>quod</strong></span> <span class='ocrx_word' id='word_1_775' title='bbox 3026 4874 3246 4929; x_wconf 86' lang='lat' dir='ltr'><strong>obstare</strong></span> <span class='ocrx_word' id='word_1_776' title='bbox 3299 4873 3497 4942; x_wconf 88' lang='lat' dir='ltr'><strong>possit,</strong></span> <span class='ocrx_word' id='word_1_777' title='bbox 3530 4873 3668 4927; x_wconf 86' lang='lat' dir='ltr'><strong>nihil</strong></span> 
     </span>
    </p>
   </div>
   <div class='ocr_carea' id='block_1_111' title="bbox 2075 4964 3665 5044">
    <p class='ocr_par' dir='ltr' id='par_1_111' title="bbox 2075 4964 3665 5044">
     <span class='ocr_line' id='line_1_111' title="bbox 2075 4964 3665 5044; baseline -0.009 -12"><span class='ocrx_word' id='word_1_778' title='bbox 2075 4990 2198 5031; x_wconf 86' lang='lat' dir='ltr'><strong>esse</strong></span> <span class='ocrx_word' id='word_1_779' title='bbox 2227 4984 2416 5044; x_wconf 86' lang='lat' dir='ltr'><strong>queat.</strong></span> <span class='ocrx_word' id='word_1_780' title='bbox 2471 4969 2581 5025; x_wconf 75' lang='lat' dir='ltr'><strong>Nec</strong></span> <span class='ocrx_word' id='word_1_781' title='bbox 2615 4982 2747 5023; x_wconf 75' lang='lat' dir='ltr'><strong>vero</strong></span> <span class='ocrx_word' id='word_1_782' title='bbox 2783 4967 2851 5022; x_wconf 86' lang='lat' dir='ltr'><strong>ad</strong></span> <span class='ocrx_word' id='word_1_783' title='bbox 2887 4968 2936 5022; x_wconf 91' lang='lat' dir='ltr'><strong>id</strong></span> <span class='ocrx_word' id='word_1_784' title='bbox 2983 4974 3236 5036; x_wconf 86' lang='lat' dir='ltr'><strong>sumptus</strong></span> <span class='ocrx_word' id='word_1_785' title='bbox 3273 4965 3364 5019; x_wconf 91' lang='lat' dir='ltr'><strong>ulli</strong></span> <span class='ocrx_word' id='word_1_786' title='bbox 3404 4964 3665 5027; x_wconf 76' lang='lat' dir='ltr'><strong>faciendi,</strong></span> 
     </span>
    </p>
   </div>
   <div class='ocr_carea' id='block_1_112' title="bbox 2073 5055 3669 5131">
    <p class='ocr_par' dir='ltr' id='par_1_112' title="bbox 2073 5055 3669 5131">
     <span class='ocr_line' id='line_1_112' title="bbox 2073 5055 3669 5131; baseline -0.01 -7"><span class='ocrx_word' id='word_1_787' title='bbox 2073 5081 2177 5124; x_wconf 76' lang='lat' dir='ltr'><strong>nec</strong></span> <span class='ocrx_word' id='word_1_788' title='bbox 2207 5066 2377 5120; x_wconf 89' lang='lat' dir='ltr'><strong>ullum</strong></span> <span class='ocrx_word' id='word_1_789' title='bbox 2412 5062 2693 5131; x_wconf 75' lang='lat' dir='ltr'><strong>negotium</strong></span> <span class='ocrx_word' id='word_1_790' title='bbox 2726 5058 3137 5128; x_wconf 85' lang='lat' dir='ltr'><strong>suscipiendum</strong></span> <span class='ocrx_word' id='word_1_791' title='bbox 3165 5067 3275 5112; x_wconf 89' lang='lat' dir='ltr'><strong>est.</strong></span> <span class='ocrx_word' id='word_1_792' title='bbox 3302 5055 3473 5111; x_wconf 84' lang='lat' dir='ltr'><strong>Isaias</strong></span> <span class='ocrx_word' id='word_1_793' title='bbox 3496 5056 3669 5121; x_wconf 86' lang='lat' dir='ltr'><strong>enim,</strong></span> 
     </span>
    </p>
   </div>
   <div class='ocr_carea' id='block_1_113' title="bbox 2070 5148 3669 5226">
    <p class='ocr_par' dir='ltr' id='par_1_113' title="bbox 2070 5148 3669 5226">
     <span class='ocr_line' id='line_1_113' title="bbox 2070 5148 3669 5226; baseline -0.007 -11"><span class='ocrx_word' id='word_1_794' title='bbox 2070 5161 2136 5215; x_wconf 87' lang='lat' dir='ltr'><strong>ad</strong></span> <span class='ocrx_word' id='word_1_795' title='bbox 2196 5156 2531 5226; x_wconf 86' lang='lat' dir='ltr'><strong>baptismum</strong></span> <span class='ocrx_word' id='word_1_796' title='bbox 2611 5166 2711 5207; x_wconf 89' lang='lat' dir='ltr'><strong>nos</strong></span> <span class='ocrx_word' id='word_1_797' title='bbox 2768 5152 3074 5207; x_wconf 70' lang='lat' dir='ltr'><strong>exhortans</strong></span> <span class='ocrx_word' id='word_1_798' title='bbox 3107 5191 3124 5216; x_wconf 91' lang='lat'><strong>,</strong></span> <span class='ocrx_word' id='word_1_799' title='bbox 3175 5149 3310 5204; x_wconf 86' lang='lat' dir='ltr'><strong>ait:</strong></span> <span class='ocrx_word' id='word_1_800' title='bbox 3375 5148 3669 5217; x_wconf 71' lang='lat' dir='ltr'><strong>Siticines,</strong></span> 
     </span>
    </p>
   </div>
   <div class='ocr_carea' id='block_1_114' title="bbox 2078 5242 3672 5317">
    <p class='ocr_par' dir='ltr' id='par_1_114' title="bbox 2078 5242 3672 5317">
     <span class='ocr_line' id='line_1_114' title="bbox 2078 5242 3672 5317; baseline -0.006 -9"><span class='ocrx_word' id='word_1_801' title='bbox 2078 5254 2183 5309; x_wconf 88' lang='lat' dir='ltr'><strong>hoc</strong></span> <span class='ocrx_word' id='word_1_802' title='bbox 2222 5260 2332 5315; x_wconf 86' lang='lat' dir='ltr'><strong>est,</strong></span> <span class='ocrx_word' id='word_1_803' title='bbox 2366 5250 2458 5317; x_wconf 85' lang='lat' dir='ltr'><strong>qui</strong></span> <span class='ocrx_word' id='word_1_804' title='bbox 2501 5245 2758 5314; x_wconf 87' lang='lat' dir='ltr'><strong>baptismi</strong></span> <span class='ocrx_word' id='word_1_805' title='bbox 2787 5244 3066 5300; x_wconf 84' lang='lat' dir='ltr'><strong>desiderio</strong></span> <span class='ocrx_word' id='word_1_806' title='bbox 3095 5244 3338 5315; x_wconf 80' lang='lat' dir='ltr'><strong>tlagratis</strong></span> <span class='ocrx_word' id='word_1_807' title='bbox 3360 5283 3375 5308; x_wconf 92' lang='lat'><strong>,</strong></span> <span class='ocrx_word' id='word_1_808' title='bbox 3408 5243 3478 5297; x_wconf 82' lang='lat' dir='ltr'><strong>ad</strong></span> <span class='ocrx_word' id='word_1_809' title='bbox 3526 5242 3672 5300; x_wconf 79' lang='lat' dir='ltr'><strong>refo-</strong></span> 
     </span>
    </p>
   </div>
   <div class='ocr_carea' id='block_1_115' title="bbox 2081 5337 3669 5410">
    <p class='ocr_par' dir='ltr' id='par_1_115' title="bbox 2081 5337 3669 5410">
     <span class='ocr_line' id='line_1_115' title="bbox 2081 5337 3669 5410; baseline -0.009 -9"><span class='ocrx_word' id='word_1_810' title='bbox 2081 5342 2376 5401; x_wconf 88' lang='lat' dir='ltr'><strong>cillationis</strong></span> <span class='ocrx_word' id='word_1_811' title='bbox 2423 5355 2618 5410; x_wconf 83' lang='lat' dir='ltr'><strong>aquam</strong></span> <span class='ocrx_word' id='word_1_812' title='bbox 2664 5337 2885 5407; x_wconf 81' lang='lat' dir='ltr'><strong>pergite,</strong></span> <span class='ocrx_word' id='word_1_813' title='bbox 2920 5338 3023 5392; x_wconf 91' lang='lat' dir='ltr'><strong>hoc</strong></span> <span class='ocrx_word' id='word_1_814' title='bbox 3057 5346 3176 5399; x_wconf 86' lang='lat' dir='ltr'><strong>est,</strong></span> <span class='ocrx_word' id='word_1_815' title='bbox 3210 5337 3277 5391; x_wconf 85' lang='lat' dir='ltr'><strong>ad</strong></span> <span class='ocrx_word' id='word_1_816' title='bbox 3314 5338 3669 5405; x_wconf 82' lang='lat' dir='ltr'><strong>baptismum,</strong></span> 
     </span>
    </p>
   </div>
   <div class='ocr_carea' id='block_1_116' title="bbox 2083 5429 3674 5506">
    <p class='ocr_par' dir='ltr' id='par_1_116' title="bbox 2083 5429 3674 5506">
     <span class='ocr_line' id='line_1_116' title="bbox 2083 5429 3674 5506; baseline -0.007 -16"><span class='ocrx_word' id='word_1_817' title='bbox 2083 5435 2291 5506; x_wconf 83' lang='lat' dir='ltr'><strong>peccati</strong></span> <span class='ocrx_word' id='word_1_818' title='bbox 2319 5432 2594 5488; x_wconf 78' lang='lat' dir='ltr'><strong>ﬂammam</strong></span> <span class='ocrx_word' id='word_1_819' title='bbox 2626 5432 2997 5498; x_wconf 87' lang='lat' dir='ltr'><strong>ardoremque</strong></span> <span class='ocrx_word' id='word_1_820' title='bbox 3029 5430 3484 5498; x_wconf 77' lang='lat' dir='ltr'><strong>restinguentem,</strong></span> <span class='ocrx_word' id='word_1_821' title='bbox 3510 5437 3559 5480; x_wconf 87' lang='lat' dir='ltr'><strong>et</strong></span> <span class='ocrx_word' id='word_1_822' title='bbox 3585 5429 3674 5496; x_wconf 74' lang='lat' dir='ltr'><strong>qui</strong></span> 
     </span>
    </p>
   </div>
   <div class='ocr_carea' id='block_1_117' title="bbox 2083 5519 3676 5595">
    <p class='ocr_par' dir='ltr' id='par_1_117' title="bbox 2083 5519 3676 5595">
     <span class='ocr_line' id='line_1_117' title="bbox 2083 5519 3676 5595; baseline -0.006 -11"><span class='ocrx_word' id='word_1_823' title='bbox 2083 5545 2189 5584; x_wconf 82' lang='lat' dir='ltr'><strong>non</strong></span> <span class='ocrx_word' id='word_1_824' title='bbox 2227 5525 2432 5582; x_wconf 71' lang='lat' dir='ltr'><strong>habetis</strong></span> <span class='ocrx_word' id='word_1_825' title='bbox 2468 5532 2783 5595; x_wconf 78' lang='lat' dir='ltr'><strong>argentum,</strong></span> <span class='ocrx_word' id='word_1_826' title='bbox 2825 5531 2883 5576; x_wconf 91' lang='lat' dir='ltr'><strong>ut</strong></span> <span class='ocrx_word' id='word_1_827' title='bbox 2912 5522 3149 5592; x_wconf 86' lang='lat' dir='ltr'><strong>pretium</strong></span> <span class='ocrx_word' id='word_1_828' title='bbox 3191 5519 3355 5586; x_wconf 82' lang='lat' dir='ltr'><strong>detis,</strong></span> <span class='ocrx_word' id='word_1_829' title='bbox 3387 5520 3542 5573; x_wconf 83' lang='lat' dir='ltr'><strong>emite</strong></span> <span class='ocrx_word' id='word_1_830' title='bbox 3575 5520 3676 5574; x_wconf 85' lang='lat' dir='ltr'><strong>bu-</strong></span> 
     </span>
    </p>
   </div>
   <div class='ocr_carea' id='block_1_118' title="bbox 2573 5724 3672 5796">
    <p class='ocr_par' dir='ltr' id='par_1_118' title="bbox 2573 5724 3672 5796">
     <span class='ocr_line' id='line_1_118' title="bbox 2573 5724 3672 5796; baseline -0.004 -10"><span class='ocrx_word' id='word_1_831' title='bbox 2573 5731 2619 5764; x_wconf 76' lang='lat'><strong>&quot;</strong></span> <span class='ocrx_word' id='word_1_832' title='bbox 2650 5728 2826 5786; x_wconf 84' lang='lat' dir='ltr'><strong>Galat.</strong></span> <span class='ocrx_word' id='word_1_833' title='bbox 2878 5743 2964 5796; x_wconf 89' lang='grc' dir='ltr'>ιιι,</span> <span class='ocrx_word' id='word_1_834' title='bbox 3017 5726 3088 5783; x_wconf 62' lang='grc' dir='ltr'><strong>γ’</strong></span> <span class='ocrx_word' id='word_1_835' title='bbox 3176 5726 3222 5762; x_wconf 76' lang='grc'><strong>’⁸</strong></span> <span class='ocrx_word' id='word_1_836' title='bbox 3267 5724 3461 5782; x_wconf 80' lang='lat' dir='ltr'><strong>Ma&#39;tb.</strong></span> <span class='ocrx_word' id='word_1_837' title='bbox 3498 5741 3582 5791; x_wconf 82' lang='grc' dir='ltr'>ιιι,</span> <span class='ocrx_word' id='word_1_838' title='bbox 3617 5726 3672 5782; x_wconf 75' lang='grc' dir='ltr'><strong>ϐ.</strong></span> 
     </span>
    </p>
   </div>
  </div>
