4100 6410
473 299 606 368 1215

1930 294 2317 358 ADDENDA.

3611 295 3746 361 127ίὶ

464 415 708 489 jusmodi
750 432 983 489 aquam,
1030 426 1285 488 prompto
1336 424 1501 488 atque
1542 415 1710 472 alacri
1774 414 1962 469 animo
1994 412 2061 468 ad
2092 421 2136 475 Α
2170 412 2487 472 mortalium
2524 420 2608 466 est
2649 412 2821 482 gratia
2852 453 2865 474 .
2910 426 3017 466 non
3072 426 3235 468 secus
3268 420 3433 484 atque
3463 428 3558 469 aer
3588 430 3753 487 quem

468 528 593 568 eam
636 513 944 569 accedendo
969 514 1035 566 "’.
1067 512 1194 566 Solo
1225 512 1371 567 enim
1404 510 1705 567 voluntatis
1735 508 1913 580 pretio
1959 508 2058 563 ba-

471 608 709 677 ptisuttts
757 608 979 662 emitur.
1036 606 1205 662 Porro
1250 622 1373 660 cum
1420 605 1756 660 voluntatem
1786 602 2060 673 cupidita-

470 710 696 769 temque
746 700 892 765 dico,
946 715 1053 752 non
1090 699 1293 754 nudam
1343 715 1407 771 ac
1435 699 1740 768 simplicem
1773 696 2056 767 intelligo:

468 792 731 844 neci-uim
757 806 816 844 ea
843 788 1036 845 sufﬁcit
1068 806 1288 845 :t-erum
1317 804 1436 845 cam
1457 804 1579 856 qua:
1601 788 1868 842 actionem
1890 785 2061 840 comi-

465 895 579 938 tem
624 884 786 939 habet
811 927 826 951 ,
862 899 1024 952 atque
1068 899 1132 939 ex
1170 900 1235 939 eo
1264 890 1407 953 quod
1439 883 1505 937 ad
1540 898 1651 936 rem
1682 881 1975 951 expolitam
2010 887 2064 934 ct

472 972 818 1040 concupitam
848 987 947 1026 nos
975 971 1349 1034 conferemus,
1371 970 1609 1025 maxime
1637 970 2062 1041 apparetetelu-

467 1061 666 1115 ccscit.
696 1062 980 1115 incessum
1018 1063 1219 1132 quippe
1244 1069 1301 1113 ct
1334 1060 1733 1130 profectionem
1761 1060 1916 1130 pretii
1943 1060 2064 1113 loco

467 1148 644 1203 ducit.
682 1147 921 1219 Profecti
962 1151 1133 1216 enim,
1170 1150 1370 1218 inquit.
1407 1150 1559 1203 emite
1599 1158 1648 1204 et
1688 1149 1846 1203 bibite
1883 1149 2063 1202 vinum

466 1241 587 1294 sine
609 1246 781 1308 pretio
808 1242 877 1309 ⁸⁸,
932 1242 1035 1297 hoc
1089 1253 1193 1305 εει,
1240 1242 1519 1311 voluptate
1568 1239 1877 1296 aﬂiciamini
1918 1240 2065 1294 nulla

472 1338 709 1403 pecun‘a
787 1337 1083 1406 persoluta.
1150 1334 1350 1389 Vinum
1428 1335 1575 1389 enim
1645 1333 2064 1389 oblectationem

469 1430 745 1500 designat.
769 1429 845 1484 Ac
872 1430 1100 1499 proimlc
1126 1429 1328 1483 dictum
1355 1440 1438 1484 est
1465 1446 1481 1484 :
1511 1427 1576 1483 Et
1609 1429 1784 1483 vinum
1803 1430 2066 1485 exhilarat

471 1534 567 1570 cor
597 1518 826 1573 hominis
855 1520 921 1572 ”.
964 1518 1054 1573 Vel
1085 1519 1319 1574 fortasse
1350 1521 1537 1573 vinum
1580 1521 1869 1591 mysticum
1912 1521 2070 1576 intel-

477 1609 614 1678 ligit,
652 1609 754 1664 hoc
784 1620 887 1673 est.
921 1612 1130 1667 Christi
1160 1614 1510 1683 sanguinem,
1544 1613 1703 1683 cujus
1734 1623 1852 1682 post
1893 1614 2071 1683 bapti-

476 1717 658 1756 smum
685 1704 854 1774 gratis
880 1704 1198 1776 participem
1224 1705 1336 1760 fieri
1361 1706 1505 1761 licet.
1537 1707 1662 1761 Sitit
1681 1718 1846 1778 atque
1866 1708 2070 1778 appetit

482 1795 749 1852 Dominus
809 1810 839 1851 a
893 1798 1051 1854 nobis
1104 1798 1277 1851 amari
1332 1815 1347 1853 :
1401 1800 1605 1870 datque
1655 1800 1955 1870 jucundius
2007 1815 2068 1855 ac

480 1889 774 1950 libentius,
811 1905 972 1958 quam
1026 1889 1116 1944 alii
1166 1891 1462 1961 accipiant,
1509 1892 1810 1948 dummodo
1856 1910 2070 1965 nequa-

479 1999 644 2052 quam
687 1998 855 2053 parva
883 1993 937 2039 et
964 1984 1150 2051 exilia,
1186 2000 1373 2040 verum
1411 2001 1477 2040 eo
1504 1985 1668 2055 digna
1703 1988 2067 2057 postulamus.

480 2077 644 2132 Peliit
674 2092 704 2131 a
743 2074 1090 2133 Snnaritana
1138 2088 1352 2149 potum,
1384 2081 1489 2136 hoc
1527 2090 1630 2147 cst,
1675 2082 1832 2138 fidem
1857 2123 1873 2149 ,
1906 2092 2073 2153 atque

485 2170 651 2241 hujus
672 2170 800 2225 doni
824 2171 1160 2226 desiderium
1185 2192 1198 2224 ε
1221 2172 1336 2241 ipse
1357 2183 1537 2227 autem
1557 2189 1675 2230 eam
1699 2175 1971 2245 baptismo
1989 2184 2075 2230 est

483 2262 798 2331 impartitus
819 2262 857 2317 ⁸.
885 2263 988 2329 Qui
1017 2265 1138 2317 fons
1162 2266 1381 2333 quidem
1406 2266 1436 2319 d
1464 2267 1630 2330 citur,
1661 2268 1790 2337 quia
1820 2269 2073 2339 perenui-

484 2366 568 2411 ter
588 2355 742 2423 fluit;
769 2371 925 2424 aqum
954 2366 1159 2419 autent,
1189 2358 1314 2426 quia
1344 2358 1601 2414 vitiorum
1620 2362 1813 2416 sordes
1835 2362 2001 2417 abluit
2021 2372 2076 2418 et

486 2456 703 2518 purgat,
731 2459 896 2518 atque
923 2449 1086 2501 etiatn
1122 2448 1415 2505 affectuum
1440 2448 1712 2517 flammas,
1739 2454 2072 2523 exstinguit;

484 2542 735 2597 salientis
786 2541 1061 2611 denique,
1116 2542 1221 2598 hoc
1270 2552 1397 2608 est,
1436 2555 1586 2600 metu
1642 2549 1858 2616 agitata:
1906 2557 2075 2619 atque

485 2633 745 2699 efficacis,
774 2643 829 2688 et
867 2634 934 2687 ad
978 2636 1142 2687 vitam
1170 2646 1431 2690 :rternatn
1465 2636 1763 2695 cil‘crentis.
1799 2638 1918 2694 .Iam
1943 2654 2074 2696 vero

487 2726 659 2781 Isaias
678 2729 931 2781 doctores
951 2741 1048 2780 eos
1078 2728 1267 2781 beatos
1291 2728 1555 2799 praedicat
1578 2731 1620 2795 ⁸,
1649 2732 1740 2800 qui
1766 2732 2071 2786 doctrinam

480 2836 652 2891 super
712 2835 932 2876 omnem
999 2837 1197 2892 aquam
1260 2833 1550 2891 spargunt,
1620 2825 1723 2878 hoc
1775 2835 1860 2880 est
1909 2841 2076 2894 super

483 2929 707 2969 etnnem
754 2916 993 2970 animam
1055 2915 1308 2987 baptismi
1356 2933 1497 2987 aqua
1551 2920 1851 2987 perfusam,
1908 2937 2072 2991 quam

488 3005 753 3058 hesterno
802 3004 910 3068 die,
966 3006 1069 3060 hoc
1125 3016 1244 3073 est,
1303 3019 1429 3064 ante
1489 3008 1821 3078 baptismum
1877 3011 2077 3067 divinas

2162 507 2462 576 Spiramus,
2508 520 2571 558 ac
2607 505 2806 561 ccelum
2840 505 3106 575 orbisque
3140 512 3420 575 aspectus.

2234 599 2348 656 Col.
2382 600 2488 655 399
2519 600 2582 653 Α.
2617 596 2737 653 Sint
2767 615 2894 652 sane
2937 598 3070 662 hare,
3114 599 3308 652 dixerit
3354 596 3549 666 aliquis
3581 612 3746 665 quan-

2164 704 2298 756 tum,
2347 702 2452 748 etr.
2516 691 2638 747 Sint
2683 707 2819 747 sane
2850 707 2999 759 vera,
3030 692 3268 761 inquies,
3318 705 3443 760 quas
3472 690 3540 744 de
3575 690 3757 756 nobis,

2163 788 2256 859 qui
2291 803 2320 842 a
2344 788 2475 841 lulta
2506 795 2664 841 aetate
2714 801 2935 848 sumus,
2994 801 3060 841 ac
3094 786 3427 856 baptismum
3467 783 3758 853 requirere

2166 895 2476 951 possumus,
2527 880 2624 935 abs
2649 887 2701 935 te
2729 879 2871 934 dicta
2900 887 3029 934 sunt
3057 897 3069 932 :
3103 893 3295 933 verum
3324 879 3391 935 de
3419 877 3755 945 infantibus,

2164 973 2258 1043 qui
2297 973 2432 1026 nihil
2458 973 2739 1034 sentiunt,
2796 972 2927 1043 quid
2974 971 3104 1026 ais?
3133 972 3216 1027 An
3253 973 3354 1027 hos
3384 986 3611 1042 quoque
3659 971 3758 1027 ba—

2167 1068 2515 1139 ptizabimus.
2558 1065 2634 1121 lla
2669 1082 2842 1131 sane,
2898 1067 2944 1121 si
2995 1066 3139 1137 quod
3183 1066 3486 1138 periculum
3543 1075 3757 1136 urgeat.

2168 1162 2348 1230 Atque
2405 1160 2570 1229 hujus
2624 1159 2704 1213 rei
2766 1157 3160 1213 documetlunt
3216 1156 3349 1212 hinc
3408 1155 3519 1227 peti
3557 1167 3760 1227 potest,

2168 1254 2315 1325 quod
2352 1268 2420 1309 ne
2449 1252 2673 1308 Judaeus
2694 1252 2916 1321 quidem
2950 1251 3435 1307 circumcisionem
3467 1260 3760 1306 aversatur

2168 1365 2264 1404 aut
2296 1346 2502 1414 differt,
2540 1345 2742 1401 minaci
2771 1347 2874 1401 hac
2911 1346 3163 1401 oratione
3186 1353 3471 1415 permotus
3504 1361 3517 1399 :
3564 1342 3750 1400 Omnia

2170 1441 2373 1499 anima.
2401 1454 2518 1504 qua:
2553 1448 2739 1493 octavo
2773 1438 2857 1493 die
2886 1437 3205 1491 circumcisa
3237 1451 3340 1490 non
3372 1434 3554 1503 fuerit,
3587 1443 3754 1488 exter-

2171 1528 2510 1584 minabitan
2549 1528 2917 1584 Circumcisio
2950 1536 3134 1584 autent
3175 1527 3265 1579 illa
3300 1523 3760 1579 Circumcisionis

2174 1638 2281 1676 non
2309 1620 2636 1676 manufarta:
2670 1621 2896 1691 figuram
2928 1620 3173 1689 gerebat,
3228 1634 3349 1689 qua:
3384 1618 3436 1671 in
3485 1616 3758 1685 baptismo

2176 1729 2272 1782 per
2323 1713 2512 1769 carnis
2547 1713 3007 1783 cxspoliationem
3037 1711 3515 1781 ahjectionemqne
3546 1704 3763 1780 peragi;

2177 1804 2333 1859 tur'.
2358 1803 2438 1858 Ae
2470 1814 2759 1874 propterea
2797 1804 2911 1858 haec
2945 1802 3096 1857 nullo
3127 1801 3291 1856 modo
3324 1799 3626 1857 diuereuda
3654 1808 3763 1866 νει,

2176 1911 2300 1952 cum
2339 1895 2601 1952 Dominus
2626 1884 2873 1951 dixerit:
2910 1893 3035 1950 Nisi
3090 1894 3209 1965 quis
3266 1905 3423 1947 natus
3476 1894 3641 1962 fuerit
3694 1907 3764 1945 ea:

2175 2008 2314 2062 aqua
2341 2001 2390 2046 et
2419 1989 2646 2061 Spiritu,
2699 2007 2800 2044 non
2844 1988 3066 2044 intrabit
3098 1988 3153 2041 in
3185 2002 3400 2056 regnum
3441 1983 3595 2039 Dei'.
3648 1982 3765 2040 lluc

2176 2082 2408 2144 accedit,
2445 2081 2589 2152 quod
2622 2090 2807 2151 postes
2847 2094 3070 2148 quoque
3096 2086 3150 2131 et
3190 2077 3236 2131 si
3268 2090 3432 2131 sensu
3487 2081 3763 2138 carentes,

2176 2173 2446 2245 sanguine
2479 2172 2846 2244 uagabantur:
2866 2170 2887 2201 ⁸
2908 2178 2964 2225 et
2997 2178 3180 2223 tamen
3201 2166 3598 2222 exterminator
3626 2179 3765 2220 cou-

2179 2269 2426 2337 signatas
2482 2265 2679 2321 domos
2737 2263 3054 2334 praeteribat
3097 2280 3111 2316 :
3160 2265 3215 2316 in
3253 2261 3323 2315 iis
3380 2268 3590 2322 autem,
3642 2271 3768 2326 quae

2166 2362 2395 2431 signum
2438 2359 2646 2415 nullum
2700 2356 3084 2429 prteferebant,
3150 2354 3510 2425 primigenum
3557 2351 3765 2421 prolem

2180 2450 2563 2506 interficiebat.
2594 2449 2828 2504 Proinde
2844 2463 3065 2518 quoque
3089 2447 3264 2501 satius
3282 2453 3385 2514 est,
3420 2455 3471 2500 ut
3504 2443 3764 2506 infantes,

2181 2543 2399 2599 tametsi
2431 2557 2597 2597 sensu
2630 2550 2873 2597 careant.
2907 2539 3278 2609 baptizentnr,
3319 2553 3484 2609 quam
3519 2546 3579 2590 ut
3623 2536 3764 2605 signi

2177 2645 2431 2706 expertes
2495 2650 2526 2689 e
2573 2634 2679 2690 vita
2732 2633 3020 2688 decedant.
3057 2629 3329 2697 Quoniam
3389 2629 3535 2682 enim
3581 2644 3670 2680 mo
3695 2631 3768 2697 '_o,

2178 2728 2272 2798 qui
2327 2726 2642 2798 baptizatus
2693 2741 2801 2780 non
2850 2731 2936 2779 est
2965 2764 2981 2787 ,
3012 2723 3198 2778 dicere
3250 2728 3416 2791 queat
3466 2718 3554 2772 Dei
3597 2733 3767 2773 sum:

2181 2838 2303 2876 cum
2341 2822 2418 2876 rei
2452 2820 2619 2890 hujus
2644 2819 2802 2891 signa
2833 2827 2889 2871 et
2921 2826 3080 2872 notas
3110 2830 3295 2870 secum
3339 2827 3447 2867 non
3485 2810 3669 2866 lerat?
3699 2811 3770 2865 At

2181 2924 2311 2963 Vt‘l‘O
2338 2907 2407 2963 de
2456 2908 2580 2963 aliis
2613 2905 2882 2973 puerulis,
2909 2920 3051 2974 quos
3080 2902 3266 2958 nullus
3290 2902 3557 2954 adversus
3585 2913 3771 2963 casus,

2182 3016 2284 3054 nec
2303 2999 2610 3069 periculum
2655 2997 2827 3051 ullutn
2855 2994 3122 3065 Baptismi
3163 2990 3497 3061 suscipiendi
3527 2989 3766 3043 necessi-

490 3095 689 3164 pluvia‘.
747 3096 976 3166 penuria
1044 3098 1433 3165 laborantem,
1514 3112 1725 3157 vastam
1782 3113 1838 3158 ει
1902 3103 2148 3170 i..cut-c
2182 3091 2653 3160 tateconstringit,
2679 3089 2733 3143 in
2758 3102 2820 3143 ea
2844 3103 2968 3143 sum
2989 3088 3278 3151 sententia,
3303 3094 3362 3137 ιιι
3386 3084 3528 3138 circa
3549 3079 3767 3135 tertium

488 3198 599 3244 tam
643 3190 819 3246 bruta:
870 3191 1039 3246 animi
1079 3194 1519 3262 perturbationes
1550 3196 1841 3249 calcabant
1868 3210 1933 3250 ac
1958 3212 2078 3264 pre-

490 3283 733 3341 mebant.
758 3284 891 3339 Nam
930 3285 1022 3356 qui
1058 3302 1173 3341 rem
1215 3286 1457 3356 aliquam
1496 3288 1725 3356 pedibus
1772 3290 1920 3355 terit,
1954 3305 2077 3345 eam

487 3393 708 3448 quoque
747 3379 1081 3448 comprimit.
1145 3378 1426 3433 Dementia
1478 3389 1660 3435 autent
1715 3396 1780 3437 ac
1823 3384 2077 3437 vecordia

488 3486 589 3542 per
636 3473 829 3527 bovem
880 3482 1050 3540 atque
1099 3470 1317 3525 asinum
1352 3470 1715 3541 signiﬁcatur.
1751 3472 2078 3545 Quanquam

491 3562 659 3618 etiam
695 3564 781 3618 his
811 3561 991 3616 verbis
1013 3602 1030 3628 ,
1069 3562 1426 3629 naturalium,
1477 3579 1543 3620 ac
1596 3579 1793 3635 praeter
1827 3577 2077 3623 naturam

490 3653 878 3710 assistentium
924 3651 1221 3708 aﬂectuum
1252 3654 1553 3711 discrimen
1589 3660 1766 3712 notari
1799 3659 2079 3727 existimo,

491 3745 751 3816 quoniam
809 3745 908 3801 bos
977 3761 1176 3817 purum
1230 3758 1314 3803 est
1348 3749 1595 3814 animal,
1649 3752 1838 3808 asinus
1897 3762 2079 3809 autem

494 3839 767 3907 impurum
802 3849 857 3894 et
889 3838 1262 3893 immundum.
1294 3838 1415 3896 Jocl
1449 3842 1675 3912 insuper
1701 3844 1779 3898 ait
1807 3861 1819 3898 :
1848 3840 1995 3899 Fons
2015 3860 2082 3899 ea:

482 3929 649 3992 domo
710 3928 923 3985 Domini
984 3931 1285 4002 egredietur
1334 3948 1397 3986 at:
1450 3941 1741 3990 torrentem
1793 3936 2084 4006 juncorum

485 4026 698 4093 protnet
721 4024 763 4079 ³.
788 4025 887 4080 Est
906 4037 1089 4083 autem
1108 4034 1377 4097 qttantum
1399 4028 1466 4082 ad
1487 4029 1808 4085 historicum
1831 4046 2080 4098 sensum,

497 4115 651 4168 locus
703 4112 847 4168 haud
880 4116 1071 4184 procul
1118 4115 1188 4170 ab
1220 4114 1615 4190 Hierosolymis
1646 4120 1898 4186 dissitus,
1939 4138 2084 4193 aqua

495 4219 713 4269 carens,
737 4215 791 4258 et
809 4205 1010 4273 juncos
1026 4207 1337 4273 proferens.
1359 4209 1668 4277 Allegorieo
1685 4223 1869 4268 autem
1894 4230 2083 4281 sensu,

497 4312 597 4366 per
664 4296 870 4350 fontem
948 4298 1281 4365 evangelica
1345 4301 1755 4370 pacificationis
1806 4306 2085 4373 doctrina

496 4389 864 4461 signiﬁcatur;
878 4405 974 4459 per
991 4400 1285 4446 torrentem
1305 4404 1486 4447 autem
1502 4395 1822 4465 juncorum,
1843 4398 2083 4455 fidelium

2187 3185 2364 3239 :rtatis
2388 3199 2618 3247 annum,
2640 3192 2729 3235 aut
2746 3182 2975 3235 omnino
2999 3181 3139 3233 intra
3163 3179 3266 3232 hoc
3285 3187 3522 3243 tempus,
3548 3173 3651 3227 hoc
3673 3170 3773 3239 ali;-

2186 3287 2395 3347 qnanto
2415 3276 2557 3330 ultra
2592 3277 2699 3329 hoc
2721 3272 2986 3342 spatium,
3009 3272 3355 3339 baptizentur
3388 3286 3401 3322 :
3426 3278 3483 3323 ut
3510 3264 3772 3322 nonnulla

2188 3375 2553 3423 sacrosanctae
2581 3363 2913 3421 iuitiationis
2931 3362 3099 3418 verba
3130 3360 3324 3417 audire
3348 3375 3414 3416 ac
3444 3358 3774 3428 respoudcre

2189 3469 2440 3531 queant.
2508 3458 2659 3515 verbi
2722 3458 2963 3528 gratia:
3016 3453 3362 3511 Abrenuntio
3433 3451 3649 3507 Satanae
3712 3463 3780 3503 ac

2187 3554 2409 3611 Christo
2442 3553 2729 3623 adjungor.
2762 3550 2870 3605 lies
2911 3550 3057 3604 enim
3086 3549 3194 3610 ita.
3242 3556 3298 3603 ut
3339 3546 3597 3601 dicturus
3631 3557 3777 3607 sum,

2189 3663 2250 3704 se
2284 3647 2471 3709 habet,
2499 3645 2644 3715 quod
2697 3643 2850 3714 pueri
2884 3650 2997 3697 tum
3043 3641 3266 3697 demum
3301 3638 3425 3694 vita:
3454 3652 3570 3695 sua:
3603 3636 3780 3691 ratio-

2190 3755 2314 3795 nem
2350 3739 2580 3796 reddere
2605 3736 2895 3806 incipiunt.
2923 3750 3051 3791 cum
3097 3733 3218 3788 fidei
3263 3732 3586 3803 mysterium
3614 3727 3783 3782 intel-

2191 3832 2444 3899 lexerint,
2465 3842 2520 3886 et
2550 3845 2677 3885 cum
2699 3830 2755 3883 iu
2789 3828 2921 3899 ipsis
2944 3827 3104 3898 plena
3135 3835 3188 3882 et
3215 3824 3403 3880 adulta
3434 3823 3573 3876 ratio
3595 3818 3781 3884 fuerit,

2191 3929 2301 3983 huc
2351 3934 2459 3989 est,
2486 3925 2733 3980 delectus
2759 3923 2889 3979 boni
2921 3929 2975 3976 et
3005 3922 3154 3976 mali.
3184 3917 3326 3974 Tum
3366 3926 3550 3971 autem
3577 3914 3641 3969 ad
3672 3912 3787 3983 ple-

2192 4034 2324 4076 num
2354 4018 2445 4073 illa
2478 4017 2741 4089 perducta
2771 4024 2878 4081 est,
2900 4030 3025 4072 eum
3052 4010 3408 4069 conscientia:
3435 4007 3707 4079 judicium
3730 4012 3791 4058 et

2193 4127 2458 4170 sensuum
2508 4124 2715 4179 organa
2766 4107 3072 4164 secundum
3124 4112 3378 4160 naturam
3425 4113 3588 4170 agere
3647 4096 3792 4153 inci-

2194 4205 2370 4275 piunt.
2406 4203 2518 4269 lloc
2551 4213 2721 4270 porro
2766 4199 2912 4254 circa
2944 4196 3335 4253 duodecimum
3395 4204 3603 4246 annum
3651 4202 3793 4243 con-

2196 4296 2374 4368 tingit.
2401 4293 2672 4352 Caeterum
2714 4290 2966 4363 quamvis
2990 4288 3207 4362 pueruli
3240 4285 3398 4342 venia
3438 4294 3791 4352 nequaquam

2195 4404 2336 4461 opus
2357 4389 2613 4453 habeant,
2635 4394 2824 4456 utpote
2848 4384 3089 4439 nondum
3119 4382 3177 4437 in
3201 4388 3485 4452 peccatum
3507 4373 3747 4446 prolapsi
3773 4387 3792 4426 :

501 4482 775 4548 Ecclesia,
810 4494 934 4552 qua:
961 4497 1087 4538 cum
1124 4484 1280 4555 prius
1305 4485 1457 4541 arida
1488 4497 1546 4543 et
1585 4489 1835 4545 siccitate
1860 4500 2084 4560 perusta
2122 4477 2166 4531 ι)
2195 4492 2251 4539 at
2278 4481 2383 4553 ipsi
2413 4490 2593 4536 tamen
2630 4477 2917 4548 signaculo
2943 4485 2999 4531 et
3032 4472 3293 4545 praesidio
3328 4469 3601 4540 indigent,
3627 4473 3797 4534 atque

500 4588 669 4643 esset,
705 4579 968 4644 quoniam
1022 4579 1168 4634 nulla
1207 4579 1525 4648 hujusmodi
1578 4583 1848 4639 doctrinae
1888 4583 2090 4640 fluenta

506 4671 796 4735 hauserat,
826 4687 929 4728 nec
955 4671 1249 4745 frugiferas
1278 4675 1419 4731 ullas
1452 4678 1699 4742 actiones
1732 4676 2087 4746 produxerat,

499 4778 687 4836 postea
716 4766 938 4836 irrigata
963 4776 1069 4832 est,
1098 4766 1416 4838 fructusque
1444 4769 1584 4826 tulit.
1609 4769 1882 4837 Quoniam
1906 4780 2089 4829 autem

496 4859 724 4929 juncus,
764 4860 857 4930 qui
894 4859 1002 4913 feni
1032 4869 1118 4916 est
1144 4862 1379 4929 species,
1412 4862 1589 4918 brutis
1619 4863 1996 4920 animantibus
2035 4863 2088 4920 in

503 4949 764 5018 pabulum
790 4949 954 5017 objici
979 4951 1137 5015 solet,
1162 4951 1368 5007 ideirco
1390 4957 1629 5008 animam
1662 4955 1828 5011 stulte
1858 4964 2090 5012 temere-

504 5056 613 5111 que
670 5042 944 5097 viventem
1004 5043 1321 5115 Theologus
1371 5044 1702 5115 junciferam
1760 5048 2085 5105 nominavit.

506 5133 661 5189 Hane
715 5149 882 5205 porro
936 5135 1284 5206 baptismatis
1325 5136 1496 5205 fonte,
1545 5143 1821 5213 extemplo
1870 5144 2091 5200 Domini

507 5239 767 5282 manante
788 5269 801 5287 ,
837 5227 1114 5298 irrigatam
1140 5271 1155 5295 ,
1187 5246 1290 5302 pro
1317 5230 1489 5301 junco
1518 5235 1763 5290 triticum
1816 5235 1963 5291 ferre
1993 5237 2090 5303 ait,

500 5319 614 5375 hoc
667 5328 781 5385 est,
833 5321 1079 5378 actiones
1115 5323 1357 5380 hominis
1408 5336 1620 5382 natura:
1678 5332 2089 5387 convenientes.

500 5412 777 5479 Quocirca
812 5414 961 5468 omni
992 5414 1175 5469 studio
1206 5415 1302 5469 tibi
1333 5415 1400 5470 ad
1426 5418 1764 5487 vigilandum
1792 5432 1897 5487 est,
1924 5436 1994 5477 ne
2016 5423 2094 5478 sis

499 5518 705 5575 expers
743 5504 1000 5573 baptismi
1033 5520 1047 5558 :
1077 5504 1171 5573 qui
1204 5503 1425 5574 quidem
1472 5506 1787 5562 cetnmunis
1845 5510 2091 5563 omnium

587 5709 755 5766 "lsa.
783 5725 870 5770 tv.
900 5710 948 5764 l.
1011 5710 1056 5742 "'
1093 5706 1221 5762 ibid.

1304 5710 1349 5742 ”
1372 5706 1516 5763 Psal.
1547 5723 1663 5769 cm,
1703 5708 1790 5763 15.
1863 5708 1877 5740 ⁵
1909 5706 2065 5763 Joan.
2093 5722 2167 5769 tv.
2225 5710 2241 5765 l
2279 5724 2431 5777 seqq.

2193 4575 2333 4647 ipsis
2387 4573 2694 4644 haptismus
2748 4567 3062 4625 oil‘erendus
3109 4574 3164 4622 et
3202 4562 3549 4620 adhibendus
3578 4568 3685 4623 est,
3728 4565 3793 4612 ut

2192 4665 2667 4740 propugnaculum
2713 4660 2990 4732 quoddam
3041 4668 3099 4717 et
3143 4655 3518 4729 praemunitio,
3558 4659 3793 4724 propter

2192 4756 2531 4830 improvisos
2562 4770 2628 4810 ac
2678 4752 2999 4823 repentinos
3050 4765 3258 4806 casus:
3295 4748 3497 4819 quibus
3548 4757 3801 4816 persaepe

2202 4874 2272 4916 ne
2299 4868 2596 4915 occurrere
2634 4854 2855 4923 quidem
2883 4865 2947 4906 ac
2970 4849 3175 4905 mederi
3202 4846 3496 4917 quisquam
3527 4841 3721 4911 possit.

2267 4950 2403 5007 Ibid.
2454 4947 2517 5005 C.
2568 4947 2636 5002 At
2680 4947 2840 5010 dices,
2876 4942 3120 5000 Christus
3163 4940 3428 4996 tricesimo
3470 4951 3632 4998 anno,
3682 4940 3799 4987 etc.

2199 5045 2336 5101 Illud
2364 5056 2584 5113 quoque
2613 5038 2835 5110 objicis,
2871 5038 3018 5109 quod
3050 5036 3309 5092 Christus
3334 5032 3615 5088 tricesimo
3650 5040 3801 5080 anno

2202 5137 2510 5209 baptizatus
2549 5142 2632 5190 est
2673 5151 2688 5189 :
2723 5133 2891 5202 idque
2918 5146 3046 5187 cum
3083 5130 3228 5185 Deus
3257 5137 3424 5184 esset.
3454 5123 3710 5180 Pluribus
3731 5132 3805 5173 ac

2200 5231 2436 5289 diversis
2464 5228 2645 5283 modis
2687 5234 3083 5296 argumentum
3143 5225 3246 5278 hoc
3273 5219 3445 5274 diluo.
3482 5216 3725 5270 Primum
3767 5227 3800 5267 a

2203 5338 2461 5396 persona,
2493 5321 2623 5391 quia
2659 5321 2753 5375 ille
2797 5319 2942 5374 Deus
2970 5325 3111 5379 erat,
3147 5325 3201 5366 tu
3261 5321 3447 5367 autem
3497 5310 3697 5371 homo;
3732 5319 3804 5359 ac

2203 5417 2433 5488 proinde
2469 5414 2559 5469 ille
2585 5412 2910 5484 purgatione
2928 5405 3370 5476 nonindigcbat:
3407 5417 3596 5458 verum
3632 5412 3806 5467 prop-

2204 5520 2289 5565 ter
2314 5518 2365 5564 tc
2395 5507 2709 5577 baptizatus
2737 5513 2839 5570 est,
2874 5500 3337 5572 quemadmodum
3374 5505 3428 5550 et
3457 5496 3800 5550 incarnatus:

2547 5708 2568 5741 '
2601 5708 2710 5764 lsa.
2747 5718 2916 5770 xxxii,
2951 5700 3044 5759 20.
3118 5702 3136 5734 ³
3171 5696 3290 5757 Joel
3319 5715 3400 5765 ut,
3442 5696 3530 5752 l8.
3606 5693 3626 5725 ‘
3655 5690 3797 5747 Gen.

507 5794 671 5848 artu,
707 5782 792 5838 Μ.
873 5781 1127 5837 'Coloss.
1167 5794 1226 5847 tt,
1262 5781 1284 5836 l
1318 5794 1472 5851 seqq.
1542 5781 1583 5812 "
1611 5779 1770 5836 Joan.
1812 5793 1916 5848 ,ttt,
1953 5780 2007 5836 5.
2082 5781 2102 5812 '
2131 5779 2302 5838 Exod.
2337 5795 2436 5848 xu,
2470 5779 2522 5838 7.
