4100 6440
367 389 507 458 1277

1332 381 1658 444 NICETAS
1701 377 1784 439 IN
1825 373 2049 437 ()RAT.
2089 371 2192 432 XL
2234 369 2295 432 S.
2337 369 2574 431 GREG.

3495 369 3632 434 1278

365 522 424 567 ιιι
450 525 580 564 vero
611 521 941 578 magnopere
968 523 1031 562 ea
1057 521 1194 578 opus
1227 503 1420 560 babes.
1461 501 1660 556 Deinde
1696 517 1722 554 a
1753 514 1946 572 perso-
1975 503 2022 556 Α
2051 505 2177 550 ante
2223 493 2444 550 unicum
2476 494 2755 571 passionis
2785 493 2927 549 diem
2981 491 3238 549 Christus
3279 491 3485 548 Pascha
3519 502 3634 546 tra-

361 619 562 658 nartttn
597 599 1052 668 circumstantiis.
1087 597 1296 651 Etenim
1325 611 1390 649 ex
1421 591 1678 663 baptismi
1715 606 1864 644 mora
1890 598 1945 644 et

361 697 629 752 dilatione
673 695 813 748 nihil
845 693 1070 762 periculi
1108 700 1246 756 erat,
1289 689 1436 760 quod
1470 689 1517 742 ei
1572 687 1940 756 sutSpicionem

359 791 560 845 adferre
587 798 793 858 posset.
829 786 897 843 Ut
919 786 1064 840 enim
1106 782 1247 853 quod
1292 782 1482 846 voluit,
1510 789 1671 833 natus
1703 784 1784 830 est
1819 795 1833 830 :
1869 777 1943 830 ita

359 881 557 936 mortis
609 894 830 949 quoque
871 895 994 933 cum
1047 877 1148 947 ipsi
1209 876 1506 939 videretur,
1552 873 1840 928 arbitrium
1890 879 1944 926 et

357 981 684 1042 potestatem
738 971 994 1034 habebat,
1035 969 1423 1037 cruciatusque
1470 977 1524 1020 et
1563 966 1848 1032 supplicia,
1887 964 1940 1018 in

357 1067 508 1136 quod
537 1074 755 1134 tempus
787 1063 967 1129 libuit,
1017 1062 1336 1116 reservatit.
1370 1065 1438 1114 At
1475 1061 1571 1116 tibi
1605 1059 1942 1129 periclitatur

355 1161 566 1222 anima,
589 1159 634 1216 si
669 1174 699 1214 e
730 1158 870 1213 vivis
903 1157 1225 1222 excesseris,
1267 1154 1608 1224 corruptioni
1650 1153 1751 1208 soli
1786 1152 1938 1222 geni-

354 1263 472 1316 tus,
516 1253 623 1308 hoc
663 1261 769 1317 est,
827 1253 1096 1306 nativitati
1151 1251 1434 1305 aﬂ‘ectibus
1479 1247 1749 1311 obnoxiae,
1808 1255 1862 1299 et
1905 1260 1934 1299 a

345 1347 711 1413 corruptione
739 1352 922 1400 ortum
958 1344 1205 1408 babenti,
1258 1357 1323 1396 ac
1350 1358 1457 1396 non
1487 1355 1581 1410 per
1605 1340 1935 1408 baptismum

354 1437 825 1506 incorruptionem
880 1435 1147 1498 inductis,
1191 1436 1294 1490 hoc
1341 1445 1444 1500 est,
1491 1433 1936 1502 tranquillitatem

355 1540 526 1598 atque
553 1529 956 1584 immunitatem
998 1545 1029 1583 a
1089 1526 1620 1598 perturbationibus,
1662 1527 1938 1594 animique

353 1623 671 1691 puritatem.
717 1622 1053 1677 Dissolvetur
1098 1636 1318 1690 quoque
1344 1619 1582 1690 objectio
1625 1627 1713 1673 tua
1740 1634 1769 1672 a
1800 1628 1938 1672 tem-

354 1728 510 1784 pore.
535 1712 759 1767 Christo
779 1713 926 1767 enim
972 1721 1028 1766 tu
1061 1713 1323 1781 baptizari
1351 1727 1576 1767 necesse
1627 1721 1765 1776 erat,
1809 1727 1932 1765 cum

357 1806 670 1874 baptizatus
698 1812 803 1870 est,
836 1805 906 1857 ob
938 1819 1034 1859 eas
1087 1819 1305 1866 causas,
1339 1819 1476 1873 quas
1508 1810 1828 1857 recensebo.
1869 1804 1936 1855 At

355 1909 438 1960 tu,
474 1911 638 1965 quam
676 1897 982 1966 speciosam
1011 1895 1292 1951 dilationis
1337 1910 1560 1950 causam
1598 1897 1927 1964 praetendas,

357 1987 563 2042 nullam
625 1988 794 2043 habes
845 1987 1100 2043 Christus
1152 1987 1294 2041 enim
1355 1987 1559 2056 duplici
1639 1987 1706 2041 de
1763 2002 1930 2040 causa

353 2095 702 2148 nequaquam
759 2078 920 2148 prius
985 2078 1266 2144 inclaruit,
1323 2087 1488 2148 atque
1550 2077 1604 2132 in
1647 2076 1929 2131 hominum

351 2175 530 2228 tucem
564 2174 786 2242 prodiit,
811 2188 937 2228 eum
986 2173 1326 2228 tricesimum
1357 2187 1561 2226 annum
1602 2172 1871 2240 attigisset
1915 2189 1929 2225 :

348 2267 544 2330 altera,
606 2281 673 2320 ne
727 2265 1109 2321 ostentatioais
1169 2267 1406 2331 speciem
1457 2265 1722 2333 pr.eberet
1781 2264 1929 2334 (nam

348 2360 739 2414 ostentationis
772 2359 966 2413 vitium
1017 2359 1325 2428 ineptorum
1361 2369 1445 2412 est
1484 2358 1789 2421 hominum,
1827 2357 1932 2411 hoc

347 2463 459 2515 est,
492 2451 936 2516 ambitiosorum,
973 2461 1138 2520 atque
1186 2450 1488 2503 honestatis
1523 2459 1573 2502 et
1603 2449 1930 2504 humilitatis

347 2545 684 2616 expertium,
718 2555 814 2600 aut
861 2559 1051 2600 eorum
1093 2543 1184 2612 qui
1221 2543 1511 2599 immodice
1545 2542 1648 2597 sibi
1688 2542 1926 2612 placent,

348 2638 542 2706 quales
584 2636 698 2692 fere
729 2645 878 2702 sunt,
924 2637 1016 2705 qui
1082 2635 1383 2706 juvenilem
1442 2644 1654 2690 aetatem
1712 2634 1924 2705 agunt).

349 2752 556 2815 Altera,
610 2749 738 2819 quia
790 2749 907 2805 haec
934 2759 1088 2813 aetas,
1127 2763 1325 2816 nempe
1369 2748 1590 2818 triginta
1632 2761 1925 2812 annorum,

348 2843 615 2897 absoluta:
643 2841 860 2896 virtutis
905 2841 1170 2895 indicium
1215 2849 1268 2894 et
1304 2847 1685 2909 argumentum
1737 2839 1922 2899 habet.

349 2948 585 3006 aptaque
621 2946 702 2991 est
732 2937 798 2990 ad
838 2935 1165 2990 docendum.
1211 2933 1308 2988 His
1337 2934 1404 2987 de
1437 2933 1622 2986 causis
1651 2931 1926 2986 tricesimo

348 3028 569 3082 demum
623 3043 769 3082 anno
819 3028 873 3081 in
932 3025 1213 3094 publicum
1275 3023 1498 3092 prodiit.
1560 3023 1924 3092 Posteaquam

348 3129 531 3173 autem
563 3120 851 3173 imminere
885 3119 1049 3184 cmpit
1086 3116 1218 3170 illttd
1253 3128 1484 3183 tempus,
1526 3129 1635 3183 quo
1659 3113 1925 3183 supplicio

348 3218 464 3261 erat
491 3207 838 3270 afﬁciendus,
873 3205 1060 3260 omnia
1091 3221 1211 3274 quae
1245 3206 1311 3258 ad
1363 3205 1681 3274 passionem
1715 3214 1928 3274 specta-

351 3303 499 3362 haut,
530 3303 583 3356 in
607 3317 776 3355 unum
817 3300 1066 3355 coierunt
1107 3312 1162 3354 et
1207 3298 1590 3354 conﬂuxerunt
1627 3317 1641 3352 :
1672 3315 1737 3354 ac
1773 3298 1923 3353 velut

347 3407 548 3462 corpus
583 3393 855 3460 quoddam
914 3394 1232 3448 continuum
1280 3392 1485 3446 fartum
1527 3401 1626 3445 est.
1661 3390 1732 3446 Ut
1775 3394 1921 3445 enim

347 3481 413 3533 ad
458 3480 745 3534 hominum
778 3481 963 3535 oculos
992 3481 1354 3549 notitiamque
1385 3481 1650 3550 pervenit,
1688 3481 1926 3552 baptiza-

347 3579 436 3625 tus
459 3579 576 3636 est;
601 3587 666 3625 ex
708 3571 980 3640 baptismo
1011 3572 1206 3626 deinde
1235 3573 1302 3626 ad
1338 3587 1462 3626 eum
1507 3572 1702 3642 ingens
1718 3583 1925 3626 morta-

348 3675 478 3729 lium
527 3675 824 3731 multitudo
871 3676 1155 3743 conﬂnxit,
1226 3686 1410 3746 atque,
1455 3687 1512 3731 ut
1568 3677 1743 3746 inquit
1783 3678 1922 3732 Mat-

347 3770 582 3834 thaeus',
617 3779 890 3826 commota
947 3780 1001 3826 et
1054 3771 1201 3826 velut
1248 3779 1482 3825 tremore
1525 3785 1793 3826 concussa
1841 3781 1926 3825 est

348 3864 608 3919 universa
642 3865 857 3928 civitas,
901 3873 1271 3920 concurrente
1329 3863 1586 3918 videlicet
1631 3863 1830 3934 populo
1858 3878 1924 3918 ac

346 3971 466 4011 sese
494 3966 873 4012 commovente
905 3975 918 4011 :
954 3966 1066 4012 tum
1096 3969 1319 4027 prepter
1369 3957 1737 4012 multitudinis
1789 3972 1923 4011 con-

347 4064 567 4103 cursum
599 4049 861 4104 miracula
905 4059 1033 4104 sunt
1071 4049 1237 4113 edita,
1283 4058 1343 4102 ut
1407 4050 1476 4104 iis
1518 4059 1759 4117 permota
1797 4064 1922 4118 pro-

347 4142 556 4195 miscua
585 4141 739 4209 plebs
766 4141 831 4195 ad
850 4141 1127 4212 Evangelii
1149 4141 1308 4194 iidem
1343 4154 1403 4194 se
1422 4138 1922 4195 conferret.Postea

347 4232 401 4284 in
469 4231 728 4286 invidiam
787 4242 951 4301 atque
1007 4232 1189 4287 odium
1257 4231 1548 4294 adductus,
1603 4229 1926 4300 insidi-isquo

344 4325 618 4394 appetitus
653 4336 707 4380 et
731 4327 1000 4395 proditus,
1033 4341 1099 4382 ac
1127 4325 1348 4380 tandem
1385 4325 1536 4380 cruci
1590 4323 1788 4378 afﬁxus
1817 4332 1922 4388 est,

343 4429 508 4486 atque
555 4433 618 4473 ea
681 4419 951 4488 supplicia
1009 4418 1251 4486 pertulit,
1292 4418 1495 4487 quibus
1554 4417 1716 4472 nobis
1772 4415 1924 4470 salus

342 4522 495 4578 parta
527 4519 631 4566 est.
669 4512 846 4580 Atque
879 4511 961 4565 ha:
988 4525 1169 4565 causa:
1223 4509 1466 4575 fuerunt,
1518 4523 1617 4564 cur
1670 4507 1924 4564 Christus

2047 587 2184 642 didit
2213 606 2226 642 :
2253 596 2308 642 at
2336 605 2434 644 nos
2470 589 2522 642 in
2560 588 2734 643 sacris
2783 585 3039 640 domibus
3078 595 3132 638 et
3177 585 3372 654 jejuni,
3409 595 3464 639 et
3508 593 3633 652 post

2049 680 2281 733 reditum
2314 679 2518 735 Christi
2551 680 2616 734 ad
2649 680 2814 732 vitam
2859 677 2988 731 illud
3026 678 3396 732 celebramus.
3433 674 3508 730 Ita
3539 692 3628 730 res

2044 770 2270 836 Christi,
2291 781 2347 825 ttt
2372 772 2590 838 quidem
2621 771 2796 824 forma
2824 780 2986 840 atque
3010 769 3340 836 exemplum,
3373 782 3402 821 a
3426 769 3630 823 nostris

2047 866 2210 919 rebus
2245 882 2354 919 non
2381 865 2606 919 omnino
2642 864 2886 932 abrupta:
2921 877 2985 917 ac
3022 862 3296 914 distractae
3318 871 3446 915 sunt
3483 876 3498 912 :
3530 875 3632 913 nec

2045 972 2240 1012 rursus
2282 957 2354 1010 ita
2412 956 2742 1026 conjunctae,
2780 955 2913 1024 quin
2971 951 3480 1008 dissimilitudinem
3528 951 3629 1003 ali-

2046 1065 2206 1118 quant
2232 1048 2546 1102 admittant.
2580 1047 2777 1101 Eadrm
2808 1061 3026 1115 quoque
3054 1055 3138 1098 est
3170 1045 3424 1113 baptismi
3466 1044 3626 1106 ratio,

2043 1154 2204 1206 quem
2258 1138 2521 1192 Dominus
2546 1124 2767 1206 propter
2797 1152 2897 1190 nos
2928 1136 2996 1188 ita
3050 1135 3311 1204 suscepit,
3356 1144 3412 1188 ut
3443 1143 3624 1188 tamen

2041 1231 2302 1300 temporis
2337 1232 2514 1300 spatio
2575 1239 2738 1295 atque
2770 1228 3058 1282 intervallo
3086 1227 3318 1282 differat.
3349 1226 3626 1293 Quamob-

2043 1337 2156 1376 rem
2213 1337 2319 1375 non
2402 1331 2530 1386 est,
2585 1321 2734 1390 quod
2796 1330 2850 1374 tu
2906 1320 3011 1372 hoc
3059 1328 3437 1387 argumentum
3473 1316 3624 1385 quasi

2043 1415 2209 1467 telum
2259 1413 2529 1486 quoddam
2605 1412 2871 1466 adversus
2944 1411 3176 1464 salutem
3245 1419 3392 1463 tuam
3450 1408 3628 1462 intor-

2041 1519 2237 1573 queas:

2111 1595 2228 1649 Col.
2261 1595 2367 1650 402
2405 1594 2468 1648 D.
2511 1593 2694 1659 Quare
2734 1595 2779 1647 si
2825 1593 2954 1663 quid
2988 1609 3066 1646 me
3103 1590 3426 1645 audiendum
3465 1597 3624 1659 puta-

2041 1685 2130 1747 tis,
2161 1695 2266 1740 ete.
2295 1683 2489 1739 Valere
2511 1683 2722 1754 jubcte.
2753 1683 2849 1738 Gr.
2883 1684 3097 1752 χαίρειν
3139 1683 3358 1735 ἐάσατε.
3393 1681 3624 1734 Prover-

2043 1779 2201 1834 biztlis
2250 1781 2364 1834 haec
2416 1779 2643 1834 locutio.
2712 1778 2932 1833 Veteres
2963 1779 3121 1832 'enim
3174 1792 3269 1831 eos
3315 1791 3453 1844 quos
3495 1776 3623 1830 odio

2044 1867 2547 1937 prosequebantur,
2607 1866 2804 1920 obvios
2860 1865 3124 1920 habentes
3176 1867 3358 1920 valere
3414 1873 3621 1918 tantum

2045 1955 2232 2024 jussos
2265 1956 2636 2024 praeteribant.
2666 1952 2841 2008 Porro
2874 1956 2971 2007 hoc
3005 1957 3231 2009 verbum
3268 1955 3402 2022 ipsis
3435 1953 3618 2009 ﬂetum

2043 2061 2106 2100 ac
2145 2047 2438 2115 perniciem
2477 2046 2841 2115 signiﬁcabat.
2881 2046 3116 2098 l’roinzle.
3149 2057 3202 2098 tu
3237 2061 3484 2114 quoque,
3542 2046 3625 2098 in-

2042 2136 2160 2204 qttit
2189 2133 2523 2205 Theologus,
2550 2135 2866 2200 huiusmodi
2894 2136 3156 2196 rationes,
3183 2150 3320 2204 quas
3346 2137 3620 2204 przctexis,

2042 2230 2220 2284 valere
2255 2229 2481 2296 jubeus,
2534 2228 2601 2282 ad
2654 2221 2992 2298 baptismum
3039 2244 3290 2293 accurre,
3332 2245 3396 2284 ac
3424 2229 3620 2299 duplex

2041 2330 2318 2375 certamen
2399 2322 2621 2390 suscipe
2678 2340 2691 2376 :
2742 2323 3016 2384 alterum,
3071 2332 3132 2376 ut
3201 2323 3436 2392 teipsmn
3499 2330 3625 2374 ante

2043 2413 2374 2480 baptismum
2401 2425 2600 2481 purges
2626 2429 2640 2473 ;
2677 2413 2930 2476 alterum,
2968 2422 3026 2467 ut
3058 2412 3388 2484 baptismum
3415 2413 3623 2467 tuearis

2039 2512 2206 2570 atque
2232 2519 2548 2559 conserves.
2575 2501 3030 2574 Quandoquidem
3057 2505 3214 2573 juxta
3245 2504 3625 2560 Demosthenis

2037 2597 2387 2657 sententiam,
2437 2597 2759 2666 plerumque
2793 2597 3019 2666 majoris
3055 2598 3261 2666 negotii
3296 2613 3359 2652 ac
3391 2597 3626 2652 difﬁcul-

2040 2688 2169 2742 tatis
2195 2703 2319 2742 esse
2351 2689 2568 2741 videtur
2592 2687 2748 2741 'bona
2787 2702 3143 2755 conservare,
3174 2704 3334 2757 quam
3367 2689 3620 2757 adipisci.

2039 2778 2109 2832 At
2167 2779 2318 2833 dices
2354 2794 2370 2832 :
2405 2777 2693 2848 Permagni
2748 2779 2951 2848 negotii
3007 2789 3091 2833 est
3161 2781 3308 2835 hunc
3369 2780 3620 2849 baptismi

2035 2869 2356 2923 thesaurum
2395 2868 2555 2923 tueri.
2596 2867 2799 2922 Sedulo
2829 2884 2957 2922 vero
2992 2869 3252 2938 invigila’,
3287 2869 3487 2935 frater,
3525 2878 3624 2938 ut,

2034 2959 2178 3025 quod
2236 2974 2430 3022 amas,
2496 2959 2778 3024 retineas,
2838 2959 2940 3012 hoc
3000 2969 3121 3026 est,
3183 2969 3244 3014 ut
3309 2971 3619 3031 perceptam

2037 3050 2294 3119 baptismi
2331 3051 2564 3119 gratiam
2595 3050 2892 3104 custodias.
2923 3049 3128 3105 Praesto
3162 3059 3290 3106 sunt
3324 3050 3418 3106 tibi
3460 3051 3621 3108 auxi.

2035 3143 2202 3196 liares
2237 3143 2430 3211 copiae,
2479 3142 2524 3196 si
2559 3141 2824 3203 volueris,
2874 3141 3134 3195 nimirum
3177 3142 3356 3196 oratio
3399 3151 3624 3197 noctur-

1957 3203 2000 3266 C
2036 3250 2136 3289 nas
2165 3235 2429 3288 excubias
2459 3248 2649 3302 agens,
2677 3233 2856 3287 inedia
2889 3232 3177 3288 familiaris
3203 3249 3266 3289 ac
3294 3234 3616 3298 domestica,

2032 3325 2334 3393 psahnodia
2387 3325 2634 3379 animum
2685 3323 2974 3379 obiectans
3027 3319 3194 3394 atque
3239 3325 3617 3396 permulcens.

2033 3415 2144 3471 Has
2174 3417 2354 3471 socias
2385 3415 2484 3470 tibi
2527 3417 2738 3472 ascisce
2769 3433 2783 3470 :
2815 3416 2898 3470 hae
2930 3415 2995 3470 ad
3034 3430 3216 3470 rerum
3255 3416 3613 3470 charissima-

2033 3524 2153 3561 rum
2187 3508 2494 3562 custodiam
2528 3508 2692 3563 simul
2720 3515 3060 3573 peruocteut.
3102 3507 3368 3563 Praeclara
3401 3522 3620 3577 quoque

2032 3599 2198 3654 fuerit
2229 3599 2464 3669 largitio,
2497 3609 2551 3653 et.
2580 3615 2701 3668 quae
2733 3614 2855 3654 eam
2883 3599 3157 3668 przccedit,
3199 3599 3573 3655 misericordia
3601 3616 3618 3653 :

2030 3707 2155 3760 quae
2188 3692 2357 3746 animi
2411 3690 2628 3746 affectio
2665 3700 2773 3754 est,
2817 3707 2879 3744 ac
2933 3692 3081 3746 nuda
3126 3701 3180 3746 et
3212 3693 3442 3762 simplex
3486 3707 3619 3746 cou-

2030 3783 2391 3838 dolescentia.
2437 3783 2648 3836 Etenim
2703 3782 2950 3837 Studium
2989 3783 3056 3836 de
3090 3784 3426 3852 pauperibus
3479 3785 3618 3837 bene

2029 3873 2274 3928 merendi
2328 3881 2626 3942 utrumque
2677 3873 2780 3927 hoc
2830 3873 2925 3927 tibi
2982 3873 3280 3942 praestabit,
3329 3881 3388 3926 ut
3440 3881 3494 3927 et
3550 3872 3619 3927 de

2031 3963 2163 4027 Deo,
2197 3963 2372 4035 quite
2410 3979 2502 4032 per
2551 3963 2892 4033 baptismum
2929 3963 3197 4017 beneﬁcio
3236 3961 3437 4029 aﬂ‘ecit,
3470 3979 3615 4032 prte-

2032 4058 2183 4112 clare
2220 4057 2483 4110 merearis
2514 4073 2528 4110 :
2559 4063 2614 4110 et
2654 4062 2810 4111 tutus
2843 4056 2938 4109 tibi
2969 4055 3040 4110 sit
3076 4055 3402 4124 baptismus.
3434 4055 3615 4110 Habes

2029 4148 2200 4203 multa
2247 4146 2545 4216 Scriptum
2600 4145 2939 4210 testimonia,
2993 4159 3113 4212 qua:
3154 4155 3206 4199 te
3255 4147 3615 4216 eloemosyute

2031 4239 2422 4305 submoneant,
2477 4247 2644 4308 atque
2697 4237 2765 4292 ad
2812 4251 2933 4292 eam
2981 4249 3035 4292 te
3083 4237 3344 4293 excitent.
3399 4236 3615 4304 Pauper

2030 4330 2284 4393 accessit,
2321 4328 2526 4384 Lazaro
2559 4327 2780 4393 similis,
2815 4336 3094 4399 quatenus
3124 4327 3340 4382 scilicet
3365 4327 3433 4383 ad
3467 4325 3614 4383 fores

2035 4430 2157 4478 tuas
2215 4422 2540 4492 provolutus
2594 4430 2720 4486 est,
2791 4431 2958 4490 atque
3011 4421 3066 4474 in
3123 4419 3314 4474 eadem
3373 4427 3616 4490 egestate

2033 4516 2340 4585 iisdemque
2365 4515 2756 4570 aiﬂictionibus
2789 4513 3310 4583 calamitatibusque
3333 4509 3617 4567 versatur!

340 4569 410 4659 eo
437 4605 653 4658 demum
689 4569 936 4671 tempore
976 4603 1371 4673 baptizaretur,
1402 4569 1668 4673 quantum
1701 4601 1923 4671 quidem
1957 4569 2001 4627 Β
2031 4569 2370 4662 ιηηιῆιεηῑιθιη
2400 4569 2522 4661 tibi
2554 4606 2764 4668 veniat,
2811 4609 2958 4675 quod
2998 4607 3115 4676 ipse
3163 4569 3384 4674 quoque
3418 4617 3611 4672 magna

341 4698 458 4768 ipse
504 4698 818 4767 cognitione
865 4711 1152 4766 assequor.
1193 4694 1313 4749 Tibi
1354 4709 1480 4750 vero
1516 4694 1647 4764 quid
1698 4707 1927 4749 necesse

338 4798 444 4852 est,
470 4801 528 4843 ut
559 4791 674 4844 haec
708 4789 761 4842 in
808 4789 1114 4858 exemplum
1149 4788 1397 4853 trahens,
1429 4787 1571 4840 male
1598 4787 1694 4840 tibi
1723 4801 1925 4842 consu-

339 4881 460 4936 las?
519 4880 971 4951 quandoquidem
1018 4890 1072 4934 et
1115 4881 1372 4948 pleraque
1427 4879 1534 4932 alia
1582 4878 1636 4932 in
1701 4877 1923 4934 Christo

337 4975 606 5044 reperies,
667 4989 791 5043 qua
843 4988 968 5028 cum
1034 4968 1242 5026 nostris
1300 4971 1485 5036 rebus,
1538 4980 1805 5039 quantum
1851 4969 1920 5025 ad

337 5076 606 5134 tempora,
653 5081 760 5118 non
818 5064 1190 5120 consentiant.
1248 5063 1340 5118 Ille
1420 5064 1568 5116 enim
1620 5064 1801 5117 statim
1861 5069 1926 5116 ut

337 5158 648 5228 baptizatus
690 5164 796 5220 est,
852 5157 1174 5226 priusquam
1220 5170 1249 5210 a
1302 5154 1525 5209 diabolo
1591 5162 1920 5218 tentaretur,

334 5250 833 5320 quadragenarium
913 5249 1183 5319 jejunium
1261 5249 1527 5302 adversus
1592 5248 1924 5302 tentationes

334 5343 584 5396 obtendit
621 5358 636 5396 :
671 5349 843 5396 alnos
876 5351 1006 5395 ante
1031 5340 1236 5394 Pascha
1261 5339 1597 5409 jejunamus,
1621 5337 1920 5407 jejunium-

333 5435 637 5504 qucipsum
678 5433 748 5487 ad
778 5434 975 5488 virium
1003 5444 1321 5487 nostrarum
1367 5433 1590 5485 modum
1651 5440 1918 5499 attempe-

334 5542 543 5580 ramus.
580 5523 692 5578 Hoc
735 5539 898 5596 porro
922 5523 1194 5593 jejunium
1246 5523 1406 5578 nobis
1466 5522 1773 5576 faciendum
1800 5537 1924 5578 esse

331 5617 716 5684 signiﬁcanut
777 5632 870 5687 per
907 5617 1086 5686 ipsum
1129 5630 1252 5670 cum
1313 5615 1536 5669 Christo
1594 5615 1914 5670 moriamur.

328 5712 621 5765 Consimili
670 5711 835 5765 etiam
902 5710 1114 5764 ratione
1173 5709 1461 5778 discipulis
1525 5719 1645 5778 post
1701 5725 1916 5765 coenam

371 5872 415 5901 δ’
465 5868 655 5922 Matth.
696 5886 811 5929 ut,
852 5867 938 5924 iO.
1059 5868 1236 5925 'Joan
1279 5885 1315 5928 I.
1359 5870 1445 5925 lt.

2029 4700 2247 4754 virtutis
2303 4699 2491 4769 inopia
2553 4707 2683 4751 ante
2737 4697 3074 4766 baptismum
3133 4695 3392 4749 laborasti
3437 4701 3615 4761 :post

2027 4791 2364 4862 baptismum
2416 4797 2598 4845 autem
2647 4789 2712 4844 ad
2772 4786 3149 4857 amplissimas
3197 4800 3333 4855 opes
3381 4793 3606 4839 evectus

2021 4898 2104 4948 es,
2154 4884 2416 4938 nimirum
2451 4882 2517 4936 ad
2558 4879 2966 4951 purgationem,
3017 4877 3372 4946 adoptionem
3429 4875 3608 4931 cmlo-

2021 4991 2142 5030 rum
2180 4991 2432 5046 regnum,
2483 4974 2824 5029 divinitatm
2857 4971 3033 5041 ipsam
3067 4987 3082 5025 :
3114 4971 3244 5023 item
3289 4967 3436 5038 quod
3489 4981 3614 5021 cor-

2023 5082 2156 5138 pore
2214 5083 2280 5121 ac
2339 5067 2608 5136 sanguine
2657 5063 2862 5120 Christi
2925 5062 3169 5117 nutritus
3226 5075 3329 5127 es,
3391 5073 3456 5112 ac
3514 5074 3613 5128 per

2021 5159 2396 5216 Christianum
2451 5158 2768 5230 hujusmodi
2819 5155 3154 5211 sacriﬁcium
3206 5153 3602 5222 perfectionem

2024 5249 2258 5320 adeptus
2292 5265 2374 5306 es.
2420 5249 2735 5320 Peregriuis
2767 5247 3044 5319 quispiam
3099 5261 3158 5302 se
3211 5245 3432 5310 obtulit,
3465 5252 3611 5298 tecto

2024 5359 2254 5408 carens,
2311 5343 2564 5398 advena?
2626 5339 2730 5399 Per
2787 5343 3060 5411 hospitem
3123 5347 3178 5394 et
3227 5338 3609 5408 peregrinum,

2018 5433 2303 5490 Christum
2355 5436 2600 5504 suscipe,
2641 5437 2734 5504 qui
2770 5435 2916 5489 velut
2953 5443 3216 5488 externus
3263 5443 3327 5484 ac
3362 5427 3607 5499 peregri-

2018 5541 2123 5580 nus
2160 5527 2216 5578 in
2270 5525 2532 5580 mundum
2562 5527 2734 5580 venit.
2768 5527 2857 5580 Ait
2903 5525 3052 5580 enim
3120 5521 3458 5593 evangelista
3493 5537 3508 5572 :
3542 5517 3612 5572 In

2017 5619 2235 5688 propria
2273 5618 2434 5682 venit,
2466 5627 2516 5671 et
2553 5621 2638 5671 sui
2675 5635 2796 5672 eum
2828 5634 2932 5672 non
2964 5625 3271 5686 receperunt
3293 5615 3332 5669 ⁷.
3367 5611 3600 5682 Propria

2018 5723 2198 5766 autem
2236 5712 2434 5782 ipsius,
2481 5726 2722 5780 praesens
2770 5712 2858 5767 hic
2891 5710 3134 5766 mundus
3175 5719 3281 5777 est,
3316 5714 3507 5779 utpote
3538 5703 3616 5763 ab

3208 5970 3320 5980 “ua...
