4100 6474
478 398 614 467 1279

1905 402 2294 466 Αυῡεεκῡει.

3597 418 3737 482 1240

473 532 538 569 en
586 524 828 576 creatus.
882 517 984 572 Per
1035 517 1197 572 domo
1255 521 1558 577 carentem,
1620 525 1743 565 eum
1801 509 1889 578 qui
1955 506 2127 577 per'A
2158 512 2433 570 lati-minii
2471 520 2692 588 quidem
2739 524 3122 582 remissionem
3167 528 3424 598 baptismi
3471 532 3741 585 beneficio

479 608 805 677 baptismum
862 610 915 661 in
966 618 1017 664 te
1072 607 1456 678 commigravit
1518 615 1683 676 atque
1742 602 2049 663 habitavit,

477 702 624 754 velut
671 702 929 767 templum
973 701 1065 755 Dei
1128 702 1379 756 effectum
1423 699 1721 771 (Templum
1755 699 1893 753 enim
1932 694 2048 758 Dei,

477 792 676 858 inquit,
709 794 834 846 estis
861 793 927 864 ⁸).
980 790 1085 848 Per
1112 795 1377 849 advenam
1422 809 1639 857 rursus,
1693 807 1819 845 eum
1856 790 1947 858 qui
1983 788 2050 841 ab

473 885 639 953 hujus
670 886 791 940 vita:
822 887 1264 956 peregrinatione
1293 897 1346 941 et
1380 887 1618 941 incolatu
1663 885 1726 939 ad
1754 898 2046 951 supernam

475 980 868 1035 habitationeu‘t
902 990 953 1035 te
988 982 1275 1049 pertraxit.
1308 980 1442 1037 Cum
1468 980 1638 1042 enim,
1667 978 1865 1044 inquit,
1896 974 2051 1030 exal-

475 1082 618 1124 tatus
656 1073 827 1140 fuero,
865 1091 1040 1128 omnes
1074 1077 1282 1129 traham
1319 1075 1387 1128 ad
1417 1074 1730 1143 meipsum'.
1768 1071 2049 1138 thuem-

471 1162 767 1217 admodum
807 1162 1093 1229 Zarhmus,
1130 1178 1486 1236 posteaquam
1526 1164 1806 1219 Christum
1856 1164 1910 1215 in
1949 1162 2052 1215 do-

474 1271 623 1309 mum
662 1272 816 1311 suam
866 1260 1101 1328 excepit,
1133 1259 1414 1312 dimidiam
1448 1258 1671 1328 quidem
1722 1254 2044 1309 facultatum

473 1363 702 1403 suarum
769 1361 980 1420 partem
1042 1352 1376 1421 pauperibus
1427 1350 1716 1420 erogavit,
1781 1348 2048 1416 reliquam

473 1451 655 1495 autem
691 1444 934 1508 retinuit,
964 1460 1068 1497 non
1103 1456 1157 1497 ut
1189 1446 1303 1513 ipse
1340 1445 1405 1498 iis
1441 1443 1737 1505 frueretur,
1768 1441 1860 1494 sed
1899 1450 1953 1492 ut
1987 1455 2050 1492 ea

472 1536 766 1608 quadrupli
804 1536 1012 1593 faenore
1045 1538 1378 1601 restitueret,
1411 1553 1533 1608 qua:
1564 1537 1786 1605 iniustis
1819 1534 2051 1586 rationi-

475 1628 578 1682 bus
615 1638 668 1683 et
709 1629 898 1684 fraude
932 1646 996 1684 ac
1032 1646 1125 1699 per
1161 1631 1490 1684 calumniam
1521 1629 1813 1699 collegerat
1837 1630 1880 1661 '°
1916 1646 1930 1682 :
1973 1630 2053 1682 sic

476 1729 532 1773 tu
566 1735 783 1789 quoque
819 1722 1203 1791 magnanimus
1238 1733 1379 1785 esto,
1414 1722 1519 1777 hoc
1551 1731 1655 1783 est,
1694 1721 2049 1789 pecuniarum

475 1822 854 1881 contemptor,
902 1828 965 1867 ac
1011 1829 1175 1884 supra
1240 1831 1324 1868 res
1375 1824 1619 1867 terrenas
1669 1828 1934 1883 assurge,
1995 1819 2051 1862 ut

477 1922 709 1975 niagnus
767 1908 1069 1961 secundum
1124 1907 1467 1977 spiritualem
1526 1916 1763 1966 aetatem,
1817 1921 1939 1974 qtnc
1997 1904 2049 1957 in

472 1998 693 2052 virtutis
725 1998 1064 2053 incremento
1101 2000 1204 2054 sita
1240 2008 1347 2063 est,
1376 2014 1662 2069 appareas,
1696 2006 1858 2062 atque
1888 1996 2049 2051 Chri-

473 2092 653 2145 sriana
696 2093 1031 2147 theoremata
1060 2094 1218 2163 plene
1239 2102 1292 2147 et
1315 2101 1504 2147 exarto
1537 2090 1829 2161 intelligas.
1865 2089 2051 2145 Saucii

475 2191 530 2237 et
584 2186 713 2254 aegri
761 2196 812 2241 te
869 2188 1184 2242 misereat:
1232 2187 1676 2256 quandoquidem
1731 2196 1784 2241 te
1836 2200 2054 2253 quoque

477 2276 730 2332 Christus
785 2278 1168 2347 spiritualibus
1214 2279 1534 2334 vulneribus
1582 2294 1675 2347 prr
1719 2276 2051 2346 baptismum

477 2368 750 2425 liberavit.
781 2369 840 2425 Si
865 2370 1056 2425 videris
1080 2371 1301 2433 nudum,
1325 2382 1558 2442 contage,
1587 2371 2052 2441 quemadmodum

477 2461 650 2517 Isaias
693 2464 944 2517 hortatur
970 2464 1034 2529 “,
1070 2475 1130 2518 ut
1176 2464 1556 2519 indumentum
1596 2475 1774 2531 tuum,
1811 2465 1915 2519 hoc
1944 2472 2052 2528 est,

476 2554 784 2621 Christum,
838 2572 1000 2623 quem
1054 2573 1148 2625 per
1204 2557 1534 2627 baptismum
1590 2559 1795 2623 induis,
1850 2560 2056 2614 honore

476 2644 706 2698 afficias.
771 2644 825 2698 Si
870 2646 915 2699 is
951 2647 1041 2713 qui
1092 2645 1186 2699 tibi
1246 2648 1429 2700 debito
1480 2647 1777 2700 obstrictus
1828 2657 1930 2711 est,
1987 2648 2053 2702 ad

479 2737 642 2804 pedes
673 2747 794 2791 tuos
821 2754 880 2791 se
913 2738 1218 2806 provolvat,
1253 2738 1419 2793 Isaias
1461 2742 1679 2809 quidem
1715 2740 1879 2793 debiti
1915 2756 2056 2793 cou-

480 2827 833 2883 donationem
866 2831 1103 2886 suadens
1133 2833 1207 2886 ait
1240 2851 1253 2887 :
1290 2832 1511 2887 Omnem
1544 2835 1797 2902 injustam
1830 2852 2058 2905 syngra-

478 2919 635 2982 pham
671 2938 919 2988 concerpe
948 2925 1029 2989 ¹¹;
1060 2940 1160 2993 ego
1200 2934 1380 2978 autem
1414 2925 1731 2996 adjungam,
1767 2940 1821 2980 ut
1849 2930 2054 2998 justam

478 3028 699 3082 quoque
736 3015 1069 3072 conseindas
1104 3035 1118 3071 :
1158 3017 1418 3087 quoniam
1472 3028 1526 3074 et
1573 3019 1828 3074 Cluistus
1873 3022 2059 3076 chiro-

477 3106 747 3174 graphum
812 3117 960 3161 tuum
1009 3108 1169 3177 fregit
1216 3119 1380 3179 atque
1428 3109 1688 3165 laceravit
1730 3123 1890 3181 teque
1949 3127 2059 3168 tere

2156 620 2487 666 consecutus
2509 621 2593 668 est
2628 632 2642 668 :
2680 630 2866 671 verum
2901 620 3223 675 retentionis
3247 621 3419 683 illius,
3456 638 3562 690 qua
3594 623 3740 674 bnno

2156 714 2311 773 rapto
2356 704 2579 772 fruitur,
2630 722 2739 762 non
2796 711 2947 767 item.
3006 710 3217 766 Etenim
3267 712 3525 783 injuriam
3575 712 3742 769 infert

2152 797 2318 852 etiam
2347 811 2466 869 post
2492 802 2849 872 baptismum,
2880 815 3149 873 quatenus
3179 807 3526 861 alienavbona
3554 810 3738 861 adhuc

2153 894 2372 948 retinet.
2407 892 2722 964 Baptismus
2758 899 2904 952 enim
2957 900 3323 968 praecedentia
3367 912 3590 970 peccata
3634 901 3737 954 de-

2154 984 2248 1047 let,
2302 1002 2408 1040 non
2462 1004 2523 1042 ea
2578 1005 2700 1060 quae
2754 1002 2939 1060 postea
2993 1002 3301 1060 patrantur.
3354 991 3592 1045 Proinde
3641 993 3736 1060 qui

2153 1078 2330 1133 aliena
2378 1083 2579 1149 rapuit,
2636 1099 2700 1140 ac
2733 1086 2929 1139 deinde
2975 1085 3311 1156 baptizatur.
3347 1086 3582 1153 ideoque
3628 1086 3733 1139 sibi

2155 1186 2353 1225 noxam
2386 1174 2671 1230 remissam
2700 1192 2822 1231 esse
2854 1178 3153 1243 existimat,
3189 1195 3250 1233 se
3300 1180 3479 1248 ipsum
3507 1178 3731 1248 decipit,

2154 1272 2207 1317 et
2236 1265 2509 1334 baptismo
2541 1267 2726 1323 fucum
2770 1270 2919 1325 facit.
2958 1272 3122 1339 Atqui
3160 1287 3357 1340 purum
3407 1285 3531 1325 esse
3561 1284 3729 1339 opor-

2158 1365 2251 1419 lrt,
2282 1370 2389 1410 non
2422 1367 2632 1412 tantum
2669 1359 2839 1413 videri
2869 1370 3034 1430 atque
3056 1361 3383 1416 existimari.
3405 1360 3723 1429 Quanquam

2153 1450 2299 1502 enim
2338 1450 2461 1506 talis
2510 1450 2782 1515 videatur,
2816 1454 2946 1521 quia
2995 1467 3061 1507 ex
3111 1464 3267 1523 parte
3316 1464 3582 1524 purgatus
3630 1454 3726 1515 sit,

2157 1541 2382 1595 minime
2418 1551 2596 1595 tamen
2629 1553 2733 1609 est,
2781 1553 3007 1613 propter
3037 1546 3111 1609 id,
3149 1546 3293 1615 quod
3331 1547 3385 1599 in
3418 1560 3485 1600 eo
3511 1545 3731 1599 deside-

2156 1640 2329 1684 ratur.
2366 1631 2553 1702 Neque
2574 1633 2719 1686 enim
2757 1634 2922 1688 infixa
2955 1644 3010 1687 et
3035 1635 3303 1705 impressa
3356 1647 3439 1691 est
3474 1635 3737 1706 baptismi

2157 1725 2434 1793 purgatio,
2488 1726 2591 1780 hoc
2634 1734 2742 1790 est,
2798 1742 3148 1796 nequaquam
3191 1729 3496 1784 inustionis
3556 1729 3736 1783 instar

2155 1821 2262 1873 alte
2296 1830 2543 1888 grassata
2578 1828 2664 1875 est
2697 1839 2710 1876 :
2752 1822 2847 1876 sed
2886 1822 3081 1877 leviter
3125 1832 3338 1877 tantum
3372 1823 3521 1876 illata
3556 1832 3608 1876 et
3643 1838 3738 1876 co-

2158 1915 2349 1965 lorata.
2394 1911 2526 1978 Qua:
2584 1929 2672 1968 res
2723 1914 2993 1968 duntaxat
3041 1915 3173 1983 tegit
3222 1924 3386 1983 atque
3438 1917 3679 1969 occultat
3719 1931 3733 1966 :

2154 2005 2298 2073 quod
2323 2014 2504 2058 autem
2535 2007 2867 2069 occultatur,
2892 2016 3092 2062 manet.
3123 2006 3277 2073 Quod
3311 2022 3435 2059 vero
3460 2009 3740 2059 contectio

2156 2096 2453 2165 penetralia
2491 2097 2604 2164 ipsa
2643 2112 2750 2149 non
2791 2105 3007 2164 purget,
3052 2096 3215 2150 David
3265 2096 3585 2149 testimonio
3630 2109 3735 2148 suo

2156 2185 2486 2251 coiilirmat,
2542 2196 2653 2240 tres
2713 2187 2937 2241 ordines
2987 2188 3277 2243 inducens.
3338 2185 3525 2239 Primo
3587 2187 3737 2238 enim

2158 2295 2222 2333 ac
2270 2279 2549 2349 praecipuo
2601 2279 2724 2333 loco
2760 2279 2952 2333 beatos
2991 2295 3091 2333 eus
3135 2278 3461 2347 proclamat,
3497 2292 3736 2346 quorum

2160 2373 2479 2444 iniquitates
2534 2372 2782 2427 remissa:
2809 2372 3043 2439 sunt";
3089 2373 3335 2426 secundo
3378 2385 3497 2432 eos,
3527 2372 3620 2440 qui
3670 2384 3736 2424 ex

2158 2475 2313 2537 parte
2341 2466 2557 2536 purgati
2598 2475 2751 2530 sunt,
2806 2480 3041 2535 quorum
3083 2473 3221 2519 tecta
3250 2478 3469 2533 quoque
3516 2471 3736 2532 peccata

2156 2574 2280 2615 esse
2306 2559 2439 2612 dicit
2462 2559 2528 2623 ",
2593 2567 2778 2627 utpote
2827 2558 2918 2624 qui
2982 2556 3221 2611 nondum
3273 2555 3327 2609 in
3381 2554 3742 2624 penitissimis

2158 2651 2326 2704 animi
2377 2649 2603 2703 latebris
2654 2658 2819 2718 atque
2872 2648 3185 2702 recessibus
3236 2646 3441 2713 erpiati
3495 2646 3627 2699 sint.
3677 2645 3734 2697 In

2159 2743 2324 2799 tertio
2350 2741 2571 2797 demum
2599 2741 2796 2795 ordine
2825 2739 2949 2795 illos
2973 2739 3259 2794 constituit
3286 2736 3353 2800 “,
3374 2737 3489 2804 qui,
3518 2737 3738 2790 tametsi

2160 2835 2354 2889 vitiose
2413 2833 2618 2902 aliquid
2682 2831 2930 2897 fecerint,
2983 2830 3059 2884 ita
3110 2838 3288 2884 tamen
3347 2826 3618 2893 fecerunt,
3681 2836 3742 2880 ut

2159 2927 2410 2981 voluntas
2431 2940 2619 2980 eorum
2649 2923 2928 2993 animique
2958 2922 3228 2977 sententia
3259 2918 3495 2974 crimine
3528 2927 3737 2980 careat,

2158 3019 2308 3089 quia,
2354 3017 2435 3071 vel
2481 3015 2882 3085 imprudentes,
2931 3013 3015 3067 vel
3050 3013 3226 3077 inviti,
3260 3011 3342 3065 vel
3377 3010 3518 3065 bona
3560 3010 3738 3062 inteno

2160 3110 2311 3162 tione
2363 3114 2420 3161 et
2477 3105 2798 3173 proposito,
2864 3103 2919 3157 in
2976 3100 3223 3156 fraudem
3276 3100 3606 3154 inciderunt.
3669 3098 3740 3151 [ι.

477 3199 656 3253 alieno
687 3200 939 3255 liberavit
963 3202 1025 3258 ¹³.
1057 3199 1237 3267 Quare
1290 3220 1413 3259 cum
1457 3203 1554 3258 tibi
1604 3221 1800 3274 magna
1837 3221 2053 3260 summa
2081 3192 2124 3249 C
2158 3212 2342 3256 autem
2393 3198 2678 3253 nonnullis
2720 3198 2917 3265 placet,
2959 3197 3319 3249 remittuntur
3348 3192 3570 3260 quidem
3608 3205 3738 3260 pec-

479 3292 784 3346 condonata
830 3294 922 3355 sit.
975 3296 1279 3351 cavendum
1330 3299 1421 3353 tibi
1472 3310 1576 3360 est.
1623 3317 1689 3356 ne
1750 3301 1802 3355 in
1858 3300 2055 3354 minori

480 3385 666 3469 debito
718 3402 942 3455 gravem
999 3399 1055 3445 et
1106 3391 1364 3445 acerbum
1418 3404 1726 3448 exactorem
1775 3392 2055 3448 conservis

484 3478 593 3532 tuis
626 3487 679 3533 te
715 3480 982 3549 pra-beas.
1031 3482 1247 3551 Alioqui
1284 3484 1531 3539 fuzurum
1589 3494 1695 3549 est,
1731 3496 1791 3540 ut
1841 3501 1902 3539 ea
1935 3494 2057 3553 Quae

482 3569 579 3624 tibi
614 3569 842 3624 remissa
869 3580 1021 3634 sunt,
1051 3588 1244 3627 rursus
1271 3591 1300 3628 a
1338 3586 1385 3630 te
1414 3584 1755 3645 repetantur,
1783 3589 1846 3628 ac
1868 3588 2059 3642 poenas

478 3661 641 3716 etiam
682 3678 747 3717 eo
789 3665 1014 3719 nomine
1042 3668 1341 3733 persolvas,
1381 3671 1508 3738 quia
1553 3665 2059 3722 commiseratiouis

478 3756 789 3824 exentplum
836 3759 907 3813 ob
963 3762 1152 3816 oculos
1199 3765 1435 3830 positum
1495 3760 1739 3822 habens,
1794 3758 2056 3813 nimirun

482 3852 577 3907 Dei
606 3866 734 3921 erga
766 3862 817 3907 te
844 3854 1303 3912 misericordiam.
1337 3854 1467 3908 illud
1504 3853 1704 3907 imitari
1736 3853 1982 3908 noluisti.

548 3946 666 4001 Col.
721 3948 827 4004 405
867 3946 929 4001 C.
968 3947 1060 4003 Sic
1113 3957 1162 4002 te
1203 3962 1478 4010 compara,
1515 3955 1571 3998 ut
1624 3945 1901 3999 lavacrum
1956 3962 2062 4001 non

482 4039 639 4093 modo
668 4055 885 4108 corpus,
916 4049 1025 4096 etc.
1062 4039 1134 4093 Da
1182 4052 1433 4107 operam.
1474 4046 1528 4089 ut
1566 4051 1671 4090 non
1722 4052 1924 4107 corpus
1964 4052 2059 4093 so-

484 4131 597 4184 lum
634 4145 776 4199 aqua
821 4140 1237 4199 conspergatur,
1273 4143 1463 4182 verum
1501 4129 1665 4183 etiam
1693 4129 1915 4196 anima;
1950 4144 2064 4186 nec

487 4233 711 4291 peccata
775 4223 1048 4277 duntaxat
1104 4222 1398 4277 abluantur
1432 4236 1496 4275 ac
1540 4230 1915 4291 uetergantur,
1971 4236 2065 4276 ve-

484 4329 604 4368 rum
641 4323 694 4369 et
718 4328 920 4376 mores,
962 4315 1064 4369 hoc
1113 4323 1221 4378 est,
1264 4312 1579 4383 huiusmodi
1609 4312 1780 4367 animi
1823 4311 2062 4376 ali'eCtio,

483 4421 590 4475 qua
644 4416 863 4476 peccata
914 4405 1365 4470 ronunittuntur;
1415 4420 1516 4460 nec
1573 4420 1792 4461 canum
1852 4415 2062 4459 tantum

484 4501 702 4553 etuatur
737 4506 900 4565 atque
939 4497 1325 4559 exhauriatur,
1374 4511 1565 4553 verum
1600 4505 1657 4551 et
1689 4496 1816 4553 fons
1847 4497 1966 4566 ipse
1998 4512 2065 4552 ac

487 4590 799 4660 si'aturigo,
872 4603 901 4642 a
954 4603 1062 4657 qua
1117 4601 1337 4642 cmnum
1398 4587 1637 4656 proﬂuit.
1703 4590 1836 4644 Illud
1895 4590 2063 4644 etiam

486 4684 729 4747 addisce,
781 4690 841 4737 ut
886 4695 992 4734 non
1045 4679 1209 4734 modo
1252 4679 1483 4734 honeste
1517 4690 1572 4733 et
1621 4694 1747 4735 cum
1795 4679 1957 4736 laude
1997 4697 2065 4737 ea

485 4792 607 4846 quae
635 4776 823 4837 babes,
851 4771 1156 4842 possideas,
1181 4787 1366 4831 verum
1392 4787 1455 4827 ea
1480 4771 1738 4840 praeclare
1761 4772 2063 4842 profundas

487 4886 552 4923 ac
599 4868 905 4936 dispergas.
950 4863 1106 4929 Quod
1156 4864 1205 4919 si
1255 4879 1322 4919 eo
1371 4865 1567 4923 adduci
1626 4881 1733 4921 non
1780 4878 1955 4938 potes,
2008 4879 2067 4924 ut

489 4959 782 5014 facultates
841 4956 1005 5026 justis
1069 4956 1379 5012 rationibus
1433 4967 1619 5027 partas
1675 4959 1729 5013 in
1792 4975 2062 5029 pauperes

488 5051 761 5115 elIundas,
792 5049 844 5104 id
878 5049 1095 5113 saltem,
1127 5049 1276 5120 quod
1310 5050 1486 5105 levius
1517 5059 1620 5115 est,
1653 5066 1685 5105 a
1723 5059 1775 5106 te
1810 5053 2070 5119 impetre-

494 5153 604 5206 tur,
638 5151 699 5196 ut
739 5158 828 5197 res
856 5143 1129 5198 scelerate
1159 5144 1419 5213 quaesitas
1445 5143 1720 5198 excutias.
1751 5140 1889 5197 Nam
1922 5144 2068 5198 alie-

492 5249 687 5287 norum
723 5234 992 5288 bonorum
1034 5244 1220 5303 raptor
1249 5233 1457 5302 duplici
1500 5245 1728 5303 peccato
1774 5235 2066 5290 devinctus

494 5334 709 5378 tenetur
738 5340 752 5377 :
788 5326 982 5391 altero,
1016 5327 1147 5394 quia
1180 5326 1396 5394 rapuit;
1428 5325 1629 5391 altero,
1669 5328 1795 5394 quia
1840 5328 1892 5382 id
1921 5327 2070 5396 quod

495 5417 700 5483 rapuit,
758 5418 978 5474 retinet.
1041 5417 1354 5484 Quocirca,
1416 5416 1464 5472 si
1509 5418 1653 5487 apud
1703 5418 1883 5487 ipsum
1922 5400 2071 5489 ipost

493 5509 826 5578 baptismum
883 5519 1089 5572 manet,
1132 5508 1280 5577 quod
1340 5508 1492 5577 prius
1550 5524 1647 5579 per
1699 5511 1948 5580 rapinam
2008 5526 2073 5566 ac

495 5602 847 5657 latrocinium
869 5601 1104 5669 adeptus
1132 5607 1243 5664 est,
1274 5610 1555 5668 peccatum
1608 5601 1959 5658 interciditur
2009 5619 2075 5660 ac

2158 3302 2278 3350 cata
2326 3306 2422 3359 per
2472 3290 2802 3359 baptismum
2834 3305 2849 3341 :
2883 3294 3139 3357 teguntur
3192 3294 3372 3339 autem
3420 3299 3516 3352 per
3562 3283 3738 3353 νωιιί-

2161 3385 2413 3447 tentiam,
2460 3393 2519 3435 ut
2565 3396 2628 3435 ea
2666 3381 2777 3449 jam
2823 3378 3091 3432 Dominus
3127 3392 3236 3432 non
3288 3377 3542 3445 imputet,
3575 3386 3743 3445 atque

2161 3479 2214 3531 in
2249 3477 2516 3529 rationem
2555 3482 2729 3527 vocet.

2229 3566 2375 3633 Col“
2398 3565 2502 3621 406
2536 3548 2601 3618 ’8.
2646 3564 2787 3630 Quid
2834 3564 2997 3634 igitur
3026 3562 3186 3616 dico?
3219 3571 3268 3615 et
3301 3575 3403 3632 quo
3444 3574 3563 3612 mea
3616 3571 3740 3627 spe-

2159 3671 2299 3724 ctat.
2345 3671 2453 3716 etc.
2487 3660 2673 3713 Altera
2709 3667 2791 3713 est
2835 3657 3031 3710 mulier
3064 3665 3345 3709 contracta
3371 3664 3424 3707 et
3458 3652 3739 3713 inclinata,

2162 3758 2332 3811 altera
2389 3754 2721 3808 Chananma.
2767 3750 2921 3805 Illius
2968 3749 3109 3815 apud
3160 3747 3472 3801 Matthaeum
3507 3787 3522 3807 ,
3580 3743 3745 3813 hujus

2165 3847 2308 3919 apud
2342 3846 2547 3901 Lucam
2582 3845 2790 3900 mentio
2826 3842 2904 3896 fit.
2953 3839 3264 3910 Theologus
3315 3846 3496 3895 autem
3549 3836 3744 3890 ambas

2163 3944 2230 3997 ad
2287 3956 2438 4002 cum,
2490 3938 2583 4008 qui
2641 3936 2883 3991 nondum
2944 3933 3257 4001 baptizatus
3315 3939 3422 3994 est,
3462 3930 3569 3984 hoc
3622 3928 3744 3982 loco

2165 4034 2564 4092 accommodat.
2603 4032 2969 4085 Chananmam
2994 4026 3217 4097 quidem
3250 4035 3473 4097 propter
3520 4030 3744 4091 peccata

2163 4144 2284 4184 eam
2316 4127 2566 4180 nominat
2593 4122 2838 4193 (gentilis
2867 4121 3017 4176 ettim
3051 4130 3168 4174 erat
3203 4118 3321 4172 haec
3346 4115 3657 4170 Chanana‘a
3690 4120 3746 4165 et

2165 4237 2197 4277 a
2227 4220 2347 4290 lege
2375 4218 2613 4287 aliena);
2657 4222 2994 4270 contractam
3046 4223 3250 4275 autem,
3304 4219 3528 4279 prepter
3566 4206 3746 4261 scele—

2166 4328 2289 4369 rum
2330 4313 2656 4381 gravitatem
2695 4308 3023 4375 Satameque
3073 4303 3313 4358 vincula.
3352 4301 3510 4367 Quod
3562 4312 3746 4353 autem

2168 4406 2265 4472 ait,
2295 4404 2445 4463 Heri,
2477 4413 2695 4468 tempus
2728 4399 3055 4469 baptismum
3087 4399 3403 4465 praecedens
3433 4391 3744 4461 significat;

2169 4500 2333 4557 hodie
2387 4511 2518 4553 vero
2559 4494 2714 4557 illud,
2762 4491 2909 4561 quod
2959 4490 3293 4558 baptismum
3354 4494 3630 4554 ιιαειμιιιιιι·⁸
3687 4480 3749 4535 Si

2175 4594 2366 4662 igitur,
2416 4590 2616 4659 inquit,
2659 4602 2753 4654 per
2811 4584 3143 4653 baptismum
3197 4595 3226 4633 a
3274 4578 3495 4633 Christo
3535 4585 3753 4631 erectus

2174 4684 2367 4739 fueris.
2401 4697 2470 4734 ne
2506 4693 2697 4733 rursus
2741 4676 2807 4728 ad
2851 4682 3097 4727 terrenas
3131 4670 3458 4738 cupiditates
3498 4682 3752 4736 procum-

2175 4779 2296 4841 bas,
2333 4776 2480 4829 velut
2511 4769 2841 4841 quibusdam
2867 4764 3076 4819 catenis
3104 4762 3358 4816 inflexus.
3385 4758 3521 4812 Nam
3549 4759 3595 4813 si
3630 4767 3754 4826 post

2177 4870 2512 4938 baptismum
2545 4875 2764 4931 quoque
2801 4859 2854 4913 in
2890 4866 3089 4911 terram
3121 4852 3500 4923 procubucris,
3537 4850 3753 4903 uitbcile

2176 4961 2272 5016 tibi
2320 4959 2434 5027 jam
2493 4954 2599 5009 erit
2653 4951 2782 5006 huic
2836 4946 3204 5003 contractioni
3259 4946 3515 4999 mederi:
3568 4949 3755 5009 ttlpule

2170 5067 2295 5109 cum
2330 5048 2480 5103 nulla
2512 5044 2751 5115 supersit
2778 5042 2890 5111 jam
2932 5040 3173 5096 secunda
3210 5035 3573 5105 regent-ratio.
3607 5032 3755 5085 itur-

2172 5157 2270 5198 sus
2313 5138 2657 5200 tabescebas,
2697 5135 2825 5204 quia
2865 5132 3016 5189 salus
3064 5141 3117 5185 te
3154 5128 3452 5187 defecerat,
3488 5125 3757 5195 quemad-

2176 5234 2398 5289 modum
2429 5230 2519 5285 illa
2544 5227 2833 5298 sanguinis
2854 5224 3126 5295 proﬂuvio
3158 5221 3442 5285 laborans,
3468 5220 3758 5275 deﬁciente

2173 5325 2466 5395 sanguine.
2495 5324 2675 5390 Atque
2724 5318 3043 5388 impuritate
3090 5323 3144 5368 ct
3173 5312 3433 5369 sordibus
3478 5313 3755 5375 scatebas,

2173 5417 2279 5471 hoc
2309 5423 2415 5478 est,
2452 5412 2774 5481 sanguinem
2819 5420 2876 5465 ct
2919 5408 3212 5464 exitiosum
3249 5415 3536 5474 peccatum
3587 5403 3758 5458 fontis

2174 5512 2230 5565 iu
2269 5506 2492 5561 modum
2529 5501 2841 5568 emittebas,
2878 5508 3000 5570 post
3030 5495 3363 5565 baptismum
3397 5512 3529 5552 vero
3560 5494 3756 5549 saluti-

2173 5596 2303 5653 fera:
2322 5610 2484 5667 aqua:
2506 5593 2841 5665 purgatione
2872 5585 3195 5653 reﬂoruisti,
3220 5590 3385 5652 atque
3415 5588 3485 5642 Ῐιιι
3496 5586 3757 5670 puritatis

566 5791 588 5822 '
610 5788 632 5845 ι
657 5790 892 5867 Comm,
920 5786 1038 5867 i6.”
1070 5783 1256 5867 Ilion-n3
1290 5801 1391 5854 xu,
1428 5784 1518 5843 52.
1563 5786 1604 5818 "
1631 5783 1764 5841 Luc.
1810 5802 1923 5852 xu,
1954 5784 2007 5840 8.
2050 5786 2090 5816 “
2116 5782 2222 5841 lsa.
2253 5798 2407 5851 Lvnt,
2441 5784 2492 5837 7.
2571 5779 2614 5812 ⁸¹
2643 5774 2775 5833 ibid.
2826 5773 2879 5841 6,
2958 5774 3000 5806 "
3023 5770 3238 5867 Coloss.
3271 5773 3335 5841 ll,
3369 5772 3456 5828 Η.
3538 5772 3579 5804 ’⁸
3606 5769 3752 5827 Psal.

497 5875 645 5929 xui,
667 5865 718 5917 1.
794 5863 835 5893 ’⁵
857 5860 992 5914 ibid.
1069 5857 1110 5890 ¹⁶
1138 5856 1271 5911 ibid.
