4100 6448
314 342 444 409 1³381

1318 356 1640 419 NlCE'l'AS
1685 359 1763 420 ΙΝ
1803 359 2028 422 ORAT.
2071 361 2169 423 XL
2212 365 2275 427 S.
2314 364 2545 430 GREG.

3449 371 3586 438 1‘82

310 465 570 519 ﬂuentum
620 466 855 531 exaruit,
909 478 1270 542 posteaquam
1332 474 1518 529 animo
1558 475 1895 546 baptismum
1924 476 1974 538 Α
2004 479 2264 536 vitiorum
2317 483 2575 553 sepulcro
2605 496 2729 539 num
2770 484 3028 542 triduano
3058 485 3276 541 Christo
3323 502 3352 541 a
3409 500 3588 546 morte

309 554 574 626 tetigisti,
635 558 727 628 qui
784 561 1005 630 quidem
1063 562 1269 620 Christi
1324 566 1709 623 vestimentum
1762 577 1891 634 est,

309 654 499 715 utpote
526 647 955 721 incorruptionis
980 653 1362 710 indumentum
1400 673 1414 710 :
1452 656 1681 713 fimbriae
1710 667 1894 715 autem

305 738 504 808 ipsius,
555 754 701 811 aqua
758 751 813 797 et
856 743 965 799 alia
1020 746 1291 816 symbola.
1350 745 1484 804 Vide
1518 749 1684 821 igitur
1728 766 1798 807 ne
1838 751 1894 807 in

307 832 540 887 rubrum
577 844 631 889 et
667 845 962 891 cruentum
991 847 1280 908 peccatum
1320 857 1516 897 rursus
1543 844 1755 900 incidas
1787 860 1897 902 :ne

307 939 508 978 rursus
570 928 989 995 apprehendere
1055 929 1261 986 Christi
1317 928 1590 990 fimbriam
1652 952 1894 1006 nequeas

303 1018 537 1088 (quippe
569 1035 716 1085 cum,
753 1031 813 1078 ut
836 1023 949 1093 jam
979 1025 1187 1081 dictum
1217 1038 1320 1093 est,
1356 1029 1509 1083 nulla
1549 1031 1621 1084 sit
1651 1032 1894 1087 secunda

303 1113 676 1183 regeneratio)
730 1124 790 1171 nt
827 1118 1059 1172 salutem
1115 1120 1215 1176 tibi
1249 1132 1390 1188 tuto,
1442 1123 1588 1179 velut
1630 1125 1683 1178 in
1715 1126 1895 1190 bapti-

301 1216 429 1258 Sttio
468 1204 751 1269 donatam,
794 1208 983 1264 furtim
1036 1212 1218 1268 tollas.
1265 1212 1378 1271 Nec
1428 1218 1575 1271 enim
1636 1220 1894 1277 Christus

301 1297 496 1352 libenti
547 1300 736 1355 animo
789 1299 892 1357 fert
946 1304 1051 1358 sibi
1094 1321 1122 1358 a
1182 1316 1235 1362 te
1279 1309 1508 1364 salutem
1559 1314 1755 1369 crebro
1798 1332 1896 1386 per

299 1388 639 1458 baptismum
681 1395 907 1465 surripi,
943 1398 1038 1451 sed
1075 1399 1246 1454 semel
1295 1401 1583 1458 duntaxat.
1628 1405 1743 1461 Hoc
1793 1423 1893 1462 au-

302 1489 413 1534 tem
472 1497 540 1535 eo
581 1483 662 1550 fit,
721 1500 790 1538 ne
847 1488 892 1540 si
931 1489 1120 1557 gratia:
1167 1506 1358 1546 rursus
1402 1509 1497 1564 per
1557 1495 1890 1565 baptismum

301 1574 618 1630 obtinendae
653 1592 780 1647 spes
812 1579 971 1635 nobis
1009 1581 1318 1653 atl'ulgeret,
1349 1586 1401 1639 in
1432 1597 1806 1658 contemptum
1839 1601 1895 1647 et

301 1666 573 1722 incuriam
621 1669 954 1736 laberemur,
996 1684 1389 1747 acceptamque
1439 1682 1673 1750 gratiam
1728 1683 1891 1741 facile

301 1758 685 1827 perderemus.
715 1761 870 1828 Quod
908 1763 1088 1834 ipsum
1124 1766 1345 1838 quoque
1374 1770 1560 1827 eximii
1598 1783 1762 1846 atque
1804 1777 1889 1832 in-

303 1850 474 1920 signis
515 1851 607 1906 Dei
644 1867 772 1924 erga
814 1871 916 1911 nos
952 1859 1161 1913 amoris
1196 1872 1578 1932 argumentum
1613 1877 1716 1923 est.

381 1942 511 1997 Ibid.
544 1943 604 1997 Β.
650 1943 783 2000 Heri
818 1946 872 2002 in
902 1948 1044 2003 lecto
1069 1950 1314 2021 jacebas,
1342 1966 1447 2009 etc.
1478 1954 1579 2010 Hic
1605 1961 1889 2032 paralytici

312 2037 594 2092 historiam
628 2042 695 2093 ad
729 2039 1373 2101 institutamanateriam
1420 2054 1887 2109 accommodatam

307 2129 726 2200 interpretatur.
782 2133 859 2189 Ac
934 2151 1030 2204 per
1092 2136 1293 2193 lectum
1354 2141 1574 2212 quidem
1636 2147 1889 2215 supinam

302 2226 616 2278 socordiam
669 2236 722 2280 et
782 2228 1101 2296 pestiferam
1150 2233 1388 2302 quietem
1454 2234 1740 2309 intelligit:
1795 2255 1891 2311 per

301 2325 520 2371 artuum
551 2330 730 2375 autem
765 2322 1207 2392 dissolutionem,
1238 2327 1485 2396 delicias,
1519 2332 1800 2404 animique
1834 2335 1890 2390 in

300 2411 674 2482 voluptatibus
751 2418 1166 2472 enervationcm
1244 2428 1297 2474 et
1368 2422 1733 2494 languorem;
1795 2444 1892 2496 per

300 2519 459 2572 aqu:e
490 2521 621 2559 vero
655 2507 1047 2579 turbationem,
1083 2528 1202 2567 eam
1233 2530 1354 2585 quae
1391 2515 1444 2570 iu
1478 2517 1758 2590 baptismo
1794 2525 1887 2590 sit,

305 2597 631 2662 motionem,
662 2614 724 2655 ac
752 2598 994 2671 Spiritus
1021 2605 1382 2676 advenientis,
1433 2610 1593 2679 eique
1624 2613 1888 2669 sanctita-

303 2698 411 2743 tem
472 2689 775 2759 aﬂ‘ereutis,
835 2698 942 2751 vim
1014 2708 1068 2753 et
1127 2698 1451 2758 cllicaeiam.
1515 2703 1646 2761 Heri
1698 2706 1886 2775 igitur,

302 2780 504 2852 inquit,
535 2784 816 2843 hominem
866 2791 1112 2845 nancisci
1151 2807 1259 2847 non
1294 2803 1555 2865 poteras;
1592 2799 1757 2853 hodie
1792 2818 1891 2856 na-

301 2882 426 2930 ctus
460 2890 519 2930 es
548 2876 823 2934 hominem
856 2884 1106 2938 eumdem
1140 2896 1194 2940 ct
1228 2886 1397 2943 Deum
1433 2888 1712 2961 (divinitas
1743 2895 1886 2950 enim

304 2965 641 3024 humanitati
685 2971 894 3029 Christi
947 2976 1258 3047 hypostasis
1293 2980 1434 3036 facta
1470 2986 1610 3054 est);
1663 2997 1826 3057 atque
1854 3004 1884 3043 a

300 3063 545 3130 peccatis
592 3064 767 3135 lapsu,
812 3077 1071 3140 tanquam
1113 3089 1141 3126 a
1200 3076 1452 3146 grabato,
1509 3081 1759 3137 sublatus
1801 3099 1882 3149 es,

2003 574 2069 628 ad
2099 574 2265 629 vitam
2293 577 2565 631 excitatus
2609 577 2760 647 (nam
2797 593 2893 647 per
2934 579 3135 633 trinam
3175 579 3583 635 dentersionem

2001 675 2055 723 et
2084 669 2450 725 emerslonem
2481 670 2739 726 triduana
2766 686 2917 728 mors
2943 671 3147 726 Christi
3168 681 3223 727 et
3255 677 3586 727 resurrectio

2002 764 2459 833 repraesentatur)
2493 779 2510 817 :
2543 777 2608 817 ac
2638 765 2849 832 peccati
2880 762 3118 817 vinculis
3149 765 3367 818 solutus
3398 778 3478 818 es.
3508 762 3582 815 Da

1999 868 2131 922 ergo
2170 869 2420 924 operam,
2460 871 2529 911 ne
2570 872 2765 912 rursus
2797 857 2867 913 iis
2919 856 3328 920 adnumereris,
3372 858 3491 926 qui,
3525 866 3585 910 ut

2002 943 2223 1001 Davidis
2249 946 2437 1002 verbis
2477 956 2600 1002 utar
2624 948 2692 1013 ",
2720 949 2794 1016 {in
2844 950 3120 1020 sepulcris
3173 950 3446 1012 habitant,
3484 965 3585 1002 nec

2001 1048 2347 1109 peccatorum
2386 1049 2609 1097 tuorum
2650 1041 2838 1099 fasciis
2873 1043 3292 1113 constringaris.
3329 1042 3486 1105 Nam,
3526 1052 3584 1095 nt

1998 1142 2083 1185 est
2107 1134 2250 1201 apud
2282 1132 2631 1189 Salomonem
2671 1154 2684 1188 :
2719 1134 3068 1189 Peccatorum
3107 1152 3326 1188 suorum
3358 1134 3584 1188 vinculis

1998 1223 2218 1293 quisque
2248 1226 2634 1296 constringitur
2659 1227 2728 1282 ³⁸.
2765 1226 2981 1281 Etenim
3013 1227 3059 1282 si
3085 1227 3271 1280 animo
3303 1227 3581 1294 moriaris,

1999 1315 2265 1370 incertum
2299 1326 2404 1380 est,
2438 1329 2624 1405 qtrum
2651 1319 2717 1373 ad
2749 1321 2917 1374 vitam
2951 1335 3146 1374 rursus
3183 1320 3261 1374 sis
3289 1318 3581 1382 redituros,

2000 1424 2177 1478 usque
2228 1410 2296 1464 ad
2351 1426 2702 1467 communem
2753 1413 3216 1467 resurrectionem
3255 1428 3268 1465 :
3301 1429 3423 1483 qme
3463 1414 3588 1482 qui—

1999 1502 2158 1566 dem,
2222 1513 2282 1558 ut
2340 1514 2425 1558 est
2470 1506 2611 1574 apud
2668 1504 3217 1569 Ecclesiasticnm“,
3274 1518 3584 1561 creaturam

1998 1610 2219 1651 omnem
2276 1598 2343 1652 ad
2373 1597 2648 1670 judicium
2695 1600 2964 1667 adducet,
3014 1600 3138 1655 vitae
3173 1608 3311 1654 actae
3349 1600 3587 1654 rationes

1996 1689 2362 1746 reddituram.

2067 1781 2183 1837 Col.
2203 1782 2293 1837 40.
2312 1782 2379 1837 Α.
2401 1782 2463 1841 Si
2493 1783 2660 1849 lepra,
2683 1785 2777 1838 hoc
2802 1786 3142 1856 est,deformi
3169 1784 3447 1855 pravitate,
3479 1793 3586 1841 etc.

1993 1873 2149 1944 Apud
2212 1875 2421 1930 Lucam
2449 1875 2501 1930 in
2540 1874 2835 1947 Evangelia
2867 1879 3132 1947 SCt'iplltttt
3169 1886 3264 1935 est.
3302 1876 3444 1947 quod
3497 1878 3592 1931 dc-

1995 1983 2112 2023 cem
2146 1968 2248 2022 viri
2276 1967 2476 2037 leprosi
2521 1967 2754 2023 Domino
2808 1979 3167 2025 occurrerunt
3203 1987 3217 2025 :
3254 1971 3369 2038 ipse
3405 1966 3613 2022 antem'

1995 2061 2236 2116 faustum
2284 2063 2629 2132 purgationis
2678 2063 2930 2118 nuntium
2966 2063 3074 2116 illis
3106 2061 3362 2121 allerens,
3397 2062 3533 2115 dixit
3567 2078 3583 2117 :

1994 2151 2099 2218 Ite,
2130 2154 2389 2208 ostendite
2421 2171 2509 2208 vos
2540 2156 2805 2210 sacerdoti
2828 2158 2896 2210 ²².
2934 2155 3203 2211 Sacerdos
3234 2155 3379 2209 enim
3411 2154 3592 2207 homi-

1995 2258 2118 2296 nem
2165 2244 2311 2314 lepra
2366 2256 2682 2315 purgatum,
2724 2245 2967 2315 periculo
3018 2246 3359 2315 purgationis
3421 2244 3588 2305 facto,

1994 2335 2218 2405 reliquae;
2248 2344 2435 2405 postea
2466 2336 2607 2406 plebi
2632 2337 2972 2392 accensebat.
3006 2337 3075 2392 L‘t
3103 2346 3282 2391 autem
3316 2336 3587 2398 abierunt,

1994 2429 2206 2499 purgati
2259 2439 2385 2484 sunt
2420 2446 2435 2483 :
2470 2445 2658 2484 verum
2711 2446 2905 2484 novent
2957 2446 3019 2484 ex
3057 2429 3145 2492 iis,
3186 2430 3361 2500 patria
3392 2427 3588 2491 Judaei,

1995 2521 2241 2576 beneficii
2287 2522 2497 2590 accepti
2538 2522 2909 2586 immemores,
2940 2537 3050 2577 non
3086 2523 3414 2577 redierunt:
3449 2537 3593 2575 unus

1994 2627 2147 2677 vero,
2207 2614 2298 2683 qui
2339 2612 2723 2670 Samaritanus
2762 2623 2902 2679 erat,
2956 2616 3022 2668 ad
3061 2615 3256 2669 salutis
3308 2622 3588 2669 auctorem

1996 2721 2252 2762 reversus
2279 2715 2384 2771 est,
2422 2707 2738 2778 gratiasque
2762 2708 2895 2777 egit,
2926 2722 2991 2761 ac
3015 2706 3185 2762 Deum
3228 2709 3478 2763 laudibus
3499 2723 3590 2762 ce-

1996 2800 2244 2855 lebravit.
2275 2798 2464 2869 Leprae
2487 2800 2673 2870 igitur,
2693 2810 2751 2854 ut
2775 2808 2971 2869 praeter
3001 2809 3252 2854 naturam
3285 2800 3588 2860 exsistenti,

1997 2891 2310 2960 Theologus
2347 2901 2631 2960 peceatum
2668 2899 2972 2960 comparat.
3009 2899 3198 2960 utpote
3224 2889 3367 2958 quod
3398 2898 3582 2958 praetet

2000 2993 2252 3038 naturam
2311 2998 2532 3053 quoque
2584 2984 2675 3048 sit,
2718 2995 2882 3052 atque
2926 2982 3167 3036 animam
3221 2981 3589 3047 deformitate,

1999 3077 2462 3146 quemadmodum
2522 3077 2614 3131 illa
2655 3091 2879 3145 corpus,
2923 3073 3141 3130 alliciat.
3197 3073 3252 3128 Si
3284 3075 3469 3144 igitur,
3503 3075 3592 3128 in-

301 3153 629 3226 lapsumque
659 3160 979 3229 huiusmodi
1025 3165 1172 3221 velut
1216 3170 1487 3236 extulisti,
1526 3174 1785 3228 nimirum
1818 3177 1886 3231 de
1918 3192 1960 3248 ο
1999 3172 2134 3239 quit.
2186 3171 2516 3224 Virlllcnlum
2570 3178 2625 3223 ει
2667 3169 2958 3223 exitiosum
3010 3176 3294 3237 Ροεεῦῑιηιι
3353 3166 3445 3221 libi
3498 3181 3587 3236 Pe'

302 3261 373 3301 eo
400 3263 495 3317 per
545 3249 957 3308 confessionem
1018 3259 1371 3323 triumphans
1405 3279 1419 3316 :
1449 3262 1889 3336 beneficiumque

303 3354 401 3408 per
421 3340 755 3411 baptismum
784 3356 1072 3416 acceptum
1101 3352 1358 3409 omnibus
1385 3357 1721 3424 prredicasti.
1748 3359 1891 3415 Cave

302 3431 470 3500 igitur
524 3450 719 3493 rursus
767 3440 1082 3508 prolabare.
1134 3443 1363 3508 Verum,
1421 3456 1482 3502 ut
1535 3464 1616 3513 es,
1665 3452 1890 3520 prolici-

303 3539 483 3591 scere,
523 3525 574 3581 id
625 3536 729 3593 est,
767 3545 939 3585 sanus
989 3542 1044 3588 et
1084 3532 1399 3603 incolumis,
1434 3542 1690 3611 praecepti
1725 3542 1891 3613 hujus

302 3631 539 3678 memor,
584 3622 883 3693 paralytico
927 3625 981 3680 in
1014 3627 1132 3682 hzec
1163 3629 1329 3683 verba
1362 3631 1472 3685 dati
1508 3649 1522 3686 :
1555 3631 1692 3687 Ecce
1725 3651 1890 3694 sonas

302 3708 478 3778 [actus
509 3727 562 3766 es
589 3712 653 3779 ",
684 3722 791 3770 etc.
826 3714 971 3783 Quin
1006 3719 1071 3774 ad
1101 3719 1249 3777 hunc
1275 3737 1493 3792 quoque
1522 3725 1744 3781 modum
1776 3729 1892 3785 ba'c

304 3803 561 3872 explicari
593 3817 817 3874 queant.
848 3809 952 3876 Qui
985 3815 1239 3883 corporis
1274 3817 1647 3888 voluptatibus
1679 3821 1890 3879 fractus

305 3903 405 3962 est,
446 3895 492 3951 is
527 3912 628 3953 nec
658 3897 726 3954 ad
777 3900 1039 3959 virtutem
1079 3905 1270 3962 etilcax
1300 3919 1403 3974 est,
1442 3928 1545 3968 nec
1592 3916 1660 3969 ad
1707 3916 1891 3972 scien-

304 3987 435 4043 tiam
488 3997 545 4044 et
610 3994 983 4063 cognitionem
1043 3995 1205 4056 facile
1268 4006 1475 4059 moveri
1535 4017 1782 4077 potest:
1829 4025 1893 4066 ac

302 4080 533 4146 proinde
570 4098 671 4139 nec
718 4084 999 4142 hominem
1042 4090 1227 4156 habet,
1270 4093 1375 4150 hoc
1428 4105 1531 4165 est,
1593 4099 1891 4157 humanam

299 4178 361 4224 et
397 4172 722 4241 prudentem
760 4180 1055 4248 rationem,
1102 4199 1131 4239 a
1165 4200 1272 4255 qua
1309 4187 1375 4242 ad
1412 4189 1672 4247 virtutem
1706 4195 1893 4249 scien-

305 4263 397 4319 tia!
427 4281 684 4336 capacem
717 4274 879 4342 quasi
917 4274 971 4329 in
1010 4277 1282 4346 piscinam
1332 4280 1615 4351 injiciatur
1651 4302 1665 4340 :
1709 4288 1893 4357 quoad

299 4372 476 4426 usque
503 4358 745 4418 Verbum
775 4369 1003 4425 veniens
1028 4372 1480 4443 compendiosam
1509 4375 1560 4431 ei
1585 4377 1893 4448 depellendi

301 4453 481 4507 merbi
531 4457 799 4512 rationem
836 4460 1148 4531 tradiderit,
1201 4469 1371 4522 menti
1410 4468 1670 4530 nimirum
1724 4471 1900 4542 impc—

1995 3263 2330 3334 baptismum
2374 3263 2631 3317 abrasum
2666 3271 2773 3326 est,
2809 3276 2874 3316 ac
2910 3259 3166 3326 formam,
3202 3259 3293 3313 Dei
3328 3259 3591 3313 similitu-

1993 3357 2122 3410 dine
2181 3370 2523 3424 expressam,
2575 3355 2640 3408 ad
2682 3369 2847 3424 quam
2900 3363 3120 3408 creatus
3175 3367 3257 3418 es,
3313 3352 3589 3422 recepisti,

1996 3447 2335 3517 purgationis
2385 3456 2490 3501 tute
2521 3445 2652 3499 mihi
2688 3447 2964 3516 specimen
3015 3446 3136 3512 ede,
3173 3446 3404 3512 teipsum
3448 3444 3595 3500 vide-

1996 3541 2169 3593 liceta
2204 3539 2410 3609 peccati
2462 3538 2791 3608 contagione
2848 3553 3045 3607 purum
3090 3553 3341 3593 servans.
3382 3536 3592 3608 Hujus-

1996 3632 2142 3687 modi
2179 3647 2420 3702 namque
2454 3631 2707 3702 purgatio
2742 3631 2902 3700 legali
2935 3643 2986 3686 et
3009 3629 3260 3686 Mosaicae
3282 3631 3595 3701 purgationi

1994 3723 2292 3779 antecellit.
2326 3723 2419 3778 Illa
2448 3725 2594 3778 enim
2619 3737 2913 3792 corporum
2938 3731 3057 3777 erat
3087 3739 3101 3776 :
3130 3722 3242 3776 hinc
3261 3723 3594 3778 animarum.

1996 3814 2074 3867 Ac
2105 3813 2231 3868 vide
2280 3828 2349 3869 ne
2375 3814 2681 3884 spiritualis
2723 3812 2876 3882 lepra
2910 3827 3104 3867 rursus
3129 3826 3195 3867 ex
3226 3822 3277 3866 te
3308 3821 3593 3878 nascatur,

1995 3907 2215 3977 Alioqui
2246 3907 2442 3962 vitiosa
2473 3907 2669 3961 animai
2698 3905 2962 3960 habitudo
2992 3920 3135 3976 aegre
3176 3904 3449 3959 medulam
3499 3905 3597 3959 ad-

1997 4000 2234 4056 missura
2270 4010 2372 4055 est.
2400 3999 2664 4070 Asperior
2693 3998 2866 4064 enim,
2903 3997 3239 4068 maiorisque
3296 3996 3593 4052 dilliculta-

1999 4091 2067 4146 tis
2102 4101 2155 4145 et
2187 4090 2394 4159 laboris
2431 4106 2494 4144 ea
2514 4090 2785 4145 medicina
2814 4097 2919 4152 est,
2943 4104 3066 4159 qua:
3101 4090 3154 4143 in
3187 4104 3383 4160 magna
3420 4088 3597 4159 laery-

1998 4200 2211 4240 marum
2249 4183 2667 4255 gemituumque
2698 4181 3023 4253 profusione
3054 4184 3329 4238 consistit.

2067 4277 2204 4332 Ibid.
2229 4276 2290 4331 Β.
2325 4275 2511 4347 Nuper
2551 4277 2785 4331 avaritia
2820 4287 2869 4331 et
2909 4277 3171 4331 tenacitas
3217 4291 3457 4339 manum,
3484 4283 3590 4329 etc.

1999 4372 2269 4428 Praeclara
2300 4373 2517 4434 animae,
2547 4387 2577 4427 a
2605 4372 2896 4442 largitione
2923 4382 2977 4425 et
3014 4370 3352 4437 benignitate
3399 4369 3599 4426 abhor-

2003 4466 2195 4532 rentis,
2224 4475 2280 4522 et
2312 4480 2507 4522 manus
2533 4467 2777 4521 avaritiae
2809 4479 2873 4521 ac
2895 4465 3208 4519 tenacitatis
3237 4463 3430 4517 morbo
3454 4463 3599 4518 labo-

299 4559 461 4609 rans,
492 4558 551 4602 ιιι
578 4565 606 4603 a
640 4551 982 4623 voluptatum
1020 4557 1315 4627 illecebris,
1356 4563 1562 4632 quibus
1585 4532 1892 4629 detinetur,
1930 4532 1972 4588 θ
2003 4562 2199 4624 rantis,
2226 4557 2438 4613 curatio
2469 4567 2578 4624 est,
2610 4556 2898 4613 facultates
2929 4557 2983 4611 in
3000 4570 3271 4626 pauperes
3294 4554 3597 4619 effundere,

301 4651 602 4712 exsurgat,
670 4645 1051 4720 virtutumque
1113 4651 1361 4708 humeris
1421 4669 1625 4724 corpus
1692 4657 1891 4721 tollat,

302 4739 471 4802 atque
504 4736 557 4789 in
588 4735 813 4794 domum
851 4758 1033 4807 suam,
1076 4744 1178 4801 hoc
1209 4755 1314 4813 cst,
1351 4747 1403 4801 in
1436 4747 1636 4803 caelum
1670 4748 1892 4819 proiici-

298 4833 512 4881 scatur.
567 4829 794 4888 Praestat
848 4836 1016 4901 enim,
1081 4846 1139 4891 ut
1198 4839 1344 4909 quod
1404 4840 1661 4906 inferius,
1714 4842 1781 4896 ab
1830 4858 1894 4898 eo

299 4919 448 4987 quod
476 4923 839 4982 excellentius
866 4937 965 4991 est,
998 4931 1233 4987 actionis
1262 4931 1509 4988 humeris
1541 4935 1608 4989 ad
1632 4934 1889 4990 virtutem

297 5022 572 5084 gestetur,
627 5033 790 5088 quam
848 5033 905 5076 ut
951 5025 1315 5079 excellentior
1355 5042 1481 5096 pars
1539 5042 1633 5096 per
1685 5026 1889 5083 foedam

298 5107 592 5163 mollitiem
624 5127 651 5165 a
685 5112 948 5169 deteriori
984 5129 1135 5187 parte
1165 5119 1230 5171 ad
1274 5121 1579 5189 voluptates
1611 5121 1884 5175 trahatur.

378 5200 513 5258 Ibid.
541 5203 602 5258 C.
633 5205 883 5278 Magnam
907 5213 1041 5265 hanc
1077 5229 1269 5277 coccm,
1298 5212 1523 5280 Lazare,
1549 5217 1661 5268 veni
1686 5214 1750 5280 ιθ,
1778 5225 1887 5270 ctc.

300 5292 778 5360 Quemadmodum
823 5305 976 5372 prius
1010 5305 1065 5358 in
1115 5303 1344 5373 Lazaro,
1378 5308 1450 5360 ita
1488 5323 1632 5361 nunc
1673 5322 1894 5377 quoque

303 5384 366 5443 in
422 5396 473 5442 te
528 5389 794 5448 Dominus
847 5396 956 5451 alia
1008 5412 1143 5450 voce
1201 5397 1538 5465 inclamatit,
1600 5396 1661 5453 ιιῐ
1717 5398 1785 5452 ad
1843 5409 1895 5452 te

299 5493 525 5549 quoque
563 5494 869 5550 mortuum,
926 5490 1030 5543 hoc
1064 5500 1169 5546 est.
1202 5490 1359 5545 vitali
1407 5492 1475 5544 ad
1508 5492 1768 5546 virtutem
1810 5492 1893 5547 la-

297 5568 509 5626 cnltatc
542 5576 817 5641 orbatum,
869 5580 1222 5650 pertingeret.
1276 5581 1355 5636 Tu
1412 5592 1623 5648 autem,
1685 5586 1891 5640 multos

293 5662 415 5734 jam
468 5666 585 5723 dies
641 5680 912 5734 mortuus,
963 5688 1057 5742 per
1104 5674 1438 5746 baptismum
1495 5676 1775 5748 prodiisti,
1823 5694 1891 5733 ex

345 5843 569 5902 "Joau.
611 5864 661 5912 ν,
699 5847 781 5903 ιιι.
864 5848 908 5882 ¹³
934 5846 1094 5903 Joan.
1135 5864 1213 5913 x1,
1250 5848 1341 5904 43.

1422 5850 1465 5882 ’⁸
1492 5848 1637 5914 Paul,
1668 5864 1841 5916 van,
1884 5847 1934 5899 7.
1992 5848 2036 5881 ²⁹
2063 5847 2226 5906 Prov.
2264 5863 2321 5917 ν,
2347 5846 2439 5902 22.

2002 4665 2245 4720 opesque
2286 4660 2335 4705 et
2364 4665 2548 4705 rerum
2600 4651 2792 4719 copias
2843 4650 2894 4702 in
2931 4663 2997 4702 eo
3039 4648 3249 4718 positas
3284 4661 3406 4701 esse
3456 4646 3588 4699 arbi-

2002 4743 2158 4810 trari,
2191 4754 2248 4798 ut
2273 4744 2455 4814 inopia
2475 4754 2696 4813 propter
2718 4742 2996 4797 Christum
3025 4739 3319 4802 alliicteris,
3340 4746 3503 4807 atque
3529 4741 3598 4792 ita

2002 4838 2268 4906 prolixam
2315 4837 2705 4904 benignitatem
2759 4834 2984 4900 habere,
3037 4842 3259 4900 tamque
3297 4831 3598 4887 liberaliter

2001 4946 2134 5000 opes
2165 4930 2483 4991 exhaurire,
2524 4939 2582 4982 ut
2627 4943 2692 4981 ne
2721 4927 2948 4981 fundum
2981 4927 3200 4995 quidem
3246 4927 3423 4994 ipsum
3461 4925 3574 4978 iuta

2001 5033 2152 5079 ctum
2182 5021 2485 5091 relinquas.
2515 5020 2772 5076 Fortasse
2809 5020 2951 5073 cnim
2982 5018 3098 5088 ipse
3147 5032 3369 5087 quoque
3397 5016 3599 5070 exhau-

1995 5128 2115 5173 stus
2147 5129 2339 5170 rurSus
2366 5115 2681 5168 alimoniam
2709 5113 2806 5167 tibi
2829 5111 3088 5181 proferet,
3122 5127 3185 5165 ac
3216 5111 3518 5181 praesertim
3558 5106 3601 5159 si

1998 5211 2275 5265 hoininem
2310 5207 2602 5278 quemdam
2632 5206 2857 5276 iustitia:
2886 5205 3049 5260 laude
3081 5213 3428 5274 prtrstantem
3455 5205 3552 5255 ηις-ι

2000 5304 2130 5359 dum
2192 5301 2526 5364 susceperis,
2586 5301 3048 5368 quemadmodum
3110 5296 3451 5366 Sarcpbtana
3502 5294 3577 5347 llo

2000 5397 2150 5461 liam,
2175 5405 2235 5449 ut
2278 5394 2419 5449 libro
2439 5393 2647 5463 Regum
2688 5393 2852 5447 tertio
2873 5394 3149 5462 proditum
3185 5391 3445 5445 habetur.

2076 5487 2213 5543 ibid.
2241 5486 2303 5542 Si
2329 5487 2526 5541 surdus
2569 5504 2632 5539 ac
2666 5497 2846 5541 mutus
2902 5502 3045 5551 eras,
3084 5493 3190 5539 etc.
3225 5482 3284 5536 Si
3336 5482 3599 5535 hactenus

2001 5580 2205 5635 surdus
2230 5577 2511 5645 tuisti,Dei
2545 5588 2812 5647 praicepta
2838 5592 2945 5632 non
2977 5576 3287 5637 addiscens,
3310 5582 3364 5626 et
3395 5580 3598 5627 mutus.

1999 5687 2061 5727 ea
2100 5689 2208 5727 non
2242 5672 2470 5737 docens,
2504 5672 2589 5726 l‘ac
2626 5672 2719 5726 tibi
2747 5672 2880 5740 legis
2930 5669 3128 5724 divinas
3159 5664 3409 5720 doctrina
3453 5663 3592 5716 inso-

2518 5845 2560 5879 ³⁸
2594 5843 2777 5904 Eccle.
2806 5861 2904 5914 ιιι,
2926 5844 3005 5902 14.
3085 5844 3132 5878 ³⁸
3169 5841 3307 5898 Luc.
3334 5855 3471 5909 mi,
3502 5838 3586 5898 Η.
