4100 6420
486 358 493 361 ν
540 332 681 398 1283

1962 324 2341 389 ADDENDA.

3680 325 3812 388 128i

536 460 651 513 net,
707 445 1170 519 quemadmodum
1229 441 1436 500 Christi
1478 443 1679 499 sermo
1727 441 1897 498 surdo
1947 439 2024 495 illi
2063 454 2128 497 ac
2156 448 2200 510 Α
2233 456 2330 510 pro
2371 455 2443 498 eo
2490 443 2699 498 malum
2748 442 3055 509 attrasisti,
3100 451 3266 511 atque
3318 443 3526 498 ideirco
3570 443 3724 498 ﬁrme
3771 454 3827 497 et

535 555 713 599 muto.
746 543 887 609 Quin
925 540 1109 610 potius
1140 547 1533 609 praeceptorum
1572 537 1889 592 divinorum
1921 533 2128 591 doctri-

540 659 663 696 nam
688 639 962 695 memoriae
979 643 1234 690 contactu
1268 634 1464 697 retine,
1480 649 1549 689 ne
1564 632 1912 691 oblitteretur
1938 650 1954 688 :
1982 646 2135 693 sum-

540 748 736 801 moque
763 730 942 784 studio
971 743 1125 790 cave,
1163 741 1232 781 ne
1262 740 1425 783 aures
1448 734 1571 783 tuas
1612 724 1680 787 ad
1732 724 1948 783 Domini
1991 740 2132 781 ουηφ

536 826 656 880 silia
695 824 939 886 claudas,
981 836 1089 875 non
1141 835 1301 875 secus
1351 827 1518 888 atque
1568 818 1718 888 aspis
1777 816 2128 873 mortiferum

536 917 689 971 virus
716 915 976 979 occultat,
1010 928 1077 968 ac
1125 912 1393 967 surditate
1442 911 1680 980 seipsam
1726 908 1910 974 allicit,
1946 924 2013 963 ne.
2048 910 2130 962 in-

533 1008 839 1063 cantatoris
866 1020 1058 1061 vocem
1103 1004 1312 1064 audiat.
1344 1012 1402 1057 et
1432 1002 1614 1056 furere
1641 1001 1883 1055 desinat.
1917 999 1991 1053 De
2019 1013 2128 1068 qua

536 1111 593 1156 et
634 1100 807 1154 David
839 1100 965 1154 ait:
1013 1096 1165 1153 Sicut
1217 1096 1417 1164 aspidis
1471 1098 1670 1156 surdas,
1720 1103 1770 1147 et
1823 1093 2126 1147 obturantis

535 1208 692 1247 aures
746 1208 915 1255 suas,
969 1206 1089 1261 qua
1144 1205 1247 1242 non
1299 1186 1547 1242 exaudiet
1606 1202 1781 1241 uocem
1834 1187 2125 1243 incantan-

535 1287 671 1340 tium
705 1285 774 1340 ³³.

604 1419 744 1473 Ibid.
776 1417 834 1474 Si
862 1434 1054 1482 cacus,
1095 1426 1145 1471 et
1182 1416 1400 1470 luminis
1432 1432 1643 1483 expers.
1689 1426 1793 1471 etc.
1835 1414 1892 1469 Si
1945 1430 2123 1471 cat-rus

534 1526 677 1571 eras,
708 1512 895 1565 oculos
928 1519 1052 1565 tuos
1087 1510 1345 1575 baptismi
1391 1509 1513 1563 luce
1543 1509 1831 1573 collustra,
1867 1523 1936 1562 ne
1977 1523 2126 1561 tuor-

537 1603 608 1658 tis
652 1619 848 1657 somno
878 1603 1242 1672 consepiaris.
1275 1601 1326 1657 ls
1356 1617 1521 1672 porro
1561 1602 1616 1656 in
1654 1610 1886 1656 mortem
1919 1601 2123 1655 obdor-

537 1697 739 1761 miscit,
775 1697 933 1767 cujus
974 1696 1268 1750 salutiferae
1317 1697 1485 1749 animi
1537 1696 1680 1751 vires
1730 1704 1783 1749 et
1833 1695 2122 1750 facultates

535 1791 929 1861 obtorpescunt
962 1801 1013 1845 et
1063 1791 1511 1859 exstinguuntur.
1551 1787 1751 1845 Lucem
1791 1789 1935 1843 illam
1961 1828 1979 1850 .
2024 1790 2123 1843 tri-

538 1898 664 1937 nam
721 1883 991 1953 personis,
1044 1883 1347 1937 substantia
1399 1892 1453 1937 et
1501 1893 1695 1936 natura
1747 1892 1800 1938 et
1836 1882 2126 1937 divinitate

535 1977 863 2047 simplicem,
923 1977 1158 2031 intuere.
1215 1976 1465 2042 Quonam
1536 1987 1717 2030 autem
1781 1978 1941 2029 modo
2002 1991 2123 2030 eam

533 2084 762 2123 cernere
819 2083 1015 2139 queas,
1077 2070 1336 2123 admonet
1397 2068 1585 2130 llaiid,
1659 2069 1724 2120 ad
1785 2071 1974 2133 Deum,
2039 2070 2124 2123 his

530 2170 692 2216 utens
723 2161 953 2216 verbis:
997 2160 1062 2214 In
1112 2162 1312 2215 lumine
1357 2171 1447 2213 tuo
1497 2161 1789 2215 ridebimus
1843 2160 2022 2216 lumen
2054 2161 2122 2228 ",

531 2253 636 2308 hoc
670 2260 755 2307 est
793 2253 846 2305 in
877 2250 1084 2321 Spiritu
1121 2252 1344 2307 Filium.

599 2388 736 2444 Ibid.
778 2387 838 2444 Si
867 2387 1137 2443 Christum
1174 2398 1341 2443 totum
1374 2389 1685 2455 admiseris,
1711 2401 1819 2445 etc.
1856 2388 1912 2444 Si
1947 2398 2119 2444 totum

526 2476 833 2542 Christum,
877 2480 1076 2548 inquit,
1128 2496 1279 2542 eum,
1327 2481 1576 2549 inquam,
1629 2483 1950 2536 morborum
2003 2498 2122 2535 um-

527 2569 681 2621 nit-m
731 2569 1101 2637 depulsoretn,
1150 2571 1347 2623 anima:
1397 2578 1502 2625 tua:
1539 2570 1786 2638 hospitio
1816 2573 2119 2641 aeeeperis,

525 2661 786 2716 ntnnibns
817 2662 1344 2719 medicamentorum
1376 2664 1674 2734 generibus
1719 2679 1841 2721 eam
1872 2667 2125 2721 cumula-

524 2750 632 2807 bis.
681 2751 839 2817 Nam,
887 2768 1013 2808 cum
1054 2754 1326 2808 medicum
1373 2765 1552 2809 tecum
1595 2754 1978 2820 circumferas,
2012 2772 2121 2810 non

522 2850 649 2912 erit,
682 2861 782 2901 cur
818 2855 872 2902 te
913 2847 1091 2901 morbi
1141 2846 1469 2919 cujusquam
1509 2858 1689 2904 metus
1719 2859 2012 2905 exterreat.
2052 2851 2122 2903 At

521 2952 703 3007 operae
729 2940 965 3005 pretium
994 2936 1159 2991 fuerit
1183 2953 1380 2992 causas
1409 2939 1867 3006 animadvertere,
1897 2951 2119 3012 propter

522 3044 668 3099 quas
701 3030 862 3084 bonis
891 3029 1081 3084 divino
1114 3045 1341 3084 munere
1370 3031 1529 3083 nobis
1559 3034 1839 3088 concessis
1865 3034 2121 3088 excidere

521 3122 785 3178 solemus.
845 3121 901 3176 ld
949 3121 1096 3176 enim
1139 3123 1226 3178 vel
1278 3136 1341 3177 ea
1389 3122 1455 3177 de
1496 3139 1663 3178 causa
1711 3125 1867 3181 nobis
1898 3127 2115 3191 accidit,

521 3213 652 3284 qtia
687 3223 924 3282 accepta:
959 3214 1146 3286 gratiae
1178 3214 1586 3285 magnitudines
1626 3217 1949 3286 ignoramus
1979 3233 1994 3271 :
2033 3221 2115 3272 vel
2145 3199 2188 3255 (ἶ

518 3307 654 3379 quia
689 3306 1117 3363 sollicitudinem
1156 3307 1361 3361 nullam
1391 3307 1741 3373 adhibemus,
1771 3309 1865 3362 sed
1902 3308 2113 3364 desidia

517 3407 579 3455 et
632 3399 847 3469 ignavia
897 3407 1224 3471 torpemus:
1278 3401 1360 3454 vel
1419 3402 1546 3469 quia
1595 3401 1853 3455 obcaecati
1898 3414 2112 3456 sumus.

521 3491 894 3559 Quamobrem
919 3489 1002 3546 fac
1032 3491 1355 3559 baptizeris,
1380 3507 1481 3546 nec
1512 3494 1563 3546 in
1596 3501 1882 3561 peccatum
1921 3508 2117 3549 rursus

521 3600 797 3656 proruas:
826 3600 1012 3638 verum
1049 3583 1300 3654 baptismi
1330 3570 1710 3655 purgationem
1740 3587 1933 3642 sedulo
1957 3602 2111 3652 cura,

522 3686 578 3733 et
612 3678 665 3732 in
697 3692 760 3731 ea
799 3677 1097 3731 excolenda
1147 3678 1395 3741 elabora,
1444 3689 1612 3748 atque
1657 3679 2010 3736 accessiones
2057 3689 2114 3735 et

522 3772 860 3841 incrementa
905 3771 959 3824 in
1011 3770 1198 3825 animo
1250 3778 1345 3824 tuo
1379 3786 1477 3841 per
1527 3772 1786 3827 virtutem
1827 3770 1999 3827 ellicc.
2037 3771 2114 3833 Ita

522 3866 746 3922 detnum
782 3876 967 3920 autem
1014 3864 1433 3933 pra-clarissime
1474 3864 1579 3934 ipsi
1630 3881 1789 3935 opem
1818 3866 2032 3933 tuleris,
2068 3867 2115 3925 si

520 3957 896 4029 evangelicam
926 3955 1242 4027 parabolam
1273 3956 1459 4011 animo
1501 3971 1564 4011 ac
1605 3956 1873 4012 memoria
1914 3967 2118 4014 tenue-

525 4051 601 4104 ris
622 4050 667 4081 ’⁵
700 4048 959 4102 nimirum
1004 4047 1281 4116 impurum
1313 4046 1568 4121 spiritum
1617 4062 1647 4102 a
1685 4058 1736 4107 te
1798 4063 1895 4119 per
1934 4048 2115 4119 bapti-

522 4158 704 4197 smum
733 4141 981 4211 iugatum
1016 4153 1160 4203 esse,
1197 4145 1361 4208 atque
1395 4138 1681 4194 ambulare
1709 4154 1804 4210 per
1840 4140 1957 4193 loca
2002 4138 2119 4193 ina-

521 4250 721 4305 quusa,
770 4232 876 4289 hoc
903 4242 1008 4298 cat,
1056 4232 1273 4285 animas
1318 4245 1480 4286 sacro
1516 4231 1775 4302 baptismi
1821 4230 1983 4285 latice
2024 4244 2118 4284 ea-

525 4336 709 4382 rentcs
754 4340 1025 4396 quaerere,
1085 4338 1223 4394 quas
1268 4339 1392 4379 cum
1423 4323 1601 4378 nullas
1627 4323 1885 4393 reperiat,
1921 4336 2116 4377 rursus

524 4418 595 4477 ad
626 4428 699 4485 te,
742 4432 772 4472 a
805 4432 915 4489 quo
949 4417 1231 4489 digressus
1266 4415 1462 4482 fuerat,
1499 4416 1661 4470 redit.
1695 4418 1773 4472 Ac
1808 4414 2114 4485 siquidem

2238 543 2558 595 constanter
2584 536 2637 590 in
2671 545 2723 591 te
2747 536 3025 599 diabolus,
3057 535 3287 590 habitat.

2307 641 2425 697 Col.
2467 641 2573 698 Ml)
2597 641 2660 698 C.
2687 642 2889 699 Rursus
2917 646 3203 711 enimvero,
3231 663 3295 700 ac
3318 645 3514 714 saepius
3539 647 3637 699 tibi
3659 645 3826 700 lanei-

2236 748 2363 787 num
2397 734 2731 797 memoriam,
2774 734 3058 804 refricabo,
3091 746 3198 793 etc.
3235 736 3586 806 Quanquam,
3622 736 3821 805 inquit,

2234 827 2341 881 sub
2371 826 2640 879 orationis
2672 826 2889 880 initium
2928 826 2995 882 de
3031 829 3263 885 diversis
3303 829 3569 883 luminum
3606 829 3824 899 generi-

2237 910 2341 965 bus
2368 911 2725 964 tractavimus
2759 922 2938 964 tamen
2966 926 3161 967 rursus
3196 914 3498 982 Scriptura
3527 912 3700 975 locos,
3725 913 3824 983 qui

2233 1000 2507 1056 luminum
2568 1002 2904 1055 mentionem
2954 1000 3181 1069 faciunt,
3231 1004 3577 1074 proferemus
3633 1017 3652 1057 :
3704 1002 3824 1059 Lit:

2232 1104 2356 1146 orta
2385 1102 2465 1147 est
2490 1095 2667 1162 justo,
2708 1102 2759 1148 et
2792 1095 2948 1148 rectis
2983 1101 3144 1149 corde
3175 1096 3368 1150 la-titis
3388 1097 3458 1161 “,
3501 1096 3677 1162 inquit
3718 1097 3824 1149 Da-

2234 1183 2345 1238 vid.
2391 1182 2612 1243 Sociam
2654 1193 2835 1239 autem
2884 1186 3253 1256 comitemque
3297 1185 3526 1241 luminis
3571 1185 3819 1241 laetitiam

2229 1277 2387 1341 dixit,
2422 1288 2481 1331 ut
2510 1276 2657 1333 illius
2691 1278 2961 1333 asseclam
2990 1286 3153 1348 atque
3180 1293 3210 1333 a
3243 1277 3444 1334 Davide
3471 1286 3815 1332 coornatam.

2232 1361 2407 1430 Hujus
2436 1371 2617 1415 autem
2658 1360 2804 1417 ﬁlius
2849 1359 3113 1417 Salomon
3155 1362 3234 1416 ait
3267 1379 3281 1415 :
3328 1360 3447 1416 Lua:
3471 1360 3636 1432 fustis
3668 1362 3816 1416 omni

2230 1454 2463 1513 tempore
2484 1445 2563 1510 ",-
2598 1453 2712 1499 tum
2749 1446 2914 1500 etiam
2945 1461 3144 1501 rursus
3178 1445 3348 1500 David
3379 1446 3448 1500 ad
3494 1446 3659 1501 Deum
3700 1445 3814 1500 cla-

2230 1544 2373 1595 mat:
2401 1533 2727 1592 Illuminans
2750 1546 2809 1590 tu
2833 1537 3149 1593 mirabiliter
3165 1554 3197 1593 a
3222 1538 3485 1595 montibus
3505 1537 3719 1597 aeternis
3733 1535 3814 1601 "3

2231 1641 2327 1681 nos
2348 1626 2494 1685 enim
2518 1628 2840 1683 intermedia
2862 1628 3186 1697 angelorum
3210 1644 3378 1700 opera
3402 1630 3819 1691 collustrantur,

2228 1720 2322 1791 qui
2380 1720 2601 1790 quidem
2652 1729 2869 1775 montes
2922 1721 3209 1789 dicuntur,
3260 1722 3406 1792 quod
3457 1722 3723 1778 sublimes
3762 1734 3821 1777 et

2230 1809 2481 1864 cmlestes
2508 1809 2640 1877 sint,
2676 1820 2839 1881 atque
2866 1810 2934 1866 ad
2968 1813 3160 1868 vitium
3192 1811 3335 1868 llecti
3366 1813 3507 1882 (i0),
3547 1813 3627 1867 vel
3669 1813 3821 1868 nullo

2231 1896 2413 1956 modo,
2469 1892 2553 1947 vel
2607 1908 2720 1947 non
2770 1896 2891 1950 sine
2946 1910 3142 1963 magna
3196 1896 3515 1950 dillicullate
3566 1904 3817 1965 queant:

2228 1979 2417 2030 asterni
2449 1991 2656 2041 antem,
2687 1978 2817 2048 quia
2872 1980 3167 2033 immortali
3214 1981 3527 2035 cotulitiune
3566 1989 3718 2036 sunt.
3751 1982 3823 2035 At

2229 2083 2376 2123 nunc
2405 2069 2628 2136 quidem
2676 2069 2840 2123 David
2886 2059 3121 2139 supplici
3166 2072 3421 2126 oratione
3459 2071 3579 2126 ait:
3623 2069 3822 2124 Emitte

2227 2159 2396 2213 lucem
2433 2170 2582 2215 tuam
2624 2169 2673 2217 et
2712 2163 2989 2215 veritatem
3034 2171 3181 2215 luant
3206 2162 3290 2229 ";
3338 2180 3483 2218 nunc
3521 2175 3726 2227 autem,
3762 2174 3822 2218 ut

2231 2251 2337 2305 voti
2375 2267 2602 2321 compos
2639 2252 2838 2317 factus,
2871 2251 2957 2309 bis
2978 2254 3164 2309 verbis
3202 2254 3409 2321 gratias
3441 2257 3552 2324 agit
3580 2268 3595 2313 :
3624 2253 3819 2325 Signa-

2228 2353 2341 2396 tum
2367 2353 2441 2397 est
2474 2359 2631 2412 super
2658 2360 2750 2397 nos
2794 2343 2970 2399 lumen
3006 2345 3179 2400 vultus
3211 2346 3311 2409 tui,
3349 2344 3570 2401 Domine
3591 2347 3674 2413 ³⁰;
3711 2347 3820 2403 hoc

2224 2448 2309 2491 est
2360 2438 2511 2507 signa
2558 2446 2611 2491 et
2635 2445 2796 2493 notos
2850 2438 3028 2493 habeo
3063 2438 3373 2508 splendoris
3407 2439 3592 2494 divino
3649 2439 3818 2495 bene-

2228 2528 2352 2583 ﬂcio
2409 2530 2645 2600 accepti.
2698 2529 2833 2597 Quae
2885 2532 3106 2587 tandem
3159 2533 3312 2602 signa
3362 2542 3417 2589 et
3454 2533 3818 2604 argumenta?

2225 2621 2524 2689 prophetia:
2566 2620 2736 2675 decus
2788 2628 2843 2675 et
2890 2621 3340 2675 oblectationem.
3395 2621 3604 2677 Dedisti
3639 2623 3817 2684 enim,

2226 2712 2426 2781 inquit,
2479 2713 2727 2766 (mitium
2776 2713 2829 2766 in
2879 2712 3036 2767 corde
3086 2712 3284 2766 meo".
3332 2711 3509 2769 Unum
3548 2715 3820 2770 duntamt

2227 2802 2358 2857 illud
2397 2805 2585 2858 lumen
2623 2803 2773 2873 fuge,
2820 2805 2888 2859 de
2935 2820 3043 2874 quo
3090 2818 3184 2873 per
3227 2803 3422 2859 Isaiam
3474 2805 3617 2859 Deus
3651 2806 3816 2860 verba

2223 2887 2456 2952 faciens,
2490 2889 2566 2943 ait
2606 2905 2624 2944 :
2665 2889 2948 2942 Ambulate
2975 2889 3031 2942 in
3060 2887 3261 2942 lumine
3292 2889 3427 2959 ignis
3457 2890 3636 2954 vestri,
3677 2899 3725 2943 et
3757 2892 3813 2942 in

2220 2981 2440 3050 ﬂamma
2460 2997 2621 3052 quam
2646 2981 3176 3046 succendistis",boc
3200 2989 3307 3046 est,
3333 2982 3385 3035 in
3405 2980 3623 3035 flamma
3651 2981 3812 3049 ignis,

2223 3079 2385 3134 quem
2438 3064 2685 3132 subjecta
2729 3066 2985 3118 vitiorum
3025 3063 3271 3128 materia,
3312 3063 3470 3118 vobis
3503 3063 3806 3119 excitastis.

2228 3155 2585 3210 Deducantini
2616 3155 2686 3209 ad
2723 3154 3038 3225 hujnsmodi
3082 3156 3284 3227 ignem,
3315 3167 3373 3211 ut
3409 3170 3475 3211 eo
3510 3151 3814 3225 conﬂagre-

2223 3246 2321 3301 tis.
2357 3245 2573 3312 Quibus
2605 3247 2791 3303 verbis
2821 3245 2913 3300 Dei
2947 3248 3084 3302 iram
3120 3246 3416 3317 signiﬁcat.
3459 3246 3608 3318 Ignis
3641 3247 3814 3311 enim.

2220 3334 2418 3403 inquit,
2452 3348 2738 3388 succensus
2764 3344 2842 3389 est
2872 3336 2926 3389 in
2954 3337 3136 3406 furore
3161 3353 3295 3403 meo,
3329 3346 3378 3392 et
3409 3337 3614 3393 ardebit
3648 3353 3819 3409 usque

2219 3425 2289 3479 ad
2330 3425 2529 3496 inferni
2569 3427 2858 3483 novissima
2879 3429 2946 3482 ³³.
2989 3428 3467 3495 Quemadmodum
3513 3430 3684 3497 enim,
3715 3433 3814 3502 qui

2220 3516 2357 3572 febri
2391 3519 2710 3589 corripitur,
2751 3519 2923 3575 febris
2964 3520 3242 3576 ﬂammam
3293 3522 3659 3592 ardoremque
3706 3521 3810 3577 sibi

2220 3601 2323 3672 ipsi
2361 3605 2646 3670 excitavit,
2689 3604 2904 3661 vitiosis
2948 3605 3214 3661 nimirum
3260 3607 3586 3663 humoribus
3629 3610 3681 3661 in
3728 3607 3815 3662 vi-

2218 3710 2372 3751 scera
2406 3711 2506 3752 sua
2534 3698 2813 3769 congestis
2852 3716 2867 3752 :
2910 3700 3103 3754 eodem
3140 3713 3243 3754 nos
3275 3714 3499 3770 quoque
3527 3700 3687 3755 modo
3717 3715 3819 3770 per

2221 3789 2492 3845 scelerum
2528 3793 2815 3846 materiam
2844 3791 3101 3861 supplicii
3138 3792 3458 3847 thesaurum
3493 3792 3650 3847 nobis
3682 3792 3817 3863 ipsis

2218 3880 2593 3948 congerimus,
2644 3868 2938 3950 ignemque
2980 3882 3355 3936 accendimus.
3404 3881 3485 3936 Ac
3544 3882 3812 3951 quoniam

2220 3972 2351 4030 salvi
2380 3981 2434 4026 et
2464 3971 2645 4027 acerbi
2686 3972 2829 4043 ignis
2871 3973 3205 4028 intentionem
3243 3972 3498 4040 fecimus,
3531 3973 3814 4030 distinctio

2221 4056 2530 4111 adhibenda
2595 4064 2702 4111 est.
2758 4054 2894 4111 Nam
2948 4056 3092 4127 ignis
3139 4072 3363 4128 quoque
3418 4071 3659 4129 purgans
3702 4066 3812 4122 est,

2221 4140 2481 4197 nimirum
2522 4154 2678 4195 amor
2707 4155 2772 4197 ac
2803 4141 2941 4197 lides
2971 4156 3100 4213 erga
3145 4142 3343 4208 Deum,
3380 4156 3501 4211 quae
3534 4142 3678 4211 ignis
3709 4156 3817 4196 no-

2221 4234 2485 4305 minatur,
2521 4248 2627 4289 non
2671 4233 2837 4288 modo
2883 4235 3030 4305 quod
3077 4234 3223 4291 acris
3267 4234 3340 4291 sit
3371 4244 3427 4289 et
3453 4234 3675 4299 ardens,
3716 4236 3821 4290 sed

2219 4328 2382 4382 etiam
2433 4326 2579 4397 quod
2619 4328 2836 4381 animos
2877 4333 3096 4381 nostros
3146 4339 3176 4380 a
3226 4333 3454 4395 peccato
3503 4325 3817 4393 ignorantia

2221 4425 2438 4489 purget,
2467 4418 2733 4488 piumque
2767 4416 2836 4471 ab
2867 4416 3037 4486 impio
3063 4424 3117 4470 et
3147 4415 3354 4471 inlideli
3382 4415 3609 4470 dividat.
3638 4418 3717 4470 Ac
3744 4416 3819 4472 do

524 4514 804 4570 Christum
837 4514 889 4568 iu
932 4523 981 4567 te
1019 4527 1115 4580 per
1145 4511 1405 4566 virtutem
1450 4509 1786 4565 habitantem
1821 4507 2114 4572 invenerit,
2149 4543 2197 4603 ι)
2226 4517 2330 4566 hoc
2374 4511 2515 4582 ignis
2547 4524 2747 4582 genere
2783 4509 3044 4565 Christus
3079 4509 3133 4564 in
3179 4509 3327 4564 hunc
3370 4510 3597 4567 modum
3641 4512 3823 4579 loqui-

527 4607 581 4661 in
639 4604 820 4676 fugam
868 4620 926 4660 sc
973 4602 1198 4674 conjicit
1249 4617 1265 4658 :
1316 4600 1400 4654 sin
1433 4608 1614 4653 autem
1664 4598 1905 4654 animam
1968 4608 2115 4654 tuam

528 4714 758 4756 vacuant
791 4696 1073 4767 repererit,
1097 4703 1262 4764 atque
1289 4692 1364 4747 ita
1386 4690 1658 4752 allectum,
1678 4699 1736 4746 ut
1769 4691 1922 4762 prius
1954 4706 2122 4747 oecu-

527 4803 746 4862 pantcm
793 4788 1048 4859 excipere
1097 4792 1286 4853 parata
1320 4782 1413 4846 sit,
1446 4781 1563 4837 sive
1592 4796 1742 4848 cum,
1786 4782 1900 4837 sive
1953 4780 2119 4838 Chri-

528 4901 700 4947 stum,
729 4885 935 4938 certius
963 4896 1028 4937 ac
1059 4876 1274 4933 ﬁrmius
1314 4875 1371 4930 in
1414 4887 1463 4930 te
1484 4875 1820 4932 domicilium
1846 4874 1947 4930 sibi
1987 4890 2120 4929 cuu-

527 4982 729 5036 stituit.
764 4977 978 5032 Etenim
1009 4980 1136 5027 ante
1175 4970 1509 5042 baptismum
1545 4984 1670 5039 spes
1715 4968 2119 5040 resipiscentia:

527 5088 595 5127 ac
631 5069 950 5127 securitatis
994 5061 1123 5120 eral
1146 5080 1340 5136 nempe
1370 5080 1467 5135 per
1498 5063 1829 5136 baptismum
1864 5080 1876 5116 :
1908 5070 1964 5117 at
1992 5068 2115 5132 post

530 5165 863 5234 baptismum
924 5158 1214 5230 perspicua
1269 5168 1324 5212 et
1375 5163 1568 5228 aperta
1627 5165 1714 5212 est
1766 5156 2108 5227 improbitas.

529 5257 789 5329 quoniam
821 5252 949 5307 boni
980 5250 1250 5322 particeps
1286 5248 1488 5315 factus,
1520 5248 1653 5304 illud
1690 5248 2001 5318 prodidisti,
2043 5262 2110 5303 ac

600 5417 645 5447 ⁸³
680 5412 823 5469 Psal.
847 5408 1038 5473 Lvtt,5,
1072 5408 1126 5462 6.
1202 5406 1250 5439 “
1274 5404 1415 5460 Psal.
1452 5421 1615 5471 xxxv,
1650 5406 1737 5461 ill.
1813 5406 1860 5439 “
1882 5405 2018 5462 Luc.
2057 5425 2152 5475 xu,
2183 5408 2279 5463 ΩΟ.
2369 5408 2417 5440 ⁸⁸
2448 5406 2519 5462 Ps

607 5504 671 5535 xv
698 5525 712 5535 .
746 5484 800 5535 5.
878 5481 923 5512 ³³
951 5480 1091 5533 Psal.
1128 5493 1253 5535 χιιι.
1278 5479 1332 5535 '5.
1407 5479 1453 5509 ³ο
1477 5477 1623 5532 Psal.
1654 5494 1728 5535 tv.
1757 5479 1810 5533 7.
1890 5479 1930 5508 ⁸⁸
1954 5479 2091 5535 Ibid.
2166 5480 2213 5513 ³³
2238 5480 2338 5535 lsa.
2373 5493 2428 5535 ι.
2461 5478 2522 5532 ll

2324 5516 2338 5532 ο
2374 5516 2428 5547 Β,
2464 5516 2548 5532 ιιι

1890 5479 1930 5508 ⁸³
1954 5479 2091 5536 Ibid.

1449 5548 1494 5583 ³³
1526 5548 1672 5605 Psal.
1721 5564 1840 5614 cui,
1885 5551 1941 5605 4.

532 5502 671 5543 uxv
698 5525 712 5546 ,
746 5484 800 5538 5.
878 5481 923 5512 ³³
951 5480 1091 5533 Psal.
1128 5493 1253 5535 sui.
1278 5479 1332 5536 '5.
1407 5479 1453 5509 ³ο
1477 5477 1623 5532 Psal.
1654 5494 1728 5540 tv,
1757 5479 1810 5533 7.

530 5557 696 5611 “lsa.
734 5569 903 5618 λινιι,
936 5554 997 5605 14
1046 5568 1157 5605 sec.
1209 5548 1370 5609 ΕΧΧ.

606 5693 719 5762 (tu)
771 5694 852 5746 Ad
903 5693 1083 5745 tilium
1136 5690 1294 5759 ﬂecti.
1347 5688 1502 5762 Quod
1550 5687 1768 5762 videtur
1791 5684 2019 5762 _Nic_eta_s
2052 5684 2120 5762 de

534 5755 848 5834 angulorum
901 5775 1047 5816 statu
1095 5755 1384 5825 dubstare,
1435 5761 1541 5814 hoc
1585 5760 1699 5829 jam
1753 5758 1821 5812 ab
1869 5755 2115 5811 Ecclesia

2228 4615 2314 4659 tur
2348 4621 2362 4659 :
2395 4603 2581 4673 Ignem
2604 4603 2721 4657 veni
2744 4602 2950 4658 mittere
2967 4603 3019 4657 in
3053 4610 3270 4669 terram,
3304 4613 3353 4659 et
3388 4603 3518 4673 quid
3546 4604 3687 4669 uolo,
3709 4604 3818 4659 nisi

2224 4708 2281 4750 ut
2334 4700 2520 4750 ardeat
2540 4694 2623 4748 3‘?
2672 4694 3046 4751 Accelerantis
3082 4704 3261 4750 autem
3284 4703 3448 4765 atque
3472 4697 3816 4767 pernrgeutis

2221 4797 2305 4844 est
2331 4790 2443 4843 haec
2472 4789 2673 4842 oratio.
2693 4786 2857 4857 Cupit
2881 4787 3028 4841 cnim
3054 4801 3154 4841 nos
3182 4787 3588 4857 quamprimum
3616 4788 3735 4842 bent
3756 4787 3822 4841 li-

2220 4882 2305 4937 cio
2330 4880 2491 4950 allici;
2515 4894 2578 4935 ac
2604 4879 2833 4950 proinde
2853 4893 2950 4950 per
2975 4879 3174 4934 lsaiam
3197 4894 3418 4950 quoque
3441 4880 3512 4933 ita
3535 4880 3776 4950 loquitur
3797 4899 3815 4936 :

2222 4974 2399 5029 [labes
2422 4973 2677 5028 carbones
2707 4973 2843 5043 ignis
2877 4984 2897 5025 :
2925 4975 3046 5026 sede
3072 4988 3229 5041 super
3254 4988 3365 5038 eos,
3393 4971 3448 5024 lii
3484 4972 3582 5024 tibi
3604 4971 3819 5025 auxilio

2224 5066 2398 5138 futuri
2418 5062 2613 5120 sunt”.
2636 5066 2811 5121 Porro
2834 5064 3107 5121 carbones
3133 5063 3432 5118 auxiliares
3454 5077 3519 5117 ac
3544 5062 3819 5117 subsidia-

2221 5162 2312 5225 rii,
2335 5158 2512 5228 angeli
2531 5157 2637 5212 dici
2654 5167 2880 5228 queant,
2902 5172 3041 5228 quos
3065 5161 3246 5227 ignem
3265 5166 3513 5209 urentem
3539 5154 3704 5209 David
3724 5170 3796 5223 ap

2218 5250 2463 5323 pellat“.
2490 5248 2610 5305 iam
2634 5250 2778 5306 Deus
2810 5264 3033 5321 quoque
3058 5248 3201 5320 ignis
3229 5258 3475 5313 vocatur,
3494 5249 3649 5317 juxta
3675 5248 3813 5302 illud

2369 5408 2417 5440 “
2448 5406 2595 5463 Psal.
2629 5423 2772 5469 xcvi,
2816 5406 2893 5462 14.
2972 5403 3018 5437 ”
3048 5402 3213 5458 Prov.
3270 5419 3345 5466 tv,
3384 5402 3471 5459 18.
3578 5400 3622 5431 ’⁸
3656 5401 3810 5458 Psal.

2624 5478 2669 5510 ³³
2685 5479 2842 5533 Deut.
2877 5490 3050 5540 usti,
3093 5474 3185 5527 ‘22.
3297 5476 3343 5506 “
3374 5473 3507 5529 Luc.
3538 5487 3634 5535 xu,
3656 5472 3749 5527 i9.

2229 5681 2517 5738 deﬁnitum
2552 5686 2659 5744 est,
2701 5691 2796 5733 eos
2827 5675 3111 5739 nimirum,
3147 5676 3238 5745 qui
3269 5692 3297 5728 a
3349 5678 3455 5729 Deo
3488 5692 3582 5746 per
3626 5695 3815 5743 super.

2226 5756 2371 5809 biam
2407 5766 2517 5808 non
2552 5750 2905 5815 defecerunt,
2938 5748 2991 5801 in
3026 5750 3200 5818 gratia
3236 5748 3591 5803 eunlirmatos
3623 5753 3815 5807 tuisse.
