4100 6432
414 377 558 445 1283

1394 375 1723 442 NICETAS
1766 370 1843 433 IN
1895 373 2120 434 ORAT.
2165 372 2266 433 XL
2308 373 2368 433 S.
2416 372 2650 435 GREG.

3564 367 3705 432 1386

410 501 561 560 ‘luod
626 497 679 553 in
729 495 1162 557 Denteronomio
1216 498 1448 556 habetur
1499 518 1512 554 :
1554 494 1817 553 Dominus
1866 489 2008 546 Deus
2037 489 2085 549 Δ
2116 494 2300 544 tamen
2330 504 2397 545 se
2419 504 2543 546 esse
2570 490 2747 561 lingit.
2780 490 2889 545 Ant
2920 489 3153 547 fortasse
3185 491 3565 562 propheticum
3597 490 3704 545 hoc

415 602 539 645 tuus
568 592 704 662 ignis
739 607 1051 648 consumens
1076 603 1156 648 est
1174 594 1241 648 ".
1275 591 1372 647 Est
1400 600 1581 646 autem
1615 597 1670 644 et
1700 586 1838 642 alter
1863 583 2005 656 ignis

417 685 614 739 vindex
650 700 713 740 ac
746 684 1018 741 scelerum
1052 686 1221 742 ultor.
1278 687 1458 757 Atque
1503 682 1616 746 ltic,
1680 679 1878 751 partim
1949 676 2003 730 in

416 776 520 830 hac
555 775 663 828 vita
692 779 992 834 sceleratos
1020 777 1323 842 excruciat,
1375 783 1434 831 ut
1463 772 1740 846 quondam
1781 769 1871 825 ille
1902 767 2005 824 So-

412 870 735 926 domiticus.
768 869 1024 925 Dominus
1082 872 1255 935 enim,
1293 869 1494 942 inquit,
1528 868 1663 938 pluit
1701 881 1860 935 super
1902 861 2005 918 So-

413 963 628 1016 tiomam
653 971 702 1016 et
734 959 1053 1017 Gomorram
1086 963 1311 1032 sulpltur
1343 972 1390 1015 et
1416 962 1587 1032 ignem
1616 975 1648 1013 a
1685 956 1912 1011 Domino
1936 954 2002 1020 ἐς

412 1068 525 1121 quo
556 1055 721 1108 etiam
759 1064 1079 1124 peccatores
1106 1070 1299 1110 attines
1353 1053 1654 1125 perfundit,
1676 1050 1834 1121 juxta
1869 1047 2003 1102 illttd

413 1145 638 1200 Davulis
667 1164 680 1201 :
713 1143 864 1201 Pluet
914 1163 1072 1215 super
1107 1156 1406 1216 peccatores
1452 1144 1687 1216 laqueos,
1741 1144 1912 1213 ignem
1955 1150 2005 1196 et

410 1239 638 1308 sulphur
664 1248 711 1293 et
744 1240 993 1309 spiritum
1019 1237 1464 1309 procellarum”.
1503 1238 1585 1291 Ac
1611 1236 1845 1307 sulphur
1881 1233 2005 1305 qui-

411 1330 536 1386 dem
575 1331 754 1402 ignem
811 1332 944 1399 alit;
998 1333 1264 1401 procellas
1295 1342 1477 1385 autent
1532 1338 1858 1386 exsuscnat.
1905 1326 2006 1383 llic

413 1432 599 1479 autem
637 1424 779 1495 ignis
809 1424 1137 1479 teutationes
1175 1434 1233 1479 et
1281 1423 1625 1485 calamitates
1660 1438 1755 1478 eas
1788 1419 2002 1489 signiﬁ-

411 1531 544 1571 care
570 1525 757 1586 queat,
777 1516 832 1571 itt
862 1531 1025 1587 quas,
1053 1517 1147 1588 qui
1180 1516 1422 1588 gratiter
1452 1510 1704 1586 peccant,
1735 1514 2001 1568 incidunt.

412 1609 743 1678 Quanquam
775 1609 943 1664 etiam
978 1624 1075 1679 per
1126 1610 1307 1679 ignem
1365 1609 1512 1664 hunc
1547 1610 1686 1676 ignis
1723 1607 1813 1661 ille
1845 1604 2005 1660 intel—

414 1704 507 1773 ligi
535 1704 727 1772 possit,
754 1702 849 1773 qui
877 1702 932 1756 in
979 1704 1155 1758 altero
1191 1718 1308 1757 aevo
1337 1702 1539 1772 impios
1565 1701 1796 1765 cruciat,
1834 1698 2004 1754 nimi-

415 1814 536 1852 rum
589 1800 638 1852 is
662 1797 757 1868 qui
815 1795 1036 1851 diabolo
1093 1805 1318 1866 paratus
1371 1803 1538 1850 estet
1590 1793 1802 1864 angelis
1855 1792 1996 1864 ejus,
2034 1835 2078 1891 Β

415 1889 880 1958 quemadmodum
949 1887 1215 1941 Dominus
1247 1886 1302 1941 in
1366 1883 1667 1954 Evangelia
1717 1880 1998 1939 docet":

416 1984 497 2036 vel
521 1982 687 2038 etiam
709 1980 824 2047 ille,
857 1980 923 2035 de
941 1995 1052 2050 quo
1077 1979 1241 2033 David
1266 1978 1345 2033 ait
1369 1995 1382 2032 :
1410 1976 1558 2048 Ignis
1587 1985 1710 2031 ante
1731 1992 1848 2030 eum
1869 1990 2002 2045 pra:-

412 2079 580 2141 retlet,
605 2083 654 2128 et
680 2076 734 2128 in
767 2075 999 2128 circuitu
1019 2072 1062 2103 δ’
1094 2072 1197 2127 hoc
1226 2080 1330 2137 est,
1362 2071 1728 2139 undecunque
1748 2068 2001 2124 inimicos

412 2168 536 2237 ejus
566 2166 970 2222 iullammabit:
1010 2183 1174 2236 quem
1227 2166 1391 2220 etiam
1421 2164 1563 2234 ignis
1598 2162 1826 2218 lluvium
1875 2173 2002 2216 ante
2036 2194 2043 2195 ν

410 2276 541 2315 eum
555 2259 918 2330 proﬂuentem
937 2258 1222 2328 Scriptura
1244 2256 1574 2320 nominat",
1594 2255 1753 2326 cujus
1775 2255 2003 2309 mentio-

412 2370 539 2409 nem
569 2366 791 2423 quoque
816 2352 989 2408 Isaias
1023 2350 1350 2418 laciens,:tit
1385 2367 1400 2404 :
1445 2348 1644 2403 Vermis
1676 2364 1858 2402 eorum
1896 2363 1999 2402 non

410 2447 692 2509 morietur,
704 2454 753 2498 et
773 2444 913 2515 ignis
928 2460 1110 2499 eorum
1132 2444 1500 2513 exstinguetur
1513 2442 1580 2496 ⁸³.
1596 2442 1674 2497 Eo
1687 2453 1868 2497 autem
1895 2440 2002 2495 ior-

414 2534 736 2590 midahilior
752 2521 920 2605 atque
943 2534 1254 2590 liorribilior
1269 2544 1352 2588 est
1384 2533 1474 2588 hic
1509 2533 1675 2604 ignis,
1700 2532 1846 2603 quod
1873 2547 1998 2589 cum

412 2629 935 2698 vernteconjuuctus
955 2629 1046 2694 sit,
1061 2644 1127 2683 ac
1143 2628 1417 2699 duplicem
1433 2642 1651 2698 poenam
1673 2625 2001 2681 habeat.Per

412 2741 656 2780 verinetn
682 2741 845 2795 porro
870 2737 1033 2796 atque
1053 2725 1232 2796 ignem
1255 2724 1554 2780 ntaterialis
1575 2724 1845 2781 crassitiei
1886 2722 2001 2778 col-

413 2812 858 2883 liquel’actiouem
906 2825 962 2871 et
999 2815 1466 2871 excruciationem
1501 2814 1759 2886 intellige.
1796 2812 1999 2870 Omnes

408 2921 545 2960 vero
572 2905 628 2960 hi
671 2907 824 2975 ignes
866 2909 1331 2965 exterminatricis
1374 2917 1506 2964 sunt
1561 2907 1858 2973 facultatis,
1892 2904 1999 2962 hoc

409 3006 518 3061 est,
556 2998 785 3065 ultricis,
820 3016 929 3056 non
966 3010 1149 3056 tamen
1204 3002 1272 3056 ad
1329 2999 1607 3055 interitum
1634 2999 1999 3068 essentiazque

411 3094 777 3164 prisationem
804 3091 1146 3147 adducentis.
1172 3092 1369 3162 Duplex
1387 3100 1473 3147 est
1495 3092 1642 3146 enim
1665 3090 2002 3146 extermina-

2111 581 2319 638 dictum
2378 584 2682 652 apostolico
2730 585 2813 655 illi
2858 585 3038 641 simile
3086 594 3190 641 est.
3245 585 3401 651 Quod
3443 587 3489 641 si
3535 587 3699 637 etiam

2111 685 2347 745 opertum
2378 686 2455 731 est
2484 675 2833 748 Evangelium
2868 686 3131 745 nostrum,
3158 679 3214 731 in
3244 678 3308 732 iis
3334 679 3426 747 qui
3452 687 3700 746 pereunt,

2109 777 2187 824 est
2223 779 2462 840 opertum
2492 770 2560 825 “.
2604 769 2981 842 Uudecunque
3028 771 3174 826 enim
3214 772 3461 827 veritatis
3508 772 3697 826 lumen

2111 865 2343 919 meridie
2376 865 2578 920 clarius
2607 865 2855 928 irradiat,
2886 875 2998 920 tum
3035 880 3064 919 a
3094 864 3319 929 mundo,
3348 875 3458 917 tum
3488 879 3516 918 a
3550 864 3705 917 Scri-

2110 958 2307 1029 pturis,
2337 967 2449 1013 tum
2476 975 2505 1013 a
2533 960 2690 1013 nobis
2715 974 2935 1030 quoque
2966 959 3121 1030 ipsis,
3150 974 3361 1021 verum,
3386 958 3478 1027 qui
3505 959 3697 1011 oculos

2110 1051 2322 1120 aperire
2354 1052 2569 1118 uolunt,
2599 1066 2627 1105 a
2661 1051 2806 1106 nulla
2854 1067 3041 1106 earnm
3085 1066 3292 1116 rerum,
3342 1066 3465 1120 qua:
3512 1051 3564 1103 itt
3599 1066 3698 1103 tta-

2111 1152 2232 1198 tura
2267 1153 2417 1209 sunt,
2451 1143 2621 1198 Deum
2657 1145 2972 1214 perspicere
3009 1152 3171 1214 atque
3203 1143 3400 1198 intueri
3440 1153 3697 1211 possunt.

2109 1237 2184 1291 Ea
2215 1237 2362 1292 enim
2409 1247 2537 1292 sunt
2566 1237 2734 1291 animi
2771 1239 3060 1307 pravitate,
3096 1246 3155 1290 ut
3195 1234 3451 1289 meridies
3484 1233 3557 1286 illi
3595 1248 3699 1302 pro

2108 1330 2342 1399 caligine
2370 1332 2463 1384 sit.
2513 1331 2585 1384 At
2623 1331 2787 1385 etiam
2828 1330 3086 1393 Satanas,
3118 1338 3173 1383 ct
3220 1344 3328 1382 nox
3360 1335 3464 1388 est,
3497 1335 3551 1381 et
3601 1328 3695 1380 lux

2110 1436 2292 1483 tamen
2343 1424 2408 1481 iis
2455 1439 2580 1480 esse
2632 1423 2868 1488 videtur,
2903 1424 2997 1495 qtti
3049 1424 3327 1493 voluptate
3373 1436 3437 1475 ac
3484 1421 3697 1476 deliciis

2107 1519 2351 1589 corrupti
2378 1528 2528 1574 sunt.
2562 1519 2652 1571 Ait
2676 1518 2878 1588 quippe
2907 1516 3076 1571 David
3103 1535 3115 1571 :
3143 1516 3210 1570 Et
3239 1532 3345 1571 nos:
3371 1516 3695 1571 illuminutio

2108 1631 2223 1670 mea
2262 1615 2317 1668 in
2345 1611 2550 1668 deliciis
2580 1615 2707 1667 meis
2738 1611 2804 1678 ",
2830 1612 2932 1666 hoc
2965 1620 3070 1674 est,
3105 1612 3359 1666 tenebras
3392 1610 3536 1674 illas,
3572 1610 3695 1680 qni-

2106 1709 2214 1765 bus
2235 1709 2290 1764 in
2314 1708 2526 1765 deliciis
2549 1708 2708 1770 meis,
2732 1707 2952 1777 vitaque
2979 1705 3357 1775 voluptatibus
3385 1703 3691 1768 dilllnente,

2107 1800 2481 1858 circumfusus
2519 1816 2692 1867 erant,
2744 1800 3001 1856 tenebras
3052 1814 3174 1855 esse
3224 1797 3563 1862 nesciebam,
3601 1813 3695 1852 ve-

2108 1909 2230 1949 rum
2271 1894 2449 1949 lucem
2502 1906 2628 1947 esse
2680 1892 3013 1947 arbitrabar.
3065 1890 3245 1959 Atque
3284 1889 3338 1943 lti
3393 1904 3547 1958 sane,
3599 1889 3695 1959 qui

2107 1987 2241 2043 luxu
2266 1986 2464 2058 perditi
2496 1995 2646 2051 sunt,
2674 1987 2778 2040 hoc
2808 1987 2967 2038 tundo
2999 2001 3063 2039 se
3095 1984 3335 2048 habent;
3375 1999 3477 2038 nos
3511 1994 3695 2038 autem

2108 2081 2280 2138 Oseas
2309 2083 2591 2145 admonet,
2619 2089 2676 2134 ut
2702 2078 2949 2133 scientiae
2980 2077 3161 2130 lumen
3194 2076 3351 2131 llOlllS
3383 2077 3517 2146 ipsis
3543 2074 3699 2131 exci-

2109 2184 2309 2231 temus.
2360 2172 2612 2241 Quonam
2661 2178 2843 2226 autem
2898 2169 3060 2223 modo
3111 2167 3161 2221 id
3212 2167 3326 2231 liat,
3382 2166 3524 2221 idem
3562 2180 3695 2237 pro-

2109 2268 2269 2338 pheta
2314 2266 2402 2322 his
2437 2265 2618 2321 verbis
2653 2261 2879 2333 subiicit
2922 2278 2936 2315 :
2985 2259 3255 2316 Sentinate
3287 2260 3426 2313 vobis
3463 2260 3591 2328 ipsis
3624 2256 3696 2311 ad

2098 2360 2398 2431 justitiam,
2440 2356 2761 2414 uindemiate
2808 2354 3043 2424 fructum
3078 2353 3199 2406 rita:
3244 2351 3312 2405 η.
3361 2348 3438 2406 Ita
3470 2340 3695 2406 demunt

2107 2454 2288 2525 inquit
2326 2451 2614 2523 propheta,
2662 2448 2824 2505 nobis
2876 2448 3122 2503 scientia:
3171 2447 3356 2500 lumen
3404 2458 3697 2515 compara-

2107 2546 2311 2610 bimus,
2349 2543 2395 2599 si
2435 2541 2663 2612 justitiie
2698 2548 2754 2596 et
2800 2538 3019 2593 virtutis
3063 2552 3229 2606 opera
3278 2552 3550 2600 seramus,
3594 2535 3701 2590 hoc

2107 2648 2214 2706 est,
2246 2653 2558 2709 operemur,
2588 2647 2753 2707 atque
2786 2634 3033 2689 actiones
3098 2633 3223 2686 vita:
3248 2641 3466 2685 a-tcrna:
3500 2644 3697 2699 paren-

2108 2743 2189 2790 tes
2239 2733 2603 2802 dccetpatnus
2665 2738 2721 2785 et
2773 2727 3103 2797 colligamus
3160 2742 3174 2779 :
3245 2720 3699 2793 quandoquidem

2107 2826 2249 2882 actio
2303 2820 2689 2894 comparanda:
2729 2817 3127 2890 speculationis
3181 2814 3289 2869 vim
3341 2814 3523 2869 habet.
3583 2811 3691 2868 Lu-

2112 2919 2259 2975 mine
2301 2918 2484 2985 itaque
2537 2913 2783 2970 scientiae
2839 2912 3200 2975 illustremur,
3256 2916 3315 2963 ut
3369 2910 3550 2962 lmnen
3600 2921 3701 2961 ve-

2112 3026 2233 3067 rum
2269 3025 2299 3065 a
2337 3008 2472 3064 falso
2503 3015 2559 3063 et
2603 3006 2868 3061 ementita
2908 3003 3116 3058 lumine
3155 3000 3473 3057 discernere
3525 3013 3697 3069 quea-

2109 3119 2253 3168 mus,
2301 3116 2365 3156 ac
2420 3115 2526 3156 non
2580 3098 2635 3152 in
2682 3096 2887 3151 malum
2930 3104 3189 3161 tanquam
3245 3093 3298 3147 in
3340 3092 3542 3148 bonum
3598 3107 3697 3162 per

413 3188 513 3248 tio,
541 3183 1003 3254 quemadmodum
1021 3192 1076 3238 et
1097 3183 1352 3253 perditio.
1388 3181 1505 3237 Nisi
1543 3182 1669 3251 quis
1687 3178 1827 3236 forte
1855 3181 2003 3237 hunc

2110 3209 2356 3253 errorem
2408 3191 2741 3247 incidamus.
2793 3186 2907 3243 Nec
2966 3201 3096 3243 vero
3140 3185 3442 3256 nobisipsis
3481 3192 3697 3240 tantum

413 3277 684 3331 vindicem
701 3277 878 3346 ignem
897 3275 1173 3330 mitiorem
1188 3284 1242 3331 et
1256 3275 1685 3330 moderationem
1699 3273 2006 3345 intelligere

414 3367 565 3432 velit,
587 3383 751 3437 quam
774 3367 982 3429 scelero
992 3382 1042 3425 tu
1066 3380 1382 3424 nostrorum
1400 3368 1667 3431 atrocitas
1686 3377 1964 3424 mereatur
1987 3383 2004 3432 ;

412 3469 605 3530 utpote
633 3463 762 3531 quia
783 3459 927 3517 Deus
958 3461 1153 3517 vindex
1180 3460 1388 3532 justam
1429 3475 1650 3531 poenam
1692 3460 2008 3527 misericor-

411 3554 503 3611 dia
542 3562 599 3608 et
634 3556 859 3610 leuitate
886 3565 1191 3626 temperare
1222 3555 1418 3611 soleat.

482 3645 602 3702 Col.
649 3645 759 3702 615
806 3646 866 3701 Β.
919 3645 1381 3712 Quemadmodum
1422 3662 1583 3717 porro
1627 3645 1824 3716 duplex
1862 3645 2004 3717 ignis

410 3755 574 3810 genus
598 3748 698 3805 est,
725 3748 831 3796 etc.
860 3737 1338 3806 Quemadmodum
1369 3739 1641 3807 duplicem
1673 3737 1854 3808 ignem
1877 3753 2005 3796 esse

410 3835 777 3901 ostendimus,
808 3837 1045 3891 alterum
1079 3841 1432 3904 purgantem,
1467 3832 1707 3893 alterum.
1731 3832 2002 3893 scelerum

408 3927 682 3984 vindicem
717 3943 737 3983 :
773 3928 850 3983 ita
882 3927 1083 3998 duples
1135 3942 1356 3998 quoque
1404 3927 1590 3984 lumen
1624 3934 1735 3993 est,
1766 3926 2009 3983 alterum,

411 4023 616 4080 bonum
651 4022 964 4092 mentisque
995 4030 1197 4077 nostra:
1224 4019 1603 4079 illuminanda
1630 4020 1741 4075 vim
1770 4019 1998 4089 habens,

411 4113 644 4181 alterum
674 4113 837 4170 fallax
866 4122 920 4170 et
948 4112 1218 4177 fucatam,
1244 4127 1486 4183 veroque
1511 4112 1728 4180 lumini,
1757 4111 1863 4170 hoc
1895 4122 2000 4182 est,

411 4208 652 4276 Christo,
704 4208 1070 4271 contrarium,
1127 4204 1210 4261 vel
1264 4214 1325 4260 ut
1371 4204 1759 4273 caliginosum,
1810 4205 1896 4261 vel
1945 4212 2007 4261 ut

413 4302 674 4359 infestum
706 4301 868 4357 nobis
910 4308 966 4356 et
1013 4298 1236 4363 hostile,
1267 4297 1715 4369 quandoquidem
1765 4294 2007 4358 Satanas.

410 4410 631 4467 quoque
659 4402 909 4459 vocatur,
954 4392 1064 4448 hoc
1101 4403 1207 4457 est,
1254 4390 1629 4448 adversarius.
1661 4388 1768 4458 Qui
1811 4393 2005 4459 etiam,

412 4503 540 4545 cum
568 4487 744 4558 caligo
771 4487 865 4551 sit,
889 4485 1077 4540 lumen
1107 4493 1291 4541 tamen
1321 4482 1492 4540 videri
1521 4483 1636 4538 vult
1665 4501 1679 4538 :
1712 4484 2005 4557 transﬁgu-

413 4592 567 4637 ratur
593 4583 740 4636 enim
768 4581 824 4637 iu
856 4582 1114 4650 angelum
1142 4578 1303 4644 lucis,
1331 4588 1395 4632 ut
1421 4577 1525 4634 sub
1550 4592 1615 4634 ea
1641 4578 1825 4648 specie
1853 4593 2002 4635 mor-

413 4675 548 4731 tales
582 4674 635 4729 iu
668 4673 922 4729 fraudem
952 4672 1196 4743 impellat
1237 4670 1307 4726 “.
1350 4672 1431 4727 Ac
1468 4670 1731 4741 permulti
1775 4671 1998 4742 quidem

410 4782 538 4825 eum
568 4768 858 4839 caliginem
884 4782 1009 4827 esse
1037 4781 1147 4821 non
1179 4765 1690 4822 animadverterunt
1714 4779 1780 4822 ac
1805 4766 2000 4836 depre-

413 4863 723 4918 henderunt
770 4880 786 4917 :
834 4874 1026 4917 verum
1081 4858 1367 4915 meridiem
1418 4872 1543 4915 esse
1588 4858 1998 4927 existimarunt,

411 4958 517 5012 hoc
556 4964 665 5020 est,
713 4952 1085 5011 clarissimam
1116 4951 1319 5018 lucem,
1350 4950 1808 5024 quandoquidem
1848 4951 2005 5009 circa

414 5049 697 5104 meridiem
725 5049 821 5103 lus
866 5047 1106 5102 maxime
1149 5046 1311 5117 viget.
1356 5044 1539 5116 Atque
1584 5045 1642 5101 in
1687 5046 1837 5102 hunc
1869 5061 2000 5102 sen-

411 5158 537 5198 sum
579 5141 712 5197 illud
742 5142 812 5197 de
844 5141 1028 5212 impiis
1059 5153 1124 5194 ac
1165 5140 1733 5211 perditis'ltominibus
1758 5141 1829 5198 ab
1854 5140 1998 5198 lsaia

411 5237 619 5292 dictum
665 5235 912 5305 intelligo
940 5251 955 5289 :
987 5231 1055 5288 In
1097 5234 1414 5289 meridianis
1442 5232 1668 5289 tenebris
1697 5236 1899 5307 fugient
1927 5236 1997 5302 δ’,

412 5330 468 5385 id
518 5339 622 5396 est,
671 5330 725 5384 in
763 5329 1015 5384 daemone
1059 5342 1338 5384 summurn
1374 5330 1580 5384 bonum
1629 5330 1861 5398 fugient,
1909 5339 2004 5385 aut

352 5458 373 5467 κ
414 5421 582 5477 variis
633 5430 688 5476 et
741 5421 1074 5476 turbulentis
1121 5420 1409 5477 erroribus
1449 5421 1848 5489 distrahentur,
1906 5422 2003 5492 qui

412 5514 636 5586 quidem
692 5516 944 5582 daemon,
1004 5515 1261 5585 quamvis
1315 5515 1493 5586 caligo
1546 5515 1658 5579 sit,
1716 5516 2002 5571 meridiem

492 5673 534 5705 "’
562 5674 721 5728 Deut.
757 5685 830 5731 Iv.
882 5671 973 5726 2i.
1052 5671 1098 5704 ³⁸
1137 5671 1272 5726 Gen.
1314 5687 1431 5736 χιε,
1462 5671 1555 5726 Si.

420 5743 510 5798 l0'
586 5743 771 5798 “15a.
818 5757 965 5803 LXVI,
1000 5741 1094 5796 24.
1198 5743 1244 5772 ⁵⁵
1275 5743 1315 5796 ΙΙ
1351 5744 1479 5797 Cor.
1523 5759 1596 5809 Si,
1632 5741 1718 5796 id.

418 5815 466 5849 ’⁵⁸
500 5813 643 5873 Osee
679 5831 733 5881 x,
771 5816 858 5869 12.
934 5813 979 5845 δ’
1011 5812 1128 5866 l’hil
1157 5827 1248 5883 pp.
1286 5830 1346 5881 tt,
1389 5816 1475 5868 l5.

1662 5672 1707 5706 ³⁹
1731 5670 1879 5729 Psal.
1916 5689 1971 5739 ι,
2007 5675 2061 5729 7.

1819 5742 1865 5775 ⁸⁵
1905 5744 2007 5798 lsa.
2044 5762 2152 5800 Lv't.
2190 5749 2275 5800 ll).

1607 5814 1654 5846 ³⁰
1683 5813 1883 5869 lcrent.
1916 5828 2031 5877 xm,
2072 5819 2151 5869 lli.
2231 5818 2272 5849 "
2307 5816 2461 5870 Rom.
2504 5832 2620 5877 xm.
2657 5815 2836 5871 1214.

2109 3289 2353 3348 scientiae
2391 3286 2577 3343 lumen
2615 3284 2944 3347 excitemus,
2980 3281 3076 3337 scd
3113 3279 3302 3345 etiam,
3336 3278 3480 3349 quod
3515 3292 3697 3347 majus

2107 3393 2228 3449 est,
2285 3381 2437 3437 velut
2493 3379 2786 3434 luminaria
2843 3375 3165 3440 elﬁciamur,
3225 3373 3698 3445 quemadmodum

2107 3476 2184 3532 ait
2232 3474 2529 3546 Apostolus
2575 3472 2644 3539 δ’,
2697 3481 2752 3527 ct
2801 3470 2950 3542 quod
2993 3471 3293 3525 maximum
3335 3476 3442 3534 est,
3494 3465 3699 3521 divini-

2110 3577 2279 3622 tatem
2331 3565 2667 3633 arripiamus
2702 3577 2717 3617 :
2754 3577 2878 3632 quae
2930 3559 3153 3631 quidem
3212 3558 3450 3629 primum
3494 3571 3560 3612 ac
3598 3570 3699 3625 pu-

2107 3658 2392 3716 rissimum
2441 3656 2631 3711 lumen
2683 3664 2805 3721 est,
2861 3669 2926 3710 ac
2979 3651 3366 3724 pcrceptibile,
3421 3664 3530 3706 non
3569 3647 3697 3718 qui-

2106 3754 2231 3810 dem
2263 3761 2483 3813 natura,
2518 3748 2612 3804 sed
2647 3747 2822 3818 gratia
2850 3754 2906 3801 et
2935 3745 3122 3801 divina
3154 3743 3585 3799 illuminatione.
3617 3740 3699 3798 Ita

2104 3842 2372 3901 Jeremias
2400 3844 2670 3907 hortatur,
2688 3839 2880 3909 Arripe
2908 3854 3028 3893 eant
3063 3853 3082 3893 :
3121 3838 3192 3891 ad
3222 3837 3551 3907 splendorem
3573 3851 3704 3907 pro-

2104 3939 2359 4009 ﬁciscere,
2392 3946 2551 4006 atque
2586 3933 2845 4003 eregione
2881 3930 3018 3985 luris
3040 3930 3211 3993 illius,
3245 3938 3529 3997 antequam
3565 3944 3699 3982 ron.

2106 4030 2450 4089 κηρύκεσσι.
2477 4037 2529 4083 et
2575 4027 2884 4096 priusquam
2922 4023 3076 4094 pedes
3099 4022 3270 4078 nostri
3299 4022 3367 4075 ad
3395 4032 3595 4078 montes
3617 4031 3703 4077 te-

2107 4123 2350 4179 nebrosae
2407 4117 2833 4191 impinguattl”.
2867 4117 2989 4184 Quo
3040 4116 3161 4172 loco
3204 4131 3303 4186 per
3351 4116 3517 4186 pedes
3572 4118 3703 4171 vitae

2106 4217 2373 4273 rationem
2426 4223 2482 4270 et
2535 4213 2847 4270 institutum
2926 4210 3174 4281 accipere
3228 4224 3522 4280 possumus
3553 4227 3567 4263 :
3603 4224 3699 4278 per

2105 4320 2319 4366 montes
2388 4317 2597 4374 autem,
2676 4306 2954 4362 damones
3034 4314 3256 4374 propter
3326 4304 3703 4374 armgantiam

2106 4412 2161 4460 et
2193 4401 2530 4472 superbiam,
2555 4399 2643 4456 vel
2663 4400 2833 4455 etiam
2880 4412 3072 4454 eorum
3127 4398 3376 4469 laqueos,
3405 4397 3499 4468 qui
3537 4412 3697 4452 mou-

2110 4505 2194 4552 tes
2216 4493 2438 4566 quidem
2494 4494 2777 4559 dicuntur,
2812 4492 2958 4563 quod
3005 4507 3102 4561 per
3131 4505 3226 4546 eos
3273 4492 3588 4561 prudentes,
3644 4496 3700 4542 et

2110 4603 2259 4646 sana:
2291 4587 2492 4644 mentis
2522 4585 2776 4642 homines
2809 4597 3158 4656 nequaquam
3192 4584 3541 4650 incedant,ct
3569 4583 3697 4651 Win

2104 4680 2372 4754 praerupti
2432 4693 2497 4735 ac
2544 4677 2787 4750 pestiferi
2837 4686 3016 4732 sunt:
3057 4674 3333 4730 tenebrosi
3379 4687 3579 4744 autem,
3639 4686 3697 4731 ut

2110 4775 2334 4832 obscuri
2373 4782 2545 4845 atque
2567 4771 2790 4828 oculum
2825 4767 3095 4823 fallentes.
3130 4766 3281 4833 Quos
3312 4778 3371 4820 ut
3398 4769 3692 4839 fngiatnns,

2106 4866 2307 4936 inquit,
2338 4863 2635 4936 Apostolus
2654 4862 2724 4926 “,
2753 4859 2995 4931 quandiu
3026 4858 3146 4913 dies
3169 4866 3277 4922 est,
3328 4859 3379 4915 id
3410 4869 3516 4922 est,
3575 4860 3698 4915 vitae

2106 4966 2160 5012 ct
2191 4955 2397 5011 laboris
2439 4963 2679 5024 tempus,
2731 4959 2789 5006 ut
2836 4952 2893 5004 in
2934 4951 3024 5006 die
3060 4950 3291 5004 honeste
3324 4949 3696 5017 ambulemus,

2107 5049 2242 5106 nihil
2273 5057 2455 5119 turpe,
2486 5046 2624 5102 nihil
2657 5046 2728 5102 ab
2758 5045 2993 5101 honesto
3022 5053 3076 5100 et
3111 5044 3312 5098 decoro
3340 5044 3581 5097 alienum
3612 5046 3693 5095 Γει-

2105 5146 2336 5206 cientes,
2368 5157 2469 5197 nec
2507 5138 3025 5206 comessationihus,
3054 5147 3109 5194 et
3137 5136 3413 5202 ebrietati,
3444 5147 3606 5206 atque
3629 5155 3694 5191 ex

2104 5237 2172 5291 iis
2199 5251 2249 5291 οι
2264 5244 2381 5289 tum
2420 5234 2750 5290 habentibus
2778 5232 3053 5288 cubilibus
3080 5241 3139 5288 et
3158 5230 3512 5303 impudicitiis
3543 5230 3693 5284 ad.ti-
3781 5220 3787 5227 ’

2105 5336 2312 5393 centes,
2344 5341 2466 5397 quae
2510 5327 2732 5398 quidem
2774 5324 2975 5382 furtiva
3020 5326 3201 5383 noctis
3237 5343 3402 5397 opera
3434 5335 3582 5387 sunt,
3632 5341 3694 5376 ac

2106 5427 2332 5491 propter
2382 5417 2772 5473 verecundiam
2806 5417 2995 5488 reique
3046 5418 3441 5474 obscenitatem
3480 5418 3693 5470 occulte

2107 5513 2411 5583 furtimque
2433 5521 2797 5585 peraguntur,
2840 5511 3306 5583 quemadmodum
3348 5517 3539 5565 contra
3585 5508 3693 5561 diei

2746 5671 2792 5705 “
2824 5671 2971 5730 Psal.
3018 5685 3163 5735 xcvr,
3192 5672 3247 5726 5.
3320 5666 3367 5700 “
3404 5668 3537 5724 Dan.
3590 5683 3692 5732 vn,

2994 5742 3040 5775 δ’
3075 5742 3234 5814 1³8³1.
3283 5754 3548 5807 cxxxvnt,
3598 5741 3689 5795 lt.

2165 5675 2211 5708 δυ
2241 5673 2435 5730 Matth.
2472 5692 2526 5738 γ,
2575 5675 2673 5731 41.

2377 5746 2423 5777 ⁸⁸
2466 5745 2505 5798 ll
2541 5748 2669 5799 (lor.
2698 5760 2773 5805 tv,
2825 5744 2880 5800 5.
2922 5804 2925 5805 ν
