4100 6410
430 313 562 381 1237

1853 310 2235 375 ADUENDA.

3578 310 3712 371 #288

424 446 615 504 opera,
645 440 867 504 propter
900 431 1240 487 honestatem
1274 427 1451 501 palam
1506 436 1799 496 aperteque
1851 422 2023 478 conli-
2049 429 2097 487 Α
2127 423 2255 476 huic
2296 422 2479 477 studio
2508 422 2797 483 incumbit,
2832 431 2889 476 ιιι
2926 437 3023 476 nos
3061 421 3274 474 insidiis
3310 420 3714 476 circumventos

426 536 673 581 Cluntur.

497 618 613 672 Col.
631 618 757 681 414,
774 614 1101 671 A.0mnibus
1118 612 1364 666 membris
1375 612 1737 683 puri/iactans,
1755 605 2020 662 t-lc.t\'uuc

426 712 492 765 de
524 712 764 779 quinque
790 724 1045 762 sensuum
1070 708 1392 776 pot-gatioue
1410 713 1626 761 tractat.
1646 710 1969 769 arglltttt‘ttlo
1989 712 2018 750 a

428 801 707 870 Scriptura
750 799 937 868 petito.
968 801 1041 851 Ac
1069 798 1302 865 primum
1336 796 1404 848 de
1428 796 1568 856 visu,
1617 793 1860 845 omnium
1892 804 2015 841 sen-

425 909 584 949 suum
618 892 756 963 pritn
779 894 888 961 ipe,
926 892 1227 951 disserens,
1266 889 1341 941 ait
1375 907 1387 940 :
1417 886 1797 940 Ittuminentur
1854 878 2014 947 acili,

424 999 501 1053 ut,
534 986 679 1055 quod
726 985 801 1037 ait
838 984 1121 1041 Salomon,
1159 990 1303 1034 recta
1354 996 1630 1034 cernamus
1656 977 1724 1041 ",
1774 993 1835 1029 ac
1882 992 2016 1040 non,

423 1078 567 1148 quod
601 1087 745 1130 vetat
769 1076 1060 1141 Dominus,
1089 1075 1327 1130 curiose.
1363 1083 1417 1125 et
1450 1066 1915 1141 toucupiscentiat‘
1952 1082 2017 1119 at:

424 1171 667 1225 libidinis
689 1184 855 1224 causa
890 1170 1184 1230 intuentes,
1221 1166 1393 1234 slupti
1430 1163 1781 1219 simulacrum
1834 1161 1887 1214 in
1919 1175 2018 1213 no-

425 1261 507 1314 bis
552 1260 978 1315 constituamus.
1014 1256 1254 1325 Alioqui,
1279 1256 1443 1308 etiam
1480 1246 1756 1306 silihidini
1782 1265 1876 1319 per
1899 1264 2018 1302 cor-

423 1367 648 1422 poreum
699 1364 1053 1418 congressum
1105 1363 1214 1401 non
1244 1347 1671 1401 succumbamus
1714 1345 1840 1422 (hoc
1870 1342 2016 1395 enim

422 1443 666 1497 adoratio
702 1438 992 1511 signiﬁcat)
1033 1449 1211 1491 tamen
1244 1437 1296 1490 in
1335 1439 1519 1489 animo
1560 1434 1753 1491 sordes
1776 1414 2020 1501 excipie-

421 1550 601 1600 eznus,
635 1536 917 1603 impressis
945 1531 1195 1585 videlicet
1228 1531 1281 1584 in
1326 1530 1481 1583 uoltis
1515 1528 1721 1598 peccati
1753 1526 1943 1581 formis
1966 1535 2018 1579 et

425 1629 763 1683 simulacris.
808 1626 1074 1694 Quisquis
1117 1625 1261 1678 enim
1314 1623 1547 1693 cupidos
1604 1621 1791 1675 oculos
1822 1619 1875 1673 in
1921 1620 2018 1672 ali-

424 1735 587 1789 qnom
623 1718 894 1787 iniecerit,
935 1716 1044 1782 iam
1084 1715 1414 1768 adulterium
1450 1699 1724 1768 contmisit
1756 1712 1809 1764 in
1853 1710 2017 1764 corde

2124 517 2427 585 opprimat.
2464 515 2735 583 Quocirca
2775 530 3090 581 tawanttts,
3133 531 3198 567 ne
3228 517 3358 585 qttid
3396 510 3713 585 ltujnsntonl

2127 609 2431 673 faciamus;
2466 624 2680 673 verum,
2708 610 2852 663 sicut
2884 609 2949 662 ad
2978 607 3294 662 Corinthios
3332 607 3533 662 Paulus
3570 609 3714 661 scri-

2124 703 2219 770 bit.
2248 702 2540 773 loquamur
2565 703 2793 772 mystice
2830 711 2884 756 et
2909 713 3067 756 caute
3098 716 3161 755 ea
3196 717 3318 771 quae
3348 703 3581 771 impuris
3606 705 3712 755 ho-

2124 795 2366 875 npnihus
2402 802 2542 848 tecta
2573 803 2701 848 sunt
2728 805 2781 848 et
2804 794 3124 849 abscondita
3153 793 3220 849 ⁶¹.
3264 792 3457 865 lgneus
3492 795 3708 863 linquas

2122 903 2376 959 verentes,
2403 889 2455 942 in
2487 903 2721 958 quantm
2759 886 2933 941 forma
2963 884 3205 956 Spiritus
3224 897 3451 943 sanctus
3485 889 3538 940 in
3577 903 3715 957 apo-

2123 980 2297 1034 stolos
2341 978 2558 1033 inﬂuxit
2586 978 2652 1032 ".
2701 979 2775 1032 Ita
2825 988 3006 1032 autem
3040 992 3135 1033 cas
3177 978 3508 1037 verebimur.
3548 979 3618 1041 si,
3655 986 3716 1029 ut

2123 1072 2191 1128 iis
2216 1088 2340 1143 quin
2376 1073 2686 1142 linguarum
2721 1071 3075 1140 splendorem
3122 1081 3176 1125 et
3204 1070 3498 1139 puritatem
3566 1070 3713 1122 (tesi-

2123 1174 2315 1235 gnant.
2355 1167 2581 1236 dignum
2612 1175 2716 1228 est,
2754 1163 2915 1217 verba
2951 1162 3245 1219 faciamus.
3293 1161 3413 1216 Jam
3444 1176 3575 1214 vero
3613 1177 3715 1214 cu-

2125 1267 2240 1311 rata
2277 1260 2459 1324 lingua
2493 1255 2717 1311 olfactui
2754 1271 2974 1326 quoque
3003 1257 3326 1310 medeamur
3353 1299 3365 1319 ,
3394 1270 3462 1309 ne
3498 1254 3710 1308 clletui-

2126 1366 2321 1403 ttcmur
2352 1348 2660 1418 (muliebris
2690 1349 2834 1401 cuitu
2859 1357 2913 1403 et
2938 1349 3230 1403 cﬂ'eminati
3259 1359 3341 1403 est
3375 1350 3543 1401 animi
3578 1364 3703 1401 aro-

2126 1441 2367 1493 tnalibus
2419 1438 2495 1492 uti
2558 1448 2797 1508 z'atque
2856 1439 3063 1492 crchrzc
3127 1441 3359 1491 odorum
3413 1436 3708 1490 suavitates

2121 1532 2420 1602 appetitum
2447 1544 2798 1600 corrumpere
2826 1538 2988 1600 atque
3014 1530 3260 1584 emo‘lire
3288 1527 3709 1598 consueverunt)

2124 1643 2190 1679 ne
2223 1625 2270 1676 id
2298 1624 2455 1678 nobis
2488 1623 2725 1684 accidat,
2747 1623 2889 1691 quod
2921 1621 3091 1677 Isaias
3121 1620 3327 1675 ludatis
3350 1622 3549 1675 minaci
3584 1634 3711 1671 ora-

2124 1717 2269 1770 tione
2299 1713 2642 1768 denuntiavit
2676 1729 2691 1767 :
2730 1714 2845 1767 Erit
2877 1716 3049 1779 enim,
3095 1715 3295 1784 iuqttit,
3332 1730 3428 1783 pro
3468 1713 3713 1782 jucunda

429 1829 530 1867 SIIO
551 1811 620 1867 ⁸³.
653 1809 709 1864 Si
746 1825 941 1879 magna
971 1809 1218 1877 quaedam
1244 1807 1411 1859 animi
1445 1805 1789 1875 perturbatio
1820 1803 1874 1856 in
1918 1816 2014 1855 no-
2053 1780 2094 1835 Β
2125 1809 2283 1863 odore
2314 1808 2486 1879 pulvis
2512 1809 2577 1859 “.
2608 1806 2704 1861 Ille
2728 1820 3291 1889 verounguentorum
3326 1808 3709 1877 profusionem

424 1902 528 1965 hie,
550 1903 706 1971 quasi
734 1901 939 1967 trabes,
972 1900 1157 1959 fuerit,
1196 1907 1287 1950 aut
1318 1913 1504 1967 parva,
1537 1905 1595 1950 ut
1622 1894 1851 1957 festuca,
1879 1893 2020 1947 haue

426 1996 514 2065 de;
535 1997 789 2059 ellamus,
814 2002 873 2049 ut
906 1994 1135 2047 aliorum
1171 2003 1391 2061 qunque
1436 1989 1663 2043 vitiosos
1693 1986 1860 2039 animi
1887 1986 2020 2039 alle-

424 2102 545 2142 cnts
575 2087 885 2156 perspicere
914 2086 1212 2154 possimus.
1268 2081 1413 2148 Ejiee
1444 2085 1609 2142 enim,
1665 2078 1861 2148 inquit,
1907 2080 2021 2146 pri-

424 2197 569 2233 mum
604 2179 802 2231 trabem
843 2177 905 2230 ab
939 2176 1091 2229 oculo
1119 2186 1228 2239 tuo,
1270 2183 1320 2228 et
1352 2184 1462 2227 tum
1488 2173 1812 2241 κινήσαιμι
1835 2169 2018 2239 ejicias

422 2271 681 2344 festucam
715 2275 778 2322 ab
813 2271 964 2323 oculo
996 2269 1182 2336 fratris
1217 2268 1294 2320 tui
1321 2266 1386 2319 ".
1415 2264 1803 2319 Illutninentnr
1832 2275 2016 2323 aures,

428 2378 630 2420 utcum
690 2364 888 2426 llavide
944 2363 1216 2417 dicantns.
1282 2359 1535 2419 Audiam.
1591 2358 1718 2426 quid
1771 2356 2019 2425 loquatur

425 2458 479 2508 in
536 2471 614 2507 me
651 2453 905 2505 Dominus
935 2453 1001 2504 ".
1060 2450 1122 2504 Et
1153 2465 1345 2503 rursus
1385 2465 1399 2502 :
1442 2447 1704 2501 Auditum
1752 2446 1838 2513 [ac
1890 2446 2019 2497 mihi

425 2562 578 2598 inane
606 2544 1021 2597 miscricordiam
1049 2543 1277 2595 tuam".
1308 2539 1420 2594 lloe
1449 2549 1552 2603 est,
1584 2538 2014 2593 miscricordiam

426 2650 598 2700 tuam,
619 2653 739 2706 qua:
780 2636 935 2689 abiis
970 2636 1060 2704 qui
1090 2637 1139 2688 in
1160 2633 1459 2704 spitilual:s
1482 2633 1617 2686 lucis
1632 2632 1841 2685 oriente
1865 2640 2015 2691 sunt,

432 2730 797 2799 conspicitur,
856 2728 1125 2781 accelera.
1188 2727 1249 2779 lit
1306 2726 1414 2778 alio
1446 2725 1568 2780 loco
1601 2742 1614 2777 :
1649 2724 1871 2777 Auditui
1903 2738 2016 2776 meo

427 2822 579 2874 dabis
617 2821 871 2891 gaudium
924 2830 971 2873 et
999 2817 1407 2872 exsultationem
1440 2819 1508 2883 ⁸⁷,
1569 2818 1672 2871 hoc
1695 2825 1800 2882 est,
1852 2828 2016 2869 aures

427 2930 577 2967 Illt’aS
615 2914 806 2967 la-titia
836 2910 1253 2979 ctjucuudita'e
1278 2910 1605 2973 cumulabis,
1639 2906 1894 2977 mysteria
1924 2913 2014 2958 tua

426 3005 557 3058 mihi
607 3005 892 3059 insonans.
930 3001 1269 3053 llluminctur
1299 3001 1506 3069 lingua,
1533 3014 1601 3051 ne
1630 2999 1819 3051 eadem
1854 2996 2013 3049 nobis

427 3093 667 3147 infamia:
698 3102 821 3146 nota
861 3091 1260 3158 inuratur,qme
1285 3088 1411 3152 illis,
1443 3091 1511 3143 de
1544 3087 1744 3158 quibus
1788 3088 1863 3139 ait
1907 3083 2012 3139 Da-
2043 3127 2085 3183 Ο

426 3184 513 3237 vid
549 3201 564 3238 :
596 3193 646 3237 et
676 3182 856 3253 lingua
896 3196 1077 3235 eorum
1134 3179 1344 3249 gladius
1382 3187 1574 3232 acutus
1605 3177 1693 3242 ";
1741 3176 1841 3229 hoc
1893 3182 2009 3239 est,

431 3288 720 3329 sesntones
756 3274 1022 3343 ipsorum,
1079 3270 1173 3340 qui
1235 3284 1331 3339 per
1390 3268 1584 3321 dentes
1634 3264 2008 3334 proferuntur,

424 3366 571 3421 noxii
623 3380 686 3418 ac
722 3363 1014 3432 perniciosi
1081 3370 1210 3415 sunt
1242 3377 1256 3415 :
1293 3369 1345 3413 et
1393 3356 1853 3428 quemadmodum
1894 3351 2013 3421 gla-

428 3459 553 3511 dius
590 3457 655 3510 ad
690 3465 867 3510 cotem
894 3464 1110 3507 amotus
1140 3461 1190 3505 et
1221 3461 1506 3512 csacutus,
1541 3447 1816 3501 hominem
1849 3441 2010 3497 facile

422 3550 489 3604 de
522 3550 699 3602 medio
728 3547 887 3609 tollit.
935 3556 1043 3600 tam
1102 3546 1264 3599 etiam
1309 3543 1496 3611 lingua
1526 3554 1744 3602 eorum,
1792 3535 2010 3591 calum-

433 3643 541 3696 niis
595 3651 646 3696 et
722 3636 1219 3694 obtrectationibus
1273 3643 1529 3700 exacuta,
1563 3630 1722 3686 facile
1769 3628 2010 3684 homini-

425 3737 529 3789 bus
584 3748 769 3787 necent
831 3732 1007 3785 affert.
1044 3727 1193 3783 Talis
1226 3738 1344 3780 erat
1378 3724 1523 3795 Doeg
1573 3723 1662 3778 ille
1691 3721 1883 3793 Syrus,
1915 3721 2009 3792 qui

424 3829 762 3883 saCerdotem
797 3820 1116 3879 Abimelech
1150 3818 1294 3889 apud
1340 3817 1560 3872 Saulem
1610 3815 1828 3879 detulit,
1861 3814 2008 3884 quod

425 3920 682 3975 Davidem
739 3918 1036 3989 fugientem
1094 3912 1452 3983 suscepisset,
1507 3925 1574 3966 ac
1618 3908 2009 3981 propositionis

423 4029 595 4083 panes
612 4014 713 4083 ipsi
738 4011 996 4074 dedisset,
1022 4017 1187 4077 atque
1212 4005 1364 4060 necis
1387 4004 1636 4060 omnium
1661 4003 2006 4060 sacerdotum

422 4116 616 4159 auctor
651 4103 835 4157 fuit“.
872 4101 945 4154 De
975 4114 1083 4169 quo
1109 4108 1164 4152 et
1193 4098 1247 4151 in
1276 4096 1508 4152 Psalmis
1536 4097 1612 4151 ita
1639 4097 1841 4152 dictum
1874 4102 1958 4150 est
1990 4111 2005 4149 :

432 4195 578 4249 Velut
603 4192 858 4247 nouacula
881 4199 1041 4244 acuta
1061 4189 1233 4258 fecisti
1254 4187 1434 4253 dolum
1451 4189 1518 4252 ’°,
1538 4188 1640 4243 hoc
1654 4198 1737 4242 est
1753 4185 2009 4242 callidum

423 4297 478 4341 et
510 4283 921 4339 fraudulentum
954 4279 1247 4334 consilium
1295 4278 1480 4333 animo
1514 4277 1847 4347 concepisti,
1896 4289 2010 4344 quo

426 4375 569 4429 facili
604 4372 824 4442 negotio
880 4370 1230 4423 sacerdotum
1288 4367 1563 4422 civitatem
1604 4366 1879 4430 excidisti,
1915 4380 2009 4418 Ve-

2120 1901 2325 1956 Juda-is
2364 1898 2663 1955 criminose
2684 1901 2975 1970 objiciens,
3016 1917 3113 1968 pro
3146 1917 3207 1955 ea
3245 1902 3522 1973 pulverem
3553 1901 3707 1955 illum

2123 1996 2258 2064 ipsis
2289 1994 2660 2048 comminatus
2691 2003 2795 2058 est,
2829 2009 2992 2063 quem
3038 1995 3070 2048 ii
3117 2005 3307 2064 pustea
3369 1995 3708 2059 excitarunt,

2121 2102 2149 2139 a
2187 2087 2384 2155 quibus
2411 2083 2718 2140 Jerusalem
2752 2101 2942 2140 eversa
2994 2097 3097 2140 est.
3151 2087 3467 2155 TheolOgns
3520 2098 3705 2140 autem

2122 2192 2217 2245 per
2258 2191 2484 2229 suavem
2532 2175 2759 2230 odorem
2791 2178 3054 2231 virtutum
3105 2177 3460 2248 fragrantiam
3512 2178 3712 2231 intelli-

2122 2270 2197 2337 git
2228 2282 2241 2326 :
2274 2284 2368 2338 per
2412 2267 2689 2337 pulverem
2747 2277 2950 2332 autem,
3008 2270 3486 2339 inquinamentum
3551 2269 3708 2334 illud,

2119 2366 2264 2431 quod
2289 2362 2471 2414 anima
2505 2377 2598 2431 per
2624 2361 2846 2416 sensilia
2874 2371 3176 2431 unguenta,
3196 2377 3320 2432 qnze
3341 2363 3513 2432 ipsius
3543 2363 3711 2416 robur

2122 2452 2435 2520 inlringuut
2482 2466 2545 2506 ac
2576 2450 2863 2521 dejiciunl,
2901 2453 3233 2507 contrahere
3289 2455 3449 2507 solet.
3507 2450 3706 2505 Verum

2119 2544 2417 2597 odoremur
2459 2541 2765 2607 Christum,
2792 2543 2857 2595 ad
2889 2543 3051 2596 breve
3119 2552 3333 2610 tempus
3376 2541 3547 2610 gloria
3606 2555 3706 2595 sua

2117 2634 2486 2699 exinanitum,
2518 2634 2676 2702 juxta
2710 2633 2761 2687 id
2787 2635 2931 2703 quod
2966 2634 3020 2686 in
3050 2632 3295 2687 Cauticis
3325 2634 3391 2685 ad
3421 2631 3703 2689 Christum

2117 2726 2368 2779 dicitur:
2408 2723 2745 2795 Unguentum
2796 2725 3023 2794 effusum
3072 2741 3259 2779 nomen
3316 2734 3464 2777 tuum
3518 2724 3586 2778 ⁸⁸.
3637 2722 3708 2778 Ut

2116 2819 2261 2873 enim
2289 2827 2629 2887 unguentum
2664 2815 2900 2874 ell‘usum
2931 2820 3156 2873 suavius
3181 2817 3407 2887 fragrat,
3431 2827 3594 2886 atque
3616 2831 3704 2881 ea,

2117 2914 2319 2982 quibus
2359 2912 2709 2976 admovetur,
2741 2910 2897 2967 suavi
2931 2911 3099 2966 odore
3145 2910 3427 2981 perfundit
3456 2927 3469 2963 :
3498 2909 3693 2963 eodem

2116 3020 2334 3074 quoque
2356 3003 2519 3058 modo
2548 3003 2831 3069 Dominus,
2860 3014 3217 3073 posteaquam
3273 3012 3476 3058 nostra:
3510 3002 3705 3057 salutis

2117 3112 2283 3151 causa
2315 3097 2629 3150 exinanitus
2662 3105 2765 3161 est,
2803 3096 3121 3164 cognitione
3149 3097 3257 3161 sui,
3290 3094 3436 3148 velut
3490 3095 3706 3147 suavis-

2117 3186 2262 3238 simo
2294 3181 2534 3252 quodam
2571 3184 2766 3246 odore,
2801 3184 3120 3237 universum
3175 3183 3365 3236 orbem
3427 3191 3699 3236 terrarqu

2117 3272 2386 3342 implevit.
2418 3275 2598 3342 Atque
2629 3272 2776 3327 hunc
2824 3285 2856 3326 a
2907 3273 3065 3327 nobis
3114 3273 3479 3342 spiritualiter
3526 3271 3701 3341 accipi

2113 3378 2340 3420 necesse
2359 3373 2462 3430 est,
2500 3365 2604 3419 hoc
2636 3373 2739 3432 est,
2767 3373 2827 3419 ut
2861 3364 3126 3420 hcnelicia
3170 3365 3239 3420 ab
3267 3380 3334 3421 eo
3358 3366 3414 3420 in
3446 3380 3547 3421 nos
3579 3372 3702 3421 col-

2116 3457 2223 3511 lata
2260 3457 2563 3525 sentiamus
2600 3466 2656 3512 et
2705 3472 3092 3530 agnoscamus,
3147 3468 3311 3528 atque
3361 3459 3429 3512 ab
3464 3474 3531 3513 eo
3561 3458 3700 3514 adeo

2112 3550 2488 3618 eﬂ‘ormemur,
2541 3551 2683 3606 etin
2716 3550 2946 3605 alteram
3000 3550 3325 3620 qualitatem
3372 3551 3696 3622 migremus,

2115 3652 2175 3698 ut
2213 3642 2313 3713 ipsi
2346 3658 2568 3714 quoque
2603 3644 2791 3699 suavis
2836 3644 2971 3698 odor
3005 3638 3180 3700 simus
3214 3643 3281 3708 “,
3319 3658 3384 3699 ac
3427 3644 3495 3698 de
3535 3645 3695 3700 nobis

2112 3737 2282 3800 idem,
2333 3750 2445 3805 quo
2477 3735 2544 3790 de
2595 3734 2871 3791 sacriﬁcio
2932 3733 3069 3800 Noe,
3132 3737 3370 3803 dicatur,
3425 3735 3696 3791 Odorntus

2111 3838 2187 3884 est
2216 3827 2474 3882 Dominus
2507 3827 2722 3879 odorem
2769 3826 3056 3881 suauitatis
3100 3827 3167 3890 "',
3199 3828 3303 3881 hoc
3331 3837 3434 3892 est,
3470 3828 3700 3881 libenter

2111 3931 2169 3976 et
2226 3916 2471 3990 jucunde
2509 3919 2741 3988 accepit.
2795 3918 3000 3974 Tactus
3059 3929 3350 3989 purgetur,
3404 3928 3464 3974 ut
3505 3935 3575 3974 ne
3609 3934 3699 3975 res

2111 4010 2304 4066 molles
2336 4018 2391 4065 et
2421 4016 2663 4075 teneras,
2685 4024 2918 4079 quaeque
2948 4011 3115 4064 animt
3146 4014 3386 4080 vigorem
3422 4012 3695 4077 molliunt,

2109 4110 2520 4158 ccutrectemus
2548 4119 2564 4156 :
2599 4116 2788 4157 verum
2821 4102 3172 4157 intellectuali
3208 4118 3272 4157 ac.
3297 4103 3568 4173 spirituali
3602 4113 3687 4157 ta-

2110 4207 2200 4249 ctu
2234 4195 2515 4250 Christum
2550 4203 2866 4265 tangamus.
2899 4195 3004 4248 hoc
3028 4204 3113 4248 est
3147 4196 3323 4264 ipsius
3373 4196 3694 4266 mysterium

2113 4299 2171 4342 ut
2206 4286 2315 4341 Deo
2341 4288 2569 4357 dignum
2593 4296 2700 4352 est,
2723 4295 3155 4357 perscrutemur.
3176 4285 3385 4343 Gustus
3408 4296 3691 4357 purgetur,

2113 4376 2301 4433 utnon
2327 4379 2510 4434 succis
2544 4387 2599 4433 et
2632 4379 2959 4448 liquoribus,
2993 4393 3058 4432 ac
3082 4378 3343 4448 iucundis
3375 4387 3429 4434 et
3471 4380 3689 4450 pingui-

424 4468 615 4532 lutqne
645 4458 926 4515 ahrasisti.
960 4454 1232 4510 Novacula
1271 4455 1416 4510 enim
1452 4470 1664 4509 comam
1707 4455 1869 4509 facile
1910 4457 2006 4507 de-

2117 4472 2216 4525 bns
2248 4471 2424 4538 epulis
2484 4471 2771 4526 titillemur
2812 4479 2868 4526 et
2895 4470 3257 4536 oblectemur,
3287 4480 3454 4541 atque
3478 4470 3547 4525 ad
3574 4471 3696 4540 plu-

425 4557 601 4610 metit.
653 4550 769 4605 lloc
826 4559 1007 4603 autem
1067 4545 1288 4601 Davidis
1347 4546 1551 4600 dictum
1617 4545 1671 4598 in
1724 4545 2003 4599 diabolum

423 4662 644 4718 quoque
672 4642 917 4713 torqueri
945 4649 1130 4711 queat.
1168 4636 1241 4694 Ut
1268 4640 1416 4695 enim
1458 4639 1724 4693 novacula
1761 4639 2010 4707 apprime

423 4748 657 4796 csacuta
689 4737 762 4791 ita
799 4748 1015 4789 comam
1046 4732 1343 4798 abscindit,
1372 4739 1430 4785 ut
1468 4731 1561 4800 qui
1597 4730 1830 4797 raditur,
1867 4728 2005 4784 nihil

426 4831 626 4887 sentiat
658 4846 672 4883 :
704 4828 785 4883 sic
813 4827 976 4881 etiam
1008 4823 1285 4887 diabolus.
1319 4837 1427 4894 qua
1456 4832 1541 4877 est
1564 4822 1867 4878 calliditate
1921 4830 2005 4874 at-

424 4940 532 4994 que
561 4922 825 4987 versutia,
856 4920 1015 4975 dolos
1068 4919 1142 4974 ita
1199 4917 1551 4973 machinatur
1604 4927 1767 4987 atque
1809 4917 2007 4970 anima:

425 5017 682 5084 gratiam,
719 5015 823 5067 hoc
867 5021 972 5076 est,
1027 5011 1280 5066 virtutem
1308 5019 1363 5066 et
1391 5011 1674 5067 scientiam
1723 5009 2002 5072 detomlet,

428 5116 480 5159 ut
511 5120 572 5157 ea
619 5105 721 5157 sibi
752 5104 867 5157 haec
902 5112 1224 5157 ornamenta
1261 5102 1475 5158 detrahi
1514 5117 1620 5157 non
1673 5101 1895 5156 sentiat.
1931 5097 2005 5153 De

426 5213 539 5267 quo
579 5207 632 5248 et
672 5197 725 5247 in
753 5197 880 5255 hoc.
905 5206 960 5247 et
992 5193 1044 5247 in
1083 5210 1232 5249 nono
1260 5196 1471 5263 psalmo
1530 5194 1674 5248 idem
1736 5192 2009 5262 Propheta

425 5300 501 5343 att
540 5306 553 5341 :
591 5285 761 5354 Cujus
792 5285 1161 5339 maledictione
1199 5303 1257 5339 os
1280 5287 1493 5355 plenum
1542 5298 1618 5341 est
1655 5297 1705 5339 et
1740 5287 2010 5339 amaritu-

426 5381 545 5432 dine
577 5387 626 5430 et
660 5375 805 5433 dolo.
847 5374 942 5427 sub
972 5374 1154 5443 lingua
1192 5375 1307 5443 ejus
1339 5375 1492 5429 labor
1523 5386 1572 5430 et
1605 5376 1759 5430 dolor
1792 5376 1861 5428 ⁶¹.
1898 5377 2008 5429 Do-

430 5474 510 5527 los
537 5474 683 5527 enim
720 5471 963 5530 consult,
1011 5483 1076 5523 ac
1124 5471 1265 5522 mala
1299 5470 1466 5524 struit
1489 5480 1543 5525 et
1568 5472 1815 5538 molitur,
1845 5480 2012 5542 atque

501 5609 545 5640 δ’
578 5609 736 5661 Prov.
774 5623 847 5667 tv,
887 5605 979 5660 ‘25.
1057 5606 1101 5638 ⁸³
1132 5604 1320 5660 Matth.
1358 5623 1405 5673 v,
1455 5608 1547 5663 28.

430 5681 503 5733 al.
545 5678 711 5739 1.,10.
785 5678 832 5709 ⁵⁸
859 5677 1001 5731 Psal.
1031 5693 1139 5739 Lvt,
1174 5680 1227 5729 4.

430 5792 447 5817 ,
482 5765 539 5815 ιι,
571 5751 593 5801 ι
630 5764 781 5817 seqq.
862 5750 908 5780 “
942 5749 1048 5803 lsa.
1083 5765 1167 5814 ut,
1197 5748 1287 5801 "ll.

1306 5679 1351 5708 ⁸⁸³
1386 5681 1399 5731 l
1435 5679 1565 5747 lteg.
1602 5696 1714 5747 stu,
1746 5699 1881 5738 xxn.

1368 5749 1412 5781 ⁸⁸
1452 5750 1607 5805 Cum.
1645 5768 1683 5818 ι,
1740 5752 1795 5807 Ξ.

1623 5610 1670 5643 ³⁸
1700 5611 1891 5667 Matth.
1927 5628 2004 5715 1ϊὸ

1959 5685 2004 5715 ⁸⁸
2047 5685 2189 5738 Psal.
2222 5703 2294 5761 et,
2326 5688 2358 5739 tl

1911 5754 1953 5786 ⁸⁵
1989 5753 2033 5809 ll
2072 5756 2197 5812 Cor.
2245 5775 2303 5819 tt,
2344 5758 2428 5811 15.

2113 4576 2203 4615 res
2239 4562 2395 4615 cibos
2420 4562 2773 4630 accipiendos
2804 4560 3121 4617 incitemur.
3154 4560 3258 4627 Qui
3288 4562 3510 4632 quidem
3541 4563 3696 4618 succi

2111 4663 2166 4709 et
2194 4654 2454 4719 liquores,
2486 4662 2755 4721 quatenus
2785 4652 3029 4717 titillaut,
3068 4652 3447 4708 illecobtarum
3474 4668 3539 4708 ac
3569 4669 3699 4724 pru-

2111 4746 2318 4801 rituum
2345 4744 2592 4800 libidinis
2611 4742 2811 4799 fratres
2842 4752 2997 4810 sunt,
3030 4745 3149 4813 qui,
3187 4754 3475 4814 postquam
3502 4760 3696 4814 pecca-

2113 4846 2230 4891 tum
2291 4838 2360 4890 ab
2410 4837 2480 4890 iis
2537 4845 2761 4891 enatum
2821 4844 2988 4904 atque
3049 4846 3325 4906 patratum
3388 4838 3591 4893 sentire
3640 4818 3731 4892 et.

2113 4931 2418 4998 intelligere
2438 4928 2733 4996 coepimus,
2767 4927 2948 4981 acerbi
2992 4937 3156 4997 atque
3200 4927 3375 4982 amari
3408 4938 3554 4982 sunt.
3595 4928 3692 4980 lit-

2112 5022 2259 5076 enim
2285 5020 2515 5074 obsonia
2541 5018 2608 5073 ad
2635 5020 2934 5089 ingluviem
2981 5035 3081 5073 nos
3110 5021 3469 5085 extimulaut;
3514 5020 3697 5087 inglu-

2114 5114 2230 5168 vies
2255 5121 2438 5166 autem
2471 5112 2539 5165 ad
2592 5111 2897 5166 libidinem.
2943 5109 3197 5167 Praesens
3244 5126 3409 5180 porro
3446 5110 3696 5179 voluptas

2115 5208 2397 5261 insuavem
2429 5204 2648 5259 tandem
2670 5214 2725 5258 et
2759 5207 3017 5260 acerbum
3058 5203 3219 5258 linem
3268 5203 3429 5258 nobis
3459 5204 3690 5257 allatura

2116 5311 2198 5355 est
2226 5316 2239 5352 :
2269 5312 2335 5353 ac
2368 5296 2610 5351 titillatio
2636 5297 2749 5363 illa,
2785 5312 2892 5366 qua
2917 5308 3120 5365 corpus
3143 5305 3390 5349 nostrum
3418 5296 3699 5364 voluptate

2115 5388 2368 5453 allicitur,
2404 5387 2708 5444 veneﬁcum
2735 5396 2789 5441 et
2816 5384 3159 5441 mortiferum
3194 5399 3435 5439 vermem
3487 5386 3694 5455 sempi-

2118 5490 2271 5536 ιρι-[ιε
2292 5481 2347 5534 in
2370 5479 2588 5536 inferno
2615 5479 3022 5534 excruciantem
3048 5476 3375 5546 procreabit.
3400 5476 3695 5532 Enimvero

3555 5615 3600 5647 ⁸⁷
3629 5613 3697 5668 Ps

3523 5686 3569 5717 "
3595 5686 3696 5739 Act

2213 5615 2257 5646 "
2294 5614 2439 5671 Psal.
2471 5630 2695 5678 Lxxuv,
2730 5613 2785 5670 9.
2899 5612 2946 5645 "
2973 5612 3119 5667 Psal.
3147 5627 3390 5677 cunni,
3427 5616 3478 5669 8.

2222 5703 2269 5734 I.‘
2326 5688 2358 5734 tt
2494 5686 2535 5716 ⁶¹
2577 5683 2717 5734 Psal.
2753 5700 2806 5734 ι.
2838 5682 2890 5734 7.
3004 5683 3087 5734 “l
3123 5686 3232 5734 Cor
3293 5703 3351 5734 lt.
3395 5686 3443 5734 7.

2577 5683 2717 5738 Psal.
2753 5700 2806 5741 ι,
2838 5683 2890 5735 7.
3004 5683 3087 5738 “l
3123 5686 3232 5738 Cor
3293 5703 3351 5748 lt,
3395 5686 3443 5739 7.

2542 5756 2585 5787 ⁸⁷
2618 5756 2755 5811 Gen.
2791 5769 2908 5820 vnt,
2939 5752 3031 5808 21.
