4100 6430
366 321 502 388 1239

1327 326 1652 389 NICETAS
1699 325 1783 389 IN
1822 325 2050 387 ORAT.
2090 325 2193 386 XL
2234 322 2293 385 S.
2340 322 2569 385 CREG.

3426 402 3432 407 ,
3500 327 3637 391 1290

367 440 559 496 Dividi
584 454 899 512 pareamus,
955 438 1154 494 dicenti
1192 454 1207 492 :
1240 435 1467 494 Gnstate
1494 449 1541 493 et
1574 438 1762 506 videte,
1811 456 1944 512 quo-
1973 445 2017 503 Α
2045 438 2338 498 admodum
2365 443 2443 499 ait
2474 443 2774 515 Apostolus
2811 443 2880 510 ⁷³,
2919 442 2971 498 in
3010 443 3162 501 omni
3194 444 3313 501 loco
3348 460 3516 514 puras
3545 422 3643 502 eas

361 536 508 589 idem
553 532 735 586 suavis
760 540 839 587 est
865 531 1127 586 Dominus
1157 531 1237 596 ⁸⁸,
1296 539 1515 601 gustate
1555 547 1748 603 panem
1792 533 1943 599 vitae,

362 627 574 689 cibum,
605 625 857 693 inquam.
890 624 1071 690 illum,
1101 623 1197 695 qui
1227 638 1335 679 non
1360 623 1445 696 (ut
1479 624 1760 681 sensibilis
1790 625 1946 695 panis

363 716 650 789 alimonia)
703 718 865 787 perit,
916 718 1010 773 sed
1063 727 1274 786 manet,
1325 727 1385 773 ut
1440 718 1519 773 ait
1578 717 1844 775 Dominus
1876 719 1945 774 ".

363 810 562 866 Gnstat
603 818 787 864 autem
822 807 1041 865 Domini
1081 810 1433 876 suavitatem,
1461 811 1565 866 hoc
1593 822 1699 877 est,
1733 813 1949 882 experi-

365 912 611 957 mentum
648 901 823 974 ipsius
851 902 1017 973 capit,
1056 903 1150 972 qui
1179 903 1303 958 sine
1348 903 1458 958 ulla
1514 904 1861 960 dubitatione
1892 905 1946 959 in

365 996 545 1064 ipsum
593 1001 796 1063 sperat,
832 1007 1091 1062 eumque,
1117 993 1380 1060 ntdecct,
1413 994 1652 1049 invocat.
1693 994 1802 1049 Nec
1829 993 1949 1049 esui

364 1097 421 1144 et
446 1087 717 1141 vorationi
773 1085 1149 1141 lenociuemur
1180 1086 1390 1158 (postea
1421 1088 1567 1142 enim
1601 1088 1710 1143 cibi
1759 1103 1951 1143 omnes

366 1181 487 1252 pari
527 1182 650 1236 loco
671 1179 900 1236 honoris
935 1179 1084 1251 sunt)
1113 1194 1213 1235 nec
1251 1180 1553 1251 cupiditate
1601 1189 1764 1251 atque
1788 1196 1955 1250 appe-

369 1276 471 1330 titu
503 1273 825 1344 ﬂagrantem
872 1273 1144 1344 ingratam
1186 1273 1336 1327 illam
1367 1274 1573 1342 gulam,
1624 1281 1815 1344 utpote
1859 1274 1955 1328 be-

369 1366 552 1421 nelicii
607 1366 1014 1428 immemorem,
1069 1362 1487 1435 refrigeremus,
1531 1374 1581 1419 et
1622 1364 1956 1434 obsequiose

368 1461 641 1523 colamus,
671 1458 835 1528 idque
868 1457 935 1511 ad
968 1456 1135 1512 breve
1163 1465 1401 1526 tempus,
1438 1455 1580 1526 quod
1613 1472 1676 1511 ea
1698 1472 1822 1526 qua:
1849 1453 1954 1526 ipsi

368 1552 752 1625 porriguntur,
812 1549 1102 1604 celerrime
1160 1550 1521 1613 transmittat,
1571 1564 1694 1616 nec,
1739 1547 1954 1604 etiamsi

371 1652 636 1717 perpetuo
666 1641 1049 1707 infundantur,
1102 1643 1340 1696 retinere
1384 1654 1572 1712 queat.
1597 1640 1744 1708 Quin
1774 1641 1954 1712 potius

371 1753 595 1808 operam
632 1735 849 1799 demus,
893 1744 953 1789 ut
985 1733 1286 1804 spiritualis
1332 1742 1528 1804 gustus
1576 1734 1733 1790 nobis
1785 1735 1955 1805 probe

2050 532 2277 599 attollat,
2314 534 2433 589 sine
2464 535 2543 590 ira
2577 543 2632 589 et
2662 535 3177 606 disceptationibus.
3213 545 3395 607 atque,
3430 544 3489 590 ut
3512 551 3641 592 cum

2051 626 2477 696 Ilavide‘loqnar
2497 629 2567 693 ⁷⁵,
2602 627 2948 698 disciplinam
2998 628 3393 698 apprehendat,
3439 627 3644 682 Christi

2050 716 2299 784 scilicet,
2327 720 2443 774 sive
2496 720 2938 789 erangelicorum
2990 734 3415 791 przccepmrnm,
3447 737 3511 776 ac
3551 738 3648 791 per

2052 809 2159 861 vim
2190 823 2335 874 eam,
2375 825 2498 880 qua:
2533 809 2587 864 in
2626 812 2835 881 agendo
2877 820 3149 875 versatur,
3187 813 3342 881 quasi
3394 829 3490 882 per
3525 827 3649 865 ma-

2053 915 2185 955 num
2224 902 2542 971 quamdam,
2579 916 2914 967 sermonem,
2948 903 3049 956 hoc
3078 913 3183 966 est,
3219 904 3665 973 contemplatio-7

2056 1008 2178 1047 nem
2214 993 2269 1047 in
2317 992 2478 1048 fidem
2526 994 2785 1064 accipiat.
2821 993 3031 1048 Etenim
3066 1009 3132 1049 ex
3180 995 3421 1050 honesta.-
3456 1007 3509 1049 ct
3532 996 3648 1048 lau-

2055 1085 2253 1140 dabilis
2285 1086 2406 1139 vita:
2434 1085 2617 1139 studio
2644 1084 3037 1154 contemplatio
3075 1084 3235 1140 nobis
3270 1094 3647 1155 comparatur,

2050 1178 2208 1247 juxta
2240 1177 2371 1231 illud
2411 1175 2714 1248 Srripturzn
2744 1197 2758 1234 :
2799 1176 3000 1232 Factus
3030 1188 3106 1232 est
3143 1194 3315 1232 sermo
3346 1177 3560 1232 Domini
3593 1179 3649 1232 in

2057 1284 2220 1322 manu
2254 1269 2521 1340 Aggwi".
2559 1270 2624 1323 Et
2672 1270 2829 1339 juxta
2887 1270 3018 1324 illud
3077 1270 3366 1325 Malachim
3404 1287 3419 1324 :
3463 1269 3649 1325 Sermo

2057 1362 2270 1416 Dontini
2296 1362 2366 1416 ad
2393 1361 2645 1418 lsraelem
2676 1364 2731 1417 in
2761 1380 2925 1418 manu
2954 1363 3136 1435 angeli
3158 1365 3327 1418 sui".
3362 1362 3484 1417 Jam
3521 1379 3651 1418 vero

2059 1452 2259 1524 pedum
2318 1451 2585 1522 perfectio
2618 1455 2670 1507 in
2704 1468 2769 1508 eo
2799 1454 3074 1520 consistit,
3106 1463 3161 1507 ut
3199 1454 3360 1509 nobis
3416 1468 3542 1509 cum
3585 1453 3655 1509 iis

2061 1546 2197 1600 nihil
2238 1546 2310 1601 sit
2351 1562 2666 1611 connnune,
2702 1548 2768 1602 de
2803 1548 3003 1618 quibus
3037 1549 3112 1602 ait
3143 1544 3405 1601 Salomon
3434 1564 3448 1601 :
3484 1545 3655 1600 Pedes

2058 1655 2236 1693 eorum
2268 1641 2337 1694 ad
2370 1640 2565 1695 malum
2611 1650 2854 1705 currunt,
2888 1650 2938 1693 et
2993 1641 3192 1694 veloces
3223 1648 3349 1695 sunt
3377 1639 3446 1693 ad
3477 1637 3655 1708 effun-

2060 1731 2290 1784 dendum
2325 1731 2722 1802 sanguinem";
2760 1746 2952 1788 verum
3002 1748 3125 1788 cum
3166 1732 3271 1787 illis
3329 1731 3653 1786 societatem

373 1839 758 1900 componatur,
791 1837 850 1884 ut
876 1844 1001 1883 enm
1039 1825 1243 1882 Davide
1289 1826 1541 1882 dicamus
1575 1842 1591 1881 :
1630 1825 1803 1892 Quam
1834 1825 1957 1880 dul-
1987 1801 2033 1861 Β
2065 1825 2334 1890 ineamus,
2388 1824 2484 1894 qui
2539 1825 2608 1878 ab
2650 1824 2797 1879 Isaia
2852 1823 2938 1879 his
2970 1823 3150 1879 verbis
3205 1822 3591 1879 collaudantur
3638 1840 3654 1877 :

372 1924 456 1976 eia
490 1921 734 1989 [nucibus
765 1920 894 1974 meis
916 1919 1125 1990 eloquia
1159 1930 1273 1982 tua,
1309 1935 1469 1989 super
1496 1917 1600 1973 me!
1638 1919 1719 1973 ori
1747 1934 1860 1973 meo
1889 1919 1955 1975 ".

374 2019 453 2069 Ae
480 2012 738 2068 Salomon
785 2027 1004 2083 quoque
1036 2011 1151 2081 ipse
1200 2011 1254 2065 in
1285 2010 1599 2067 Proverbiis
1641 2011 1717 2065 ait
1759 2024 1774 2065 :
1826 2008 1956 2078 Fili,

379 2108 482 2161 mel
510 2104 742 2172 comede,
785 2115 841 2158 ut
873 2104 1183 2158 dulcescunt
1212 2107 1391 2174 fauces
1425 2112 1530 2159 tua
1560 2104 1630 2168 ⁷³,
1663 2105 1768 2159 mel
1804 2105 1957 2160 vide-

375 2202 499 2255 licet
532 2198 770 2269 ﬁgurata
811 2197 1092 2253 locutione
1120 2197 1364 2253 divinam
1409 2198 1721 2254 doctrinam
1779 2199 1961 2254 nomi-

374 2306 535 2348 stans.

442 2382 564 2438 Col.
594 2380 701 2436 414
729 2378 795 2437 C.
826 2377 1160 2435 Pi'wclar'um
1207 2379 1422 2448 insuper
1450 2380 1634 2451 fuerit,
1678 2390 1785 2438 etc.
1821 2381 1959 2437 Pur.

371 2475 611 2546 gendum
643 2489 886 2544 quoque,
914 2474 1111 2542 inquit,
1136 2483 1299 2544 caput
1322 2482 1424 2540 est,
1456 2473 1510 2527 in
1539 2487 1651 2545 quo
1679 2484 1734 2530 et
1759 2489 1959 2531 sensus

371 2583 571 2624 omnes
602 2567 692 2623 siti
733 2575 889 2634 sunt,
927 2575 982 2621 et
1015 2566 1292 2622 actionem
1336 2567 1563 2635 habent,
1616 2568 1844 2623 cerebro
1876 2568 1962 2623 ni-

375 2662 579 2717 mirum
630 2660 742 2715 vim
782 2670 837 2714 et
885 2658 1205 2715 facultatem
1246 2659 1383 2730 ipsis
1441 2661 1846 2729 suppeditante,
1902 2668 1962 2715 ιιι

373 2755 599 2810 (:bristo
628 2753 793 2817 capiti
825 2761 1016 2807 nostro
1047 2752 1254 2807 haerere
1278 2767 1568 2823 queamus.
1605 2768 1669 2808 ac
1712 2769 1838 2807 cum
1871 2769 1960 2819 eo,

376 2847 518 2901 velut
547 2845 721 2915 ipsius
754 2859 984 2915 corpus,
1016 2844 1278 2916 conjungi
1310 2861 1327 2898 :
1359 2855 1552 2900 contra
1587 2861 1751 2916 quam
1784 2845 1963 2916 impo-

377 2949 499 2993 stor
527 2937 641 3005 ille,
674 2937 768 3007 qui
800 2938 889 3006 .ab
935 2936 1186 3007 apostolo
1239 2935 1409 2992 Paulo
1460 2937 1854 3007 proscinditur,
1902 2951 1964 2994 ut

376 3043 584 3087 temere
618 3032 1012 3099 intumescens,
1056 3046 1157 3088 nec
1182 3040 1368 3103 caput,
1416 3032 1467 3086 id
1517 3042 1624 3098 est,
1675 3032 1960 3089 Christum

378 3137 623 3192 tenens,
686 3140 753 3179 ει
816 3140 927 3196 quo
991 3133 1169 3179 ιοιυιιι
1253 3140 1458 3196 corpus
1523 3128 1864 3182 εοιιεῐιιιὶιιιτ
1910 3136 2035 3215 (Ξιῦ

376 3224 816 3286 coagmentatur,
844 3214 950 3269 hoc
977 3225 1081 3281 est,
1104 3216 1475 3285 compingitur
1497 3227 1550 3272 et
1577 3233 1708 3288 pace
1738 3217 1961 3276 fruitur.

376 3306 515 3362 Nam
541 3308 587 3364 si
609 3316 797 3380 caput,
832 3309 941 3365 hoc
968 3316 1073 3373 est,
1105 3309 1408 3381 principem
1445 3311 1613 3366 animi
1643 3312 1815 3368 nostri
1846 3329 1967 3383 par-

379 3414 512 3471 tem,
547 3405 990 3476 purgaverimus,
1033 3407 1495 3474 quemadmodum
1540 3407 1717 3477 ipsius
1768 3415 1966 3464 natura

382 3497 508 3565 fert,
569 3512 766 3567 nempe
814 3510 910 3567 per
954 3497 1209 3553 virtutem
1255 3513 1320 3553 ac
1369 3499 1703 3555 scientiam:
1741 3500 1969 3559 minime

381 3590 686 3645 timendum
713 3591 839 3659 erit,
862 3605 930 3647 ne
959 3591 1011 3646 id
1039 3589 1198 3647 nobis
1230 3592 1469 3659 accidat,
1507 3595 1653 3664 quod
1683 3592 1856 3651 David
1887 3598 1971 3651 in-

381 3684 691 3755 gemiscens
723 3684 800 3739 ait
834 3702 849 3739 :
886 3684 1209 3755 Iniquitates
1261 3700 1392 3739 mea:
1443 3701 1794 3756 supergressa:
1843 3699 1968 3743 sunt

381 3785 540 3845 caput
594 3791 767 3829 meum
798 3776 868 3844 ",
926 3786 1166 3832 mentem
1216 3777 1599 3851 rationemque
1655 3790 1968 3849 prementes

382 3875 550 3937 atque
577 3877 893 3924 onerantes.
927 3865 1131 3923 Verum
1169 3869 1542 3940 iniquitatem,
1576 3888 1743 3944 supra
1792 3886 1959 3945 caput

384 3968 634 4015 nostrum
664 3973 787 4016 sese
813 3959 1152 4027 eﬂ'erentem,
1180 3977 1245 4017 ac
1271 3963 1636 4035 principatum
1669 3975 1966 4033 tenentem,

387 4053 536 4106 humi
572 4061 904 4117 sternentus,
946 4054 1327 4124 rationemque
1362 4057 1432 4111 ah
1483 4072 1549 4113 ea
1594 4073 1967 4131 compressam

388 4152 550 4213 atque
578 4143 834 4199 alllictam
861 4145 915 4199 in
958 4145 1267 4200 libertatem
1300 4147 1730 4207 vindicabitnus.

457 4234 593 4290 Ibid.
636 4233 973 4290 l’rwclarum
1032 4238 1194 4291 etiam
1245 4237 1481 4292 [mineris
1540 4243 1872 4311 sanctificari
1909 4261 1972 4299 ac

384 4324 627 4394 purgari,
665 4332 773 4380 etc.
808 4324 910 4379 Per
942 4325 1200 4381 humeros
1233 4326 1342 4380 vim
1391 4343 1511 4381 eam
1540 4336 1596 4382 et
1630 4327 1969 4397 facultatem,

386 4432 514 4487 qua:
561 4417 617 4472 in
673 4418 888 4473 actione
947 4419 1126 4489 posita
1159 4429 1265 4486 est,
1308 4420 1514 4476 indicat
1546 4437 1560 4475 :
1592 4421 1662 4476 ab
1695 4422 1763 4477 iis
1823 4423 1972 4478 enim

2062 1914 2238 1981 Quam
2310 1915 2534 1986 formosi
2597 1925 2720 1969 sunt
2794 1916 2949 1985 pedes
3014 1913 3502 1984 euangelizandum
3558 1931 3659 1984 pa-

2062 2023 2170 2061 rem
2197 2015 2247 2062 et
2289 2012 2427 2062 bona
2445 2007 2496 2040 "
2531 2024 2546 2061 :
2579 2007 2794 2078 quales,
2822 2022 2946 2062 cum
2983 2007 3218 2062 aliorum
3257 2008 3656 2078 apostolorum,

2066 2110 2179 2154 tum
2216 2098 2369 2155 Pauli
2428 2101 2594 2170 pedes
2643 2109 2822 2154 erant.
2855 2098 2959 2166 Qui
2990 2100 3155 2154 etiam
3190 2099 3307 2171 ipse
3338 2101 3406 2155 de
3435 2115 3495 2154 se
3530 2100 3602 2153 ait
3642 2118 3658 2155 :

2062 2193 2144 2246 Αιι
2200 2193 2531 2262 propositum
2575 2208 2857 2263 persequor
2881 2193 2965 2256 ⁷⁹;
2995 2203 3159 2263 atque
3189 2192 3327 2246 alios
3352 2192 3439 2247 his
3477 2194 3659 2248 verbis

2063 2288 2314 2342 hortatur
2349 2303 2363 2341 :
2391 2286 2633 2341 Calceati
2668 2287 2823 2355 pedes
2857 2286 2911 2339 in
2942 2287 3344 2357 pra'paratione
3385 2284 3660 2357 Evangelii

2062 2381 2211 2449 pacis
2234 2380 2302 2436 “.
2356 2379 2685 2449 llujusmodi
2726 2380 2913 2451 pedes,
2938 2380 2982 2434 si
3023 2379 3157 2450 quid
3188 2380 3354 2434 etiam
3396 2389 3521 2450 post
3550 2380 3663 2434 ba-

2063 2474 2322 2541 ptismmn
2371 2486 2688 2543 susct-ptum
2748 2489 2844 2542 per
2896 2475 3149 2528 humana:
3179 2474 3303 2528 vita:
3335 2473 3436 2527 iter
3477 2474 3659 2529 sordis

2063 2565 2466 2629 centraxerint,
2504 2565 2676 2633 abluit
2708 2566 2997 2629 Deminns,
3027 2581 3093 2620 ac
3128 2580 3193 2620 ne
3227 2565 3510 2620 minimam
3534 2565 3660 2636 qni-

2064 2655 2187 2711 dein
2224 2657 2580 2729 inlintamquc
2613 2669 2822 2729 partem
2847 2658 3097 2728 despicit,
3125 2657 3222 2713 sed
3280 2673 3401 2712 eam
3439 2673 3663 2728 quoque

2066 2760 2280 2822 purgat.
2341 2747 2525 2804 Parati
2581 2762 2765 2805 autem
2816 2752 2983 2820 pedes
3019 2751 3283 2805 dicuntur
3311 2752 3379 2805 ad
3414 2749 3664 2821 Evange-

2065 2841 2224 2905 liu.n,
2270 2844 2373 2897 hoc
2405 2853 2508 2907 est,
2549 2842 2615 2896 ad
2664 2858 2888 2897 cursuzn
2951 2842 3358 2914 evangelicum,
3395 2843 3662 2911 expediti,

2066 2951 2191 2992 cum
2259 2934 2516 2989 videlicet
2558 2946 2609 2990 et
2640 2935 2814 3007 ipsius
2841 2944 3114 3006 praecepta
3146 2945 3549 3006 essequuutur,
3608 2949 3665 2993 et

2067 3046 2130 3085 ea
2158 3028 2281 3083 aliis
2322 3028 2569 3083 tradunt.

2137 3119 2220 3176 Cl.
2244 3119 2435 3175 ιιδΑ.
2461 3119 2613 3186 Quod
2643 3121 2689 3175 si
2716 3136 2822 3192 qua
2848 3121 3040 3175 ventris
3070 3135 3271 3191 quoque
3294 3116 3465 3182 illius,
3490 3127 3596 3174 rte.
3620 3119 3662 3173 A

2069 3216 2314 3271 sensibili
2374 3229 2563 3271 ventre
2603 3214 2673 3270 ad
2701 3215 3066 3285 spiritualem,
3101 3216 3206 3269 hoc
3232 3212 3320 3269 est
3347 3215 3413 3268 ad
3449 3229 3665 3269 memo-

2071 3309 2209 3364 riam
2256 3308 2544 3367 transitum
2584 3308 2716 3365 facit
2746 3325 2760 3362 :
2789 3324 2913 3379 quae
2937 3323 3109 3380 capax
3136 3308 3357 3379 quidem
3397 3317 3480 3363 est
3510 3310 3668 3377 cogi-

2072 3409 2338 3465 tationum
2372 3408 2479 3479 (hae
2517 3408 2664 3462 enim
2715 3406 2948 3462 rationis
2995 3415 3127 3462 sunt
3171 3405 3459 3474 alimenta)
3512 3405 3670 3475 dige-

2071 3500 2212 3556 strix
2247 3508 2428 3554 autem
2464 3515 2527 3554 ac
2565 3497 2937 3565 distribntrix,
2969 3508 3159 3570 utpote
3186 3513 3245 3569 pa
3261 3507 3312 3555 st
3357 3496 3667 3553 adhibitum

2067 3592 2359 3662 judicium,
2392 3605 2458 3646 ac
2490 3591 2640 3645 velut
2672 3590 3116 3656 concoctionem,
3146 3591 3213 3645 ad
3243 3589 3440 3645 animm
3470 3590 3676 3645 alimo-

2074 3683 2218 3736 niam
2277 3696 2372 3737 eas
2428 3680 2741 3737 diﬂ‘nndens
2789 3690 2953 3752 atque
2982 3680 3348 3738 distribuens.
3392 3682 3475 3736 Ab
3526 3682 3673 3752 Apo-

2074 3774 2219 3830 stolo
2263 3783 2448 3830 autem
2488 3773 2657 3845 hujus
2684 3773 2837 3829 verbi
2869 3773 3169 3839 θεοποιεῖν,
3205 3774 3310 3830 hoc
3353 3784 3459 3844 est,
3498 3774 3670 3830 Deum

2070 3868 2306 3933 ellicere,
2349 3882 2511 3924 usum
2575 3866 2839 3933 traduxit,
2869 3866 2964 3937 qui
3020 3867 3089 3922 de
3144 3866 3214 3921 iis
3264 3867 3358 3937 qui
3412 3867 3577 3923 vitam
3614 3868 3669 3922 in

2072 3957 2285 4014 deliciis
2336 3967 2542 4031 agunt,
2574 3959 2742 4014 verba
2791 3956 3024 4026 faciens,
3077 3958 3202 4014 ait:
3242 3959 3482 4027 Quorum
3529 3960 3671 4016 Deus

2074 4065 2252 4111 venter
2302 4054 2461 4110 est“.
2514 4051 2651 4107 Nam
2710 4051 2807 4124 qui
2865 4052 3039 4106 ventri
3101 4052 3225 4122 plus
3280 4068 3440 4123 tean
3491 4053 3669 4110 inser-

2076 4146 2284 4213 viunt,
2401 4144 2741 4214 deliciasque
2838 4143 2887 4198 ei
2976 4144 3477 4211 subministrant,'
3542 4160 3670 4202 eum

2075 4235 2486 4309 quodammodo
2557 4233 2729 4293 Deum
2802 4235 3034 4291 faciunt.
3125 4237 3299 4291 Porro
3366 4236 3674 4309 Spil'lltlaalis

2077 4330 2307 4392 ventris.
2337 4330 2442 4385 hoc
2496 4338 2604 4393 est,
2643 4330 2922 4384 iocineri-se
2967 4330 3151 4396 luxus,
3183 4338 3266 4384 est
3321 4331 3658 4387 auscultatio

2080 4423 2444 4493 studiumque
2475 4430 2722 4477 externas
2779 4431 2835 4476 et
2871 4419 3116 4493 profana:
3141 4422 3446 4492 sapientize,
3465 4421 3672 4492 jucun-

389 4525 587 4567 manus
612 4511 756 4566 vires
800 4525 932 4567 suas
980 4512 1278 4582 accipiunt.
1342 4511 1448 4569 Per
1497 4527 1720 4570 crucem
1764 4525 1975 4584 autem,
2010 4505 2053 4560 Ι)
2083 4521 2164 4570 dae
2181 4515 2402 4586 quidem
2437 4513 2587 4569 illius
2615 4524 2670 4569 et
2706 4528 2960 4582 animum,
3013 4515 3107 4570 sed
3147 4529 3254 4570 non
3286 4515 3516 4586 perinde
3556 4516 3672 4569 frn-

388 4612 594 4658 statum
629 4618 755 4660 eum
786 4605 979 4671 animi,
1006 4620 1140 4675 quo,
1173 4604 1324 4661 velut
1364 4616 1621 4663 mortuus
1674 4616 1730 4663 et
1759 4611 1974 4664 exstin-

386 4704 540 4762 ctus,
601 4696 670 4751 ad
726 4696 967 4753 vitiosos
1025 4702 1082 4753 et
1128 4698 1480 4754 turbulentos
1535 4701 1766 4759 allectus
1825 4704 1977 4759 nullo

390 4800 544 4844 motu
570 4790 894 4856 impellitur.
923 4789 1057 4845 Nam
1092 4807 1188 4862 per
1213 4793 1438 4849 virtutis
1486 4793 1694 4849 cultum
1752 4811 1818 4851 ac
1861 4806 1978 4851 stn-

388 4882 539 4936 dium
572 4897 641 4938 eo
677 4883 894 4938 tandem
934 4886 1309 4953 pervenimus,
1363 4895 1423 4940 ut
1449 4887 1620 4941 animi
1677 4890 1852 4943 nostri
1905 4888 1976 4945 ab

390 4973 653 5029 omnibus
709 4974 1222 5045 perturbationibus
1276 4978 1556 5049 tranquilli
1608 4960 1721 5035 sint
1770 4992 1826 5037 et
1886 4997 1973 5052 pa-

389 5067 520 5121 cati.
579 5066 836 5124 Hunieris
894 5068 1078 5140 itaque
1110 5071 1459 5126 sanctitatem
1513 5072 1693 5139 all‘ert,
1728 5076 1821 5145 qui
1852 5091 1979 5131 cru-

390 5173 510 5211 cem
541 5173 686 5224 eam,
739 5174 846 5228 qua
881 5160 1065 5214 vitiosi
1122 5159 1436 5215 animorum
1499 5161 1728 5218 allectus
1775 5164 1980 5219 esstin-

390 5258 659 5318 gunntur,
732 5249 978 5305 humeris
1036 5248 1197 5315 tollit,
1255 5250 1651 5323 Christumque
1706 5258 1979 5325 sequitur.

390 5339 587 5397 Manus
647 5349 828 5394 autem
890 5348 1107 5412 purgat,
1161 5342 1318 5411 quia
1357 5343 1549 5413 rapina
1582 5354 1638 5400 et
1690 5346 1982 5405 latrocinio

390 5445 457 5484 ac
493 5429 933 5487 diverberatione
978 5432 1218 5502 integras
1271 5445 1366 5487 eas
1426 5442 1651 5489 servat:
1684 5445 1746 5491 ιιι
1789 5452 1981 5507 quem-

466 5588 512 5621 ⁸⁸
547 5587 694 5644 Psal.
723 5604 912 5657 χχχιιι,
939 5589 994 5646 9.
1071 5590 1118 5623 "
1147 5589 1308 5646 Joan.
1338 5608 1416 5658 vi,
1442 5591 1535 5650 27.

396 5659 415 5712 ι
451 5658 589 5713 Tim.
632 5676 692 5724 ιι,
718 5660 773 5714 8.
875 5662 922 5695 "
953 5660 1103 5726 Psal,
1155 5679 1278 5725 vm.
1308 5663 1396 5718 12.

396 5729 561 5785 Rom.
590 5745 669 5795 XI,
709 5731 791 5788 15.
867 5732 914 5763 ²⁹
947 5731 1088 5787 ΡΙιίιὶ

392 5798 597 5858 Jetetu.
639 5817 717 5865 ιν,
743 5803 830 5859 19.
906 5803 953 5836 ⁸⁵
989 5798 1148 5861 Ρδιιιξ
1171 5819 1224 5867 ι,
1258 5805 1343 5858 ω.

633 5897 905 5959 ΡΑἰ-ιιυι..
935 5898 1027 5955 Gn
1093 5900 1405 5968 CXXVII.

1502 5666 1548 5738 'ff
1592 5666 1729 5738 Agg.
1772 5681 1813 5730 ι,
1846 5668 1896 5721 1.

1631 5594 1678 5627 ⁷⁸
1704 5594 1867 5701 Psal.‘
1890 5612 2081 5701 cxvrwu,
2094 5599 2233 5701 ἐῢς).

1096 5702 1103 5725 ,
1155 5679 1278 5725 vm.
1308 5671 1396 5718 1‘2.
1502 5671 1548 5697 "
1592 5671 1729 5738 Agg.
1772 5681 1813 5730 ι,
1846 5671 1896 5721 1.

1096 5749 1186 5814 pp.
1217 5734 1426 5814 ιιιηη.
1504 5735 1551 5768 ⁸ο
1577 5738 1781 5808 Epltes.
1817 5753 1888 5806 vt,
1920 5740 1964 5794 li

2090 5671 2323 5725 Malach.
2358 5687 2396 5737 ι,
2430 5673 2482 5726 1.
2580 5673 2811 5728 "Prov.
2848 5692 2887 5737 ι,
2923 5675 3012 5729 16.
3126 5677 3173 5705 ’⁸
3194 5674 3432 5727 hiabant.
3481 5690 3520 5735 t,

2087 5741 2132 5772 ⁸¹
2158 5741 2392 5814 Philipp.
2419 5759 2500 5811 ιιι,
2537 5745 2619 5801 l9.
2701 5745 2747 5777 "
2782 5747 2946 5801 ibid..
3024 5746 3072 5777 ⁸⁸
3103 5743 3249 5801 Psal.
3276 5760 3467 5812 usu,
3492 5745 3551 5801 9.

2083 4619 2312 4675 ctuosze,
2346 4624 2412 4665 ac
2430 4605 2634 4679 leporis
2655 4618 2710 4663 et
2729 4608 3016 4678 elegantiae
3036 4609 3185 4664 illius
3204 4608 3614 4663 condimentum
3652 4624 3666 4661 :

2082 4703 2178 4770 qui
2220 4701 2386 4757 etiam
2427 4701 2680 4756 dimnens
2740 4713 2906 4770 atque
2957 4713 3298 4754 evanescens
3352 4699 3510 4755 cibus
3563 4709 3671 4755 est.

2086 4795 2204 4850 Hoc
2253 4809 2474 4865 quoque
2507 4795 2578 4848 ab
2610 4794 2877 4863 Apostolo
2940 4800 3228 4861 sumptum
3277 4801 3382 4846 est.
3427 4791 3504 4846 De
3535 4794 3678 4850 cibis

2083 4885 2231 4940 enim
2283 4894 2338 4940 et
2369 4893 2560 4940 ventre
2605 4883 2918 4952 disputans,
2976 4882 3092 4936 haec
3128 4880 3294 4936 verba
3346 4881 3676 4951 snlijonxit:

2084 4981 2228 5037 Deus
2267 4989 2464 5045 autent,
2515 4989 2564 5034 et
2620 4979 2779 5043 hunc,
2817 4988 2867 5033 et
2909 4977 3002 5032 Itos
3056 4978 3290 5032 destruet
3311 4977 3380 5046 ⁸⁸,
3415 4981 3517 5034 hoc
3567 4991 3673 5044 est,

2084 5073 2410 5144 comprimet
2435 5079 2600 5141 atque
2622 5070 2879 5126 abolebit.
2911 5071 2974 5124 At
3002 5086 3130 5125 vero
3176 5064 3459 5124 memoria:
3487 5079 3677 5125 venter

2083 5183 2177 5238 per
2201 5175 2585 5235 Corruptarum
2609 5172 2664 5219 et
2682 5163 3054 5232 improbarum
3070 5162 3492 5235 cogitationum,
3514 5165 3677 5235 quasi

2084 5258 2377 5312 noxiorum
2430 5258 2794 5325 quorumdam
2868 5258 3160 5313 humorutn
3219 5256 3542 5328 ejectioneni
3600 5267 3679 5312 te-

2086 5349 2250 5404 nuior
2279 5349 2538 5415 efficitur,
2574 5358 2742 5419 atque
2797 5349 2870 5403 ita
2924 5351 3147 5406 demum
3197 5349 3418 5406 Domini
3448 5351 3676 5406 verbum

2088 5441 2315 5523 excipit,
2344 5441 2808 5512 quemadmodum
2845 5442 2925 5497 ait
2975 5443 3147 5498 David
3180 5461 3196 5498 :
3232 5444 3305 5496 Et
3329 5441 3494 5513 legem
3527 5452 3677 5497 tuam

2348 5600 2390 5632 ⁷¹
2424 5598 2586 5656 Prov.
2618 5618 2746 5658 xxiv
2796 5605 2886 5658 15.
3000 5603 3048 5635 ⁷³
3083 5604 3225 5659 P.-al.
3259 5617 3466 5668 xxxvii,
3496 5601 3550 5661 ες.
3631 5603 3677 5637 ⁷³

2580 5673 2811 5728 "Prov.
2848 5692 2887 5737 ι,
2923 5675 3012 5729 16.
3126 5677 3173 5705 ’⁸
3194 5674 3432 5727 hiabant.
3481 5690 3520 5735 t,
3564 5672 3670 5742 15;

3004 5906 3073 5970 4i
