4100 6420
451 268 579 338 1991

1885 286 2273 351 ADDENDA.

3565 292 3700 356 1292

443 382 500 434 iu
530 380 697 434 media
744 385 939 440 vermis
968 386 1171 442 mei“:
1209 402 1319 458 quo
1352 388 1473 445 loco
1504 405 1599 461 per
1641 402 1885 448 ventrem
1925 410 2021 449 eor
2048 404 2098 463 Α
2124 396 2319 454 ditates
2388 411 2524 453 suas
2604 399 2820 470 spiritui
2874 402 3197 460 adversatur
3220 442 3236 468 ,
3303 404 3357 460 in
3415 408 3699 475 procinctu

448 470 718 543 intelligit.
746 477 926 547 Atque
956 477 1120 531 etiam
1180 478 1252 532 ita
1296 490 1564 549 purgatus
1599 494 1787 539 venter
1829 500 2019 540 eorum

447 563 621 619 vicem
650 567 818 631 dolet,
852 569 944 639 qui
998 569 1051 623 in
1095 581 1382 639 peccatum
1434 572 1713 639 labuntur,
1746 586 1910 644 atque
1964 578 2017 632 in

448 658 543 714 Dei
573 662 928 717 oﬁensioucm
966 662 1275 718 incurrunt.
1312 662 1782 730 Quemadmodum
1837 676 1892 722 et
1924 666 2019 723 Je-

451 753 646 806 remias
694 762 916 822 propter
969 751 1191 809 Iudaeos
1245 755 1431 809 animo
1488 756 1882 821 discruciatur,
1935 760 2020 814 his

446 843 626 898 verbis
648 855 836 898 utens:
877 843 1116 900 Ventrem
1148 862 1341 910 meum,
1360 858 1585 902 ventrem
1613 865 1783 903 meum
1801 850 2020 905 doleo".

446 931 586 998 Quin
619 934 782 988 etiam
824 935 1084 991 Davidem
1117 952 1215 1007 pro
1269 939 1436 994 corde
1494 955 1559 995 ac
1593 943 1894 996 visceribus
1930 942 2021 998 Dei

446 1038 602 1093 opem
632 1024 1016 1095 implorantem
1047 1027 1261 1097 reperio
1279 1028 1345 1094 ⁸⁵,
1361 1044 1662 1101 eorumque
1681 1032 1945 1087 rationem
1970 1041 2026 1088 et

445 1130 633 1170 curam
671 1117 982 1192 habentem.
1011 1120 1120 1174 Cor
1140 1128 1321 1175 autem
1361 1123 1468 1176 vim
1502 1124 1893 1195 intelligentem
1926 1140 2023 1196 ap-

448 1207 642 1275 pellat;
676 1212 886 1264 viscera
918 1224 1045 1264 vero
1071 1209 1245 1279 ipsius
1278 1226 1438 1266 sensa
1472 1221 1528 1267 et
1566 1214 1950 1284 Cogitationes.

500 1300 635 1364 ,σοι
674 1301 780 1356 M5
819 1305 886 1355 Α.
944 1299 1086 1367 Quid
1132 1301 1339 1357 lumbi?
1401 1305 1530 1375 quid
1586 1306 1782 1360 renes?
1824 1304 2021 1369 Judzri.

445 1407 568 1446 eum
631 1394 907 1464 paschalzs
969 1394 1094 1464 agni
1145 1394 1440 1466 participes
1505 1397 1732 1463 ﬁebant,
1777 1398 2026 1467 corporis

448 1482 665 1540 lumbos
698 1486 1011 1541 succinctos
1040 1487 1350 1555 habebant;
1379 1502 1409 1542 a
1436 1490 1595 1544 nobis
1621 1502 1804 1544 autem
1843 1489 2027 1560 requi.

447 1578 586 1631 ritur
648 1587 707 1631 ut
754 1593 877 1649 pars
921 1593 981 1633 ea
1031 1580 1253 1644 aninne,
1312 1580 1367 1635 in
1412 1596 1519 1651 qua
1570 1581 1739 1636 libido
1787 1584 2026 1649 exsistit,

448 1668 719 1740 spirituali
775 1672 941 1727 modo
1002 1686 1100 1742 per
1159 1674 1558 1729 continentiam
1636 1676 2022 1744 restringatur.

2127 496 2353 545 stantes.
2400 490 2759 561 lgnobiliores
2787 509 2953 565 porro
2979 506 3032 551 et
3064 497 3471 554 inhunestiores
3496 511 3702 569 partes,

2125 591 2255 637 sunt
2292 582 2461 638 lumbi
2505 593 2559 639 et
2591 602 2770 653 renes,
2811 596 2997 658 utpote
3044 604 3284 660 quorum
3324 606 3492 662 opera
3533 609 3701 651 vene-

2125 687 2250 728 reus
2276 688 2602 745 congressus
2629 680 2925 749 peragitur.

2197 765 2335 822 Ibid.
2383 767 2445 822 C.
2492 766 2686 824 Omnia
2729 773 2984 839 membra,
3040 791 3157 845 qua
3192 788 3316 833 sunt
3375 796 3536 849 super
3590 792 3702 839 ter-

2125 874 2266 921 ram,
2308 867 2415 915 etc.
2467 858 2576 915 Lex
2616 860 2850 917 Mosaira
2904 880 3179 921 summam
3217 867 3428 938 hepatia
3469 884 3705 941 partem,

2125 959 2180 1004 et
2214 964 2395 1016 renes,
2433 967 2540 1006 una
2570 967 2697 1007 cum
2737 954 2919 1024 adipe,
2951 972 3005 1011 ιιι
3049 959 3379 1027 quibusdam
3413 964 3705 1023 sacriﬁciis

2127 1041 2239 1098 Deo
2293 1059 2619 1101 consecrare
2658 1045 2910 1116 jnbebat,
2956 1049 3090 1105 illud
3141 1052 3489 1123 signiﬁcans,
3540 1058 3707 1127 iram,

2127 1151 2248 1206 quae
2276 1151 2374 1207 per
2423 1137 2614 1192 libram
2650 1138 2973 1211 designatur
3013 1142 3164 1213 (huic
3196 1145 3347 1200 enim
3396 1162 3493 1204 vas
3537 1149 3705 1208 bilem

2128 1230 2442 1301 concipiens
2475 1232 2805 1302 ,adjunctum
2835 1234 2966 1305 est),
3003 1244 3058 1291 et
3109 1236 3420 1309 libidinem,
3453 1257 3575 1312 qua
3612 1261 3709 1311 per

2130 1334 2289 1374 rencs
2347 1329 2401 1375 et
2458 1320 2673 1391 adipem
2747 1324 3110 1393 significatur,
3180 1329 3532 1396 potissimum
3596 1334 3702 1390 Deo

2129 1411 2439 1467 consecrari
2491 1412 2709 1469 debere.
2780 1414 2994 1473 Rursus
3047 1417 3226 1477 Moses
3290 1421 3577 1480 brachium
3635 1444 3702 1484 ac

2131 1504 2506 1573 pectusculum
2558 1505 2611 1559 in
2671 1510 2953 1564 nonnullis
2998 1512 3283 1569 sacriﬁciis
3329 1519 3708 1576 sacerdotibus

2130 1593 2432 1667 assignavit
2488 1613 2503 1651 :
2564 1597 2696 1655 illud
2746 1600 2984 1661 obscure
3034 1605 3332 1675 indicans,
3395 1608 3708 1668 faciendum

2136 1688 2293 1744 nobis
2339 1701 2480 1755 esse,
2523 1701 2583 1746 ut
2628 1699 2685 1745 et
2723 1694 2889 1749 corda
2924 1705 3110 1751 nostra
3168 1713 3265 1768 per
3303 1702 3708 1760 confessionem

447 1759 551 1816 Per
600 1762 817 1819 lumbos
867 1766 1011 1819 enim
1062 1780 1129 1821 ac
1179 1782 1342 1821 renes
1370 1768 1818 1837 concupiscentia
1854 1768 2022 1839 signio

2133 1780 2512 1837 sacerdotibus
2579 1782 2876 1840 oﬁ‘eramus
2935 1784 3054 1857 (per
3116 1759 3497 1858 pectusculum
3560 1796 3709 1852 enim

448 1856 643 1909 ﬁcatur
674 1872 689 1910 :
725 1856 871 1926 quod
904 1856 958 1911 in
1003 1856 1072 1914 iis
1113 1858 1365 1929 partibus
1397 1868 1608 1915 mtuet.
1656 1860 1796 1914 Sunt
1839 1871 2022 1915 autent

449 1948 617 2001 tumhi
672 1948 726 2002 in
784 1948 964 2003 antica
1011 1959 1165 2020 parte
1225 1965 1239 2002 :
1291 1965 1449 2006 renes
1496 1965 1625 2006 vero
1682 1951 1734 2005 in
1789 1954 2022 2022 postica.

447 2037 681 2092 Pulchra
737 2052 904 2111 porro
931 2049 985 2095 et
1015 2040 1236 2113 egregia
1270 2058 1462 2097 renum
1510 2043 1740 2098 inritatio
1779 2053 1863 2099 est
1891 2059 2026 2098 con-

445 2131 796 2201 cupisccntize
823 2133 875 2187 in
921 2132 1122 2188 bonum
1178 2133 1488 2201 conversio,
1536 2151 1601 2189 ac
1649 2135 2020 2205 spiritualium

449 2240 631 2278 rerum
688 2240 846 2279 arnor
893 2238 948 2280 et
997 2227 1269 2296 cupiditas
1316 2243 1331 2281 :
1395 2228 1468 2281 ita
1521 2238 1579 2281 ut
1641 2243 1766 2282 eum
1823 2226 2024 2281 Davide

447 2316 632 2373 dicere
671 2333 936 2389 queamus
978 2336 992 2372 :
1051 2318 1457 2388 lnﬂammatum
1507 2330 1583 2374 est
1632 2336 1724 2375 cor
1751 2336 1945 2388 meum,
1976 2330 2025 2373 et

449 2424 596 2463 renes
641 2410 743 2463 mei
797 2412 1115 2464 commutati
1150 2423 1272 2465 sunt
1303 2411 1371 2465 ⁸⁸.
1404 2409 1466 2464 Εῑ
1517 2426 1710 2466 rursus
1749 2428 1764 2465 :
1815 2412 1949 2465 Ante
1980 2424 2027 2466 te

449 2495 611 2553 ontne'
657 2499 981 2553 desiderium
1036 2515 1206 2554 meum
1255 2496 1337 2565 ⁸⁷,
1397 2501 1546 2555 omni
1581 2516 1650 2555 ex
1691 2512 1844 2571 parte
1889 2518 2025 2555 con-

449 2590 726 2657 strictum,
780 2607 881 2645 ncc
907 2596 973 2644 ad
1012 2591 1155 2646 aliud
1187 2591 1483 2664 quidquam
1518 2592 1799 2660 diﬂusutn,
1835 2609 2024 2648 verum

446 2686 513 2738 ad
550 2694 609 2759 te_
628 2699 798 2738 unum
847 2686 1141 2740 intensuin.
1190 2687 1368 2755 Atque
1412 2685 1539 2741 item
1573 2701 1697 2740 cum
1736 2683 1974 2741 Jeremia
2009 2704 2023 2739 :

448 2776 603 2830 Diem
640 2775 870 2831 Ιιοιι.ἰιιιε
911 2792 1013 2829 non
1045 2776 1319 2844 concupiui
1345 2775 1413 2842 ”,
1454 2777 1558 2832 hoc
1587 2787 1691 2843 est,
1727 2778 2024 2831 humanam

447 2877 504 2923 et
543 2883 865 2938 corpoream
919 2868 1256 2923 felicitatem.
1312 2865 1425 2923 Nos
1459 2869 1605 2923 enim
1649 2869 2025 2939 spiritualium

448 2977 629 3016 rerum
668 2960 968 3031 cupiditate
1001 2960 1173 3016 teneri
1208 2960 1484 3027 convenit,
1504 2976 1615 3032 quo
1640 2961 1804 3017 etiam
1841 2962 2024 3021 modo.

446 3067 499 3110 et
534 3053 807 3109 Daniclem
848 3054 1079 3125 angelus
1115 3054 1474 3125 nuncupavit,
1530 3053 1616 3109 his
1649 3056 1831 3111 verbis
1863 3070 1877 3109 :
1918 3053 2029 3109 Da-

446 3147 567 3213 niel,
617 3147 695 3201 cir
726 3146 1130 3214 desideriorum,
1161 3145 1397 3216 intellige
1441 3160 1729 3215 sermones,
1775 3163 1906 3217 quos
1955 3146 2025 3200 ad
2052 3153 2096 3210 ε

450 3249 499 3291 tc
532 3236 812 3291 habiturus
855 3234 1067 3291 sum".
1114 3235 1585 3303 Quemadmodum
1639 3249 1824 3292 autem
1859 3236 2026 3290 homo

451 3333 604 3402 pacis
637 3332 859 3397 dicitur,
891 3331 985 3401 qui
1030 3330 1325 3400 tranquillo
1361 3340 1414 3384 et
1454 3340 1644 3399 pacato
1680 3336 1763 3383 est
1797 3332 1979 3381 animo
2010 3346 2022 3381 :

453 3435 527 3480 ita
556 3427 637 3480 vir
688 3426 1109 3490 desideriorum,
1159 3425 1253 3495 qui
1304 3424 1576 3479 desiderio
1631 3422 2021 3476 inﬂammatur.

451 3517 639 3572 Danirl
694 3519 838 3573 enim
901 3516 1208 3572 futurarum
1275 3531 1458 3569 rerum
1516 3502 2023 3585 cognoscendarum

449 3613 744 3681 timiditate
774 3610 1039 3679 ﬂagrabat
1067 3628 1080 3666 :
1117 3627 1180 3666 ac
1210 3609 1438 3678 proinde
1467 3623 1553 3671 ea.
1595 3624 1716 3677 quae
1748 3622 1923 3676 usque
1959 3606 2024 3660 ad

451 3704 635 3759 saeculi
662 3703 825 3758 tinem
859 3713 1122 3759 eventura
1162 3712 1342 3766 erant,
1396 3703 1683 3758 intellexit.
1729 3696 1945 3756 Etenim
1979 3702 2023 3754 si

451 3809 561 3853 tota
629 3807 813 3853 nostra
864 3797 1134 3869 cupiditas
1181 3796 1249 3851 ad
1298 3795 1469 3851 Deum
1526 3795 1789 3850 translata
1842 3795 2024 3861 fuerit,

448 3907 478 3945 a
510 3893 670 3947 nobis
714 3892 903 3961 utique
946 3890 1249 3963 spiritualis
1280 3905 1344 3946 ac
1390 3889 1616 3961 pestifer
1655 3899 1709 3945 ct
1768 3889 2028 3946 sinuosus

445 3984 536 4040 ille
568 3966 735 4040 draco
770 3987 1016 4040 vincetur
1045 3992 1101 4039 et
1122 3984 1486 4055 opprimetur,
1514 3984 1581 4041 de
1611 3999 1720 4054 quo
1752 3983 1895 4040 Deus
1923 3981 2028 4038 Job

434 4072 759 4147 alloquens,
795 4078 870 4132 ait
904 4095 918 4130 :
969 4074 1103 4130 Ecce
1138 4076 1397 4146 fortitudo
1441 4078 1588 4131 illius
1631 4079 1686 4138 in
1729 4076 1948 4142 lumbis,
1978 4086 2028 4132 et

445 4171 683 4235 potentia
710 4170 858 4224 illius
890 4171 947 4223 in
968 4164 1218 4224 umbilico
1246 4171 1439 4224 ventris
1468 4170 1537 4226 ”.
1587 4170 1802 4237 Quibus
1847 4171 2028 4226 verbis

447 4266 781 4331 Ostenditur,
829 4263 1109 4319 diabolum
1153 4262 1208 4317 in
1244 4262 1351 4327 his,
1384 4278 1522 4333 quas
1553 4264 1813 4327 diximus,
1850 4263 2030 4318 homi-

448 4367 578 4406 num
610 4353 857 4421 partibus
899 4349 1430 4420 plurimum’virium
1487 4353 1711 4419 habere,
1773 4354 1877 4407 hoc
1922 4363 2029 4420 est,

449 4444 504 4498 in
556 4441 974 4510 concupiscibili
1021 4451 1193 4510 parte,
1248 4457 1411 4513 quam
1454 4443 1689 4511 graviori
1736 4444 2029 4515 tyrannide

448 4536 664 4607 premit,
702 4546 891 4605 utpote
943 4536 1066 4605 plus
1119 4536 1391 4608 opis‘ipsi
1446 4538 1511 4591 ad
1571 4536 1848 4592 hominem
1890 4537 2030 4593 bello

447 4630 824 4685 lacessendum
870 4629 1185 4684 aﬂ‘erentem
1217 4669 1232 4696 ,
1270 4639 1494 4699 propter
1537 4629 1831 4700 voluptatis
1887 4632 2029 4685 acri-

448 4724 687 4778 monium
718 4736 769 4778 et
796 4723 1221 4778 vehementiam.
1252 4721 1365 4779 Nec
1393 4721 1490 4777 tibi
1523 4721 1721 4777 mirum
1766 4722 2030 4791 videatur,

448 4816 492 4890 si
553 4818 1014 4885 quemadmodum
1074 4815 1250 4887 inquit
1311 4814 1607 4887 Apostolus
1665 4815 1733 4883 ",
1790 4814 1857 4870 iis
1910 4831 2031 4886 quae

448 4905 775 4975 ignobiliora
798 4918 848 4964 et
865 4908 1354 4980 contemptibiliora
1377 4907 1430 4963 in
1458 4922 1685 4977 corpore
1699 4921 1820 4963 esse
1845 4908 2032 4962 viden-

455 5010 565 5064 tur,
609 5001 1073 5059 abundantiorem
1122 5003 1387 5059 honorem
1422 5001 1734 5068 tribuimus,
1762 5018 1825 5057 ea
1868 5002 2034 5056 uimi-

452 5106 573 5144 rum
606 5101 685 5146 tot
728 5096 1001 5168 tantisque
1051 5098 1232 5153 verbis
1276 5108 1690 5168 prosequentes,
1739 5107 1902 5167 atque
1935 5095 2028 5149 ad-

453 5195 644 5238 versus
673 5187 855 5255 carnis
889 5188 1172 5244 materiam
1196 5198 1250 5244 et
1270 5190 1578 5245 crassiticm
1606 5204 1728 5260 qua:
1752 5203 1847 5259 per
1879 5189 2004 5258 cupi

2128 1885 2225 1926 cor
2286 1872 2649 1943 signiﬁcatur,
2717 1887 2906 1945 utpote
2958 1879 3134 1947 ipsius
3179 1885 3579 1941 munimentum
3643 1903 3712 1945 ac

2130 1964 2492 2035 prmsidium),
2535 1977 2591 2022 et
2624 1969 2789 2023 etiam
2825 1971 3089 2037 actiones,
3128 1990 3247 2045 quae
3290 1992 3385 2045 per
3420 1978 3708 2035 brachium

2129 2055 2489 2130 designantur
2514 2100 2531 2128 ,
2568 2073 2733 2132 atque
2769 2079 2867 2133 per
2903 2067 3217 2123 sacerdores
3250 2069 3318 2125 ad
3363 2072 3532 2126 Deum
3575 2073 3711 2129 alie-

2130 2160 2348 2206 runtur.
2380 2153 2561 2223 Atque
2587 2154 2705 2209 lure
2733 2156 2952 2225 quidem
2992 2157 3076 2212 lex
3104 2168 3261 2216 vetus
3283 2164 3710 2231 przescribebat;

2130 2257 2231 2297 nos
2262 2251 2442 2299 autem
2477 2282 2492 2309 ,
2540 2244 2696 2314 juxta
2749 2248 3190 2306 cohortationem
3242 2257 3599 2324 aposrolicam
3640 2261 3710 2328 ”,

2130 2335 2315 2391 Omnia
2374 2336 2649 2405 membra,
2689 2355 2814 2408 quae
2856 2352 2986 2398 sunt
3032 2358 3196 2415 super
3246 2355 3469 2416 terram,
3521 2351 3574 2406 id
3603 2364 3711 2417 est,

2131 2442 2358 2484 munere
2399 2444 2500 2485 suo
2539 2429 2593 2486 in
2630 2440 2772 2487 terra
2810 2432 3136 2505 funguntur,
3182 2438 3272 2494 vel
3314 2442 3478 2497 etiam
3516 2448 3713 2501 veteris

2132 2522 2396 2587 hominis,
2424 2523 2531 2579 hoc
2584 2535 2669 2581 est
2716 2528 2949 2597 percuti,
3000 2529 3245 2586 irrembra
3279 2536 3709 2606 mortiﬁccmus;

2132 2632 2196 2671 ac
2226 2632 2327 2673 nos
2353 2626 2496 2673 totos
2530 2618 2640 2673 Deo
2686 2620 2739 2674 iu
2773 2620 3107 2677 sarriﬁcium
3141 2623 3463 2695 oﬂ'eramus,
3492 2629 3714 2699 jugulu-

2132 2706 2203 2763 tis
2226 2708 2482 2763 nimirum
2512 2708 2663 2764 verbi
2690 2708 2858 2765 divini
2887 2710 3068 2781 gladio
3093 2714 3344 2784 turpibus
3373 2731 3440 2773 ac
3472 2727 3713 2776 temera-

2134 2800 2233 2856 riis
2262 2810 2316 2856 et
2349 2801 2607 2865 belluinis
2659 2801 2970 2871 affectibus,
3012 2814 3173 2875 atque
3222 2808 3417 2865 hostiae
3458 2811 3715 2882 perfectae

2129 2891 2454 2950 efficiamur.
2498 2892 2636 2949 Nam
2680 2899 2823 2967 quod
2865 2913 2929 2952 ex
2960 2909 3113 2969 parte
3139 2914 3226 2957 est
3277 2902 3709 2975 haudquaquam

2130 2984 2432 3057 perfectum
2463 2996 2565 3042 est.
2607 2986 2677 3042 At
2712 2989 2805 3060 qui
2848 2990 3090 3061 seipsum
3124 2999 3298 3047 totum
3338 2994 3450 3050 Deo
3475 2996 3709 3063 addixit,

2130 3079 2292 3150 eique
2313 3080 2547 3136 salutem
2597 3096 2753 3136 suam
2801 3085 3172 3155 consecravit,
3205 3084 3291 3140 hic
3322 3087 3513 3156 procul
3541 3087 3710 3143 dubio

2132 3171 2373 3239 seipsum
2410 3181 2584 3225 totum
2618 3172 2830 3241 accepit
2858 3173 2995 3242 (il).

2201 3261 2322 3316 Col.
2349 3261 2454 3316 418
2478 3267 2541 3317 Α.
2587 3262 2792 3317 Pra'ter
2823 3267 2934 3318 lucc
2967 3267 3166 3329 omnia.
3197 3276 3302 3323 etc.
3342 3270 3481 3326 Ante
3503 3272 3712 3335 omnia,

2134 3354 2330 3423 inquit,
2360 3352 2649 3408 Trinitatis
2674 3355 2833 3409 iidem
2866 3365 2921 3412 et
2946 3358 3377 3427 confessionun,
3424 3371 3484 3417 ut
3539 3366 3715 3434 magis

2134 3445 2526 3507 necessariam,
2564 3445 2659 3500 tibi
2700 3449 3041 3502 committam
3072 3459 3241 3518 atque
3281 3456 3711 3510 commendabo.

2131 3540 2267 3593 Cum
2310 3539 2432 3602 hac,
2466 3548 2519 3593 et
2546 3549 2598 3593 te
2650 3538 2939 3611 baptizabo
2970 3557 3066 3612 per
3104 3543 3382 3613 triplicem
3417 3546 3713 3606 dimersio-

2135 3648 2281 3696 nem,
2312 3641 2365 3687 et
2396 3641 2448 3687 te
2488 3632 2716 3688 totidem
2771 3635 2983 3690 vicibus
3015 3651 3081 3690 ex
3123 3639 3282 3707 aquis
3310 3650 3619 3696 extractum
3654 3643 3711 3698 in

2134 3726 2304 3781 altum
2333 3724 2579 3781 efferam.
2640 3725 2835 3781 Postea
2880 3743 2911 3782 a
2945 3728 3296 3785 confessione
3329 3732 3397 3788 ad
3443 3732 3710 3790 divinita-

2135 3828 2241 3872 tem
2276 3817 2496 3883 transit,
2541 3817 2593 3871 in
2647 3833 2810 3887 quam
2849 3818 2972 3873 lidei
3010 3821 3288 3878 confessio
3334 3823 3414 3891 ﬁt,
3444 3840 3566 3895 quae
3590 3828 3717 3897 qni-

2129 3909 2254 3966 dcm
2288 3909 2340 3963 in
2367 3909 2541 3964 tribus
2586 3911 2836 3981 personis
2882 3912 3221 3983 conjunctim
3255 3922 3310 3970 et
3352 3917 3709 3988 singulariter

2132 4002 2401 4071 reperitur
2429 4003 2559 4071 (una
2582 4002 2725 4056 enim
2749 4002 2804 4057 in
2850 4001 3031 4073 Patre,
3060 4003 3222 4072 Filio,
3253 4015 3309 4062 et
3339 4007 3553 4079 Spiritu
3581 4026 3716 4067 sano

2133 4101 2221 4146 cto
2252 4101 2336 4146 est
2363 4091 2686 4161 divinitas);
2733 4102 2788 4149 et
2831 4104 2944 4149 tres
2991 4111 3256 4166 personas
3305 4092 3523 4155 divisim
3560 4117 3717 4162 cout-

2133 4183 2426 4253 plectitur;
2462 4182 2515 4238 in
2540 4184 2823 4242 divinitate
2855 4190 3000 4243 enim
3037 4199 3167 4245 sunt
3198 4189 3360 4247 Pater
3385 4203 3438 4247 et
3469 4190 3640 4249 Filius
3664 4205 3719 4248 et

2134 4275 2370 4347 Spiritus
2398 4286 2643 4344 sanctus,
2673 4292 2774 4333 nec
2802 4280 3117 4349 disparibus
3146 4282 3490 4350 substantiis,
3519 4296 3635 4348 aut,
3668 4286 3716 4342 si

2134 4369 2325 4436 mavis,
2362 4371 2605 4436 naturis,
2636 4370 2926 4442 inaequalis
2951 4385 3056 4430 est.
3092 4372 3250 4441 Nam,
3285 4385 3343 4430 ut
3375 4376 3582 4433 sanctis
3612 4376 3718 4432 Pa.

2065 4495 2106 4550 υ
2137 4463 2312 4517 tribus
2365 4463 2563 4533 placet,
2600 4464 2837 4520 essentia
2871 4475 2927 4521 et
2972 4473 3192 4532 natura,
3234 4482 3359 4522 cum
3403 4471 3473 4524 de
3523 4481 3715 4526 saneta

2135 4551 2400 4609 Trinitate
2429 4555 2628 4626 agitur,
2661 4555 2803 4611 idem
2830 4564 2982 4613 sunt.
3029 4555 3142 4613 Nec
3175 4557 3338 4615 l’ater
3363 4557 3583 4623 Filium,
3615 4576 3719 4617 nec

2134 4663 2328 4703 rursus
2371 4646 2543 4704 Filius
2598 4647 2863 4719 Spiritum
2915 4661 3188 4721 superat:
3241 4666 3343 4708 nec
3378 4650 3617 4724 Spiritus
3647 4653 3717 4710 ad

2135 4736 2335 4794 Filium
2390 4742 2790 4808 permutatione
2831 4742 3068 4811 quadam
3123 4745 3340 4812 transit,
3393 4755 3578 4817 utpote
3620 4748 3715 4816 qui

2135 4832 2350 4901 genitus
2380 4847 2486 4887 non
2521 4834 2614 4898 sit,
2648 4849 2748 4891 nec
2778 4833 2949 4891 Filius
2980 4836 3045 4891 ad
3074 4834 3314 4905 Patrem,
3347 4847 3409 4893 ut
3438 4839 3533 4908 qui
3563 4838 3717 4909 inge-

2138 4922 2286 4977 nitus
2315 4938 2423 4976 non
2457 4923 2560 4988 sit,
2592 4924 3055 4994 quemadmodum
3087 4925 3271 4985 Pater.
3308 4929 3508 4985 Verum
3545 4931 3718 4986 trude-

2141 5027 2360 5083 cunque
2410 5013 2638 5083 aequalis
2673 5025 2837 5084 atque
2872 5016 3058 5072 eadem
3103 5026 3189 5074 est
3235 5018 3544 5099 divinitnsp
3571 5021 3718 5077 haud

2137 5118 2297 5160 secus
2319 5113 2484 5175 atque
2514 5122 2618 5161 una
2658 5106 2959 5177 eademque
3012 5109 3135 5164 coeli
3183 5112 3522 5181 magnitudo,
3564 5125 3716 5176 omni

2139 5194 2389 5250 videlicet
2435 5211 2499 5250 ex
2549 5203 2703 5268 parte
2736 5199 2962 5269 aequalis
2993 5215 3284 5270 apparens.
3318 5199 3387 5256 Ut
3421 5204 3567 5258 enim
3602 5205 3719 5260 haec

510 5368 557 5400 ⁸³
586 5365 729 5448 Psal.
770 5382 954 5448 assis,
975 5365 1027 5420 9.
1097 5365 1146 5448 “_
1169 5365 1480 5448 fiere‘rnniv,
1515 5368 1599 5423 i9.
1639 5440 1653 5448 _
1675 5368 1722 5448 ξ’
1752 5366 1904 5448 Ρξξιιἶ
1927 5370 2026 5448 [.11

2171 5368 2590 5448 ⁶⁸Ρξειιηιᾱιςιμ
2620 5376 2707 5428 ΞἹ.
2766 5376 2812 5408 ⁸⁷
2853 5376 2995 5433 Psal.
3030 5394 3237 5448 xxxvii,
3272 5381 3357 5438 10.
3434 5382 3480 5416 ⁸⁸
3512 5381 3720 5443 Jerem.

452 5454 582 5507 xvn,
619 5443 706 5491 tu.
782 5438 828 5469 ⁸*
873 5442 1003 5491 Dan.
1040 5453 1092 5502 x,
1127 5439 1215 5490 ll.
1292 5437 1338 5469 '°
1376 5437 1480 5492 Job
1513 5453 1599 5503 η,
1633 5440 1720 5493 Η.

530 5580 641 5651 (Η)
684 5579 954 5647 Scriptum
993 5586 1158 5630 totum
1190 5578 1409 5651 accepit.
1433 5576 1538 5651 ASIc
1558 5577 1704 5651 eirim
1732 5578 1852 5648 lego
1885 5591 1942 5635 ut
1974 5582 2027 5635 in

465 5648 681 5719 Reginae
712 5654 920 5710 codice,
973 5651 1102 5717 quia
1155 5650 1269 5701 haec
1321 5648 1483 5701 lectio
1537 5649 1708 5717 magis
1757 5652 2029 5717 quadrare

463 5723 672 5775 videtur
704 5737 825 5775 cum
862 5728 1009 5774 textu
1046 5739 1059 5774 :
1102 5719 1156 5771 in
1208 5733 1327 5772 meo
1364 5727 1541 5771 tamen
1583 5720 1880 5789 exemplari
1917 5737 2026 5775 non

1798 5440 1843 5470 “
1891 5441 1907 5493 l
1945 5440 2071 5496 Cor.
2113 5442 2321 5505 1:11.23.
2399 5442 2446 5474 ⁹¹
2487 5447 2700 5501 Coloss.
2735 5464 2817 5513 ιιι,
2851 5448 2905 5501 5.

2141 5582 2364 5710 siaﬁelv,
2404 5585 2498 5711 sled
2528 5586 2743 5653 ἔθυσεν,
2773 5585 2992 5657 legitur,
3042 5587 3093 5644 id
3125 5600 3226 5658 est,
3270 5593 3522 5648 mactavit
3556 5602 3720 5664 atque

2141 5670 2308 5711 inuno
2334 5670 2417 5710 avt
2450 5697 2467 5711 .

2140 5670 2467 5715 nnmmavrt.
