4100 6442
454 310 474 372 1
487 308 594 371 203

1446 309 1769 370 NICETAS
1811 310 1893 370 ΙΝ
1930 310 2154 372 ORAT.
2198 313 2297 372 XL
2343 313 2402 372 Β.
2449 310 2682 370 GREG.

3571 298 3709 362 12η

448 422 553 476 tria
588 415 796 472 inﬁnita
826 425 879 473 et
909 415 1361 487 imperceptibilia
1414 425 1543 471 sunt
1574 433 1589 470 :
1627 418 1702 472 ita
1731 427 1785 472 et
1826 417 2022 472 horum
2051 425 2102 484 Α
2131 435 2317 474 verum
2351 420 2514 473 etiam
2547 432 2739 472 rursus
2779 417 2894 486 ipsa
2929 413 3135 482 creatio
3162 411 3318 483 juxta
3369 425 3558 466 eorum
3590 413 3715 479 cpi.

445 509 764 581 conjunctio
807 517 1121 577 naturaeque
1171 507 1448 562 identitas.
1482 506 1620 564 Deus
1678 525 2021 580 unaquaeque

445 619 700 678 persona,
736 603 780 660 si
829 603 1120 673 separatim
1162 601 1564 666 consideretur,
1606 612 1787 655 mente
1814 601 2025 657 scilicet

449 713 537 752 res
584 705 780 750 natura
827 691 1230 764 inseparabiles
1278 698 1583 759 separante.
1631 688 1844 763 (Neque
1876 692 2022 745 enim

445 791 701 859 cuiquam
735 787 929 842 horum
972 786 1134 840 trium
1171 783 1278 837 ulla
1305 782 1607 836 divinitatis
1641 792 1767 836 nota
1799 783 1970 852 deest)
2007 800 2022 838 :

449 891 507 934 nt
536 878 720 944 Pater,
769 879 841 931 ita
888 875 1062 932 Filius
1097 892 1110 928 :
1146 885 1203 929 ut
1233 872 1426 942 Filius,
1460 874 1536 927 ita
1568 871 1824 942 Spiritus.
1861 875 2029 944 Adje-

445 973 559 1027 ctio
599 981 781 1026 autem
812 969 972 1040 hujus
986 968 1285 1039 particulae,
1322 974 1400 1029 ut,
1435 966 1803 1036 aequalitatem
1841 966 2024 1034 infert,

446 1074 664 1122 servata
719 1063 916 1133 cuique
960 1076 1211 1133 personae
1263 1061 1600 1131 hypostatica
1649 1061 2024 1130 pr0prietate;

444 1153 594 1210 Patri
648 1153 934 1219 videlicet,
992 1151 1138 1222 quod
1170 1152 1452 1220 ingenitus
1507 1153 1612 1217 sit;
1665 1151 1832 1216 Filio,
1883 1157 2026 1222 quod

446 1248 693 1318 genitus;
739 1259 803 1299 ac
837 1244 1095 1314 denique,
1147 1243 1376 1312 Spiritui
1428 1253 1646 1309 sancto,
1703 1244 1847 1313 quod
1899 1259 2028 1314 pro-

445 1341 626 1394 cedat.
657 1337 736 1392 Ac
778 1336 920 1392 Deus
977 1349 1168 1391 rursus
1204 1335 1306 1389 tria
1356 1339 1492 1400 inec,
1523 1336 1567 1391 si
1592 1336 1755 1390 simul
1788 1339 2032 1407 cogiten-

448 1441 558 1495 tur,
603 1437 826 1499 propter
881 1424 1122 1481 notionis
1152 1441 1216 1480 ac
1247 1433 1456 1479 natura;
1490 1427 1853 1482 identitatem.
1891 1427 2034 1484 Deus

445 1521 592 1575 enim
650 1519 1075 1587 unumquodque
1145 1515 1362 1580 horum,
1420 1517 1546 1585 quia
1605 1519 1852 1571 eamdem
1902 1521 2034 1573 sub-

447 1613 706 1667 stantiam
767 1610 992 1664 habet:
1052 1622 1247 1663 rursus
1305 1617 1487 1662 autem
1555 1609 1656 1662 tria
1711 1611 1828 1664 haec
1893 1624 2034 1664 unus

449 1703 614 1768 Deus,
662 1703 792 1772 quia
843 1717 985 1756 unus
1046 1711 1130 1756 est
1175 1701 1475 1756 divinitatis
1525 1702 1881 1772 principatus.
1937 1701 2034 1757 Vix

2126 511 2348 565 nionem
2400 507 2700 561 dividatur.
2748 506 2981 558 Aiebant
3027 504 3172 558 enim
3229 501 3593 563 divinitatem,
3645 508 3706 552 ut

2093 605 2456 673 'azquivocam
2489 615 2675 655 vocem
2707 599 2903 668 partim
2928 599 3227 652 increatam
3257 609 3400 657 esse,
3427 602 3487 647 ut
3510 594 3710 656 Pater;

2125 694 2320 766 partim
2355 701 2615 749 creatam.
2659 690 2873 745 Rursus
2919 688 3299 753 divinitatem;
3353 697 3598 741 creatam
3634 685 3714 738 ita

2127 786 2462 849 dividebant,
2518 793 2578 839 ut
2631 781 3066 852 praestantiorem
3124 787 3435 834 creaturam
3486 777 3712 842 Filium,

2127 877 2442 933 inferiorem
2476 882 2658 929 autem
2684 882 2987 929 creaturam
3015 871 3277 941 Spiritum
3297 878 3547 925 sanctum
3571 885 3718 924 assc-

2130 983 2332 1030 rerent.
2376 973 2455 1026 Ex
2509 987 2641 1042 quo,
2693 979 2749 1026 et
2792 969 2936 1024 Deus
2979 966 3307 1022 contumelia
3351 966 3709 1032 adiciebatur,

2134 1077 2319 1136 utpote
2387 1066 2440 1118 in
2508 1072 2888 1119 creaturarum
2939 1059 3190 1114 ordinem
3242 1058 3493 1113 redactus
3548 1065 3714 1126 atque

2133 1159 2425 1228 depressus
2461 1175 2474 1210 :
2509 1163 2563 1210 et
2608 1163 2859 1208 creatura
2891 1151 3030 1222 ipsa,
3065 1160 3124 1204 ut
3152 1165 3273 1220 quae
3297 1152 3488 1204 eodem
3517 1149 3712 1203 ordine

2133 1265 2258 1304 cum
2308 1246 2420 1301 Deo
2448 1255 2785 1301 censeretur.
2831 1243 2964 1297 Nam
2994 1243 3038 1296 si
3071 1256 3233 1296 servo
3268 1241 3596 1295 contumelia
3632 1248 3715 1294 est

2137 1340 2249 1411 pari
2304 1339 2512 1394 ordinis
2565 1337 2733 1408 gradu
2781 1349 2906 1390 cum
2964 1335 3096 1388 hero
3164 1333 3444 1398 collocari,
3509 1342 3716 1402 quanto

2137 1430 2436 1499 tandcnqea
2465 1428 2684 1498 gravior
2711 1425 2982 1481 censenda
3012 1432 3117 1488 est,
3149 1440 3244 1494 per
3269 1439 3431 1494 quam
3461 1431 3712 1477 creatura

2140 1521 2248 1577 Deo
2273 1521 2505 1576 creatori
2539 1519 2818 1590 mquatur?
2846 1517 3137 1572 Enimvero
3173 1516 3500 1586 Gregorium
3535 1515 3711 1580 illum,

2139 1614 2529 1669 miraculorum
2563 1612 2804 1667 editione
2829 1612 3036 1666 clarum
3076 1619 3130 1665 et
3173 1611 3469 1675 celebrem,
3507 1607 3716 1672 audivi,

2139 1721 2262 1760 cum
2295 1705 2521 1768 diceret,
2567 1703 2620 1756 in
2659 1703 2927 1756 Trinitate
2979 1715 3080 1755 nec
3126 1711 3368 1754 creatum
3411 1698 3712 1769 quidquam

451 1804 630 1847 unum
681 1808 747 1846 ex
783 1792 865 1846 his
909 1790 1086 1845 tribus
1127 1791 1312 1845 animo
1359 1794 1607 1861 concepi,
1635 1802 1899 1860 quantum
1931 1808 2027 1861 per
2055 1789 2102 1848 B
2130 1811 2274 1859 esse,
2310 1811 2408 1850 nec
2460 1811 2679 1850 servum
2736 1809 2837 1848 nec
2889 1793 3272 1858 adventitium,
3328 1801 3514 1862 utpote
3551 1793 3706 1861 prius

450 1880 750 1938 humanam
814 1879 1191 1934 inﬁrmitatem
1249 1879 1615 1947 conceditur,
1669 1896 1793 1935 cum
1844 1882 2025 1936 statim

448 1975 590 2029 trino
639 1982 693 2027 et
734 1972 938 2042 triplici
970 1972 1182 2028 lumine
1213 1974 1633 2046 circumfulgeo,
1670 1984 1889 2044 propter
1928 1989 2028 2028 na-

453 2077 587 2119 turae
633 2064 989 2120 identitatem.
1043 2061 1147 2117 Vix
1190 2064 1314 2128 tria,
1346 2064 1399 2118 itl
1432 2077 1536 2132 est,
1574 2077 1682 2119 tres
1717 2067 2027 2135 proprieta-

453 2163 553 2215 te‘s,
590 2161 683 2205 aut
724 2166 1015 2223 personas,
1046 2152 1386 2222 distinguere
1415 2153 1638 2222 incipio,
1689 2169 1812 2208 cum
1843 2154 2028 2206 statim

447 2243 516 2296 ad
549 2258 740 2307 unum,
773 2242 828 2296 id
860 2251 965 2306 est,
1024 2241 1327 2298 divinitatis
1378 2258 1444 2298 ac
1477 2245 1812 2314 principatus
1850 2246 2030 2298 unita-

447 2343 582 2399 tem,
631 2332 885 2389 sublimis
943 2332 1107 2387 l'eror.
1168 2332 1226 2386 Si
1300 2335 1769 2404 unumquodpiam
1829 2335 2024 2389 horum

449 2430 612 2480 trium
663 2441 758 2496 per
804 2425 1097 2496 imaginem
1142 2441 1468 2494 concepero,
1505 2429 1679 2496 major
1727 2443 1852 2497 pars
1886 2429 2028 2496 ejus,

445 2516 596 2586 quod
637 2517 822 2571 animo
868 2517 1217 2570 observatum
1259 2525 1384 2583 est,
1430 2519 1563 2572 mihi
1613 2519 1883 2587 elabitur,
1945 2531 2004 2575 ut

447 2620 573 2680 pote
615 2618 777 2681 captu
838 2625 960 2682 meo
1018 2611 1218 2679 majus.
1293 2609 1717 2681 Magnitudinem
1776 2615 1851 2668 rei
1902 2615 2031 2669 visat

447 2703 648 2758 mentis
709 2701 884 2756 oculis
949 2703 1228 2772 percipere
1299 2718 1362 2756 ac
1412 2705 1875 2774 comprehendere
1935 2722 2004 2762 ne

446 2810 609 2866 queo,
662 2804 719 2848 ut
758 2809 1073 2866 personam,
1136 2810 1256 2864 qua:
1306 2805 1495 2862 restat,
1548 2799 1813 2868 majorem
1871 2800 2024 2855 acci-

447 2889 612 2956 piam.
648 2884 821 2956 Major
849 2886 997 2940 enim
1022 2901 1150 2955 pars
1181 2885 1368 2957 eﬂugit
1399 2903 1463 2942 ac
1496 2889 1704 2960 dilapsa
1735 2902 1836 2945 est.
1871 2892 2026 2957 Quod

446 2986 630 3033 autem
670 2976 1066 3046 comprehendi
1118 2993 1224 3030 non
1265 2989 1468 3047 potest,
1503 2980 1555 3034 id
1600 2995 1701 3036 nec
1727 2981 2027 3039 dimensio-

457 3087 580 3126 nem
616 3070 874 3124 admittit.
907 3068 1064 3135 Quod
1099 3071 1144 3124 si
1177 3087 1368 3127 rursus
1403 3074 1505 3127 tria
1546 3072 1663 3127 haec
1697 3075 1862 3129 simul
1893 3091 2024 3130 con-

448 3165 696 3235 templer,
730 3179 899 3218 unum
937 3163 1283 3233 splendorem
1339 3165 1499 3220 video
1561 3177 1783 3237 prOptcr
1819 3179 2027 3224 natura:

444 3257 886 3326 conjunctionem
921 3265 974 3309 et
1003 3257 1396 3324 :equalitatem,
1435 3257 1634 3327 quippe
1690 3260 1780 3328 qui
1836 3261 2028 3314 unius-

444 3349 713 3418 cujusque
756 3363 1003 3419 persona:
1047 3347 1228 3403 locum
1273 3350 1612 3420 distinguere
1662 3366 1726 3406 ac
1769 3367 2028 3421 separare

445 3458 735 3514 nequeam,
786 3457 888 3496 nec
928 3455 1187 3495 mensura
1244 3443 1467 3510 assequi
1507 3441 1789 3512 quodnam
1829 3445 2024 3498 horum

443 3537 569 3608 plus
618 3534 928 3606 splendoris
969 3535 1182 3588 habeat.
1241 3533 1377 3587 Nam
1433 3535 1579 3599 quod
1635 3537 2025 3604 comprehendi

442 3647 551 3685 non
585 3638 783 3702 potest,
821 3628 876 3682 id
907 3644 1004 3682 nec
1032 3642 1287 3681 mensura
1321 3627 1428 3681 ulla
1457 3628 1733 3681 delinitur.

519 3723 656 3778 Ibid.
707 3720 768 3774 C.
830 3719 978 3774 Tum:
1030 3720 1419 3790 generatione»:
1468 3720 1694 3786 metuis,
1754 3729 1860 3774 etc.
1917 3721 2024 3786 Tit,

443 3816 640 3885 inquit,
679 3815 734 3868 in
774 3815 882 3867 Deo
913 3811 1284 3882 generationis
1320 3812 1547 3866 verbum
1576 3815 1918 3881 expavescis,
1957 3831 2024 3870 ne

441 3910 694 3966 allectum
740 3907 1030 3978 quemdam
1082 3906 1342 3962 inducere
1398 3905 1633 3982 videaris
1683 3924 1699 3962 :
1759 3908 1915 3976 quasi
1952 3909 2019 3971 is,

441 4003 538 4072 qui
565 4004 761 4073 gignit,
796 4000 1090 4056 ﬂuxionem
1119 4000 1384 4070 patiatur.
1431 4000 1596 4071 Atqui
1628 4009 1678 4055 te
1711 4002 2022 4070 Oportebat,

446 4097 493 4148 si
525 4093 747 4163 quidem
771 4092 838 4146 de
869 4094 1108 4145 humano
1153 4100 1308 4160 patre
1339 4104 1524 4144 sermo
1554 4090 1868 4158 haberetur,
1905 4100 2020 4145 tum

443 4182 744 4238 ati'ectionis
799 4193 1021 4251 quoque
1062 4179 1452 4248 cogitationem
1501 4194 1784 4236 assumere
1830 4199 1846 4238 :
1894 4197 2018 4236 cum

440 4286 622 4328 autem
653 4273 822 4326 Deum
858 4268 1076 4324 Patrem
1112 4268 1292 4332 audis,
1331 4267 1397 4322 ad
1423 4285 1647 4325 causam
1679 4273 1859 4327 omnis
1881 4281 2022 4342 iper-

441 4363 718 4435 pcssionis
759 4372 1042 4432 expertem
1071 4361 1406 4430 cogitatione
1437 4363 1682 4430 provehi.
1733 4362 1849 4418 Non
1873 4365 2018 4418 enim

2131 1903 2474 1958 nequaquam
2531 1886 2844 1951 exsistens,
2905 1885 3102 1940 deinde
3153 1893 3332 1939 autem
3395 1882 3714 1939 adveniens.

2132 1979 2320 2050 Neque
2375 1979 2562 2049 igitur,
2599 1987 2694 2033 aut
2732 1978 2900 2034 Filius
2939 1993 3178 2048 unquam
3212 1975 3357 2030 Patri
3397 1975 3588 2041 defuit,
3620 1983 3717 2029 rut

2133 2071 2271 2126 Filio
2305 2071 2542 2142 Spiritus
2587 2090 2602 2126 :
2651 2087 2842 2125 verum
2890 2070 3255 2125 immutabilis
3292 2083 3512 2138 semper
3547 2077 3713 2136 atque

2129 2163 2470 2218 alteratiunis
2507 2179 2704 2232 expers
2752 2171 2838 2218 est
2889 2161 3155 2217 Trinitas.
3198 2161 3261 2216 Et
3304 2161 3525 2230 quidem
3564 2161 3712 2230 Apo-

2131 2253 2308 2308 stolus
2345 2255 2420 2308 ait
2463 2272 2478 2308 :
2549 2255 2609 2308 Si
2652 2255 2952 2308 hominibus
2982 2253 3269 2321 placerem,
3302 2251 3498 2306 Christi
3531 2267 3712 2305 servus

2131 2360 2233 2397 non
2280 2361 2448 2398 essem
2477 2342 2546 2376 9"
2585 2363 2598 2400 :
2634 2343 2744 2415 Ego
2767 2357 2946 2399 autem
2988 2343 3216 2398 dixerim
3254 2361 3268 2398 :
3300 2345 3357 2397 Si
3421 2341 3617 2395 Filium
3653 2350 3715 2394 ut

2130 2449 2438 2490 creaturam
2471 2437 2777 2501 adorarcm,
2808 2448 2902 2490 aut
2926 2437 2980 2490 in
3021 2436 3201 2505 ipsum
3235 2434 3383 2489 velut
3415 2435 3466 2487 in
3499 2442 3715 2488 creatu-

2131 2545 2247 2582 ram
2270 2531 2600 2600 baptizarer,
2624 2545 2902 2599 nunquam
2926 2526 3072 2583 Deus
3094 2527 3309 2582 futurus
3327 2525 3713 2581 essetii.(‘.rea-

2130 2626 2251 2672 tura
2295 2618 2440 2672 enim
2489 2619 2789 2673 divinitatis
2852 2617 3155 2671 tribuenda:
3214 2619 3324 2670 vim
3368 2631 3474 2670 non
3525 2617 3710 2671 habet.

2127 2707 2245 2763 Jam
2286 2725 2416 2764 vero
2460 2709 2669 2780 Regum
2723 2712 2885 2765 tertio
2937 2710 3200 2764 Salomon
3266 2709 3484 2763 miseris
3535 2709 3714 2762 modis

2128 2802 2454 2872 exagitator,
2509 2799 2656 2870 quod
2695 2799 2956 2865 Chamos,
3001 2799 3402 2855 Mohabitarum
3459 2798 3624 2859 idolo,
3657 2807 3714 2850 et

2127 2894 2365 2947 Astartae
2412 2894 2688 2947 exaelsnm
2759 2894 2932 2947 altare
2988 2894 3361 2947 construxerit
3413 2892 3482 2946 ”.
3537 2895 3713 2961 Atque

2126 2985 2288 3038 etiam
2332 2988 2501 3039 Amos
2560 2984 2867 3040 maledictis
2907 2999 3002 3040 eos
3059 2985 3389 3049 conscindit,
3429 2983 3522 3053 qui
3571 2981 3708 3036 astri

2133 3079 2360 3146 ﬁgurant
2426 3087 2541 3132 arte
2587 3077 2963 3146 exprimebant
3010 3091 3242 3147 eamque
3291 3075 3591 3129 adorabant
3636 3073 3708 3128 “.

2130 3173 2347 3225 Astarte
2396 3187 2558 3241 porro
2587 3180 2642 3225 et
2682 3169 2942 3232 Chamos,
2998 3168 3225 3223 \‘cneris
3279 3175 3473 3221 statua:
3524 3173 3705 3230 erant,

2129 3281 2266 3334 quas
2307 3262 2516 3317 Sidonii
2551 3263 2682 3317 olim
2718 3272 2772 3318 et
2799 3261 3056 3317 Moabitae
3091 3261 3365 3326 colebant,
3412 3275 3475 3314 ac
3517 3259 3707 3313 divino

2131 3357 2338 3412 honore
2369 3355 2697 3411 adiciebant.
2747 3355 2958 3412 Sideris
2991 3370 3123 3410 vero
3154 3354 3354 3414 forma.
3385 3363 3503 3407 erat
3529 3354 3705 3421 ipsum

2129 3450 2302 3516 sidus,
2346 3465 2540 3519 nempe
2581 3448 2821 3514 Lucifer,
2879 3463 3040 3519 quem
3097 3446 3362 3501 Venerem
3411 3445 3708 3515 appellant.

2127 3541 2447 3610 Quanquam
2477 3542 2638 3611 igitur
2670 3545 2771 3596 tria
2801 3541 3123 3604 adorabant,
3157 3547 3323 3608 atque
3354 3537 3548 3591 bonum
3580 3533 3708 3588 uni-

2127 3637 2327 3705 cuique
2381 3653 2577 3691 nomen
2630 3637 2719 3691 Dei
2764 3635 3165 3705 imponebant:
3217 3645 3397 3686 tamen
3444 3629 3704 3694 quoniam

2127 3729 2281 3782 sidus
2335 3728 2551 3782 duobus
2592 3727 2715 3780 aliis
2755 3727 3112 3780 excellentius
3168 3723 3596 3785 arbitrabantur,
3642 3734 3708 3772 ac

2127 3818 2387 3888 majorem
2425 3816 2620 3880 Deum,
2678 3817 2825 3870 velut
2879 3817 3161 3870 caelestem
3211 3830 3333 3869 esse
3378 3813 3704 3872 censebant,

2124 3925 2444 3980 quamnam,
2491 3909 2690 3978 inquit,
2720 3923 2943 3962 causam
2996 3907 3486 3974 defensionemque
3509 3905 3575 3958 ad
3609 3919 3705 3957 eos

2125 4001 2372 4067 aﬂ‘eram,
2406 4016 2525 4054 cum
2560 4014 2648 4054 me
2695 3999 2936 4054 vicissim
2969 4013 3034 4052 eo
3065 3998 3290 4051 nomine
3326 3995 3706 4050 crimtnabun-

2125 4101 2234 4157 tur,
2269 4095 2412 4164 quod
2447 4092 2713 4161 majorem
2741 4104 2962 4160 quoque
2995 4097 3159 4158 atque
3186 4086 3502 4142 inferiorem
3532 4087 3700 4139 Deutn

2125 4187 2408 4249 aﬁirmem,
2440 4185 2801 4254 divinumque
2833 4184 3090 4237 honorem
3128 4181 3397 4234 creaturis
3425 4178 3703 4233 tribuam?

2123 4279 2288 4346 Quid,
2321 4280 2567 4348 inquam,
2603 4278 2850 4332 dicturus
2890 4290 3034 4341 sum,
3067 4275 3152 4328 vel
3184 4271 3384 4326 Filium
3418 4287 3482 4326 ac
3527 4270 3701 4340 Spiri-

2126 4385 2238 4428 tum
2276 4385 2528 4428 sanctum
2582 4382 2640 4426 ut
2709 4371 2952 4424 minores
2983 4369 3114 4422 deos
3155 4382 3263 4421 non
3311 4366 3582 4428 adorans,
3617 4365 3699 4416 vel

439 4458 568 4528 quia
609 4454 861 4511 mortalia
913 4455 1214 4509 animantia
1251 4469 1348 4524 per
1396 4454 1649 4509 aﬁ‘ectum
1700 4466 1863 4526 atque
1891 4473 2016 4528 per-

2126 4479 2420 4521 conservos
2460 4478 2610 4518 meos
2645 4460 2926 4517 adorans?
2955 4459 3220 4515 Conscrvi
3265 4461 3411 4512 cnim
3457 4458 3700 4526 proiecto

439 4553 750 4624 pessionem
803 4552 1060 4623 gignunt,
1116 4551 1328 4606 idcirco
1375 4553 1444 4607 de
1472 4536 1608 4607 Deo
1651 4552 1794 4608 idem
1829 4557 2020 4611 existi-

441 4645 702 4700 mandum
762 4650 883 4710 est;
944 4659 1135 4698 verum
1183 4643 1312 4697 hinc
1370 4643 1557 4712 potius
1618 4645 1686 4698 ad
1729 4646 2017 4702 veritatem

438 4737 567 4792 duci
629 4736 913 4803 debemus,
965 4745 1022 4790 ut
1081 4736 1162 4790 sic
1219 4737 1612 4792 ratiocinemur
1671 4753 1685 4790 :
1745 4737 2018 4805 Quoniam

439 4827 741 4882 animantia
773 4827 1114 4897 corruptioni
1149 4828 1385 4882 obnoxia
1425 4830 1496 4882 ita
1530 4831 1783 4901 gignunt,
1825 4832 2017 4896 Deum,

438 4921 534 4990 qui
575 4921 927 4989 corruptione
980 4929 1156 4987 vacat,
1215 4923 1501 4976 contrario
1557 4923 1719 4976 modo
1768 4923 2012 4993 gignere.

435 5021 506 5069 At
554 5030 655 5086 ego
685 5025 894 5080 metuo,
942 5029 1011 5068 nc
1070 5013 1165 5069 Dei
1222 5015 1329 5068 inci
1377 5015 1648 5084 jacturam
1695 5015 1913 5082 iaciam,
1966 5017 2014 5072 si

430 5111 586 5176 juxta
625 5105 1006 5161 luereticorum
1065 5121 1238 5177 nugas
1283 5117 1338 5162 et
1389 5106 1750 5163 deliramenta
1806 5120 2016 5164 creatu-

436 5214 554 5252 ram
607 5200 788 5268 ipsum
816 5199 1266 5270 pronuntiavero.
1313 5199 1524 5254 Etenim
1577 5203 1623 5256 si
1659 5215 1875 5259 creatus
1908 5217 2015 5270 est,

431 5291 578 5346 Deus
609 5306 719 5346 non
748 5294 874 5356 erit,
905 5306 970 5345 ac
999 5290 1258 5360 deinceps
1296 5292 1428 5345 mihi
1460 5293 1682 5362 peribit.
1713 5292 1848 5349 Nam
1879 5298 2015 5350 inira

433 5386 548 5440 hac
579 5382 974 5453 haereticorum:
1000 5384 1313 5440 absurditas
1347 5394 1467 5449 est,
1509 5390 1654 5456 quod
1702 5402 1811 5442 non
1853 5389 2016 5443 modo

432 5478 537 5532 hoc
567 5475 680 5531 Deo
709 5477 778 5530 ab
813 5479 879 5531 iis
913 5477 1206 5541 tribuatur,
1249 5477 1394 5545 quod
1427 5487 1647 5534 creatus
1681 5479 1752 5535 sit
1792 5481 2015 5549 (divini-

429 5579 598 5626 tatem
655 5571 864 5628 scilicet
900 5573 1041 5626 male
1085 5581 1140 5636 et
1191 5573 1454 5627 scelerate
1513 5572 2008 5643 ponderantibus);

499 5727 568 5759 ”'
607 5725 777 5783 Galat.
815 5743 854 5792 t,
889 5727 973 5783 10.
1051 5728 1097 5760 ’³
1138 5727 1205 5781 Ill
1243 5726 1375 5801 Reg.
1419 5745 1492 5794 XI,
1524 5730 1578 5795 5,
1608 5730 1695 5784 55.

2119 4568 2302 4622 erunt,
2339 4557 2383 4611 si
2444 4566 2710 4611 creaturm
2751 4565 2902 4618 sunt,
2960 4551 3404 4624 quandoquidem
3457 4549 3697 4604 haeretici

2118 4649 2312 4704 Filium
2360 4660 2415 4704 et
2485 4648 2748 4719 Spiritum
2803 4654 3054 4701 sanctum
3109 4645 3398 4700 inferiores
3465 4644 3599 4697 deos
3647 4653 3701 4696 et

2119 4745 2388 4798 creaturis
2453 4740 2862 4811 pragstantiores
2926 4739 3264 4791 asserebant.
3314 4734 3449 4788 Nam
3520 4746 3576 4788 et
3642 4736 3698 4788 in

2119 4835 2280 4888 rebus
2343 4833 2542 4885 creatis
2591 4831 2739 4884 aliud
2815 4827 3076 4900 quiddam
3147 4827 3254 4882 alio
3327 4827 3697 4881 excellentius

2121 4924 2413 4994 reperitur.

2189 5019 2309 5072 Col.
2346 5016 2444 5070 “9
2479 5015 2538 5070 Β.
2603 5015 2772 5085 Cupio
2829 5013 3045 5068 Patrem
3085 5014 3338 5083 majorem
3389 5012 3587 5079 dicere,
3633 5026 3698 5065 ea:

2117 5128 2219 5182 quo
2252 5111 2304 5164 id
2336 5109 2562 5180 wquules
2593 5109 2808 5174 habent,
2855 5117 2961 5162 etc.
3017 5107 3192 5177 Cupio
3219 5108 3441 5177 quidem
3478 5108 3694 5161 l'atrem

2120 5204 2258 5259 Filio
2287 5214 2340 5258 et
2390 5203 2592 5272 Spiritu
2631 5211 2821 5255 sancto
2861 5200 3124 5270 majorem
3162 5199 3366 5266 dicere,
3425 5207 3693 5268 quantum

2116 5299 2183 5352 ad
2221 5307 2504 5366 paternam
2548 5294 2793 5350 causam.
2841 5292 2917 5346 Ex
2969 5293 3131 5347 l’atre
3173 5294 3318 5346 enim
3365 5294 3566 5347 habent
3600 5290 3693 5345 Fi-

2113 5388 2220 5441 lius
2245 5399 2297 5442 et
2330 5384 2590 5456 Spiritus,
2630 5395 2742 5440 tum
2784 5385 2928 5456 qqu
2963 5386 3204 5456 aequales
3241 5387 3342 5455 ipsi
3385 5395 3537 5450 sunt,
3574 5393 3686 5438 tum

2114 5481 2256 5550 quod
2283 5481 2604 5550 simpliciter
2651 5489 2800 5535 sunt.
2857 5478 2970 5535 lloc
3015 5481 3161 5534 enim
3195 5493 3356 5534 nemo
3387 5477 3692 5547 negaverit,

2115 5575 2247 5646 quin
2301 5575 2547 5630 videlicet
2598 5589 2663 5629 ex
2717 5590 2782 5630 eo
2837 5574 2966 5641 sint,
3014 5573 3160 5629 ﬁlius
3214 5573 3433 5644 quidem
3463 5587 3693 5643 genera-

1773 5733 1814 5764 "
1857 5733 2025 5787 Amos
2056 5747 2108 5798 v,
2135 5729 2226 5786 26.
