4100 6410
441 233 462 297 1
474 234 572 297 295

1851 240 2238 304 ADDENDA.

3565 250 3699 317 1296

439 350 603 402 tionis
630 345 816 414 modo,
869 347 1107 419 Spiritus
1160 357 1339 402 autem
1403 348 1790 418 proccssiorris.
1845 348 2022 406 Crete-
2055 356 2097 411 Α
2129 364 2226 419 per
2273 349 2454 404 navim
2513 365 2576 405 ac
2625 349 2847 406 domum
2902 355 3108 424 tr0pice
3158 366 3323 427 atque
3376 367 3607 434 exempli
3649 373 3703 421 et

438 457 559 500 rum
608 456 786 502 metus
854 443 1106 506 incussit,
1161 458 1228 496 ne
1279 441 1580 512 principem
1631 457 1881 508 causam,
1915 442 2024 497 hoc

438 546 543 596 est,
577 535 821 597 Patrem,
857 533 1130 586 minorum
1186 545 1412 584 causam
1476 531 1836 585 constituam.
1882 528 2020 584 Nam

441 629 533 697 qui
573 628 746 696 major
805 634 930 689 est,
978 622 1249 676 minorum
1283 622 1491 677 ratione
1543 621 1714 691 major
1755 622 2023 692 praedira-

441 731 546 775 tur.
582 718 734 786 Quod
779 719 823 772 si
859 732 944 780 ea,
977 733 1098 787 quae
1128 731 1192 772 ex
1245 717 1364 786 ipso
1408 716 1942 771 cousubstantialiter
1968 723 2022 770 et

445 811 582 865 citra
655 809 992 864 creationem
1064 809 1230 862 ullam
1299 809 1612 875 exsistunt,
1667 807 2018 872 irrrnrirruero,

439 903 581 958 Patri
631 918 850 972 quoque
908 901 1012 972 ipsi
1069 901 1464 956 contumeliam
1519 899 1779 955 intulcro.
1832 897 2018 968 Neque

437 997 582 1050 enim
624 994 794 1060 Patri,
831 1010 897 1047 ex
929 1009 1039 1064 quo
1090 1004 1144 1047 et
1204 989 1376 1047 Filius
1407 1001 1461 1046 et
1508 989 1748 1064 Spiritus
1790 1001 2016 1047 sanctus

435 1096 584 1150 sunt,
620 1085 903 1156 depressio
937 1100 1128 1140 eorum
1156 1100 1276 1155 quae
1316 1100 1381 1138 ex
1423 1099 1486 1138 eo
1517 1094 1665 1148 Stltll,
1709 1084 1761 1137 in
1786 1083 2013 1153 gloriam

432 1176 612 1231 cedit:
648 1175 750 1241 Qui
779 1179 919 1230 enim
966 1191 1067 1229 non
1101 1175 1415 1244 honori/ica:
1460 1171 1682 1238 Filium,
1719 1189 1822 1226 non
1845 1174 2014 1226 Itono-

432 1269 606 1338 riﬁcat
650 1266 886 1332 Patrem,
934 1267 1113 1338 inquit
1143 1267 1399 1322 Christus
1434 1267 1505 1320 π.
1552 1267 1820 1320 Praaterea
1863 1274 2010 1320 tuam

433 1362 812 1431 inexplebilem
858 1360 1248 1430 pervicaciam,
1304 1375 1337 1413 o
1368 1359 1647 1424 haeretice,
1697 1366 2009 1428 suspectam

435 1452 632 1518 habeo,
679 1467 748 1507 ne
802 1451 946 1506 forte
992 1467 1116 1505 cum
1161 1449 1376 1504 Patrem
1437 1449 1698 1519 majorem
1750 1450 2009 1518 audieris,

426 1545 590 1614 idque
636 1545 933 1614 arripueris
963 1543 1271 1599 secundum
1309 1551 1560 1597 naturam
1598 1542 1853 1612 quodque
1896 1558 2014 1596 rna-

423 1636 598 1704 joreru
653 1651 775 1690 esse
828 1635 1098 1705 intelligas
1139 1644 1304 1703 atque
1351 1635 1422 1688 ita
1462 1650 1624 1687 uuam
1671 1645 1724 1688 et
1763 1636 2006 1689 eamdem

2127 439 2530 508 perspicuitatis
2560 456 2725 496 causa
2755 443 3059 501 divinitatis
3091 447 3396 505 doctrinam
3428 453 3701 526 intelligit,

2124 529 2310 598 aitque
2337 548 2349 582 :
2376 528 2494 583 Non
2527 531 2706 587 ruiuus
2738 548 2999 604 prospere
3026 538 3329 609 narigabis,
3355 552 3446 596 aut
3475 544 3699 602 domum

2129 619 2427 687 habitabis,
2459 638 2621 686 quam
2659 641 2778 694 ego,
2829 627 2931 682 hoc
2961 637 3062 693 est,
3099 640 3299 686 rectam
3334 634 3455 689 ﬁdei
3500 641 3705 695 doctri-

2124 725 2247 764 nam
2303 727 2458 782 thue
2507 715 2911 785 complecteris.
2969 719 3180 775 Etenim
3226 726 3541 783 orthodoxae
3573 730 3694 786 ﬁdei

2122 802 2392 871 professio
2421 806 2600 875 majus
2631 817 2684 862 et
2711 809 2896 864 minus
2925 826 3034 864 non
3068 813 3335 870 admittit.
3375 817 3553 872 Meum
3577 833 3696 877 esto

2121 895 2460 964 periculum;
2512 913 2599 953 res
2629 911 2813 955 autem
2845 917 2873 955 a
2914 918 3000 957 me
3034 906 3210 960 evicta
3240 916 3332 962 tua
3382 910 3474 965 sit.
3511 911 3696 968 llabeo

2118 994 2231 1042 tres
2287 988 2530 1059 lapides,
2567 992 2672 1048 hoc
2718 1003 2833 1058 est,
2878 994 3184 1051 doctrinam
3229 1000 3296 1054 de
3344 1011 3531 1057 sancta
3575 1003 3697 1060 Tri-

2120 1082 2324 1148 nitate,
2375 1085 2573 1154 quibus
2623 1087 2852 1142 diversm
2906 1089 3028 1144 ﬁdei
3076 1091 3415 1160 professores
3469 1095 3692 1155 fundant

2117 1185 2283 1244 atque
2335 1177 2648 1242 conﬁciam,
2696 1181 3164 1248 quemadmodum
3212 1184 3378 1238 David
3430 1188 3690 1260 alienige-

2116 1284 2242 1321 nam
2279 1268 2429 1324 illum
2467 1269 2684 1326 Goliath
2715 1287 2982 1344 corporeo
3009 1276 3186 1347 lapide
3214 1283 3509 1349 oppressit,
3545 1284 3688 1338 sicut

2117 1360 2255 1413 libro
2304 1361 2483 1431 primo
2539 1360 2747 1433 Regum
2805 1366 3070 1436 scriptrrm
3124 1369 3355 1425 habetur
3379 1374 3450 1427 ".
3512 1375 3684 1445 Atque

2115 1450 2260 1506 Elias
2294 1455 2513 1524 quidem
2567 1465 2622 1510 ut
2671 1455 2713 1510 ll
2743 1455 2875 1528 Reg.
2933 1475 3417 1528 cornnrcmoratur,
3458 1482 3581 1521 eum
3631 1468 3685 1522 in

2115 1545 2509 1616 Sarephthanze
2544 1550 2713 1604 ﬁliurn
2757 1561 2840 1605 ter
2891 1552 3212 1617 inlralasset,
3263 1571 3387 1609 cum
3421 1557 3486 1610 ad
3525 1557 3687 1612 vitam

2119 1637 2435 1690 revocavit‘
2473 1655 2487 1692 :
2520 1654 2620 1709 ego
2651 1655 2777 1694 vero
2809 1650 2919 1696 tres
2951 1642 3318 1698 inhalationcs
3355 1647 3529 1701 habeo
3557 1646 3688 1706 (hoc

427 1728 607 1782 Patris
642 1738 694 1780 et
725 1726 845 1780 Filii
881 1737 1130 1780 naturam
1172 1726 1475 1791 discirrdas,
1521 1727 1794 1796 aliamque
1829 1725 2004 1782 Patris
2039 1711 2083 1770 Β
2113 1735 2216 1787 est,
2253 1741 2346 1781 cas
2387 1727 2805 1792 insuﬁhtioncs,
2839 1746 2961 1800 quas
3003 1731 3056 1785 in
3108 1733 3381 1802 baptismo
3415 1735 3571 1799 ﬁunt,
3603 1736 3688 1792 vel

423 1833 546 1872 esse
581 1819 753 1882 dicas,
804 1819 966 1872 aliam
1021 1816 1142 1870 Filii
1175 1834 1190 1870 ι
1228 1817 1486 1871 nimirum
1533 1832 1596 1870 ex
1631 1832 1697 1870 eo
1724 1817 1867 1886 quod
1898 1815 2003 1871 Pa-

425 1918 560 1962 trem
639 1909 900 1976 majorem
978 1907 1176 1970 audis,
1247 1907 1504 1960 omnibus
1557 1923 1776 1976 quoque
1841 1909 2002 1964 rebus

422 2001 688 2069 rrrajorcrn
732 1997 869 2054 Filio
909 2015 1031 2055 esse
1076 2000 1438 2067 contendens,
1471 2014 1578 2053 non
1609 2001 1784 2054 solum
1825 2016 2000 2070 quan-

421 2104 534 2149 tutrr
567 2095 634 2148 ad
666 2108 914 2159 causam,
955 2094 1256 2148 secundum
1292 2109 1456 2162 quam
1510 2093 1685 2163 major
1716 2109 1834 2148 esse
1866 2095 2001 2150 dici-

419 2195 530 2250 tur,
585 2189 676 2241 sed
723 2187 887 2241 etiam
937 2196 1203 2257 quantum
1247 2185 1312 2240 ad
1372 2184 1628 2255 potentiae
1676 2185 1998 2257 prmrogati—

417 2294 565 2343 vam,
615 2278 1005 2348 dignitatisque
1055 2278 1502 2347 prmcellentiam,
1550 2292 1614 2331 ac
1650 2278 1908 2347 ponderis
1945 2287 1999 2332 et

421 2372 706 2438 gravitatis
756 2370 1152 2439 prastautiarn.
1208 2367 1374 2438 Atqui
1426 2367 1661 2437 qualitas
1715 2368 1765 2421 iu
1827 2368 1996 2422 Deum

418 2464 645 2517 rrriuirue
705 2463 871 2529 cadit,
934 2478 997 2516 ac
1051 2462 1280 2530 proinde
1321 2471 1589 2530 quantum
1641 2461 1708 2516 ari
1757 2461 1995 2532 dignita-

417 2567 485 2612 tts
542 2555 1000 2625 amplitudinem,
1074 2553 1235 2607 Pater
1294 2551 1434 2607 Filio
1487 2553 1661 2621 major
1711 2568 1818 2606 non
1885 2562 1991 2609 est.

413 2646 584 2701 Porro
627 2647 900 2700 Christum
935 2645 1050 2714 (qui
1089 2644 1164 2697 ait
1201 2642 1358 2714 :Ego
1395 2653 1443 2696 et
1487 2640 1654 2697 Pater
1701 2661 1864 2698 unum
1899 2662 1993 2699 su-

411 2756 528 2794 mus
563 2739 632 2804 °‘,
673 2749 938 2808 quantum
988 2736 1058 2792 ad
1103 2737 1402 2807 potentiam
1461 2736 1689 2807 scilicet)
1741 2737 1850 2793 Deo
1899 2754 1995 2808 po-

413 2833 580 2886 tentia
661 2829 976 2882 inleriorem
1036 2828 1328 2893 aﬂirnrarc,
1396 2827 1550 2882 valde
1599 2828 1888 2882 ridiculum
1939 2837 1994 2883 et

411 2921 621 2990 puerile
677 2931 784 2976 cst.
849 2919 1006 2988 Quod
1054 2920 1102 2973 si
1159 2920 1391 2974 thronus
1442 2917 1579 2985 Dei,
1634 2921 1993 2989 quemadmo-

408 3015 537 3068 dum
594 3013 891 3078 credimus,
957 3012 1239 3082 dignitatis
1290 3027 1488 3067 nomen
1522 3019 1606 3066 est
1641 3051 1657 3078 ,
1741 3011 1989 3081 proiecto

409 3107 566 3163 sedes
610 3107 676 3161 ad
719 3107 998 3161 dexteram
1046 3105 1225 3161 Patris
1278 3106 1512 3162 Domino
1565 3112 1868 3181 assignata,
1902 3111 1988 3164 di-

413 3199 639 3270 gnitatis
685 3199 1053 3270 atqualitatem
1107 3198 1406 3270 signiﬁcat.
1461 3199 1604 3266 Quin
1665 3203 1828 3255 etiam
1888 3200 1994 3255 Do-

405 3297 588 3347 minus
620 3293 674 3347 in
725 3291 902 3347 Patris
949 3290 1121 3362 gloria
1184 3300 1475 3346 venturum
1507 3307 1566 3346 sc
1609 3292 1896 3361 pollicetur
1918 3291 1987 3348 ".

404 3385 756 3456 Relinquitur
813 3386 1041 3454 itaque,
1096 3396 1155 3440 ut
1215 3385 1518 3440 secundum
1577 3398 1760 3438 causa:
1821 3384 1990 3438 ratio-

406 3494 528 3531 nem
605 3477 710 3532 hoc
782 3477 898 3532 loco
963 3475 1138 3546 major
1204 3476 1441 3530 dicatur.
1511 3473 1780 3538 Quoniam
1841 3475 1986 3527 enim

404 3569 576 3624 Filius
635 3584 666 3624 a
713 3567 874 3623 Patre
925 3582 1150 3622 causam
1211 3566 1395 3636 habet,
1448 3564 1550 3620 hac
1588 3564 1795 3618 ratione
1832 3563 1990 3618 Pater

405 3663 578 3730 major
612 3671 718 3727 est,
776 3671 965 3730 utpote
1007 3674 1198 3714 causa.
1253 3656 1413 3713 Nullo
1469 3666 1650 3711 autem
1703 3657 1866 3711 modo
1898 3672 1988 3711 es-

403 3755 578 3811 sentia
618 3753 804 3820 rrrrius,
864 3753 1104 3808 essentia
1136 3752 1370 3807 alterius
1424 3750 1606 3820 major
1662 3757 1756 3803 aut
1808 3749 1989 3803 minor

409 3847 630 3902 dicitur.
679 3846 866 3916 Neque
902 3846 1046 3900 enirn
1098 3859 1317 3908 eorum,
1350 3859 1472 3913 qua:
1508 3843 1748 3898 essentia
1795 3841 1985 3896 eadem

404 3950 556 4004 sunt,
585 3939 886 4010 quidquam
923 3937 1098 4007 majus
1131 3947 1225 3990 aut
1263 3939 1442 3989 minrrs
1491 3943 1594 3989 est.
1625 3934 1806 4000 Quare
1840 3933 1987 3988 nulla

404 4033 512 4086 alia
563 4032 798 4094 ratione,
835 4046 1000 4099 quam
1039 4030 1305 4099 principis
1363 4041 1566 4089 cattsw,
1603 4026 1762 4080 Pater
1815 4026 1989 4095 major

403 4131 508 4177 est.
557 4118 636 4176 Ne
694 4121 810 4189 ipse
870 4119 1092 4188 quidem
1155 4106 1354 4170 Filium
1428 4113 1656 4184 Spiritui
1716 4113 1988 4167 anteferre

407 4230 552 4284 queo
587 4213 765 4268 :Narn
802 4227 928 4267 curn
968 4210 1233 4264 Dominus
1263 4207 1560 4275 discipulos
1601 4203 1986 4275 promulgandi

407 4305 692 4374 Evangelii
746 4318 912 4356 causa
968 4302 1228 4361 mitteret,
1285 4297 1581 4368 imperavit
1635 4299 1764 4360 illis,
1819 4306 1876 4350 ut
1931 4297 1983 4350 in

403 4395 624 4448 nomine
661 4391 836 4444 Patr-is
878 4404 942 4443 ac
987 4386 1108 4442 Frlii
1149 4397 1202 4442 et
1235 4387 1472 4457 Spir-itus
1519 4391 1694 4442 sancti
1737 4388 1982 4457 baptiza-

401 4487 617 4544 rent“.
661 4488 838 4541 Porro
874 4487 939 4539 ad
980 4483 1312 4554 baptismum
1351 4484 1775 4554 haudquaquam
1818 4481 1984 4538 simul

401 4591 719 4648 assumptus
750 4587 897 4633 esset
929 4577 1190 4647 Spiritus,
1234 4577 1337 4630 nisi
1369 4576 1614 4646 ejusdem
1643 4575 1898 4629 essentire
1932 4581 1988 4628 ct

404 4675 661 4742 potentiae
685 4681 851 4740 atque
879 4670 1103 4725 honoris
1132 4679 1295 4723 esset.
1334 4671 1410 4722 Ac
1440 4669 1637 4743 metuis
1667 4683 1731 4720 ne
1761 4666 1985 4736 quidarrr

407 4777 459 4818 te
497 4775 553 4816 ut
591 4763 894 4818 terniouem
935 4762 1164 4817 deoruru
1200 4768 1561 4825 asset-cutem,
1592 4761 1889 4827 exagitent,
1924 4773 1987 4813 ac

405 4858 616 4926 probris
649 4857 1006 4919 iusectentur,
1040 4856 1084 4909 si
1125 4854 1556 4924 unumquodque
1589 4853 1781 4906 borurrr
1819 4851 1983 4906 trium

406 4949 569 5002 Deum
601 4947 952 5003 conﬁtearis?
975 4945 1246 5002 Unitatenr
1277 4948 1330 5000 in
1359 4958 1719 5015 personarum
1745 4944 1987 4998 trinitate

405 5043 576 5094 retine
612 5040 735 5109 (tria
767 5042 912 5094 enim
946 5050 1112 5108 atque
1146 5055 1316 5094 unum
1349 5049 1502 5101 sunt,
1537 5037 1670 5092 illud
1714 5047 1980 5107 quantum

401 5134 468 5187 ad
529 5147 816 5201 personas,
865 5134 980 5205 hoc
1013 5143 1281 5201 quantum
1342 5132 1410 5186 ad
1448 5130 1814 5198 divinitatem)
1854 5147 1866 5183 :
1900 5142 1984 5181 me

401 5234 583 5278 autem
608 5223 728 5278 sine
754 5238 851 5290 pro
878 5223 1194 5291 hujusmodi
1222 5225 1480 5294 dogmate
1504 5239 1627 5278 eum
1655 5221 1985 5277 adversariis

399 5313 725 5370 conﬂictari.
757 5311 838 5365 Tu
877 5314 1023 5368 enim
1061 5313 1367 5382 discipulus
1401 5329 1482 5376 es,
1517 5329 1619 5383 ego
1650 5323 1831 5366 autem
1864 5327 1982 5364 trra-

398 5393 568 5477 gister
617 5417 670 5461 et
717 5417 1000 5462 Sacrorum
1047 5407 1298 5460 antistes.
1347 5407 1642 5461 Enimvero
1685 5405 1982 5476 Gregorius

992 5580 1039 5612 ⁹⁶
1079 5581 1236 5637 Joan.
1275 5597 1329 5646 κ,
1364 5582 1451 5635 50.

1155 5657 1172 5684 ²
1197 5655 1237 5708 11
1271 5653 1413 5706 ’l'rtu.
1450 5671 1518 5720 tv,
1552 5656 1602 5707 1.

468 5591 512 5620 ³⁵
553 5587 710 5642 Joan.
743 5601 794 5647 ν,
824 5585 914 5637 25.

398 5659 418 5692 ⁸
442 5658 506 5711 111
541 5660 672 5727 lleg.
708 5657 898 5724 xv:t,9
924 5669 1076 5724 seqq.

2011 4434 2065 4494 D

1559 5585 1602 5614 97
1650 5585 1839 5640 Matth.
1875 5601 1998 5653 xxv,
2030 5584 2118 5638 ³51.

2110 1819 2273 1871 etiam
2327 1820 2489 1873 trium
2539 1821 2853 1877 Divinitatis
2901 1839 3262 1893 personarum
3309 1825 3613 1883 doctrinam
3656 1844 3686 1886 a

2115 1909 2224 1965 Deo
2259 1912 2605 1984 inspiratam)
2636 1914 2833 1984 quibus
2865 1916 3127 1986 puerilem
3159 1934 3223 1972 ac
3257 1921 3542 1974 vecordem
3577 1921 3688 1977 ha:-

2113 2003 2410 2057 rcticorum
2449 2004 2874 2074 disputationem
2926 2007 2980 2060 in
3033 2009 3198 2062 vitam
3253 2011 3558 2075 restituam,
3592 2014 3684 2083 qui

2108 2092 2308 2147 viviﬁci
2347 2093 2585 2163 Spiritus
2612 2099 2782 2166 gratia
2812 2097 2956 2151 vclrrt
2987 2099 3168 2152 anima
3193 2101 3389 2166 orbati,
3419 2113 3683 2172 quantum

2107 2187 2327 2257 quidem
2387 2188 2452 2241 ad
2507 2187 2630 2242 lidei
2669 2188 2975 2243 doctrinam
3019 2193 3237 2256 attinet,
3275 2197 3473 2250 mortui
3523 2208 3687 2268 atque

2108 2278 2361 2333 exstincti
2391 2290 2536 2334 sunt.
2572 2279 2781 2334 Rursus
2817 2281 2958 2336 idem
2987 2285 3278 2353 propheta,
3310 2302 3450 2356 aqua
3479 2289 3530 2343 in
3554 2289 3683 2361 ligni

2107 2382 2384 2427 sarmenta
2440 2385 2521 2427 ter
2559 2372 2760 2440 infusa,
2811 2374 3086 2429 ﬂammam
3120 2380 3402 2445 excitavit,
3457 2390 3515 2436 ut
3554 2383 3682 2438 hinc

2109 2464 2266 2517 nobis
2298 2465 2652 2534 perspicuum
2708 2467 2820 2530 liat,
2853 2468 2942 2522 tibi
2987 2484 3128 2538 aqua
3170 2472 3399 2542 mystica
3430 2482 3531 2539 est,
3571 2475 3682 2528 illic

2106 2553 2609 2626 Spiritumquoquc
2646 2572 2788 2622 esse,
2824 2557 3268 2630 illunr,iuquarn,
3300 2563 3391 2632 qui
3425 2565 3680 2632 viviﬁcat,

2105 2649 2454 2719 Sopitumque
2477 2648 2716 2704 calorem
2764 2651 3087 2715 exsuscitat,
3118 2663 3282 2722 atque
3332 2655 3528 2724 impios
3563 2659 3684 2726 qui-

2103 2739 2224 2793 dem
2258 2740 2464 2806 adurit,
2509 2743 2629 2810 pios
2661 2752 2840 2797 autem
2897 2743 3151 2799 homines
3202 2756 3256 2801 ct
3289 2747 3392 2802 ﬁde
3422 2751 3682 2818 praeditos

2103 2831 2393 2888 illuminat.
2428 2834 2627 2888 liodem
2661 2837 2774 2906 ipse
2811 2851 3026 2906 quoque
3054 2839 3215 2893 modo
3257 2850 3366 2895 tres
3403 2845 3678 2911 proluvio-

2103 2939 2198 2977 rrcs
2247 2933 2413 2993 atque
2451 2925 2758 2981 irri'usiones
2807 2927 3001 2992 habeo,
3041 2929 3144 2983 hoc
3179 2939 3287 2994 est,
3337 2940 3447 2986 tres
3507 2934 3680 3000 bapti-

2101 3015 2204 3069 srrri
2269 3017 2690 3084 dernersiones,
2749 3019 2804 3072 in
2867 3019 3070 3088 quibus
3126 3035 3328 3075 saneta:
3390 3019 3678 3076 Trinitatis

2099 3121 2301 3158 rrnruerr
2337 3107 2642 3173 invocatur,
2675 3108 2877 3177 quibus
2919 3124 3066 3171 eum,
3101 3110 3193 3178 qui
3237 3109 3345 3165 Deo
3378 3127 3472 3180 per
3499 3111 3676 3181 bapti-

2098 3213 2277 3251 sruurrr
2311 3199 2560 3265 oﬂ'ertur,
2600 3200 2959 3266 consecrabo,
3011 3201 3264 3269 baptismi
3315 3218 3455 3272 aqrra
3498 3204 3676 3273 Spiri-

2097 3298 2186 3344 tus
2246 3289 2426 3357 igncrn
2495 3289 2838 3356 accendens,
2899 3291 2992 3360 qui
3051 3307 3294 3346 crassam
3359 3295 3676 3365 hujrrsrnodl

2096 3380 2355 3435 sacriﬁcii
2423 3381 2688 3435 malitiam
2751 3392 2807 3436 et
2882 3385 3088 3452 peccati
3139 3398 3453 3452 sarmenta,
3510 3399 3677 3459 atque

2095 3472 2375 3526 lrumidatn
2413 3484 2467 3528 et
2517 3473 2848 3529 dilliuentem
2902 3478 3211 3531 socordiam
3246 3479 3525 3550 animique
3555 3483 3675 3535 lau-

2093 3580 2320 3636 guorern
2373 3565 2868 3637 infractionemque
2898 3570 3193 3622 corrsurrrit.
3233 3570 3412 3640 Atque
3445 3572 3670 3628 Irreresis

2091 3663 2349 3716 doctores
2404 3669 2750 3730 prostcrrraur
2788 3669 2842 3714 ct
2882 3659 3158 3728 dejiciam,
3215 3663 3443 3730 mystica
3490 3665 3538 3717 vi
3581 3665 3680 3718 ba-

2090 3755 2274 3824 ptisrui
2314 3761 2494 3808 utens.
2536 3751 2670 3806 Illud
2710 3760 2891 3805 autem
2947 3752 3374 3816 observandum,
3406 3755 3549 3822 quod
3604 3755 3674 3810 de

2090 3856 2278 3901 sancta
2317 3845 2588 3899 Triuitate
2639 3843 2944 3911 disputans,
3001 3843 3178 3898 tribus
3225 3845 3488 3914 exemplis
3542 3862 3675 3902 usus

2090 3946 2192 4001 est,
2231 3949 2467 4005 quorum
2518 3949 2710 3987 rursus
2748 3935 3180 4004 unumquodque
3213 3935 3314 3988 tria
3352 3939 3674 4006 complecti-

2092 4038 2202 4090 tur,
2238 4026 2472 4096 prirnum
2512 4025 2780 4094 lapidum,
2807 4025 3039 4078 alterum
3092 4025 3516 4090 irrhalationurn,
3569 4039 3676 4083 ter-

2092 4117 2228 4169 tium
2281 4114 2768 4169 inlusionuutzad
2821 4114 3236 4184 expriruendam
3294 4125 3348 4169 et
3401 4118 3548 4172 velut
3601 4122 3673 4173 ob

2090 4207 2282 4262 oculos
2315 4207 2620 4276 ponendam
2657 4221 2801 4271 eam,
2834 4223 2954 4276 qua-
2985 4207 3038 4260 iu
3070 4207 3246 4261 tribus
3286 4209 3536 4278 personis
3567 4223 3672 4274 εει,

2089 4299 2484 4369 aequalitatem.

2167 4391 2283 4444 Col.
2319 4389 2424 4443 422
2454 4389 2518 4444 Α.
2563 4388 2704 4454 Quid
2727 4389 2958 4459 longiori
2999 4390 3240 4443 oratione
3269 4406 3397 4460 opus
3420 4393 3669 4445 est?etc.

2095 4483 2265 4540 Divus
2324 4483 2524 4536 Paulus
2571 4482 2638 4536 ad
2692 4481 3038 4535 Timotheum
3088 4483 3354 4548 scribens,
3410 4483 3672 4538 dicebat:

2099 4574 2378 4644 Testiﬁcor
2410 4591 2589 4628 coram
2638 4573 2762 4638 Deo,
2813 4582 2863 4626 et
2911 4573 3133 4626 Domino
3176 4571 3306 4627 Jcsu
3351 4573 3581 4641 Christo,
3623 4585 3674 4630 et

2091 4668 2268 4720 electis
2303 4666 2526 4734 angelis,
2559 4675 2616 4717 ut
2659 4665 2770 4718 haec
2795 4665 3069 4741 custodias
3095 4665 3136 4721 '.
3171 4664 3292 4730 Quo
3326 4667 3446 4720 loco
3476 4669 3672 4722 testitl-

2091 4759 2250 4812 candi
2285 4760 2510 4812 verbum
2556 4757 2698 4810 idem
2754 4755 3048 4826 signiﬁcat,
3086 4757 3230 4825 qrrod
3265 4758 3560 4826 praecipere
3605 4773 3670 4812 ac

2091 4851 2434 4904 denuntiare.
2481 4847 2593 4917 Ego
2648 4858 2828 4902 autem
2866 4849 2990 4902 dico
3024 4846 3361 4917 :Testr'ﬁcor,
3404 4853 3507 4903 hoc
3563 4862 3667 4905 est.

2093 4945 2374 5013 Spondeo,
2419 4959 2482 4997 ac
2513 4959 2612 5013 pro
2646 4954 2796 4997 certo
2823 4941 3054 5007 allii-mo,
3090 4945 3234 5012 quod
3266 4958 3385 4998 cum
3423 4945 3523 4999 Irae
3551 4945 3668 4998 sola

2093 5035 2197 5088 lide
2221 5033 2607 5102 baptizaberis,
2638 5047 2756 5100 qua:
2780 5033 2938 5085 estin
2963 5033 3228 5100 arqualem
3253 5033 3673 5103 substantiaque

2093 5127 2337 5181 eamdem
2382 5123 2746 5192 Trinitatem;
2778 5140 2903 5178 cum
2946 5126 3051 5178 alia
3074 5127 3216 5178 enim
3249 5124 3351 5179 tlde
3380 5141 3542 5179 nemo
3576 5127 3670 5179 ba-

2094 5219 2359 5287 ptizatur,
2416 5215 2509 5271 sed
2568 5217 2902 5284 demet-gitur
2964 5225 3124 5286 atque
3175 5217 3334 5285 aquis
3391 5217 3668 5271 obruitur.

2097 5306 2254 5373 Quod
2287 5308 2333 5362 si
2368 5309 2421 5360 in
2450 5307 2632 5362 cordis
2662 5309 2737 5361 tui
2770 5307 2911 5361 libro
2941 5307 3065 5361 ﬁdei
3098 5306 3346 5361 doctrina
3369 5308 3474 5360 alio
3507 5306 3670 5361 modo

2095 5401 2363 5470 impressa
2399 5410 2505 5468 est,
2545 5417 2707 5471 quam
2741 5401 2932 5468 doceo,
2972 5400 3111 5462 veni,
3146 5409 3308 5469 atque
3351 5402 3403 5454 in
3435 5413 3488 5455 te
3519 5410 3671 5454 recta

2223 5583 2268 5616 ea
2294 5580 2486 5637 Mam].
2527 5595 2717 5645 xxvltt,
2753 5577 2838 5631 i9.
2946 5578 2990 5611 ⁹⁹
3024 5579 3041 5629 Ι
3080 5575 3212 5648 Reg.
3247 5593 3375 5646 XVII,
3410 5577 3478 5634 49
3511 5593 3667 5651 seqq.
