4100 6414
435 486 538 551 $.91

1406 482 1726 544 NICETAS
1770 480 1847 540 IN
1889 478 2117 540 ORAT.
2163 479 2260 538 XL
2305 479 2368 540 S.
2408 479 2639 539 GREG.

3531 472 3667 538 [2‘8

402 602 658 670 dogmata
706 598 1093 665 transcribam,
1143 610 1265 667 quae
1301 596 1416 666 ipse
1459 610 1680 667 quoque
1723 596 1984 664 inscripta
2015 602 2251 665 Aquam
2285 595 2338 648 in
2371 594 2584 649 vivitica
2628 593 2886 665 baptismi
2940 594 3110 664 gra-tia
3151 592 3484 662 accepimus.
3534 593 3668 649 Nam

404 696 599 757 habeo,
630 708 691 747 ac
718 691 886 747 didici
921 702 973 746 et
1008 689 1303 746 custodivi.
1337 686 1515 742 Meum
1548 689 1619 743 sit
1652 687 1980 758 periculum,

405 786 450 841 si
501 785 641 839 male
672 785 945 851 scribant;
988 798 1171 837 meum
1215 782 1521 852 prtetnimu,
1574 780 1621 834 si
1670 788 1837 835 recte.
1886 777 1981 832 Sin

406 890 586 932 autem
620 879 691 931 ita
726 886 779 932 te
808 877 998 941 babes,
1024 886 1082 930 ut
1107 890 1225 929 mea
1264 875 1401 927 ratio
1425 882 1479 926 et
1509 872 1765 927 det-trina
1787 870 1984 941 poscit,

405 987 471 1025 ac
512 970 787 1040 przrelaris
832 969 1050 1038 pietatis
1092 977 1145 1021 et
1178 965 1305 1020 fidei
1351 966 1497 1019 notis
1536 974 1702 1032 atque
1735 962 1984 1017 doctrina

405 1064 713 1134 insculptus
745 1077 829 1127 es,
875 1078 944 1115 ne
976 1060 1043 1114 ad
1080 1069 1325 1129 tempora
1377 1057 1534 1110 fidem
1585 1066 1727 1109 tuam
1767 1056 1988 1109 acco’m-

410 1158 619 1221 modos,
659 1165 709 1209 et
741 1154 807 1209 ad
855 1168 970 1215 eos,
1011 1168 1178 1221 penes
1207 1166 1344 1220 quos
1380 1149 1669 1219 imperium
1703 1162 1766 1202 ac
1800 1162 1981 1200 rerum

407 1262 622 1301 summa
671 1256 777 1307 est.
806 1256 858 1299 te
908 1243 1179 1298 inﬂectas.
1212 1242 1353 1309 Quin
1388 1242 1572 1311 potius
1624 1237 1986 1293 immutabilis

408 1340 531 1395 fidei
573 1339 890 1394 thesaurum
931 1336 1098 1388 fixum
1144 1343 1310 1403 atque
1341 1332 1676 1388 immobilem
1711 1331 1764 1385 in
1800 1329 1986 1384 animo

405 1432 545 1486 habe
580 1450 593 1485 :
628 1445 735 1484 una
772 1429 922 1483 enim
961 1427 1095 1481 tides
1145 1434 1251 1490 est,
1291 1441 1401 1480 non
1434 1425 1572 1479 alias
1620 1423 1748 1488 alia,
1799 1432 1857 1477 ut
1887 1438 1985 1492 pro

406 1535 656 1593 tempore
702 1528 1097 1574 commutetur.
1153 1517 1387 1571 Pilatum
1441 1518 1678 1580 imitare,
1716 1527 1984 1588 quantum

403 1615 471 1669 ad
528 1611 893 1667 constantiam
960 1611 1356 1679 sententiaeque
1417 1608 1771 1673 firmitatem,
1825 1618 1988 1676 atque

405 1709 572 1771 idem,
605 1706 752 1776 quod
790 1704 902 1767 ille,
941 1704 1024 1759 his
1068 1704 1162 1774 qui
1198 1714 1249 1757 te
1296 1703 1363 1758 de
1408 1703 1684 1759 sententia
1718 1701 1989 1757 deducere

406 1801 727 1864 moliuntur,
774 1798 941 1852 dicito
972 1815 985 1851 :
1022 1796 1175 1861 Quod
1211 1797 1421 1865 scripsi,
1455 1797 1641 1863 scripti
1664 1796 1704 1861 ³,
1741 1796 1842 1849 hoc
1883 1802 1986 1859 est,

404 1895 557 1961 Quod
597 1892 879 1962 amplexus
912 1906 1060 1952 sum.
1091 1889 1375 1959 amplexus
1411 1905 1555 1943 sunt.
1593 1889 1860 1943 Caeterum
1898 1888 1988 1941 ille

2089 687 2181 756 qui
2236 685 2439 756 aliquid
2488 685 2678 756 adjicit
2731 694 2830 740 aut
2876 685 3135 751 detrahit,
3169 688 3216 741 is
3265 686 3460 755 procul
3501 686 3672 741 dubio

2088 779 2433 847 sempiternae
2473 780 2596 833 vitre
2623 779 2893 849 ja-cturam
2933 779 3085 832 facit.

2159 871 2276 924 Col.
2328 871 2441 925 4‘3?
2481 872 2538 923 Ι).
2591 874 2657 925 At
2715 874 2947 924 nendum
2998 869 3111 924 ulla
3142 871 3195 923 in
3220 872 3398 924 animo
3424 878 3535 936 tuo,
3565 878 3671 924 etc.

2089 963 2244 1027 Quod
2276 965 2320 1017 si
2352 964 2595 1017 nondum
2631 964 2738 1018 ulla
2776 963 2951 1018 forma
2986 964 3040 1018 itt
3073 964 3259 1018 anima
3284 973 3375 1017 tua
3407 963 3670 1032 inscripta

2088 1067 2190 1117 est,
2230 1055 2408 1110 Moses
2441 1056 2537 1110 tibi
2588 1072 2682 1111 ero
2720 1068 2985 1126 quantum
3035 1058 3099 1112 ad
3140 1058 3191 1112 id
3232 1058 3446 1122 attinet,
3498 1067 3559 1111 ut
3610 1073 3671 1110 ea

2089 1161 2210 1216 qua:
2259 1162 2287 1200 a
2348 1143 2555 1216 Spiritu
2608 1146 2813 1201 dietata
2865 1149 3018 1211 sint,
3075 1149 3438 1218 promulgant.
3498 1150 3676 1213 Atque

2092 1253 2291 1291 novum
2341 1238 2665 1309 Decaiogum
2706 1239 3003 1293 inscribant
3049 1240 3222 1309 digito
3268 1239 3381 1304 Dei,
3420 1238 3519 1292 hoc
3568 1248 3672 1301 est,

2093 1334 2299 1405 Spiritu
2340 1347 2552 1400 Sancto,
2606 1351 2702 1405 per
2728 1351 2890 1406 quem
2940 1335 3255 1406 ltttjusmodi
3305 1336 3381 1391 rei
3417 1336 3677 1391 cordibus

2093 1428 2502 1483 inscribuntur.
2546 1427 2759 1500 Digitus
2791 1444 2957 1499 porro
2990 1430 3042 1482 in
3090 1428 3390 1497 Etangeiio
3434 1429 3677 1499 Spiritus

2092 1532 2318 1577 sanctus
2350 1521 2575 1587 dicitur,
2628 1537 2734 1575 non
2778 1522 2922 1592 quod
2969 1522 3167 1594 exigua
3203 1520 3454 1592 quwdatn
3492 1523 3571 1577 vis
3609 1538 3676 1576 ac

2093 1619 2335 1685 petentia
2386 1615 2477 1678 sit,
2534 1630 2658 1668 cum
2718 1616 2827 1669 Deo
2877 1626 3158 1684 peratans,
3212 1615 3674 1685 quentadmodtnn

2094 1708 2343 1777 corporis
2395 1707 2643 1778 digitus:
2679 1706 2774 1763 sed
2818 1708 2945 1778 quia
2994 1706 3210 1761 diversa
3247 1708 3487 1778 Spiritus
3531 1708 3676 1761 dona

2093 1799 2494 1870 sitnuljuncta,
2530 1801 2677 1853 velut
2710 1815 2914 1871 corpus
2960 1799 3235 1870 quoddam
3269 1798 3509 1870 Spiritus
3552 1814 3679 1853 san-

2094 1892 2165 1946 cti
2199 1892 2332 1956 sint,
2371 1906 2434 1946 ac
2471 1892 2702 1963 singulae
2739 1892 2929 1962 gratia:
2960 1892 3114 1962 digiti
3152 1893 3345 1946 instar.
3380 1893 3557 1962 Atque
3590 1891 3679 1944 hic

411 1989 496 2042 his
539 1986 719 2040 verbis
769 1998 905 2038 usus
947 1992 1054 2047 est,
1107 1997 1235 2037 cum
1275 1981 1489 2035 titulum
1544 1980 1757 2035 nefario
1804 1981 1990 2034 animo
2026 1978 2067 2031 li
2099 1982 2425 2052 Dccalogum
2458 1981 2867 2037 animadvertas
2918 1982 3101 2037 velim.
3140 1981 3387 2036 Primum
3442 1984 3493 2035 in
3541 1998 3675 2036 san-

406 2081 738 2151 scripsisset.
766 2073 955 2146 Neque
985 2075 1131 2129 enim
1168 2083 1223 2129 ttt
1259 2090 1410 2139 vera,
1443 2074 1536 2129 sed
1577 2083 1638 2127 ut
1666 2074 1989 2140 criminosa,

408 2175 525 2227 ιιωο
576 2171 742 2226 verba
808 2168 1089 2239 inscripsit
1121 2184 1136 2224 :
1172 2165 1276 2220 Hic
1330 2174 1409 2220 est
1481 2180 1575 2218 rea:
1642 2164 1990 2228 Juda'orum,

408 2262 650 2321 tametsi.
689 2276 879 2316 verum
916 2268 1062 2314 esset
1095 2259 1239 2328 quod
1276 2257 1575 2315 scribebat.
1612 2260 1689 2313 Ac.
1718 2268 1774 2313 tu
1803 2257 1991 2312 eadem

403 2358 572 2413 verba
611 2355 960 2427 proloqucre,
1001 2363 1146 2407 recte
1176 2367 1240 2406 ac
1282 2352 1541 2423 przeclarc
1566 2352 1835 2422 signatus.
1882 2350 1993 2405 lloe

403 2452 549 2505 enim
582 2458 684 2513 est,
721 2447 865 2519 quod
898 2445 1212 2515 Titeologus
1249 2448 1346 2509 ait,
1380 2446 1434 2499 itt
1468 2446 1745 2499 meliorem
1786 2454 1991 2514 partem

407 2543 638 2598 imitari.
690 2540 747 2595 Si
778 2541 844 2595 ad
894 2541 1039 2595 hunc
1072 2544 1297 2593 modum
1347 2538 1614 2608 baptizari
1647 2537 1750 2603 vis,
1798 2546 1856 2591 ut
1891 2551 1993 2606 ego

406 2634 573 2690 didici
609 2649 670 2689 ac
720 2634 915 2696 doceo,
953 2648 1019 2687 en
1056 2647 1178 2686 cum
1218 2630 1422 2685 Davide
1448 2632 1608 2685 dico:
1649 2630 1767 2684 Non
1797 2630 1984 2701 prohi-

406 2727 548 2781 bebo
600 2742 630 2780 a
686 2725 945 2795 baptismi
993 2723 1300 2778 initiatione
1352 2732 1406 2776 ct
1458 2731 1803 2778 sacramento
1850 2723 1991 2775 labia

409 2834 527 2872 mea
561 2834 576 2873 :
609 2833 794 2871 verum
844 2832 1040 2871 manus
1074 2831 1290 2886 quoque
1322 2831 1471 2870 meas
1505 2815 1735 2885 Spiritui
1777 2830 1994 2869 accom-

409 2910 571 2964 modo
637 2910 1029 2980 ministrasque
1080 2910 1339 2979 prtebeo,
1396 2919 1562 2977 atque
1622 2908 1808 2963 anima
1871 2922 1993 2962 mea

408 3003 614 3067 exsilit,
666 3015 731 3056 ac
782 3000 948 3056 veluti
1003 3001 1143 3055 saltu
1195 3000 1390 3065 fertur,
1443 3009 1497 3055 te
1543 2999 1796 3070 baptismi
1851 3000 1997 3053 dono

415 3094 674 3164 perlicere
701 3093 963 3163 gestiens.
1000 3091 1079 3146 lta
1116 3092 1334 3146 demum
1378 3101 1560 3146 autem
1602 3101 1653 3146 te
1692 3091 1991 3161 perficiam,

415 3202 475 3241 ac
512 3186 756 3240 numeris
788 3185 1047 3240 ontuibus
1080 3184 1390 3248 abstilvatn,
1431 3186 1474 3239 si
1501 3193 1551 3239 te
1588 3184 1641 3238 itt
1668 3184 1994 3239 Trinitatem

416 3279 785 3347 haptizavéro.
844 3275 1059 3331 Etenim
1116 3277 1171 3330 itt
1217 3278 1430 3331 Patrem
1482 3276 1658 3332 solum
1709 3276 1995 3347 baptizari,

411 3371 702 3426 Iudaicum
750 3378 835 3424 est
871 3386 885 3423 :
915 3372 965 3422 itt
1000 3368 1198 3423 Filium
1246 3386 1490 3440 quoque,
1541 3370 1783 3425 nondum
1815 3368 1992 3439 perfe-

412 3474 563 3517 ctum
600 3479 613 3515 :
648 3471 705 3516 at
743 3463 909 3516 etiam
949 3462 1003 3515 iu
1056 3461 1318 3530 Spiritum
1374 3470 1646 3528 sanctum,
1691 3464 1735 3517 is
1778 3464 1998 3516 demum

421 3555 705 3609 absolutus
738 3562 821 3609 est
852 3555 1177 3622 baptismus.
1213 3552 1309 3605 Sin
1343 3569 1471 3606 vero
1494 3555 1673 3607 adhuc
1697 3553 1998 3619 claudieas,

413 3649 560 3702 velut
594 3647 751 3702 malis
806 3646 1003 3700 litteris
1053 3645 1274 3708 inustis,
1325 3660 1423 3699 nec
1459 3647 1756 3714 quidquam
1794 3660 1824 3697 a
1867 3661 2002 3714 prte-

412 3741 556 3796 senti
588 3739 842 3793 oratione
876 3747 1126 3803 sanatus,
1159 3738 1328 3792 alium
1356 3753 1563 3809 quaare,
1597 3738 1689 3807 qui
1728 3749 1778 3792 te
1824 3737 2003 3807 bapti-

417 3844 523 3898 lci,
582 3833 666 3888 vel
717 3841 927 3903 mergat
974 3833 1178 3902 potius,
1230 3831 1486 3901 atquein
1541 3831 1698 3901 aquis
1749 3830 2002 3886 suilocet.

412 3925 523 3981 Nec
574 3918 721 3981 enim
774 3926 905 3979 mihi
941 3935 1098 3979 vacat
1134 3939 1231 3995 per
1276 3924 1702 3995 inaequalitatem
1735 3937 2001 3992 persona-

416 4034 535 4073 runt
596 4018 1085 4087 diversitatemque
1137 4027 1486 4081 naturarum,
1538 4030 1702 4070 unam
1748 4016 2003 4070 divinita-

419 4123 522 4164 tem
564 4127 628 4165 ae
675 4120 929 4165 naturam
964 4111 1303 4174 discindere,
1338 4118 1524 4179 teque,
1562 4109 1682 4178 ipso
1715 4122 2004 4179 regenera-

424 4205 592 4259 tionis
646 4213 911 4273 tempnre,
963 4203 1316 4265 obtruncare,
1368 4216 1479 4254 non
1534 4215 1694 4255 secus
1749 4214 1814 4254 ac
1860 4198 2003 4253 fetus

417 4298 561 4351 inter
599 4297 748 4366 ipsos
782 4304 970 4365 partus
1000 4295 1208 4348 doloris
1262 4302 1435 4347 morte
1471 4306 1790 4362 oppressos,
1827 4302 1994 4362 atque

416 4390 474 4442 in
522 4390 640 4458 ipso
676 4390 800 4443 vita
835 4401 957 4442 ortu
1008 4386 1347 4441 intereuntes
1380 4403 1393 4439 :
1430 4395 1488 4441 ut
1531 4386 1612 4441 sic
1666 4401 1766 4440 nec
1814 4385 1992 4456 bapti-

422 4497 603 4536 smum
665 4482 890 4546 habtas,
930 4497 1031 4534 nec
1062 4497 1090 4534 a
1141 4479 1412 4549 baptismo
1453 4478 1807 4548 prodeuntem
1838 4478 2003 4533 caele-

418 4577 519 4631 stis
585 4575 741 4644 regni
806 4590 981 4644 spem.
1054 4574 1199 4628 l‘iiud
1247 4573 1391 4626 enim
1454 4569 1754 4642 perlectum
1818 4572 1999 4635 habe,

2096 2085 2236 2128 etam
2278 2082 2443 2143 atque
2498 2074 2835 2129 individuam
2888 2072 3215 2128 Trinitatem
3267 2082 3318 2129 te
3362 2074 3676 2144 baptizaho,

2096 2165 2259 2235 cujus
2306 2179 2532 2231 nomen,
2584 2182 2880 2223 commune
2910 2167 3174 2223 divinitas
3219 2176 3323 2222 est.
3358 2166 3677 2237 Cognosces

2096 2275 2282 2329 porro,
2319 2269 2375 2315 et
2423 2276 2489 2316 ex
2523 2261 2642 2331 ipso
2687 2261 2877 2316 habitu
2926 2277 2990 2316 ac
3023 2276 3209 2316 rerum
3264 2264 3468 2333 specie,
3525 2273 3578 2316 et
3610 2278 3677 2316 ex

2098 2352 2300 2416 verbis,
2332 2353 2476 2422 quod
2513 2352 2733 2408 Satanae
2766 2357 3049 2410 renuntias
3098 2366 3152 2409 et
3198 2355 3415 2410 ClttiSto
3444 2356 3678 2425 conjun-

2097 2446 2260 2514 geris.
2322 2444 2441 2499 Non
2497 2446 2643 2501 enim
2702 2447 2954 2501 oratione
3011 2449 3314 2511 duntaxat,
3372 2449 3466 2503 sed
3515 2451 3679 2503 etiam

2100 2538 2285 2592 habitu
2321 2539 2464 2608 ipso,
2494 2539 2599 2594 hoc
2629 2548 2733 2605 est,
2765 2540 3014 2595 vestibus
3038 2542 3304 2606 nudatus,
3340 2557 3683 2612 eorporeqtte

2098 2631 2163 2683 ad
2208 2644 2466 2685 occasum
2516 2630 2791 2696 inversus,
2824 2645 2889 2684 ac
2946 2647 3145 2686 manus
3194 2640 3408 2686 erectas
3452 2633 3683 2697 habens,

2102 2720 2361 2775 Satanam
2419 2723 2742 2791 abjnrabis,
2808 2738 3117 2793 rursusque
3193 2724 3259 2778 ad
3328 2735 3510 2779 ortum
3575 2734 3685 2780 tete

2098 2824 2445 2874 convertens,
2502 2831 2813 2885 manusque
2867 2816 3163 2885 depressas
3210 2815 3441 2880 habens,
3500 2815 3677 2871 Deum

2099 2905 2471 2970 confiteberis,
2518 2918 2675 2977 teque
2712 2908 2778 2962 ad
2812 2908 2935 2977 ejus
2979 2920 3166 2980 partes
3198 2910 3490 2981 adiunges,
3529 2926 3686 2964 eum-

2099 3015 2206 3070 que
2251 3000 2529 3056 adorabis.
2582 2999 2708 3055 llaec
2757 3012 2938 3056 autem
3000 3002 3054 3056 in
3100 3002 3316 3057 actione
3366 3004 3470 3057 sita
3532 3014 3684 3057 sunt.

2101 3091 2379 3156 Secundo,
2419 3091 2600 3157 crede,
2655 3093 2827 3163 quod,
2870 3092 3334 3162 quemadmodum
3387 3092 3441 3146 in
3493 3092 3689 3147 Pasto-

2101 3183 2177 3239 ris
2212 3183 2326 3254 (12)
2362 3184 2501 3238 libro
2548 3183 2800 3248 habetur,
2838 3200 2982 3239 unus
3026 3194 3110 3239 est
3165 3184 3335 3249 Deus,
3366 3184 3460 3255 qui
3491 3185 3674 3239 omnia

2103 3276 2313 3331 creavit
2370 3283 2538 3345 atque
2608 3272 2863 3345 perfecit,
2918 3286 2972 3330 et
3035 3291 3102 3330 ex
3166 3276 3337 3331 nihilo
3384 3278 3439 3330 itt
3497 3292 3681 3330 rerum

2107 3380 2357 3424 naturam
2387 3368 2671 3438 produxit,
2700 3382 2873 3437 eaque
2907 3368 3072 3421 etiam
3107 3368 3375 3438 gubernat
3405 3382 3469 3422 ac
3503 3367 3689 3422 mode-

2103 3472 2294 3527 ratur;
2339 3460 2468 3516 item
2512 3461 2678 3530 quod,
2736 3459 2892 3529 juxta
2950 3460 3362 3530 Apostomm‘,
3410 3462 3523 3514 haec
3572 3462 3687 3529 ipsa

2106 3563 2362 3610 creatura
2434 3552 2857 3607 resurrectionis
2929 3561 3177 3622 tempore
3244 3569 3277 3606 a
3339 3553 3692 3622 corruptionis

2102 3648 2356 3702 servitute
2401 3645 2734 3708 liberabitur,
2783 3658 2847 3698 ac
2911 3644 3213 3713 spiritua-lis
3260 3647 3500 3701 mundus
3550 3662 3690 3715 pra:-

2105 3739 2342 3794 stantior
2408 3737 2627 3792 futurus
2678 3747 2800 3801 est,
2863 3739 3123 3791 nimirum
3170 3736 3284 3806 jam
3342 3737 3558 3807 expleta
3625 3753 3687 3792 ea

2105 3830 2303 3896 classe,
2345 3844 2468 3899 quae
2491 3829 2673 3884 adhuc
2703 3828 3073 3893 desideratur,
3099 3829 3182 3881 vel
3214 3829 3380 3882 etiam
3412 3838 3690 3899 quatenus

2110 3938 2241 3984 tunc
2274 3928 2449 3998 angeli
2482 3943 2511 3981 a
2543 3926 2861 3980 conditione
2901 3925 2966 3978 ad
3010 3924 3201 3977 vitium
3243 3941 3386 3995 atgre
3417 3924 3582 3978 ﬂexili
3618 3926 3689 3978 aii

2104 4038 2228 4076 cum
2256 4030 2458 4075 statum
2490 4019 2952 4083 itnmutabuntur,
2997 4028 3054 4071 ut
3088 4017 3235 4070 nullo
3266 4017 3379 4085 jam
3416 4018 3577 4071 modo
3620 4020 3689 4072 ad

2106 4114 2309 4168 malum
2370 4112 2585 4166 incitari
2641 4119 2849 4180 queant
2897 4129 2909 4164 :
2960 4108 3041 4163 vel
3105 4109 3315 4175 etiam,
3368 4108 3498 4178 quia
3556 4118 3687 4162 tunc

2105 4207 2404 4277 pleniorem
2444 4213 2500 4259 et
2542 4204 2942 4258 absolutiorem
2994 4203 3283 4256 scientiam
3326 4217 3683 4272 ennsequenn

2108 4307 2217 4352 tur.
2268 4297 2457 4351 Tertio
2494 4294 2629 4350 illud
2673 4296 2771 4349 tibi
2812 4295 3120 4348 cavendum
3162 4306 3268 4361 est,
3313 4310 3379 4347 ne
3408 4292 3685 4363 propriam

2106 4392 2273 4445 ullam
2329 4389 2455 4443 mali
2504 4388 2872 4442 substantiam
2912 4390 3100 4441 animo
3152 4387 3454 4456 concipias.
3500 4385 3689 4455 Neque.

2107 4484 2256 4537 enim
2313 4482 2505 4536 vitium
2565 4479 2725 4549 quasi
2792 4479 2998 4533 animal
3053 4478 3331 4548 quoddam
3393 4477 3689 4534 subsistit:

2112 4590 2301 4629 verum
2341 4572 2575 4643 privatio
2613 4571 2768 4634 boni,
2811 4572 3015 4625 malum
3051 4580 3153 4626 est.
3186 4569 3298 4625 Nec
3326 4584 3456 4624 vero
3488 4569 3695 4639 ingeni-

416 4669 563 4739 quod
591 4668 637 4723 si
665 4682 831 4737 quam
857 4668 1019 4721 trium
1048 4680 1406 4736 personarum
1440 4664 1807 4727 imminueris,
1837 4674 2000 4733 atque
2029 4688 2081 4749 Ι)
2108 4674 2223 4720 tum
2256 4674 2359 4728 est,
2391 4675 2449 4717 ut
2480 4663 2628 4731 impii
2653 4662 2925 4733 garriunt,
2957 4664 3112 4716 bona:
3144 4662 3219 4715 illi
3254 4671 3308 4715 et
3339 4660 3686 4730 sempiternae

417 4776 447 4815 a
522 4761 807 4815 divinitate
870 4759 1181 4813 deturbaris
1242 4766 1294 4812 et
1367 4757 1747 4826 depresseris,
1824 4767 1998 4810 totum

416 4868 671 4923 quoque,
726 4863 993 4924 quantum
1052 4852 1106 4904 in
1165 4859 1220 4905 te
1268 4850 1433 4904 situm
1499 4849 1648 4915 erit,
1700 4849 2003 4917 dejeeeris,

420 4945 838 5016 ignominiaque
906 4943 1202 5008 affeceris,
1250 4957 1314 4996 ac
1374 4942 1608 5010 teipsum
1674 4940 2005 5011 perfectione

420 5040 762 5109 spoliaveris.
797 5040 902 5094 Par
930 5038 1076 5092 enim
1136 5046 1220 5090 est
1256 5035 1670 5097 detrimentum,
1700 5035 1782 5087 vei
1823 5034 2003 5103 bapti-

421 5132 526 5185 smi
562 5138 838 5200 expertem
892 5132 1001 5183 vita
1032 5129 1339 5192 discedere,
1391 5128 1475 5181 vel
1522 5143 1690 5181 unum
1730 5128 2006 5197 quoddam

422 5238 614 5277 eorum
645 5238 765 5292 quae
808 5222 1101 5275 traditione
1142 5221 1477 5288 accepimus,
1537 5234 1565 5271 a
1603 5218 1827 5287 reliquis
1873 5220 2003 5272 sub-

427 5329 667 5374 movere.
719 5323 882 5381 atque
930 5311 1157 5365 inferius
1210 5325 1478 5365 asserere.
1528 5307 1799 5374 Quocirca
1845 5309 2002 5364 nobis

422 5406 657 5460 firmiter
685 5414 849 5472 atque
882 5401 1273 5458 inviolabiliter
1300 5402 1533 5454 tenenda
1559 5408 1725 5454 estea
1756 5400 1995 5465 traditio,

494 5568 515 5600 ³
539 5566 699 5622 Joan.
734 5580 847 5631 xix,
879 5563 970 5619 22.
1048 5559 1251 5617 ‘Rom.
1278 5574 1399 5623 vm,
1425 5557 1519 5613 2|.

494 5725 604 5800 (i2)
630 5725 856 5800 Quantae
878 5724 1006 5800 olim
1026 5720 1363 5800 auctoritatis
1388 5717 1551 5774 fuerit
1570 5717 1660 5773 hic
1696 5717 1830 5800 iiber
1853 5726 2009 5800 patet

423 5790 512 5855 cx‘
542 5790 838 5851 Athanasio
887 5798 978 5863 qui
1037 5795 1090 5847 in
1142 5793 1425 5863 epistolam
1474 5805 1638 5863 quam
1701 5790 1888 5863 scribit
1922 5792 2003 5863 ‘ad

424 5884 587 5923 avum
634 5860 963 5931 monaehtnn
1001 5878 1125 5918 cum
1172 5862 1450 5932 Sapientia
1482 5860 1792 5932 Salomonis
1818 5861 2003 5932 etSa-

422 5939 627 6012 ptentia
682 5929 971 6003 Sidraehi,
1008 5944 1062 5990 et
1113 5929 1326 6001 Esther,
1376 5942 1428 5987 ct
1479 5930 1686 5997 Juditlt,
1734 5946 1796 5986 ac
1842 5929 2013 5986 Tobia

2110 4767 2319 4812 natura:
2380 4757 2572 4811 vitium
2630 4755 2841 4809 honore
2897 4762 3249 4823 ent-quantos
3306 4752 3405 4823 (si
3467 4750 3693 4822 quidem

2107 4862 2399 4919 utrumque
2428 4851 2621 4903 horum
2654 4847 2906 4919 principii
2938 4862 3133 4915 expers
3181 4854 3349 4917 atque
3381 4842 3683 4915 ingenitum

2107 4946 2226 5011 est)
2266 4961 2278 4996 :
2314 4957 2414 4996 nec
2450 4957 2644 4996 rursus
2676 4941 2939 5010 genitum.
2986 4938 3199 4993 Etenim
3244 4952 3369 4993 cum
3404 4937 3588 4992 omnia
3622 4952 3688 4992 ex

2111 5031 2223 5085 Deo
2257 5032 2389 5097 sint,
2420 5047 2533 5101 quo
2580 5033 2745 5086 modo
2786 5032 2988 5085 malum
3044 5045 3112 5084 ex
3145 5028 3289 5084 bono
3336 5044 3457 5084 esse
3488 5027 3695 5097 queat?

2114 5124 2310 5179 Verum
2354 5125 2821 5195 quemadmodum
2862 5124 3009 5180 Deus
3050 5138 3253 5195 corpus
3281 5124 3504 5193 quidem
3534 5137 3691 5176 crea-

2105 5219 2202 5283 vit,
2233 5233 2342 5272 non
2378 5226 2563 5271 autem
2607 5220 2859 5273 morbum
2896 5238 2910 5274 :
2942 5220 3020 5274 sic
3053 5221 3221 5274 etiam
3257 5219 3497 5273 animant
3532 5231 3691 5270 crea-

2100 5312 2197 5375 vit,
2250 5324 2358 5364 non
2403 5318 2585 5363 autem
2640 5319 2949 5379 peccatum.
2991 5310 3193 5367 Verum
3247 5312 3431 5366 anima
3487 5313 3553 5364 ab
3604 5325 3692 5373 eo,

2099 5402 2245 5471 quod
2298 5399 2604 5456 secundum
2662 5409 2913 5455 naturam
2970 5412 3110 5469 erat,
3160 5413 3474 5461 transversa
3531 5411 3677 5465 acta,

2112 5733 2258 5794 eutn_
2303 5726 2580 5794 aggregat.
2618 5718 2875 5794 R_t_t_ffinus
2952 5719 3115 5794 etiam
3161 5719 3214 5774 in
3261 5738 3364 5778 suo
3413 5722 3697 5794 Symboin,

2115 5788 2259 5870 quod
2292 5797 2467 5841 exstat
2489 5792 2626 5870 inter
2656 5790 2969 5870 Hieronymi
3004 5805 3165 5870 opera
3197 5800 3347 5849 tomo
3382 5788 3471 5856 ινξ
3507 5788 3700 5870 quam}

2121 5864 2200 5913 vis
2232 5874 2337 5913 non
2373 5864 2718 5926 canonicam,
2765 5864 3189 5918 ecclesiasticam
3246 5875 3424 5920 tamen
3463 5869 3696 5921 auctori-

2123 5939 2288 5985 tatem
2325 5929 2452 5987 huic
2478 5930 2615 5988 iibro
2646 5935 2852 5989 tribuit.
