4100 6414
429 432 566 498 1209

1840 438 2094 499 ADDEN
2104 439 2221 498 DA.

3554 433 3689 502 1300

427 548 565 602 vitio
608 547 806 603 infecta
856 554 963 602 est.
1017 545 1170 612 Quod
1201 556 1386 602 autem
1422 555 1541 602 erat
1572 547 1704 602 illud
1763 548 1992 614 bonum,
2039 553 2084 608 Α
2116 545 2324 603 dictum
2348 554 2454 614 est,
2477 547 2571 617 qui
2601 545 2998 602 humanitatem
3031 545 3237 603 Christi
3269 546 3469 603 mentis
3498 561 3696 620 exper-

432 655 544 707 quo
571 640 804 708 primum
835 647 954 692 erat
979 639 1220 694 ornata?
1252 639 1514 694 nimirum
1537 639 1685 709 quod
1721 639 1830 694 Deo
1867 640 2006 693 indi-

431 734 584 787 vulse
619 731 778 786 atlixa
807 741 948 791 erat,
982 745 1236 801 nexuque
1270 731 1555 790 charitatis
1581 731 1630 787 ei
1664 731 1960 802 conjuncta
1992 748 2006 784 :

429 841 458 878 a
493 840 598 894 qua
651 832 1010 894 posteaquam
1046 824 1276 886 excidit,
1315 823 1486 880 variis
1519 832 1573 879 et
1619 824 2010 894 multiplicibus

432 916 642 971 morbis
698 915 1021 972 labefactata
1079 925 1183 972 est.
1234 915 1410 983 Quam
1453 925 1636 972 autem
1683 917 1753 972 ob
1789 933 2008 972 causam

429 1010 657 1062 omnino
707 1008 836 1063 mali
885 1024 1055 1079 capax
1109 1018 1292 1064 creata
1348 1009 1478 1065 est?
1523 1017 1748 1079 propter
1794 1008 2007 1063 arbitrii

427 1102 762 1168 libertatem,
799 1118 921 1173 qua:
972 1111 1184 1159 natura:
1217 1103 1436 1158 ratione
1486 1103 1728 1174 prteditin
1775 1103 2012 1157 maxime

427 1195 808 1252 conveniebat.
874 1195 1040 1266 Ergo,
1092 1207 1152 1251 ut
1198 1197 1311 1268 jam
1363 1212 1393 1250 a
1441 1197 1599 1251 nobis
1639 1196 1845 1252 dictum
1903 1206 2008 1261 est,

430 1287 633 1341 malum
669 1303 777 1342 non
827 1288 948 1343 viva
998 1297 1051 1343 et
1099 1288 1341 1344 animata
1378 1288 1621 1344 essentia
1663 1296 1769 1354 est,
1819 1303 2007 1344 verum

428 1376 646 1433 affectio
689 1379 888 1433 anima:
919 1380 1106 1434 virtuti
1137 1381 1439 1444 contraria.
1485 1396 1608 1451 quae
1643 1392 1868 1453 propter
1922 1397 2009 1436 re-

427 1484 645 1524 cessum
701 1485 764 1523 οε
811 1470 1219 1540 prolapsionem
1275 1486 1304 1525 a
1371 1471 1515 1527 bono
1581 1473 1908 1529 socordibus
1957 1481 2013 1528 et

432 1562 664 1632 torpidis
719 1564 1384 1620 hominibusinnascitur.
1443 1564 1718 1631 Quocirca
1773 1580 1880 1620 non
1928 1575 2012 1620 est

430 1658 577 1723 quod
625 1657 968 1712 extrinsecus
1013 1658 1216 1711 malum
1276 1659 1714 1728 circumspicias,
1765 1667 1860 1713 aut
1893 1659 2008 1728 pri-

427 1764 654 1803 niazvam
717 1748 1014 1818 quamdam
1067 1749 1439 1818 improbitatis
1500 1759 1751 1805 naturam
1818 1750 2008 1822 imagi-

427 1841 619 1906 neris,
679 1857 870 1895 verum
932 1857 1381 1912 unumquemque
1423 1852 1669 1897 nostrum
1731 1843 1836 1897 sibi
1889 1844 2006 1897 vitii

427 1943 710 1987 auctorem
742 1943 908 2002 atque
933 1933 1294 1989 architectum
1325 1949 1447 1990 esse
1498 1934 1761 2002 intelligo.
1803 1933 2005 1988 Eorum

423 2026 592 2091 enim,
628 2042 748 2094 (ιιιειι
795 2027 949 2091 fiunt,
989 2026 1092 2080 alia
1135 2043 1166 2083 a
1209 2036 1403 2082 natura
1439 2027 1604 2082 nobis
1633 2027 1917 2090 eveniunt,
1949 2035 2008 2081 ιιι

425 2129 682 2174 senectus
711 2127 766 2172 et
805 2119 1098 2174 infirmitas
1131 2139 1146 2174 :
1179 2120 1283 2174 alia
1320 2129 1525 2174 temere
1558 2119 1834 2183 accidunt,
1861 2119 2008 2174 velut

431 2208 642 2262 fortuiti
699 2220 754 2263 et
806 2209 1087 2280 improvisi
1139 2225 1340 2276 casus,
1392 2218 1454 2265 ut
1531 2209 1577 2265 si
1628 2209 1752 2280 quis
1787 2219 2004 2280 puteum

428 2301 642 2355 fodiens
667 2300 988 2357 thesaurum
1020 2302 1259 2372 reperiat
1287 2321 1301 2358 :
1328 2303 1432 2357 alia
1459 2302 1698 2372 denique
1733 2303 1785 2355 in
1819 2311 2008 2357 nostro

426 2395 659 2448 arbitrio
716 2395 894 2464 posita
963 2406 1138 2459 sunt,
1217 2405 1277 2451 ut
1331 2396 1468 2451 iram
1524 2410 1587 2450 ac
1653 2396 2005 2465 cupiditatem

426 2482 826 2555 libidinemque
862 2484 1250 2556 comprimere,
1278 2486 1359 2539 vel
1393 2485 1587 2542 iisdem
1621 2485 2006 2540 succumbere.

425 2575 674 2641 Quarum
719 2579 885 2646 igitur
935 2594 1119 2632 rerum
1159 2579 1450 2634 arbitrium
1481 2595 1646 2649 penes
1696 2591 1745 2634 te
1795 2587 1878 2633 est
1913 2581 2008 2633 ha-

426 2685 548 2723 rum
585 2688 780 2727 causas
805 2674 1048 2728 exterius
1072 2687 1139 2726 ne
1184 2673 1522 2743 conquiras?
1554 2689 1739 2728 verum
1780 2673 1886 2726 hoc
1915 2687 2011 2741 pro

424 2775 575 2820 certo
604 2765 804 2821 habeas
854 2767 929 2830 id,
982 2769 1128 2837 quod
1159 2768 1382 2839 pr0prie
1406 2767 1609 2822 malum
1635 2775 1738 2829 est,
1776 2781 1804 2819 a
1840 2764 2009 2820 libera

426 2867 483 2910 et
521 2858 829 2914 voluntaria
870 2875 898 2912 a
937 2859 1082 2914 bono
1133 2861 1424 2916 aversione
1468 2860 1734 2929 originem
1785 2859 2010 2914 duci-rc.

428 2945 639 3014 Quarto
673 2949 835 3004 crede
870 2949 1069 3004 Filium
1107 2949 1198 3006 Dei
1233 2961 1452 3020 propter
1486 2959 1536 3003 te
1573 2948 1768 3002 Filium
1793 2963 2012 3018 quoque

428 3037 668 3092 hominis
692 3040 955 3094 extremis
985 3039 1205 3101 diebus.
1233 3049 1293 3094 ιιι
1314 3041 1389 3094 ait
1415 3039 1711 3108 Apostolus
1734 3040 1777 3104 ',
1809 3038 2009 3092 factum

426 3145 568 3184 csse.
599 3129 735 3184 Nam
769 3131 805 3184 ii
843 3132 982 3194 dies,
1010 3133 1103 3202 qtti
1144 3133 1386 3187 medium
1437 3143 1654 3201 tempus
1701 3132 2010 3200 excipiunt,

423 3223 652 3276 extremi
694 3223 975 3288 dicuntur,
1016 3224 1484 3296 quemadmodum
1524 3224 1707 3294 primi,
1747 3224 1842 3293 qui
1895 3238 2010 3276 tne-

429 3315 580 3369 dium
606 3317 960 3371 antecedunt.
995 3317 1172 3387 Atque
1203 3318 1372 3371 etiam
1407 3317 1514 3370 alio
1545 3316 1710 3372 modo
1734 3325 2012 3370 extremos
2036 3305 2080 3367 C

427 3406 544 3460 dies
575 3422 670 3460 eos
714 3417 898 3472 vocat,
928 3408 1020 3478 qui
1061 3410 1115 3462 in
1164 3408 1422 3474 temporis
1454 3408 1620 3471 illius,
1664 3407 1806 3476 qqu
1853 3406 2009 3476 legali

425 3495 598 3549 cultui
643 3498 1006 3552 constitutum
1059 3507 1196 3563 erat,
1249 3501 1354 3553 fine
1399 3501 1773 3555 exstiterunt:
1806 3499 1871 3553 de
1902 3514 2011 3567 quo

429 3587 570 3639 idem
628 3604 850 3658 quoque
906 3590 1204 3662 Apostolus
1267 3593 1343 3647 ait
1391 3611 1403 3643 :
1454 3593 1811 3663 Posteaquam
1876 3592 2010 3644 venit

426 3678 699 3746 plenitudo
731 3684 1000 3751 temporis,
1041 3686 1184 3738 misit
1213 3685 1349 3739 Deus
1382 3684 1586 3739 Filium
1623 3703 1774 3738 suum
1809 3685 2012 3754 factum

427 3786 493 3824 ea:
547 3773 829 3830 muliere‘.
882 3775 1144 3830 ineffabili
1196 3780 1380 3842 modo,
1423 3780 1553 3846 quia
1606 3779 1725 3832 sine
1765 3778 1865 3832 viri
1926 3793 2013 3832 se-

433 3864 597 3929 mine,
631 3873 686 3919 et
717 3881 880 3936 supra
920 3878 1132 3922 natura?
1159 3879 1402 3938 captum.
1431 3870 1581 3923 Citra
1617 3870 1754 3924 ullas
1787 3873 2011 3926 sordes:

427 3957 556 4024 quia
594 3957 910 4027 incorrupte
949 3967 1005 4013 et
1051 3975 1208 4028 pure.
1255 3959 1361 4016 Ubi
1408 3961 1554 4014 enim
1586 3970 1670 4014 est
1703 3959 1872 4023 Deus,
1905 3963 2015 4016 illic

429 4049 566 4102 nihil
625 4050 908 4106 sordidum
951 4063 1007 4106 et
1054 4053 1328 4122 impttrtnn
1367 4061 1470 4107 est.
1518 4053 1697 4123 Atque
1753 4067 1833 4109 est
1869 4065 2015 4109 totus

430 4139 570 4194 Deus
604 4157 727 4196 cum
757 4159 955 4204 ,carne
992 4159 1111 4210 sua,
1173 4154 1228 4199 et
1259 4154 1408 4201 totus
1457 4147 1622 4200 homo
1657 4162 1782 4200 cum
1814 4146 2018 4201 divini-

431 4242 560 4286 tate.
615 4232 786 4287 Porro
837 4250 962 4289 eum
1001 4236 1254 4290 eumdem
1304 4248 1479 4292 totum
1519 4237 1688 4292 Deum
1736 4249 1790 4293 et
1842 4247 2014 4292 totum

431 4321 707 4377 hominem
749 4339 871 4379 esse
915 4325 1010 4388 ait,
1049 4343 1214 4380 unam
1263 4337 1426 4399 atque
1475 4329 1863 4383 indivisibilem
1895 4345 2018 4385 esse

429 4415 604 4483 ipsius
641 4415 956 4487 hypostasin
992 4420 1256 4475 ostendit.
1297 4422 1376 4476 Ac
1411 4431 1561 4476 totus
1603 4421 1825 4490 quidem
1864 4421 2006 4476 Deus

430 4505 706 4576 perfectus
747 4519 852 4570 est,
898 4526 1007 4566 non
1060 4523 1242 4567 tamen
1297 4514 1350 4567 in
1407 4520 1582 4567 totum
1636 4512 1781 4566 Deus
1818 4513 2018 4583 (neque

428 4601 576 4653 enim
609 4601 785 4656 solum
829 4601 971 4659 Deus
1017 4614 1120 4672 est,
1156 4606 1250 4660 sed
1301 4605 1466 4662 etiam
1515 4607 1700 4676 homo)
1737 4625 1749 4660 :
1783 4617 1836 4662 et
1869 4615 2017 4662 totus

2122 649 2228 696 tem
2271 655 2393 697 esse
2432 640 2762 712 nugabatur.
2810 639 3058 706 Quonam
3113 647 3299 694 autem
3347 642 3510 695 modo
3551 640 3698 697 Deus

2119 732 2394 803 perfectus
2443 745 2498 788 et
2547 733 2713 787 homo
2748 732 3047 802 perfectus,
3096 742 3150 787 et
3202 733 3699 790 consubstantialis

2116 825 2260 880 Patri
2293 841 2358 880 ac
2390 825 2550 880 nobis
2579 825 2836 881 Christus
2864 824 2972 880 dici
3005 824 3380 895 constituique
3411 835 3617 896 posset,
3649 827 3697 883 si

2115 920 2300 988 aliqua
2331 926 2541 972 tantum
2579 917 2782 972 divinae
2811 925 3020 970 naturae
3052 932 3182 986 pars
3223 917 3391 971 alicui
3439 916 3699 971 humana:

2115 1013 2256 1082 parti
2297 1013 2451 1068 unita
2503 1018 2673 1074 esset,
2719 1025 2784 1066 ac
2817 1025 2928 1064 non
2962 1018 3072 1064 tota
3103 1009 3410 1064 divinitatis
3454 1008 3698 1064 essentia

2114 1119 2239 1158 cum
2299 1113 2414 1158 tota
2467 1111 2666 1157 natura
2716 1101 2957 1156 humana
3019 1100 3315 1171 conjuncta
3381 1110 3438 1156 et
3499 1100 3698 1154 unita?

2114 1196 2180 1252 Et
2238 1195 2498 1268 quoniam
2546 1194 2804 1250 Christus
2850 1192 3156 1249 secundum
3218 1191 3335 1247 haec
3383 1191 3486 1247 tria
3533 1191 3698 1248 homo

2115 1289 2292 1345 factus
2340 1297 2461 1352 est,
2514 1289 2617 1342 hoc
2662 1295 2787 1354 est,
2852 1285 3157 1343 secundum
3229 1294 3512 1353 mentem,
3571 1285 3692 1340 ani-

2115 1397 2294 1447 mam,
2351 1389 2404 1436 et
2470 1378 3058 1450 corpus:secuudum
3108 1377 3299 1432 eadem
3359 1387 3416 1432 tu
3476 1392 3690 1447 quoque

2113 1474 2250 1530 deus
2314 1472 2548 1528 cﬂiceris
2584 1512 2600 1538 ,
2657 1471 2878 1527 tametsi
2938 1471 3030 1525 ille
3097 1480 3340 1537 natura,
3402 1479 3459 1524 tu
3513 1480 3691 1524 autem

2113 1564 2288 1637 gratia
2326 1573 2381 1620 et
2409 1564 2724 1635 adoptione.
2760 1561 2950 1634 Neque
2985 1563 3130 1617 enim
3174 1562 3265 1616 ille
3311 1576 3378 1617 ex
3405 1571 3560 1631 parte
3591 1560 3696 1614 btt-

2113 1660 2431 1715 manitatem
2473 1658 2806 1728 assumpsit;
2856 1673 2958 1712 nec
2992 1665 3050 1711 tu
3096 1671 3161 1711 ex
3203 1664 3357 1725 parte
3407 1654 3546 1708 deus
3579 1655 3694 1707 eili-

2114 1753 2258 1810 ceris
2291 1771 2304 1807 :
2337 1752 2504 1822 idque
2554 1767 2622 1806 ex
2679 1752 3060 1818 assumptione
3110 1749 3323 1814 liquido
3367 1755 3537 1818 patet.
3587 1745 3698 1802 Deo

2112 1845 2258 1900 enim
2312 1853 2426 1900 toto
2464 1844 2675 1900 homini
2735 1844 2834 1899 ιοιί
2879 1843 3056 1906 ιιιιὶιο,
3109 1841 3223 1906 ἱΙΙε,
3262 1839 3482 1910 quidem
3539 1839 3700 1908 plene

2111 1936 2458 2006 perfecteque
2501 1938 2669 1992 homo
2718 1936 2896 1991 factus
2943 1945 3026 1989 est
3053 1975 3067 1997 ,
3104 1934 3192 1989 hic
3225 1941 3406 1988 autem
3461 1929 3700 2002 perfecte

2110 2028 2450 2084 divinitatem
2490 2043 2574 2083 est
2605 2039 2961 2084 consecutus.
3005 2025 3478 2093 Quemadmodum
3529 2023 3698 2094 igitur

2111 2119 2377 2180 Dominus
2408 2138 2606 2193 corpus
2641 2123 2874 2176 induens
2913 2122 3078 2174 homo
3109 2118 3286 2174 factus
3318 2127 3402 2173 est
3440 2137 3454 2173 :
3483 2118 3565 2174 sic.
3597 2132 3698 2172 nos

2112 2219 2362 2276 homines
2388 2233 2418 2272 a
2441 2217 2660 2271 Christo
2691 2216 2768 2268 dii
2810 2214 3098 2276 enitimur,
3133 2229 3227 2283 per
3260 2213 3430 2282 ipsius
3475 2227 3698 2266 carnem

2113 2310 2406 2379 assumpti.
2461 2307 2526 2362 Et
2575 2305 3035 2378 quemadmodum
3081 2312 3332 2360 naturam
3383 2313 3621 2358 nostram
3668 2320 3697 2356 a

2112 2412 2286 2458 morte
2324 2402 2615 2457 excitatam
2648 2414 2792 2464 esse,
2817 2409 2873 2454 et
2909 2399 2962 2453 in
3011 2397 3210 2453 caelum
3246 2397 3587 2460 ascendisse,
3616 2405 3702 2452 at-

2111 2511 2217 2565 que
2247 2494 2310 2548 ad
2362 2494 2537 2548 Patris
2587 2493 2867 2547 dexteram
2903 2494 3094 2548 sedere
3117 2491 3374 2556 dicimus,
3409 2507 3518 2545 non
3553 2489 3700 2560 quod

2114 2587 2426 2657 s'ngulatim
2488 2601 2683 2641 omnes
2733 2585 2802 2640 ad
2858 2585 3025 2639 vitam
3074 2585 3357 2648 redierint,
3412 2593 3576 2654 atque
3633 2584 3702 2638 ad

2113 2679 2288 2734 l’atris
2375 2679 2652 2733 dexteram
2749 2678 3022 2742 sedeant,
3111 2676 3208 2731 sed
3299 2675 3429 2745 quia
3521 2674 3703 2731 omnis

2113 2781 2299 2826 nostra
2332 2780 2527 2826 natura
2561 2773 2613 2824 in
2646 2768 2844 2825 Christi
2875 2769 3172 2840 ,hypostasi
3230 2769 3506 2834 revixerit,
3537 2777 3703 2838 atque

2113 2865 2178 2917 ad
2227 2862 2403 2919 Patris
2444 2865 2724 2918 dexteram
2765 2863 2951 2918 sedeat
2999 2862 3100 2933 (ait
3133 2862 3332 2931 quippe
3359 2860 3700 2930 Apostolus:

2113 2955 2558 3012 Cauresuscitavit
2588 2972 2703 3018 nos,
2728 2962 2779 3008 et
2812 2954 3090 3009 consedere
3113 2953 3235 3023 fecit
3269 2970 3388 3007 cum
3409 2952 3617 3007 Christo
3636 2952 3700 3019 7);

2112 3049 2302 3104 eodem
2355 3049 2515 3102 tnodo
2562 3056 2615 3101 et
2659 3048 2710 3100 in
2764 3046 2986 3102 Christo
3033 3047 3374 3099 divinitatem
3423 3043 3704 3111 accepisse

2114 3141 2380 3206 dicimur,
2406 3151 2598 3194 natura
2626 3139 2836 3194 scilicet
2868 3146 3051 3192 nostra
3078 3153 3145 3192 ex
3183 3152 3269 3200 eo,
3310 3135 3455 3204 quod
3486 3150 3516 3188 a
3545 3133 3705 3187 Chri-

2116 3242 2200 3286 sto
2260 3242 2542 3300 assumpta
2589 3239 2706 3294 est,
2753 3229 3039 3283 divinitate
3095 3236 3412 3284 consecuta.
3467 3227 3702 3279 Tantum

2115 3323 2280 3392 igitur
2319 3323 2583 3377 Dominus
2615 3322 2779 3376 homo
2815 3321 2993 3375 factus
3024 3329 3128 3386 est,
3156 3327 3423 3390 quantum
3453 3334 3578 3388 pars
3613 3334 3706 3372 as-

2115 3427 2335 3486 sumpta
2367 3415 2530 3470 Deus.
2571 3415 2774 3482 Quinto
2799 3417 2960 3471 crede
2990 3430 3114 3470 eum
3141 3414 3292 3484 juxta
3325 3413 3480 3467 Isaia:
3515 3412 3708 3466 vatici—

2115 3509 2266 3563 nium
2302 3523 2400 3577 pro
2443 3505 2826 3577 iniquitatibus
2866 3507 3050 3576 populi
3081 3506 3146 3560 ad
3200 3514 3432 3560 mortem
3480 3499 3704 3559 ductum

2117 3597 2289 3652 fuisse
2321 3598 2364 3663 ⁸,
2411 3608 2465 3652 ει
2517 3597 2804 3662 revixisse,
2842 3611 2906 3650 ac
2955 3597 3174 3650 demum
3211 3596 3264 3648 in
3301 3595 3501 3650 cmlum
3549 3611 3704 3649 rece—

2117 3702 2267 3762 ptum
2302 3707 2446 3752 esse,
2486 3703 2543 3745 ιιι
2570 3706 2762 3745 οιιιιιεε
2811 3689 2876 3744 ad
2927 3689 3192 3758 scipsum,
3245 3687 3704 3756 quemadmodum

2117 3801 2175 3841 se
2223 3785 2493 3842 facturum
2543 3785 2767 3854 recepit,
2816 3784 3060 3836 trahat’.
3103 3782 3271 3836 Sexto
3314 3793 3590 3851 exspecta,
3653 3791 3710 3834 et

2122 3877 2277 3932 firma
2310 3876 2412 3930 fide
2441 3885 2563 3929 tene
2589 3891 2714 3928 eum
2740 3883 3029 3927 venturum
3069 3889 3214 3939 esse,
3245 3881 3385 3942 etut
3432 3875 3706 3943 apostolo-

2121 3983 2241 4022 rum
2282 3966 2426 4020 Petri
2455 3975 2508 4020 et
2554 3965 2704 4018 Pauli
2759 3965 2940 4019 verbis
2972 3974 3094 4018 utar
3135 3965 3599 4034 ‘°,judicaturuni
3629 3965 3710 4017 vi-

2120 4075 2217 4114 vos
2252 4067 2306 4113 et
2343 4069 2614 4120 mortuos.
2657 4057 2763 4112 hoc
2804 4067 2908 4121 est,
2946 4067 3054 4111 tam
3091 4073 3185 4112 eos
3232 4057 3324 4127 qui
3365 4057 3548 4111 adhuc
3583 4057 3707 4111 vita:

2120 4150 2244 4204 luce
2273 4149 2544 4212 fruentur,
2566 4163 2729 4218 quam
2757 4162 2850 4202 eos
2867 4147 2960 4218 qui
2990 4148 3104 4216 jam
3133 4148 3238 4199 vita
3271 4145 3441 4200 functi
3473 4145 3704 4200 fuerint:

2122 4241 2203 4296 vel
2228 4251 2334 4296 tam
2358 4241 2562 4311 justos,
2590 4256 2753 4311 quam
2786 4248 3104 4310 peccatores
3143 4257 3158 4293 :
3190 4239 3274 4292 vel
3314 4248 3420 4291 tam
3467 4239 3705 4300 animas,

2121 4350 2282 4404 quam
2316 4349 2551 4403 corpora
2589 4351 2603 4387 :
2637 4343 2930 4387 Venturum
2958 4341 3162 4393 autem,
3204 4346 3308 4384 non
3337 4329 3449 4398 jam
3484 4343 3706 4383 Carnem

2125 4426 2631 4499 (quianaturalibus
2657 4424 2837 4480 carnis
2864 4423 3154 4479 affectibus
3177 4422 3448 4478 obnoxius
3473 4421 3708 4491 amplius

2122 4533 2229 4572 non
2272 4519 2398 4580 erit.
2454 4518 2599 4573 velut
2639 4516 2792 4582 fami,
2838 4515 2956 4581 siti,
3013 4513 3362 4584 fatigationi,
3391 4514 3711 4584 ueterisque

2121 4610 2241 4680 ejus
2285 4610 2499 4680 generis
2548 4607 3004 4680 infirmitatibus),
3039 4622 3145 4662 non
3197 4607 3578 4678 incorporeum
3630 4616 3712 4662 ta-

433 4700 594 4753 homo
628 4699 928 4769 perfectus,
977 4718 1084 4758 non
1126 4711 1306 4758 tamen
1363 4703 1416 4756 in
1454 4712 1630 4757 totum
1681 4703 1842 4757 homo
1874 4719 1886 4758 :
1919 4720 2019 4760 nec
2051 4679 2094 4734 θ
2126 4719 2248 4757 ηιειι
2304 4702 2452 4773 (quia
2499 4701 2773 4757 naturales
2807 4701 3057 4772 corporis
3093 4700 3456 4770 proprietates
3500 4715 3711 4768 nequa.

430 4795 575 4847 rnitn
612 4796 789 4849 solum
828 4797 1013 4860 homo,
1052 4799 1146 4853 sed
1179 4799 1342 4853 etiam
1384 4797 1527 4853 Deus
1567 4811 1669 4854 est.
1714 4798 1837 4855 Ilaec
1869 4802 2014 4854 enim

431 4903 558 4952 vox,
591 4898 779 4958 totum,
829 4901 1080 4946 naturam
1106 4891 1385 4956 declarat;
1418 4901 1560 4946 totus
1605 4905 1811 4957 autem,
1841 4893 2016 4964 hypo-

431 4982 603 5037 stasin
637 4982 867 5048 indicat,
902 5000 1010 5038 non
1041 4999 1202 5040 secus
1232 4996 1400 5053 atque
1443 4985 1559 5039 haec
1601 4985 1796 5050 dictio,
1836 4985 2010 5049 aliud,

431 5085 685 5128 naturam
725 5077 988 5142 ostendit,
1028 5077 1192 5142 alius,
1225 5087 1430 5143 autem,
1463 5076 1809 5149 hyposmsin.
1841 5074 2012 5142 Quin—

431 5168 595 5222 etiam
630 5179 777 5225 totus
823 5179 999 5226 totum
1053 5173 1331 5228 hominem
1387 5174 1707 5242 assumpsit,
1762 5171 1865 5226 hoc
1910 5177 2012 5233 cst,

431 5277 633 5331 corpus
681 5273 734 5318 et
791 5265 1036 5320 animam
1094 5277 1278 5322 mente
1329 5276 1494 5337 atque
1550 5263 1906 5334 intelligentia
1963 5270 2017 5316 et

434 5358 656 5412 ratione
686 5357 970 5426 praeditam
1006 5375 1022 5415 :
1054 5374 1118 5413 ac
1145 5367 1291 5412 totus
1328 5360 1426 5412 toti
1462 5357 1649 5411 unitus
1681 5365 1787 5423 est,
1821 5365 1882 5408 ut
1917 5353 2014 5408 toti

343 5503 348 5510 .
435 5452 644 5506 homini
678 5453 910 5507 salutem
949 5449 1192 5505 atl'errct.
1229 5449 1447 5518 Alioqui
1482 5464 1609 5518 pars
1640 5465 1703 5502 ea
1753 5447 2014 5509 hominis,

434 5559 556 5613 qua
583 5545 652 5599 ab
692 5559 759 5598 eo
804 5551 1085 5613 assumpta
1135 5557 1242 5596 non
1273 5540 1491 5606 fuisset,
1532 5541 1859 5594 incurabilis
1898 5555 2015 5593 ma-

437 5646 612 5693 neret.
645 5634 761 5692 lloc
805 5647 990 5692 autem
1026 5634 1306 5704 Theologo
1345 5641 1566 5703 propter
1613 5633 2012 5703 Apollinarium

561 5811 719 5865 Rom.
756 5831 798 5879 ι,
826 5814 862 5868 Ε).
889 5829 1042 5882 seqq.
1086 5814 1141 5882 ί·
1166 5811 1340 5865 Galat.
1377 5827 1446 5874 tv,
1480 5810 1530 5862 li.

439 5884 493 5950 i;
526 5883 544 5936 Ι
574 5882 717 5938 Pclr.
749 5901 820 5952 tv,
855 5886 907 5939 ὃ.
986 5885 1021 5915 ¹¹
1063 5881 1290 5937 Zacltat'.
1330 5899 1444 5948 X'll,
1485 5881 1546 5934 l0

1680 5812 1698 5840 ⁷
1743 5808 1937 5876 Eplies.
1988 5823 2047 5866 ιι,
2083 5807 2134 5860 ὓ.

1647 5882 1688 5913 ¹²
1726 5882 1895 5950 Apoc.
1950 5895 1988 5947 ι,
2020 5879 2069 5932 7.

2118 4811 2281 4866 quam
2329 4795 2612 4865 abiecerit,
2654 4793 2800 4848 velut
2838 4792 3108 4862 triplicem
3146 4792 3569 4856 dimensionem,
3600 4792 3710 4844 for-

2120 4903 2287 4952 mam,
2316 4899 2371 4941 et
2404 4887 2788 4958 quantitatem,
2819 4896 2872 4939 et
2915 4894 3109 4940 caatcra
3165 4882 3529 4954 hujusmodi),
3568 4892 3626 4936 ut
3656 4892 3712 4936 et

2119 4983 2188 5037 ab
2226 4983 2333 5044 his,
2365 4996 2394 5035 a
2425 4982 2624 5052 quibus
2671 4981 2922 5035 confixus
2966 4989 3070 5042 cst,
3100 4978 3368 5037 videatur.
3408 4978 3556 5032 velut
3598 4992 3705 5028 non

2113 5074 2495 5145 incorporeus,
2520 5074 2674 5144 juxta
2704 5071 3026 5126 Zachariam
3063 5072 3332 5125 dicentem
3363 5088 3377 5124 :
3413 5069 3709 5138 Respicieut

2124 5167 2193 5220 ad
2244 5183 2344 5230 me,
2397 5166 2450 5218 iu
2489 5181 2639 5234 quem
2690 5171 3022 5234 pupugerunt
3055 5164 3121 5218 “.
3153 5161 3219 5215 Et
3261 5163 3414 5232 juxta
3453 5161 3525 5226 id,
3562 5161 3707 5229 quod

2125 5259 2201 5313 ait
2247 5256 2486 5313 Joannes
2529 5257 2582 5310 itt
2639 5255 2968 5326 Apocalypsi
3006 5273 3018 5309 :
3058 5253 3191 5308 Ecce
3241 5255 3538 5324 egredietur
3588 5270 3708 5305 cum

2126 5349 2372 5411 nubibus,
2399 5359 2447 5402 et
2492 5349 2680 5403 videbit
2715 5365 2832 5402 eum
2864 5348 3033 5402 omnis
3075 5345 3290 5410 oculus,
3324 5357 3371 5398 et
3405 5347 3493 5414 qui
3533 5346 3709 5414 ipsum

2124 5444 2545 5513 pupugertmt”.
2592 5441 2710 5496 Erit
2756 5443 2940 5511 itaque
2987 5455 3187 5508 corpus
3223 5440 3353 5494 illud
3402 5439 3708 5507 augustius,

2127 5551 2191 5590 ac
2214 5535 2475 5599 divinius,
2515 5544 2574 5588 ut
2606 5543 2660 5588 et
2696 5534 2866 5587 videri
2897 5539 3081 5602 queat,
3107 5539 3161 5585 et
3192 5531 3408 5587 interim
3440 5546 3470 5584 a
3503 5530 3710 5584 crassi-

2128 5627 2201 5682 tie
2235 5627 2473 5681 alienum
2500 5633 2703 5692 manet,
2736 5632 2923 5694 utpote
2959 5637 3065 5677 non
3113 5623 3222 5693 jam
3254 5637 3408 5687 caro,
3435 5620 3527 5676 sed
3559 5623 3704 5672 inter

3283 5803 3328 5835 ¹⁰
3371 5801 3410 5857 ll
3438 5799 3577 5854 Tini.
3628 5811 3704 5859 ιν,

2212 5803 2231 5833 ⁸
2274 5805 2379 5860 lsa.
2419 5820 2544 5867 Litt,
2577 5803 2628 5858 5.
2737 5802 2757 5835 ’
2798 5800 2956 5856 Joan.
2989 5817 3083 5868 xit,
3115 5801 3204 5856 52.
