4100 6410
487 409 604 473 litui

1454 409 1774 470 NICETAS
1820 407 1899 470 IN
1940 407 2166 470 ORAT.
2205 408 2376 470 XLII
2421 410 2484 472 S.
2519 410 2752 471 GREG.

3608 407 3748 473 130?.

481 545 726 592 carnem.
759 543 812 585 et
835 530 911 596 id,
951 529 1098 601 quod
1129 543 1356 598 corpore
1391 536 1567 591 vacat,
1602 527 1833 582 mediam
1865 541 2062 598 quam-
2091 547 2138 604 Α
2165 535 2329 595 atque
2414 541 2499 593 ea,
2584 543 2708 598 quae
2805 526 3068 597 impressa
3158 526 3336 596 sigillo
3408 535 3748 581 servantur.

479 623 606 678 dam
654 622 924 678 rationem
949 616 1178 678 habetis.
1207 620 1453 690 Septimo
1488 627 1832 674 mortuorum
1880 635 2064 674 resur-

481 713 776 768 rectionem
829 721 1106 782 exspecta.
1136 710 1342 768 Octavo
1387 711 1692 780 judicium;
1730 711 1836 766 hoc
1880 720 2060 764 autem

477 812 568 861 est
595 805 877 875 proprium
912 805 1143 860 internas
1168 803 1516 858 conscientiae
1550 804 1764 872 pondus
1791 811 1887 858 aut
1925 802 2058 857 levi-

486 904 591 956 tas.
623 910 688 950 ac
718 895 853 966 legis
883 894 1044 959 libra,
1073 894 1306 964 vitatque
1337 902 1541 949 nostrae
1569 891 1638 947 ad
1672 908 1792 948 eam
1826 892 2060 948 exactio.

485 985 644 1041 Nono
675 987 1118 1054 retributionem,
1154 1001 1284 1056 qua,
1309 986 1457 1057 justa
1499 1000 1760 1041 mensura
1788 997 1842 1041 et
1870 987 2064 1042 unius-

479 1077 752 1149 cujusque
780 1079 1017 1134 hominis
1041 1079 1302 1149 operibus
1336 1079 1698 1148 respondente
1726 1094 1936 1134 merces
1962 1094 2062 1135 sua

480 1172 684 1242 cuique
727 1172 1111 1227 constituetur.
1151 1171 1276 1228 Haec
1327 1187 1494 1242 porro
1523 1171 1830 1236 retributio,
1872 1172 1939 1226 iis
1971 1173 2064 1242 qni

481 1265 670 1319 animo
695 1273 752 1320 et
789 1273 970 1319 mente
1006 1265 1218 1335 purgati
1261 1263 1488 1330 fuerint,
1523 1265 1615 1320 lux
1651 1264 1832 1320 futura
1865 1273 1970 1331 est,
2010 1265 2063 1320 id

479 1367 592 1420 est,
621 1357 716 1413 Dei
761 1360 1176 1428 contemplatio,
1204 1373 1366 1428 quam
1410 1359 1676 1414 cmlorum
1721 1373 1941 1430 quoque
1975 1371 2065 1412 re—

479 1462 647 1516 gnum
679 1447 1031 1502 nominamus
1059 1462 1074 1499 :
1103 1446 1170 1502 iis
1187 1455 1394 1515 autem,
1420 1449 1514 1516 qui
1535 1457 1768 1502 mentem
1795 1447 1942 1502 vitiis
1965 1446 2066 1503 ob-

482 1549 743 1594 ewcatam
796 1539 1114 1604 habuerint,
1161 1540 1356 1612 caligo,
1410 1540 1512 1595 hoc
1559 1549 1664 1605 est,
1707 1539 1968 1595 alienatio
2013 1548 2065 1592 et

485 1632 703 1686 aversio
736 1646 764 1684 a
796 1630 926 1688 Deo.
960 1631 1073 1686 Erit
1106 1641 1291 1686 autem
1327 1631 1721 1701 contemplatio
1762 1632 1876 1686 haec
1901 1642 2066 1702 atque

483 1722 699 1775 aversio
735 1723 801 1774 ad
847 1722 1066 1776 modum
1108 1731 1163 1776 et
1215 1721 1624 1792 proportionem
1672 1720 1754 1775 vel
1810 1721 2066 1792 puritatis

487 1823 691 1868 nostra:
713 1813 792 1866 vel
831 1813 1208 1870 obscuritatis.
1244 1814 1466 1870 Decimo
1497 1829 1662 1884 super
1698 1814 1802 1870 hoc
1841 1815 2065 1885 dogma-

2233 617 2349 673 Col.
2382 618 2488 672 426
2515 621 2580 673 Α.
2611 617 2872 674 ϐωιενιιηι
2902 619 3037 672 illud
3071 634 3135 672 ex
3163 635 3243 672 me
3277 619 3541 690 intelligas
3573 621 3748 682 velint,

2165 723 2270 767 ete.
2305 711 2458 778 Quod
2511 721 2634 780 post
2677 712 3008 782 baptismum
3059 719 3182 766 ante
3228 711 3401 767 altare
3438 712 3751 780 collocaris,

2169 804 2366 860 futura:
2412 805 2538 860 vita:
2566 806 2832 876 gloriam,
2868 813 2923 860 et
2961 805 3418 875 propinquitatem
3463 806 3530 860 ad
3576 805 3742 860 Deum

2168 898 2390 952 indicat.
2420 895 2732 952 Psalmodia
2769 908 2978 962 autem,
3012 897 3190 950 laetum
3224 912 3285 951 ac
3321 895 3569 951 festivum
3600 898 3748 951 illius

2167 991 2352 1047 szvculi
2411 1005 2628 1047 sonum.
2672 989 2974 1060 Lampades
3001 1005 3130 1044 vero
3174 990 3318 1043 illam
3355 990 3622 1044 luminum
3655 1007 3750 1060 ge-

2167 1079 2618 1145 stationem,cum
2644 1079 2918 1150 quajuxta
2941 1079 3321 1150 Evangelicam
3348 1079 3656 1149 parabolznn
3685 1081 3750 1144 ’³,

2165 1169 2387 1225 Christo
2418 1186 2622 1240 sponso
2655 1186 3009 1227 occurremus
3033 1213 3046 1238 ,
3086 1171 3228 1226 velut
3251 1185 3462 1241 sponsa:
3508 1171 3747 1241 virgines

2168 1261 2348 1319 claras
2375 1262 2497 1317 ﬁdei
2531 1263 2813 1334 lampades
2837 1264 3124 1326 habentes,
3154 1278 3218 1319 ac
3252 1265 3542 1330 copiosum
3576 1264 3750 1317 hono-

2172 1367 2291 1407 rum
2328 1366 2556 1422 operum
2587 1353 2790 1409 oleum.
2815 1351 3002 1423 Neque
3029 1353 3172 1407 enim
3209 1352 3437 1407 thalami
3473 1353 3626 1406 illius
3648 1369 3751 1407 nu-

2167 1445 2352 1515 ptialis
2375 1447 2576 1512 aditus,
2611 1456 2705 1500 aut
2753 1446 2990 1516 superbo
3035 1445 3242 1498 homini
3281 1454 3337 1500 et
3364 1444 3746 1512 contemptori,

2169 1546 2263 1590 aut
2295 1537 2457 1591 inerti
2490 1546 2542 1592 et
2577 1537 2863 1608 negligenti
2916 1537 3140 1606 patebit,
3174 1548 3268 1589 aut
3301 1535 3536 1605 denique
3557 1535 3629 1598 ei,
3659 1536 3752 1605 qni

2169 1645 2276 1684 non
2317 1645 2382 1685 ea
2415 1646 2537 1700 qua:
2566 1631 2783 1700 nuptias
2811 1631 2992 1696 det-et,
3017 1630 3305 1700 elegantia,
3342 1644 3533 1682 verum
3567 1629 3756 1697 segnia

2171 1732 2250 1778 ter
2283 1733 2338 1777 et
2362 1723 2584 1778 sordide
2613 1725 2843 1778 vestitus
2893 1723 3060 1778 fuerit
3098 1741 3111 1777 :
3143 1721 3439 1793 quamlibet
3489 1720 3633 1787 quis,
3669 1718 3756 1772 in-

2167 1823 2282 1868 star
2312 1814 2462 1870 illius
2495 1813 2723 1884 nuptiali
2756 1823 2904 1870 veste
2941 1813 3166 1867 minime
3197 1810 3370 1866 induti
3411 1810 3478 1876 “,
3512 1810 3753 1879 seipsum

487 1913 601 1958 tum
631 1904 989 1960 fundamento
1023 1907 1165 1961 bona
1195 1921 1360 1976 opera
1397 1915 1680 1963 construe.
1705 1905 1863 1970 Nam,
1891 1916 1949 1962 ut
1978 1917 2060 1962 est
2097 1929 2138 1983 Β
2168 1905 2338 1970 fallat,
2370 1921 2435 1961 ac
2469 1921 2565 1978 spe
2597 1907 2876 1977 animique
2911 1906 3237 1974 cogitatione
3286 1904 3342 1958 in
3391 1907 3494 1958 hac
3521 1903 3631 1957 vita
3663 1915 3754 1956 sc-

485 1998 631 2069 apud
697 1998 914 2054 Domini
963 1999 1187 2054 fratrem
1240 1999 1534 2066 Jacobum,
1601 1999 2062 2070 quemadmodum

485 2105 684 2160 corpus
715 2091 833 2146 sine
875 2091 1072 2160 spiritu
1109 2099 1386 2146 mortuum
1423 2100 1526 2155 est,
1565 2092 1639 2147 ita
1678 2103 1731 2148 et
1763 2093 1896 2148 ﬁdes
1945 2095 2066 2149 sine

491 2183 751 2254 operibus
784 2191 1002 2236 mortua
1028 2193 1134 2239 est.
1168 2181 1350 2252 Atque
1377 2183 1493 2238 hazc
1521 2193 1671 2248 sunt,
1703 2199 1824 2254 qua:
1849 2185 1917 2241 de
1942 2184 2069 2239 ﬁdei

491 2289 691 2334 nostra:
723 2283 985 2351 mysterio
1014 2279 1068 2334 in
1097 2279 1289 2351 vulgus
1314 2279 1492 2334 ell‘erri
1525 2279 1608 2336 fas
1635 2287 1738 2336 est.
1761 2281 1834 2334 Ea
1865 2286 2072 2343 autem,

485 2385 609 2437 quae
656 2371 1024 2426 reconditiora
1093 2373 1376 2442 magisque
1433 2373 1665 2443 mystica
1721 2380 1870 2435 sunt,
1929 2371 2072 2426 intra

487 2461 785 2518 Ecclesiam
834 2473 959 2533 post
993 2465 1325 2534 baptismum
1362 2465 1615 2544 addisces
1648 2481 1664 2519 :
1698 2480 1820 2534 quae
1856 2473 1912 2520 et
1951 2464 2069 2534 ipsa

486 2556 630 2621 apud
673 2555 930 2624 profanos
1003 2558 1253 2614 homines
1299 2566 1439 2614 tecta
1502 2567 1557 2613 et
1625 2561 1838 2614 occulta
1905 2558 2072 2613 habe-

491 2645 594 2711 bis,
674 2653 863 2716 atque,
950 2647 1210 2704 inviolata
1298 2649 1621 2715 custodies,
1715 2665 1825 2705 non
1912 2651 2074 2706 aliter

562 2806 608 2839 ¹³
644 2804 834 2862 Matth.
891 2822 1031 2875 xxv,
1072 2809 1090 2862 l
1129 2825 1285 2881 seqq.
1364 2811 1410 2843 ιι
1453 2809 1647 2868 Matth.
1683 2827 1821 2878 xm,
1863 2813 1950 2867 12.

544 2990 947 3009 *α’-...ιη’

952 2993 1292 3008 “—

1299 2993 1600 3009 ψ

2174 1999 2353 2068 ipsum
2381 2015 2505 2054 cum
2542 2010 2732 2054 ornate
2781 2000 3172 2070 splendideque
3203 1997 3411 2052 vestitis
3437 1995 3754 2050 admisceat.

2177 2093 2539 2163 Posteaquam
2589 2102 2769 2148 autem
2823 2092 3068 2147 divinum
3144 2091 3445 2146 thalamum
3521 2086 3756 2156 ingressi

2181 2185 2469 2248 fuerimus,
2511 2194 2622 2240 tum
2673 2185 2994 2240 sublimiora
3027 2194 3082 2238 et
3131 2182 3453 2252 perfectiora
3499 2177 3757 2249 mysteria

2177 2277 2335 2332 nobis
2369 2291 2606 2346 sponsus
2638 2277 2863 2345 aperiet.
2892 2275 3008 2330 lloc
3051 2274 3198 2329 enim
3233 2283 3316 2328 est
3343 2273 3433 2326 illa
3474 2269 3626 2339 puris
3657 2272 3760 2322 ho-

2178 2371 2423 2426 minibus
2454 2386 2550 2441 spc
2586 2381 2848 2440 concepta
2885 2379 2939 2424 et
2972 2377 3284 2438 exspectata
3325 2366 3559 2422 societas
3595 2372 3760 2432 atque

2176 2466 2480 2529 convictus,
2513 2480 2624 2535 quo
2654 2465 2865 2519 utinam
2915 2464 3065 2533 digni
3116 2461 3436 2523 habeamur,
3474 2467 3584 2513 tam
3631 2469 3756 2517 nos,

2174 2558 2267 2628 qui
2309 2559 2424 2614 haec
2467 2558 2752 2623 docemus,
2787 2572 2951 2628 quam
2994 2571 3111 2620 vos,
3161 2554 3254 2625 qui
3302 2545 3535 2609 diacitis.
3586 2550 3760 2604 Amen

2059 2979 3728 3010 Μ

1170 3155 1297 3246 IN
1371 3151 2100 3248 ORATIO-NEM
2169 3157 2358 3262 XI,
2431 3152 2738 3248 OLIM
2811 3153 3076 3243 XLI.

570 3348 808 3430 Nicetes
841 3348 1330 3427 Expositionem
1368 3350 1428 3413 in
1469 3359 1629 3413 orat.
1667 3351 1782 3422 XI,
1821 3368 1967 3430 quia
1997 3358 2095 3410 est
2129 3350 2196 3414 in
2247 3356 2527 3413 sanctam
2561 3345 3401 3430 Resurrectionemjﬁrtece
3440 3351 3501 3407 et
3534 3342 3759 3430 Latino

483 3427 613 3508 jam
654 3422 956 3491 dedimus
999 3435 1145 3508 post
1195 3430 1538 3492 Orationes
1574 3433 1638 3493 S.
1675 3422 1975 3510 Gregorii
2020 3430 2432 3504 Nazianzeni,
2479 3428 2861 3507 Palrologice
2915 3435 3072 3489 tom.
3119 3425 3422 3501 XXXVI,
3452 3424 3580 3487 col.
3615 3422 3759 3488 9&3.

1063 3794 1186 3885 IN
1265 3789 1989 3887 ORATIONEM
2065 3795 2354 3916 XLV,
2443 3792 2751 3892 OLIM
2826 3796 3146 3886 XLII.

1010 4171 1560 4228 ARGUMENTUM.

565 4267 720 4322 lianc
773 4266 1090 4328 orationem.
1130 4265 1396 4321 elaborate
1447 4267 1838 4335 conscriptam,
1882 4266 2077 4319 Arian-

493 4361 546 4414 zi
571 4359 708 4431 (l5),
745 4358 884 4429 quod
914 4359 1113 4412 avitum
1144 4358 1313 4426 ipsius
1353 4358 1612 4428 prwdium
1646 4367 1783 4421 erat,
1823 4357 1877 4411 in
1907 4357 2079 4410 lncem

492 4452 690 4516 emisit,
721 4450 903 4504 multis
938 4460 1056 4521 post
1078 4451 1256 4515 annis,
1285 4467 1444 4520 quam
1469 4450 1844 4518 pracedentem
1870 4449 2078 4502 oratio-

497 4560 613 4599 nem
637 4543 920 4604 ltabuerat,
951 4560 1070 4598 cum
1102 4544 1218 4612 jam
1247 4542 1708 4613 Constantinopoli
1741 4544 2073 4605 excessisset,

493 4652 557 4690 ac
577 4637 953 4705 patriarchatu
985 4635 1304 4690 abdicasset.
1338 4632 1479 4690 Nam
1515 4651 1635 4689 cum
1662 4633 1759 4690 Dei
1788 4635 2002 4691 lenitate
2031 4643 2080 4689 et

493 4729 756 4808 patientia
784 4727 1016 4799 plerique
1045 4728 1464 4798 oﬂ'enderentur,
1497 4727 1635 4796 quod
1665 4727 1827 4781 bonos
1866 4728 2004 4781 viros
2023 4727 2080 4781 in

495 4837 714 4876 maerore
761 4838 823 4874 ac
854 4822 1075 4876 tristitia
1103 4823 1290 4886 vivere,
1325 4821 1584 4892 improbos
1617 4830 1801 4875 contra
1851 4823 2080 4876 secunda

492 4915 670 4966 omnia
717 4913 908 4968 habere
958 4915 1304 4983 permitteret,
1354 4913 1749 4983 periculumque
1801 4923 1957 4979 esset,
2017 4929 2082 4968 ne

491 5005 757 5070 paulatim
799 5020 864 5059 ex
917 5005 1123 5059 incuria
1168 5005 1238 5059 ad
1275 5005 1691 5074 desperationem
1751 5004 2078 5069 laberentur,

490 5111 652 5163 eoque
695 5095 960 5164 paulatim
1003 5107 1235 5164 ruerent,
1267 5107 1325 5152 ut
1353 5115 1447 5153 nec
1492 5099 1952 5160 resurrectionem,
1987 5114 2081 5152 nec

488 5186 778 5254 iudicium,
829 5205 921 5244 nec
977 5191 1198 5258 prwmia
1252 5191 1366 5244 ulla
1425 5199 1516 5245 aut
1569 5192 1832 5261 supplicia
1893 5189 2080 5260 futura

491 5279 758 5333 crederent
790 5295 808 5333 :
837 5296 902 5334 ea:
944 5281 1345 5335 resurrectionis
1387 5281 1522 5350 festo
1556 5281 1884 5335 commodam
1921 5297 2078 5334 occa-

491 5371 696 5424 sionem
745 5381 955 5437 nactus,
987 5383 1295 5440 prwsentetn
1335 5373 1632 5427 doctrinam
1677 5373 1942 5438 instituit,
1983 5373 2081 5426 dn-

493 5465 609 5518 bias
655 5472 703 5516 et
743 5464 1061 5533 ﬂuctuantes
1104 5482 1291 5520 eorum
1335 5468 1622 5523 sententias
1665 5467 1763 5521 hac
1797 5466 1861 5521 de
1900 5482 2078 5521 resur-

564 5622 677 5695 ῌό)
703 5622 743 5695 ᾼ
753 5622 951 5695 _rianr.i.
971 5622 1026 5676 In
1045 5622 1265 5695 Regina
1280 5624 1466 5678 codice
1495 5625 1753 5679 mendose
1785 5624 1984 5693 legitur
2013 5626 2070 5678 ἐν

491 5691 826 5763 Ναζιανςῷ,
875 5707 1049 5764 neque
1101 5691 1247 5748 enim
1299 5695 1560 5762 prsidium
1625 5691 1910 5764 paternum
1950 5710 2069 5749 eam

497 5764 686 5834 urbem
717 5761 1073 5834 voca_s_set_?_ln
1114 5780 1235 5820 meo
1265 5761 1445 5819 autem
1477 5761 1772 5834 exemplari
1808 5766 2068 5833 scriptum

491 5842 610 5886 erat
651 5831 934 5901 ‘ACtath'ji.
963 5832 1164 5889 Verum
1202 5835 1387 5890 nescio
1424 5834 1548 5904 quis
1574 5831 1808 5889 litteram
1842 5855 1869 5886 ν
1905 5831 2068 5903 supra

495 5907 637 5974 ει]ρρ
659 5904 805 5960 tsuit.
843 5903 1006 5976 Αἱ(ιυὶ
1039 5905 1150 5962 [nec
1178 5907 1358 5963 littera
1388 5903 1731 5978 nequaquam
1767 5905 2087 5977 adjicienda

2110 4017 2182 4030 —

2103 4168 2146 4224 C
2183 4173 2410 4228 rectione
2444 4174 2684 4228 oratione
2713 4171 3111 4236 constabiliens,
3137 4183 3298 4244 atque
3321 4174 3420 4230 hoc
3445 4175 3573 4245 ﬁdei
3603 4187 3764 4246 caput

2181 4266 2482 4335 plenissime
2541 4274 2590 4320 et
2647 4267 2938 4322 certissime
2996 4266 3561 4338 probans:sinmlqne
3607 4269 3766 4322 etiam

2180 4359 2286 4416 vim
2315 4359 2435 4430 festi
2475 4359 2810 4431 gratiamque
2849 4361 3173 4428 prwdicans.
3204 4359 3554 4432 laudibusque
3587 4378 3766 4427 prose-

2179 4468 2363 4522 quens,
2397 4469 2459 4506 ac
2481 4469 2573 4522 per
2591 4468 2861 4525 anagogen
2883 4470 3001 4508 cum
3025 4453 3219 4508 Veteris
3247 4451 3570 4509 Testamenti
3589 4455 3764 4509 littera

2183 4560 2327 4599 nova:
2366 4543 2492 4614 legis
2527 4545 2772 4612 spiritum
2804 4546 3176 4610 commiseens,
3210 4553 3367 4610 atque
3397 4545 3575 4600 omnia
3608 4545 3764 4615 hujus

2183 4635 2303 4705 festi
2330 4637 2602 4708 mysteria,
2629 4653 2744 4708 qua:
2760 4637 2902 4706 apud
2923 4635 3175 4692 Hebrceos
3195 4636 3549 4702 celebrantur,
3571 4638 3763 4707 singil-

2183 4730 2336 4785 latim
2363 4746 2650 4799 exponens.

2250 4821 2367 4876 Col.
2401 4823 2506 4876 6:25
2531 4824 2592 4875 Α.
2631 4820 2800 4888 Super
2832 4820 3132 4874 custodiam
3164 4835 3335 4874 nteant
3357 4819 3534 4884 stabo,
3565 4820 3762 4890 inquit,

2182 4925 2286 4972 etc.
2323 4915 2578 4970 llahacuc
2610 4915 2874 4985 propheta
2908 4913 3210 4984 permultos
3239 4927 3362 4968 esse
3396 4913 3636 4976 videbat,
3665 4914 3763 4984 qui

2180 5025 2246 5064 ex
2284 5008 2617 5080 providentia
2670 5005 2759 5060 Dei
2790 5005 3110 5060 oll‘ensionis
3146 5005 3495 5062 occasionem
3546 5006 3764 5076 accipe-

2182 5108 2322 5160 rent.
2354 5097 2674 5168 cogitantes,
2707 5097 2798 5166 qui
2831 5096 3005 5160 lieret,
3064 5105 3124 5151 ut
3168 5095 3365 5164 impios
3414 5093 3763 5164 numinisque

2182 5199 2580 5258 contemptores
2623 5196 2676 5241 et
2704 5186 2996 5242 sceleratos
3033 5184 3198 5255 justis
3231 5185 3549 5241 hominibus
3579 5195 3629 5239 et
3661 5185 3762 5239 im-

2180 5283 2555 5338 becillioribus
2587 5281 2932 5341 insultare.et
2963 5279 3129 5335 veluti
3164 5293 3286 5334 sese
3320 5279 3551 5334 invicem
3587 5277 3762 5333 eﬂnso

2180 5389 2244 5428 ae
2288 5383 2543 5444 protervo
2569 5387 2667 5428 ore
2710 5371 2991 5443 aspernari
3025 5371 3252 5426 sineret.
3297 5368 3502 5424 Idcirco
3550 5368 3762 5437 judicia

2180 5465 2362 5520 divina
2415 5464 2651 5535 attingit,
2705 5474 2867 5537 atque
2924 5479 2986 5520 ea
3035 5480 3156 5534 quae
3187 5461 3391 5533 inquiri
3444 5460 3598 5517 nefas
3653 5470 3759 5527 est,

2181 5637 2332 5689 erat,
2388 5624 2479 5678 sed
2508 5623 2661 5693 prius
2700 5625 2734 5690 ζ
2775 5625 2827 5680 in
2883 5644 2916 5680 σ
2961 5623 3409 5680 convertondum.
3458 5619 3756 5693 Azianzum

2180 5698 2324 5750 enim
2362 5689 2525 5751 locus
2547 5704 2665 5748 erat
2709 5689 2817 5749 non
2863 5697 3092 5751 multum
3130 5709 3160 5747 a
3195 5693 3466 5748 Nazianzo
3510 5689 3758 5754 dissitas,

2180 5765 2232 5820 in
2270 5782 2381 5836 quo
2414 5764 2598 5836 villam
2648 5765 2882 5836 habebat
2925 5766 3241 5834 Gregorius.
3268 5759 3758 5836 quemadmodum

2179 5833 2410 5896 testatur
2439 5833 2734 5906 Gregorius
2763 5833 3057 5907 presbtttcr
3087 5837 3142 5892 in
3176 5835 3346 5905 ipsius
3375 5833 3520 5890 Vita.
