4100 6410
399 385 418 440 l
430 382 532 444 303

1812 390 2195 455 ADDENDA.

3531 390 3671 459 13M

393 493 618 548 curiose
645 493 972 565 investigare
999 502 1248 558 conatur,
1282 494 1366 550 his
1391 495 1568 550 verbis
1599 506 1788 551 utens:
1818 497 1989 567 Super
2019 512 2062 565 Α
2100 502 2306 559 Deinde
2361 518 2490 558 vero
2549 520 2644 574 per
2704 503 3130 573 descriptionem
3165 544 3180 568 ,
3239 503 3368 572 quid
3431 500 3626 555 videri;
3649 525 3665 545 .

397 586 701 639 custodiam
760 602 928 640 nteam
975 585 1164 650 stabo,
1194 596 1243 640 et
1273 598 1477 655 petram
1531 590 1879 644 conscendam
1932 601 1983 645 et

398 682 818 747 contemoltbor,
860 691 918 735 ut
961 681 1168 734 rideant
1203 683 1328 752 quid
1368 684 1421 736 in
1455 700 1534 738 me
1579 684 1831 754 loquatur
1872 684 1983 738 Do-

398 776 599 839 minus,
632 775 827 842 etquid
851 775 1192 842 respondeam
1224 775 1294 829 ad
1317 777 1746 847 redarqutionem
1780 778 1880 831 mei
1914 779 1980 832 ".

403 865 610 920 Sensus
646 875 826 920 autem
858 866 1152 920 verborum
1193 865 1475 937 Prophetm
1507 879 1591 923 est
1625 869 1940 939 huiusmodi
1969 889 1982 924 :

398 959 654 1013 Animum
705 959 774 1012 ah
813 960 964 1014 omni
1020 961 1298 1014 mundana
1345 976 1476 1015 cura
1530 977 1724 1032 purum
1759 973 1811 1017 et
1847 963 1988 1018 inte-

401 1065 557 1120 grum
589 1050 805 1116 tuebor,
842 1061 896 1105 et
925 1051 978 1106 in
1004 1052 1377 1108 firmissimam
1417 1052 1712 1122 quamdam
1749 1068 1814 1108 ac
1840 1053 1987 1108 velut

403 1142 458 1194 in
497 1142 718 1196 sublimi
755 1142 874 1198 loco
926 1144 1158 1213 positam
1235 1145 1564 1215 cogitatione
1633 1147 1985 1202 securitatem

401 1232 726 1298 convolabo,
758 1243 921 1303 atque
947 1235 1121 1302 illinc,
1164 1240 1324 1306 quasi
1350 1252 1415 1291 ex
1449 1236 1651 1293 montis
1681 1238 1987 1302 cacumine,

402 1325 582 1380 oculis
625 1327 828 1382 mentis
880 1327 1203 1397 inspiciam,
1251 1343 1521 1399 quosnam
1576 1329 1643 1384 ad
1705 1345 1792 1386 me
1845 1329 1990 1386 Deus

403 1430 694 1469 sermones
728 1415 1017 1471 habiturus
1045 1416 1136 1480 sit,
1163 1416 1404 1487 quidque
1439 1417 1556 1488 ipse
1588 1417 1835 1473 dicturus
1863 1419 1990 1484 sim,

408 1509 454 1564 si
479 1522 779 1578 coarguere
817 1523 904 1562 me
939 1507 1084 1563 Deus
1132 1509 1453 1574 instituerit,
1488 1519 1546 1564 ut
1581 1510 1673 1580 qui
1705 1526 1812 1564 non
1857 1511 1993 1566 satis

404 1610 564 1655 caute
594 1615 661 1655 ac
693 1600 990 1670 prudenter
1020 1602 1135 1656 haec
1163 1601 1328 1656 verba
1362 1601 1670 1655 extulerim.
1701 1601 1881 1666 Quare
1909 1617 1993 1656 re-

404 1692 573 1765 spicis
609 1693 673 1747 ad
718 1693 1170 1763 contemptores?
1199 1692 1454 1753 Tacebis.
1487 1709 1610 1748 cum
1652 1693 1880 1746 devorat
1908 1693 1995 1761 ju.

406 1796 527 1842 stus
579 1786 851 1857 impium?
894 1787 1077 1857 Atque
1130 1788 1243 1842 haec
1293 1796 1424 1842 sunt
1475 1787 1755 1856 Propheta:
1807 1788 1992 1849 verba,

2087 593 2330 664 quidque
2381 595 2672 660 audiverit,
2712 604 2918 649 narrat.
2951 592 3088 648 Nam
3151 602 3207 648 et
3243 609 3532 664 personam
3574 592 3672 647 de-

2087 684 2303 751 scribit,
2357 687 2486 757 quia
2531 687 2650 754 vir;
2714 699 2770 742 et
2819 687 3047 753 locum,
3085 687 3214 756 quia
3272 685 3327 740 in
3391 684 3670 750 nubibus;

2089 779 2358 846 modum,
2420 781 2548 850 quia
2612 781 3034 847 conscendens;
3092 789 3149 835 et
3205 778 3667 844 magnitudinem,

2088 873 2220 944 quia
2245 874 2538 939 sublimis;
2574 872 2803 928 formam
2832 874 2985 936 item,
3017 871 3145 941 quia
3179 870 3375 940 angelo
3432 869 3668 933 similis;

2090 966 2376 1031 amictum,
2439 967 2569 1036 quia
2633 965 2836 1036 fulguri
2894 963 3130 1028 similis;
3190 961 3476 1023 habitum,
3537 961 3669 1030 quia

2092 1073 2314 1112 manum
2347 1058 2578 1122 extulit;
2619 1072 2830 1121 vocem,
2900 1056 3029 1125 quia
3063 1054 3308 1109 buccina:
3339 1067 3446 1106 non
3500 1051 3674 1106 dissi-

2093 1150 2274 1217 milis;
2320 1166 2387 1206 ac
2415 1150 2653 1220 denique
2707 1163 2994 1205 sermones
3021 1161 3162 1217 quos
3214 1146 3307 1200 ille
3349 1145 3673 1214 prolocutus

2091 1251 2197 1305 est,
2217 1241 2309 1311 qui
2336 1258 2394 1297 se
2413 1241 2858 1312 conspiciendum
2881 1241 3133 1312 praebuit.
3148 1239 3386 1310 Angelus
3405 1251 3564 1306 porro
3583 1236 3670 1290 hic

2095 1341 2201 1397 est,
2237 1350 2344 1388 non
2377 1344 2558 1389 autem
2589 1333 2840 1388 Christus
2863 1372 2878 1400 ,
2921 1341 2984 1387 ut
3013 1331 3238 1402 quidam
3267 1329 3668 1386 existimarunt.

2096 1423 2232 1480 Nam
2295 1425 2343 1480 si
2379 1424 2638 1481 Christus
2698 1425 2914 1489 fuisset,
2965 1423 3254 1480 dicendum
3314 1421 3420 1490 ipsi
3457 1419 3669 1474 fuerat:

2097 1516 2235 1583 Quia
2265 1532 2368 1588 ego
2398 1533 2430 1572 a
2462 1517 2696 1574 mortuis
2727 1518 2962 1573 surrexi.
3005 1515 3169 1586 Atqui
3209 1514 3349 1569 dixit
3385 1511 3676 1568 :Cbristns

2096 1624 2159 1662 ex
2197 1609 2452 1664 mortuis.
2497 1608 2576 1664 Ex
2617 1625 2726 1680 quo
2757 1609 3045 1678 perspicue
3095 1614 3311 1663 constat
3347 1620 3472 1659 eum
3506 1602 3676 1656 alium

2099 1701 2270 1757 fuisse
2313 1717 2480 1770 quam
2541 1700 2844 1756 Christum.
2899 1699 3022 1754 Jam
3079 1700 3224 1754 idem
3274 1710 3494 1768 quoque
3548 1707 3682 1747 voco

2100 1808 2300 1864 magna
2340 1793 2619 1848 clamavit.
2647 1793 2830 1862 Atque
2869 1792 3150 1862 explicans
3174 1789 3489 1859 Theologus
3523 1787 3681 1856 quis-

414 1883 527 1936 lucc
557 1881 849 1936 verborum
899 1880 1194 1936 sententia.
1232 1879 1542 1951 Theologus
1573 1895 1757 1948 porro,
1791 1880 1996 1936 oratio—
2030 1872 2071 1930 Β
2103 1901 2229 1939 nam
2284 1887 2330 1939 is
2363 1893 2529 1949 esset,
2567 1884 2663 1954 qui
2695 1883 2990 1940 clamorem
3041 1881 3359 1944 sustulerat,
3391 1886 3545 1948 optat
3577 1875 3680 1930 sibi

412 1987 534 2025 nem
568 1973 880 2038 exordiens,
907 1971 1056 2027 illius
1101 1972 1267 2027 verba
1307 1972 1373 2027 ad
1414 1988 1656 2042 praesens
1701 1987 1996 2044 argumen-

408 2072 525 2117 tum
559 2063 860 2133 adaptavit.
898 2063 1224 2134 Quanquam
1263 2065 1368 2119 hoc
1419 2065 1670 2128 interest,
1703 2065 1848 2136 quod
1891 2063 1998 2118 lia-

409 2157 581 2211 bacuc
611 2171 708 2226 per
738 2157 1050 2213 custodiam
1089 2157 1292 2212 mentis
1340 2157 1677 2227 vigilantiam
1729 2157 1996 2229 intelligit,

412 2264 509 2316 per
534 2255 743 2316 petram
799 2258 1006 2312 autem.
1043 2250 1360 2306 firmitatem
1405 2259 1460 2305 et
1505 2251 1894 2304 constantiam.
1931 2253 2002 2304 At

411 2343 572 2400 divus
607 2344 910 2415 Gregorius
958 2344 1354 2400 sacerdotalem
1390 2354 1737 2413 potestatem,
1772 2355 1827 2400 et
1863 2360 2001 2400 con-

412 2437 821 2506 templationem
845 2436 947 2491 sibi
980 2436 1260 2502 donatam,
1297 2437 1604 2492 custodiam
1628 2446 1809 2492 vocat.
1842 2435 1984 2492 Pon-

415 2529 594 2584 tifices
624 2530 794 2594 cnim,
823 2529 914 2599 qui
948 2527 1042 2584 Dei
1075 2538 1130 2585 et
1164 2529 1448 2584 hominum
1487 2529 1814 2586 mediatores
1854 2539 2003 2597 sunt,

420 2637 509 2676 res
562 2621 873 2691 hujusmodi
939 2637 1185 2692 quzcrere
1241 2630 1297 2676 et
1324 2621 1684 2691 contemplari
1737 2637 1839 2677 suo
1880 2621 2006 2692 jure

422 2724 672 2784 possunt.
707 2713 978 2770 Caeterum
1013 2715 1106 2785 qui
1135 2713 1460 2782 Gregorium
1510 2728 1606 2784 per
1636 2713 1926 2778 visionem,
1953 2714 2005 2768 id

421 2804 569 2874 quod
599 2820 742 2861 nunc
791 2815 998 2869 narrat,
1045 2804 1330 2875 aspexisse
1370 2804 1547 2867 aiunt,
1584 2804 1743 2875 longe
1795 2805 1926 2859 mihi
1975 2821 2006 2861 a

424 2897 656 2952 veritate
696 2898 957 2952 aberrare
1000 2897 1272 2952 videntur.
1311 2897 1431 2966 Ipse
1477 2895 1625 2950 enim
1673 2897 1747 2951 ait
1779 2896 1880 2950 sibi
1923 2911 2008 2952 res

426 2987 743 3060 huiusmodi
797 2990 1145 3060 inquirendi,
1216 2998 1382 3060 atque
1433 2998 1546 3044 tum
1603 3000 1784 3045 mente
1838 2989 2010 3045 infor-

424 3084 631 3168 maudi,
671 3093 782 3138 tum
813 3086 978 3138 etiam
1008 3083 1192 3139 verbis
1229 3082 1546 3147 enarrandi,
1573 3097 1603 3136 a
1636 3082 1840 3153 Spiritu
1878 3098 2008 3138 san-

421 3189 509 3232 cto
544 3177 740 3232 factam
775 3193 895 3234 esse
936 3186 1290 3249 potestatem.
1348 3175 1522 3232 Stabo
1550 3176 1718 3248 igitur
1750 3176 1804 3232 in
1855 3184 2008 3245 pote-

423 3280 563 3324 state
603 3271 736 3324 mihi
782 3272 931 3336 data,
958 3279 1124 3340 atque
1170 3269 1499 3348 inspiciam,
1533 3285 1629 3325 seu
1672 3267 2009 3336 contempla-

425 3363 542 3424 lmr,
576 3364 836 3432 quidnam
863 3363 1039 3418 oculis
1086 3378 1208 3418 sese
1239 3360 1422 3429 oll'ert,
1454 3377 1517 3416 ac
1560 3377 1753 3417 rursus
1801 3374 2008 3429 cogno-

424 3470 597 3518 scam,
635 3457 765 3524 quid
792 3455 1029 3509 dicetur.
1069 3453 1202 3509 Nam
1239 3453 1697 3525 quemadmodmn
1750 3451 1826 3510 id,
1863 3449 2006 3519 quod

425 3548 691 3610 ein-nitur,
730 3548 902 3602 visum
941 3547 1218 3617 requirit,
1249 3548 1345 3612 ita,
1391 3547 1536 3616 quod
1582 3561 1677 3600 ore
1712 3543 2004 3614 profertur,

429 3640 745 3709 cognitione
778 3655 916 3709 Opus
943 3641 1125 3695 habet.

503 3732 692 3785 l’seua
727 3748 1034 3788 sxeosrrlo.
1073 3732 1252 3802 Super
1285 3731 1611 3788 custodiam.
1655 3729 1910 3786 Custodia
1933 3740 2009 3783 est

428 3827 626 3880 quinta:
657 3829 1070 3897 uniuscujusque
1114 3827 1343 3882 hominis
1373 3825 1638 3888 modulus,
1673 3824 1830 3894 juxta
1863 3839 2011 3893 quem

429 3932 575 3971 certa
618 3921 954 3987 proportione
985 3919 1196 3972 divinas
1239 3920 1466 3973 visiones
1502 3921 1745 3986 suscipit.
1786 3913 1928 3968 Nam
1969 3913 2014 3966 si

431 4012 549 4079 quis
585 4011 746 4064 altius
777 4027 868 4078 per
896 4012 1393 4081 contemplationem
1425 4025 1478 4064 se
1505 4007 1820 4079 porrexerit,
1866 4006 2018 4058 ober-

434 4104 588 4157 rarit.
681 4104 1013 4158 Pctestatem
1072 4113 1127 4156 et
1178 4101 1632 4173 speculationem.
1696 4097 2014 4152 Potestatem

433 4195 589 4260 dixit,
622 4197 873 4264 quoniam
908 4197 1073 4248 onmis
1107 4195 1289 4247 anima
1329 4194 1398 4245 ad
1432 4193 1668 4246 divinam
1695 4190 2016 4258 simplicita-

437 4299 538 4339 tem
569 4300 764 4350 evecta,
787 4295 837 4340 et
867 4304 984 4340 cum
1016 4289 1142 4356 ipsis
1174 4287 1367 4340 divinis
1395 4285 1684 4340 visionibus
1720 4282 2020 4336 immediate

438 4376 802 4444 congrediens,
829 4375 1134 4442 hujusmodi
1181 4374 1495 4445 spectaculis
1527 4375 1685 4427 libere
1718 4382 1766 4426 et
1791 4388 1888 4440 pro
1921 4387 2019 4439 po-

441 4479 628 4522 testate
662 4471 831 4521 utitur
863 4486 882 4523 :
923 4481 1077 4540 atque
1117 4471 1186 4523 ad
1216 4470 1545 4524 audientium
1577 4474 1868 4536 captum_et
1896 4481 2020 4534 pro-

439 4560 731 4626 portionem
762 4577 872 4613 sese
896 4561 1196 4624 demittens,
1231 4571 1278 4615 et
1315 4578 1375 4614 ea
1406 4560 1682 4628 informat,
1711 4574 1827 4627 qua:
1873 4555 2022 4609 milia

442 4651 614 4718 forma
635 4653 861 4720 exprimi
894 4665 1105 4721 queunt,
1128 4661 1175 4706 et
1202 4669 1263 4705 ea
1296 4652 1468 4720 ﬁngit,
1496 4665 1611 4718 quw
1645 4647 1794 4700 nulla
1818 4647 2022 4698 ratione

441 4747 572 4814 [iugi
599 4747 950 4811 constituique
975 4757 1214 4814 possunt.
1246 4743 1673 4812 SpeculatiOnem
1707 4751 1880 4792 autent
1924 4745 2026 4791 ad-

443 4842 603 4900 didit,
625 4841 750 4909 quia
774 4842 954 4894 aninta
993 4841 1220 4894 risiones
1248 4838 1454 4890 divinas
1486 4848 1816 4904 nequaquam
1842 4833 2029 4886 volun-

447 4943 552 4985 tate
581 4934 816 4994 metitur,
841 4950 1015 4986 verum
1039 4930 1359 4986 intellectiva
1384 4931 1433 4984 ei
1456 4939 1504 4984 et
1530 4927 1810 4998 facultate,
1833 4927 2028 4994 ipsius-

445 5044 542 5098 que
573 5026 904 5095 purgationis
937 5026 1172 5079 modulo.

516 5117 635 5171 Col.
674 5116 781 5170 625
814 5117 876 5169 A.
921 5114 986 5168 Et
1017 5117 1157 5178 steti,
1189 5132 1252 5168 ac
1277 5114 1579 5182 speculatus
1620 5129 1738 5166 sum
1770 5127 1787 5164 :
1828 5119 1876 5165 et
1915 5126 2031 5164 ecce

447 5211 546 5273 vir,
595 5217 702 5262 etc.
755 5208 1047 5275 Postquam
1105 5205 1241 5259 dixit
1273 5225 1285 5258 :
1319 5204 1480 5260 Stabo
1525 5207 1577 5258 in
1608 5195 1853 5257 custodia
1892 5217 2029 5264 mea,

450 5319 572 5356 cum
609 5301 885 5359 Habacuc,
913 5307 961 5350 et
983 5296 1315 5365 speculabor,
1348 5314 1492 5350 nunc
1521 5297 1757 5351 ostendit
1780 5310 1863 5363 se,
1883 5294 2028 5359 quod

452 5401 828 5462 proposuerat,
867 5390 1082 5444 fecisse.
1135 5388 1329 5444 Libcre
1378 5391 1560 5454 enim,
1611 5390 1810 5458 inquit,
1846 5400 1896 5443 et
1934 5404 2033 5458 pro

363 5531 379 5546 ι
457 5493 723 5545 arbitratu
773 5484 1222 5556 Contemplationi
1281 5485 1524 5538 animum
1560 5486 1755 5553 adjeci.
1817 5483 1882 5536 Et
1910 5480 2032 5536 steti

457 5586 508 5638 in
541 5583 764 5638 sublimi
829 5583 982 5642 loco,
1037 5595 1103 5634 ex
1136 5593 1244 5646 quo
1303 5593 1522 5646 possem
1579 5593 1663 5632 res
1718 5574 2035 5646 hujusmodi

460 5674 657 5728 intueri
690 5691 703 5727 :
743 5681 904 5740 atque
947 5685 1009 5723 ea
1042 5666 1174 5733 vidi,
1203 5684 1324 5737 qua:
1374 5680 1519 5720 nunc
1551 5663 2030 5720 commemorabo.

534 5836 575 5868 ”
617 5833 802 5887 Habac
861 5834 997 5897 11,1.
1069 5831 1109 5862 ¹⁶
1132 5827 1286 5884 Joan.
1317 5843 1436 5894 Vltt,
1482 5827 1565 5881 12.

1645 5827 1685 5858 ⁸⁷
1730 5823 1959 5879 Malach.
1993 5837 2066 5890 ιν,
2097 5821 2154 5874 9..

2100 1990 2322 2044 quoque
2348 1989 2538 2030 vocem
2581 1974 2840 2045 angelica:
2877 1989 3063 2044 parem
3111 1973 3251 2028 dari.
3285 1973 3550 2038 Quocirca
3579 1985 3683 2024 an-

2103 2067 2282 2136 gelum
2313 2082 2436 2122 esse
2482 2082 2708 2122 necesse
2736 2075 2841 2131 est,
2876 2066 2972 2136 qui
3006 2067 3110 2121 hoc
3143 2067 3262 2119 loco
3287 2081 3383 2133 per
3413 2062 3683 2118 orationis

2104 2162 2421 2232 figmentum
2470 2170 2698 2231 apparet
2734 2175 2799 2214 ac
2840 2159 3005 2213 verba
3057 2157 3207 2212 facit.
3274 2158 3460 2210 Virum
3516 2170 3682 2225 porro

2104 2271 2228 2311 eum
2272 2254 2518 2310 nominat
2565 2253 2897 2326 Gregorius,
2929 2252 3190 2324 quoniam
3225 2249 3454 2320 angelus
3509 2248 3683 2302 haud-

2105 2361 2410 2418 quaquam,
2451 2355 2512 2401 ut
2565 2356 2759 2400 natura
2812 2360 2912 2400 sua
2942 2351 3050 2410 est,
3084 2356 3348 2413 apparere
3381 2339 3560 2394 solet:
3591 2354 3684 2391 ve-

2109 2455 2230 2494 rum
2290 2439 2345 2493 in
2401 2437 2682 2494 hominem
2761 2438 3207 2492 transformatus.
3272 2431 3430 2498 Quod
3498 2440 3679 2485 autem

2110 2533 2289 2602 ipsum
2325 2532 2501 2587 nubes
2543 2531 2934 2586 conscendisse
2987 2528 3188 2598 inquit,
3224 2525 3328 2580 hoc
3362 2540 3426 2579 ca
3477 2524 3690 2578 ratione

2109 2622 2266 2687 dicit,
2303 2622 2433 2693 quia
2471 2622 2607 2678 levis
2637 2629 2692 2676 et
2720 2619 2974 2676 sublimis
2998 2618 3321 2688 angelorum
3359 2623 3555 2670 natura
3581 2622 3688 2678 est,

2110 2729 2207 2784 per
2239 2729 2420 2769 acrem
2475 2714 2613 2768 mira
2642 2713 2922 2768 celeritate
2962 2725 3210 2765 currens.
3263 2706 3334 2762 Ut
3363 2718 3540 2762 autem
3571 2722 3693 2776 per-

2110 2807 2301 2877 spicue
2335 2806 2584 2861 ostendat
2617 2804 2922 2876 Gregorius
2954 2805 3160 2867 virum,
3193 2803 3260 2858 dc
3284 2818 3392 2871 quo
3428 2801 3690 2870 loquitur,

2112 2900 2366 2970 angelum
2406 2915 2550 2966 esse,
2588 2899 2886 2967 subjungit,
2945 2897 3216 2964 Aspectus
3242 2895 3385 2962 ejus,
3430 2902 3488 2946 ut
3533 2907 3690 2960 θερε-

2113 3002 2236 3047 ctus
2272 2992 2472 3064 angeli.
2536 2989 2691 3046 Hunc
2742 3005 2906 3060 porro
2953 2987 3116 3042 talem
3169 2985 3430 3056 depingit,
3474 2983 3688 3052 qualem

2115 3081 2372 3138 mulieres
2441 3081 2496 3135 in
2596 3080 2848 3149 sepulcro
2933 3084 3363 3146 conspexerunt,
3431 3073 3686 3126 nimirum

2116 3173 2404 3228 candidam
2481 3182 2686 3226 vestem
2728 3178 3054 3240 gestantem.
3111 3167 3250 3234 Quin
3311 3165 3487 3234 majus
3525 3163 3690 3216 etiam

2117 3262 2374 3330 quiddam
2403 3261 2629 3314 indicat.
2668 3259 2805 3313 Nam
2856 3258 3115 3311 amictum
3149 3256 3350 3322 fulguri
3387 3261 3694 3322 comparat,

2116 3351 2419 3420 etquidem
2476 3350 2735 3405 ocissime
2789 3348 3152 3418 percurrenti.
3189 3347 3464 3413 Quidnam
3513 3354 3696 3397 autem

2120 3441 2224 3498 sibi
2271 3443 2406 3508 vult,
2459 3458 2584 3498 cum
2649 3443 2728 3497 ait
2775 3456 2900 3496 eum
2941 3440 3216 3494 Orientem
3276 3453 3466 3493 \crsus
3502 3451 3699 3490 manus

2121 3537 2447 3593 sustulisse?
2480 3535 2736 3600 fortasse,
2777 3547 2836 3590 ut
2871 3550 2967 3606 per
2995 3533 3298 3595 Orientem,
3329 3531 3531 3586 Christi
3565 3531 3702 3583 divi-

2121 3630 2342 3686 nitatem
2379 3631 2670 3701 exprimat.
2709 3629 2844 3684 Nam
2876 3638 2929 3684 et
2956 3627 3164 3682 Lumen
3223 3624 3506 3693 spirituale
3530 3623 3609 3686 ",
3647 3631 3702 3677 et

2122 3723 2215 3780 Sol
2245 3725 2552 3794 justitia",
2600 3734 2654 3780 et
2699 3721 2958 3778 Oriens”
2995 3721 3049 3776 in
3107 3719 3389 3786 Scriptura
3449 3717 3701 3773 Christus

2123 3819 2439 3873 nominatus
2471 3827 2578 3872 est.
2627 3817 2804 3886 Atque
2845 3817 3009 3870 etiam
3065 3813 3231 3867 David
3275 3811 3551 3866 Orientem
3595 3809 3704 3863 Deo

2123 3912 2366 3981 assignat
2421 3911 2504 3964 his
2568 3909 2747 3963 verbis
2787 3907 3053 3962 :Psallite
3100 3905 3344 3967 Domino,
3376 3905 3467 3973 qui
3522 3920 3706 3958 ascen-

2124 4005 2202 4057 dit
2237 4019 2394 4070 super
2459 4001 2644 4055 caslum
2687 4001 2803 4055 σιειὶ
2861 4001 2929 4054 ad
2990 3997 3256 4054 Orientem
3294 3997 3357 4052 η.
3390 3995 3487 4050 Vel
3536 3997 3699 4049 etiam

2128 4097 2360 4151 fortasse
2425 4101 2484 4146 ut
2551 4092 2859 4161 paradisum
2925 4091 2992 4146 ad
3051 4088 3326 4145 Orientem
3384 4087 3652 4143 consitum
3690 4127 3706 4150 ,

2128 4200 2192 4240 ac
2245 4200 2339 4254 per
2379 4185 2509 4238 Adze
2551 4183 3039 4253 transgressionem
3093 4183 3340 4236 clausum
3385 4195 3575 4233 rursus
3611 4192 3706 4247 per

2127 4277 2332 4331 Christi
2365 4275 2822 4332 resurrectionem
2852 4273 3184 4344 patefactum
3208 4287 3329 4327 esse
3345 4272 3705 4325 demonstret.

2130 4369 2394 4440 Angelum
2433 4379 2616 4422 autem
2675 4365 2883 4420 imlucit
2943 4363 3169 4418 tonitrui
3205 4365 3309 4416 ritu
3337 4403 3349 4422 ,
3390 4361 3474 4416 vel
3523 4361 3706 4430 potius

2131 4463 2377 4517 buccina:
2418 4461 2592 4514 instar
2641 4459 2989 4520 clamantem,
3039 4467 3098 4508 ut
3129 4455 3198 4509 ab
3251 4454 3508 4509 omnibus
3532 4469 3706 4507 exau-

2132 4555 2314 4608 diatur
2352 4571 2366 4607 :
2408 4561 2592 4620 utpote
2636 4550 2730 4619 qui
2767 4547 3024 4602 omnibus
3060 4545 3256 4600 salutis
3303 4559 3401 4614 per
3433 4543 3710 4598 Christum

2136 4654 2369 4714 acceptm
2414 4645 2667 4698 nuntium
2705 4640 2915 4695 allerat.
2952 4639 3136 4692 Dicere
3166 4637 3329 4690 etiam
3362 4635 3487 4706 quis
3541 4636 3716 4704 possit

2139 4740 2245 4793 huc
2277 4736 2614 4806 Theologum
2667 4744 2944 4801 Spectassc
2966 4772 2980 4795 ,
3035 4739 3093 4784 ut
3133 4744 3226 4798 per
3255 4729 3355 4783 has
3390 4744 3584 4782 onmcs
3617 4730 3710 4778 de-

2140 4830 2475 4899 scriptiones
2541 4825 2942 4881 formidabilem
3011 4821 3263 4890 angelum
3335 4825 3712 4888 reprmsentet.

2141 4920 2460 4992 Ilujusmodi
2519 4932 2754 4987 namque
2789 4931 2913 4968 cum
2963 4912 3224 4974 ostendit,
3259 4920 3371 4964 tum
3403 4926 3433 4964 a
3465 4908 3716 4964 sublimi-

2140 5024 2268 5076 tate,
2311 5024 2422 5066 tum
2459 5025 2488 5064 a
2535 5007 2934 5077 magnitudine,
2977 5021 3006 5058 a
3041 5005 3214 5058 forma
3243 5003 3369 5056 item
3405 5010 3459 5054 et
3505 4999 3710 5054 amictu

2141 5122 2202 5160 ac
2235 5119 2387 5158 voce.
2439 5100 2639 5154 Adhmc
2677 5094 3031 5151 multitudine
3079 5093 3394 5162 angelorum
3443 5104 3566 5142 eum
3601 5089 3717 5141 cin-

2141 5208 2287 5254 ctum
2317 5192 2637 5257 introducit,
2665 5190 2804 5245 idem
2825 5187 3076 5244 videlicet
3103 5183 3302 5239 Christi
3325 5179 3716 5235 resurrectioni

2141 5291 2410 5353 tribuens,
2449 5285 2594 5357 quod
2620 5284 2672 5337 in
2701 5282 2876 5352 ipsius
2909 5278 3187 5333 nativitate
3220 5274 3542 5340 contigerat.
3578 5272 3714 5324 Tum

2143 5381 2287 5434 cnim
2322 5379 2550 5446 angelus
2593 5372 2805 5428 Domini
2870 5368 3179 5440 pastoribus
3236 5365 3411 5418 astitit
3461 5378 3716 5434 magnum

2147 5474 2280 5528 illud
2320 5471 2578 5542 gaudium
2610 5465 2964 5522 annuntians,
3024 5470 3078 5512 ct
3136 5468 3358 5524 repente
3419 5456 3565 5510 facta
3630 5465 3717 5509 est

2147 5584 2272 5620 cum
2306 5565 2500 5632 angelo
2534 5558 2828 5615 multitudo
2863 5554 3067 5610 militia:
3111 5551 3353 5605 caelestis
3380 5548 3722 5604 laudantium

2149 5659 2326 5712 Deum
2391 5664 2447 5708 et
2507 5649 2972 5714 dicentium,etc.
3033 5641 3272 5696 Proinde
3330 5655 3477 5695 ututc
3509 5652 3730 5709 quoque

2235 5819 2275 5850 “‘
2307 5815 2436 5871 Luc.
2479 5832 2514 5882 ι,
2537 5814 2628 5869 78.
2709 5811 2751 5843 "
2788 5807 2930 5863 Psal.
2964 5823 3136 5870 van,
3171 5803 3260 5859 54.
