4100 6410
379 415 518 480 1305

1366 422 1681 485 NICETAS
1725 424 1801 483 lN
1842 424 2062 486 ORAT.
2106 427 2270 489 XLII
2311 430 2369 491 S.
2411 429 2638 492 GREG.

3491 431 3628 497 1306

371 535 599 603 angelus
628 532 1050 590 resurrectionis
1074 535 1324 591 nuntium
1353 537 1606 594 deferens
1638 540 1939 605 inducitur,
1973 543 2016 600 Δ
2053 546 2230 608 rediit,
2265 546 2316 601 id
2355 547 2529 603 estad
2573 545 2876 602 divinitatis
2928 561 3044 602 suae
3097 547 3515 619 amplitudinem
3568 539 3648 606 et'

371 634 429 679 et
471 623 789 695 angelorum
815 627 1094 682 exercitus
1123 627 1400 683 Christum
1440 646 1469 684 a
1514 633 1746 688 mortuis
1785 647 1943 688 revo<

371 729 556 774 catum
595 719 1009 775 concelebraris.
1072 720 1242 776 Porro
1303 724 1404 778 has
1465 739 1657 781 omnes
1709 741 1868 782 voces
1914 743 1944 781 a

370 813 652 883 prophetis
684 821 962 868 mutuatus
987 823 1070 869 est
1109 814 1439 884 Thcologus.
1481 815 1616 872 Nam
1663 826 1718 872 et
1757 818 1940 873 Daniel

371 905 457 960 his
494 905 676 962 verbis
705 908 876 962 utitur
914 925 928 960 :
965 907 1098 961 Ecce
1122 911 1266 962 stetit
1297 926 1479 964 coram
1503 928 1584 965 me
1615 922 1675 965 ut
1702 922 1945 980 aspectus

368 999 469 1051 uiri
488 999 556 1052 ὀ.
587 996 651 1050 Et
680 1013 875 1052 rursus
911 1017 926 1052 :
974 997 1108 1053 Ecce
1139 1001 1218 1054 vir
1247 1003 1473 1056 amictus
1507 1020 1663 1057 sacra
1703 1005 1863 1066 stola,
1897 1014 1946 1058 et

368 1091 540 1144 uultus
565 1090 679 1156 eius
706 1093 844 1145 sicut
883 1102 1125 1158 aspectus
1153 1093 1401 1163 fulguris,
1436 1104 1485 1149 et
1519 1112 1621 1150 eoas
1647 1113 1947 1151 sermonum

365 1186 516 1240 illius
576 1194 632 1238 ut
682 1201 783 1239 eoa:
841 1186 1203 1240 multitudinis
1259 1188 1624 1256 popularis".
1687 1188 1754 1244 Et
1805 1191 1945 1260 apud

362 1279 578 1332 Nabum
622 1278 702 1334 sic
734 1277 1000 1346 scriptum
1047 1278 1278 1332 habetttr
1310 1281 1602 1344 :Aspectus
1661 1299 1844 1336 eorum
1892 1293 1947 1336 ut

362 1370 639 1440 lampades
668 1369 826 1440 ignis,
851 1379 900 1423 et
934 1370 1072 1423 sicut
1101 1370 1320 1440 fulgura
1350 1372 1799 1428 discurrentia“.
1845 1375 1949 1428 Po-

365 1473 576 1518 5treuto
611 1462 678 1515 de
706 1477 839 1516 voce
881 1462 947 1516 ad
995 1463 1140 1518 hunc
1188 1464 1410 1518 modum
1437 1463 1680 1521 Joannes
1711 1466 1949 1522 Theolo-

365 1573 466 1625 gus
493 1556 736 1625 loquitur
786 1554 904 1611 :Et
953 1556 1136 1610 audiri
1175 1573 1350 1612 vocem
1411 1575 1658 1630 magnam
1705 1570 1821 1630 post
1869 1577 1949 1614 me

368 1659 623 1717 tanquam
659 1665 833 1704 vocem
859 1651 1066 1705 tuber“.
1095 1649 1255 1704 Nune
1285 1651 1415 1720 quid
1449 1652 1676 1721 angelus
1729 1653 1943 1717 clamet,

367 1741 696 1797 audiamus:
732 1740 904 1797 Hodie
949 1743 1103 1798 salus
1152 1744 1358 1798 mundo
1379 1753 1487 1798 tam
1518 1745 1745 1808 visibili,
1773 1759 1937 1813 quam

367 1835 647 1891 invisibili.
682 1835 821 1901 Quid
872 1850 1004 1890 vero
1063 1836 1358 1891 invisibilis
1399 1852 1619 1906 quoque
1679 1837 1938 1901 mundus,

2048 637 2506 708 diguitatem,qua
2533 646 2750 708 propter
2777 637 3241 707 dispensatio::em
3268 640 3332 694 ad
3365 642 3623 713 exiguum

2051 745 2264 799 tempus
2315 732 2586 800 spoliatus
2635 739 2799 800 atque
2829 731 3142 786 exinanitus
3199 730 3400 786 fuerat.
3455 732 3618 788 Reee-

2048 836 2175 895 ptus
2227 826 2372 879 enim
2432 824 2498 880 ad
2563 823 2814 879 dextram
2864 822 3042 877 Patris
3102 825 3370 878 consedit.
3430 823 3628 880 Redite

2050 918 2214 980 igitur
2245 931 2340 970 vos
2370 931 2586 985 quoque
2617 915 2682 970 ad
2711 925 2946 970 veterem
2979 915 3321 983 splendorem
3358 924 3411 969 et
3444 915 3624 984 digni-

2049 1019 2236 1075 tatem,
2275 1025 2340 1064 ac
2377 1009 2574 1064 divinae
2605 1007 2861 1078 imaginis
2887 1007 3076 1062 decus.
3105 1006 3258 1072 Quod
3291 1017 3468 1061 autem
3505 1009 3618 1062 ait:

2048 1103 2126 1158 Ex
2168 1102 2444 1164 mortuis,
2507 1101 2830 1170 simpliciter
2899 1115 3024 1155 eum
3083 1099 3388 1152 redivivum
3453 1114 3622 1168 appa-

2048 1196 2229 1250 ruisse
2269 1192 2572 1264 signiﬁcat;
2602 1193 2748 1262 quod
2776 1206 2906 1246 vero
2929 1190 3180 1259 sequitur
3202 1209 3214 1244 :
3239 1190 3311 1244 Ex
3343 1190 3620 1264 sepulcro,

2050 1284 2265 1340 vincula
2290 1299 2510 1354 quoque
2549 1298 2732 1337 rertun
2768 1282 2835 1336 ad
2887 1282 3198 1350 sepulcrum
3233 1261 3620 1350 pertinentium

2047 1393 2172 1432 eum
2208 1376 2536 1447 pet-fregisse
2573 1375 2796 1437 iudicat.
2835 1383 2890 1429 et
2924 1373 3243 1428 advolutqu
3269 1381 3622 1426 moumnento

2049 1469 2280 1535 lapidem
2343 1469 2710 1524 snlnnovisse.
2791 1465 3057 1532 Quocirca
3119 1465 3285 1520 etiam
3374 1474 3497 1532 apte
3567 1473 3622 1517 et

2047 1569 2410 1630 congruenter
2437 1567 2565 1628 post
2606 1559 2719 1612 haec
2773 1556 2936 1611 verba
2977 1573 2990 1610 :
3029 1554 3104 1608 Ex
3159 1553 3434 1623 sepulcro,
3487 1552 3622 1608 sub-

2043 1655 2250 1724 jnnxit.
2287 1653 2327 1704 A
2363 1651 2568 1720 peccati
2597 1647 2832 1703 vinculis
2869 1646 3168 1702 solvimini.
3197 1645 3409 1702 Idcirco
3437 1655 3620 1698 autem

2050 1743 2245 1814 plurali
2276 1757 2502 1797 numero
2531 1741 2702 1795 dixit:
2731 1739 2805 1793 Ex
2834 1737 3088 1802 mortuis,
3124 1746 3178 1790 et
3212 1735 3322 1790 :Ex
3346 1735 3619 1805 sepulcro,

2047 1837 2176 1908 quia
2218 1837 2371 1890 solus
2405 1850 2470 1889 ex
2505 1833 2691 1888 multis
2735 1831 2966 1885 mortuis
3002 1845 3293 1900 resurgens
3341 1843 3447 1883 non
3504 1843 3623 1881 am-

370 1929 472 1982 hoc
494 1939 578 1983 est
603 1929 804 1998 angeli,
828 1928 1004 1982 salute
1041 1943 1180 1997 npus
1212 1900 1564 1984 habuerunt?
1595 1930 1734 1985 Nam
1765 1900 1936 1985 Luci?
1975 1900 2017 1955 Β
2049 1900 2192 1999 plius
2249 1925 2500 1981 moritur.
2572 1923 2799 1985 Adhazc,
2855 1931 3028 1991 portae
3070 1919 3295 1981 inferni,
3350 1917 3625 1974 contrario

367 2019 470 2083 fer,
511 2029 564 2075 et
597 2022 770 2089 ipsius
816 2022 1088 2090 gregales,
1141 2037 1242 2076 nec
1277 2021 1346 2076 ad
1391 2023 1668 2078 n'ielinrem
1704 2033 1940 2079 mentem

371 2113 666 2177 redierunt,
724 2128 824 2169 nec
870 2113 1100 2169 salutem
1148 2115 1429 2170 consecuti
1505 2128 1681 2171 sunt:
1742 2117 1942 2188 reliqui

366 2213 550 2259 autem
585 2205 786 2275 angeli,
827 2205 921 2273 qui
974 2219 1005 2259 a
1046 2204 1158 2258 Deo
1193 2221 1299 2260 non
1341 2207 1714 2271 desciverunt,
1764 2208 1942 2264 salute

368 2299 506 2354 nihil
540 2297 802 2368 indigent.
834 2302 1095 2365 Quaenam
1122 2299 1286 2367 igitur
1313 2300 1462 2355 salus
1492 2299 1750 2355 invisibili
1779 2317 1940 2355 mun-

366 2392 439 2446 do
488 2391 649 2445 allata
704 2391 830 2444 est?
884 2387 1143 2444 Nonnulli
1217 2390 1319 2444 hoc
1387 2393 1506 2446 loco
1562 2409 1656 2462 per
1707 2396 1940 2449 salutem

369 2482 798 2536 incolumitatem
848 2489 903 2535 et
950 2480 1316 2549 integritatem
1369 2481 1770 2551 intellexerunt,
1821 2501 1944 2554 quae

369 2573 589 2642 quidem
630 2579 760 2626 tunc
809 2569 972 2624 nobis
1017 2572 1270 2640 contigit,
1325 2586 1450 2625 cum
1491 2587 1587 2641 per
1652 2583 1939 2643 peccatum

366 2662 633 2732 oppressi,
671 2678 864 2718 rursus
889 2677 986 2730 per
1014 2661 1214 2717 Christi
1249 2664 1700 2719 resurrectionem
1726 2666 1942 2720 int-olu-

374 2755 550 2808 mitati
607 2755 847 2810 restituti
878 2770 1110 2822 sumus;
1145 2756 1356 2824 angelis
1388 2765 1595 2825 autem,
1631 2758 1760 2827 quia
1793 2758 1941 2826 juxta

367 2845 738 2915 evangelii-am
797 2847 1110 2915 parabolam
1148 2848 1366 2902 inventa
1409 2864 1528 2911 ove,
1563 2865 1686 2920 qua:
1720 2850 1944 2906 aberra-

370 2947 548 3001 verat,
582 2946 680 2992 aut
711 2939 1141 3007 drachma,qua:
1166 2938 1371 2994 amissa
1405 2937 1603 3002 fuerat,
1638 2942 1781 3009 quod
1828 2956 1944 2996 caa—

372 3029 604 3084 lestibus
647 3028 820 3098 copiis
849 3029 1058 3095 deerat,
1093 3029 1367 3100 expletum
1404 3039 1507 3086 est.
1545 3031 1734 3100 Augeli
1762 3040 1940 3087 autem

367 3124 460 3192 qui
502 3123 657 3192 prius
711 3123 853 3176 hanc
907 3123 1172 3176 rationem
1229 3122 1524 3183 habebant.
1566 3133 1626 3178 ut
1659 3124 1945 3180 difﬁculter

2049 2020 2233 2084 modo,
2270 2028 2434 2086 atque
2475 2016 2624 2081 prius
2673 2014 2946 2077 solebant,
2983 2012 3326 2083 aperiuntur,
3369 2010 3625 2065 videlicet

2049 2128 2159 2166 non
2193 2120 2248 2164 ut
2291 2121 2636 2164 mortuorum
2663 2107 2860 2162 animae
2893 2104 3222 2171 inferantur,
3258 2103 3349 2159 sed
3393 2114 3454 2158 ut
3490 2103 3624 2157 effe-

2049 2213 2237 2258 rantur
2268 2212 2322 2256 et
2359 2202 2714 2255 extrahantur
2745 2219 2760 2256 :
2795 2199 2862 2253 Et
2911 2215 3053 2253 mors
3097 2199 3432 2268 opprimitur.
3487 2195 3620 2250 Nam

2050 2311 2175 2351 cum
2213 2310 2358 2348 mors
2395 2307 2599 2362 corpus
2639 2307 2670 2345 a
2702 2300 2932 2360 peccato
2968 2291 3225 2353 liberum,
3259 2299 3312 2343 et
3345 2289 3621 2342 viviticum

2047 2388 2407 2454 degustasset,
2445 2400 2546 2439 nec
2581 2385 2634 2438 in
2687 2399 2754 2438 eo
2785 2393 3091 2453 peccatum,
3149 2397 3256 2451 quo
3285 2381 3399 2448 ipsa
3433 2379 3622 2442 alitur,

2047 2477 2386 2539 offendisset,
2438 2476 2653 2531 sublata
2709 2486 2762 2529 et
2793 2474 3060 2530 ex5tin‘cta
3111 2485 3219 2538 est,
3272 2483 3328 2527 et
3376 2487 3499 2541 quae
3547 2470 3616 2523 ab

2047 2572 2255 2624 Adamo
2286 2569 2352 2624 ad
2383 2567 2636 2622 Messiam
2675 2583 2851 2637 usque
2890 2573 3228 2634 regnaverat,
3274 2563 3466 2618 eadem
3500 2569 3624 2630 post

2045 2662 2325 2718 Christum
2354 2659 2681 2728 corporibus
2717 2658 2922 2713 nostris
2957 2671 3063 2710 non
3102 2656 3340 2724 amplius
3373 2654 3626 2708 domina-

2046 2769 2154 2811 tur.
2191 2755 2447 2810 Christus
2495 2753 2641 2807 enim
2674 2765 2704 2805 a
2740 2751 2970 2805 mortuis
3012 2750 3282 2804 excitatus
3341 2748 3481 2800 viam
3535 2761 3621 2800 re-

2047 2846 2416 2904 surrectionis
2445 2845 2510 2898 ad
2551 2843 3027 2898 inmortalitatem
3083 2837 3450 2894 morientibus
3477 2850 3622 2890 novo

2047 2956 2200 2996 more
2227 2937 2504 3010 patefecit.
2529 2935 2644 2992 Hoc
2677 2943 2859 2990 autem
2889 2933 3148 2988 dill‘eruut
3181 2945 3328 2984 mors
3349 2937 3402 2984 et
3442 2927 3620 2983 infer-

2047 3051 2172 3100 nus,
2206 3033 2350 3102 quod
2385 3032 2477 3085 illa
2532 3043 2786 3099 corpora,
2828 3027 2918 3081 hic
2949 3025 3160 3080 animas
3211 3024 3452 3078 detineat
3499 3038 3513 3074 :
3549 3019 3619 3074 Et

2045 3133 2190 3178 vetus
2221 3124 2394 3176 Adam
2432 3121 2715 3191 nbjicitur,
2773 3129 2822 3173 et
2847 3134 3008 3172 novus
3045 3115 3340 3186 per/icitur.
3377 3113 3506 3168 [Lee
3547 3112 3618 3165 ab

369 3215 588 3284 quidem
621 3223 676 3267 et
722 3228 863 3284 aegre
913 3219 980 3268 ad
1032 3215 1234 3269 malum
1271 3215 1477 3270 moveri
1533 3227 1777 3284 possent,
1821 3228 2012 3296 postc
2048 3217 2308 3286 Apostoio
2365 3214 2624 3283 sumpsit.
2688 3212 2780 3282 qui
2851 3210 3100 3281 Ephesiis
3157 3207 3426 3268 scribens,
3482 3206 3559 3258 ait
3599 3220 3615 3256 :

367 3304 569 3360 Christi
607 3305 1070 3358 resurrectionem
1113 3304 1165 3358 id
1197 3305 1481 3359 consecuti
1530 3313 1700 3368 sunt,
1739 3315 1799 3358 ut
1825 3307 1937 3376 jam

369 3415 437 3452 ne
465 3397 670 3451 moveri
702 3395 921 3466 quidem
958 3398 1024 3450 ad
1076 3397 1278 3450 malum
1312 3408 1540 3466 queant,
1599 3414 1706 3453 non
1745 3411 1937 3453 natura

368 3503 489 3553 sna,
516 3488 610 3542 sed
650 3487 848 3556 gratia.
906 3488 1088 3555 Atque
1143 3488 1217 3541 ita
1256 3488 1366 3542 illis
1395 3489 1546 3544 salus
1575 3505 1699 3545 esse
1762 3492 1940 3561 possit

368 3580 486 3650 ipsa
518 3588 694 3634 status
721 3577 1106 3644 confirmatio,
1153 3592 1264 3632 non
1311 3577 1423 3647 jam
1469 3583 1837 3635 metuentibus
1873 3597 1941 3635 ue

367 3677 421 3728 in
455 3673 694 3728 deterius
720 3681 1032 3733 mutentur,
1066 3681 1229 3739 atque
1266 3685 1385 3724 eam
1433 3670 1504 3724 ob
1557 3687 1777 3726 causam
1815 3687 1940 3740 prr-

364 3773 512 3822 eanl.
554 3763 651 3819 Vel
701 3763 936 3818 fortasse
976 3762 1194 3818 duobus
1225 3763 1441 3818 mundis
1475 3765 1704 3818 salutem
1729 3773 1937 3832 partam

364 3871 487 3911 esse
509 3855 730 3918 asserit,
762 3854 1021 3908 invisibili
1059 3863 1264 3914 autem.
1293 3864 1353 3908 ut
1378 3869 1496 3908 eam
1539 3855 1690 3924 prius
1715 3871 1939 3924 quoque

372 3949 616 4014 habenti,
654 3947 852 4003 visibili
881 3957 1086 4011 aut-em,
1140 3959 1195 4002 ut
1250 3962 1396 4001 nunc
1426 3963 1546 4001 eam
1573 3965 1665 4017 per
1690 3964 1938 4003 reSurre-

368 4041 600 4096 ctionem
631 4048 955 4102 consecuto,
1014 4049 1074 4094 ut
1132 4039 1214 4094 sic
1253 4040 1340 4094 hic
1371 4040 1661 4094 verborum
1719 4056 1936 4105 sensus,

369 4134 515 4200 quod
551 4149 661 4188 non
695 4133 808 4204 jam
855 4131 1030 4202 angeli
1068 4133 1246 4187 solum
1296 4132 1473 4188 salute
1527 4132 1810 4199 fruuntur,
1842 4135 1936 4189 sed

366 4225 544 4295 angeli
603 4233 768 4296 atque
831 4225 1109 4288 homines,
1163 4225 1378 4279 diversa
1432 4233 1611 4279 tamen
1670 4227 1937 4282 ratione:

366 4319 447 4374 illi
478 4318 646 4383 enim,
675 4318 806 4388 quia
833 4316 1098 4376 ordinem.
1130 4332 1294 4371 suum
1326 4317 1668 4372 servaverint
1704 4336 1718 4373 :
1757 4320 1940 4372 homi-

365 4425 466 4466 nes
512 4419 719 4476 autem,
759 4409 886 4480 quia
921 4424 1016 4479 per
1050 4407 1256 4462 Christi
1293 4409 1749 4462 resurrectionem
1784 4425 1942 4465 revo:

363 4501 470 4555 cati
489 4510 542 4556 et
568 4501 733 4556 erecti
764 4508 910 4554 sunt.
945 4498 1098 4564 Quod
1124 4498 1168 4553 si
1201 4513 1306 4552 non
1331 4499 1686 4568 undequaque
1705 4501 1940 4554 mundus

2047 3309 2238 3362 Edocti
2284 3308 2405 3361 estis
2458 3306 2714 3374 deponere
2746 3314 2961 3358 veterem
2993 3302 3277 3364 hominem,
3333 3315 3395 3352 ac
3427 3312 3617 3350 novum

2045 3401 2261 3455 induere
2279 3399 2345 3452 ’⁸.
2388 3397 2508 3465 Quo
2534 3400 2654 3452 loco
2686 3413 2780 3466 per
2811 3404 3047 3450 veterem
3080 3391 3355 3447 hominem
3393 3390 3482 3458 qui
3524 3388 3620 3442 de-

2046 3495 2290 3564 ponitur,
2328 3493 2498 3547 vitam
2539 3489 2863 3544 sceleratam
2920 3486 3208 3556 intelligit;
3263 3499 3360 3554 per
3416 3496 3616 3535 novum

2044 3597 2250 3650 autem,
2290 3583 2386 3654 qui
2421 3583 2736 3652 ,perlicitur
2764 3618 2780 3640 .
2838 3594 2956 3633 eam
2996 3580 3116 3631 vita:
3177 3577 3464 3636 rationem,
3499 3588 3623 3642 quae

2043 3677 2300 3731 omnibus
2320 3674 2536 3728 virtutis
2558 3673 2798 3728 numeris
2827 3670 3153 3725 absolvitur.
3186 3667 3422 3739 Cyrillus
3441 3675 3620 3719 tamen

2045 3785 2138 3838 per
2166 3783 2366 3822 novum
2396 3766 2673 3820 hominem
2711 3773 2766 3817 et
2799 3777 2998 3818 novum
3036 3761 3303 3813 Adamum
3337 3756 3618 3812 Christum

2043 3860 2342 3931 significari
2388 3867 2560 3929 putat,
2595 3871 2757 3927 quem
2799 3856 2884 3924 pie
2930 3862 3095 3922 atque
3144 3851 3354 3919 integre
3387 3848 3620 3902 vivendo

2043 3953 2349 4007 induimus.
2411 3951 2493 4006 Ad
2551 3965 2714 4020 quem
2779 3960 3052 4009 sensum,
3113 3957 3236 4012 qua:
3295 3947 3618 4009 sequentur,

2043 4039 2326 4100 commode
2351 4043 2658 4097 referentur
2692 4061 2705 4096 :
2737 4038 2799 4095 Si
2827 4055 2931 4109 qua
2969 4039 3022 4090 in
3053 4033 3266 4094 Christo
3312 4048 3445 4085 nova
3471 4047 3621 4083 crea-

2045 4150 2192 4198 tura,
2229 4136 2570 4200 rcnouemini,
2633 4134 2687 4189 id
2725 4143 2827 4198 est,
2860 4131 3064 4187 Omnes
3110 4129 3201 4199 qui
3235 4125 3451 4196 ﬂagitiis
3492 4138 3620 4178 eor—

2046 4230 2190 4298 rupti
2226 4225 2386 4293 estis,
2427 4234 2480 4281 et
2534 4232 2862 4280 vetustatem
2915 4221 3191 4291 peccando
3247 4214 3620 4275 contraxistis,

2044 4339 2106 4376 ac
2145 4320 2340 4376 deinde
2364 4335 2497 4373 nova
2534 4326 2786 4373 creatura
2822 4331 2916 4381 per
2961 4313 3290 4379 baptismum
3327 4307 3455 4363 facti
3489 4307 3623 4363 estis

2043 4429 2140 4484 per
2199 4410 2548 4482 quotidianas
2621 4409 2885 4463 virtutum
2959 4406 3372 4477 progressioues
3458 4413 3622 4472 atque

2045 4508 2382 4560 incrementa
2418 4501 2786 4558 reuovemini.

362 4592 597 4648 visibilis
641 4592 872 4646 salutem
907 4590 1116 4659 accepit
1157 4590 1440 4659 (quoniam
1501 4607 1568 4645 ne
1598 4606 1790 4646 on‘tnes
1819 4593 1940 4661 qui-

2117 4598 2382 4653 PSELLUS.
2417 4614 2436 4647 ‹
2463 4593 2533 4648 Ει
2559 4595 2703 4659 steti,
2729 4603 2778 4648 et
2810 4593 3110 4661 speculatus
3141 4609 3278 4646 sum.
3315 4609 3331 4640 ι
3374 4589 3617 4652 Verbum,

363 4685 487 4739 dem
520 4683 770 4739 homines
800 4683 904 4738 fide
934 4683 1142 4753 praediti
1163 4693 1314 4748 sunt,
1333 4699 1429 4738 nec
1453 4699 1642 4739 omnes
1671 4697 1936 4754 praecrpta

362 4777 626 4848 servant),
672 4793 778 4832 non
830 4786 914 4832 est
969 4786 1275 4845 propterea,
1330 4791 1427 4830 cur
1491 4776 1618 4831 illud
1673 4785 1935 4846 tauqu

365 4867 560 4923 falsum
611 4869 872 4938 evplodas
908 4885 922 4922 :
959 4866 1130 4924 Hodie
1155 4870 1307 4924 salus
1349 4870 1555 4923 mundo
1584 4870 1812 4926 visibili.
1849 4874 1938 4927 Si-

363 4961 586 5030 quidem
641 4962 707 5015 ad
765 4961 1069 5016 Salvatoris
1102 4977 1329 5032 scopum
1364 4963 1648 5018 referenda
1699 4972 1782 5019 est
1817 4965 1932 5020 haec

361 5056 561 5110 oratio.
588 5055 754 5125 Atqui
778 5064 1044 5125 quantum
1071 5058 1138 5110 ad
1168 5057 1290 5124 ejus
1317 5056 1647 5111 voluntatem
1675 5066 1730 5112 et
1757 5058 1936 5112 inten-

361 5146 567 5201 tionem
627 5146 915 5202 universus
965 5149 1205 5201 mundus
1257 5148 1487 5202 salutem
1549 5150 1776 5220 accepit.
1829 5149 1936 5205 Pro

364 5240 620 5294 omnibus
644 5239 788 5293 enim
817 5239 1078 5295 Christus
1112 5249 1363 5296 mortuus
1400 5250 1504 5304 est,
1531 5249 1586 5296 et
1608 5243 1932 5298 resurrexit.

366 5331 423 5385 Si
454 5342 636 5385 autem
667 5331 744 5386 rei
775 5341 1028 5386 eventum
1063 5343 1394 5402 spectemus,
1425 5335 1460 5387 ii
1498 5334 1598 5388 soli
1637 5336 1728 5404 qui
1762 5336 1911 5391 credi

366 5423 584 5483 derunt,
618 5431 674 5474 et
705 5424 958 5477 mandata
993 5432 1383 5489 servaverunt,
1418 5425 1652 5481 salutem
1691 5428 1936 5481 assecuti

365 5520 516 5566 sunt.
547 5510 653 5566 Sed
701 5513 1004 5578 videamus,
1027 5529 1149 5582 quae
1199 5524 1546 5584 sequuntur:
1585 5516 1840 5572 Christus
1874 5533 1940 5571 ex

365 5606 619 5671 mortuis,
649 5606 841 5676 supple
887 5607 1156 5661 Surrexit.
1195 5607 1302 5662 Vos
1336 5623 1557 5678 quoque
1588 5608 1754 5679 igitur
1775 5608 1940 5664 simul

371 5713 401 5751 a
437 5705 792 5766 peccatorum
832 5708 1011 5754 morte
1052 5700 1340 5770 resurgite.
1388 5699 1643 5754 Christus
1697 5701 1763 5753 ad
1828 5714 1948 5755 sese

2048 4689 2202 4754 Steti,
2235 4689 2424 4743 animt:
2461 4687 2774 4756 ﬁrmitatem
2819 4694 2865 4739 et
2910 4685 3263 4737 constantiam
3330 4681 3617 4750 designat,

2049 4790 2205 4849 atque
2233 4781 2509 4832 immotum
2541 4785 2590 4828 et
2609 4775 2677 4828 ad
2694 4775 2954 4827 deteriora
2985 4770 3369 4825 immutabilem
3389 4780 3620 4842 statum.

2046 4872 2190 4927 Illud
2251 4879 2429 4924 autem
2460 4909 2475 4932 ,
2511 4886 2530 4919 ι
2569 4866 2885 4936 Speculatus
2921 4881 3035 4919 sum
3063 4904 3078 4927 ,
3119 4883 3137 4916 ι
3209 4873 3514 4916 accuratam
3567 4874 3620 4917 et

2049 4970 2415 5032 congruentem
2455 4957 2950 5027 contemplationem
2985 4963 3033 5009 et
3065 4956 3432 5026 cognitionem,
3464 4970 3615 5008 eum-

2045 5072 2143 5126 que
2194 5057 2494 5122 impetum,
2544 5067 2644 5122 quo
2699 5051 2908 5103 animus
2948 5049 3016 5102 ad
3068 5064 3130 5102 ea
3168 5049 3357 5116 fertur,
3408 5065 3525 5117 qua:
3561 5047 3613 5100 in

2052 5146 2402 5216 cognitionem
2437 5143 2650 5205 cadunt,
2713 5141 3000 5211 signiﬁcat.
3059 5138 3149 5194 Sic
3202 5139 3338 5194 enim
3387 5141 3431 5194 is
3467 5141 3558 5210 qui
3590 5157 3618 5194 ε

2053 5255 2227 5294 rerum
2257 5253 2624 5306 corporearum
2655 5235 2895 5290 crassitie
2917 5235 3397 5304 emergit,primnm
3415 5234 3620 5304 quidem

2052 5331 2279 5384 mediam
2337 5330 2477 5383 viam
2511 5328 2720 5392 conﬁcit
2747 5367 2762 5388 ,
2819 5343 2936 5398 qua:
2963 5336 3014 5380 et
3067 5324 3317 5379 animalis
3371 5326 3567 5377 dicitur
3599 5338 3619 5377 :

2042 5432 2228 5490 postea
2272 5438 2391 5475 uero
2421 5421 2806 5483 sublimiorem,
2833 5436 2952 5491 qua:
2980 5427 3030 5472 et
3061 5417 3357 5488 spiritualis
3377 5419 3620 5470 nomina-

2047 5526 2152 5571 tur.
2203 5531 2222 5565 ι
2269 5513 2337 5567 Et
2385 5529 2500 5566 ecce
2531 5513 2610 5566 vir
2651 5511 3002 5566 conscendens
3063 5507 3222 5562 nubes
3251 5506 3388 5561 creti.
3434 5523 3454 5556 ι
3501 5503 3614 5567 Vir,

2046 5607 2171 5679 quia
2203 5604 2335 5658 nihil
2367 5604 2601 5657 divinum
2633 5601 2887 5656 muliebre
2925 5608 3003 5655 est
3052 5615 3115 5652 ac
3143 5596 3317 5652 molle.
3355 5597 3621 5650 Conscen-

2047 5697 2197 5762 deus,
2223 5697 2313 5768 qui
2335 5696 2387 5749 in
2416 5693 2609 5748 divinis
2659 5692 2793 5746 nihil
2843 5689 3176 5762 provolutum
3219 5696 3269 5743 et
3317 5687 3616 5758 abjectum,

453 5854 498 5886 “
528 5853 664 5912 Dan.
715 5873 768 5924 x,
801 5859 853 5914 Ei.
930 5857 973 5890 "
1001 5855 1137 5912 ibid.
1169 5856 1224 5913 6.
1301 5859 1345 5890 "
1386 5855 1600 5916 Nahum
1653 5874 1716 5925 ιι,
1746 5857 1800 5913 4.
1877 5856 2108 5928 "Apoc.
2139 5873 2178 5925 ι,
2216 5856 2302 5914 l0.
2380 5857 2425 5890 "'
2459 5855 2660 5928 Ephcs.
2697 5869 2772 5923 tv,
2796 5853 2889 5920 2|,
2925 5850 3017 5906 ἐξ.
