4100 6406
512 439 650 505 l3i7

1937 441 2194 503 ADDEN
2205 441 2323 502 DA.

3645 430 3782 496 i303

517 560 722 626 Nubes,
753 558 882 627 quia
914 559 1084 612 omnis
1117 556 1414 627 fecunditas
1464 573 1496 612 a
1549 556 1990 628 pmstantiorum
2035 567 2085 610 et
2113 558 2161 618 Α
2191 570 2428 621 comam,
2459 554 2543 609 vel
2572 555 2642 609 ob
2685 561 2964 624 acceptam
3003 566 3251 618 uxorem,
3309 551 3398 607 vel
3447 551 3518 607 oh
3551 552 3775 610 domum

513 652 815 704 diuinarum
845 665 1107 719 aquarum
1135 648 1430 717 iuﬂuxione
1458 657 1764 716 promanat.
1792 647 1930 700 Nam
1963 648 2095 717 infe-

513 741 660 794 riora
691 741 801 792 lucc
837 747 969 792 a'stu
993 747 1043 791 et
1092 739 1333 792 siccitate
1363 739 1517 809 plena
1560 749 1702 793 sunt.
1742 737 1896 803 Quod
1919 748 2097 792 autem

514 831 823 896 adiunctum
862 839 976 895 est,
1010 829 1164 894 Caeli,
1200 835 1295 884 hoc
1347 830 1475 884 mihi
1506 831 1816 901 signiﬁcare
1859 830 2092 895 videtur,

513 923 655 994 quod
686 923 796 974 lucc
827 923 962 976 visio
1021 922 1154 975 nihil
1191 922 1387 977 humile
1433 939 1495 976 ac
1541 932 1811 976 terrenum
1859 921 2096 976 habeat:

514 1017 763 1085 quoniam
823 1015 987 1069 nubes
1037 1015 1279 1085 qutrdam
1338 1024 1498 1080 sunt,
1537 1030 1652 1082 qua:
1713 1013 2097 1066 altissimorum

518 1109 775 1164 montium
810 1108 1089 1162 cacumina
1119 1123 1223 1161 non
1249 1115 1521 1175 superant,
1565 1105 2011 1177 quemadmodum
2042 1104 2097 1158 in

518 1199 763 1254 meteoris
815 1198 1126 1254 Aristoteles
1179 1200 1363 1261 docet,
1421 1213 1657 1252 summos
1721 1195 2097 1250 nonnullorum

505 1291 781 1346 montium
814 1293 1028 1347 uertices
1057 1295 1509 1354 commemorans‘,
1561 1291 1652 1362 qui
1705 1305 1797 1343 nec
1838 1287 2098 1343 imbribus

521 1383 828 1446 alluuntur,
873 1399 964 1438 nec
999 1383 1258 1454 grandine
1289 1383 1632 1438 verberantur
1660 1397 1682 1438 :
1709 1383 1882 1452 qualis
1913 1380 2096 1435 videli-

517 1483 599 1528 cet
628 1484 703 1528 est
735 1473 1018 1543 Olympus.
1080 1472 1258 1527 Nubes
1310 1483 1487 1528 autem
1539 1473 1658 1528 coeli
1705 1473 1986 1542 allegorice
2016 1470 2100 1524 di-

518 1576 715 1618 cuntur
743 1566 968 1634 angelici
1001 1565 1243 1632 spiritus,
1277 1567 1523 1620 sublimes
1553 1575 1602 1619 et
1629 1565 1883 1626 (mlestes,
1907 1565 2098 1634 quibus

520 1655 619 1710 alii
651 1657 873 1724 spiritus
914 1658 1237 1721 insidentes,
1278 1674 1363 1722 ea,
1404 1674 1521 1728 qua:
1547 1659 1634 1712 hic
1677 1667 1770 1711 aut
1797 1657 1910 1711 illic
1933 1657 2096 1726 ﬁunt,

523 1749 593 1801 ad
625 1748 860 1802 homines
894 1748 990 1801 hoc
1021 1748 1318 1816 spectaculo
1345 1750 1534 1818 dignos
1567 1749 1862 1817 perferunt.

588 1840 710 1896 Col.
744 1841 869 1896 6‘35.
907 1841 964 1895 Β.
985 1840 1114 1896 Ilth
1142 1843 1349 1911 quidem
1384 1845 1491 1910 ipse
1520 1843 1752 1907 dicebat,
1776 1853 1882 1898 etc.
1912 1842 2091 1912 Atque

2199 657 2296 703 aut
2345 660 2543 702 terram
2584 647 2819 717 primum
2865 645 3190 708 habitatam,
3231 643 3312 698 vel
3348 645 3419 698 ob
3459 645 3597 700 alias
3624 648 3783 702 simi-

2200 742 2278 798 les
2329 757 2527 796 causas
2587 740 2850 795 celebrari
2917 740 3188 795 solebant.
3251 737 3578 808 Huiusmodi
3635 739 3782 793 enim

2202 833 2336 887 festa
2391 833 2540 887 humi
2579 832 2756 887 delixa
2794 842 2956 893 sunt,
3003 846 3066 886 ac
3087 831 3345 886 deorsum
3403 839 3456 884 et
3523 829 3576 883 in
3639 839 3784 884 terra

2200 924 2514 980 volvuntur.
2551 927 2620 977 At
2652 935 2968 978 sanctorum
3002 922 3136 977 festa
3176 921 3240 975 ad
3289 919 3459 975 Deum
3493 921 3786 990 eriguntur

2200 1030 2264 1070 ac
2319 1025 2630 1086 penetrant.
2696 1014 2868 1082 igitur
2932 1029 3040 1067 non
3104 1013 3282 1067 solum
3339 1011 3581 1066 humana
3649 1012 3784 1066 festa

2199 1105 2482 1163 Paschalis
2533 1107 2733 1160 festum
2792 1113 3016 1174 superat
3054 1113 3112 1159 et
3156 1103 3518 1165 transcendit,
3583 1103 3677 1156 sed
3725 1113 3782 1157 et

2201 1199 2348 1270 ipsas
2373 1199 2574 1254 Christi
2603 1198 2932 1254 festivitates
2965 1213 3074 1252 non
3097 1196 3280 1252 minus
3308 1197 3593 1260 obscurat,
3617 1212 3783 1266 qttam

2201 1291 2282 1347 sol
2307 1290 2513 1360 reliqua
2541 1289 2743 1345 sidera.
2768 1289 2918 1344 Adeo
2949 1287 3235 1358 prmlulget
3264 1287 3430 1356 hujus
3455 1287 3560 1341 dici
3583 1287 3778 1356 gratia.

2271 1383 2406 1440 Ibid.
2456 1382 2518 1438 C.
2553 1381 2828 1438 Prteclara
2866 1382 3076 1452 quidem
3109 1380 3258 1434 nobis
3287 1395 3494 1450 quoque
3521 1379 3638 1448 fuit.
3668 1387 3775 1433 etc.

2201 1475 2491 1541 Praeclara,
2548 1474 2750 1544 inquit,
2812 1474 2976 1528 etiam
3015 1472 3150 1536 fuit,
3202 1473 3458 1526 hesterna
3514 1470 3776 1524 luminum

2201 1567 2488 1624 celebritas
2531 1607 2548 1632 ,
2603 1566 2710 1620 hoc
2762 1575 2848 1620 est
2897 1575 3074 1621 cmlus
3105 1563 3196 1617 ille
3243 1563 3336 1632 qui
3397 1563 3463 1618 ad
3496 1576 3783 1632 vesperam

2209 1661 2391 1730 magni
2422 1659 2644 1714 Sabbati
2693 1657 3094 1715 celebrabatur.
3129 1655 3462 1724 Pervigilem
3504 1654 3650 1708 enim
3680 1666 3786 1706 no-

2201 1761 2341 1805 ctem
2372 1749 2770 1815 traducebant,
2805 1764 2980 1819 usque
3007 1751 3071 1802 ad
3111 1749 3304 1801 horam
3339 1747 3626 1816 septimam
3654 1757 3786 1800 can-

2204 1850 2402 1907 tantes,
2460 1858 2524 1897 ac
2587 1842 2866 1910 lampades
2930 1841 3328 1901 accendemus,
3379 1844 3547 1906 atque
3603 1834 3789 1890 immi-

520 1933 634 1987 hzec
684 1933 874 1987 dicens
931 1933 1188 1988 inductus
1236 1943 1322 1988 est
1366 1935 1590 2003 angelus
1639 1935 1748 2001 ille,
1812 1945 1995 1990 mente
2036 1946 2090 1989 et
2121 1903 2167 1964 Β
2199 1941 2414 1986 nantem
2473 1932 2780 1987 Servatoris
2838 1933 3008 1986 nostri
3059 1929 3535 1985 R-surrectionem
3590 1944 3787 1999 exspe-

516 2023 844 2094 cogitatione
877 2022 1229 2078 informatus.
1265 2024 1453 2095 Angeli
1488 2036 1671 2079 autem
1697 2041 1822 2080 eum
1852 2027 2091 2080 circum-

517 2124 724 2169 stantes
751 2130 970 2170 carmen
1041 2116 1173 2170 illud
1232 2119 1673 2185 modulabantur,
1727 2119 1871 2188 quod
1937 2121 2091 2190 prius

515 2203 850 2272 cecinerant,
885 2222 1009 2260 eum
1051 2206 1306 2262 Christus
1339 2209 1392 2262 in
1424 2210 1608 2273 terris,
1662 2220 1825 2280 atque
1863 2226 1927 2264 ex
1961 2209 2090 2264 Vir-

517 2298 642 2367 gine
701 2314 935 2354 nascens
981 2299 1331 2354 cernebatur.
1362 2301 1502 2366 Quid
1560 2312 1740 2356 autem
1778 2318 1958 2358 causa:
1987 2312 2090 2366 est,

518 2405 640 2454 cur,
695 2398 752 2445 et
779 2405 846 2446 eo
877 2400 1146 2461 tempore,
1178 2403 1231 2447 et
1265 2409 1432 2457 nunc,
1479 2396 1792 2449 cantionem
1845 2396 2090 2451 eamdem

515 2482 772 2536 canunt?
819 2483 1078 2537 nimirum
1147 2485 1276 2554 quia
1339 2485 1514 2556 ipsius
1570 2485 1837 2542 Nativitas
1899 2486 2096 2542 salutis

517 2582 716 2627 nostra:
750 2573 1076 2644 principium
1129 2574 1250 2640 fuit,
1285 2575 1640 2632 Resurreclio
1689 2577 1830 2633 linis.
1892 2579 2096 2648 Cujus-

520 2664 666 2718 tnodi
699 2673 882 2720 autem
909 2676 1024 2721 erat
1058 2666 1188 2722 illud
1232 2669 1551 2724 canticum?
1583 2669 1765 2725 Gloria
1809 2672 1864 2725 in
1892 2672 2095 2727 altissi-

515 2756 615 2810 mis
651 2757 780 2822 Deo,
813 2768 861 2812 et
902 2760 952 2813 in
982 2773 1124 2814 terra
1152 2775 1278 2828 pax,
1311 2762 1366 2814 in
1405 2761 1704 2818 hominibus
1732 2763 1867 2818 bona
1909 2764 2097 2818 volun-

515 2860 598 2906 tas
628 2851 696 2906 ".
751 2851 886 2906 Nam
917 2854 1376 2923 quemadmodum
1419 2857 1628 2926 angeli,
1693 2856 1940 2912 ordinem
1991 2858 2094 2913 sibi

515 2943 837 2999 attributum
901 2955 1205 3010 servantes,
1261 2962 1385 3001 cum
1427 2947 1536 3002 Deo
1597 2963 1783 3018 pacem
1848 2949 2095 3005 habent:

517 3035 590 3088 ita
623 3050 723 3091 nos
779 3037 991 3103 miseri,
1032 3047 1321 3108 postquam
1370 3040 1844 3110 concupiscentlas
1881 3050 2097 3098 nostras

516 3127 612 3183 Dei
663 3128 934 3184 voluntati
1005 3130 1404 3200 opposuimus,
1468 3132 1521 3187 in
1576 3133 1812 3188 hostium
1867 3149 2098 3188 numero

2196 2031 2420 2078 ctantcs.
2455 2021 2607 2076 llunc
2631 2037 2794 2092 porro
2813 2031 3013 2076 emtum
3036 2021 3310 2074 celebrant
3337 2018 3426 2074 alii
3456 2017 3706 2090 privatim
3735 2027 3791 2072 et

2201 2116 2367 2176 domi,
2403 2115 2490 2168 alii
2525 2115 2736 2182 publice
2785 2122 2840 2167 et
2895 2114 2948 2167 in
2981 2112 3266 2167 catholicis
3303 2109 3584 2166 Eeclesiis.
3614 2110 3791 2165 Omne

2198 2223 2368 2276 genus
2427 2207 2734 2268 hominum,
2803 2206 2928 2270 viri,
2983 2205 3277 2267 mulieres,
3329 2219 3532 2267 senes,
3590 2201 3788 2272 pueri,

2194 2299 2440 2367 juvenes.
2505 2298 2659 2366 Quod
2733 2310 2913 2354 autem
2974 2299 3129 2359 dicit,
3175 2297 3391 2363 Ferme,
3443 2296 3664 2367 quidam
3720 2297 3790 2352 ad

2199 2401 2492 2461 utrumque
2521 2392 2784 2455 referunt,
2825 2406 3018 2462 nempe
3072 2388 3138 2444 ad
3175 2405 3339 2443 omne
3391 2405 3585 2459 genus,
3634 2398 3688 2443 et
3721 2390 3786 2443 ad

2200 2503 2392 2542 onmes
2446 2488 2769 2555 magistratu
2841 2496 2894 2541 et
2957 2485 3221 2558 dignitate
3286 2485 3553 2553 insignes,
3602 2495 3658 2538 ut
3717 2487 3792 2542 sit

2199 2595 2419 2642 sensus,
2445 2595 2635 2649 parum
2661 2581 2876 2640 abesse.
2901 2579 3032 2649 quin
3062 2593 3252 2633 omnes
3275 2577 3569 2647 cujuslibet
3590 2579 3795 2646 aetatis,

2199 2683 2252 2729 et
2295 2689 2486 2728 omnes
2541 2672 2844 2726 honoribus
2877 2686 2941 2726 ac
2993 2671 3352 2739 dignitatibus
3400 2669 3636 2740 praediti,
3693 2686 3793 2725 no-

2201 2776 2344 2821 ctem
2425 2780 2570 2830 eam,
2599 2781 2720 2835 qua:
2747 2780 3005 2835 magnum
3035 2763 3334 2819 Sabbatttm
3375 2763 3598 2834 excipit,
3650 2765 3796 2818 cele-

2202 2860 2381 2916 brcnt.
2429 2859 2719 2915 Probabile
2751 2869 2835 2914 est
2884 2859 3029 2913 enim
3067 2867 3122 2913 et
3164 2858 3400 2928 aliquam
3443 2865 3654 2911 aetatem
3680 2897 3696 2922 ,
3736 2865 3796 2912 et

2203 2969 2492 3024 procerum
2548 2952 2816 3022 quosdam
2888 2951 3018 3004 huic
3082 2949 3494 3020 congregationi
3564 2949 3794 3002 minime

2202 3045 2484 3099 interesse.
2511 3043 2612 3096 Alii
2637 3041 2978 3100 adverbium,
3014 3039 3224 3102 Fertne,
3251 3047 3460 3091 tantum
3488 3053 3611 3092 cum
3640 3037 3792 3090 omni

2203 3150 2402 3206 genere
2447 3134 2730 3188 hominum
2771 3140 3119 3197 construunt,
3175 3145 3286 3184 non
3335 3140 3515 3183 autem
3564 3142 3687 3182 cum
3723 3141 3793 3181 eo

517 3227 682 3290 atque
715 3221 909 3276 ordine
969 3222 1108 3292 apud
1149 3239 1274 3278 eum
1337 3223 1522 3278 haberi
1557 3225 1844 3294 coepimus.
1895 3223 2094 3280 Verum
2125 3246 2169 3304 ο
2201 3227 2386 3292 etiam,
2421 3226 2566 3295 quod
2598 3225 2842 3292 sequitur
2879 3242 2892 3276 :
2923 3222 3127 3277 Omnes
3170 3221 3492 3292 magistratu
3527 3230 3580 3275 et
3611 3220 3791 3289 digni-

519 3312 626 3368 boc
664 3328 758 3382 per
799 3313 1078 3368 Christum
1116 3315 1389 3369 sublatum
1441 3324 1544 3371 est.
1581 3317 1699 3386 Ipse
1727 3317 1869 3370 enim
1919 3318 2096 3381 nobis,

518 3410 573 3456 et
633 3418 734 3472 pax
782 3412 836 3457 et
892 3405 1030 3458 bona
1077 3405 1328 3462 voluntas
1384 3403 1560 3462 lactus
1593 3417 1698 3468 est.
1753 3407 2094 3477 iniquitatem

519 3494 794 3560 videlicet,
853 3496 1150 3551 inimicitiae
1190 3507 1495 3566 parentem,
1532 3498 1598 3554 de
1637 3500 1822 3553 medio
1876 3498 2094 3566 tollens,

519 3594 687 3656 atque
733 3602 827 3641 eos
856 3603 1024 3656 prope
1067 3604 1293 3654 vocans,
1336 3590 1429 3660 qui
1462 3590 1652 3660 procul
1685 3592 1877 3645 remoti
1919 3601 2096 3656 erant,

528 3678 746 3746 Deoque
779 3686 832 3732 et
879 3677 1025 3732 Patri
1081 3694 1176 3748 per
1211 3694 1268 3734 se
1303 3679 1664 3752 coniungens,
1715 3696 1778 3734 ac
1815 3681 2095 3750 superiora

523 3783 652 3822 rum
712 3767 1064 3823 inferioribus
1129 3780 1484 3836 connectens,
1558 3773 1866 3840 bonamque
1919 3771 2098 3828 Patris

521 3859 856 3915 voluntatem
891 3860 1146 3931 implens,
1207 3877 1329 3930 qua:
1373 3861 1596 3931 quidem
1633 3861 1768 3916 nihil
1801 3869 1886 3916 est
1927 3862 2094 3926 aliud,

523 3967 689 4022 quam
751 3950 910 4007 fracti
969 3960 1026 4008 et
1083 3955 1438 4022 conquassati
1492 3952 1686 4007 Adami
1747 3954 2093 4010 instauratio.

519 4043 672 4099 Talis
712 4044 1032 4114 angelorum
1082 4053 1302 4110 cantus,
1335 4061 1458 4101 cum
1493 4045 1697 4116 quibus
1732 4047 1847 4116 ipse
1875 4063 2097 4118 quoque

522 4135 628 4189 hoc
685 4133 899 4202 loquor.
954 4131 1133 4203 Atque
1171 4133 1379 4188 utinam
1415 4133 1578 4189 etiam
1611 4151 1799 4190 vocem
1833 4138 2098 4206 accipiam

524 4226 698 4281 nihilo
721 4226 963 4296 angelica
989 4226 1328 4295 inferiorem,
1362 4228 1456 4282 sed
1490 4228 1559 4282 ita
1591 4228 1813 4295 claram,
1849 4239 1902 4283 et
1933 4231 2096 4284 altam

523 4327 689 4382 atque
721 4331 1001 4384 canoram,
1039 4327 1096 4372 ut
1123 4334 1187 4372 ex
1221 4319 1477 4376 omnibus
1505 4329 1663 4374 terra:
1705 4320 1904 4376 finibus
1927 4336 2099 4376 exau-

524 4404 628 4459 diri
677 4406 863 4476 possit.
901 4405 1020 4460 iam
1059 4423 1188 4462 vero
1220 4407 1502 4464 Paschatis
1527 4426 1726 4464 nomen
1761 4420 1848 4465 ter
1878 4413 2099 4482 repetit,

527 4498 727 4568 partim
762 4508 820 4553 ut
855 4499 1134 4570 profusam
1169 4501 1335 4554 animi
1367 4500 1607 4555 laetitiam
1637 4504 1890 4559 ostendat
1924 4518 1938 4556 :
1973 4519 2100 4574 par-

2205 3327 2315 3370 tate
2345 3315 2591 3382 insignes
2617 3333 2629 3368 :
2663 3324 2720 3367 ut
2752 3313 2822 3366 sit
2851 3311 3144 3375 sententia,
3175 3326 3368 3365 omnes
3396 3311 3614 3380 quidem
3647 3310 3790 3376 fere,

2203 3407 2398 3478 quovis
2433 3421 2629 3476 genere
2677 3413 3027 3469 censeantur,
3078 3405 3181 3460 hoc
3229 3403 3424 3460 festum
3463 3405 3690 3475 agitare.
3727 3419 3795 3459 ac

2206 3514 2420 3562 omnes,
2475 3497 2565 3567 qui
2627 3497 2989 3566 dignitatibus
3041 3497 3218 3551 ornati
3267 3497 3399 3562 sint,
3447 3500 3580 3553 citra
3623 3495 3790 3550 ullam

2200 3592 2572 3662 exceptionem
2609 3598 2662 3645 et
2695 3591 3100 3646 distinctionem
3129 3590 3233 3646 hoc
3257 3588 3457 3645 festum
3494 3590 3796 3644 celebrare.

2202 3686 2344 3740 Sunt
2393 3700 2584 3739 rursus
2611 3728 2625 3748 ,
2663 3684 2755 3754 qui
2799 3684 3115 3739 adverbium
3167 3682 3267 3737 hoc
3297 3723 3311 3747 ,
3345 3681 3574 3749 Fertne,
3612 3683 3680 3737 ab
3711 3681 3797 3736 his

2202 3778 2405 3832 Verbis.
2460 3776 2632 3830 Omne
2669 3792 2842 3845 genus
2884 3775 3189 3839 hominum,
3227 3775 3631 3842 abstrahentes,
3667 3791 3791 3830 cum

2203 3870 2288 3923 his
2320 3870 2534 3924 verbis:
2567 3868 2769 3922 Omnes
2803 3865 3122 3935 magistratu
3149 3875 3200 3918 et
3230 3865 3492 3931 dignitate
3529 3865 3797 3933 insignes,

2203 3960 2638 4015 connectendum
2692 3965 2901 4027 putent.
2966 3954 3214 4022 Quorum
3274 3955 3360 4010 hic
3414 3969 3611 4012 sensus
3671 3967 3793 4013 est:

2203 4052 2377 4105 Omne
2411 4051 2631 4122 quidem
2685 4049 2968 4104 hominum
3003 4065 3179 4119 genus
3202 4089 3216 4112 ,
3252 4049 3304 4104 id
3333 4057 3448 4117 est,
3483 4051 3708 4105 masculi
3743 4053 3798 4103 et

2202 4140 2421 4196 feminae
2444 4183 2459 4208 ,
2487 4149 2644 4196 aetate
2675 4140 2932 4196 ﬂorentes
2961 4149 3014 4195 et
3045 4139 3190 4194 elleti
3237 4155 3301 4196 ac
3345 4141 3628 4210 decrepiti,
3677 4141 3798 4196 sine

2203 4232 2308 4286 ulla
2348 4233 2666 4303 exceptione
2699 4230 2896 4286 festam
2937 4232 3081 4286 hanc
3120 4241 3333 4286 noctem
3369 4242 3574 4300 agunt:
3604 4240 3659 4284 at
3687 4246 3794 4285 non

2207 4322 2334 4376 item
2378 4322 2494 4376 sine
2545 4321 2867 4391 exceptione
2910 4336 3104 4375 omnes
3157 4321 3211 4374 in
3268 4320 3592 4390 dignitatum
3624 4321 3794 4388 gradu

2205 4421 2391 4485 locati,
2429 4419 2521 4475 Sl‘d
2557 4418 2726 4474 ferme
2753 4433 2966 4481 omnes,
3002 4427 3196 4488 utpote
3255 4417 3443 4488 paucis
3473 4416 3797 4486 quibusdam

2209 4512 2529 4581 proceribus
2589 4509 3071 4580 congregationem
3145 4508 3284 4564 hanc
3355 4506 3798 4576 aspernantibus.

529 4589 623 4644 tim
657 4589 846 4655 etiam,
882 4592 1340 4659 quemadmodum
1382 4592 1498 4658 ipse
1521 4593 1717 4661 inquit,
1749 4603 1809 4649 ut
1843 4595 2097 4650 Trinitati

2211 4603 2493 4657 Referens.
2513 4601 2610 4655 Gr.
2626 4603 2936 4664 ἀντίτυπος.
2959 4602 3090 4667 Quae
3111 4615 3213 4654 vox
3233 4599 3504 4669 duplicem
3524 4599 3800 4666 significa.

530 4682 794 4737 honorem
840 4683 1057 4738 habeat.
1111 4684 1524 4739 Solemnitatem
1559 4696 1737 4740 autem
1783 4688 2107 4743 solemnita-

529 4782 666 4838 tum,
695 4781 750 4828 et
789 4774 1156 4830 celebritatem
1179 4776 1553 4832 celebritatum
1590 4778 1799 4834 Pascha
1830 4791 2009 4845 vocat,
2047 4793 2105 4837 ut

527 4865 854 4934 praecipuam
885 4877 938 4920 et
965 4867 1298 4935 primariam.
1349 4867 1540 4924 Solent
1587 4871 1732 4924 enim
1762 4882 1971 4928 veteres
2006 4891 2104 4929 ex-

523 4958 938 5014 cellentissimus
959 4975 1207 5030 quasque
1223 4975 1309 5015 res
1327 4961 1392 5016 ad
1416 4963 1557 5018 hunc
1578 4965 1793 5020 modum
1815 4968 2104 5035 appellare,

526 5052 687 5106 veluti
709 5050 904 5105 Sancta
927 5054 1565 5117 sanctorum,etCantica
1589 5061 1949 5114 canticorum.
1968 5058 2102 5114 Nam

530 5141 630 5196 nisi
669 5141 1026 5198 llesurrectio
1051 5147 1372 5211 exstitisset,
1411 5164 1510 5202 nec
1545 5148 1833 5214 Natiritas,
1872 5168 1971 5206 nec
2004 5154 2104 5207 ba-

529 5233 790 5300 ptismus,
848 5249 949 5288 nec
980 5243 1175 5288 cal-tera
1210 5235 1414 5292 Christi
1471 5241 1728 5309 mysteria
1781 5245 2103 5298 confirmata

526 5326 781 5394 fuissent,
815 5328 1085 5397 fidemque
1136 5327 1414 5386 fecissent.
1453 5331 1652 5386 \‘erum
1703 5350 1968 5402 quasnam
2003 5339 2104 5389 hoc

527 5422 647 5474 loco
686 5421 957 5476 humanas
997 5420 1320 5477 festivitates
1367 5425 1641 5493 appellat?
1681 5423 1818 5480 Sunt
1857 5427 1950 5495 qui
1985 5428 2102 5482 exi-

525 5514 750 5566 stiment
804 5527 926 5566 eum
987 5511 1055 5567 de
1123 5512 1276 5569 festis
1333 5514 1387 5567 in
1459 5526 1773 5571 sanctorum
1840 5519 2099 5573 honorem

528 5601 796 5657 institutis
829 5603 980 5672 loqui
1031 5622 1045 5658 :
1096 5613 1353 5660 caeterum
1387 5622 1575 5661 revera
1623 5608 1736 5663 haec
1785 5621 1913 5664 sunt
1952 5611 2101 5669 acci-

529 5691 723 5760 pienda
752 5691 820 5746 de
849 5690 1002 5749 festis
1032 5693 1160 5762 illis,
1198 5710 1320 5768 qua:
1344 5697 1426 5754 vel
1450 5697 1521 5754 ob
1545 5700 1783 5770 primum
1814 5701 2098 5758 detonsatn

598 5873 643 5906 "
672 5870 805 5927 Luc.
839 5891 898 5937 tt,
938 5876 1016 5932 ll.

2213 4696 2419 4750 tionem
2459 4695 2640 4749 habet.
2677 4693 2810 4748 Nam
2847 4703 2899 4747 et
2929 4708 3026 4764 pro
3057 4691 3332 4746 contraria
3383 4693 3552 4757 ligura
3597 4690 3801 4759 accipi-

2210 4797 2317 4841 tur.
2371 4784 2462 4841 Sic
2493 4786 2639 4839 enim
2674 4785 2910 4854 Serpens
2947 4797 3133 4838 a-neus
3178 4781 3549 4851 suspenditur,
3596 4796 3704 4836 non
3739 4791 3800 4835 ιιι

2211 4889 2370 4950 typus
2386 4877 2615 4942 Christi,
2641 4876 2733 4930 sed
2756 4885 2814 4930 ut
2835 4877 3113 4946 antitypus
3141 4893 3154 4930 :
3175 4884 3226 4928 et
3251 4889 3348 4944 pro
3372 4874 3566 4942 aequali
3597 4873 3796 4943 ﬁgura,

2211 4982 2269 5026 ut
2316 4971 2419 5025 hoc
2479 4967 2968 5038 loco.Vespertina
3025 4966 3190 5030 enim,
3243 4966 3460 5034 inquit,
3523 4965 3796 5019 luminutn

2208 5062 2492 5117 celebritas
2545 5076 2742 5131 magno
2787 5059 2980 5113 lumini
3038 5060 3205 5128 figura
3253 5057 3638 5127 respondebat.
3685 5055 3800 5111 line

2208 5167 2387 5211 autem
2415 5157 2596 5209 lumen
2625 5155 2816 5209 dividit
2838 5153 3151 5221 Thcologus
3177 5152 3229 5204 in
3263 5151 3486 5206 caeleste
3519 5158 3574 5205 et
3607 5164 3800 5220 super-

2207 5249 2448 5310 cmlestc,
2479 5261 2540 5300 ac
2597 5261 2790 5300 rursus
2841 5244 3230 5315 supercocleste
3266 5241 3455 5295 dividit
3503 5241 3557 5294 in
3609 5241 3794 5292 lumen

2209 5341 2586 5410 angelorum,-
2633 5349 2686 5392 et
2737 5341 2915 5392 lumen
2984 5345 3186 5390 sancta:
3248 5334 3554 5388 Trinitatis.
3607 5332 3797 5400 Angeli

2209 5446 2394 5501 porro,
2459 5441 2726 5498 quantum
2780 5430 2842 5483 ad
2904 5428 3249 5491 Trinitatem,
3307 5426 3560 5481 Secundae
3606 5425 3801 5479 lucida:

2209 5535 2417 5578 natura:
2471 5523 2738 5576 rationem
2771 5523 2978 5575 obtinet
3013 5538 3026 5573 :
3063 5527 3250 5588 utpote
3295 5520 3385 5588 qui
3419 5518 3486 5572 ab
3518 5532 3578 5570 ea
3610 5516 3801 5586 splen-

2205 5618 2391 5673 dorem
2433 5617 2740 5687 accipiant,
2788 5616 2938 5685 iuxta
2977 5614 3132 5667 iridis
3165 5612 3473 5682 exemplum
3499 5651 3513 5676 ,
3552 5612 3654 5665 hoc
3691 5619 3798 5672 est,

2207 5725 2368 5766 arcus
2404 5710 2552 5766 illius
2583 5708 2846 5775 caelestis,
2883 5721 3046 5778 quem
3080 5706 3159 5763 sol
3189 5707 3244 5761 in
3282 5705 3536 5761 humidus
3564 5712 3617 5760 et
3643 5711 3802 5757 tran-
