4100 6422
386 423 525 494 i309
1366 435 1690 497 NICETAS
1727 435 1808 498 IN
1849 437 2072 499 ORAT.
2104 437 2270 502 XLII
2313 440 2373 502 S.
2415 440 2649 502 GREG.
3520 433 3656 501 1310

373 539 577 610 quibus
625 549 790 610 atque
839 554 1062 613 paratas
1125 543 1301 601 nubes
1358 545 1610 602 incidens
1665 546 2412 618 pregignit,Aauspicabor.
2463 549 2736 616 Quoniam
2790 547 2936 603 enim
2991 547 3044 602 in
3081 544 3268 600 animo
3323 544 3500 598 habeo
3531 543 3662 598 huic

371 641 638 702 quantum
669 643 849 689 autem
883 635 950 689 ad
982 651 1106 704 nos,
1141 637 1315 706 prima
1344 647 1534 690 natura
1567 646 1737 691 sunt:
1769 646 1962 708 quate-
2071 655 2271 709 magno
2297 639 2740 696 Resurrectionis
2763 641 2868 696 diei
2894 640 2993 695 hos
3021 651 3302 694 sermones
3323 620 3659 700 sacrificare,

387 740 495 779 nus
557 725 661 794 ipsi
717 726 1070 793 immediate,
1127 729 1378 784 homines
1441 744 1571 783 vero
1628 728 1964 784 intermediis
2073 739 2239 801 atque
2273 731 2375 802 ipsi
2398 731 2620 786 Christo
2648 747 2844 802 magno
2872 729 3143 785 sacrificio
3175 727 3448 796 (Christus
3477 736 3658 780 autem

382 817 590 887 angelis
632 819 1047 877 collustrantur.
1082 820 1351 875 Dividitur
1385 830 1568 878 autem
1615 831 1671 878 et
1713 837 1962 878 commu-
2072 831 2366 890 utrumque
2389 829 2496 881 est,
2520 835 2713 890 nempe
2737 820 2879 875 Deus
2899 828 2953 874 et
2973 819 3156 883 homo,
3176 831 3409 886 quorum
3430 817 3658 869 alterum

376 915 595 963 nicatur
615 924 777 965 omne
801 912 982 966 lumen
1015 913 1081 966 ab
1106 912 1362 967 invisibili
1388 913 1594 969 lumine
1616 923 1819 969 sancta:
1841 913 1964 966 Tri-
2072 927 2288 982 semper
2333 921 2436 979 est,
2479 913 2711 966 alterum
2772 921 2961 982 postea
3010 918 3212 966 nostra:
3247 910 3444 965 salutis
3489 922 3658 961 causa

375 999 566 1054 uitatis
588 1040 602 1064 ,
633 996 954 1056 indivisibili
987 1002 1208 1072 quidem
1239 1003 1283 1057 si
1309 1004 1605 1058 essentiam
1647 1015 1962 1074 spectemus
2072 1004 2248 1060 factus
2272 1006 2400 1075 est),
2420 1004 2572 1075 prius
2597 1005 2725 1058 mihi
2753 1003 3061 1058 faciendum
3086 1011 3191 1067 est,
3216 1001 3359 1056 utde
3379 999 3664 1053 divinitate

377 1089 504 1160 (nec
566 1091 712 1146 enim
774 1092 829 1146 in
891 1091 1132 1147 divinam
1189 1105 1435 1148 naturam
1497 1093 1644 1150 cadit
1709 1093 1962 1160 divisio),
2071 1096 2375 1162 disseram,
2413 1104 2577 1164 atque
2626 1095 2699 1149 ita
2749 1094 2815 1149 ad
2865 1091 3250 1162 explicandum
3306 1088 3663 1145 humanitatis

379 1183 644 1239 divisibili
676 1200 805 1239 vero
832 1194 1096 1254 quantum
1123 1185 1188 1240 ad
1215 1187 1321 1240 vim
1348 1197 1401 1241 et
1433 1185 1766 1242 facultatem.
1810 1183 1965 1241 Vires
2074 1199 2365 1257 assumpta:
2424 1187 2714 1244 consilium
2772 1186 3052 1242 accedam.
3100 1184 3338 1239 Proinde
3397 1181 3658 1252 quoniam

371 1272 521 1326 enim
599 1275 904 1345 agendique
962 1273 1255 1331 facultates
1305 1276 1496 1330 dividit
1546 1275 1705 1330 Deus.
1759 1278 1806 1329 Α
1857 1290 1964 1345 qua
2072 1280 2253 1336 divina
2289 1290 2376 1337 est
2407 1281 2523 1336 hac
2554 1281 2752 1344 oratio,
2804 1295 2905 1334 nec
2939 1278 3020 1336 fas
3051 1289 3135 1333 est
3167 1293 3318 1342 eum,
3366 1276 3461 1346 qui
3492 1289 3663 1346 purus

379 1365 565 1420 lumen
621 1380 782 1421 omne
835 1367 1160 1438 productum
1215 1377 1337 1431 est,
1406 1369 1522 1422 sive
1570 1369 1714 1438 quod
1762 1367 1968 1438 angelis
2073 1390 2182 1428 non
2221 1376 2314 1440 sit,
2348 1391 2460 1430 rem
2492 1390 2685 1445 puram
2727 1374 3014 1445 attingere,
3048 1371 3277 1442 agedum
3313 1369 3511 1432 videte,
3538 1368 3665 1438 qui-

382 1456 526 1512 illest
553 1497 569 1520 ν
599 1457 717 1512 Sive
745 1461 890 1528 (ιιιοά
926 1458 1244 1516 hominibus
1269 1501 1285 1525 9
1319 1459 1435 1516 Sive
1472 1457 1616 1528 (ἰυοίι
1663 1457 1776 1512 50“
1801 1499 1816 1523 ι
1854 1459 1968 1514 Sive
2073 1482 2290 1537 cunque
2313 1467 2425 1522 haec
2452 1466 2691 1522 audituri
2714 1466 2868 1530 estis,
2912 1473 3076 1535 atque
3099 1462 3414 1532 huiusmodi
3437 1462 3665 1517 delicias

383 1551 531 1620 quod
583 1552 746 1607 astris
809 1549 1135 1608 Przeelarum
1185 1563 1368 1608 autem
1412 1560 1466 1610 et
1519 1551 1840 1608 bonorabile
1885 1560 1968 1607 est
2074 1563 2420 1632 percepturi,
2452 1568 2510 1617 ut
2547 1560 2942 1617 intellectuales
2978 1559 3175 1614 animm
3207 1558 3496 1613 facultates
3530 1573 3663 1627 pur-

380 1644 513 1699 illud
561 1643 765 1712 lumen,
797 1646 944 1716 quod
981 1645 1036 1700 in
1078 1646 1146 1702 iis
1183 1648 1346 1711 lucet,
1382 1657 1494 1701 tum
1524 1647 1752 1701 aliarum
1791 1651 1966 1696 mate-

2074 1655 2212 1724 getis
2243 1672 2256 1708 :
2288 1655 2525 1725 primum
2565 1653 2789 1724 quidem
2821 1662 3056 1708 mentem
3083 1691 3098 1716 ,
3135 1667 3231 1722 per
3265 1667 3428 1722 quam
3465 1650 3658 1715 Deum,

387 1736 592 1788 riarum
623 1735 1060 1804 comparatione,
1088 1746 1202 1790 tum
1231 1738 1359 1807 quia
1392 1738 1549 1808 primi
1586 1737 1805 1792 luminis
1829 1733 1970 1807 ligu-
2043 1753 2125 1815 et
2189 1757 2418 1811 capere,
2491 1751 2546 1797 et
2604 1742 2788 1796 videre
2841 1758 3174 1812 possumus.
3234 1752 3397 1814 atque
3456 1739 3666 1810 angelis

381 1827 1166 1898 ramgerit.Sedenim,quod
1202 1831 1384 1884 dicere
1412 1829 1732 1885 instituebat
1754 1827 1964 1890 Oratio,
2077 1832 2462 1902 conjungimur
2528 1851 2543 1889 :
2607 1833 2807 1888 deinde
2886 1833 3269 1899 intellectura,
3327 1848 3422 1903 per
3503 1849 3663 1902 quem

381 1933 696 1988 quanquam
765 1921 991 1988 pulchra
1065 1933 1211 1976 esset
1286 1923 1538 1976 hesterna
1615 1915 2318 2001 lucernarudengmata
2355 1925 2765 1990 examinamus,
2808 1941 2873 1981 ac
2927 1926 3211 1980 veritatem
3272 1923 3660 1992 disquirimus.

388 2016 639 2073 gestatio,
665 2007 926 2063 hodierna
947 2019 1124 2064 tamen
1152 2011 1226 2064 illi
1251 2011 1653 2081 pulchritudine
1672 2011 1964 2066 antecellit.
2070 2017 2190 2072 Sint
2219 2015 2380 2072 etiam
2410 2031 2570 2069 aures
2605 2031 2776 2084 purae,
2815 2025 3000 2083 utpote
3058 2015 3240 2069 divina
3294 2013 3458 2068 verba
3514 2028 3669 2068 exce.

382 2096 509 2152 lleri
542 2100 686 2152 enim
729 2100 1036 2170 lampadum
1071 2103 1252 2158 lumen
1283 2103 1486 2158 Christi
1532 2105 1712 2174 magni
1746 2105 1967 2158 luminis
2069 2119 2282 2180 pturae,
2339 2121 2515 2180 eaque
2565 2108 2632 2160 ad
2686 2107 3020 2161 intellectum
3081 2104 3421 2176 dijudicandi
3499 2119 3665 2160 causa

380 2187 856 2272 [lusui-rectionem
884 2194 1412 2260 praenuntiabatzat
1435 2194 1595 2249 hodie
1626 2210 1732 2248 non
1767 2194 1969 2249 Resur-
2074 2203 2497 2259 transmissum.
2561 2198 2653 2258 Sic
2732 2201 2874 2253 enim
2947 2198 3191 2252 futurum
3239 2207 3356 2261 est,
3440 2208 3499 2251 ut
3557 2212 3662 2250 non

381 2280 640 2335 rectionis
669 2283 822 2352 signa
846 2292 900 2337 et
925 2283 1146 2350 indicia,
1176 2301 1364 2339 verum
1397 2286 1537 2341 hanc
1562 2286 1733 2355 ipsam
1770 2285 1972 2340 Resur-
2073 2295 2196 2349 cibo
2227 2305 2510 2366 pereunte,
2550 2292 2648 2352 sed
2679 2292 2890 2346 deliciis
2924 2307 3030 2346 non
3058 2291 3404 2347 eminentibus
3445 2290 3666 2360 expleti,

383 2374 680 2428 rectionem
715 2375 945 2429 solemni
989 2374 1127 2431 festo
1162 2379 1566 2448 prosequimur,
1599 2389 1768 2432 totum
1806 2395 1970 2432 mun-

2073 2387 2393 2442 discedatis.
2428 2388 2597 2442 Porro
2627 2384 2863 2443 orationi
2892 2392 3090 2438 nostra:
3118 2398 3215 2438 sua
3244 2384 3416 2437 virtus
3444 2390 3668 2437 consta-

384 2466 518 2518 dum
547 2467 909 2533 συνάγουσαν,
937 2468 1036 2523 hoc
1065 2477 1170 2532 est,
1203 2469 1306 2524 sibi
1342 2471 1753 2533 conciliantem,
1791 2471 1874 2524 vel
1902 2471 1970 2524 ad
2073 2477 2173 2543 bit,
2213 2487 2274 2532 ut
2302 2493 2401 2532 nec
2435 2477 2578 2532 intra
2610 2479 2832 2532 modum
2879 2472 3145 2527 subsistat
3174 2473 3297 2542 (nec
3323 2469 3539 2527 defectu
3569 2487 3672 2526 suo

391 2572 556 2611 unam
610 2559 768 2613 fidem
819 2561 1161 2631 colligentem
1207 2580 1220 2617 :
1268 2563 1412 2632 quod
1455 2572 1676 2632 propter
1720 2578 1970 2617 resurre-
2075 2567 2357 2624 auditores
2380 2565 2824 2639 damnoalliciat)
2847 2577 2944 2618 nec
2962 2579 3154 2618 rursus
3176 2564 3397 2617 modum
3421 2565 3668 2624 excedat.

390 2649 632 2703 ctionem
696 2651 954 2706 omnibus
1002 2653 1308 2708 certissime
1369 2668 1692 2724 persuasum
1761 2652 1968 2713 fuerit.
2073 2657 2165 2730 (ne
2220 2659 2529 2713 molestiam
2583 2659 2790 2730 pariat,
2823 2654 3092 2714 orationis
3123 2657 3268 2708 enim
3302 2653 3668 2708 redundantia

387 2740 668 2795 Christum
695 2742 865 2797 Deum
891 2758 1032 2812 esse,
1062 2745 1166 2811 vel,
1200 2745 1461 2799 mundum
1495 2754 1690 2809 totum,
1720 2746 1822 2800 hoc
1851 2754 1964 2810 est,
2074 2745 2297 2804 inimica
2345 2759 2430 2802 est
2482 2749 2755 2818 auribus),
2790 2749 2883 2803 sed
2936 2742 3368 2804 mediocritatem
3421 2744 3664 2814 ἱωριθιιι.

385 2833 624 2888 fidelium
645 2845 846 2890 emtum
868 2824 1282 2910 conjungentém
1303 2837 1613 2894 celebrandi
1637 2839 1757 2894 festi
1781 2853 1971 2894 causa.
2075 2839 2353 2907 simulque
2385 2851 2438 2895 et
2472 2840 2862 2908 compendiosa
2898 2841 2969 2894 sit
2998 2843 3056 2896 et
3088 2834 3433 2905 plenissima.

461 2927 582 2981 Col.
657 2926 763 2982 6&6
833 2931 899 2984 A.
964 2927 1244 2984 Enimvero
1316 2929 1454 2983 alius
1528 2931 1677 2985 aliud
1721 2932 1973 3001 quiddam
2145 2928 2262 2984 Col.
2298 2929 2403 2984 626
2434 2929 2498 2985 C.
2531 2929 2669 2985 Deus
2715 2939 2764 2985 et
2810 2945 3001 2999 semper
3039 2932 3180 2988 erat.
3235 2933 3341 2978 εισι
3396 2923 3668 2990 Quoniam

387 3021 530 3085 huic,
563 3033 668 3076 etc.
706 3021 882 3084 Alius,
920 3022 1116 3093 inquit,
1173 3022 1320 3077 aliud
1369 3023 1644 3093 quoddam
1692 2999 1974 3093 spirituale
2075 3019 2298 3074 libertas
2352 3021 2673 3084 hominum,
2730 3036 2825 3090 pro
2874 3036 2982 3090 qua
3028 3015 3281 3074 instituta
3310 3023 3394 3071 est
3429 3029 3672 3084 praesens

396 3113 620 3182 Deoque
651 3125 863 3185 gratum
895 3131 1096 3170 munus
1139 3116 1302 3184 hujus
1341 3117 1706 3172 solemnitatis
1741 3116 1974 3186 tempori
2080 3111 2277 3176 oratio,
2321 3112 2382 3165 Β.
2417 3110 2708 3166 Trinitatis
2743 3127 2882 3180 opus
2917 3110 3130 3167 exstitit
3173 3107 3362 3182 (Pater
3394 3105 3540 3161 enim
3569 3120 3672 3161 vo-

393 3205 604 3269 afferat,
660 3215 822 3277 prout
870 3208 1041 3277 ipsius
1086 3207 1372 3262 farultatcs
1425 3208 1666 3264 tulerint.
1705 3207 1794 3264 Sic
1827 3209 1972 3264 enim

2082 3204 2203 3268 luit,
2231 3201 2401 3258 Filius
2428 3203 2628 3270 eﬂ‘eeit,
2657 3203 2891 3273 Spiritus
2934 3213 3160 3258 sanctus
3188 3211 3509 3272 coeperatus
3539 3203 3667 3272 est).

400 3301 453 3355 in
481 3302 902 3357 Deuteronomio
922 3304 1183 3373 scriptum
1205 3313 1324 3358 est:
1353 3301 1476 3356 Non
1500 3304 1776 3373 apparebis
1799 3321 1978 3358 coram
2005 3271 2019 3326 ⁴

2082 3309 2202 3348 eam
2257 3295 2326 3349 ob
2375 3309 2598 3349 causam
2641 3293 2710 3348 ab
2746 3308 2811 3347 eo
2867 3292 3122 3356 nomine,
3163 3291 3308 3362 quod
3362 3291 3538 3346 tribus
3586 3290 3670 3346 his

394 3394 622 3449 Domino
650 3405 740 3448 tuo
772 3411 992 3462 vacuus,
1049 3396 1409 3464 unusquisque
1440 3399 1726 3450 secundum
1750 3396 1982 3466 faculta-
2083 3402 2376 3442 Commune
2411 3397 2517 3451 88!,
2559 3385 2872 3456 Τιιθοιοῧιιε
2917 3383 3226 3452 exorditur.
3262 3384 3408 3454 (ιυοιὶ
3449 3382 3669 3455 quidem

393 3497 495 3539 tem
521 3488 864 3542 manuum".
901 3487 1036 3541 Nam
1085 3487 1306 3556 dignum
1357 3503 1557 3544 munus
1581 3532 1594 3553 ,
1631 3504 1732 3542 nec
1776 3489 1883 3543 ulla
1914 3504 1980 3543 ex

2083 3479 2231 3534 Deus
2261 3487 2363 3534 est.
2400 3479 2477 3533 Ac
2508 3479 2574 3533 de
2611 3477 2789 3533 tribus
2819 3517 2835 3544 ,
2871 3489 2930 3532 ut
2965 3476 3430 3546 iuseparabilibus
3451 3516 3465 3542 ,
3496 3490 3672 3545 quau-

395 3587 552 3646 parte
585 3593 840 3630 mancum
884 3585 936 3630 et
967 3576 1344 3644 imperfectum
1380 3576 1597 3637 offerre,
1635 3585 1844 3632 tantum
1875 3589 1978 3645 est,

2085 3579 2199 3625 tum
2235 3571 2299 3623 ad
2333 3569 2699 3632 divinitatem,
2746 3579 2995 3623 naturam
3029 3575 3084 3622 et
3130 3567 3450 3637 potentiam,
3481 3567 3673 3636 dispu-

397 3679 460 3723 ut
492 3684 559 3721 ne
585 3669 757 3738 angeli
787 3667 1005 3738 Quidam
1033 3669 1082 3721 id
1109 3671 1325 3739 assequi
1356 3671 1587 3741 possint.
1623 3667 1810 3740 Neque
1833 3671 1978 3725 enim
2091 3663 2301 3716 tatione
2336 3661 2516 3714 habita
2544 3700 2558 3724 ,
2591 3660 2663 3713 ita
2692 3661 2912 3714 demum
2939 3659 3004 3714 ad
3041 3659 3437 3714 incarnationis
3466 3656 3673 3713 Christi

403 3765 544 3834 ipsis
596 3763 752 3834 plena
805 3763 897 3816 Dei
940 3763 1177 3818 laudatio
1219 3779 1480 3819 concessa
1517 3776 1636 3827 est,
1669 3764 1762 3834 qui
1798 3772 1979 3819 ιεηιρη
2084 3752 2369 3805 materiam
2403 3747 2923 3804 descendit.-Porro
2955 3750 3021 3802 de
3054 3749 3344 3804 divinitate
3373 3749 3673 3813 disserens,

396 3855 558 3924 primi
593 3855 985 3910 iutellectuales
1017 3856 1297 3920 dicuntur,
1335 3856 1382 3911 si
1431 3858 1735 3910 ultimarum
1764 3865 1981 3910 nostra-

2089 3845 2162 3896 ait
2197 3859 2212 3898 :
2248 3841 2393 3896 Deus
2426 3851 2477 3895 et
2510 3852 2628 3896 erat
2659 3855 2893 3910 semper,
2927 3848 2978 3894 et
3008 3847 3111 3904 est,
3139 3847 3194 3892 et
3227 3841 3350 3894 erit.
3381 3839 3506 3892 Tria
3535 3848 3672 3894 tem-

399 3963 520 4000 rum
586 3947 725 4000 ratio
791 3947 1073 4014 habeatur,
1121 3963 1243 4018 quae
1292 3959 1346 4004 et
1405 3949 1536 4018 ipsa:
1593 3948 1982 4003 intellectuales

2085 3947 2220 4002 pora
2261 3931 2617 4000 praeteritum,
2655 3945 2920 4000 praesens,
2950 3939 3004 3983 et
3040 3929 3286 3982 futurum
3324 3928 3430 3982 Deo
3459 3928 3671 3991 tribuit,

398 4049 544 4104 sunt,
581 4039 677 4095 sed
715 4040 928 4110 angelis
957 4041 1294 4112 posteriores
1322 4057 1572 4111 supernae
1614 4042 1800 4115 gloriae
1827 4055 1976 4112 spec-
2087 4039 2210 4094 (ιιιεε
2239 4022 2457 4115 (Ιυίιβειη
2493 4022 2925 4115 ιιυηί-ςτθθῑυτω
2957 4019 3252 4115 ςοηνθηῖτθ
3279 4027 3526 4115 ηοεδηηί·
3561 4019 3676 4071 Λη-

405 4141 629 4196 tatores,
659 4140 846 4202 utpote
876 4133 985 4187 Deo
1008 4135 1352 4202 assistentes,
1373 4135 1666 4205 ipsumque
1689 4136 1984 4192 intuentes.

2089 4116 2241 4186 gelus
2276 4113 2422 4168 enim
2449 4121 2532 4167 est
2561 4111 2779 4180 quidem
2809 4121 2864 4164 et
2892 4110 2999 4166 erit
3031 4127 3044 4163 :
3079 4117 3133 4163 at
3165 4125 3272 4162 non
3301 4109 3428 4162 item
3462 4122 3679 4177 semper

400 4195 833 4280 Talasio-rem
869 4226 1066 4282 (ιίνίηεε
1113 4227 1299 4297 310,333
1319 4195 1349 4291 ς
1372 4195 1712 4298 duum-ipsi
1766 4242 1986 4297 quoque
2088 4213 2239 4270 erat,
2292 4205 2382 4258 sed
2417 4202 2672 4256 εεεειιιίω
2717 4199 2931 4253 initium
2981 4199 3194 4254 habuit.
3231 4197 3308 4251 Ex
3360 4195 3681 4250 hominibus

397 4317 530 4371 clari
555 4329 607 4371 et
638 4317 906 4386 illustres,
939 4335 1004 4374 ac
1032 4334 1127 4390 per
1150 4289 1494 4389 splendorem
1528 4289 1688 4374 suum
1712 4289 1987 4376 Creatoris
2090 4306 2270 4352 amem
2308 4297 2399 4350 alii
2438 4297 2693 4350 ¹¹⁰⁵¹⁰¹Ὶ¹⁰
2725 4293 2811 4348 die
2842 4301 3033 4360 eram,
3065 4291 3157 4346 alii
3196 4291 3353 4390 h‘fdie
3375 4290 3513 4390 ἠθηί
3537 4329 3552 4352 ’
3583 4289 3680 4359 (μή

397 4411 742 4479 maiestatem
769 4419 1021 4467 testatam
1051 4413 1361 4475 reddentes,
1388 4411 1469 4466 vel
1496 4413 1658 4465 etiam
1684 4421 1742 4464 ut
1762 4411 1986 4480 gloriam

2091 4407 2239 4446 nunc
2270 4388 2322 4443 in
2350 4403 2528 4443 rerum
2559 4397 2752 4442 natura
2784 4401 2890 4438 non
2921 4393 3073 4448 sunt,
3100 4383 3342 4438 crastino
3371 4383 3458 4436 die
3490 4390 3675 4436 erunt.

396 4519 564 4573 quam
624 4511 858 4558 cernunt
909 4505 1222 4559 hominibus
1269 4505 1602 4558 nuntiantes.
1644 4503 1758 4558 lloc
1804 4515 1986 4559 autent

2094 4479 2219 4536 Haec
2269 4480 2416 4534 enim
2465 4486 2549 4534 est
2579 4477 2812 4546 ggeneris
2865 4475 3038 4532 nostri
3072 4475 3336 4530 conditio.
3371 4474 3568 4528 Eadem
3611 4473 3683 4528 de

397 4595 522 4648 loco
555 4610 647 4664 per
708 4598 934 4665 angelos
981 4610 1175 4649 omnes
1234 4596 1287 4650 in
1363 4595 1680 4649 universum
1735 4596 1987 4650 cwlestes
2016 4631 2067 4690 Β
2094 4573 2351 4690 θηιηίδξιδ
2400 4573 2522 4628 ams
2568 4571 2835 4690 Ἱξθῑυξίε
2879 4568 2987 4624 δῖοί
3027 4568 3272 4690 Ροῗείηῐζὶ
3305 4565 3679 4690 Ροεῑὲῧοξυζιὶ

436 4687 444 4690 -
1172 4689 1195 4690 η
1389 4689 1415 4690 η
1547 4688 1555 4690 μ
1602 4689 1611 4690 κ
1880 4688 1888 4690 μ
2095 4668 2270 4690 -..2....-
2318 4666 2564 4690 ..Α-ιε--.χι
2663 4679 2747 4690 ιΑΛ
2778 4677 2908 4690 Λευ-ιο
2977 4675 3098 4690 ιιιιη.
3147 4674 3236 4690 nam
3279 4671 3367 4690 11111
3480 4669 3535 4690 ro
3612 4669 3679 4690 an

399 4687 605 4742 classes
651 4697 704 4741 et
759 4690 977 4743 ordines
1029 4689 1303 4758 intelligit.
1337 4689 1492 4744 Alius
1544 4688 1729 4758 igitur,
1772 4696 1829 4742 ut
1872 4682 2018 4758 jam‘

2063 4653 2067 4675 ’
2094 4663 2908 4732 auimadvertisseLTheologus
2927 4701 2942 4725 ,
2976 4659 3119 4730 quod
3147 4657 3391 4716 verbum,
3435 4655 3583 4718 Erat,
3612 4653 3682 4708 de

399 4779 562 4844 dixit,
619 4781 768 4835 aliud
821 4782 1044 4850 quidam
1097 4781 1332 4836 aﬂ'erat:
1367 4795 1469 4836 nos
1520 4797 1650 4836 vero
1682 4780 1985 4836 orationem

2091 4775 2158 4814 eo
2177 4758 2684 4828 praedicatumquod
2709 4755 2988 4825 praeteriit,
3013 4769 3113 4808 nec
3133 4751 3291 4806 hodie
3333 4759 3416 4804 est
3452 4749 3677 4804 verbum

401 4869 774 4935 conferamus,
830 4872 990 4942 idque
1049 4872 1298 4942 pluribus
1352 4871 1420 4925 de
1477 4871 1688 4926 causis.
1743 4868 1985 4923 Primqu

2093 4851 2220 4904 item
2255 4849 2376 4910 erit,
2405 4848 2470 4901 de
2490 4862 2555 4900 co
2575 4847 2717 4916 quod
2745 4845 2986 4899 futurum
3011 4857 3094 4900 est
3116 4886 3130 4911 ,
3156 4861 3256 4900 nec
3284 4845 3412 4900 dum
3441 4844 3677 4900 exsistit:

400 4963 660 5031 quoniam
701 4963 837 5017 nihil
868 4978 1125 5018 sermone
1171 4943 1493 5033 praeclarius
1526 4962 1836 5029 Ihabemus,
1875 4971 1987 5014 tum

2096 4938 2324 5009 corrigit
2372 4935 2517 5006 quod
2581 4935 2832 5000 dixerat,
2885 4935 3071 5003 aitque
3124 4935 3346 4988 verbum
3399 4934 3682 5004 praesentis

403 5057 531 5125 quia
569 5057 840 5123 Christus,
879 5059 1042 5126 cujus
1075 5057 1263 5110 laudes
1296 5055 1592 5128 praedicare
1627 5053 1987 5116 instituimus,

2098 5029 2380 5098 temporis,
2417 5027 2534 5090 Est,
2571 5025 2684 5079 Deo
2723 5025 2896 5095 magis
2942 5040 3259 5096 congrui-re.
3296 5024 3422 5078 Erat
3452 5024 3595 5078 enim
3627 5032 3684 5077 et

405 5156 599 5215 praeter
633 5147 738 5202 alia
764 5190 777 5211 ,
814 5149 1033 5203 nomina
1062 5187 1076 5210 ,
1113 5114 1348 5200 Verbum
1397 5161 1616 5216 quoque
1666 5144 1988 5214 appellatur.
2101 5123 2217 5178 Ετίί
2253 5123 2380 5175 “lui
2423 5120 2587 5189 “uilis
2629 5118 2895 5216 ‘Cnlpfl‘is
2927 5128 3208 5216 εοειιιειιιει
3246 5114 3686 5216 multae-Pun“

408 5240 691 5294 Postremo
717 5242 842 5309 quia
878 5250 1074 5294 natura
1108 5239 1372 5293 beneficio
1398 5237 1588 5292 aﬂeeta
1617 5235 1887 5290 sermonis
1909 5246 1993 5288 est

2105 5229 2316 5272 naturae
2371 5215 2722 5272 conveniunt.
2771 5210 2906 5265 Nam
2950 5220 3012 5266 ut
3058 5211 3264 5266 ﬂuxum
3308 5219 3363 5265 et
3399 5209 3561 5263 labile
3601 5217 3685 5263 est

410 5336 701 5402 particeps.
741 5333 922 5399 Quare
951 5347 1251 5403 congruum
1285 5346 1482 5384 munus
1510 5339 1594 5384 est
1628 5327 1808 5382 Verbo
1833 5327 1995 5380 Chri-

2105 5321 2345 5376 tempus,
2381 5309 2453 5362 ita
2500 5307 2660 5361 etiam
2691 5321 2755 5359 ea
2780 5347 2794 5372 ,
2829 5319 2950 5373 quae
2981 5311 3228 5373 tempore
3251 5343 3266 5368 ,
3316 5301 3464 5370 quod
3503 5307 3685 5354 motus

410 5435 497 5478 alo
538 5426 840 5479 Iaudatoria
877 5426 1073 5489 oratio,
1112 5439 1139 5477 a
1187 5431 1380 5478 natura
1432 5423 1693 5492 loquendi
1737 5420 1998 5476 facultate

2098 5401 2606 5470 εἰνειιηίεει·ῑι›ιίοιιε
2620 5397 2897 5461 definitur,
2917 5393 3372 5461 continenturth
3388 5393 3529 5447 Deus
3548 5407 3686 5446 sem-

412 5519 637 5588 μηδείς,
673 5482 1071 5586 proﬁciscens:
1509 5482 1522 5492 ’
2099 5507 2193 5562 per
2205 5499 2308 5556 est,
2329 5507 2429 5544 nec
2447 5489 2746 5560 quidquam
2765 5487 2926 5553 ei,vel
2945 5486 3205 5556 prazterit,
3219 5484 3302 5538 vel
3323 5482 3564 5541 futurum
3579 5490 3684 5536 est.

485 5610 621 5665 Ibid.
651 5577 710 5664 ιξ,
761 5611 908 5664 mm,
946 5621 1125 5664 autem
1165 5609 1437 5662 exordiar.
1483 5605 1683 5664 pacem
1733 5608 1873 5663 enim
1915 5623 2003 5660 ηε,
2104 5589 2280 5657 Atque
2315 5585 2370 5639 in
2404 5587 2550 5639 hunc
2586 5599 2814 5640 sensum
2844 5582 2998 5637 Plato
3027 5580 3080 5634 in
3111 5577 3556 5634 Timtzolocutus
3575 5584 3684 5639 est,
3761 5652 3768 5656 _

412 5719 573 5774 queo,
623 5710 730 5756 etc.
763 5701 1006 5772 Optimo,
1054 5700 1250 5770 inquit,
1298 5701 1422 5768 jure
1473 5715 1501 5752 a
1537 5697 1646 5752 Deo
1698 5700 2001 5756 orationem

2104 5680 2188 5734 his
2237 5677 2419 5734 verbis
2450 5693 2463 5731 :
2499 5674 2628 5730 Erat
2656 5687 2710 5732 et
2760 5675 2887 5742 erit,
2927 5671 3188 5744 temporis
3247 5679 3381 5726 sunt
3429 5668 3682 5742 species:

503 5864 546 5897 "
584 5863 733 5919 Exod
793 5879 952 5932 xxiii,
984 5862 1084 5929 15;
1115 5861 1272 5917 Deut.
1300 5877 1409 5929 XVI,
1444 5861 1528 5915 lG.
