4100 6442
489 478 618 546 1311

1899 479 2280 543 ΔΒΒΕΝῡΑ.

3610 481 3752 546 1312

480 614 620 665 quas
653 612 761 653 non
795 607 940 653 recte
965 612 1062 652 nee
1092 599 1390 670 prudenter
1425 600 1774 670 sempiternce
1812 600 2065 656 essentia:
2095 605 2140 656 Α
2167 597 2312 653 vires
2343 603 2438 652 aut
2489 594 2826 652 celeritatem
2864 614 2879 650 :
2915 595 3270 652 tardissimus
3318 595 3461 650 enim
3494 603 3602 659 est,
3646 596 3743 664 qui

481 689 794 744 tribuimus.
848 687 984 744 lluic
1031 692 1177 744 enim
1226 693 1326 747 Est
1371 694 1547 747 solum
1605 708 1729 747 vere
1781 694 2057 748 convenit.

483 777 606 832 H;ec
643 787 824 834 autem
879 779 1042 833 verba
1080 797 1094 834 :
1129 781 1261 835 Erat
1304 791 1357 836 et
1387 779 1523 844 Erit,
1574 781 1640 836 ad
1681 797 1799 836 eam
1833 797 2060 852 genera-

481 869 682 922 tionem
719 870 1173 940 nativitatemque
1203 874 1497 942 pertinent,
1529 874 1896 944 quaatempori
1931 875 2059 927 sub-

471 960 613 1028 jecta
672 973 776 1017 est.
832 962 959 1018 Haec
1008 963 1189 1019 Plato.
1249 965 1444 1022 Noster
1499 977 1677 1020 autem
1748 966 2056 1036 Theologus

477 1054 847 1110 testimonium
922 1072 1142 1127 quoque
1221 1059 1429 1128 profert
1498 1074 1562 1113 ex
1619 1059 1846 1126 Exodo,
1910 1059 2055 1126 quod

475 1145 617 1199 Deus
639 1156 740 1200 est.
772 1145 883 1202 lloe
911 1150 1055 1202 enim
1088 1151 1267 1214 modo,
1294 1150 1494 1219 inquit,
1519 1151 1758 1221 seipsum
1787 1153 2053 1218 nominat,

475 1252 600 1290 eum
627 1239 677 1291 iu
699 1250 882 1295 monte
903 1240 1031 1295 Mosi
1050 1243 1330 1296 oraculum
1348 1243 1479 1303 edit.
1503 1242 1555 1297 id
1579 1251 1685 1306 est,
1704 1244 2052 1312 colloquitur,

476 1337 530 1383 et
562 1329 818 1386 mandata
871 1333 982 1387 dat.
1049 1332 1182 1388 Nam
1241 1351 1364 1392 eum
1419 1335 1598 1392 Moses
1653 1337 1707 1391 in
1759 1336 2054 1409 Egyptum

479 1423 805 1491 mitteretur,
848 1427 1128 1496 quaerebat
1162 1447 1177 1484 :
1207 1429 1268 1484 Si
1294 1430 1732 1502 iuterrogacerint
1767 1448 1886 1487 me:
1921 1431 2054 1497 Quis

477 1525 525 1569 te
554 1517 694 1570 misit
726 1519 891 1589 :quid
916 1520 1091 1574 diram
1127 1521 1197 1574 ad
1232 1525 1363 1579 eos?
1401 1521 1543 1580 Deus
1574 1535 1777 1591 autem,
1816 1526 1908 1596 qui
1932 1527 2057 1580 mit-

475 1605 642 1673 tebat,
665 1608 942 1678 respondit
973 1627 986 1662 :
1013 1608 1124 1680 Ego
1151 1627 1266 1663 sum
1297 1629 1386 1666 ens
1409 1613 1475 1666 ".
1525 1613 1602 1667 Ac
1638 1626 1781 1669 recte
1810 1614 2054 1685 profecto

475 1691 620 1749 Deus
655 1710 753 1749 ens
782 1694 1004 1752 dicitur.
1047 1697 1179 1752 Nam
1212 1699 1364 1769 juxta
1399 1717 1650 1771 magnum
1695 1701 2051 1775 Dionysium,

475 1800 583 1840 non
640 1795 790 1841 certo
844 1789 1008 1844 modo
1067 1806 1165 1847 ens
1225 1801 1331 1856 est,
1389 1809 1576 1848 verum
1624 1794 1945 1865 simpliciter
1999 1807 2053 1852 et

475 1877 971 1950 incircumscripte,
1032 1891 1091 1936 ut
1152 1884 1242 1954 qni
1289 1894 1459 1938 totum
1519 1885 1570 1940 id
1639 1889 1783 1955 quod
1833 1897 1936 1953 est,
1995 1890 2048 1943 in

2162 691 2307 746 celer
2339 691 2483 744 imus
2539 705 2663 745 esse
2719 688 2958 752 videtur,
3023 688 3067 743 si
3127 702 3252 742 eum
3317 686 3410 742 Dei
3461 687 3748 742 velocitate

2161 790 2532 852 comparetur,
2566 781 2658 850 qui
2692 781 3028 851 longissimis
3061 780 3362 834 intervallis
3403 779 3588 833 omnia
3622 787 3748 848 post

2161 893 2220 932 se
2271 875 2514 946 reliquit,
2568 885 2625 928 ut
2686 889 2786 928 nec
2843 872 3237 943 comprehendi
3271 872 3490 942 quidem
3548 873 3743 944 possit,

2160 981 2348 1019 verum
2377 967 2492 1019 sola
2527 973 2709 1018 mente
2743 963 3119 1017 adumhretur.

2232 1055 2341 1110 Nec
2377 1057 2600 1110 mirum.
2647 1055 2794 1110 Mens
2834 1055 3003 1120 enim,
3041 1063 3099 1108 nt
3141 1054 3320 1124 imago
3362 1055 3452 1109 Dei
3493 1064 3741 1112 contem-

2162 1147 2458 1217 plationem
2505 1147 2653 1201 illius
2696 1147 2936 1216 concipit
2976 1163 2990 1200 :
3023 1146 3180 1215 cujus
3206 1161 3478 1201 summam
3512 1148 3746 1201 tenuita-

2161 1248 2265 1293 tem
2335 1238 2619 1294 declarans
2671 1237 3013 1306 Gregorius,
3073 1237 3512 1292 adumbrationis
3573 1241 3742 1293 verbo

2160 1340 2292 1379 usus
2326 1333 2429 1378 est.
2462 1323 2580 1378 Non
2633 1326 2778 1378 enim
2817 1324 2950 1378 dixit
2987 1342 3001 1380 :
3046 1324 3330 1396 Ellingitur
3366 1327 3527 1394 (quod
3560 1327 3736 1395 perfe-

2159 1416 2300 1470 ctius
2319 1419 2446 1481 est),
2481 1417 2597 1483 sed,
2623 1416 3011 1473 Adumbratur.
3038 1418 3114 1470 Ae
3143 1434 3215 1472 ne
3247 1417 3332 1470 hic
3365 1418 3578 1485 quidem
3607 1433 3736 1472 con-

2159 1509 2300 1563 stitit
2329 1526 2342 1562 :
2375 1524 2564 1564 verum
2597 1510 2821 1579 insuper
2856 1509 3074 1576 adjecit,
3106 1508 3468 1563 Perohscurc.
3500 1507 3736 1564 Tametsi

2157 1603 2300 1654 enim
2319 1601 2522 1655 lumine
2543 1611 2800 1672 tanquam
2837 1602 3162 1655 vestimento
3189 1601 3422 1654 amictus
3451 1609 3535 1654 est
3563 1598 3728 1661 Deus,

2161 1692 2413 1747 tenebras
2463 1701 2640 1746 tamen
2690 1692 2970 1746 latibulum
3020 1708 3181 1746 suum
3240 1692 3441 1762 posuit,
3485 1692 3740 1761 quando-

2157 1787 2376 1858 quidem
2414 1787 2584 1856 ipsius
2633 1797 2826 1840 natura
2863 1786 3009 1840 nulla
3061 1785 3271 1839 ratione
3319 1785 3524 1854 percipi
3572 1785 3740 1854 atque

2156 1879 2548 1950 comprehendi
2604 1887 2798 1948 potest.
2869 1878 3164 1948 Pet-exigue
3224 1887 3448 1943 autem,
3511 1876 3562 1931 id
3615 1887 3739 1941 est,

474 1969 655 2036 seipso
691 1970 1015 2039 complexus
1065 1987 1128 2026 ac
1167 1975 1571 2044 praeamplexus
1604 1977 1696 2031 sit.
1737 1978 1856 2044 Quo
1885 1979 2048 2033 etiam
2083 1947 2124 2002 Β
2157 1972 2518 2038 brevissime;
2584 1983 2636 2026 et
2703 1976 2767 2026 ad
2825 1972 3078 2041 exiguum
3137 1971 3411 2040 quoddam
3477 1970 3741 2036 temporis

473 2058 691 2112 nomine
715 2058 825 2113 ltex
848 2063 1174 2118 saeculorum
1204 2067 1425 2134 dicitur,
1453 2067 1582 2138 quia
1615 2070 1666 2123 in
1697 2070 1815 2140 ipso
1837 2081 1889 2126 et
1908 2072 2050 2128 circa

473 2147 654 2218 ipsum
691 2160 796 2218 est,
829 2154 1095 2224 quidquid
1121 2166 1206 2211 est
1233 2174 1296 2213 ac
1327 2160 1603 2216 subsistit.
1631 2161 1739 2218 Nec
1775 2178 1905 2218 vero
1936 2164 2049 2221 ait:

473 2238 624 2305 Erat,
659 2249 753 2296 aut
785 2243 910 2310 erit,
941 2256 1034 2299 aut
1074 2245 1196 2313 fuit,
1230 2258 1324 2303 aut
1355 2251 1445 2312 sit,
1477 2261 1570 2307 aut
1603 2255 1713 2320 tiet,
1740 2255 1848 2310 imo
1877 2271 2051 2325 neque

472 2341 576 2396 est,
613 2333 706 2387 sed
757 2333 824 2388 iis
861 2351 982 2404 qtne
1018 2347 1169 2406 sunt,
1219 2344 1461 2397 essentia
1517 2343 1633 2413 ipse
1684 2354 1786 2410 est,
1829 2346 2052 2417 ipseque

472 2430 558 2474 est
587 2423 847 2478 saeculum
885 2426 1235 2494 saeculorum,
1260 2439 1314 2486 et
1338 2433 1558 2488 s-.eeulis
1584 2436 1882 2504 antiquior.
1912 2435 2050 2502 Qui-

474 2511 577 2567 bus
625 2514 803 2570 verbis
852 2531 1094 2573 eonsona
1129 2531 1280 2586 sunt,
1330 2539 1452 2592 qua:
1485 2524 1792 2595 Thcologus
1831 2529 1926 2582 ait.
1975 2528 2050 2585 De

472 2602 586 2657 Deo
619 2605 766 2657 enim
805 2607 968 2661 verba
1001 2609 1228 2673 faciens,
1284 2613 1364 2667 sic
1413 2613 1691 2686 loquitur:
1728 2617 2048 2673 Universum

470 2692 524 2746 id
565 2695 708 2764 quod
740 2705 823 2752 est
846 2737 860 2760 ,
891 2699 941 2752 in
992 2714 1052 2755 se
1082 2703 1483 2774 complectitur.
1517 2705 1633 2761 Non
1659 2709 1828 2776 enim,
1860 2726 2050 2780 quem-

469 2785 762 2842 admodum
819 2806 920 2846 nos
963 2792 1119 2862 juxta
1155 2811 1394 2865 praesens
1442 2809 1656 2870 tempus
1699 2818 1928 2870 sumus,
1984 2819 2050 2860 ae

468 2879 704 2938 vivimus
768 2881 1126 2954 (praeteritum
1185 2889 1332 2943 enim
1397 2906 1460 2944 ac
1525 2893 1769 2947 futurum
1848 2895 2046 2964 partim

467 2970 778 3036 euris-imus,
801 2973 1001 3041 partim
1029 2977 1272 3032 nomium
1302 2980 1610 3050 habemus),
1642 2981 1722 3037 sic
1751 2983 1916 3037 etiam
1950 2983 2045 3039 Dei

466 3061 703 3116 essentia
726 3062 778 3117 in
803 3073 1042 3135 tempora
1070 3068 1241 3124 divisa
1266 3081 1382 3139 est;
1411 3088 1597 3128 verum
1624 3078 1934 3133 universam
1956 3095 2045 3135 es-

467 3153 698 3208 sentiam
725 3157 1124 3226 complectitur.
1151 3161 1306 3227 Quod
1331 3179 1429 3218 nec
1456 3167 1784 3237 principium
1818 3170 2042 3238 habuit,

2159 2073 2520 2118 momentum.
2557 2063 2693 2118 Nam
2728 2064 2874 2134 quod
2912 2073 3092 2118 mente
3133 2063 3324 2118 leviter
3353 2061 3736 2116 adumbratum

2155 2164 2276 2218 est,
2332 2154 2589 2210 celeriter
2642 2152 3073 2229 avolat._Porro
3125 2153 3336 2208 levibus
3389 2151 3737 2207 lineamentis

2155 2245 2516 2301 adumbratur
2560 2244 2723 2311 Deus,
2769 2261 2876 2300 non
2912 2261 2976 2300 ex
3023 2246 3108 2301 his
3155 2261 3273 2315 qua:
3322 2246 3374 2300 in
3419 2246 3538 2316 ipso
3585 2257 3735 2310 sunt,

2155 2338 2248 2394 sed
2281 2353 2401 2407 qua:
2437 2339 2580 2392 circa
2613 2339 2816 2408 ipsum.
2846 2339 2935 2392 Ait
2965 2339 3110 2393 enim
3143 2355 3374 2410 magnus
3408 2340 3735 2411 Dionysius',

2157 2432 2352 2497 Deum,
2402 2441 2666 2501 quantum
2719 2432 2786 2486 ad
2838 2433 3132 2488 essentiam
3188 2447 3287 2486 nec
3339 2433 3588 2503 intelligi,
3642 2450 3740 2486 nec.

2155 2524 2542 2594 comprehendi
2611 2540 2815 2595 posse;
2900 2541 3084 2579 verum
3141 2540 3206 2579 ex
3267 2524 3343 2578 θα
3371 2527 3474 2580 etis
3529 2525 3736 2580 laudari

2153 2617 2371 2672 debere.
2416 2617 2616 2672 Eadem
2664 2619 2750 2674 hic
2779 2633 3001 2689 quoque
3043 2617 3173 2672 dicit
3216 2615 3550 2686 Theologus.
3583 2617 3736 2684 Quod

2152 2710 2297 2764 enim
2324 2708 2413 2763 ille
2435 2708 2591 2775 dixit,
2614 2721 2877 2780 quantum
2902 2709 2967 2762 ad
2990 2708 3306 2774 essentiam,
3332 2709 3443 2773 hic,
3465 2718 3731 2778 quantum

2137 2801 2221 2880 ‘ad
2272 2818 2332 2856 ea
2391 2818 2514 2874 quae
2559 2801 2611 2856 in
2664 2803 2781 2872 ipso
2833 2809 2994 2868 sunt,
3045 2801 3202 2855 dixit.
3249 2801 3380 2866 Quae
3425 2809 3601 2855 autem
3650 2800 3739 2853 ille

2161 2894 2372 2959 eﬂ'ecta,
2413 2895 2502 2950 hic
2535 2894 2979 2950 circumstantias
3018 2893 3327 2964 appellavit.
3372 2892 3561 2959 Opilex
3591 2893 3734 2966 enim

2141 3003 2317 3044 'causa
2346 2997 2429 3044 est
2465 3006 2479 3043 :
2510 2987 2699 3043 eliecta
2736 3000 2938 3051 autem,
2976 2986 3117 3041 illius
3145 3001 3332 3054 opera.
3368 2984 3510 3040 Deus
3548 2985 3732 3052 igitur,

2151 3097 2260 3136 non
2312 3096 2406 3150 per
2445 3094 2510 3137 ea
2552 3097 2671 3150 qua:
2716 3079 2769 3134 in
2811 3080 2929 3150 ipso
2981 3087 3128 3144 sunt,
3173 3079 3492 3147 percipitur,
3544 3076 3592 3129 id
3625 3088 3729 3136 est,

2151 3186 2245 3241 per
2274 3186 2429 3226 suam
2463 3169 2757 3226 essentiam
2791 3185 2805 3234 ;
2839 3168 2934 3224 sed
2969 3184 3065 3238 per
3095 3184 3157 3222 ea
3188 3183 3310 3236 quae
3349 3168 3493 3221 circa
3529 3168 3726 3234 ipsum,

467 3259 567 3300 nee
595 3245 754 3301 linem
791 3248 1104 3305 habiturum
1149 3262 1253 3308 est.
1285 3255 1355 3322 ,ld
1385 3271 1604 3327 quoque
1652 3259 1864 3316 merito.
1909 3259 2043 3316 Nam
2072 3282 2121 3343 α
2154 3262 2256 3317 hoc
2291 3272 2394 3324 est,
2429 3276 2524 3330 per
2558 3269 2861 3326 creaturas.
2890 3258 3024 3312 Nam
3065 3274 3131 3311 ex
3164 3256 3535 3323 magnitudine
3565 3265 3728 3324 atque

464 3337 611 3404 quod
643 3339 916 3410 principio
940 3351 1110 3406 caret,
1133 3343 1235 3399 hoc
1266 3360 1370 3400 nec
1403 3363 1640 3418 unquam
1666 3365 1787 3406 esse
1807 3352 2040 3408 desinet.

465 3428 585 3483 Non
621 3438 802 3485 tamen
853 3433 1073 3489 inverso
1119 3436 1283 3491 modo
1321 3437 1506 3496 dicere
1552 3457 1845 3511 possumus
1895 3445 2043 3512 quod

468 3537 747 3591 nunquam
777 3523 939 3578 linem
972 3525 1286 3582 habiturum
1313 3541 1416 3594 est,
1449 3518 1591 3588 idem
1617 3550 1685 3588 ne
1715 3535 2039 3605 principium

464 3613 684 3682 quidem
708 3614 984 3672 habuisse.
1011 3616 1222 3674 Etenim
1251 3623 1425 3694 angeli
1459 3625 1795 3682 immortales
1819 3625 2041 3698 quidem

465 3715 592 3759 sunt
652 3721 750 3776 per
799 3711 1056 3780 gratiam,
1117 3728 1218 3768 nee
1274 3731 1513 3792 unquam
1574 3733 1694 3774 esse
1751 3720 2039 3776 desinent:

464 3807 643 3851 ortum
691 3810 871 3854 tamen
919 3802 1245 3860 habuerunt.
1295 3804 1416 3860 Mox
1469 3823 1566 3877 per
1621 3809 2040 3868 similitudinem

464 3889 744 3961 subjungit
812 3892 1123 3965 Theologus
1179 3914 1193 3951 :
1259 3895 1420 3952 Velut
1489 3901 1711 3971 pelagus
1770 3905 2042 3972 quoddam

461 3984 710 4036 essentia:
760 3985 1086 4042 immensum
1133 3997 1188 4043 et
1234 3989 1668 4048 interminatam.
1709 3995 2041 4053 Immensum

463 4073 622 4141 dicit,
659 4077 784 4146 quia
823 4080 1094 4148 principio
1144 4091 1198 4138 et
1230 4083 1332 4138 line
1367 4095 1534 4140 caret.
1568 4085 1702 4140 Nam
1742 4105 1862 4159 quae
1895 4090 2045 4160 prin-

462 4166 664 4235 cipium
701 4178 754 4222 et
785 4169 944 4225 linem
980 4172 1201 4240 habent,
1230 4174 1382 4230 (inita
1419 4185 1566 4242 sunt,
1601 4194 1663 4233 ac
1692 4181 1795 4234 sub
1829 4189 2042 4250 tempus

463 4259 683 4314 cadunt.
718 4259 860 4318 Deus
891 4275 1073 4318 autem
1115 4281 1279 4336 supra
1316 4275 1532 4338 tempus
1564 4281 1670 4325 est.
1717 4271 2043 4330 Intermina-

463 4357 579 4413 tu_m
611 4361 818 4418 autem,
850 4355 978 4424 quia
1014 4369 1114 4412 nec
1147 4357 1266 4414 loco
1289 4400 1304 4423 ,
1335 4375 1437 4416 nec
1467 4361 1787 4419 deﬁnitione
1823 4366 1929 4418 ulla
1959 4365 2041 4435 ip-

463 4443 580 4498 sius
603 4453 854 4499 naturam
886 4447 1194 4504 deelaraute
1217 4451 1712 4510 circumscribitur.
1745 4457 2039 4527 Postquam

465 4534 631 4604 igitur
676 4535 813 4589 dixit
861 4535 1194 4593 Immensum
1233 4549 1284 4595 et
1330 4540 1744 4598 lntertninatum
1772 4586 1787 4612 ,
1827 4547 2041 4616 utrique

2146 3354 2467 3410 excellentia
2522 3362 2916 3418 creaturarum,
2970 3359 3024 3404 ut
3059 3350 3170 3414 ille,
3234 3349 3432 3420 inquit,
3487 3349 3732 3403 adhibita

2146 3446 2535 3518 proportione,
2588 3457 2785 3514 parens
2831 3457 3056 3507 earum,
3106 3440 3444 3509 ell‘eetorque
3496 3441 3731 3510 perspici

2146 3548 2310 3608 atque
2338 3536 2558 3608 intelligi
2595 3539 2793 3606 potes't.
2823 3535 2978 3590 Circa
3009 3535 3189 3605 ipsum
3224 3543 3404 3588 autem
3439 3541 3588 3598 sunt,
3617 3541 3728 3585 tum

2148 3642 2436 3697 creaturae,
2464 3641 2577 3685 tum
2614 3630 2838 3699 provida
2875 3627 3048 3698 ipsius
3083 3627 3328 3682 consilia.
3363 3625 3727 3691 Quamobrem

2147 3720 2576 3777 existimandum
2602 3727 2685 3772 est
2715 3717 3142 3785 unumquodque
3166 3730 3356 3769 eorum
3381 3729 3502 3782 qua:
3526 3713 3592 3767 de
3618 3711 3728 3764 Deo

2146 3813 2523 3877 enuntiantur,
2562 3825 2691 3875 non,
2732 3809 2859 3878 quid
2908 3809 2978 3862 sit
3008 3817 3273 3876 quantum
3305 3805 3371 3859 ad
3405 3805 3724 3862 essentiam,

2147 3907 2412 3972 indicare,
2442 3919 2632 3959 verum
2683 3910 2797 3966 aut,
2831 3899 2963 3971 quid
3012 3915 3117 3952 non
3168 3899 3256 3961 sit,
3289 3898 3600 3962 ostendere,
3634 3905 3727 3949 aut

2145 3998 2464 4054 relationem
2499 3994 2787 4063 quamdam
2822 3991 2886 4045 ad
2921 3989 3126 4061 aliquid
3159 4005 3374 4054 eorum,
3407 4005 3529 4060 qua:
3559 3989 3628 4043 ab
3658 4005 3727 4042 eo

2145 4090 2583 4159 distinguuntur,
2631 4096 2726 4140 aut
2770 4085 3006 4154 denique
3050 4083 3326 4154 quidpiam
3374 4097 3563 4136 eorum
3605 4096 3727 4148 quae

2147 4192 2406 4238 naturam
2456 4181 2542 4235 vel
2597 4180 2866 4234 actionem
2923 4176 3275 4231 comitantur.
3326 4171 3437 4228 Nec
3487 4188 3612 4226 vero
3661 4189 3726 4226 ex

2145 4275 2400 4331 omnibus
2447 4272 2801 4338 nominibus,
2869 4284 2989 4340 qua:
3057 4270 3123 4324 de
3178 4259 3285 4323 D50
3339 4266 3726 4337 praedicantur,

2145 4367 2316 4422 ullum
2349 4380 2500 4436 atque
2534 4364 2816 4435 proprium
2852 4362 3085 4421 videtur,
3121 4370 3284 4428 atque
3320 4357 3470 4412 Entis
3506 4373 3726 4417 nomen,

2143 4459 2286 4530 quod
2331 4460 2502 4529 ipsam
2536 4457 2754 4528 quidem
2805 4455 3100 4510 essentiam
3137 4452 3359 4515 indicat,
3395 4465 3502 4504 non
3546 4463 3724 4503 autem

2144 4565 2392 4621 qua-nam
2433 4563 2495 4603 ea
2538 4549 2629 4602 sit.
2663 4545 2972 4600 Secundum
3022 4558 3239 4603 nomen,
3276 4542 3417 4594 Deus
3447 4551 3549 4605 est,
3581 4539 3725 4608 quod

463 4626 732 4695 a".ieClivo
763 4631 1098 4686 contrarium
1134 4650 1291 4688 suum
1318 4639 1565 4706 opponit.
1595 4637 1867 4694 immenso
1894 4640 2036 4693 enim
2072 4625 2117 4680 Β
2148 4643 2414 4696 actionem
2453 4640 2744 4709 signilieat.
2789 4638 2920 4700 Θεὸς
2961 4639 3104 4690 enim
3143 4634 3345 4688 dicitur
3383 4632 3465 4685 vel
3501 4648 3529 4685 a
3562 4632 3728 4685 verbo

462 4722 770 4790 respondet,
807 4723 856 4776 id
891 4727 1037 4793 quod
1066 4726 1181 4782 ait:
1212 4725 1439 4782 Omnem
1475 4730 1732 4798 temporis
1760 4733 2043 4802 cogitatio-

462 4828 585 4867 nem
620 4830 921 4886 superans;
952 4834 1075 4872 nam
1101 4819 1248 4888 quod
1275 4829 1518 4891 tempore
1545 4822 1768 4878 minime
1798 4825 2042 4881 circum-

463 4909 747 4971 scribitur,
801 4910 1131 4967 immensum
1175 4923 1278 4968 est.
1334 4915 1692 4973 interminato
1749 4929 1927 4974 autent
1986 4925 2039 4978 id

461 4999 604 5067 quod
638 5002 716 5055 ait
745 5019 760 5052 :
787 5000 1017 5057 Omnem
1057 5014 1265 5060 natura:
1314 5007 1697 5077 cogitationem
1729 5014 2036 5083 excedens;

461 5101 544 5146 est
573 5093 716 5146 enim
745 5095 1183 5162 interminatum,
1217 5100 1360 5168 quod
1395 5116 1492 5156 nec
1523 5101 1664 5169 loco,
1704 5119 1802 5158 nec
1841 5106 2036 5160 delini-

464 5185 631 5247 tione,
678 5185 848 5254 ipsius
877 5196 1128 5243 naturam
1162 5191 1490 5260 explicante,
1526 5197 2033 5265 comprehenditur.

462 5272 606 5337 Deus
637 5275 821 5345 igitur,
870 5277 1064 5348 inquit,
1100 5283 1317 5336 excedit
1351 5299 1568 5340 omnem
1607 5287 1994 5357 cogitationem
2018 5330 2033 5357 ,

460 5381 624 5434 quam
664 5367 955 5436 quisquam
1009 5372 1073 5426 de
1125 5382 1390 5442 tempore,
1424 5375 1509 5429 vel
1543 5384 1735 5431 natura
1771 5380 2033 5449 quadam,

459 5454 596 5510 inire
629 5467 816 5527 queat,
850 5470 1033 5516 mente
1067 5463 1180 5518 sola
1222 5466 1629 5521 adumbratam.
1674 5467 1857 5539 Neque
1891 5474 2032 5527 enim

459 5548 512 5602 in
543 5553 701 5607 nobis
729 5567 993 5622 organum
1026 5557 1196 5612 ullum
1224 5558 1506 5624 habemus,
1531 5577 1642 5630 quo
1673 5563 1764 5618 Dei
1796 5566 2032 5634 speciem

458 5643 747 5713 concipere
807 5662 1098 5718 queamus,
1158 5666 1266 5705 non
1297 5666 1520 5708 sensum
1559 5654 1683 5725 (nec
1717 5656 1860 5712 enim
1893 5656 2034 5714 Deus

458 5735 656 5788 sensile
687 5737 944 5805 quiddam
1001 5751 1106 5808 est,
1144 5749 1204 5797 ut
1253 5743 1508 5799 sensibus
1563 5747 1890 5820 subiaceat),
1926 5764 2031 5803 non

531 5917 572 5946 ’⁷
610 5915 780 5971 Exod.
813 5935 891 5986 ιιι,
928 5917 1010 5988 15,
1057 5920 1137 5974 li.

2146 4738 2311 4800 θέειν,
2349 4736 2400 4790 id
2431 4743 2532 4797 est,
2567 4750 2797 4798 currere,
2857 4742 2912 4786 et
2943 4746 3029 4785 res
3076 4729 3362 4783 universas
3409 4725 3724 4787 confovere,

2145 4829 2225 4882 vel
2255 4829 2361 4882 ἀπὸ
2392 4825 2485 4879 τοῦ
2519 4824 2747 4879 θεᾶσθαι
2791 4822 2862 4876 τὰ
2909 4821 3119 4885 πάντα,
3155 4821 3206 4874 id
3243 4833 3355 4886 eSt,
3388 4820 3512 4889 quia
3547 4818 3724 4870 onmia

2143 4929 2356 4987 spectet.
2442 4917 2628 4988 Neque
2713 4917 2855 4970 enim
2964 4913 3263 4984 quidquam
3349 4926 3474 4966 eum
3553 4909 3724 4963 latere

2143 5020 2350 5083 potest,
2383 5017 2852 5080 conspectumque
2910 5005 3026 5076 ejus
3077 5003 3332 5074 eﬂ‘ugere.
3383 5002 3452 5055 At
3485 5000 3723 5071 ἄναρχον

2142 5116 2195 5162 et
2229 5106 2484 5160 ἄκτιστον
2514 5111 2566 5156 et
2595 5099 2912 5169 ἀσώματον,
2943 5098 2998 5152 id
3022 5104 3127 5161 est,
3158 5095 3403 5164 principii
3431 5109 3633 5162 expers,
3671 5100 3725 5146 et

2141 5199 2454 5257 inm-catum,
2487 5202 2537 5247 et
2572 5192 2962 5260 incorporeum,
2991 5188 3120 5256 quid
3155 5200 3265 5240 non
3294 5185 3385 5250 sit,
3419 5183 3721 5247 declarant,

2143 5290 2242 5342 hoc
2272 5296 2376 5350 est,
2407 5283 2549 5355 quod
2585 5298 2682 5337 nec
2715 5282 3040 5352 principium
3075 5277 3343 5341 habuerit,
3379 5292 3476 5330 nec
3504 5287 3720 5331 creatus

2141 5381 2321 5441 fuerit,
2353 5393 2452 5432 nec
2480 5391 2679 5445 corpus
2707 5376 2797 5428 sit.
2829 5372 2947 5427 Jam
2980 5384 3106 5423 vero
3141 5368 3370 5433 bonum,
3402 5369 3611 5438 justum
3666 5375 3722 5419 ct

2140 5481 2413 5533 sanctum,
2461 5479 2711 5520 naturam
2759 5464 2979 5534 quidem
3032 5460 3417 5518 comitantur:
3458 5470 3715 5513 emterum

2139 5565 2312 5633 ipsam
2361 5572 2614 5615 naturam
2652 5557 3076 5627 haudquaquam
3114 5555 3386 5624 operiunt.
3420 5553 3596 5623 Atque
3633 5550 3718 5605 his

2139 5652 2456 5710 nominibus
2490 5649 2634 5706 Dens
2665 5649 2987 5719 appellatur,
3032 5655 3090 5702 ut
3135 5658 3326 5702 auctor
3360 5644 3622 5702 bonitatis
3653 5658 3720 5699 ac

2137 5746 2443 5805 sanctitatis
2486 5754 2538 5802 et
2577 5743 2828 5815 iustitiae.
2868 5741 2936 5797 At
2984 5739 3099 5796 luce
3147 5741 3388 5809 nomina,
3425 5739 3713 5803 Dominus,
