4100 6436
327 246 461 312 1213

1286 267 1609 332 NICETAS
1650 273 1731 334 IN
1775 269 1998 332 ORAT.
2044 273 2211 337 XLII
2253 276 2315 338 S.
2359 276 2595 339 GREG.

3453 280 3589 347 1311

321 376 400 467 el_
444 365 558 467 ἷξεῐ
588 406 602 432 ο
662 378 715 424 et
757 369 963 467 phire!
994 416 1008 441 ,
1079 390 1142 434 ac
1199 392 1395 441 cetera
1463 387 1586 458 ejus
1652 392 1908 460 generis,
1939 390 2196 463 Agatur,
2247 410 2413 451 cursu
2464 411 2524 452 se
2572 395 2824 467 proripit.
2878 397 3025 454 Deus
3076 398 3223 454 enim
3273 414 3384 455 non
3427 404 3592 457 modo

326 458 646 513 relationem
704 462 771 516 ad
820 480 886 521 ea
948 483 1070 538 quae
1124 485 1189 525 ex
1248 476 1480 533 adverso
1532 458 1908 551 respondent,

324 552 642 610 ostendunt.
694 555 1048 618 Subditorum
1096 567 1240 622 enim
1290 568 1556 630 Dominus
1595 577 1813 645 dicitur,
1854 587 1910 634 et

324 657 520 698 eorum
558 647 652 715 qui
699 651 802 705 sub
844 668 1010 723 regno
1045 668 1194 724 sunt,
1243 659 1376 727 Rex,
1410 673 1463 719 et
1505 682 1685 723 rerum
1721 672 1909 725 condi-

325 742 505 789 tarum
541 736 728 806 Opifex
764 757 858 797 seu
894 744 1178 804 Conditor.
1229 751 1479 818 Quonam
1525 769 1706 815 autem
1745 765 1908 818 modo

324 843 388 882 ex
424 827 528 892 his,
576 846 696 898 quae
732 833 877 889 circa
912 836 1088 906 ipsum
1130 853 1282 908 sunt,
1320 847 1460 903 Deus
1501 850 1909 911 adumbratur?

321 915 478 981 A'lia,
533 918 753 990 inquit,
806 934 968 995 atque
1019 929 1121 984 alia
1178 931 1567 1003 imaginatione
1613 942 1679 996 ad
1737 960 1904 1000 unum

320 1009 543 1078 aliquod
569 1013 811 1069 veritatis
832 1018 1182 1077 simulacrum
1209 1029 1623 1094 exprimendum
1650 1036 1904 1092 collecta.

326 1098 402 1153 Ex
439 1101 522 1156 his
564 1106 708 1158 enim
755 1110 936 1175 rebus,
972 1129 1108 1181 quas
1153 1119 1329 1173 oculis
1364 1123 1663 1191 cernimus,
1696 1131 1906 1198 species

322 1195 587 1261 quasdam
629 1206 681 1251 et
716 1198 981 1271 imagines
1028 1206 1094 1259 de
1148 1207 1261 1263 Deo
1311 1215 1633 1283 accipimus.
1779 1238 1903 1276 cum

320 1283 558 1341 dicimus
599 1304 613 1337 :
652 1287 807 1353 Quod
862 1294 942 1348 sol
991 1295 1046 1349 in
1097 1302 1470 1368 sensibilibus,
1526 1307 1629 1364 hoc
1674 1311 1816 1367 Deus
1848 1315 1902 1368 in

320 1375 756 1436 intellectilibus.
798 1382 934 1439 Nam
984 1394 1449 1457 quemadmodum
1499 1398 1587 1454 ille
1635 1403 1903 1460 visibilem

320 1469 586 1523 mundum
636 1472 909 1531 illuminat
943 1498 954 1532 :
993 1483 1183 1536 eodem
1226 1485 1314 1539 hic
1348 1489 1509 1543 modo
1553 1490 1900 1551 invisibilem.

325 1555 534 1612 Rursus
559 1563 1019 1628 quemadmodum
1051 1570 1139 1625 ille
1163 1587 1258 1629 eos
1285 1575 1376 1645 qui
1407 1581 1703 1648 aspiciunt,
1729 1585 1905 1643 claros

323 1646 529 1703 eﬂicit:
570 1651 642 1706 ita
697 1653 783 1729 hic
825 1655 1044 1716 divinos
1092 1672 1147 1718 et
1190 1646 1489 1725 deiformes
1526 1676 1720 1734 reddit.
1754 1677 1903 1735 Prm-

325 1746 473 1793 terea
525 1744 989 1810 quemadmodum
1050 1754 1213 1811 simul
1272 1768 1326 1814 et
1375 1777 1573 1833 corpus
1630 1770 1803 1834 solis,
1851 1782 1903 1827 et

326 1830 513 1887 radius
554 1842 604 1887 et
647 1835 828 1907 lumen
884 1858 898 1895 :
950 1843 1115 1900 simili
1165 1851 1328 1907 modo
1378 1830 1561 1923 Pater,
1610 1830 1801 1929 Filius,
1851 1873 1907 1920 et

328 1920 849 1990 Spiritnssanctus.
904 1933 967 1987 Et
1010 1953 1323 2010 quanquam
1363 1920 1579 2017 utrique
1613 1920 1799 2010 causa,
1824 1966 1910 2012 est

328 2011 488 2068 Pater
523 2035 537 2071 :
571 2032 678 2070 non
715 2028 894 2076 tainen
927 2029 1203 2097 antiquior
1236 2044 1341 2097 est,
1379 2054 1486 2093 non
1520 2041 1702 2098 hercle
1735 2048 1908 2118 magis

328 2117 489 2196 quam
515 2107 593 2159 sol
620 2108 728 2164 illis
755 2120 997 2182 tempore
1029 2120 1197 2186 prior.
1221 2125 1423 2181 Adhzec
1447 2107 1906 2196 quemadmodum

327 2191 512 2293 lumen
546 2211 609 2250 ex
651 2200 772 2269 igne
804 2243 819 2267 ,
856 2205 936 2260 sic
966 2206 1138 2266 Filius
1170 2229 1234 2266 ex
1268 2216 1447 2273 Patre.
1465 2191 1674 2293 'Atque,
1704 2235 1763 2280 ut
1800 2244 1908 2284 uno

328 2285 498 2338 verbo
545 2288 748 2357 dicam,
803 2311 924 2365 quat
973 2300 1026 2354 in
1068 2305 1230 2361 nobis
1282 2320 1428 2374 sunt,
1468 2329 1551 2380 ea,
1590 2331 1711 2385 quae
1743 2336 1908 2391 supra

326 2394 431 2434 nos
459 2391 607 2448 sunt,
643 2385 996 2461 intelligimus
1027 2408 1190 2466 atque
1222 2399 1628 2475 imaginantur;
1667 2412 1719 2465 in
1752 2385 1908 2470 nobis

323 2473 496 2542 enim,
547 2487 599 2530 et
650 2494 805 2536 mens
860 2494 963 2550 est,
1017 2498 1071 2541 et
1120 2507 1323 2559 sermo,
1375 2507 1428 2550 et
1481 2502 1730 2569 spiritus.
1783 2504 1909 2564 Ilzec

325 2575 507 2621 autem
552 2570 676 2635 tria,
716 2577 1097 2646 inseparabilia
1145 2596 1272 2641 sunt
1302 2596 1355 2641 et
1385 2593 1637 2659 aei'jualia.
1683 2595 1749 2650 Et
1788 2601 1909 2667 qui-

325 2658 449 2710 dem
520 2676 674 2718 mens
736 2680 1044 2725 sermonem
1118 2675 1403 2743 impetibili
1455 2658 1632 2741 modo
1692 2658 1903 2761 gigtiit,

325 2763 505 2847 sermo
544 2765 726 2810 autem
767 2759 886 2814 sine
936 2764 1133 2830 spiritu
1170 2784 1234 2821 ex
1284 2783 1464 2829 mente
1504 2759 1768 2847 pri-gredi
1809 2798 1900 2838 ne-

327 2839 468 2906 quit.
497 2840 571 2895 Ita
608 2844 686 2910 fit,
727 2857 786 2901 ut
812 2866 1124 2922 quanquam
1160 2857 1211 2911 in
1241 2861 1399 2915 nobis
1441 2839 1550 2921 tres
1576 2839 1708 2922 sunt
1736 2870 1908 2941 hypo-

326 2940 527 2997 stascs,
575 2953 717 2993 unus
770 2949 949 2998 tamen
1002 2946 1168 3004 homo
1212 2952 1284 3004 sit
1328 2953 1483 3022 juxta
1534 2959 1611 3031 id,
1660 2940 1906 3030 quodin

2012 500 2121 540 non
2167 495 2381 543 tenetur
2426 489 2702 545 intellectu
2754 500 3041 561 perceptus
3072 508 3086 545 :
3117 492 3311 547 sedne
3348 493 3586 562 perfecte

2011 578 2230 647 quidem
2285 581 2515 650 c0gitari
2581 589 2745 651 atque
2812 582 3043 652 intelligi
3100 590 3275 651 potest
3332 599 3347 637 :
3402 599 3590 638 verum

2010 668 2176 724 simul
2227 678 2392 738 atque
2445 669 2670 739 intelligi
2726 670 2922 741 coapit,
2978 670 3254 732 abscedit,
3311 678 3496 740 atque,
3535 682 3595 725 ut

2009 761 2269 823 diximus.
2308 763 2389 816 vel
2429 763 2770 818 celerrimam
2816 773 3052 817 mentem
3096 765 3403 829 antevertit,
3442 766 3579 818 adeo

2008 862 2070 908 ut
2101 853 2246 907 nulla
2283 854 2497 908 ratione
2527 853 2918 923 comprehendi
2951 861 3138 923 queat.
3172 852 3408 908 Tantum
3442 854 3599 931 prin-1

2009 947 2185 1016 cipem
2242 946 2422 1001 nostri
2477 955 2733 1016 partem,
2793 961 3023 1015 eamque
3081 957 3371 1019 purgatam
3417 946 3594 1000 collu-

2008 1050 2211 1103 strans,
2242 1049 2350 1095 etc.
2389 1039 2544 1106 Quod
2576 1040 2722 1094 enim
2756 1048 2839 1095 est
2872 1039 3064 1095 oculus
3110 1040 3163 1094 in
3207 1055 3456 1110 corpore,
3490 1039 3595 1094 hoc

2010 1149 2164 1188 mens
2201 1134 2252 1187 in
2298 1133 2498 1187 anima.
2540 1130 2609 1188 Ut
2652 1133 2818 1202 igitur
2860 1134 2926 1186 ad
2962 1132 3149 1201 fulgur
3184 1133 3429 1186 emicans
3463 1146 3592 1201 pro-

2008 1225 2352 1295 spiciendnm
2401 1224 2575 1279 oculis
2627 1224 2778 1279 snnis
2824 1231 2909 1278 cst
2958 1239 3097 1293 opus
3144 1241 3158 1278 :
3197 1225 3277 1278 sic
3319 1223 3482 1278 etiam
3523 1222 3592 1277 ad

2010 1318 2133 1380 hoc,
2159 1326 2217 1371 ut
2245 1318 2334 1372 Dei
2365 1317 2826 1386 contemplatione
2856 1316 3394 1379 eircumlustremur,
3428 1329 3588 1369 mens

2006 1425 2140 1479 pura
2177 1420 2231 1464 et
2278 1409 2487 1479 integra
2536 1409 2856 1479 requiritur.
2904 1406 3039 1461 Nam
3078 1415 3139 1462 ut
3171 1406 3226 1461 in
3282 1406 3506 1461 sordido
3540 1414 3596 1460 et

2007 1503 2224 1572 impuro
2279 1501 2500 1571 speculo
2557 1500 2741 1556 vultus
2798 1500 2980 1571 imago
3034 1500 3419 1570 reprassentari
3480 1515 3592 1554 non

2006 1600 2218 1662 potest,
2275 1591 2357 1645 sic
2409 1606 2511 1646 nec
2548 1589 2601 1644 in
2658 1589 2799 1646 fteda
2852 1600 2906 1647 et
2955 1590 3212 1661 squalida
3262 1599 3446 1646 mente
3496 1591 3590 1646 Dei

2009 1686 2309 1755 splendor:
2358 1699 2535 1754 eoque
2566 1684 2741 1754 magis
2790 1687 2920 1754 quia
2972 1683 3210 1756 fulguris
3255 1684 3589 1739 celeritatem

2011 1780 2275 1844 imitatur,
2314 1788 2368 1831 et
2413 1777 2699 1832 confestim
2750 1778 2952 1841 avolat,
3005 1786 3170 1847 atque
3217 1792 3341 1832 eum
3391 1793 3591 1846 capere

2009 1872 2319 1926 adnitentes
2357 1868 2618 1938 praeterit.
2654 1867 2815 1935 Spem
2867 1868 3013 1922 enim
3055 1867 3230 1935 injicit
3274 1868 3431 1938 quasi
3468 1882 3593 1922 mox

2009 1961 2562 2032 comprehendendus
2605 1977 2618 2012 :
2667 1958 2888 2013 interim
2940 1968 3121 2013 tamen
3173 1958 3596 2028 incomprehen-

2009 2055 2183 2110 sibilis
2232 2061 2437 2107 manet.
2497 2051 2613 2106 Meo
2663 2051 2883 2122 quidem
2932 2052 3164 2121 judicio,
3215 2060 3275 2105 ut
3320 2061 3595 2120 quatenus

2010 2144 2403 2214 comprehendi
2454 2151 2654 2213 potest,
2692 2158 2792 2197 nos
2831 2143 2897 2197 ad
2930 2156 2990 2197 se
3020 2143 3200 2196 trahat
3242 2141 3409 2212 (quod
3444 2143 3589 2196 enim

2012 2240 2162 2293 nullo
2197 2238 2361 2292 modo
2408 2236 2613 2306 percipi
2651 2244 2849 2304 potest,
2881 2249 2981 2289 nec
3030 2235 3111 2288 vel
3146 2251 3243 2303 per
3291 2250 3351 2289 ea
3386 2251 3507 2303 qua:
3537 2236 3590 2287 in

2012 2331 2131 2400 ipso
2178 2337 2327 2393 sunt,
2376 2328 2457 2382 vel
2506 2342 2629 2397 qua:
2674 2328 2819 2381 circa
2861 2327 3039 2396 ipsum
3083 2326 3496 2395 comprehendi,
3543 2326 3593 2379 id

2011 2437 2111 2477 nec
2156 2428 2341 2489 sperat
2386 2418 2679 2488 quisquam
2738 2417 2853 2471 fore
2901 2426 2962 2471 ut
3009 2417 3209 2487 capiat,
3257 2433 3357 2472 nec
3405 2431 3599 2486 capere

2011 2510 2320 2581 adnititur),
2360 2519 2634 2580 quatenus
2660 2518 2839 2563 autem
2873 2509 2993 2578 capi
3027 2509 3237 2578 nequit,
3278 2507 3597 2562 admiratio-

2010 2622 2133 2661 nem
2181 2605 2265 2659 sui
2314 2603 2535 2664 excitet,
2582 2616 2756 2671 caque
2806 2601 2874 2655 de
2923 2616 3087 2655 causa
3138 2599 3498 2662 desideretur,
3544 2607 3598 2651 et

2009 2707 2238 2771 purget,
2275 2712 2337 2751 ac
2385 2694 2685 2749 deiformes
2730 2692 2930 2748 efficiat
2964 2710 2976 2745 :
3012 2702 3176 2762 atque
3221 2691 3293 2745 ita
3323 2691 3434 2761 jam
3467 2705 3593 2744 cum

2013 2790 2376 2848 familiaribus
2424 2788 2572 2842 nulla
2605 2803 2664 2841 re
2702 2786 3030 2840 intermedia
3066 2785 3411 2854 colloquatur
3445 2781 3519 2852 (et
3550 2781 3597 2835 si

2010 2885 2126 2938 haec
2175 2880 2434 2935 audacter
2466 2894 2497 2932 a
2524 2894 2609 2932 me
2654 2874 2958 2943 dicuntur),
2997 2877 3138 2931 Deus
3188 2873 3455 2928 naturalis
3494 2872 3600 2927 diis

2010 2992 2107 3046 per
2137 2972 2484 3043 adoptionem
2523 2981 2578 3025 et
2606 2968 2837 3039 gratiam
2881 2968 3069 3023 unitus
3098 2978 3151 3022 et
3182 2965 3471 3036 copulatus
3502 2980 3600 3034 per

326 3024 505 3081 tribus
548 3028 937 3100 bypostasibus
974 3040 1313 3112 intelligitur,
1363 3063 1430 3102 eo
1468 3053 1613 3120 quod
1662 3071 1819 3111 meus
1849 3068 1901 3113 et
1926 3078 1971 3140 ρ
2004 3024 2300 3130 arctionem,
2331 3024 2680 3118 innotescens
2710 3069 2891 3115 autem
2921 3073 3015 3126 per
3059 3059 3596 3127 contemplationem.
3645 3059 3651 3063 '

326 3129 634 3217 sermonem
688 3132 743 3177 et
770 3127 1021 3194 spiritum
1052 3132 1269 3191 habeat.
1304 3138 1503 3195 Eodem
1532 3146 1693 3200 modo
1722 3146 1902 3217 Pater,

326 3205 519 3276 Filius,
566 3222 622 3265 et
669 3212 906 3285 Spiritus
957 3236 1183 3282 sanctus
1231 3239 1345 3286 tres
1394 3234 1612 3303 quidem
1661 3205 1908 3308 personae

328 3300 725 3371 inseparabiles
776 3323 925 3377 sunt,
981 3333 1124 3374 unus
1178 3332 1358 3378 autem
1413 3300 1582 3385 Deus.
1637 3300 1701 3387 Fit
1752 3334 1912 3392 Pater

328 3396 463 3449 citra
498 3399 808 3466 passionem
860 3404 1055 3463 Filium
1085 3412 1257 3483 gignit
1297 3434 1311 3471 :
1354 3416 1523 3475 Filius
1572 3439 1762 3481 rursus
1792 3429 1912 3485 sine

325 3485 533 3557 Spiritu
571 3508 678 3547 non
712 3508 817 3561 est,
851 3501 931 3554 sic
965 3502 1069 3556 alia
1097 3508 1345 3574 quaedam
1376 3514 1589 3579 species
1619 3530 1687 3570 ex
1718 3518 1822 3574 alia
1856 3535 1913 3574 re

326 3585 395 3638 ad
448 3603 618 3642 unum
668 3593 911 3652 veritatis
972 3600 1327 3656 simulacrum
1383 3607 1683 3679 colligitur.
1738 3610 1911 3667 Porro

330 3676 741 3746 imaginationis
796 3689 1093 3745 exilitatem
1148 3693 1428 3751 simulacri
1483 3676 1679 3755 nomen
1729 3701 1908 3759 docet.

328 3767 441 3824 Nec
505 3774 649 3827 enim
714 3776 767 3830 in
828 3782 992 3835 rebus
1052 3786 1252 3839 creatis
1321 3788 1426 3843 ulla
1490 3792 1669 3863 imago
1733 3804 1912 3863 potest

331 3865 586 3931 inveniri,
632 3885 756 3939 qua:
789 3871 841 3925 in
876 3872 1053 3943 seipsa
1104 3887 1309 3934 sancta:
1356 3879 1644 3939 Trinitatis
1688 3887 1908 3941 modum

329 3970 425 4023 per
489 3960 673 4015 omnia
741 3963 962 4019 referat.
1024 3965 1160 4023 Nam
1219 3973 1365 4041 quod
1425 3986 1669 4031 creatum
1724 3986 1808 4033 est
1859 3988 1913 4034 et

330 4050 716 4117 compositum,
767 4065 820 4108 et
867 4055 1099 4124 fluxum,
1147 4070 1203 4115 et
1248 4066 1529 4132 mutabile,
1579 4078 1633 4123 et
1681 4069 1916 4125 circum—-

333 4141 623 4209 scriptum,
670 4161 780 4215 quo
831 4149 1050 4203 tandem
1103 4153 1268 4207 modo
1319 4156 1559 4211 divinam
1614 4162 1910 4215 essentiam

332 4232 401 4285 ab
434 4235 690 4293 omnibus
742 4237 829 4294 his
879 4242 1040 4297 rebus
1088 4254 1376 4311 remotam,
1414 4258 1578 4319 atque
1619 4254 1909 4307 essentiam

333 4340 552 4381 omnem
583 4341 931 4399 superantem
966 4337 1255 4404 perspicue
1284 4338 1623 4394 declarabit?
1655 4340 1912 4400 Veritatis

2014 3162 2093 3215 Ac
2124 3165 2334 3213 tantum
2372 3153 2626 3216 fortasse,
2657 3161 2762 3206 etc.
2798 3148 2910 3205 lloc
2943 3159 3178 3214 tantum,
3212 3164 3319 3203 non
3350 3148 3400 3203 id
3432 3145 3602 3217 signi-

2015 3254 2160 3316 ﬁcat,
2186 3248 2329 3319 quod
2355 3253 2620 3315 quantum
2653 3243 2755 3312 ipsi
2806 3241 2974 3297 Deum
3002 3248 3363 3312 cognoscunt,
3385 3249 3595 3294 tantum

2014 3344 2117 3415 ipsi
2170 3358 2201 3396 a
2256 3339 2366 3394 Deo
2418 3345 2853 3408 cognoscuntur.
2907 3335 3002 3390 llle
3053 3336 3200 3389 enim
3264 3332 3601 3404 cognitionis

2015 3434 2288 3492 infinitum
2336 3441 2421 3486 est
2472 3430 2746 3500 pelagus:
2782 3428 2978 3481 horum
3020 3435 3223 3491 autem,
3272 3433 3332 3479 ut
3382 3433 3597 3485 natura,

2014 3530 2087 3585 ita
2117 3528 2279 3582 etiam
2313 3523 2554 3593 cognitio
2588 3521 2738 3575 finita
2769 3528 2871 3575 est.
2900 3517 3104 3574 Verum
3134 3518 3394 3589 quoniam
3424 3517 3605 3585 dupli-

2015 3635 2131 3674 cem
2179 3617 2323 3672 Deus
2359 3614 2647 3669 scientiam
2687 3612 2869 3677 babet,
2902 3611 3127 3665 alteram
3162 3625 3266 3679 qua
3300 3608 3599 3663 secundum

2014 3720 2270 3766 naturam
2301 3715 2498 3763 cuncta
2528 3706 2833 3774 engnoscit,
2877 3703 3034 3771 juxta
3068 3703 3200 3755 illud
3246 3719 3261 3755 :
3300 3700 3406 3766 Qui
3456 3700 3601 3753 novit

2013 3800 2215 3863 omnia,
2260 3807 2545 3867 antequam
2591 3793 2836 3847 oriantur
2859 3793 2972 3857 ‘7‘;
3024 3794 3272 3854 alteram,
3322 3807 3429 3861 qua
3481 3807 3600 3850 eos.

2013 3891 2105 3961 qui
2141 3889 2242 3959 ipsi
2278 3896 2421 3942 totos
2450 3901 2508 3941 se
2536 3884 2888 3946 addixerunt,
2921 3882 3214 3936 familiares
3247 3883 3411 3935 habet
3440 3898 3454 3934 :
3487 3898 3599 3950 quo

2014 3996 2179 4036 sensu
2231 3979 2308 4033 ait
2354 3977 2642 4046 Scriptura
2694 3990 2712 4029 :
2752 3971 2917 4028 Novit
2963 3974 3220 4026 Dominus
3269 3973 3381 4026 vias
3419 3973 3599 4042 justo-

2015 4095 2133 4131 rum
2161 4077 2226 4130 ³⁸.
2259 4075 2326 4129 Et
2351 4074 2458 4128 alio
2478 4073 2599 4126 loco
2626 4090 2639 4125 :
2672 4068 2834 4125 Novit
2861 4068 3120 4122 Dominus
3148 4066 3237 4137 qui
3267 4064 3349 4120 sui
3377 4074 3503 4118 sunt
3530 4064 3600 4130 ";

2015 4166 2232 4224 divinas
2272 4162 2526 4217 videlicet
2569 4175 2699 4215 suas
2733 4167 2891 4213 notas
2937 4157 2992 4212 in
3041 4156 3121 4211 eis
3155 4155 3336 4211 salvas
3364 4162 3420 4207 et
3453 4153 3602 4206 inco-

2016 4257 2190 4311 lumes
2221 4267 2540 4323 agnoscens.
2566 4252 2643 4306 Ac
2672 4249 2896 4320 proinde
2921 4250 2986 4304 ad
3012 4248 3215 4302 Mosem
3242 4247 3455 4316 quidem
3482 4244 3558 4298 ait
3584 4261 3599 4297 :

2018 4347 2157 4401 Novi
2191 4356 2240 4399 te
2266 4361 2431 4415 supra
2461 4359 2640 4397 omnes
2671 4343 2754 4410 '°;
2791 4341 2861 4396 ad
2895 4342 3032 4396 alios
3060 4351 3245 4393 autem
3275 4357 3291 4393 :
3329 4337 3448 4391 Non
3483 4336 3605 4391 novi

335 4429 518 4475 autem
555 4422 908 4479 simulacrum
947 4426 1110 4491 dixit,
1146 4438 1432 4498 propterea
1460 4433 1605 4500 quod
1642 4433 1786 4489 Deus
1817 4436 1909 4501 sit,
1946 4428 1992 4486 D
2019 4455 2106 4493 vos
2136 4439 2204 4492 ³¹.
2241 4437 2336 4491 Hic
2369 4435 2534 4504 igitur
2575 4434 2732 4503 juxta
2777 4431 3239 4502 significationem
3276 4428 3605 4500 cognitionis

332 4515 549 4569 etiamsi
588 4516 639 4569 id
670 4532 780 4571 non
814 4517 886 4572 sit
924 4520 1068 4588 quod
1112 4521 1179 4576 de
1222 4522 1338 4592 ipso
1369 4524 1758 4592 imaginamur.
1804 4528 1912 4583 Du-

334 4607 531 4677 plicem
582 4608 726 4661 enim
770 4607 1225 4677 significationem
1284 4613 1447 4668 habet
1498 4631 1695 4672 nomen
1744 4619 1913 4672 simu-

337 4697 495 4753 lacri.
544 4697 885 4769 Quandoque
917 4701 1062 4756 enim
1102 4703 1167 4757 de
1214 4720 1279 4759 eo
1327 4706 1551 4773 dicitur,
1598 4710 1745 4779 quod
1787 4711 1914 4767 sub-

336 4792 539 4846 stantia
593 4794 819 4848 omnino
869 4804 1051 4860 carct,
1104 4805 1162 4851 ut
1209 4796 1276 4852 de
1326 4799 1519 4854 umbra
1568 4810 1623 4856 et
1669 4804 1911 4871 speculo.

336 4883 742 4954 Nonnunquam
776 4898 957 4941 autem
983 4888 1050 4942 de
1073 4903 1161 4954 eo,
1184 4890 1328 4959 quod
1354 4892 1601 4947 veritatis
1626 4895 1911 4965 cujusdam

336 4985 424 5031 est
464 4976 756 5045 particeps,
796 4988 853 5032 ut
888 4978 993 5034 boc
1027 4979 1169 5037 loco.
1209 4980 1480 5048 Quoniam
1529 5001 1658 5040 vero
1694 4985 1920 5040 simula-

337 5084 495 5123 crum
538 5078 725 5138 aperte
763 5070 996 5140 cogitari
1044 5086 1108 5126 ac
1151 5075 1354 5145 percipi
1395 5090 1499 5129 non
1549 5084 1747 5146 potest,
1799 5077 1919 5131 ideo

338 5175 470 5213 cum
502 5159 569 5214 de
611 5159 720 5215 Deo
757 5159 1068 5232 Theologus
1111 5164 1359 5231 dixisset,
1406 5168 1551 5236 quod
1599 5169 1918 5238 priusquam

341 5260 611 5318 teneatur,
638 5252 843 5322 effugit,
887 5255 941 5309 id
983 5264 1163 5309 autem
1196 5257 1340 5327 quod
1374 5267 1610 5326 tenetur,
1642 5261 1920 5316 intellectu

342 5350 656 5411 perceptum
710 5358 833 5399 esse
885 5358 1112 5400 necesse
1164 5346 1274 5413 sit,
1331 5348 1618 5418 subjunxit
1670 5350 1725 5404 id
1776 5351 1921 5420 quod

344 5434 520 5504 magis
562 5435 945 5491 admirandum
990 5448 1111 5506 est,
1157 5439 1302 5511 quod
1343 5443 1668 5513 priusquam
1720 5444 1923 5499 intelli-

417 5619 484 5649 ’τ’
519 5622 656 5693 Dan.
693 5639 786 5676 xm
812 5664 827 5681 .
874 5622 963 5675 42.
1040 5625 1085 5659 ’⁸
1118 5620 1265 5679 Ps:il.
1300 5641 1351 5693 ι,
1384 5625 1436 5683 6.

346 5704 476 5757 xxv,
513 5692 598 5745 12.
677 5694 720 5725 "
758 5693 774 5746 Ι
810 5693 939 5749 Cor.
984 5709 1103 5759 xm,
1152 5694 1239 5750 12.

1515 5628 1560 5660 η
1598 5626 1758 5684 Num,
1798 5643 1924 5696 xvi,
1960 5626 2028 5695 5;
2067 5627 2108 5683 lI
2143 5624 2286 5682 Tim.
2321 5639 2384 5696 tt,
2420 5626 2506 5683 l9.

2023 4542 2220 4584 nomen
2269 4526 2539 4594 accipitur
2574 4542 2587 4580 :
2621 4524 2883 4595 quoniam
2928 4532 3136 4577 tantum
3184 4518 3474 4576 iunotescit
3506 4519 3604 4572 ho-

2024 4622 2265 4676 minibus
2309 4620 2473 4686 Deus,
2506 4627 2772 4688 quantum
2817 4617 2933 4685 jam
2980 4615 3323 4671 familiariter
3370 4612 3438 4668 iis
3476 4612 3606 4680 jun-

2023 4717 2191 4786 gitur,
2218 4713 2311 4782 qui
2344 4729 2439 4782 per
2469 4713 2724 4766 virtutem
2756 4708 2861 4780 ipsi
2892 4706 3133 4776 adjuncti
3166 4713 3316 4760 sunt.
3345 4702 3479 4758 Nam
3507 4717 3607 4772 pro

2027 4808 2239 4862 ratione
2272 4818 2535 4858 ascensus
2576 4802 2819 4872 ipsorum
2864 4800 2955 4854 il'e
2986 4797 3300 4862 descendit;
3335 4803 3388 4849 et
3426 4810 3608 4863 quan-

2023 4909 2138 4953 tum
2170 4899 2336 4951 homo
2368 4895 2478 4948 Deo
2504 4893 2929 4963 appropinquat,
2959 4899 3173 4945 tantum
3200 4890 3365 4944 etiam
3396 4886 3607 4941 homini

2022 4992 2167 5046 Deus
2194 4987 2509 5048 innotescit,
2535 4986 2795 5039 nimirum
2826 4984 2984 5053 juxta
3013 4982 3426 5053 proportionem
3456 4978 3609 5048 puri-

2023 5084 2176 5147 tatis,
2206 5097 2327 5150 qua:
2358 5077 2655 5146 unicuique
2690 5077 2855 5137 inest,
2888 5075 2974 5128 sui
3005 5072 3374 5143 cognitionem
3407 5071 3609 5141 imper-

2024 5177 2187 5229 tiens.
2227 5174 2346 5227 Hoc
2388 5180 2570 5226 autem
2607 5167 2676 5222 ab
2728 5167 2987 5237 Apostolo
3034 5164 3241 5236 accepit
3287 5163 3605 5232 Gregorius,

2025 5268 2104 5322 sic
2131 5266 2198 5320 ad
2227 5264 2542 5320 Corinthios
2576 5261 2853 5316 scribente
2880 5275 2895 5312 :
2926 5257 3073 5312 Tunc
3102 5272 3435 5327 cognoscant,
3466 5256 3605 5309 sicut

2025 5365 2073 5410 et
2103 5356 2341 5426 cognitus
2372 5371 2489 5410 sum
2515 5353 2582 5410 ".
2619 5351 2789 5419 Quem
2821 5351 3003 5405 locum
3043 5350 3122 5404 sic
3154 5347 3404 5419 exposuit
3433 5346 3609 5417 Chry«

2029 5457 2309 5503 sostomus
2342 5464 2356 5501 :
2392 5443 2531 5512 Quia
2567 5458 2711 5499 nunc
2747 5441 2965 5513 quidem
3005 5438 3149 5493 Deus
3179 5439 3245 5493 ad
3288 5451 3386 5493 nos
3415 5452 3609 5491 accur-

2585 5627 2631 5659 ³⁰
2663 5626 2833 5686 Exod.
2870 5638 3066 5689 xxxnt,
3129 5625 3218 5680 l2.
3323 5623 3365 5655 ³¹
3400 5622 3603 5683 Matth.
