4100 6442
533 303 665 369 1315

1952 302 2337 363 ADDENDA.

3660 299 3794 366 l'ilﬁ

529 425 620 489 iit,
657 435 786 479 tunc
819 434 996 479 autem
1033 424 1134 494 ipsi
1179 421 1244 478 ad
1287 437 1412 477 eum
1454 431 1827 478 accurremus.
1861 419 2016 486 Quod
2052 419 2097 474 si
2129 425 2175 480 Α
2205 417 2718 488 comprehensione,
2798 432 2862 473 ac
2917 417 3230 490 cognitione
3294 415 3800 486 circumscribatur,

529 517 657 584 quis
689 516 742 568 in
774 532 836 569 ea
885 517 1153 570 sententia
1185 525 1286 580 est,
1322 523 1378 567 ut
1424 514 1511 567 his
1561 513 1743 568 verbis
1778 530 1791 566 :
1828 511 1973 565 Tunc
2017 526 2107 564 co-

531 625 802 678 gnoscam,
835 610 972 662 sicut
1006 619 1054 663 et
1098 609 1336 678 cognitus
1384 625 1521 674 sum,
1559 608 2105 677 comprehensionem

533 704 709 771 ipsam
775 700 1073 770 significari
1128 701 1443 765 existimet;
1513 699 1797 755 sciendum
1861 709 1946 753 est
2007 699 2112 754 hoc

531 793 849 848 adverbium
904 794 1122 858 καθὼς,
1170 809 1293 849 cum
1331 799 1395 849 de
1428 792 1538 848 Deo
1582 802 1635 847 et
1678 793 1835 847 nobis
1884 792 2106 853 dicitur,

533 897 640 936 non
706 883 896 937 eodem
967 885 1128 938 modo
1201 883 1578 952 accipiendum
1646 895 1812 947 esse;
1878 878 2109 948 exempli

531 987 721 1041 causa,
750 975 824 1027 ait
851 971 1134 1044 Scriptura
1159 991 1172 1027 :
1200 973 1346 1028 Sicut
1371 975 1647 1026 miseretur
1678 981 1831 1040 pater
1853 970 2110 1039 ﬁliorum,

533 1067 778 1117 miserius
820 1075 898 1119 est
946 1067 1200 1120 Dominus
1237 1065 1538 1120 timentibus
1572 1081 1627 1118 se
1658 1063 1726 1117 ³⁸.
1759 1064 1922 1132 Atqui
1957 1077 2107 1116 com-

533 1159 810 1212 miseratio
837 1157 928 1212 Dei
955 1158 1490 1213 commiserationem
1519 1155 1803 1210 hominum
1831 1155 2114 1223 incompa-

532 1250 778 1304 rabiliter
815 1251 1050 1305 excedit.
1082 1250 1144 1303 Et
1190 1264 1429 1305 rursus:
1467 1248 1654 1303 Estote
1694 1247 1936 1318 perfecti,
1979 1248 2114 1300 sicut

532 1353 579 1396 et
625 1340 791 1397 Pater
836 1352 1002 1398 vester
1035 1343 1257 1397 caelestis
1294 1342 1555 1412 perfectus
1589 1353 1663 1396 est
1711 1341 1778 1396 “.
1825 1341 1887 1394 Et
1933 1352 2112 1393 tamen

534 1435 721 1488 nullus
749 1441 833 1488 est
869 1435 1208 1500 mortalium,
1241 1434 1333 1503 qui
1368 1434 1434 1487 ad
1469 1431 1784 1502 huiusmodi
1819 1429 2112 1500 perfectio-

534 1547 657 1585 nem
695 1531 936 1600 aspirare
990 1533 1185 1600 possit.
1237 1529 1371 1586 ltem
1419 1528 1527 1584 alio
1566 1527 1688 1583 loco
1720 1545 1733 1580 :
1763 1525 1914 1581 Sicut
1970 1524 2114 1578 misit

535 1637 616 1674 me
655 1622 836 1687 Pater,
866 1630 915 1676 ct
941 1638 1035 1692 ego
1067 1622 1221 1675 mitto
1263 1637 1352 1675 vos
1382 1621 1447 1673 ³⁸.
1476 1619 1640 1688 Atqui
1677 1633 1785 1672 non
1814 1619 2004 1672 eadem
2034 1622 2118 1670 est

537 1714 814 1768 missionis
863 1714 1021 1768 ratio.
1061 1711 1156 1768 Ille
1190 1714 1359 1779 enim,
1415 1722 1476 1767 ut
1507 1713 1690 1766 lumen
1740 1727 1767 1764 a
1808 1711 1942 1777 sole,
1977 1710 2055 1764 sic
2086 1725 2114 1764 a

537 1803 697 1859 Patre
745 1805 948 1861 missus
994 1818 1098 1869 est,
1147 1822 1310 1860 unam
1365 1815 1533 1875 atque
1580 1806 1826 1859 eamdem
1881 1818 2004 1857 cum
2052 1819 2118 1857 eo

539 1895 745 1952 habens
779 1897 1178 1964 substantiam;
1216 1906 1273 1952 at
1312 1897 1584 1968 discipuli,
1632 1906 1692 1950 ut
1732 1896 1876 1952 servi
1939 1911 1969 1950 a
2018 1897 2120 1950 Do-

539 1989 689 2043 mino
722 1989 874 2043 missi
923 2000 1072 2044 sunt.
1105 1989 1182 2042 Ad
1217 1990 1467 2043 eumdem
1502 2003 1721 2058 quoque
1752 1989 1970 2043 modum
2006 1989 2119 2043 haec

534 2079 782 2148 Apostoli
822 2081 981 2135 verba
1023 2080 1386 2151 :Cognoscam
1430 2083 1566 2135 sicut
1608 2093 1656 2136 et
1695 2085 1935 2152 cognitus
1976 2099 2115 2148 sum,

539 2171 837 2242 perfectam
881 2171 1102 2243 quidem
1139 2173 1258 2228 fore
1288 2182 1421 2228 tunc
1461 2185 1709 2228 nostram
1747 2175 2116 2242 cognitionem

536 2263 812 2328 indicant,
863 2278 970 2316 non
1023 2272 1204 2317 tamen
1253 2262 1372 2318 sine
1423 2262 1532 2316 ullo
1582 2263 1906 2318 discrimine
1954 2265 2115 2321 talem

536 2353 718 2422 qualis
745 2360 827 2408 est
860 2353 913 2407 in
945 2353 1076 2406 Deo.
1109 2351 1225 2406 ltno
1254 2367 1384 2408 vero
1411 2362 1622 2409 tantum
1657 2354 1799 2409 inter
1831 2362 2119 2426 utramque

537 2444 906 2513 Cognitionem
943 2445 1214 2498 interesse
1264 2459 1495 2499 necesse
1533 2453 1635 2509 est,
1670 2454 1934 2514 quantum
1978 2447 2120 2502 inter

537 2533 778 2588 divinant
838 2545 1088 2589 naturam
1143 2544 1198 2589 et
1249 2543 1495 2590 nostram
1546 2536 1890 2592 intervallum
1943 2537 2116 2592 inter-

533 2626 739 2696 iectum
783 2636 886 2682 est.
935 2627 1012 2682 Ac
1051 2627 1228 2682 videte
1257 2644 1368 2699 quo
1400 2644 1501 2685 nos
1539 2630 1836 2698 Spiritualis
1870 2642 1924 2686 et
1961 2633 2120 2687 theo-

538 2719 711 2788 logica
754 2719 1002 2789 gradatio
1049 2721 1384 2777 subvexerit.
1430 2721 1642 2778 Etenim
1695 2723 1764 2778 ab
1808 2723 2118 2796 incomprec

541 2812 912 2869 hensibilitatc
945 2814 1142 2869 divina:
1173 2823 1404 2882 naturae,
1437 2814 1585 2870 velut
1612 2832 1644 2870 a
1675 2817 1851 2886 primo
1880 2820 2118 2888 quodam

538 2909 699 2959 scalae
729 2907 924 2976 gradu,
958 2907 1023 2960 ad
1055 2907 1497 2971 admirationem,
1527 2910 1682 2977 quasi
1716 2909 1782 2963 ad
1815 2911 2119 2965 secundum

473 3045 478 3048 _
537 2998 766 3066 gradum
816 2998 988 3053 evecti
1041 3014 1254 3063 sumus,
1299 2998 1368 3052 ab
1403 2999 1767 3055 admiratione
1815 3015 2010 3057 rursus
2053 3002 2119 3057 ad

2219 520 2380 580 atque
2411 511 2479 565 ob
2504 519 2758 565 naturam
2791 511 3007 582 quidem
3042 525 3207 579 supra
3255 524 3439 564 rerum
3472 509 3804 564 universitao

2219 608 2324 654 tem
2338 614 2460 655 esse
2473 602 2676 671 (neque
2692 602 2834 656 enim
2858 600 3070 671 concipi
3092 600 3202 656 ullo
3220 600 3382 655 modo
3400 601 3660 670 posse)ob
3675 617 3776 671 pro
3788 629 3802 640 -

2218 691 2518 745 videntiam
2566 704 2746 746 autem
2782 693 2836 745 in
2876 693 3130 746 universo
3171 707 3316 749 esse.
3356 691 3468 746 llac
3493 693 3639 747 enim
3677 693 3805 747 uni-

2218 796 2432 836 vcrsam
2466 797 2649 838 rerum
2686 783 2885 836 molem
2939 782 3207 852 indigere,
3247 781 3539 837 Enimvero
3571 783 3806 837 innuen-

2219 886 2315 926 sus
2342 872 2560 942 quidem
2593 883 2678 927 est
2705 874 2867 935 Deus.
2911 887 3018 927 non
3070 882 3129 927 ut
3155 889 3419 929 numerus
3447 882 3545 929 aut
3590 879 3805 944 magni-

2221 965 2713 1034 tudozutrumque
2769 966 2914 1018 enim
2972 965 3166 1019 horum
3203 966 3530 1035 principiutn
3593 966 3806 1022 habuit.

2218 1054 2598 1125 Contemplatu
2632 1067 2812 1110 autem
2845 1056 3098 1122 diliicilis,
3139 1072 3334 1127 nempe
3383 1060 3685 1113 secundum
3719 1078 3805 1125 ea,

2221 1157 2342 1211 quae
2371 1143 2517 1198 circa
2550 1144 2728 1214 ipsum
2763 1155 2912 1210 sunt,
2953 1145 3005 1198 id
3035 1154 3155 1213 vest,
3190 1154 3464 1216 quatenus
3503 1163 3568 1203 ex
3597 1148 3806 1206 eﬂ'ectis

2221 1235 2591 1302 cognoscitur.
2615 1234 2751 1290 Nam
2774 1237 2888 1292 haec
2904 1252 3124 1307 quoque
3145 1239 3802 1308 prepterimbecillitatem

2223 1335 2467 1382 nostram
2496 1328 2732 1384 obscure
2764 1329 3142 1399 intelligimus.
3178 1329 3248 1383 At
3301 1345 3433 1384 vero
3464 1329 3608 1385 istud
3644 1331 3804 1400 plane

2221 1420 2611 1488 comprehendi
2672 1428 2872 1489 potest,
2904 1421 3082 1489 ipsum
3137 1421 3462 1476 immensum
3502 1430 3798 1492 naturaque

2224 1509 2832 1581 incomprehensibilem
2873 1526 3018 1566 esse.
3075 1510 3472 1567 Commanibus
3501 1512 3644 1567 enim
3678 1527 3800 1566 om-

2225 1602 2374 1655 nium
2404 1601 2569 1655 animi
2602 1601 2921 1658 nationibus
2950 1604 3172 1657 insitum
3199 1612 3303 1668 est,
3332 1604 3477 1672 quod
3511 1603 3654 1658 Deus
3687 1615 3800 1657 tum

2226 1702 2492 1764 tempore,
2540 1701 2655 1748 tum
2708 1697 2952 1764 potentia
3003 1695 3247 1750 inﬁnitus
3301 1697 3392 1750 sit.
3455 1695 3693 1760 Etenim,
3747 1704 3808 1749 ut

2151 1780 2194 1837 Β
2226 1800 2336 1839 rem
2374 1786 2523 1839 brevi
2561 1786 2915 1855 complectar,
2964 1784 3130 1850 Deus,
3166 1795 3220 1840 et
3280 1785 3808 1855 incomprehensibi-

2223 1877 2291 1931 lis
2313 1886 2463 1932 estet
2482 1877 3016 1947 comprehensibilis,
3040 1887 3090 1933 et
3109 1891 3251 1948 aegre
3271 1879 3804 1946 comprehensibilis.

2219 1966 2466 2022 Primum
2506 1980 2770 2038 quantum
2817 1970 2883 2020 ad
2947 1977 3220 2034 naturam,
3252 1974 3482 2022 alterum
3537 1979 3806 2039 quantum

2218 2057 2285 2110 ad
2320 2057 2765 2124 imtnensitatem,
2803 2069 3140 2128 postremum
3171 2069 3434 2129 quantum
3468 2060 3534 2113 ad
3561 2074 3646 2124 ea,
3681 2077 3804 2130 quae

2229 2149 2377 2203 circa
2421 2151 2598 2219 ipsum
2631 2162 2760 2205 sunt
2790 2168 2803 2204 :
2835 2151 3131 2220 quamlibet
3172 2149 3474 2205 Eunumius
3505 2149 3806 2217 existimet,

2221 2246 2453 2315 simplex
2489 2246 2632 2302 Deus
2677 2249 2769 2311 sit,
2802 2263 2926 2302 eum
2983 2247 3348 2317 contemplatu
3379 2247 3659 2302 difficilem
3694 2265 3807 2304 non

2219 2350 2362 2402 esse,
2394 2353 2582 2392 verum
2632 2348 2728 2394 aut
2763 2342 2989 2395 omnino
3030 2339 3672 2410 incomprehensibilcm,
3709 2351 3808 2394 aut

2220 2443 2448 2500 prorsus
2473 2431 3048 2502 comprehensibilem,
3086 2441 3274 2502 utpote
3313 2432 3654 2487 individuum
3687 2434 3806 2488 sui-

2225 2536 2332 2591 que
2365 2525 2594 2578 omnino
2627 2524 2861 2578 similem
2893 2544 2904 2577 :
2945 2523 3004 2577 In
3039 2523 3358 2593 compositis
3389 2523 3558 2588 enim,
3587 2522 3807 2593 inquit,

2221 2613 2469 2669 accidere
2503 2623 2704 2684 potest,
2735 2625 2938 2684 utpars
2967 2615 3217 2684 quaedam
3264 2614 3614 2684 percipiatur,
3647 2631 3798 2684 qua:-

2231 2706 2361 2760 dam
2399 2707 2676 2776 incognita
2709 2716 2948 2769 maneat,
2976 2715 3034 2761 at
3059 2720 3167 2761 non
3199 2705 3328 2760 item
3355 2705 3406 2760 in
3443 2706 3807 2776 simplicibus.

2221 2796 2319 2851 Cui
2354 2797 2434 2853 sic
2454 2798 2890 2868 respondendum
2935 2808 3055 2856 est:
3090 2797 3427 2869 Simplicitas
3459 2814 3810 2870 nequaquam

2225 2887 2318 2942 Dei
2337 2899 2545 2946 natura
2575 2900 2679 2958 est,
2699 2891 2953 2959 Eunomi,
2982 2902 3040 2946 ut
3059 2892 3139 2946 vel
3162 2893 3343 2962 plene,
3367 2891 3452 2947 vel
3475 2891 3624 2946 nullo
3644 2894 3809 2946 modo

2225 2981 2436 3052 percipi
2485 2983 2658 3052 possit
2695 3001 2710 3037 :
2742 2983 2838 3039 sed
2867 2983 3012 3038 aliud
3046 2991 3128 3039 est
3174 2983 3358 3039 divina
3400 2994 3614 3050 natura,
3659 2983 3806 3041 aliud

539 3090 914 3145 vehementius
973 3090 1306 3146 desiderium
1368 3092 1851 3160 conscendimus;
1913 3103 2028 3148 tum
2089 3110 2116 3148 a

2227 3075 2572 3145 simplicitas,
2593 3091 2715 3146 qua:
2740 3077 2886 3132 circa
2908 3086 3155 3131 naturam
3175 3076 3552 3132 consideratur
3575 3093 3590 3131 :
3611 3091 3810 3146 quem-

539 3180 814 3235 desiderio
868 3182 934 3235 ad
994 3184 1371 3254 purgationem
1434 3183 1634 3238 sublati
1691 3200 1934 3252 sumus;
1996 3186 2123 3242 hinc

488 3261 708 3344 ’pnrro
764 3276 832 3328 ad
893 3273 987 3329 Dei
1053 3276 1468 3330 similitudinem
1534 3277 1832 3343 subducti,
1900 3293 1964 3333 ac
2017 3295 2122 3350 po.

540 3378 745 3421 strctno
789 3383 854 3421 eo
901 3370 1248 3436 pervenimus
1275 3409 1291 3434 ,
1340 3378 1399 3423 ut
1444 3384 1570 3423 cum
1624 3369 1733 3424 Deo
1778 3368 2124 3427 familiariter

541 3458 943 3526 colloquantur,
983 3473 1221 3528 cumque
1263 3475 1357 3530 per
1393 3463 1656 3516 unionem
1700 3459 1995 3530 perfectius
2025 3477 2120 3518 co-

547 3563 900 3616 gnoseamus.

615 3685 878 3740 Pseuus.
925 3684 1064 3740 Deus
1098 3687 1202 3739 diis
1246 3689 1494 3740 unitas...
1536 3685 1846 3755 Quicunque
1892 3689 2123 3756 corporis

543 3777 731 3832 molem
773 3779 1167 3847 crassitiemque
1207 3788 1551 3847 superarunt,
1587 3788 1951 3849 cognoscentes
1985 3779 2124 3849 quod

544 3886 687 3925 mens
718 3871 982 3924 duntaxat
1029 3879 1175 3933 sunt,
1221 3887 1326 3924 non
1366 3870 1428 3924 ob
1463 3871 1632 3924 ullam
1671 3872 1838 3924 aliam
1885 3887 2124 3938 causam,

540 3978 699 4031 quam
745 3961 808 4014 ob
851 3963 1280 4031 generationem,
1329 3962 1648 4030 humanique
1683 3963 1884 4032 generis
1931 3979 2124 4032 propa-

542 4055 828 4124 gationem,
873 4055 1106 4123 corporis
1154 4069 1312 4124 opera
1359 4055 1482 4118 usi,
1535 4061 1856 4125 mentemque
1899 4071 2051 4108 suam
2093 4072 2128 4108 a

542 4147 790 4199 uitiorum
839 4144 958 4200 laba
1004 4154 1340 4215 purgarunt,
1386 4154 1542 4215 atque
1588 4146 1659 4198 ad
1705 4147 1891 4215 prima:
1939 4147 2126 4200 mentis

542 4252 817 4306 rerumque
843 4239 1078 4290 omnium
1125 4237 1404 4305 e/fectricis
1446 4238 1804 4306 exceptionem
1839 4254 2127 4308 congruam

541 4330 887 4398 i.-lunearnque
935 4329 1322 4394 reddiderunt,
1371 4329 1457 4382 his
1523 4331 1706 4384 unitur
1750 4329 1912 4383 Deus.
1981 4329 2128 4385 Nam

542 4437 663 4473 cum
699 4435 841 4474 mens
887 4437 1022 4490 pura
1069 4429 1225 4491 atque
1259 4422 1568 4491 incorrupta

545 4512 698 4566 trulla
736 4529 792 4567 re
833 4513 1173 4578 intermedia,
1221 4513 1566 4584 colloquitur,
1598 4529 1661 4568 ac
1711 4529 1804 4582 per
1849 4530 1966 4568 eam
2012 4531 2132 4568 cum

543 4605 726 4659 anima
767 4604 1198 4659 consuetudinem
1242 4605 1398 4659 habet
1427 4623 1447 4660 :
1475 4607 1917 4674 quemadmodum
1949 4622 2131 4661 rursus

544 4715 636 4768 per
676 4698 808 4752 hanc
850 4700 1059 4768 corpori
1102 4700 1440 4768 adjungitur.
1486 4697 1748 4762 Craterum
1791 4698 1996 4762 unitur,
2031 4713 2132 4750 non

546 4803 602 4843 ut
650 4791 740 4844 ille
787 4805 886 4857 est,
939 4791 1031 4846 sed
1089 4799 1247 4861 prout
1301 4807 1397 4844 nos
1455 4790 1666 4844 uniout's
1718 4788 1866 4844 illius
1915 4806 2131 4858 capaces

544 4897 747 4937 sumus.
789 4883 960 4954 Atque
1000 4885 1120 4937 hinc
1169 4886 1376 4936 demum
1418 4882 1720 4936 innotescit.
1771 4881 1953 4951 Neque
1994 4882 2134 4936 enim

546 4973 655 5026 alio
704 4974 858 5028 modo
907 4976 1188 5044 quisquam
1237 4973 1402 5028 Deum
1453 4989 1760 5043 cognoscere
1794 4983 1988 5043 potest,
2030 4974 2136 5028 nisi

546 5067 620 5117 ad
668 5083 786 5120 eum
820 5070 1059 5122 animant
1108 5085 1262 5121 suam
1315 5067 1608 5132 resoluerit,
1653 5068 1707 5120 in
1749 5083 1910 5135 eaque
1960 5067 2132 5134 ipsum

552 5158 863 5224 susceperit.

623 5289 741 5348 Col.
775 5293 878 5346 6'27
910 5291 971 5346 B.
1033 5292 1329 5346 Immensus
1373 5294 1536 5364 igitur
1563 5303 1639 5348 est
1674 5294 1832 5359 Deus,
1867 5305 1975 5350 etc.
2001 5296 2138 5348 iiut-

552 5403 646 5442 sns
705 5401 1014 5440 sermonem
1058 5385 1125 5439 de
1160 5385 1268 5440 Deo
1306 5385 1614 5454 'l‘heologus
1658 5387 1869 5455 repetit,
1905 5401 2136 5456 eumque

552 5481 882 5534 immensum
915 5492 1036 5533 esse
1069 5477 1408 5546 pronuntiat,
1445 5483 1503 5530 ttt
1539 5477 1632 5546 qui
1667 5479 1828 5532 nullis
1876 5481 2136 5547 temporis

552 5574 754 5627 ﬁnibus
781 5572 1108 5641 interseptus
1137 5569 1229 5636 sit,
1263 5583 1361 5623 nec
1393 5575 1656 5638 tempore,
1704 5586 1804 5623 nec
1855 5569 1998 5632 loco,
2038 5587 2152 5626 nec'

623 5730 670 5763 ⁶⁸
710 5729 853 5783 Psal.
887 5744 981 5794 cn,
1021 5729 1106 5782 i5.
1187 5728 1230 5759 “
1263 5726 1453 5781 Matth.
1491 5741 1541 5780 v.
1575 5726 1665 5780 48.

2225 3169 2517 3223 admodum
2547 3167 2799 3223 videlicet
2849 3178 2903 3223 et
2952 3168 3007 3222 in
3053 3167 3396 3238 compositis,
3431 3166 3578 3222 aliud
3607 3175 3808 3220 natura

2223 3269 2349 3324 est,
2406 3259 2556 3315 aliud
2621 3261 2980 3330 compositio,
3038 3275 3161 3330 quae
3212 3261 3358 3315 circa
3424 3275 3490 3314 ea
3535 3260 3806 3314 cernitur.

2230 3351 2501 3418 Quocirca
2542 3350 2898 3421 quarendum
2950 3359 3036 3406 est
3086 3351 3346 3420 quidnam
3405 3350 3479 3406 sit
3513 3349 3682 3416 Deus,
3716 3352 3811 3420 qui

2225 3442 2460 3513 simplex
2487 3455 2680 3497 natura
2721 3453 2828 3507 est,
2876 3441 2932 3500 ω
2972 3451 3058 3498 est
3103 3443 3458 3513 quaerendum
3519 3449 3602 3498 est
3632 3443 3813 3512 prius,

2225 3536 2357 3607 quid
2390 3537 2462 3591 sit
2494 3535 2638 3592 Dens
2663 3537 2963 3590 secundum
3024 3540 3494 3604 naturam,jquam
3530 3545 3589 3589 ut
3621 3537 3815 3605 loqua-

2228 3645 2350 3684 mur
2379 3629 2447 3683 de
2477 3629 2854 3697 simplicitate,
2887 3644 3010 3698 qua:
3034 3642 3153 3683 eam
3187 3627 3455 3698 sequitur.

2299 3719 2559 3774 PssLLus.
2597 3717 2895 3773 [inmensus
2931 3722 3108 3788 itaque
3146 3728 3222 3772 est
3266 3718 3432 3785 Deus,
3469 3734 3561 3772 nec
3595 3719 3700 3787 ﬁne
3725 3720 3813 3772 in-

2229 3823 2507 3880 terseptus,
2542 3825 2634 3864 nec
2681 3813 2979 3880 cognitione
3025 3812 3401 3879 perceptibilis,
3439 3820 3668 3880 quantus
3693 3823 3814 3880 est,

2229 3916 2319 3958 nec
2335 3903 2452 3957 loco
2482 3903 2936 3968 circumscriptus,
2969 3919 3064 3955 nec
3091 3917 3341 3970 corporea
3389 3903 3592 3956 ratione
3615 3905 3818 3957 direm-

2226 4005 2371 4063 ptus.
2412 3998 2482 4048 Et
2521 3994 2882 4061 contemplatu
2911 3994 3139 4066 diﬁlcilis
3169 4011 3426 4065 quantum
3459 3995 3530 4048 ad
3567 3995 3701 4049 situs
3725 4011 3821 4048 eo-

2229 4103 2369 4154 rum,
2393 4088 2485 4156 qui
2511 4087 2910 4141 illuminantur.
2939 4086 3106 4154 Nunt,
3129 4096 3185 4140 ut
3214 4087 3398 4141 scribit
3433 4102 3655 4157 magnus
3679 4085 3820 4140 Dio-

2229 4181 2434 4251 nysius,
2463 4196 2556 4233 nec
2607 4181 2655 4234 si
2690 4195 2796 4251 qua
2823 4190 2902 4235 est
2937 4180 3134 4235 eximia
3183 4189 3233 4235 et
3264 4179 3457 4234 selecto
3487 4180 3817 4249 hierarchia,

2229 4274 2344 4341 ipsa
2390 4282 2560 4326 tamen
2591 4289 2686 4341 pro
2719 4283 2978 4342 potestate
3007 4271 3459 4342 speculationibus
3495 4273 3685 4335 utitur,
3719 4285 3818 4322 so.

2231 4365 2357 4418 tutis
2413 4381 2477 4418 ac
2512 4365 2690 4419 liberis
2722 4366 2912 4419 mentis
2962 4365 3394 4434 conceptionibus
3427 4363 3591 4416 Deum
3626 4377 3819 4430 appre-

1619 4424 1689 4476 δίι
1711 4462 1728 4487 ν
1771 4438 1887 4477 cum
1925 4433 2093 4477 meme
2113 4463 2127 4486 ’
2161 4447 2206 4504 D
2236 4456 2485 4509 hendens.
2511 4454 2822 4521 Quamlibet
2849 4456 3048 4526 aliquis
3068 4424 3369 4521 esistimet,
3411 4467 3516 4509 etc.
3546 4453 3820 4521 Quoniam

2234 4548 2480 4602 doctrina
2495 4549 2736 4616 quaedam
2769 4547 2980 4616 gentilis
3009 4547 3357 4616 philosophice
3377 4547 3460 4599 illi
3489 4545 3821 4610 adversaba-

2237 4651 2344 4703 tur,
2384 4641 2495 4694 hccc
2530 4655 2594 4694 ea:
2641 4641 2860 4694 adverso
2904 4641 3118 4705 statuit,
3147 4656 3209 4694 ac
3237 4655 3490 4708 perquam
3525 4648 3678 4691 acute
3707 4638 3821 4692 dis-

2236 4735 2412 4788 solvit.
2475 4731 2714 4786 Tradunt
2769 4735 2933 4796 enim,
2986 4731 3258 4786 Platonici
3313 4733 3628 4802 prwsertim,
3683 4730 3822 4784 nihil

2237 4827 2461 4897 simplex
2494 4828 2692 4896 partim
2739 4825 3109 4895 comprehendi
3135 4841 3308 4890 posse,
3337 4824 3533 4888 partim
3579 4837 3823 4890 compre-

2237 4921 2394 4974 hendi
2420 4936 2525 4973 non
2561 4935 2715 4988 posse
2745 4934 2764 4972 :
2798 4934 2979 4973 uerum
3020 4921 3128 4972 sive
3158 4933 3349 4987 corpus
3386 4915 3523 4970 illud
3553 4915 3646 4978 sit,
3690 4916 3825 4967 sub-

2235 5014 2489 5067 stantiam
2541 5011 2736 5065 habens
2783 5010 3110 5064 similaribus
3163 5009 3402 5079 partibus
3458 5014 3818 5073 constantem,

2237 5109 2342 5161 sire
2369 5107 2532 5160 etiam
2555 5105 2811 5175 quiddam
2841 5105 3228 5172 incorporeum,
3252 5102 3488 5172 quisquis
3516 5101 3660 5153 illius
3686 5115 3823 5168 par-

2240 5211 2341 5253 tem
2363 5199 2672 5266 perceperit,
2693 5207 2861 5250 totunt
2891 5213 3094 5266 quoque
3125 5196 3434 5263 percepisse.
3466 5191 3654 5246 Verum
3687 5192 3823 5244 sim-

2239 5290 2451 5359 plicitas
2493 5288 2585 5341 Dei
2633 5286 2829 5340 natura
2879 5303 2981 5339 non
3030 5296 3128 5350 est,
3167 5285 3326 5337 etiam
3378 5283 3422 5336 si
3455 5281 3678 5352 simplex
3720 5280 3819 5345 sit,

2239 5381 2687 5453 quemadmodum
2715 5395 2806 5434 nec
2835 5381 2890 5433 in
2927 5381 3074 5433 nobis
3110 5389 3314 5432 nasum:
3349 5379 3608 5430 rationem
3633 5374 3818 5438 habet,

2240 5474 2378 5545 quod
2396 5474 2670 5543 compositi
2694 5488 2898 5535 sumus,
2927 5487 3105 5525 verum
3123 5471 3177 5525 id
3197 5480 3446 5525 naturam
3476 5472 3820 5526 circumstat.

2244 5567 2620 5638 qualiscunque
2656 5565 2866 5620 tandem
2903 5564 2997 5618 illa
3037 5575 3134 5619 est.

1743 5725 1784 5756 ³⁵
1823 5727 1982 5781 .loan.
2021 5744 2110 5795 xx,
2150 5731 2238 5784 (ξι.
