4100 6428
343 300 471 367 1317

1298 302 1622 362 NICETAS
1662 300 1745 361 IN
1788 300 2012 360 ORAT.
2057 299 2225 360 XLiI
2268 300 2334 362 S.
2371 300 2605 360 GREG.

3463 298 3599 363 1318

408 411 543 464 Ibid.
593 409 713 464 Jam
758 426 899 476 vero,
947 427 1067 465 cum
1118 412 1446 467 immensitas
1484 411 1763 483 bifariam,
1811 423 1917 470 etc.
1946 414 2000 475 Λ
2025 412 2359 468 sideratione
2388 428 2562 469 aevum
2592 428 2758 467 unum
2783 412 3066 484 est,juxta
3097 429 3261 485 quam
3292 411 3435 469 Deus
3466 430 3605 483 quo-

332 510 626 566 rostquam
664 500 975 574 Theologus
1032 503 1504 559 Eunomianorum
1554 506 1916 576 objectiontm

334 591 519 659 solvit,
576 594 641 647 ad
689 597 1024 664 propositam
1057 596 1124 651 de
1177 596 1459 651 divinitate
1496 598 1917 666 disputationem

337 686 498 746 redit,
536 701 600 739 ac
632 688 699 740 de
728 688 995 743 immenso
1024 689 1324 757 disserens,
1378 691 1454 744 ait
1503 690 1831 746 immensum
1866 692 1917 745 id

335 778 469 839 dici,
505 778 674 847 quod,
704 787 812 831 tam
864 780 1140 848 principii,
1179 797 1342 850 quam
1382 784 1506 837 linis
1561 784 1770 837 ratione
1818 784 1921 837 im-

336 885 588 925 mensum
612 879 716 926 est.
752 870 883 924 Nam
910 872 1056 940 quod
1086 873 1185 928 hos
1207 875 1345 929 duos
1370 876 1629 945 temporis
1661 878 1920 933 terminos

334 972 580 1031 superat,
616 977 713 1016 nec
762 965 814 1017 in
865 966 947 1018 his
993 966 1289 1031 invenitur,
1323 968 1539 1036 proprie
1591 967 1918 1023 immensmn

331 1062 440 1117 est,
473 1053 522 1106 id
555 1061 659 1117 est,
692 1055 837 1123 quod
873 1064 926 1108 et
952 1056 1217 1125 principio
1242 1068 1294 1110 et
1324 1058 1428 1110 line
1457 1067 1622 1112 caret.
1651 1058 1917 1124 Quoniam

334 1153 521 1197 autem
552 1159 719 1214 supra
752 1144 975 1216 pelagus
1010 1146 1244 1208 dixerat,
1278 1149 1564 1203 commode
1596 1150 1684 1202 hic
1703 1165 1922 1220 quoque

335 1234 592 1303 profundi
650 1237 919 1292 meminit.
981 1238 1071 1291 Ait
1120 1241 1290 1303 enim,
1350 1256 1475 1295 cum
1525 1242 1576 1294 in
1621 1257 1918 1311 supernum

336 1324 671 1392 profundum
706 1337 759 1380 et
788 1326 1198 1396 impermeabilc
1224 1330 1477 1398 principii
1509 1331 1733 1401 pelagus
1762 1347 1920 1387 mens

338 1416 578 1470 humana
616 1420 909 1486 aspexerit,
943 1419 1032 1474 Dei
1065 1420 1395 1490 principium
1430 1422 1787 1492 investigans,
1821 1438 1920 1477 nec

336 1506 539 1562 deinde
602 1509 819 1573 habeat,
879 1511 968 1562 ubi
1026 1509 1217 1578 pedem
1274 1512 1440 1581 ligere
1493 1526 1556 1566 ac
1617 1514 1921 1568 consistere

337 1602 529 1671 possit,
561 1601 708 1671 quod
744 1602 797 1656 in
838 1604 936 1656 hac
962 1603 1028 1657 de
1060 1603 1170 1657 Deo
1196 1603 1587 1675 imaginatione
1623 1620 1723 1660 nec
1757 1606 1916 1660 linem

337 1694 543 1758 ullum,
574 1707 679 1748 nec
728 1694 1007 1763 principii,
1063 1710 1129 1749 ex
1179 1710 1290 1765 quo
1336 1697 1602 1767 originem
1665 1699 1916 1761 duxerit,

2022 522 2152 576 que,
2182 505 2427 572 αἰώνιος,
2465 508 2518 560 id
2545 514 2649 570 est,
2680 513 2921 561 internus
2945 522 3042 562 seu
3071 505 3353 562 salcularis
3385 504 3607 567 dicitur,

2020 606 2189 668 atque
2217 599 2381 652 etiam
2434 598 2784 666 προαιώνιος,
2835 598 2887 652 id
2920 607 3027 663 est,
3078 614 3194 654 aevo
3251 612 3347 653 seu
3401 596 3605 651 sa‘culo

2023 693 2191 759 prior.
2228 690 2364 745 Nam
2396 691 2574 761 ipsum
2647 706 2867 761 quoque
2920 692 3183 745 saeculum
3231 690 3378 745 fecit.
3433 692 3607 744 Porro

2024 779 2165 834 inter
2192 796 2369 835 terum
2421 793 2477 835 et
2520 762 2732 851 letnpus
2791 786 2894 836 hoc
2951 793 3038 837 eSt
3077 781 3394 837 dilierentiae
3448 781 3599 851 quod

2024 871 2128 925 aevi
2162 873 2383 941 quidem
2435 873 2742 943 proprietas
2781 882 2865 927 est
2890 873 3189 941 antiquitas
3244 881 3297 925 et
3348 872 3608 925 immuta-

2023 963 2208 1019 hilitas
2243 964 2368 1035 (nec
2402 965 2549 1018 enim
2582 965 2797 1019 dierum
2841 966 3193 1034 noctiumque
3223 979 3480 1018 mensura
3512 964 3609 1017 dc-

2023 1052 2232 1118 ﬁnitur,
2268 1054 2360 1107 sed
2397 1055 2589 1108 eodem
2618 1054 2782 1108 modo
2807 1070 3023 1123 semper
3055 1070 3114 1109 se
3148 1054 3351 1124 habet),
3388 1063 3605 1122 tempus

2022 1153 2207 1199 autem
2237 1151 2486 1206 veratur,
2546 1145 2692 1214 quod
2749 1145 2802 1198 in
2858 1145 3244 1215 generatione,
3302 1156 3356 1198 et
3416 1159 3610 1201 corru-

2023 1237 2232 1305 ptione,
2271 1243 2326 1289 et
2359 1235 2662 1289 mutatione
2686 1244 2789 1299 est,
2825 1242 2989 1303 atque
3033 1234 3169 1289 alias
3216 1235 3323 1289 alio
3357 1236 3521 1289 modo
3547 1248 3609 1290 se

2026 1326 2210 1380 habet.

2093 1417 2357 1473 PssLLlIs.
2382 1416 2557 1470 Prisci
2581 1417 2883 1487 philosophi
2923 1417 3092 1471 solius
3125 1428 3296 1471 motus
3329 1417 3612 1471 circularis

2023 1526 2276 1565 mensura
2301 1511 2399 1564 a'ui
2425 1510 2798 1579 cogitationem
2830 1510 3109 1578 deﬁnitam
3136 1525 3249 1563 esse
3270 1518 3610 1563 censuerunt:

2024 1600 2163 1670 quod
2230 1599 2498 1668 perfectus
2559 1600 2628 1652 sit
2678 1599 2763 1651 hic
2825 1608 2996 1652 motus
3030 1638 3045 1664 ,
3092 1600 3390 1666 cujusmodi
3445 1615 3612 1653 wvum

2023 1696 2185 1749 etiam
2214 1703 2314 1749 est.
2337 1695 2409 1747 At
2437 1692 2791 1765 Porphyrius,
2810 1705 2856 1747 et
2889 1709 2948 1747 co
2977 1696 3244 1762 antiquior
3273 1692 3614 1761 philosophus

340 1784 906 1851 circumscriptionem
954 1786 1118 1838 ullam
1173 1787 1438 1851 inveniat,
1477 1788 1787 1857 hujnsmodi
1821 1791 1921 1842 im-
1951 1808 1994 1866 Β
2029 1787 2295 1849 Plotinus,
2336 1802 2524 1840 novam
2558 1788 2850 1856 quamdam
2868 1784 2930 1839 de
2962 1801 3070 1840 a’vo
3104 1786 3400 1838 doctrinam
3430 1784 3613 1854 prodi-

345 1889 622 1937 mensum,
680 1876 1003 1940 anarchum,
1043 1877 1096 1930 id
1151 1886 1254 1941 est,
1301 1880 1571 1947 principio
1599 1894 1791 1934 carens
1826 1895 1923 1949 ap-

342 1967 523 2035 pellat.
550 1965 763 2020 Etenim
794 1967 939 2037 quod
977 1984 1005 2021 a
1034 1969 1186 2023 nullo
1217 1970 1545 2039 principium
1596 1971 1778 2037 habet,
1816 1975 1920 2025 im-

343 2074 591 2113 mensum
609 2068 716 2114 est.
736 2062 874 2113 Cum
895 2071 1073 2115 autem
1098 2062 1439 2130 ad_it.leriora
1464 2063 1576 2117 lnec
1595 2066 1925 2133 etpostcrio-

346 2165 402 2203 ta
442 2160 722 2219 aspectum
767 2152 976 2217 retulit,
1011 2167 1076 2204 eo
1119 2155 1266 2221 quod
1302 2169 1367 2206 nc
1400 2155 1487 2208 hic
1514 2155 1732 2223 quidem
1768 2170 1923 2209 mens

340 2250 546 2295 certam
579 2240 900 2311 ﬁrmamque
952 2244 1135 2296 sedem
1174 2244 1389 2308 haheat,
1423 2244 1476 2297 in
1505 2259 1612 2313 qua
1644 2246 1925 2312 consistat,

342 2333 671 2386 immensum
712 2332 815 2387 hoc
848 2332 1158 2386 immortale
1186 2334 1553 2403 interitusque
1584 2346 1638 2389 et
1675 2337 1928 2390 mutatio-

344 2425 432 2479 nis
471 2438 668 2495 expers
699 2424 1013 2493 appelavit.
1052 2422 1211 2489 Quod
1261 2427 1405 2479 enim
1458 2441 1731 2495 nusquam
1780 2428 1929 2482 desi-

340 2517 445 2579 nit,
480 2515 793 2569 immortale
842 2524 943 2569 est.
1001 2515 1215 2570 Rursus
1264 2530 1389 2569 cum
1440 2532 1595 2570 mens
1632 2518 1928 2586 utrumque

344 2605 709 2669 contraxerit,
744 2605 1023 2675 superius,
1056 2604 1302 2673 inquam,
1329 2613 1385 2657 et
1412 2603 1659 2665 interius,
1686 2608 1789 2659 hoc
1820 2613 1926 2671 est,

344 2696 605 2766 principii
637 2710 851 2765 expers,
886 2705 940 2751 et
969 2697 1131 2749 linem
1161 2696 1433 2757 nesciens,
1470 2704 1582 2747 tum
1615 2709 1744 2749 vero
1761 2697 1926 2749 Deum

344 2797 610 2841 aeternum
638 2792 905 2842 nominat.
924 2785 1211 2842 tEternum
1234 2796 1415 2841 autem
1446 2786 1671 2853 dicitur,
1704 2797 1930 2841 auctore

347 2881 631 2949 Dionysio,
673 2895 783 2934 non
842 2880 1006 2934 modo
1037 2880 1184 2949 quod
1232 2888 1415 2932 ortum
1467 2894 1571 2931 non
1628 2878 1838 2942 habuit,
1870 2887 1932 2932 ut

348 2972 516 3038 Deus,
548 2973 645 3027 sed
676 2975 837 3027 etiam
891 2974 1038 3040 quod
1101 2974 1262 3026 morti
1294 2981 1350 3025 et
1398 2972 1735 3040 corruptioni
1765 2979 1929 3041 atque

348 3066 601 3120 interitui
644 3065 941 3119 obnoxium
983 3079 1091 3120 non
1131 3073 1238 3128 est,
1287 3074 1345 3117 ut
1386 3064 1560 3134 angeli
1609 3071 1773 3133 atque
1814 3065 1932 3117 aui-

2026 1880 2238 1932 derunt.
2294 1876 2670 1932 Intmobilibus
2718 1879 2859 1931 enim
2911 1888 2960 1930 et
3009 1877 3274 1930 distantia
3312 1873 3613 1929 carentibus

2027 1971 2213 2039 [armis
2245 1970 2378 2022 illud
2419 1969 2795 2035 attribuentes,
2820 1969 2991 2021 omnis
3022 1984 3223 2037 quoque
3253 1982 3428 2020 morus
3458 1977 3507 2021 et
3527 1967 3615 2020 di-

2028 2063 2241 2115 stantia:
2271 2077 2456 2130 expers
2489 2077 2603 2114 esse
2630 2062 2945 2125 docuerunt,
2977 2061 3109 2113 scite
3143 2076 3271 2113 sane
3306 2068 3356 2112 et
3402 2058 3617 2127 signiﬁ-

2028 2164 2230 2219 canter,
2262 2155 2371 2206 ἀπὸ
2400 2153 2493 2206 τοῦ
2537 2156 2626 2207 ἀεὶ
2667 2149 2830 2217 εἶναι,
2873 2153 2927 2205 id
2959 2162 3060 2216 est,
3097 2152 3160 2203 ab
3201 2168 3283 2213 eo,
3308 2151 3448 2220 quod
3478 2165 3617 2202 sem-

2029 2259 2121 2310 per
2157 2245 2246 2307 sit,
2273 2245 2431 2312 hujus
2459 2245 2686 2297 nominis
2712 2244 3031 2314 etymologia
3065 2243 3315 2296 deducta.
3349 2243 3620 2306 Quemad-

2032 2340 2247 2389 modum
2297 2339 2462 2403 enim,
2522 2318 2792 2405 inquiunt,
2860 2351 2892 2389 a
2952 2336 3138 2403 [armis
3168 2350 3284 2403 quw
3341 2333 3618 2386 materiam

2030 2439 2308 2498 superant,
2345 2430 2679 2498 prteteritum
2705 2438 2754 2481 et
2783 2428 3026 2496 futurum
3058 2426 3333 2479 abstracta
3365 2434 3521 2478 sunt:
3544 2425 3620 2479 sic

2030 2522 2193 2576 etiant
2220 2521 2459 2589 ipsorum
2498 2536 2772 2580 mensura,
2802 2520 2899 2573 hoc
2923 2527 3023 2583 est,
3053 2533 3220 2572 terum
3273 2504 3418 2586 teque
3441 2517 3504 2569 ab
3535 2518 3623 2571 his

2035 2622 2298 2665 remotum
2338 2622 2437 2677 est,
2494 2620 2651 2681 atque
2690 2610 2744 2663 id
2787 2609 2928 2678 quod
2972 2617 3073 2671 est,
3112 2620 3308 2673 manet,
3362 2608 3618 2660 nimirum

2036 2718 2285 2770 pra'sens.
2325 2700 2442 2754 Hoc
2472 2703 2638 2770 igitur
2687 2699 2879 2769 dogma
2911 2698 3057 2751 nullo
3108 2700 3263 2752 modo
3316 2698 3622 2766 comprobat

2035 2793 2349 2862 Thcologus.
2383 2795 2521 2846 Nam
2545 2794 2591 2846 si
2623 2807 2788 2845 aruum
2823 2790 3130 2860 hujusmodi
3159 2793 3413 2844 rationem
3441 2790 3617 2851 habet,

2033 2896 2091 2939 ut
2125 2887 2331 2939 nullam
2363 2886 2576 2938 omnino
2610 2899 2915 2937 mensuram
2940 2884 3213 2948 admittat,
3251 2898 3343 2936 nec
3366 2882 3623 2937 intereal-

2036 2979 2146 3031 lum
2194 2980 2363 3031 ullum
2417 2976 2659 3046 partibus
2693 2991 2899 3046 quoque
2946 2985 3123 3030 careat
3159 2984 3480 3029 necesseest.
3535 2972 3619 3027 Ea:

2034 3087 2137 3142 quo
2163 3071 2300 3125 illud
2328 3082 2597 3141 sequetur,
2647 3069 2933 3124 stecularia
2965 3072 3144 3123 omnia
3178 3072 3234 3122 in
3262 3078 3455 3139 puncto
3493 3085 3623 3121 con-

350 3168 473 3206 "'33-
495 3152 801 3222 Ειίίυλδθυδ
842 3167 967 3207 cm"
999 3152 1068 3206 de
1096 3151 1229 3221 θεον
1260 3154 1353 3222 qui
1388 3153 1611 3223 ιπομτίε
1643 3165 1699 3206 εί
1720 3168 1933 3222 θεωρεῖ
1961 3161 2003 3218 C
2037 3165 2189 3218 clusa
2217 3181 2329 3218 esse
2358 3180 2375 3217 :
2408 3164 2512 3218 tale
2558 3164 2697 3217 enim
2728 3174 2829 3227 est,
2885 3164 2965 3228 id,
3001 3162 3141 3233 quod
3175 3160 3416 3230 partibus
3454 3169 3623 3213 caret.

348 3252 456 3307 rst,
488 3258 670 3298 sermo
703 3246 932 3298 habetur
980 3244 1200 3314 proprie
1250 3260 1473 3313 qttoque
1524 3241 1680 3309 αἰὼν,
1732 3243 1784 3297 id
1815 3253 1931 3307 est,

350 3351 525 3389 rerum
560 3337 782 3402 dicitur,
817 3338 973 3406 quasi
1009 3340 1036 3389 ὀ
1072 3338 1159 3389 ἀεὶ
1197 3335 1273 3389 ὢν
1297 3375 1311 3400 ,
1353 3337 1406 3391 id
1446 3346 1564 3401 est,
1607 3337 1696 3406 qui
1730 3350 1931 3402 semper

348 3438 432 3482 est
472 3447 488 3485 :
524 3438 579 3482 at
606 3430 673 3483 de
704 3431 911 3499 angelis
943 3438 997 3483 et
1023 3430 1314 3483 animabus
1347 3429 1771 3498 haudquaquam
1809 3443 1938 3496 pro-

350 3522 469 3590 prie
523 3522 629 3575 diei
684 3532 879 3589 potest.
921 3519 1123 3573 divum
1160 3535 1306 3573 enim
1349 3521 1569 3573 illorum
1607 3518 1936 3587 principium

351 3612 566 3680 habuit,
608 3629 795 3667 verum
829 3616 992 3667 linem
1025 3613 1341 3665 habiturum
1376 3626 1485 3663 non
1522 3620 1625 3664 est.
1672 3611 1939 3675 Quocirca

353 3711 554 3778 partim
604 3706 703 3761 atri
752 3707 1049 3777 participes
1114 3713 1265 3770 sunt,
1317 3704 1445 3775 quia
1496 3701 1940 3772 incorruptibiles

352 3810 484 3856 sunt
515 3809 569 3853 et
614 3801 954 3855 immortales
987 3816 1001 3850 :
1052 3800 1249 3869 partim
1291 3797 1574 3865 temporis,
1602 3797 1730 3865 quia
1764 3796 1818 3848 in
1852 3810 1937 3849 re-

352 3905 476 3944 rum
517 3900 824 3944 creatarum
875 3892 1050 3944 classe
1098 3900 1248 3944 sunt.
1300 3890 1479 3958 Atque
1534 3897 1592 3941 ut
1639 3889 1781 3941 hanc
1825 3900 1937 3939 rem

355 3983 660 4039 dilucidius
692 3985 1055 4054 explicemus,
1091 3983 1373 4039 sciendum
1403 3991 1485 4036 est
1511 3980 1677 4051 hujus
1700 3981 1940 4034 nominis

357 4077 560 4131 multas
603 4092 727 4132 esse
778 4077 1231 4145 signiﬁcationes.
1260 4072 1393 4127 Nam
1424 4083 1480 4127 et
1511 4072 1941 4142 uniuscujusque

359 4169 601 4224 hominis
633 4173 741 4222 vita
773 4184 947 4223 aevum
998 4168 1228 4233 dicitur,
1260 4177 1315 4220 et
1343 4166 1492 4221 mille
1540 4180 1809 4219 attnorum
1843 4180 1943 4217 nu-

356 4272 544 4311 merus
576 4268 631 4312 et
661 4266 773 4311 tota
825 4258 941 4310 haec
988 4271 1229 4326 praesens
1275 4257 1406 4320 vita,
1459 4263 1513 4308 ct
1546 4255 1729 4309 lutura
1777 4258 1939 4309 etiam

356 4353 656 4404 a-ternitas.
691 4351 906 4405 llursns
936 4364 1111 4403 aevum
1144 4358 1358 4418 tempus
1388 4348 1590 4401 dicitur
1620 4361 1636 4401 :
1670 4345 1785 4401 Nec
1814 4363 1941 4416 pars

357 4443 473 4497 ulla
502 4444 777 4512 temporis,
803 4442 933 4496 solis
958 4457 1207 4495 mensura
1240 4451 1290 4494 et
1322 4447 1463 4493 motu
1485 4439 1729 4507 deﬁnita,
1758 4438 1811 4492 id
1835 4451 1939 4502 est,

359 4534 553 4589 uit-bus
570 4550 635 4589 ac
656 4534 908 4589 noctibus
928 4544 1215 4596 constans,
1228 4533 1321 4586 sed
1339 4532 1431 4585 ille
1448 4531 1608 4600 quasi
1626 4528 1941 4598 temporalis

359 4628 585 4695 quidam
620 4636 801 4680 motus
852 4632 908 4679 et
941 4624 1293 4679 intervallum
1325 4624 1469 4692 quod
1499 4622 1665 4676 simul
1707 4636 1835 4675 cum
1873 4621 1939 4676 iis

365 4732 488 4787 quae
514 4718 870 4771 aeternitatem
922 4716 1148 4781 habent,
1194 4715 1527 4770 extenditur.
1561 4713 1819 4768 Additum
1859 4725 1943 4768 est

364 4820 545 4865 autem
577 4827 593 4864 :
622 4809 811 4875 Quasi,
846 4808 974 4877 quia
990 4818 1241 4862 exactam
1275 4807 1374 4860 aevi
1400 4807 1822 4876 descriptionem
1855 4807 1940 4860 ai-

361 4906 509 4960 ferre
556 4918 666 4959 non
711 4916 1033 4975 possumus.
1078 4898 1213 4954 Nam
1275 4900 1421 4969 quod
1485 4900 1553 4955 iis
1606 4899 1791 4964 rebus,
1823 4914 1944 4968 quae

366 4997 598 5067 tempori
626 4996 887 5066 subjectae
924 5002 1076 5060 sunt,
1124 5003 1338 5062 tempus
1392 5001 1517 5047 est:
1567 4992 1675 5047 hoc
1725 4993 1945 5047 aeternis

362 5106 539 5145 aevum
570 5100 676 5145 est.
711 5088 928 5144 Etenim
956 5098 1082 5143 ante
1116 5088 1305 5141 mundi
1331 5088 1684 5151 creationem,
1719 5102 1843 5140 cum
1878 5102 1945 5140 ne

364 5186 448 5238 sol
474 5178 692 5251 quidem
719 5193 888 5248 esset,
916 5182 1011 5250 qui
1059 5181 1203 5235 diem
1230 5195 1260 5233 a
1288 5188 1460 5245 nocte
1505 5179 1795 5255 divideret,
1838 5192 1944 5231 non

364 5288 485 5331 erat
513 5292 688 5332 aevum
734 5274 1129 5338 mensurabile,
1176 5274 1269 5328 sed
1302 5272 1470 5329 veluti
1524 5273 1748 5342 quidam
1808 5281 1946 5326 tem-

368 5369 621 5439 porarius
676 5377 881 5433 motus,
934 5375 1098 5437 atque
1152 5366 1526 5430 intervallum,
1585 5366 1731 5436 quod
1782 5367 1947 5425 simul

368 5476 495 5517 cum
531 5461 750 5516 a-ternis
786 5460 950 5514 rebus
977 5459 1418 5527 protrahebatur.
1450 5461 1627 5527 Atque
1679 5463 1781 5514 hac
1813 5474 1944 5513 eon-

443 5600 558 5672 (H)
594 5600 827 5655 Mundus
857 5599 1198 5654 intellectilis.
1235 5599 1459 5670 Κόσμος
1497 5604 1547 5656 in
1576 5600 1765 5655 Graeco
1788 5600 1948 5655 Pselli

367 5674 543 5735 deest,
577 5676 671 5728 sed
700 5675 800 5727 hoc
827 5674 1227 5727 substantivum
1261 5672 1557 5729 desiderari
1604 5674 1950 5741 apertissime

370 5750 544 5815 liquet
573 5760 639 5799 ex
669 5744 734 5798 iis
761 5760 881 5814 qua:
906 5758 1031 5798 mox
1057 5752 1381 5814 sequuntur.

1975 4501 2021 4558 Ι)

2041 3257 2160 3322 Quo
2189 3258 2315 3327 quid
2348 3258 2565 3311 stultius
2598 3257 2728 3327 ﬁngi
2765 3255 2972 3324 possit?
3004 3253 3129 3307 Jam
3158 3270 3221 3307 ne
3253 3257 3481 3306 mundus
3505 3253 3625 3321 qui-

2039 3352 2154 3403 dem
2174 3349 2497 3403 intellectilis
2519 3364 2685 3402 arvum
2714 3358 2811 3411 est,
2836 3356 2893 3400 ut
2926 3346 3191 3399 nonnullis
3222 3345 3446 3398 videtur.
3469 3342 3626 3397 Αἰυὶ-

2042 3451 2221 3493 ternus
2252 3444 2390 3493 enim
2420 3448 2517 3492 est.
2553 3438 2723 3492 Porro
2758 3438 3068 3491 a'vilernum
3092 3453 3183 3505 per
3204 3437 3298 3488 a'vi
3327 3435 3623 3503 participa-

2032 3531 2236 3583 tionem
2252 3529 2470 3583 dicitur.
2493 3526 2606 3581 Nec
2627 3544 2743 3582 vero
2766 3528 2953 3595 ﬁrmus
2974 3536 3021 3580 et
3041 3525 3315 3595 aequabilis
3336 3524 3481 3578 illius
3508 3535 3625 3578 sta-

2048 3631 2133 3674 tus
2166 3637 2333 3675 rerum
2356 3628 2455 3686 est,
2486 3620 2577 3689 qui
2596 3618 2921 3673 intellectilis
2952 3618 3180 3671 mundus
3214 3616 3326 3686 (li)
3350 3628 3450 3670 est.
3482 3614 3626 3680 Quin

2039 3716 2227 3779 etiam,
2259 3723 2309 3767 et
2341 3729 2502 3766 unum
2523 3723 2623 3777 est,
2676 3720 2727 3765 et
2757 3712 2927 3765 multa
2954 3727 2974 3764 .'
3003 3727 3166 3764 unum
3196 3711 3429 3779 quidem,
3457 3725 3629 3778 quan-

2044 3818 2153 3860 tum
2190 3810 2259 3860 ad
2297 3807 2463 3874 ipsius
2499 3813 2792 3869 naturam;
2823 3803 2993 3857 multa
3037 3812 3234 3865 autem,
3262 3811 3519 3870 quantum
3550 3805 3626 3853 ad

2043 3915 2283 3953 nostram
2344 3897 2798 3966 intelligentiam,
2871 3894 3141 3963 animique
3212 3895 3624 3961 conceptionem.

2045 3993 2386 4047 lndividuum
2412 3992 2553 4044 etaim
2577 3998 2674 4053 est,
2700 3990 2906 4058 vimque
2932 3987 3222 4055 plurimam
3251 3986 3425 4039 habet.
3445 3987 3625 4051 Quare

2042 4088 2088 4141 si
2110 4088 2225 4156 quis
2248 4086 2419 4154 ipsum
2446 4093 2503 4137 ut
2520 4083 2802 4136 essentiam
2820 4079 3103 4151 quamdam
3126 4080 3432 4149 cogitaverit
3458 4079 3623 4132 vitam

2042 4181 2476 4247 identitatemqne
2506 4177 2801 4241 habentem,
2849 4184 2957 4227 tum
2992 4173 3366 4243 cogitationem
3417 4188 3479 4225 ac
3504 4181 3622 4224 sta-

2045 4276 2332 4337 bilitatem,
2365 4273 2519 4326 illam
2549 4271 2785 4342 quidem.
2837 4278 3094 4339 quantum
3136 4267 3205 4321 ad
3262 4266 3476 4321 ritalem
3507 4281 3626 4335 spe-

2045 4369 2197 4429 c'em,
2230 4365 2366 4417 hanc
2396 4372 2597 4429 autem,
2650 4374 2907 4432 quantum
2948 4358 3016 4411 ad
3040 4357 3339 4412 identitatis
3372 4357 3627 4409 immuta-

2047 4458 2306 4512 bilitatem
2330 4469 2652 4524 :rursusqtte
2687 4452 3020 4506 identitatem
3076 4465 3138 4503 ac
3163 4449 3526 4503 diversitatem
3550 4447 3627 4499 ita

2046 4548 2477 4608 consideracerit,
2508 4554 2566 4598 ut
2593 4545 2648 4598 in
2680 4545 2856 4598 altera
2890 4541 3103 4612 quidem
3132 4540 3365 4609 partium
3400 4534 3630 4605 aequali-

2049 4651 2208 4696 tatem
2248 4648 2458 4707 spectet,
2487 4639 2538 4691 in
2576 4638 2750 4691 altera
2778 4645 2955 4688 autem
2978 4648 3097 4687 eam
3121 4630 3496 4699 diﬂ'erentiam,
3521 4643 3629 4695 qua

2048 4736 2113 4789 ab
2152 4733 2393 4789 omnibus
2421 4733 2544 4785 aliis
2596 4731 2748 4785 rebus
2800 4728 3119 4797 sejungitur,
3162 4734 3271 4776 tum
3309 4723 3418 4776 hwc
3448 4722 3628 4787 ,mula

2050 4828 2400 4890 contraxerit,
2459 4823 2844 4893 facultatesque
2872 4831 2918 4873 et
2956 4819 3219 4887 potentias
3269 4817 3322 4867 in
3348 4815 3631 4868 essentiam

2049 4920 2391 4978 concluserit,
2428 4926 2584 4985 atque
2611 4913 2790 4965 omnia
2832 4910 2985 4979 quasi
3015 4924 3178 4962 unum
3208 4908 3369 4975 fuerit
3403 4915 3628 4959 contem-

2048 5012 2249 5080 platus,
2272 5008 2363 5063 ille
2382 5005 2565 5076 procul
2591 5005 2752 5057 dubio
2784 5002 3126 5072 perspexerit.
3152 4998 3253 5052 Est
3272 4999 3410 5051 enim
3438 5015 3468 5051 α
3485 5014 3628 5063 vum,

2050 5112 2108 5157 ut
2137 5102 2392 5155 crassiori
2424 5098 2664 5151 Minerva
2695 5096 2970 5165 deﬁniam,
3002 5092 3362 5146 illuminatum
3394 5090 3527 5145 illud
3564 5089 3630 5142 ab

2050 5193 2349 5248 intellectili
2380 5191 2573 5244 mundo
2599 5190 2831 5257 spatium
2857 5186 2993 5257 (l5),
3018 5183 3348 5238 individuum
3375 5190 3631 5252 quantum

2051 5286 2119 5340 ad
2150 5285 2398 5353 temporis
2437 5292 2639 5351 partes,
2681 5289 2730 5333 et
2782 5277 3136 5340 immutabile,
3168 5275 3305 5346 quod
3353 5290 3441 5328 nec
3490 5288 3633 5341 pra:-

2053 5376 2268 5429 teritum
2326 5371 2501 5435 habet,
2535 5388 2626 5425 nec
2683 5370 2963 5439 futurum,
3013 5381 3063 5422 et
3119 5384 3235 5421 cum
3292 5380 3392 5435 quo
3426 5366 3479 5418 in
3518 5365 3633 5416 solo

2052 5469 2301 5534 prwsenti
2340 5466 2672 5519 universitati
2725 5480 2903 5517 rerum
2962 5462 3135 5516 indita
3179 5470 3256 5514 est
3284 5458 3531 5512 essentia.
3565 5455 3634 5509 Id

2127 5605 2239 5675 (15)
2263 5602 2638 5656 Illuminalum
2666 5601 2797 5654 illud
2828 5601 3063 5675 spatium
3110 5597 3245 5669 [Hoc
3269 5608 3487 5675 quoque
3510 5593 3632 5648 loco

2055 5669 2452 5731 sul'istantirum
2482 5678 2649 5737 deest,
2676 5683 2909 5741 spatium
2942 5669 3396 5741 velintervallnm
3430 5679 3638 5735 ponen-

2056 5750 2185 5803 dum
2227 5747 2509 5811 existimo,
2544 5760 2668 5799 nam
2695 5739 2761 5799 de
2792 5757 2852 5797 ea
2886 5756 2945 5797 re
2974 5739 3082 5794 illic
3116 5748 3313 5794 tractat
