4116 6440
503 289 636 355 13Ῑ9

1920 285 2305 347 ADDENDA.

3630 280 3770 345 132i)

498 403 663 470 igitur
689 405 831 475 quod
871 421 960 460 nec
987 402 1266 475 prwteriit,
1296 418 1388 456 nec
1423 400 1664 470 futurum
1692 403 1791 461 est,
1822 395 1912 449 sed
1945 412 2086 448 sem-
2122 407 2160 459 Α
2190 396 2400 465 quidem
2422 404 2470 449 et
2490 394 2621 462 alia,
2647 393 2833 450 caelum
2864 397 3123 464 uidelicet,
3152 408 3372 464 terram,
3393 411 3562 460 mare,
3592 396 3777 459 solem,

499 510 590 561 per
619 505 720 561 est,
755 497 889 550 αἰὼν
916 498 1136 560 dicitur,
1169 496 1279 548 ἀπὸ
1309 493 1405 547 τοῦ
1433 493 1522 547 ἀεὶ
1547 493 1606 543 ὲν
1639 489 1718 559 τῷ
1744 487 1809 541 ὃν
1835 483 2002 550 εἶναι,
2030 486 2084 539 id

499 595 576 638 est
602 587 665 639 ab
695 604 754 640 eo
786 589 924 658 quod
959 603 1162 657 semper
1206 587 1262 640 in
1315 596 1434 641 ente
1478 585 1569 646 sit,
1627 596 1816 635 nomen
1867 579 2085 634 ducens.

499 681 669 747 Atque
699 681 997 747 huiusmodi
1019 690 1143 735 sunt
1166 680 1422 735 caelestia.
1447 678 1693 733 1Eterna:
1716 676 1854 730 enim
1883 690 2086 738 eorum,

499 781 549 824 et
577 774 815 826 essentia:
840 783 984 837 sunt,
1008 783 1056 826 et
1085 773 1339 826 actiones.
1363 757 1690 825 Sublundria
1713 777 1890 820 autem
1907 765 2090 820 omnia

500 867 831 932 generationi
862 877 911 920 et
967 868 1254 919 mutationi
1287 864 1524 934 subjecta
1561 870 1706 915 sunt.
1741 858 1808 912 Et
1833 858 2088 929 quemad-

500 955 712 1008 modum
747 972 866 1009 cum
891 957 957 1009 iis
983 972 1102 1026 qute
1132 967 1274 1010 motu
1312 963 1518 1018 carent,
1556 967 1724 1006 a'uum
1767 949 1927 1004 simul
1959 963 2090 1000 con-

499 1049 741 1100 stitutnm
768 1060 844 1101 est
867 1051 975 1102 :sic
997 1049 1158 1102 etiam
1189 1065 1305 1101 cum
1329 1049 1395 1100 iis
1414 1062 1530 1116 qua:
1546 1052 1841 1105 moventur.
1865 1051 2088 1110 ιεηιριω,

499 1140 638 1207 quod
665 1156 869 1208 semper
898 1141 1042 1208 fluit,
1092 1149 1142 1194 et
1171 1139 1372 1205 ,eodem
1409 1153 1528 1190 cum
1561 1135 1644 1188 his
1699 1144 1848 1186 motu
1897 1133 2084 1186 cietur.

499 1229 677 1300 Hujus
703 1243 882 1301 partes
907 1238 1027 1286 (tua:
1049 1241 1172 1284 sunt
1195 1230 1525 1299 prtem-itum
1562 1236 1611 1282 et
1643 1227 1904 1296 futurum.
1947 1223 2086 1277 Nam

496 1339 728 1390 pra-setis
761 1339 1020 1391 nusquam
1049 1333 1147 1376 est.
1179 1321 1534 1390 Posteaquam
1561 1334 1680 1372 vero
1705 1317 1931 1369 duorum
1960 1329 2090 1384 quo-

498 1413 745 1465 rumdam
776 1431 808 1465 a
849 1413 1000 1466 nobis
1033 1414 1226 1466 mentio
1263 1412 1412 1481 facta
1442 1419 1542 1475 est,
1585 1423 1764 1477 nempe
1791 1416 1842 1460 et
1879 1420 2083 1468 eorum,

496 1519 636 1573 quae,
670 1513 778 1557 tam
804 1506 1057 1569 essentia,
1083 1519 1243 1572 quam
1277 1502 1486 1555 actione
1506 1499 1718 1554 stabilia
1745 1507 1889 1562 sunt,
1913 1496 2086 1565 cujus,

497 1597 700 1666 generis
738 1605 863 1650 sunt
919 1597 1278 1660 intellectilia,
1315 1604 1365 1648 et
1405 1609 1608 1660 eorum,
1639 1607 1758 1662 qua
1802 1590 2086 1644 secundum

497 1697 775 1759 utramque
809 1700 1108 1753 moventur,
1163 1688 1298 1742 nihil
1348 1696 1526 1740 autem
1570 1688 1622 1738 in
1675 1699 1852 1736 rerum
1893 1692 2088 1735 natura

2187 485 2370 539 lunam
2407 495 2458 539 et
2508 487 2710 556 retiqua
2769 489 2947 542 sidera
3003 492 3246 543 increata
3297 491 3470 544 dicere
3519 488 3781 558 quispiam

2188 583 2374 650 possit,
2407 583 2531 649 quia
2553 596 2646 648 per
2684 583 3025 651 temporalem
3055 587 3470 654 protractionem
3519 587 3782 656 producta

2189 687 2291 724 non
2321 673 2446 726 sint.
2486 671 2601 726 Hoc
2631 674 2765 726 enim
2785 674 3082 728 hominibus
3113 678 3381 731 convenit.
3412 676 3592 744 Quare
3613 682 3782 749 etqui-

2190 780 2316 818 uoca
2341 765 2729 834 significatione
2759 768 2947 822 horum
2979 769 3271 834 verborum,
3307 785 3409 824 non
3446 772 3498 824 in
3530 781 3780 843 tempore,

2188 857 2534 925 imposturam
2555 859 2706 928 facit,
2742 862 2834 929 qui
2873 862 2971 914 hoc
3000 863 3157 917 modo
3188 873 3598 933 argumentatur
3670 865 3783 920 Du-

2188 953 2315 1022 plici
2343 953 2483 1007 enim
2535 954 2690 1007 modo
2729 954 2930 1023 aliquid
2963 955 3278 1025 intelligitur
3317 958 3370 1009 in
3408 967 3638 1026 tempore
3681 977 3781 1013 non

2187 1059 2322 1107 esse,
2377 1043 2450 1098 uel
2483 1044 2610 1114 quia
2643 1047 3022 1114 sempiternum
3060 1047 3150 1110 sit,
3178 1047 3253 1100 vel
3281 1049 3406 1117 quia
3454 1065 3781 1119 nequaquam

2187 1151 2278 1203 per
2330 1135 2673 1202 temporalem
2736 1138 3153 1206 protractionem
3185 1138 3239 1191 in
3293 1155 3472 1192 rerum
3529 1153 3780 1195 naturam

2188 1226 2464 1294 prodierit.
2493 1225 2576 1280 Ex
2613 1242 2715 1296 quo
2745 1228 2986 1297 efﬁcitur,
3019 1240 3074 1282 ut
3107 1229 3218 1282 alia
3237 1231 3463 1292 ratione,
3514 1233 3606 1300 qni
3629 1247 3779 1286 extra

2191 1327 2393 1385 tempus
2415 1327 2515 1383 est,
2551 1319 2605 1372 in
2653 1328 2884 1387 tempore
2912 1323 2983 1373 sit
3027 1336 3046 1372 :
3089 1323 3217 1392 quia
3268 1321 3507 1377 videlicet
3563 1341 3664 1378 non
3709 1329 3775 1379 ab

2189 1413 2385 1459 teterno
2411 1406 2480 1458 sit
2507 1422 2526 1470 ;
2554 1406 2664 1460 alia
2688 1417 2863 1461 autem
2892 1409 2944 1462 in
2966 1421 3199 1479 tempore
3222 1427 3325 1464 non
3359 1413 3450 1478 sit,
3479 1414 3602 1482 quia
3622 1431 3770 1468 sum-

2191 1510 2307 1548 mus
2338 1497 2574 1550 omnium
2620 1514 2796 1551 rerum
2829 1499 3162 1555 Architectus
3197 1502 3267 1555 ad
3311 1503 3426 1571 ejus
3467 1505 3772 1572 productio-

2190 1603 2306 1640 nem
2331 1596 2561 1657 tempore
2588 1590 2802 1644 minime
2825 1605 2955 1660 opus
2991 1591 3169 1646 habet.
3214 1592 3359 1660 Quin
3405 1596 3565 1648 etiam
3607 1596 3659 1649 in
3691 1614 3775 1651 re-

2191 1677 2286 1732 bus
2315 1679 2564 1734 humanis
2595 1681 2851 1736 nonnulla
2886 1692 3032 1748 sunt,
3055 1700 3173 1754 qua:
3213 1686 3325 1739 sine
3356 1689 3602 1756 temporis
3627 1705 3778 1742 mora

503 1795 729 1832 uacuum
757 1790 860 1843 est,
893 1781 1022 1848 quin
1053 1779 1230 1849 potius
1262 1779 1314 1830 in
1343 1778 1584 1832 omnibus
1603 1775 1887 1829 contrariis
1922 1788 2084 1826 nexus
2117 1760 2159 1815 Β
2187 1769 2331 1837 gigni
2363 1771 2552 1835 solent,
2612 1781 2670 1826 ut
2721 1773 2873 1826 lactis
2905 1778 3166 1830 concretio
3213 1793 3303 1830 seu
3354 1781 3680 1848 coagulatio,
3727 1795 3776 1836 ct

505 1871 721 1938 quidam
753 1886 816 1923 ac
850 1871 1050 1932 media,
1096 1879 1222 1923 sunt
1259 1869 1466 1938 :igitur
1498 1870 1682 1921 horum
1711 1865 1885 1919 media
1937 1872 2080 1927 sunt,

496 1972 552 2012 ut
582 1963 783 2028 partim
811 1963 877 2026 _in
928 1977 1039 2016 sevo
1074 1962 1205 2028 sint,
1257 1961 1455 2030 partim
1501 1960 1556 2013 in
1603 1959 1874 2025 tempore?
1903 1955 2082 2026 Hujus

495 2053 637 2106 modi
685 2053 872 2107 ctelum
911 2062 1008 2116 est,
1051 2063 1102 2107 et
1145 2069 1206 2107 ea
1235 2069 1354 2123 qua:
1381 2052 1514 2106 luna
1568 2051 1885 2106 sublimiora
1933 2059 2079 2105 sunt.

493 2146 700 2200 "orum.
728 2151 916 2202 etenim
943 2146 1244 2200 substantia
1268 2146 1480 2216 quidem
1527 2155 1727 2198 teterna
1759 2151 1858 2207 est,
1891 2145 2082 2212 quippe

491 2252 608 2306 qua:
643 2252 735 2290 nec
769 2237 1013 2302 intereat,
1067 2252 1158 2289 nec
1203 2244 1487 2306 augeatur,
1549 2249 1643 2286 nec
1679 2231 1956 2298 olteretur,
1989 2241 2079 2284 aut

505 2329 814 2381 immutetur
853 2343 872 2380 :
911 2337 1059 2380 actus
1103 2336 1280 2379 autem
1335 2323 1430 2378 sub
1472 2335 1675 2392 tempus
1725 2322 1891 2377 cadit.
1936 2320 2081 2375 Nam

498 2434 616 2470 cum
693 2423 966 2472 universus
1010 2419 1238 2472 mundus
1289 2425 1521 2470 movetur
1566 2415 1680 2468 alia
1741 2415 1911 2481 ipsius
1952 2428 2079 2481 pars

493 2525 652 2578 super
684 2510 1015 2564 horizontem
1063 2511 1277 2574 eminet,
1317 2511 1427 2563 alia
1449 2509 1676 2562 medium
1713 2507 1898 2561 caelum
1919 2515 2077 2570 tenet,

492 2603 602 2654 alia
631 2602 700 2655 ad
730 2603 1066 2656 Occidentem
1118 2602 1307 2667 tendit,
1342 2601 1451 2654 alia
1482 2601 1624 2670 infra
1657 2610 1855 2653 terram
1886 2600 2076 2667 fertur.

495 2690 560 2744 In
599 2693 782 2745 eodem
827 2710 1030 2764 quoque
1052 2709 1240 2763 genere
1273 2705 1346 2746 est
1375 2694 1579 2747 anima.
1623 2691 1768 2745 Nam
1795 2702 1850 2745 ut
1877 2703 2078 2746 aterna

489 2793 566 2837 est
595 2785 762 2851 ipsius
787 2785 1048 2848 essentia,
1075 2786 1154 2837 ita
1197 2795 1345 2837 actus
1381 2784 1476 2836 sub
1503 2784 1750 2851 temporis
1775 2799 2078 2836 mensuram

487 2877 657 2929 cadit.
677 2876 857 2947 Neque
886 2879 1026 2930 enim
1059 2885 1267 2946 repente
1296 2892 1380 2937 ea,
1406 2890 1522 2944 qua:
1540 2875 1754 2944 quierit,
1788 2874 2076 2941 perspicit:

492 2983 669 3020 verum
699 2979 746 3020 et
777 2971 934 3035 [mem
960 2967 1064 3020 sibi
1107 2967 1376 3036 proponit,
1401 2975 1453 3018 et
1473 2964 1737 3034 principia
1767 2965 1920 3034 quasi
1950 2965 2077 3032 fun-

489 3059 742 3112 damenta
763 3059 900 3128 jacit
925 3069 1108 3129 atque,
1137 3059 1204 3112 ab
1234 3058 1314 3110 his
1337 3057 1407 3110 ad
1439 3057 1593 3110 illum
1620 3059 1948 3124 procedit.—
1971 3056 2078 3112 Nec

2185 1862 2482 1930 superﬁciei
2511 1879 2771 1932 aquarum
2794 1870 3117 1936 congelatio.
3167 1867 3284 1922 Non
3313 1872 3449 1922 enim
3481 1874 3779 1939 particula-

2184 1949 2314 2002 riter
2346 1967 2409 2004 ac
2449 1955 2710 2018 paulatim
2749 1967 3109 2021 concrescunt,
3163 1960 3253 2012 sed
3299 1961 3572 2028 confertim
3611 1973 3659 2016 et
3693 1979 3776 2016 rc-

2183 2053 2358 2109 pente,
2417 2053 2467 2098 et
2532 2061 2636 2098 non
2692 2045 3134 2116 quemadmodum
3198 2053 3301 2120 ipsi
3378 2056 3770 2112 consuevimus.

2187 2131 2429 2196 -Quasi
2475 2138 2792 2205 temporalis
2825 2138 3046 2208 quidem
3086 2151 3268 2196 motus
3303 2151 3358 2196 et
3397 2144 3766 2200 intervallum.

2184 2219 2268 2276 Ne
2295 2224 2531 2278 divinant
2561 2229 2748 2280 horum
2786 2229 3061 2284 verborum
3113 2249 3327 2286 sensum
3363 2236 3528 2287 surda
3551 2251 3771 2304 prorsus

2183 2331 2310 2370 aure
2337 2318 2642 2386 accipimus,
2669 2319 2989 2377 liceatnobis
3009 2339 3107 2392 pro
3146 2325 3315 2379 animi
3347 2327 3572 2380 arbitrio
3602 2343 3771 2382 a'oum

2180 2408 2392 2476 fictione
2423 2411 2700 2480 fabricari,
2732 2415 2872 2484 quod
2905 2432 3128 2486 magnus
3166 2417 3448 2487 Gregorius
3479 2436 3532 2474 re
3563 2421 3772 2474 intelle-

2181 2503 2281 2555 xit.
2319 2501 2602 2557 Tollantur
2646 2505 2827 2576 itaque
2866 2508 3012 2561 nobis
3038 2518 3087 2562 et
3117 2509 3326 2572 celum,
3350 2519 3399 2563 et
3431 2511 3531 2572 sol,
3549 2523 3594 2564 et
3623 2511 3772 2574 luna,

2184 2595 2454 2663 omnisque
2482 2596 2718 2649 siderum
2753 2607 2924 2651 motus
2959 2615 2978 2653 :
3001 2616 3095 2653 nos
3126 2609 3298 2654 autem
3331 2602 3385 2654 in
3409 2601 3522 2656 loco
3545 2619 3637 2672 per
3695 2603 3765 2673 fi-

2179 2696 2446 2754 gmentum
2477 2685 2793 2743 habitemus.
2868 2689 3058 2745 Annon
3104 2707 3289 2746 rursus
3339 2694 3632 2748 intervallis
3665 2697 3777 2750 dis-

2181 2777 2402 2830 tinctam
2439 2779 2598 2832 vitam
2629 2779 2925 2836 habemus?
2965 2784 3106 2853 quod
3161 2785 3208 2838 si
3239 2785 3535 2840 interuallis
3575 2787 3773 2840 distin-

2182 2876 2342 2932 ctam,
2375 2871 2558 2938 utique
2585 2882 2633 2925 et
2655 2873 2708 2926 in
2732 2889 3031 2930 mensuram
3053 2876 3346 2931 cadentem.
3371 2880 3454 2945 {At
3481 2877 3632 2947 cujus
3658 2890 3778 2933 tan-

2184 2959 2303 3012 dem
2333 2962 2408 3012 rei
2442 2979 2690 3017 mensura
2737 2965 3136 3021 describemur?
3173 2968 3256 3021 An
3285 2971 3458 3024 solis?
3488 2972 3652 3040 Atqui
3685 2971 3776 3024 ille

2181 3064 2418 3105 sermone
2451 3063 2634 3107 nostro
2679 3056 2918 3112 sublatus
2957 3060 3074 3114 est?
3126 3061 3206 3112 An
3239 3061 3424 3114 luna'?
3465 3063 3624 3130 Atqui
3656 3063 3775 3130 ipsa

487 3164 722 3220 ιειηρυε,
760 3119 1102 3204 Armeniu-
1136 3150 1390 3202 αάυεηω
1449 3119 1682 3200 υειεηίηι
1733 3145 2076 3200 Academiam
2103 3119 2149 3182 C
2181 3154 2381 3208 quoque
2409 3158 2441 3194 a
2475 3144 2622 3197 nobis
2661 3147 2916 3201 avolavit.
2953 3147 3034 3202 An
3074 3150 3304 3204 aliorum
3345 3153 3573 3206 siderum
3602 3156 3773 3206 cursi-

487 3242 794 3312 disputans,
823 3258 886 3295 ac
917 3257 1038 3294 cum
1082 3242 1196 3309 ipso
1244 3241 1405 3294 etiam
1457 3237 1682 3292 Platone
1738 3240 2077 3304 contendens,

487 3346 742 3386 aeternum
759 3342 986 3400 tempus,
1010 3341 1165 3402 atque
1181 3347 1245 3384 ea:
1263 3343 1486 3400 utraque
1500 3343 1653 3400 parte
1665 3331 1934 3400 infinitum
1953 3349 2079 3386 con-

483 3426 705 3478 stituere
746 3425 974 3477 videtur.
997 3422 1142 3477 Nam
1167 3423 1352 3492 Plato,
1376 3424 1546 3492 ipsum
1579 3424 1819 3478 veritatis
1860 3440 2078 3492 scopum

488 3516 708 3584 feriens,
766 3526 816 3568 et
850 3514 1039 3568 caelum
1084 3523 1319 3568 creatum
1372 3515 1539 3584 fuisse
1564 3515 1827 3585 affirmat,
1855 3529 2014 3586 atque
2043 3531 2078 3569 a

485 3608 716 3675 quodam
759 3607 1041 3676 temporali
1077 3617 1271 3675 puncto
1321 3609 1680 3661 conversionis
1725 3619 1773 3662 et
1817 3607 2074 3662 convolu-

489 3697 650 3750 tionis
684 3699 1008 3767 principium
1043 3699 1328 3768 accepisse,
1370 3714 1590 3768 cumque
1621 3714 1681 3752 eo
1705 3708 1756 3752 et
1788 3708 1991 3768 tempus
2025 3709 2075 3754 et

487 3801 736 3844 naturam
781 3793 941 3845 simul
981 3793 1200 3846 condita
1246 3789 1433 3859 fuisse.
1475 3791 1790 3845 Aristoteles
1824 3801 1999 3844 autem
2027 3802 2077 3844 et

483 3881 694 3949 ctelum,
720 3891 772 3935 et
829 3892 1056 3950 motum,
1097 3892 1147 3936 et
1184 3891 1387 3953 tempus
1423 3883 1662 3936 increata
1707 3899 1818 3936 esse
1858 3883 2073 3938 astruit.

490 3973 652 4028 llanc
702 3976 846 4028 enim
892 3977 1358 4046 interrogationem
1401 3974 1581 4043 affert.
1628 3973 1850 4043 Tempus
1884 3973 1962 4028 vel
2020 3976 2073 4029 in

488 4077 726 4135 tempore
753 4079 855 4135 εει,
897 4069 975 4122 uel
1026 4085 1151 4123 non.
1197 4069 1259 4123 Si
1295 4069 1349 4122 in
1388 4080 1618 4137 tempore
1645 4077 1874 4133 nonest,
1911 4067 2076 4122 habeo

489 4163 628 4232 quod
651 4177 834 4232 qucro
858 4177 877 4215 :
921 4163 970 4215 si
1001 4171 1183 4214 autem
1228 4173 1303 4214 est
1331 4161 1385 4213 in
1428 4171 1680 4230 tempore,
1709 4160 1772 4214 de
1821 4161 1916 4214 illo
1941 4175 2072 4230 quo-

489 4269 596 4323 que
649 4266 881 4322 tempore
933 4253 1071 4306 idem
1125 4269 1312 4306 rursus
1346 4268 1548 4322 quarro.
1602 4252 1750 4306 Nam
1792 4268 1887 4307 nec
1945 4263 2074 4306 tem-

483 4347 632 4414 poris
693 4357 896 4415 tempus
953 4347 1267 4415 investigare
1353 4355 1513 4416 atque
1584 4346 1903 4414 exquirere,
1961 4345 2075 4399 ulla

2183 3233 2319 3286 bus?
2357 3231 2456 3286 Ubi
2485 3236 2696 3289 (audent
2747 3236 2841 3292 illa
2873 3239 2984 3308 ﬁxa
3017 3250 3192 3306 erunt,
3246 3253 3339 3294 aut
3381 3243 3724 3295 movebuntur
3747 3246 3774 3300 .’

2182 3321 2249 3378 In
2272 3327 2440 3380 caelo?
2473 3327 2632 3393 Atqui
2665 3328 2849 3396 ﬁctrix
2879 3331 3052 3383 oratio
3078 3331 3176 3384 hoc
3209 3347 3412 3401 quoque
3449 3333 3618 3388 stellis
3645 3351 3773 3402 spo—

2181 3417 2370 3470 liatum
2391 3420 2446 3472 in
2470 3419 2696 3473 nihilum
2723 3421 2956 3476 resolvit.
2994 3423 3144 3478 Talis
3168 3423 3334 3493 igitur
3363 3436 3538 3480 motus
3569 3437 3768 3494 noster,

2178 3517 2230 3559 et
2269 3508 2400 3570 rita,
2421 3524 2518 3562 nec
2552 3519 2757 3579 tempus
2796 3523 2896 3578 est,
2925 3529 3017 3567 nec
3045 3522 3294 3586 temporis
3324 3532 3448 3584 pars
3478 3517 3611 3583 ulla,
3644 3517 3774 3571 sub-

2179 3597 2305 3653 latis
2347 3602 2600 3655 nimirum
2645 3603 2728 3658 his
2758 3606 2935 3672 rebus,
2986 3608 3174 3677 quibus
3211 3621 3412 3679 tempus
3465 3611 3768 3678 con/icitur.

2181 3691 2354 3763 Atque
2387 3695 2600 3750 interim
2649 3706 2820 3752 tamen
2861 3699 2918 3753 in
2957 3711 3105 3754 motu
3147 3711 3197 3756 et
3239 3701 3514 3755 intervallo
3561 3718 3766 3756 sumus.

2181 3783 2298 3838 Hoc
2327 3787 2491 3856 igitur
2515 3787 2678 3842 veluti
2709 3791 3016 3859 temporalis
3047 3793 3267 3861 quidam
3306 3803 3480 3847 motus
3513 3804 3591 3848 est
3616 3807 3662 3848 et
3686 3796 3770 3847 in-

2179 3877 2487 3930 teruallum.
2523 3876 2641 3931 Hoc
2675 3881 2884 3934 azternis
2913 3897 3080 3934 terum
3112 3893 3214 3936 est.
3244 3883 3348 3948 Qui
3368 3887 3431 3938 de
3454 3887 3605 3940 rebus
3627 3886 3770 3941 diui-

2179 3969 2261 4020 nis
2291 3971 2431 4035 apud
2452 3969 2671 4038 gentiles
2702 3972 3103 4026 accuratissime
3133 3973 3499 4042 disputarunt,
3538 3992 3766 4046 quorum

2177 4066 2354 4112 uertex
2394 4069 2444 4112 et
2486 4061 2794 4130 coryphteus
2822 4073 2921 4129 est,
2974 4064 3200 4119 Proclus
3251 4066 3311 4119 τὸ
3338 4068 3532 4134 ἀΐδιον,
3572 4071 3626 4123 id
3661 4081 3768 4134 est,

2177 4159 2456 4215 teternum,
2497 4152 2554 4206 in
2584 4156 2719 4208 duas
2767 4166 2947 4224 partes
2979 4158 3242 4224 dividunt,
3287 4159 3514 4215 alteram
3565 4163 3768 4232 [uidens

2176 4255 2382 4314 partem
2402 4247 2637 4300 eamdem
2655 4264 2770 4302 esse
2800 4257 3090 4305 statuentes
3118 4268 3236 4305 cum
3265 4269 3396 4319 a'ro,
3426 4271 3517 4308 seu
3548 4255 3764 4322 sa’culo,

2177 4346 2235 4391 ut
2264 4338 2424 4390 simul
2467 4340 2770 4394 uniuersum
2814 4344 2906 4407 sit,
2947 4345 3226 4413 temporali
3264 4348 3624 4414 protractioue
3669 4365 3763 4403 ne-

482 4456 718 4510 unquam
742 4438 1066 4509 fatigatione
1094 4439 1431 4502 desinemus,
1462 4453 1556 4491 κει
1598 4438 1736 4490 illud
1766 4439 1821 4490 in
1852 4439 2072 4490 immen.
2099 4454 2154 4516 Β
2179 4445 2444 4501 quaquam
2471 4431 2821 4487 terminabile.
2846 4434 3014 4506 Atque
3041 4437 3096 4490 in
3118 4436 3218 4490 hac
3244 4439 3426 4492 a'terni
3440 4450 3591 4506 parte
3620 4457 3764 4494 men-

483 4548 602 4586 sum
636 4547 870 4602 unquam
931 4530 1178 4600 progredi
1216 4531 1439 4584 desinet.
1486 4529 1601 4583 Hoc
1647 4537 1727 4582 est
1765 4529 2072 4584 Aristotelis

481 4633 875 4695 argumentum.
913 4622 1068 4687 Quod
1097 4634 1284 4689 autem
1337 4621 1448 4674 hate
1502 4624 1723 4690 qua-stio
1769 4620 2074 4688 hujusmodi

485 4736 590 4774 non
624 4719 710 4784 sit,
746 4726 803 4770 ut
833 4718 1097 4784 explicari
1132 4731 1196 4770 ac
1224 4715 1445 4770 dissolvi
1477 4722 1722 4784 nequeat,
1764 4712 1886 4766 hinc
1922 4714 2071 4783 quis-

481 4813 624 4881 piam
677 4809 1020 4875 intellexerit,
1069 4809 1211 4878 quod
1250 4818 1454 4877 tempus
1507 4823 1598 4860 nec
1639 4808 1692 4859 in
1740 4816 1970 4876 tempore
1991 4816 2070 4861 est

483 4919 575 4956 nec
606 4918 793 4955 rursus
837 4902 1087 4969 temporis
1127 4915 1334 4970 expers.
1372 4897 1514 4951 Deus
1557 4897 1893 4952 enimaimul
1915 4907 2069 4967 atque

479 4999 669 5048 coetum
707 4994 1000 5060 producere
1034 4991 1220 5049 voluit.
1260 4990 1506 5044 uoluntas
1534 4990 1633 5042 illa
1677 4991 1731 5042 in
1761 5004 1892 5057 opus
1913 4991 2068 5053 exiit,

480 5103 544 5138 ac
574 5086 713 5136 citra
745 5094 948 5151 tempus
972 5084 1220 5136 universa
1251 5097 1434 5134 rerum
1484 5081 1731 5134 machina
1758 5090 2066 5134 constructa

479 5185 579 5230 est.
620 5173 744 5227 Non
782 5183 959 5226 tamen
987 5174 1190 5228 idcirco
1220 5175 1470 5243 temporis
1513 5190 1715 5243 quoque
1742 5189 1926 5242 expers
1950 5186 2063 5228 est:

479 5268 733 5340 quoniam
769 5280 886 5319 cum
915 5269 1063 5334 prius
1103 5283 1205 5321 non
1231 5279 1389 5334 esset,
1428 5280 1612 5338 postea
1651 5278 1830 5324 creata
1860 5279 1909 5322 et
1940 5285 2066 5321 con-

478 5361 668 5414 stituta
714 5365 814 5410 est.
850 5353 1051 5410 Eadem
1118 5369 1196 5412 est
1245 5363 1499 5430 temporis
1548 5361 1714 5414 ratio.
1789 5361 2064 5424 Quatenus

476 5455 618 5507 enim
641 5466 761 5504 cum
790 5448 939 5518 prius
980 5465 1084 5503 non
1115 5460 1276 5516 esset,
1307 5462 1490 5521 postea
1530 5453 1806 5506 conditunt
1839 5460 1939 5517 est,
1965 5453 2066 5506 mi-

479 5544 620 5596 nime
669 5543 966 5594 increatum
1028 5551 1076 5594 et
1123 5546 1375 5612 temporis
1427 5560 1613 5612 expers
1657 5557 1755 5599 est.
1789 5545 2062 5609 Quatenus

479 5645 658 5688 autem
693 5651 797 5689 non
821 5649 914 5704 per
943 5638 1358 5703 protractionem
1377 5637 1432 5691 in
1460 5654 1570 5691 esse
1595 5639 1813 5708 prodiit,
1846 5638 1945 5691 hac
1981 5639 2062 5692 ni-

480 5728 670 5780 tuit-um
698 5727 900 5781 ratione
935 5727 1183 5795 temporis
1227 5744 1410 5797 expers
1445 5729 1552 5784 dici
1572 5730 1788 5800 possit:
1817 5729 2058 5798 quando-

2185 4530 2288 4574 tem
2311 4537 2514 4590 quoque
2542 4524 2826 4590 collocant,
2874 4527 3114 4580 nonnulli
3140 4528 3302 4581 etiam
3331 4529 3590 4585 animam.
3618 4529 3764 4584 Nam

2180 4621 2229 4666 et
2256 4623 2516 4682 quantum
2557 4615 2628 4667 ad
2677 4617 2979 4681 essentiam,
3031 4627 3081 4671 et
3130 4628 3386 4688 quantum
3439 4621 3509 4673 ad
3560 4631 3767 4687 actum,

2179 4719 2403 4776 utraque
2441 4717 2640 4760 a’terna
2665 4718 2767 4762 est.
2795 4694 2978 4779 Neque
3005 4711 3145 4764 enim
3167 4713 3405 4767 essentia:
3431 4729 3614 4768 earum
3635 4731 3768 4782 pars

2179 4803 2283 4854 alia
2305 4801 2579 4870 progenita
2612 4811 2710 4865 est,
2744 4801 2854 4855 alia
2885 4803 3242 4873 progignitur,
3267 4806 3376 4858 alia
3400 4807 3765 4876 progignetur,

2179 4908 2344 4962 neque
2375 4894 2429 4946 in
2463 4909 2647 4946 earum
2677 4904 2800 4947 actu
2831 4896 3121 4965 quidquam
3147 4897 3347 4966 deficit,
3403 4914 3580 4952 verum
3611 4911 3768 4963 utra-

2144 4979 2148 4982 ’
2176 5004 2274 5056 que
2291 4989 2480 5042 harum
2499 4999 2546 5043 et
2577 4992 2804 5045 essentia
2835 5001 2881 5045 et
2901 5002 3023 5045 actu
3046 4993 3298 5061 perfecta.
3329 4993 3763 5064 Progressionem

2176 5081 2354 5149 itaque
2400 5097 2493 5151 per
2539 5083 2944 5136 similitudinem
2995 5093 3044 5137 et
3092 5085 3585 5140 dissimilitudinem
3642 5086 3772 5155 fieri

2175 5187 2382 5225 necesse
2409 5181 2506 5226 est.
2537 5173 2678 5238 Quid
2701 5175 2901 5242 igitur?
2925 5175 3075 5228 Abeo
3093 5176 3232 5245 quod
3253 5184 3540 5230 secundum
3561 5187 3768 5230 utram-

2174 5281 2274 5334 que
2304 5267 2565 5319 rationem
2599 5280 2854 5321 (sternunt
2891 5276 2990 5328 est,
3014 5268 3110 5320 hoc
3139 5276 3238 5331 est,
3272 5269 3764 5322 secundumessen—

2173 5360 2306 5412 tiam
2333 5369 2380 5412 ει
2417 5368 2619 5424 actum,
2665 5360 2735 5412 ad
2765 5360 2820 5412 id
2864 5361 3004 5430 quod
3033 5369 3221 5413 neutra
3264 5362 3468 5415 ratione
3499 5372 3764 5417 attentum

2171 5461 2270 5515 est,
2297 5452 2664 5519 proficiscetur
2698 5455 2894 5518 oratio,
2916 5453 2986 5507 ad
3017 5452 3368 5518 idvidelicet,
3414 5457 3554 5524 quod
3601 5471 3763 5508 crea-

2172 5553 2285 5596 tum
2337 5553 2437 5612 est,
2478 5556 2526 5598 et
2560 5545 2767 5614 fluxum
2819 5556 2867 5598 et
2915 5547 3194 5613 caducum,
3235 5550 3530 5616 cujusmodi
3577 5561 3762 5602 nostra

2171 5635 2445 5690 individua
2467 5649 2610 5690 sunt.
2645 5635 2757 5690 Nos
2783 5636 2918 5691 enim
2951 5654 3042 5692 nec
3064 5649 3316 5694 ceteruam
3354 5644 3634 5694 essentiam
3660 5642 3766 5692 Ita-

2171 5731 2373 5797 bcmus,
2403 5746 2492 5786 nec
2519 5742 2693 5786 actum
2712 5733 3075 5802 particulatim
3111 5751 3382 5803 augemus.
3429 5734 3615 5792 Verum
3644 5734 3762 5787 alia
