4116 6420
399 354 532 421 1321

1353 350 1676 412 NiCETAS
1724 350 1804 412 IN
1846 350 2072 411 ORAT.
2116 348 2283 410 XLII
2325 348 2388 409 S.
2428 346 2663 410 GREG.

3541 347 3679 415 1322

385 474 595 545 quit'em
633 486 767 523 nunc
796 468 1021 524 l'acimus
1090 468 1200 524 alia
1235 469 1560 537 jampridem
1600 468 1890 537 e/fecimus;
1921 484 1982 521 ac
2012 473 2062 532 Α
2088 483 2214 523 cum
2273 466 2444 523 Deum
2479 466 2626 533 dico,
2658 464 2900 534 Patrem,
2957 476 3010 523 et
3043 466 3265 536 Filium,
3317 478 3372 525 et
3405 468 3673 540 Spiritum

384 574 649 635 postremo
683 561 751 615 ad
785 562 891 615 alia
924 576 1106 615 rursus
1152 560 1399 631 facienda
1431 577 1822 629 praeparantur.
1854 558 1982 643 ,νιξ-

385 674 502 712 rum
528 657 581 710 id
617 656 746 709 ordo
770 672 872 709 non
911 664 1011 722 est,
1047 671 1139 709 nec
1189 656 1483 726 progressio
1524 670 1616 723 per
1662 653 1983 708 similitudi-

388 764 506 801 nem
528 746 833 800 decurrens.
864 744 1092 800 Proinde
1115 746 1251 800 inter
1288 761 1349 798 ea
1394 761 1512 815 qua:
1540 744 1753 800 omnino
1783 757 1982 800 teterna

385 849 533 905 sunt,
573 849 622 894 et
650 857 713 894 ea
735 856 852 911 qute
881 842 1209 908 corruptioni
1235 856 1458 910 prorsus
1490 840 1739 905 obnoxia,
1757 851 1981 894 naturas

383 931 651 1002 quasdam
708 932 1012 1000 interjcctas
1051 947 1164 986 esse
1194 947 1401 986 necesse
1431 940 1530 995 est,
1568 947 1683 1000 quae
1727 942 1979 984 naturam

391 1025 604 1096 quidem
631 1034 886 1080 aeternam
920 1023 1170 1090 habeant,
1196 1034 1444 1079 ctcterum
1467 1018 1752 1079 secundum
1781 1033 1982 1095 tempus

385 1125 572 1187 agant.
605 1115 777 1187 Atque
806 1116 876 1169 ad
914 1117 1047 1169 hunc
1066 1116 1282 1169 modum
1326 1125 1570 1186 provecta
1598 1115 1978 1186 disputatione,

388 1207 446 1260 in
476 1206 643 1261 medio
670 1204 853 1260 ordine
873 1205 1084 1274 ctelum,
1115 1216 1383 1277 totumque
1412 1206 1696 1262 tethereum
1732 1217 1983 1262 ornatum

384 1298 587 1359 locant,
622 1313 778 1367 quem
799 1298 999 1352 scilicet
1033 1308 1289 1369 quantum
1313 1299 1384 1353 ad
1409 1300 1695 1353 essentiam
1726 1309 1982 1355 aeternum

384 1405 501 1445 esse
527 1400 794 1451 asserunt,
827 1390 967 1460 quod
1001 1392 1308 1445 universum
1335 1390 1636 1459 complexus
1660 1392 1982 1446 immortalis

383 1493 651 1538 maneat:
697 1494 949 1539 ceterum
994 1485 1343 1540 aeternitatem
1390 1495 1648 1556 quantum
1695 1486 1765 1537 ad
1805 1495 1983 1539 actum

383 1572 799 1645 haudquaquam
833 1573 917 1629 illi
956 1575 1222 1631 tribuunt.
1250 1575 1435 1635 Neque
1455 1578 1594 1632 enim
1631 1585 1799 1631 totum
1828 1592 1984 1630 suum

384 1675 589 1719 motum
639 1682 816 1721 serunt
862 1666 1028 1721 simul
1059 1667 1294 1738 collegit,
1333 1668 1423 1722 sed
1457 1684 1550 1738 per
1590 1684 1743 1723 omne
1777 1680 1981 1734 tempus

383 1755 547 1809 simul
581 1755 892 1810 movebitur.
918 1755 1089 1825 Atque
1114 1756 1193 1811 ita
1216 1756 1280 1810 de
1310 1755 1509 1812 teterno
1529 1755 1824 1824 philosophi
1860 1772 1980 1826 pro-

384 1844 501 1915 fani
550 1845 936 1900 disseruerunt.
983 1846 1053 1901 At
1084 1862 1308 1918 magnus
1354 1844 1640 1917 Gregorius
1686 1846 1799 1900 hare
1845 1845 1982 1909 relu;

382 1936 633 2006 fabulosa
679 1938 845 1993 missa
884 1937 1109 2008 faciens,
1140 1947 1488 2008 posteaquam
1528 1937 1691 1992 semel
1722 1952 1788 1991 ea:
1821 1953 1980 1991 sacra

382 2026 667 2098 Scriptura
705 2030 896 2084 didicit
928 2030 1068 2100 fore,
1100 2039 1166 2084 ut-
1183 2039 1233 2084 et
1262 2029 1433 2084 stella:
1470 2030 1686 2095 cadant,
1718 2039 1768 2083 et
1797 2030 1982 2083 caelum

382 2122 537 2191 quasi
570 2122 877 2191 vertiginem
923 2122 1193 2193 patiatur,
1250 2123 1303 2177 in
1357 2123 1597 2176 oratione
1638 2121 1871 2192 quadam
1898 2121 1981 2175 his

387 2211 556 2267 verbis
620 2214 794 2267 utitur
830 2229 850 2269 :
889 2214 1194 2269 Anarchum
1260 2214 1318 2268 id
1371 2226 1470 2278 est,
1520 2214 1660 2279 quod
1709 2212 1981 2282 antiquius

381 2303 701 2374 principium
721 2321 1052 2377 nequaquam
1080 2306 1332 2362 sortitum
1360 2320 1472 2373 est;
1503 2316 1758 2362 internum
1781 2316 1981 2372 autent,

383 2395 526 2466 quod
560 2414 593 2452 a
628 2414 793 2453 causa
824 2415 1160 2471 progressum
1186 2401 1295 2470 ﬁne
1320 2398 1739 2471 haudquaquam
1768 2403 1981 2454 conclu-

382 2486 554 2545 ditur.
588 2488 727 2544 Hinc
766 2500 973 2546 constat
1002 2491 1057 2545 id
1094 2491 1234 2562 quod
1259 2491 1556 2547 anarchum
1591 2501 1692 2557 est,
1724 2503 1979 2547 aeternum

382 2580 549 2634 etiam
589 2596 744 2647 esse;
779 2585 919 2651 quod
957 2584 1098 2637 enim
1120 2600 1155 2637 a
1187 2599 1352 2638 causa
1405 2584 1701 2654 profectum
1731 2601 1833 2639 non
1877 2596 1977 2648 est,

385 2685 489 2742 quo
507 2673 718 2728 tandem
739 2674 892 2729 modo
926 2676 1116 2740 emori,
1153 2683 1244 2729 aut
1267 2678 1483 2730 omnino
1505 2676 1722 2730 interire
1745 2677 1981 2745 poterit?

386 2758 536 2815 Ναηι
572 2763 712 2833 quod
750 2765 952 2831 interit,
986 2765 1083 2820 hoc
1108 2767 1354 2821 interitus
1381 2782 1602 2821 causam
1643 2766 1820 2834 habet,
1841 2769 1987 2838 quod

385 2871 421 2927 ᾳ
449 2855 628 2911 causis
665 2858 938 2925 abscedat,
980 2860 1432 2930 quemadmodum
1490 2859 1629 2931 quod
1682 2860 1748 2915 ab
1809 2860 1977 2915 altero

384 2955 647 3015 movetur,
673 2950 866 3004 moveri
895 2959 1086 3005 cessat.
1113 2949 1378 3016 Quonam,
1410 2951 1646 3021 inquam,
1672 2953 1827 3007 modo
1839 2952 1978 3023 quod

386 3053 555 3093 causa
585 3052 754 3106 caret,
796 3043 1014 3096 interire
1042 3043 1237 3108 poterit
1262 3043 1289 3096 2’
1322 3040 1437 3097 Nec
1465 3043 1606 3097 enim
1632 3044 1858 3112 seipsum
1882 3045 1977 3098 de-

386 3143 550 3201 seret,
598 3135 753 3189 utsic
787 3151 821 3189 a
850 3136 1023 3205 seipse
1072 3137 1372 3203 abscedens,
1409 3136 1631 3191 exitium
1675 3137 1776 3192 sibi
1819 3147 1978 3209 atque

387 3228 667 3282 interitum
712 3239 970 3284 accersat.
1024 3229 1288 3295 Quocirca
1323 3231 1462 3300 quod
1495 3232 1760 3300 principio
1806 3241 1978 3297 caret,

387 3319 572 3388 procul
598 3319 759 3373 dubio
780 3329 1035 3375 teternum
1062 3336 1268 3392 quoque
1293 3330 1393 3376 est.
1425 3322 1490 3378 At
1524 3339 1629 3377 non
1656 3339 1684 3377 e
1710 3338 1980 3391 conrerso,

385 3411 527 3481 quod
571 3420 828 3466 aeternum
885 3422 989 3475 est,
1042 3414 1181 3468 idem
1239 3429 1443 3485 quoque
1497 3415 1761 3484 principio
1808 3427 1978 3473 vacat.

385 3502 584 3558 Anima
608 3507 750 3558 enim
778 3514 826 3559 et
860 3520 1004 3560 mens
1039 3516 1250 3560 aeterna:
1282 3513 1442 3569 sunt,
1472 3507 1601 3576 quia
1626 3507 1980 3575 immortales,

389 3613 484 3652 nec
497 3608 672 3653 tamen
696 3599 951 3670 principii
968 3608 1227 3668 expertes.
1250 3597 1447 3653 Omnia
1468 3602 1728 3670 siquidem
1752 3618 1784 3655 a
1806 3602 1983 3666 prima

387 3702 553 3742 causa
579 3697 701 3742 οτια
743 3697 891 3743 “illi.
930 3687 1057 3742 lam
1107 3702 1226 3742 vero
1280 3698 1537 3742 reternum
1593 3698 1642 3742 et
1680 3688 1984 3744 immortale

386 3764 497 3831 hac
522 3777 723 3832 ratione
741 3777 1019 3847 cli/ferunt,
1069 3776 1209 3847 quod
1231 3777 1420 3832 wterni
1453 3792 1641 3831 nomen
1677 3777 1981 3848 generalius

387 3873 481 3935 sit,
513 3870 832 3925 immortalis
868 3879 1046 3925 autem
1091 3868 1401 3939 specialius.
1447 3866 1592 3923 Nunt
1617 3867 1779 3939 juxta
1808 3870 1979 3939 genti-

388 3965 522 4020 lium
588 3962 1022 4035 philosophorum
1081 3962 1423 4025 sententiam,
1478 3961 1543 4016 de
1585 3961 1982 4032 quibuscunque

389 4056 692 4111 immortale
722 4056 1068 4126 prwdicatur,
1116 4055 1182 4109 de
1230 4054 1419 4109 iisdem
1448 4070 1654 4124 quoque
1676 4065 1929 4109 aeternum
1962 4068 1981 4106 :

392 4159 449 4204 at
475 4166 590 4230 non.
617 4164 801 4203 contra
826 4149 1070 4202 omnibus
1093 4147 1304 4202 teternis
1325 4148 1628 4200 immortale
1656 4162 1860 4217 quoque
1882 4146 1980 4200 ad-

384 4243 655 4318 iungitur.
693 4239 1036 4297 [inmortalia
1068 4240 1229 4307 enim,
1280 4239 1549 4308 inquiunt,
1596 4252 1660 4293 ea
1708 4238 1981 4303 dicuntur,

389 4352 510 4407 qua:
536 4337 696 4390 vitam
722 4334 935 4398 habent,
972 4331 1272 4401 cujusmodi
1307 4340 1531 4385 mentem
1563 4340 1720 4400 atque
1743 4329 1982 4383 animam

391 4445 506 4485 esse
532 4428 794 4495 diximus,
825 4442 888 4480 ac
929 4435 1153 4479 naturas
1187 4432 1305 4494 post
1359 4421 1526 4477 Deum
1581 4423 1875 4492 proximas.
1912 4423 1983 4475 At

392 4521 724 4575 cumcwlum
752 4519 857 4588 [ine
886 4532 1070 4572 curere
1103 4516 1309 4580 dicunt,
1348 4531 1450 4569 non
1482 4514 1844 4568 immortalem
1896 4513 1982 4565 illi

390 4623 644 4668 naturam
671 4611 932 4676 tribuunt,
966 4609 1057 4664 sed
1086 4619 1362 4663 a'ternam.
1396 4608 1536 4662 Mors
1569 4609 1710 4660 enim
1751 4607 1871 4661 vita:
1905 4615 1981 4660 est

391 4704 642 4773 privatio.
692 4702 824 4769 Quae
853 4710 1030 4754 autem
1063 4701 1170 4754 vita
1193 4714 1525 4768 nequaquam
1570 4699 1799 4765 prazdt’ta
1834 4707 1978 4763 sunt,

392 4798 654 4869 quomodo
677 4797 967 4848 morientur
993 4793 1019 4847 ν
1071 4791 1262 4847 Verum
1284 4791 1449 4858 juxta
1482 4801 1742 4846 nostrates
1780 4792 1981 4845 theolo-

394 4906 487 4959 gos
528 4905 692 4943 unum
737 4887 978 4955 idemque
1008 4893 1085 4939 est
1114 4893 1371 4939 internum
1399 4892 1449 4936 et
1475 4883 1795 4936 immortale.

462 4980 582 5037 Col.
615 4979 718 5034 627
748 4979 811 5034 (ἑ.
842 4980 1010 5047 Atque
1034 4976 1144 5031 hate
1168 4974 1318 5031 nobis
1354 4975 1406 5028 in
1436 4974 1721 5042 praesentia
1751 4977 1813 5027 tle
1843 4972 1977 5038 Deo,

389 5081 501 5125 etc.
539 5070 662 5135 llic,
688 5069 890 5138 inquit,
917 5071 1095 5123 oratio
1127 5066 1196 5121 de
1222 5063 1334 5120 Deo
1361 5065 1521 5119 linem
1553 5064 1768 5119 habeat.
1792 5062 1980 5132 Neque

390 5164 538 5218 enim
567 5164 634 5217 de
659 5163 769 5216 Deo
799 5170 1038 5216 tractare
1077 5159 1465 5229 proposuimus
1507 5175 1522 5211 :
1559 5157 1653 5213 sed
1697 5157 1764 5212 de
1799 5156 1980 5210 incar-

392 5257 632 5311 nationis
651 5255 884 5309 consilio
909 5263 964 5307 et
985 5253 1290 5307 meonomia
1314 5250 1611 5305 disserere.
1641 5248 1979 5305 (liconomia

390 5359 597 5411 autem,
668 5362 796 5403 cum
859 5348 924 5401 de
963 5345 1276 5400 hominibus
1332 5343 1532 5413 agitur,
1590 5352 1675 5398 est
1725 5342 1979 5397 tractatio

392 5452 557 5511 atque
604 5440 1007 5507 administratio
1054 5453 1259 5503 rerum,
1310 5435 1564 5492 utilitatis
1614 5452 1840 5506 scopum
1875 5435 1980 5491 sibi

389 5547 707 5603 proponens
739 5551 750 5584 :
793 5546 917 5585 cum
948 5542 1129 5586 autem
1159 5528 1228 5583 de
1253 5527 1365 5583 Dco
1390 5542 1573 5582 sermo
1615 5526 1870 5592 habetur,
1893 5534 1979 5580 est

386 5626 698 5682 voluntaria
749 5624 1142 5694 magnitudinis
1191 5623 1424 5693 propria:
1473 5620 1759 5676 demissio.
1808 5619 1980 5677 Porro

465 5786 508 5818 "
539 5786 641 5843 lsa.
674 5802 749 5850 \‘l,
784 5786 839 5841 2.

688 5918 693 5922 -
754 5882 1033 5944 Ρινιίιοι.
1075 5881 1196 5944 Gn.
1240 5879 1561 5943 CXXVII.

2093 568 2344 621 sanctum
2384 561 2532 617 dico.
2571 558 2841 616 Divinitas
2868 559 3016 615 enim
3050 560 3105 615 in
3147 561 3235 618 his
3263 561 3442 618 tribus
3493 578 3681 632 perso-

2089 653 2177 710 nis
2222 662 2325 720 est,
2376 667 2479 709 nec
2513 652 2599 708 vel
2647 667 2814 724 supra
2845 653 2963 709 hac
3000 655 3331 721 extenditur,
3369 672 3438 711 ne
3482 658 3681 713 multos

2088 746 2221 803 deos
2248 745 2597 801 ethnicorum
2632 760 2785 800 more
2814 746 3254 812 introducanius,
3276 763 3377 804 nec
3401 748 3544 805 inl'ra
3568 761 3679 806 tres

2089 852 2360 909 personas
2392 837 2764 903 contrahitur,
2798 854 2867 892 ne
2906 838 3211 894 divinitatis
3243 840 3427 910 inopia
3480 842 3678 911 degra-

2087 945 2306 996 vemur,
2340 946 2505 985 unam
2539 940 2749 986 tantum
2782 930 2836 985 in
2868 930 2982 987 Dco
3032 947 3327 1003 personam
3370 949 3646 1004 agnoseen

2092 1032 2193 1087 tes,
2225 1023 2690 1101 quemadmodum
2726 1023 2919 1080 Judaei.
2950 1023 3275 1095 Quanquam
3315 1026 3464 1085 enim
3497 1027 3678 1096 genti-

2089 1115 2250 1171 lismo
2281 1129 2379 1171 seu
2415 1117 2736 1186 paganismo
2772 1116 3083 1188 judaistuus
3113 1118 3425 1188 opponitur,
3475 1129 3530 1173 at
3560 1134 3679 1174 ma-

2087 1210 2200 1264 lum
2238 1220 2418 1266 tamen
2450 1210 2504 1267 in
2532 1219 2768 1282 utroque
2811 1211 3107 1281 reperitur.
3145 1210 3504 1269 Gentilismus
3528 1214 3675 1268 enim

2091 1311 2313 1371 propter
2347 1301 2578 1358 deorum
2611 1288 3016 1358 multitudinem
3052 1303 3299 1360 excessui
3340 1304 3535 1361 similis
3555 1320 3678 1362 esse

2087 1393 2349 1461 videtur;
2406 1394 2717 1464 judaismus
2767 1404 2952 1452 autem
3011 1397 3275 1466 defectui,
3331 1407 3517 1470 utpote
3567 1415 3676 1454 una

2089 1499 2322 1555 persona
2341 1487 2682 1545 divinitatem
2703 1490 3194 1549 circumscribens.
3211 1490 3487 1549 Excessus
3513 1508 3678 1564 porro

2090 1586 2147 1632 et
2178 1577 2447 1646 defectus,
2486 1582 2706 1638 tametsi
2737 1584 2881 1638 inter
2909 1597 2971 1639 se
2999 1583 3260 1639 contrarii
3286 1583 3419 1650 sint,
3447 1593 3678 1656 uterque

2090 1677 2270 1724 tamen
2314 1672 2367 1726 in
2399 1672 2530 1728 vitio
2559 1681 2665 1730 est.
2696 1672 2768 1730 At
2800 1675 2976 1731 virtus
3006 1685 3090 1732 est
3129 1675 3502 1743 mediocritas,
3530 1679 3584 1732 in
3608 1692 3676 1732 eo

2091 1760 2292 1828 posita,
2327 1770 2389 1816 ut
2417 1771 2662 1817 sam-tam
2695 1761 3015 1819 Trinitatem
3086 1765 3381 1822 credamus
3439 1781 3505 1822 ac
3549 1781 3677 1823 eon-

2015 1837 2061 1897 B
2091 1850 2363 1918 ﬁtcamur,
2401 1863 2583 1924 atque,
2626 1863 2740 1910 tum
2769 1855 3054 1913 Judaicam
3088 1858 3255 1913 unius
3291 1873 3541 1929 personas
3587 1873 3679 1914 as-

2088 1945 2388 2000 sertionem
2420 1945 2696 2017 fugiamus
2726 1949 2799 2020 (id
2831 1949 2977 2004 enim
3008 1949 3255 2007 defectus
3292 1961 3400 2019 est,
3433 1959 3484 2007 et
3537 1951 3676 2007 divi-

2086 2038 2274 2093 nitatis
2300 2040 2530 2111 inopia),
2561 2050 2676 2095 tum
2708 2041 2959 2113 gentilem
2991 2042 3220 2099 deorum
3245 2043 3672 2112 multitudinem,

2088 2145 2211 2201 qua:
2247 2132 2469 2200 quidem
2510 2147 2771 2190 excessus
2804 2142 2970 2205 atque
3001 2135 3373 2191 exuberantia:
3403 2135 3671 2191 rationem

2088 2223 2271 2279 habet.
2306 2223 2403 2280 His
2440 2233 2623 2282 autem
2652 2227 2836 2285 verbis
2861 2236 2916 2284 et
2944 2228 3063 2282 Arii
3117 2228 3466 2297 divisionem,
3496 2240 3551 2286 et
3575 2229 3675 2285 Sa-

2089 2316 2236 2373 bellii
2253 2317 2746 2373 contradictionem
2766 2318 2982 2376 evertit.
3008 2315 3219 2375 Etenim
3271 2318 3388 2374 Arii
3425 2318 3673 2376 doctrina

2055 2447 2060 2453 .
2088 2421 2198 2462 non
2250 2406 2541 2465 dissimilis
2569 2416 2654 2465 est
2687 2409 3022 2480 gentilismo,
3065 2419 3351 2481 propterea
3383 2414 3528 2481 quod
3559 2425 3677 2465 ma-

2081 2498 2260 2568 jorem
2311 2498 2555 2567 Patrem,
2580 2508 2635 2556 et
2671 2500 2939 2557 minorem
2976 2500 3194 2567 Filium,
3230 2510 3395 2573 atque
3415 2516 3481 2556 eo
3511 2501 3674 2557 etiam

2087 2610 2286 2650 rursus
2334 2594 2650 2651 inferiorem
2691 2593 2954 2667 Spiritum
3005 2604 3257 2650 sanctum
3310 2604 3541 2652 astwat.
3574 2596 3677 2650 Sa-

2081 2681 2229 2738 bellii
2262 2691 2444 2739 autem
2494 2683 2684 2752 opinio
2724 2682 2987 2754 judaismi
3045 2683 3463 2739 similitudinem
3511 2686 3674 2755 gerit,
3739 2709 3742 2713 ~

2081 2773 2344 2844 quoniam
2362 2789 2523 2829 unam
2546 2780 2762 2829 tantum
2790 2774 2845 2830 in
2863 2774 2974 2831 Deo
2985 2789 3277 2845 personam
3303 2791 3426 2831 esse
3441 2778 3661 2841 asserit,

2082 2878 2148 2920 ac
2171 2873 2282 2920 tres
2312 2878 2579 2935 personas
2611 2863 2924 2920 confundit.

2151 2955 2272 3013 Coi.
2307 2955 2415 3014 650
2443 2958 2508 3012 Α.
2549 2955 2641 3012 Sic
2664 2958 2914 3011 nimirum
2947 2955 3150 3013 Sancta
3198 2964 3530 3022 sanctorum,
3565 2966 3674 3013 etc.

2080 3049 2195 3115 Sic,
2229 3047 2429 3118 inquit,
2462 3046 2745 3119 proﬂigata
2769 3046 2995 3118 judaica
3033 3047 3197 3103 unius
3222 3063 3469 3118 personae
3490 3064 3673 3105 asser-

2087 3140 2259 3207 tione,
2307 3148 2472 3210 atque
2496 3138 2715 3195 etlmica
2738 3139 2968 3194 deorum
2999 3137 3366 3206 multitudine,
3398 3154 3674 3196 veneran-

2006 3214 2051 3275 ε
2083 3236 2168 3289 dae
2197 3232 2447 3290 essentia:
2474 3246 2722 3302 personae
2752 3231 3199 3296 introducuntur,
3230 3246 3349 3302 qua:
3370 3247 3467 3303 per
3494 3234 3673 3289 excelv

2084 3324 2308 3382 lentiam
2330 3333 2429 3380 aut
2456 3323 2892 3395 complexionem
2928 3325 3127 3379 Sancta
3145 3333 3459 3380 sanctorum
3491 3327 3677 3397 appel-

2087 3419 2291 3484 lantur,
2324 3417 2409 3473 vel
2440 3417 2622 3488 potius
2642 3416 2773 3488 quia
2804 3416 3094 3472 oculorum
3120 3429 3401 3487 aspectum
3437 3418 3674 3490 fugiunt.

2084 3507 2562 3575 Quemadmodum
2613 3504 2760 3562 enim
2796 3505 2852 3560 in
2888 3506 3061 3562 veteri
3112 3506 3487 3574 tabernaculo,
3529 3507 3677 3579 quod

2083 3599 2280 3655 ﬁxerat
2310 3598 2509 3664 Moses,
2537 3600 2767 3655 interior
2795 3614 2922 3669 pars
2943 3598 3107 3673 illius,
3138 3614 3303 3670 quam
3328 3597 3526 3656 Sancta
3543 3616 3678 3658 san-

2085 3701 2301 3747 ctorum
2328 3690 2626 3755 vocabant,
2648 3690 2765 3746 velo
2791 3690 3074 3761 tegebatur
3102 3685 3128 3744 εἰ
3138 3698 3267 3762 tque
3288 3693 3635 3763 operiebatur
3657 3714 3672 3749 :

2085 3782 2167 3838 sic
2196 3783 2363 3839 etiam
2398 3791 2510 3838 tres
2534 3783 2700 3837 unius
2728 3780 3033 3837 divinitatis
3066 3798 3311 3847 personae
3346 3785 3558 3853 fulgore
3582 3784 3675 3839 illo

2084 3876 2394 3948 splendoris
2415 3892 2482 3932 ex
2502 3876 2634 3947 ipsis
2655 3876 2968 3943 exsiliente,
2993 3877 3148 3948 quasi
3181 3877 3418 3932 obducto
3431 3878 3670 3948 quodam

2083 3970 2204 4023 velo
2253 3970 2600 4038 operiuntur,
2655 3982 2721 4023 ac
2751 3982 2821 4024 ne
2864 3968 2935 4024 ab
2964 3967 3097 4038 ipsis
3130 3967 3349 4038 quidem
3384 3966 3670 4038 Seraphim

2083 4078 2245 4119 senas
2280 4063 2397 4118 alas
2437 4062 2765 4117 habentibus
2797 4061 3035 4131 spectari
3063 4066 3291 4131 queunt.
3339 4061 3562 4127 Verum,
3611 4072 3673 4116 ut

2084 4154 2481 4227 grandiloquus
2512 4152 2683 4209 Isaias
2705 4152 2780 4207 ait
2795 4151 2862 4220 ⁸⁸,
2897 4152 3111 4208 duabus
3136 4153 3357 4223 quidem
3387 4153 3488 4208 alis
3504 4152 3671 4209 facies

2082 4264 2267 4304 earum
2296 4247 2584 4318 obtegunt,
2624 4244 2839 4302 duabus
2875 4255 3056 4301 autem
3091 4245 3275 4316 pedes,
3314 4246 3539 4317 reliquis
3573 4247 3671 4302 de-

2084 4343 2252 4412 nique
2279 4341 2496 4397 duabus
2529 4341 2716 4395 volant
2746 4354 2810 4395 ac
2838 4340 3107 4404 clamant,
3135 4338 3393 4407 Sanctus,
3429 4352 3668 4406 sanctus,

2082 4441 2302 4487 sanctus
2343 4429 2624 4496 Dominus,
2677 4429 2876 4499 triplici
2927 4429 3366 4486 sanctiﬁcatione
3417 4430 3471 4484 in
3506 4446 3671 4486 unam

2017 4561 2060 4615 υ
2088 4524 2517 4595 dominationem
2564 4531 2796 4578 coeunte
2827 4531 3075 4577 sanctam
3105 4519 3427 4577 Trinitatem
3461 4524 3670 4577 collau»

2089 4621 2306 4675 dantes.
2362 4617 2439 4672 Ex
2470 4632 2538 4672 eo
2569 4618 2770 4672 etenim
2824 4616 2970 4687 quod
3029 4615 3187 4670 tertio
3249 4630 3434 4681 vocem
3498 4616 3670 4679 illam,

2088 4708 2338 4776 Sanctus,
2385 4717 2661 4780 repetunt,
2713 4718 2824 4765 tres
2865 4721 3131 4778 personas
3176 4706 3442 4763 indicant.
3499 4705 3576 4760 Ex
3604 4721 3672 4761 eo

2084 4814 2267 4859 autem
2291 4803 2436 4872 quod
2469 4801 2638 4856 semel
2668 4800 2939 4855 duntaxat
2968 4798 3181 4852 Domini
3215 4813 3402 4854 vocem
3437 4799 3672 4867 subjun-

2084 4898 2242 4961 guut,
2291 4903 2456 4943 unam
2481 4889 2822 4942 divinitatem
2852 4887 3136 4942 declarant
3157 4903 3177 4945 ι
3201 4888 3668 4959 quemadmodum

2081 4990 2137 5036 et
2176 4995 2407 5052 titagnus
2428 4980 2762 5035 Athanasius
2784 4979 2996 5034 docuit.

2154 5073 2289 5128 Ibid.
2342 5071 2607 5138 Quoniam
2635 5081 2813 5125 autem
2844 5070 3071 5126 bonitati
3099 5072 3313 5127 minime
3342 5074 3499 5136 satis,
3550 5084 3658 5129 ctc.
3732 5060 3739 5067 ’

2079 5165 2214 5220 Cum
2241 5166 2317 5221 ait
2346 5164 2655 5236 Theologus
2699 5182 2714 5219 :
2750 5162 2870 5220 Non
2898 5165 3035 5222 satis
3074 5175 3212 5233 erat,
3248 5169 3341 5223 sed
3365 5171 3669 5239 oportebat,

2084 5274 2192 5312 non
2222 5272 2288 5313 eo
2322 5273 2486 5313 sensu
2520 5257 2623 5312 hoc
2651 5256 2813 5320 dixit,
2850 5259 2993 5325 quod
3018 5259 3126 5314 ulla
3151 5275 3210 5314 re
3236 5259 3383 5315 Deus
3408 5262 3668 5330 indigeat,

2089 5362 2276 5403 verum
2306 5360 2364 5402 ut
2387 5350 2779 5404 exuberantem
2818 5351 2911 5404 Dei
2937 5351 3328 5422 benignitatem
3377 5354 3446 5407 ob
3479 5353 3668 5406 oculos

2085 5449 2270 5508 pomil,
2300 5454 2365 5495 ac
2382 5441 2793 5496 beneﬁcentiam
2825 5445 2981 5513 quasi
3001 5446 3366 5501 necessariam
3390 5449 3665 5508 Oslt‘lltial,

2085 5527 2289 5584 Movcri
2326 5541 2510 5584 autem
2548 5530 2717 5585 Deum
2755 5534 2893 5588 dixit
2922 5550 3028 5588 non
3057 5534 3401 5605 simpliciter,
3441 5533 3531 5588 sed
3568 5549 3665 5588 sua

2084 5621 2257 5691 ipsius
2285 5625 2770 5694 contemplatione.
2805 5625 2910 5681 Sex
2942 5627 3084 5681 enim
3124 5629 3297 5681 modis
3319 5628 3521 5697 aliquid
3554 5643 3665 5678 me.

3271 5878 3349 5940 42
