4116 6412
433 365 570 430 1323

1850 357 2235 420 ADDENDA.

3560 358 3700 423 1321

432 487 723 546 vt-tur,per
739 471 2004 546 generationem,corruptionem.augmentum,
2037 475 2082 531 Α
2112 485 2233 525 rum
2266 480 2319 526 ut
2346 487 2441 527 eos
2497 473 2677 543 potius
2713 489 2856 544 :egre
2897 475 3125 530 mobiles
3160 474 3358 548 dicam,
3393 472 3525 527 tnihi
3579 490 3705 543 per-

430 572 860 629 det-renuentum,
882 564 1256 618 alterationem
1294 569 1346 615 ct
1375 560 1603 613 localem
1633 558 2011 612 mutationem.

434 661 595 730 Atqui
640 661 779 712 Deus
808 671 908 710 nec
947 653 1216 715 nascitur,
1244 667 1368 707 cum
1393 650 1763 720 sempiternus
1792 651 1883 712 sit,
1916 662 2014 703 nec

433 755 654 817 occidit,
714 758 902 820 utpote
956 754 1230 812 atcrnus;
1287 758 1387 799 nec
1443 751 1695 813 augetur.
1736 741 2015 812 perfectus

430 848 576 900 enim
618 851 735 908 est;
761 855 860 895 nec
889 837 1178 903 decrescit,
1211 845 1296 892 est
1320 835 1463 889 enim
1492 832 1879 897 immutabilis;
1911 845 2013 886 nec

432 938 717 998 alter-ator,
750 930 1067 1001 qualitatem
1114 927 1257 983 enim
1296 942 1405 981 non
1435 925 1631 990 habet;
1691 939 1792 979 nec
1854 923 2013 977 Iocali

434 1027 598 1083 modo
625 1042 689 1082 ex
722 1025 832 1080 alio
855 1024 977 1078 loco
1015 1022 1068 1075 in
1108 1020 1274 1076 alium
1322 1018 1683 1088 commigrat;
1723 1032 1832 1087 quo
1867 1017 2014 1072 enim

433 1118 842 1188 commigraret,
875 1115 970 1186 qui
1004 1114 1188 1169 omnia
1226 1110 1453 1182 impleti
1482 1110 1686 1166 Motum
1717 1117 1896 1163 autem
1929 1108 2017 1163 hic

432 1210 745 1281 Tlieologus
761 1206 977 1262 vocavit
1014 1205 1108 1259 Dei
1134 1205 1188 1257 in
1231 1217 1354 1259 sese
1371 1202 1747 1258 collectionem
1772 1209 1828 1255 et
1858 1199 2016 1255 intel-

432 1302 733 1373 ligentiam,
786 1307 980 1369 praeter
1030 1310 1126 1350 eos
1163 1309 1256 1349 ses
1311 1292 1506 1347 modos
1552 1291 1754 1361 quibus
1810 1288 2016 1360 aliquid

434 1394 640 1449 tumori
685 1389 1009 1445 Aristoteles
1054 1386 1263 1442 docuit.
1315 1382 1633 1440 Merebatur
1669 1382 1814 1439 enim
1853 1382 2014 1445 Deus,

431 1502 527 1541 seu
560 1480 985 1554 pulchritudinis
1022 1478 1367 1549 splendorem
1421 1474 1778 1545 perspiciens.
1829 1471 2011 1527 Move-

430 1578 592 1631 batur
627 1583 811 1628 autem
833 1572 1051 1625 intuens
1081 1567 1273 1622 mundi
1302 1565 1687 1634 formas,quas
1714 1564 1767 1617 in
1804 1560 2018 1632 magnis

433 1670 552 1723 suis
588 1662 1009 1735 cogitationibus
1043 1675 1200 1715 mens
1227 1658 1417 1713 mundi
1471 1655 1788 1711 fabricatrix
1817 1653 2020 1709 consti-

433 1766 632 1812 tucrat.
660 1752 1020 1821 Posteaquam
1052 1758 1236 1803 autem
1265 1747 1443 1803 bonus
1472 1745 1560 1799 ille
1585 1760 1692 1798 non
1739 1743 1899 1800 satis.
1919 1744 2016 1796 ba-

430 1848 809 1916 buitseipsum
842 1840 1201 1911 contemplari
1234 1856 1249 1893 :
1285 1853 1476 1893 verum
1512 1836 1582 1890 ob
1607 1835 1868 1889 bonitatis
1884 1849 2019 1888 exu-
2045 1824 2093 1884 B

430 1936 735 1992 berantiam
774 1931 1035 2003 'quzcdant
1075 1944 1198 1986 esse
1227 1928 1420 1992 voluit,
1455 1940 1575 1996 qua:
1606 1924 1870 1981 beneﬁcio
1898 1923 2020 1979 alli-

435 2034 715 2093 cercntur,
770 2039 835 2080 ac
880 2023 1180 2078 bonitatem
1224 2020 1396 2090 ipsius
1444 2017 1837 2088 participarent
1888 2017 2018 2087 (hoc

432 2119 578 2174 enim
627 2115 899 2187 signiﬁcat
938 2115 989 2168 id
1020 2113 1167 2184 quod
1192 2113 1270 2168 ait
1304 2128 1319 2167 :
1349 2109 1582 2167 Diﬂondi
1625 2125 1688 2165 ac
1729 2108 2019 2180 propagari

432 2212 635 2267 bonum
677 2207 987 2278 oportebat,
1018 2206 1071 2261 id
1111 2212 1216 2270 est,
1250 2218 1419 2259 unum
1453 2202 1623 2258 Deum
1661 2216 1760 2272 pro
1804 2200 2019 2255 ratione

432 2319 648 2368 eorum,
693 2302 789 2371 qui
840 2300 1012 2369 ipsius
1060 2312 1290 2367 capaces
1339 2303 1545 2359 essent,
1601 2309 1700 2363 per
1749 2294 2017 2348 bonorum

432 2390 985 2452 communicationem
1056 2386 1453 2457 multiplicari),
1490 2384 1561 2440 ob
1609 2382 1749 2438 hanc
1795 2395 2019 2437 causam

432 2484 700 2542 mundum
733 2483 1051 2538 universum
1085 2479 1358 2549 producit,
1396 2492 1504 2533 non
1544 2476 1615 2531 ob
1639 2474 2020 2532 necessitatem

435 2581 697 2650 aliquam,
767 2586 828 2631 ut
869 2574 1117 2629 nonnulli
1153 2572 1516 2638 blaterarunt,
1566 2584 1755 2625 verum
1798 2578 2022 2639 propter

433 2686 703 2728 summam
747 2668 1065 2725 bonitatem.
1108 2667 1187 2721 Ac
1223 2665 1460 2736 primum
1512 2663 1737 2735 quidem
1788 2660 2017 2732 angelos

432 2776 487 2820 et
515 2763 764 2820 caelestes
809 2761 1037 2831 spiritus
1117 2758 1400 2829 cogitavit.
1453 2756 1820 2810 Conveniebat
1871 2755 2019 2809 enim

433 2856 825 2926 intelligibilem
896 2862 1141 2906 naturam
1191 2858 1317 2905 ante
1364 2849 1678 2905 seusibilem
1722 2848 2021 2918 procreari.

433 2956 610 3020 Atque
631 2947 885 3019 cogitatio
908 2946 997 3000 illa
1029 2958 1168 3013 opus
1193 2942 1427 3007 exstitit,
1452 2941 1912 3011 quemadmodum
1952 2941 2019 2994 ad

435 3044 606 3097 Deum
645 3039 832 3095 Jutlitb
860 3038 1078 3092 dicebat
1104 3052 1118 3089 :
1147 3034 1410 3105 Cogitaui
1439 3034 1608 3097 cuitu,
1637 3033 1837 3103 inquit,
1867 3045 2024 3099 atque

432 3133 609 3185 eodem
641 3139 897 3184 momento
924 3128 1017 3181 tibi
1042 3134 1235 3196 pra'sto
1273 3126 1484 3190 [uerunt
1519 3125 1717 3188 omnia,
1776 3138 2025 3193 quteruts-

435 3240 531 3291 que
563 3222 730 3291 fecisti
759 3221 827 3276 ".
881 3224 1065 3289 Atque
1123 3219 1193 3272 iu'
1239 3215 1470 3271 Psalmis
1521 3217 1794 3270 habetur:
1848 3214 2010 3270 Verbo

438 3316 651 3372 Domini
678 3314 793 3368 coeli
824 3312 1025 3381 ﬁrmati
1059 3318 1205 3374 sunt,
1241 3320 1287 3364 et
1315 3308 1506 3377 spiritu
1541 3310 1653 3364 oris
1679 3307 1792 3376 ejus
1841 3307 2010 3360 omnis

432 3406 602 3460 uirtus
651 3416 834 3457 eorum
864 3401 932 3455 ³⁵.
988 3399 1091 3453 Per
1135 3396 1373 3452 Verbum
1414 3398 1633 3466 quidem
1685 3411 1777 3450 seu
1814 3394 2010 3449 Filium

440 3495 533 3550 Dei
565 3492 742 3563 angeli
775 3490 942 3547 creati
991 3497 1121 3545 sunt
1154 3505 1170 3543 :
1207 3497 1466 3544 cteterum
1502 3502 1531 3539 a
1576 3485 1781 3556 Spiritu
1823 3494 2012 3540 sancto

437 3589 783 3643 sanctitatem
820 3590 1165 3653 acceperunt,
1219 3597 1285 3637 ac
1322 3581 1547 3651 perfecti
1587 3588 1735 3635 sunt.
1760 3583 1857 3635 ~Ac
1892 3596 2015 3649 pro-

439 3680 566 3734 inde
597 3687 835 3747 asancta
871 3674 1138 3730 Trinitate
1182 3674 1309 3729 facti
1356 3682 1504 3739 sunt,
1553 3672 1717 3729 Patre
1755 3675 2012 3726 nimirum

438 3769 734 3840 cogitante,
771 3767 911 3823 Filio
940 3767 1259 3830 lubricante,
1316 3780 1383 3820 ac
1432 3764 1638 3834 Spiritu
1682 3765 2015 3835 perlicicnte.

435 3862 611 3932 Atque
656 3862 722 3915 ad
756 3876 879 3914 eum
922 3859 1143 3915 modum
1209 3857 1530 3927 splendores
1576 3858 1802 3913 secundi
1845 3857 2014 3913 creati

443 3964 592 4018 sunt,
632 3962 896 4022 quantum
949 3950 1202 4005 \idelit'et
1237 3951 1306 4005 ad
1353 3948 1761 4020 prtelulgentetn
1792 3950 2016 4005 clarita-

443 4056 552 4100 tem
604 4045 775 4101 beatac
825 4042 1133 4106 Trinitatis,
1164 4057 1194 4097 a
1250 4056 1358 4111 qua
1415 4056 1511 4111 per
1544 4040 2018 4110 participationem

442 4135 853 4192 eollustrantur.
901 4130 1073 4187 Primi
1127 4132 1422 4202 splendoris
1466 4132 1789 4187 administri.
1834 4133 2018 4189 Prima

439 4228 583 4284 enim
623 4226 820 4296 fulgida
853 4233 1043 4281 natura
1076 4223 1221 4280 Deus
1245 4231 1344 4290 est,
1369 4224 1462 4293 qui
1502 4224 1722 4294 angelos
1751 4240 1819 4279 ex
1850 4224 2020 4279 nihilo

439 4321 714 4392 produxit,
752 4319 908 4391 juxta
937 4318 1224 4389 imaginem
1276 4334 1430 4374 suam
1467 4331 1562 4374 eos
1594 4332 1809 4383 creans,
1841 4316 2023 4371 incor-

440 4413 1231 4484 poream,inquam,natura:n,
1255 4412 1411 4481 quasi
1431 4410 1680 4480 spiritum
1705 4409 2020 4479 quemdam,

2119 563 2311 615 suadet
2347 561 2515 615 lsaias
2543 562 2733 617 dicens
2767 579 2781 616 :
2816 563 3090 629 Quomodo
3126 564 3390 617 redistide
3414 564 3568 625 rwlo,
3594 562 3706 615 Lu-

2118 652 2269 726 cifer,
2305 654 2394 722 qui
2434 668 2586 707 mane
2615 654 2872 708 oriebaris
2899 656 2990 709 “1
3039 653 3174 709 Nam
3224 671 3346 710 cum
3405 655 3493 709 ille
3520 658 3704 709 clarus

2117 746 2186 799 ab
2226 749 2470 800 onmium
2510 761 2693 800 rerum
2723 747 3017 803 Conditore
3047 757 3264 803 creatus
3289 760 3458 815 esset.
3487 762 3550 801 ac
3580 764 3705 816 pro-

2118 849 2237 907 pter
2262 839 2602 908 splendorem
2639 837 2857 895 Lucifer
2897 841 3294 915 nominaretur,
3344 849 3699 909 pasteaquam

2119 932 2381 986 adversus
2408 932 2599 1009 Deum,
2627 950 2655 987 a
2685 950 2792 1002 quo
2825 935 3082 989 conditus
3112 943 3250 1007 erat,
3306 932 3489 986 cllerri
3537 942 3702 1002 atque

2120 1025 2453 1079 inSOit.‘SCch
2497 1028 2684 1101 coepit,
2724 1037 2782 1081 nt
2819 1036 2901 1083 est
2936 1028 3076 1097 apud
3113 1025 3329 1102 lsaiam,
3376 1041 3546 1096 seque
3594 1026 3700 1096 ipsi

2118 1131 2395 1187 opponere
2421 1117 2667 1196 cupiens,
2690 1118 2828 1173 dixit
2865 1135 2879 1171 :
2912 1118 3209 1172 Ascendam
3245 1119 3297 1171 in
3340 1117 3528 1170 caelum
3558 1130 3577 1169 :
3605 1134 3697 1169 su-

2116 1222 2210 1276 per
2240 1217 2384 1261 astra
2420 1208 2537 1262 cwli
2573 1224 2764 1278 ponam
2824 1208 3069 1260 thronum
3100 1223 3271 1260 meum
3304 1221 3321 1259 :
3355 1207 3700 1259 conscendant

2119 1299 2301 1359 nubes,
2331 1310 2379 1353 et
2425 1316 2511 1353 ero
2544 1302 2737 1355 similis
2770 1300 3046 1355 Altissimo
3068 1300 3134 1365 δίς
3173 1298 3391 1369 propria
3421 1299 3696 1352 voluntate

2119 1390 2191 1442 ob
2221 1390 2536 1459 ltujnsmodi
2576 1392 2885 1460 superbiam
2919 1391 3094 1460 caligo
3122 1389 3298 1444 lactus
3325 1400 3405 1443 est
3438 1403 3500 1442 ac
3523 1388 3695 1442 nomi-

2120 1490 2299 1536 natnr.
2334 1484 2597 1548 Quamvis
2631 1485 2774 1537 enim
2800 1484 2869 1537 ob
2906 1482 3510 1551 incon:prehensibilem
3538 1493 3697 1535 natu-

2120 1589 2193 1627 ra:
2224 1574 2486 1627 rationem
2520 1573 2663 1629 Deus
2688 1590 2906 1644 quoque
2939 1577 3051 1643 ipse
3082 1576 3256 1644 caligo
3278 1574 3512 1641 dicatur.
3545 1574 3700 1639 juxta

2120 1665 2248 1719 illud
2285 1686 2295 1718 :
2338 1664 2523 1719 Posuit
2556 1667 2792 1719 tenebras
2821 1666 3101 1719 latibulum
3121 1682 3270 1719 suum
3290 1667 3358 1743 ",
3386 1680 3491 1717 non
3520 1673 3701 1717 tamen

2120 1758 2291 1827 caligo
2316 1769 2398 1813 est
2433 1774 2532 1812 nec
2570 1758 2694 1812 fuit.
2727 1761 2796 1813 At
2825 1761 3077 1813 diabolus
3108 1771 3161 1812 et
3190 1760 3363 1827 caligo
3391 1757 3567 1811 lactus
3594 1768 3699 1833 est,

2122 1859 2175 1905 et
2210 1867 2274 1904 eo
2302 1851 2522 1904 nomine
2544 1864 2794 1907 vocatur.
2826 1853 2915 1907 Sic
2946 1853 3089 1905 enim
3114 1868 3237 1905 eum
3271 1860 3425 1904 vorat
3461 1849 3703 1905 Joannes

2122 1939 2432 2011 Tlteologns
2457 1959 2469 1996 :
2499 1940 2746 1997 Tenebrw
2776 1943 2943 1997 lucem
2987 1960 3087 1995 non
3115 1943 3613 2012 comprehenderunt
3633 1940 3701 2015 ⁵⁸,

2122 2031 2173 2086 id
2206 2039 2311 2110 est.
2365 2034 2678 2087 adversaria
2734 2037 2979 2103 potestas
3023 2034 3299 2088 Christum
3351 2049 3699 2103 nequaquam

2122 2126 2421 2193 superavit.
2449 2124 2713 2191 Quocirca
2742 2124 2963 2193 angelos
2992 2125 3359 2179 immutabiles
3381 2124 3562 2178 dicere
3607 2137 3701 2177 ve-

2121 2232 2267 2294 reor,
2301 2232 2423 2271 cum
2447 2218 2628 2286 cogito
2670 2217 2816 2271 hunc
2843 2215 3175 2294 Luciferum,
3205 2218 3297 2287 qui
3357 2219 3529 2270 bonus
3566 2223 3705 2289 erat,

2123 2309 2331 2363 arbitrii
2359 2310 2605 2363 libertate
2623 2318 2676 2363 et
2707 2309 2857 2376 plena
2885 2309 3163 2365 voluntate
3193 2325 3258 2364 ex
3290 2309 3520 2362 naturali
3560 2308 3705 2361 bono

2125 2401 2179 2455 itt
2201 2400 2275 2477 id,
2302 2400 2445 2470 quod
2503 2410 2696 2470 prteter
2730 2410 2982 2455 naturam
3016 2410 3156 2477 erat,
3192 2401 3575 2475 dcgcncrasse,
3625 2404 3708 2450 at-

2123 2505 2230 2559 que
2257 2491 2418 2544 etiam
2442 2490 2669 2545 rebelles
2694 2491 2915 2560 angelos
2943 2490 3018 2545 illi
3048 2491 3344 2565 subjectos,
3368 2489 3460 2559 qui
3483 2487 3703 2557 qmdcm

2123 2581 2239 2638 vitii
2273 2581 2558 2636 architecti
2592 2582 2872 2657 dicuntur,
2908 2597 3014 2635 non
3059 2581 3205 2650 quod
3253 2580 3302 2633 ei
3342 2578 3706 2634 substantiam

2124 2670 2369 2726 dederint
2400 2671 2597 2742 (neque
2628 2673 2773 2725 enim
2805 2672 2911 2725 ulla
2944 2682 3026 2725 est
3057 2671 3187 2724 mall
3218 2669 3574 2739 substantia),
3609 2667 3707 2723 scd

2125 2762 2266 2831 quod
2305 2761 2465 2830 primi
2507 2762 2705 2814 malum
2731 2777 2824 2815 seu
2857 2761 3259 2830 improbitatem
3306 2758 3703 2813 commiserint.

2126 2854 2299 2920 Atque
2322 2853 2482 2905 etiam
2508 2850 2840 2926 Tltcologus,
2877 2862 3164 2922 postquam
3188 2852 3463 2905 daemones
3495 2850 3706 2917 impro-

2128 2944 2243 3013 prie
2277 2944 2391 2997 vitii
2427 2944 2754 2997 arrbitt-etos
2791 2944 3114 3007 nominavit,
3167 2960 3234 2997 ne
3262 2943 3386 3012 quis
3410 2942 3540 2995 illud
3576 2941 3708 2994 sul)-

2125 3036 2325 3091 SIantia
2361 3034 2643 3102 praeditum
2674 3049 2796 3089 esse
2856 3036 3210 3097 existimaret,
3268 3036 3407 3087 lmnc
3434 3031 3706 3101 suspicio-

2129 3143 2252 3181 nem
2309 3125 2593 3195 mitigavit,
2629 3141 2755 3178 cum
2807 3126 3032 3194 addidit,
3092 3140 3184 3179 eos
3217 3142 3312 3193 per
3338 3127 3517 3193 fugam
3576 3122 3703 3175 boni

2072 3225 2093 3239 ’
2127 3217 2438 3273 conditores
2468 3217 2594 3270 mali
2631 3216 2821 3280 fuisse,
2856 3216 2940 3271 bis
2974 3216 3150 3270 verbis
3178 3215 3566 3285 propemodum
3600 3216 3704 3266 hoc

2120 3309 2331 3387 dicens,
2361 3308 2588 3382 malum,
2615 3321 2709 3361 seu
2755 3308 2972 3382 vitium,
3019 3322 3126 3362 non
3154 3322 3279 3361 esse
3316 3307 3702 3372 substantiam,

2121 3401 2213 3456 sed
2235 3401 2449 3455 virtutis
2478 3400 2859 3470 privationem,
2881 3410 2939 3454 ut
2965 3399 3136 3471 caligo
3162 3398 3386 3454 luminis
3419 3407 3500 3454 est
3524 3413 3706 3453 reces-

2128 3509 2247 3549 sus.
2300 3492 2770 3558 Quemadmodum
2804 3493 2970 3563 igitur
2998 3492 3090 3562 qtti
3120 3493 3295 3546 lucem
3329 3490 3488 3558 fugit,
3529 3491 3581 3544 in
3627 3501 3707 3544 tea

2122 3585 2307 3641 ncbris
2332 3595 2602 3648 versatur,
2661 3584 2735 3637 ita
2779 3585 3076 3649 damones,
3119 3595 3470 3654 losteaqnam
3501 3599 3530 3638 a
3561 3585 3708 3639 boao

2123 3685 2490 3741 recesserunt,
2522 3677 2575 3729 in
2612 3677 2754 3729 malo
2808 3677 2977 3730 relicti
3007 3688 3159 3732 sunt.
3197 3675 3304 3731 Nec
3343 3692 3469 3731 vero
3501 3677 3704 3731 malum

2126 3778 2340 3823 tantum
2408 3768 2730 3832 cﬂ‘eeerunt,
2809 3769 2899 3821 sed
2976 3768 3133 3822 nobis
3209 3769 3415 3836 peccati
3487 3784 3711 3837 quoque

2125 3873 2378 3915 auctores
2426 3859 2773 3921 exstiterunt,
2805 3869 2991 3928 utpote
3020 3858 3131 3913 Deo
3167 3861 3535 3916 adversantes.
3571 3861 3707 3917 “:th

2123 3956 2268 4007 enim
2309 3966 2416 4004 non
2467 3948 2776 4004 sufﬁciebat
2823 3965 2922 4004 sua
2963 3951 3135 4020 ipsius
3167 3954 3429 4007 duntaxat
3465 3963 3709 4007 conten:-

2126 4044 2365 4114 platione
2392 4042 2624 4105 moveri,
2646 4042 2738 4095 sed
2771 4040 3003 4096 dill‘undi
3052 4044 3253 4098 bonum
3289 4047 3592 4115 Opottebat,
3642 4055 3705 4100 ut

2125 4136 2280 4205 plura
2311 4142 2494 4189 essent
2539 4147 2659 4202 quas
2704 4135 2967 4190 beneﬁcio
3007 4134 3364 4191 adicerentur.
3422 4136 3533 4191 lloc
3558 4153 3624 4191 tn
3651 4153 3704 4192 ιιι

2128 4242 2356 4282 summie
2385 4226 2642 4281 bonitatis
2660 4235 2776 4281 erat
2794 4227 3072 4297 cupientes
3094 4228 3339 4296 pluribus
3365 4228 3707 4287 bent-facere.

2127 4319 2412 4374 Contraria
2441 4320 2605 4389 igitur
2638 4319 2857 4373 ratione
2882 4334 3095 4374 summa
3129 4332 3213 4374 est
3248 4322 3554 4375 daemonum
3586 4338 3709 4388 pcr-

2128 4411 2380 4474 versitas,
2414 4411 2507 4479 qui
2543 4425 2649 4464 non
2685 4410 2849 4466 modo
2895 4411 3105 4466 arbitrii
3148 4412 3395 4467 libertate
3421 4428 3486 4468 ac
3519 4416 3713 4469 volun-

447 4516 542 4561 aut
574 4506 750 4576 ignem
786 4504 1008 4559 materia
1040 4513 1343 4567 vacantem,
1366 4504 1825 4574 quemadmodum
1847 4502 2022 4571 inquit
2053 4538 2099 4593 υ
2132 4511 2239 4556 ta:e
2267 4502 2393 4554 mali
2431 4499 2561 4557 facti
2589 4510 2735 4567 sunt,
2755 4503 2851 4558 sed
2880 4502 3018 4558 alios
3043 4503 3204 4558 etiam
3258 4503 3430 4559 malos
3476 4508 3712 4562 reddunt

443 4599 612 4654 David
658 4616 671 4653 :
703 4596 808 4663 Qui
834 4598 964 4667 facit
991 4597 1204 4665 angelos
1240 4613 1363 4651 suos
1390 4596 1633 4665 spiritus,
1662 4607 1707 4651 et
1746 4597 2020 4650 ministros

439 4706 563 4746 suos
593 4690 865 4759 ﬂammam
906 4688 1044 4759 ignis
1073 4688 1139 4741 ³⁹.
1195 4687 1406 4753 Quibus
1424 4687 1611 4748 verbis
1642 4685 1944 4748 levitatem,
1970 4694 2023 4739 et

442 4785 643 4839 mentis
672 4783 948 4848 ardorem,
992 4790 1156 4853 atque
1180 4784 1354 4837 aciem
1386 4780 1830 4847 celeritatemque
1876 4780 2023 4833 circa

441 4877 684 4932 divinam
739 4885 989 4930 naturam
1029 4884 1082 4928 et
1121 4873 1486 4928 ministerium
1532 4871 1814 4937 describit,
1861 4879 2025 4940 atque

443 4967 681 5022 ostendit
715 4981 810 5022 eos
847 4968 900 5020 in
933 4965 1167 5020 sublime
1193 4963 1433 5028 ferri,‘et
1465 4962 1534 5018 ab
1561 4964 1711 5017 omni
1757 4978 1942 5017 crassa
1972 4970 2027 5016 et

442 5068 658 5113 terrena
690 5058 1019 5127 cogitatione
1052 5056 1250 5113 liberos
1276 5070 1417 5111 esse.
1447 5056 1526 5110 Ac
1556 5053 1742 5109 vellent
1780 5052 2023 5121 quidem,

444 5149 641 5218 inquit,
690 5149 823 5202 mihi
858 5149 1039 5203 dicere
1072 5148 1259 5203 liceret
1285 5148 1508 5218 angelos
1537 5146 1604 5200 ad
1635 5146 1835 5200 malum
1867 5158 2025 5214 pror-

448 5257 545 5296 sus
575 5242 883 5294 imit-Obiics
914 5255 1056 5301 esse,
1102 5250 1287 5310 utpote
1344 5239 1458 5294 Deo
1503 5240 2023 5309 appropinquantes,

444 5347 510 5387 ac
538 5332 684 5387 circa
729 5330 965 5384 medium
1020 5331 1164 5384 illius
1221 5331 1427 5385 lumine
1494 5341 1846 5386 coruscantes
1900 5333 2027 5399 (nos

442 5438 592 5477 omni
631 5422 955 5478 intertncdia
974 5420 1290 5493 angelorum
1312 5437 1476 5491 opera
1500 5423 1911 5489 illuminant"),
1937 5435 2027 5474 ve-

516 5578 561 5663 ‘l"
586 5577 773 5635 Juditlt
798 5595 878 5663 is,
912 5579 965 5633 4.
1069 5578 1113 5610 ³⁸
1146 5577 1288 5631 Psal.
1330 5592 1496 5642 xxxn,
1521 5577 1573 5633 6.

445 5647 490 5680 “
519 5649 675 5703 Joan.
720 5669 758 5715 ι,
796 5652 845 5704 5.

1674 5578 1716 5609 ³⁸
1748 5575 1888 5631 Psal.
1921 5591 2037 5640 cur,
2068 5577 2117 5629 4.

2130 4610 2194 4648 ac
2218 4592 2445 4663 perdere
2469 4604 2759 4648 conantur.

2200 4683 2457 4741 PssLLns.
2504 4682 2776 4748 Quoniam
2802 4692 2986 4740 autem
3027 4700 3247 4740 summo
3280 4687 3358 4741 illi
3392 4687 3556 4745 bono.
3604 4689 3707 4745 Ve-

2131 4786 2264 4831 teres
2322 4794 2386 4831 ac
2415 4778 2576 4846 primi
2628 4778 2945 4847 philosophi,
3006 4779 3381 4835 addubitatttes
3443 4785 3708 4851 quodnam

2133 4868 2241 4923 Deo
2270 4886 2452 4923 nomen
2486 4871 2756 4924 commode
2807 4872 3117 4937 tribuerent,
3168 4872 3352 4936 Deum,
3390 4887 3438 4927 et
3511 4874 3706 4943 Unum,

2132 4973 2177 5012 et
2211 4960 2440 5024 Bonum,
2481 4961 2588 5013 tria
2617 4960 2749 5027 liter,
2790 4963 3025 5030 inquam,
3057 4964 3473 5033 incorruptibilis
3502 4980 3711 5022 natum

2130 5052 2342 5105 nomina
2372 5052 2754 5120 produxerunt,
2804 5052 2935 5105 nihil
2982 5068 3096 5106 eam
3129 5069 3242 5106 esse
3282 5063 3571 5107 asserentes
3604 5058 3711 5111 nisi

2131 5141 2317 5208 Deum,
2343 5140 2476 5194 nihil
2493 5151 2667 5195 autem
2689 5142 2876 5208 Deum,
2899 5144 3001 5198 nisi
3037 5142 3248 5210 bonum,
3274 5145 3428 5212 idque
3449 5147 3583 5199 idem
3600 5164 3710 5202 esse

2092 5276 2098 5281 .
2128 5234 2265 5305 quod
2302 5250 2485 5299 unum,
2518 5236 2705 5304 quippe
2728 5246 2777 5288 et
2806 5251 2986 5289 eorum
3015 5236 3150 5305 (l5),
3185 5252 3303 5304 qua:
3328 5248 3444 5288 sunt
3472 5239 3708 5292 collecti-

2128 5344 2270 5389 vttm,
2307 5337 2463 5396 atque
2497 5328 2567 5379 ad
2607 5329 2762 5381 unius
2796 5329 3263 5397 participationem
3316 5344 3376 5381 ea
3414 5331 3703 5385 adducens.

2135 5418 2307 5473 Unum
2333 5422 2490 5484 enim,
2525 5422 2717 5475 unione
2768 5434 2817 5475 et
2864 5423 3082 5475 monade
3120 5432 3276 5475 atoue
3311 5428 3512 5476 unitate
3544 5425 3711 5478 excel-

2192 5574 2238 5606 ‘°
2282 5573 2383 5630 lsa.
2422 5590 2532 5642 xw,
2584 5576 2672 5644 12,
2778 5577 2973 5631 “lbid.
3015 5578 3097 5632 l5.
3175 5579 3220 5611 δ’
3263 5580 3408 5634 Psal.
3446 5598 3579 5646 xw,
3621 5580 3703 5635 l2.

518 5786 629 5855 (15)
670 5787 862 5840 Eorum
895 5804 1009 5856 qua:
1038 5797 1180 5841 sunt.
1248 5784 1391 5857 Lego
1423 5784 1567 5841 enim
1620 5785 1792 5839 τῶντε
1836 5785 2019 5853 ὄντων,

2122 5801 2174 5839 )ιι
2208 5783 2479 5851 Οεὼντων,
2509 5795 2563 5839 ιιι
2604 5785 2656 5838 itt
2692 5787 2881 5840 Graeco
2912 5786 3120 5841 codice.
