4116 6430
438 397 576 463 1325

1405 392 1728 457 NICETAS
1770 394 1853 458 IN
1896 393 2119 454 OR.\T.
2167 392 2328 452 XLII
2376 393 2436 454 S.
2478 390 2713 455 GREG.

3572 391 3709 461 1226

434 513 629 562 lentius
686 518 786 566 est.
823 508 1014 565 Unitas
1070 510 1330 582 siquidem
1390 511 1553 566 unius
1617 521 1693 565 est
1722 510 2027 593 particeps.
2065 515 2105 567 Α
2140 509 2289 582 σθαμ.
2320 507 2524 563 Deinde
2564 505 2861 562 intellectili
2910 504 3115 560 mundo
3159 506 3427 576 producto
3476 513 3712 567 seusilﬁ."

436 604 592 669 Quod
611 613 785 658 autent
818 606 1084 675 particeps
1123 616 1198 659 est
1248 621 1307 660 eo
1343 605 1568 675 inferius
1608 617 1707 669 est,
1742 605 1894 675 cujus
1944 613 2020 660 est

432 696 715 764 particeps.
744 692 870 748 Iam
904 697 1028 750 unio
1066 695 1328 749 unitatum
1373 696 1676 764 conjunctio
1733 708 1833 750 est.
1866 695 2022 762 Quod

432 799 613 841 autem
646 801 711 840 ea:
742 786 1036 841 unitatibus
1091 786 1392 856 conﬁcitur,
1446 785 1857 858 haudquaquam
1892 802 2022 858 pure

431 892 595 932 unum
627 887 726 944 est,
754 890 908 948 atque
947 880 1112 934 etiam
1164 879 1524 934 multitudinis
1554 879 1811 933 rationem
1844 878 2016 934 habet.

437 967 610 1023 Porro
673 984 841 1023 unum
915 970 1260 1024 multitudine
1320 968 1685 1039 praestantius.
1745 968 2021 1023 Postremo

431 1077 640 1126 manas,
691 1065 741 1115 si
756 1062 872 1133 quis
900 1063 1114 1133 proprie
1149 1063 1296 1135 loqui
1343 1063 1488 1128 velit,
1520 1076 1852 1133 nequaquam
1882 1062 2021 1117 idem

426 1163 529 1221 est,
593 1155 734 1225 quod
786 1170 970 1219 unum,
1025 1156 1116 1209 sed
1157 1158 1336 1226 passio
1362 1158 1629 1227 qntedam,
1686 1155 2020 1211 authabitus

427 1247 608 1301 mritis.
643 1244 982 1301 Hansionem
1031 1250 1169 1303 enim
1228 1250 1517 1320 quamdam
1579 1257 1629 1303 et
1666 1249 2019 1303 constantiam

428 1337 587 1389 unius
631 1335 891 1391 declarat.
936 1335 1111 1392 Unum
1163 1339 1302 1394 enim
1352 1339 1525 1393 solum
1578 1336 2017 1410 multiplicatum,

429 1444 591 1481 unum
616 1444 803 1483 rursus
849 1438 946 1484 est.
985 1430 1054 1484 At
1083 1430 1178 1486 Dei
1213 1446 1420 1497 nomen,
1459 1447 1579 1486 eum
1598 1433 1816 1501 propria
1845 1446 2021 1486 essen-

429 1521 508 1573 tia
530 1529 722 1573 cuncta
758 1520 976 1590 implere
1023 1521 1375 1577 demonstrat.
1411 1523 1641 1579 Proinde
1674 1525 1885 1580 bonitas
1921 1524 2021 1580 Dei

424 1610 660 1675 qualitas
717 1628 822 1667 non
851 1624 951 1682 est,
1008 1615 1102 1669 sed
1164 1616 1264 1670 ltoc
1321 1618 1493 1687 ipsum
1540 1619 1701 1685 Deus,
1743 1628 1790 1673 et
1830 1634 2017 1673 unum.

425 1702 574 1768 Quid
607 1705 746 1760 enim
807 1705 946 1761 Deus
1006 1706 1157 1762 aliud
1201 1718 1301 1775 est,
1324 1726 1483 1782 quam
1525 1726 1792 1765 summum
1824 1711 2018 1766 bonum

424 1793 703 1865 primaque
732 1795 829 1850 illa
854 1812 1018 1853 causa
1069 1814 1163 1869 per
1190 1814 1346 1870 quam
1380 1799 1583 1870 reliqua
1627 1816 1831 1872 quoque
1880 1800 2019 1856 bona

424 1887 765 1958 eﬁitiuttlur?
797 1889 908 1944 Sua
967 1891 1139 1961 ipsius
1171 1890 1349 1947 solum
1387 1893 1850 1964 contemplatione
1901 1910 2018 1949 mo-

425 1981 564 2047 γετί,
589 1982 684 2036 hoc
705 1991 807 2048 est,
844 1984 1077 2037 converti
1112 2000 1176 2038 ac
1207 1982 1389 2054 colligi
1424 1984 1494 2039 ad
1530 1987 1790 2056 seipsum,
1835 1996 2018 2057 utpote

424 2067 579 2124 nulla
623 2085 678 2125 re
730 2071 1001 2138 superiore
1051 2070 1164 2126 loco
1222 2073 1420 2142 posita,
1482 2073 1554 2127 ad
1597 2088 1757 2144 quam
1806 2075 2019 2130 subvehi

422 2147 627 2227 possit,
679 2160 1122 2232 quemadmodum
1191 2162 1373 2217 anima
1429 2163 1500 2217 ad
1553 2172 1775 2218 mentem
1806 2204 1820 2227 ,
1872 2179 2017 2219 mens

422 2259 603 2306 autem
633 2251 701 2305 ad
725 2250 913 2308 Deum.
945 2250 1094 2306 Nam
1109 2256 1521 2322 compositorum
1558 2254 1609 2309 et
1646 2268 2017 2324 corporeorum

314 2346 329 2357 '
420 2344 558 2399 nihil
585 2344 640 2399 in
666 2345 899 2416 seipsum
939 2346 1122 2419 colligi
1165 2346 1382 2403 dicitur.
1405 2346 1647 2414 Quonam
1683 2350 1823 2403 enim
1863 2349 2017 2403 modo

419 2456 613 2511 corpus
641 2441 711 2496 ad
740 2458 853 2498 sese
873 2443 1225 2514 colligeretur,
1254 2459 1374 2497 cum
1416 2444 1757 2516 simplicitate
1790 2449 2018 2503 careat!

420 2540 582 2605 atque
637 2534 850 2589 etiamsi
888 2535 1014 2603 quid
1040 2550 1258 2608 corpore
1303 2545 1500 2601 careat,
1527 2552 1632 2591 non
1684 2548 1857 2591 tamen
1894 2553 2017 2607 pro-

418 2636 601 2696 pterea
619 2627 804 2681 statim
820 2626 872 2680 in
888 2643 998 2681 sese
1016 2627 1198 2699 colligi
1209 2627 1418 2697 poterit.
1439 2626 1679 2693 Quonam
1704 2630 1843 2683 enim
1860 2628 2015 2683 modo

417 2718 711 2789 qualitates
735 2721 789 2774 in
817 2737 927 2775 sese
945 2719 1127 2791 colligi
1144 2730 1360 2792 queant,
1383 2738 1505 2775 cum
1526 2724 1799 2793 propriam
1831 2740 2013 2778 essen-

423 2812 554 2866 tiam
578 2828 679 2867 nan
701 2812 926 2868 habeant
949 2815 976 2869 ?
997 2812 1143 2868 Illud
1161 2828 1279 2869 vero
1297 2815 1432 2870 scire
1459 2831 1631 2877 operte
1657 2818 1887 2884 pretium
1912 2826 2010 2881 est,

417 2904 560 2973 quod
580 2905 634 2959 in
651 2905 731 2962 Itis
743 2907 914 2971 rebus,
931 2923 1048 2979 qutc
1060 2906 1231 2978 ﬁnita:
1250 2925 1313 2962 ac
1331 2910 1469 2963 circa
1481 2911 1746 2978 mscriptaz
1758 2919 1901 2979 sunt,
1922 2912 2014 2964 int-

416 2997 681 3067 perfectus
696 3009 869 3055 motus
886 3011 986 3068 est,
1001 3001 1055 3056 in
1068 3001 1259 3071 quibus
1278 3001 1523 3056 nimirum
1542 3015 1714 3058 motus
1730 3004 1840 3072 ipse
1854 3004 2011 3074 ﬁnem

418 3101 644 3160 spectat.
670 3092 913 3164 Exempli
929 3096 1138 3167 gratia:
1164 3096 1554 3169 Holusglebtea
1592 3097 1833 3171 partibus
1858 3117 2013 3171 supe-

417 3181 650 3237 rioribus
678 3183 747 3238 ad
773 3184 1052 3253 inferiores
1077 3187 1418 3256 imperfectus
1440 3197 1518 3242 est
1551 3190 1840 3258 :quom’am
1868 3206 2008 3258 eam,
2038 3211 2083 3271 ρ

419 3289 541 3328 cum
560 3274 627 3328 ad
649 3285 889 3330 centrum
913 3286 1069 3333 terra:
1088 3280 1401 3348 pervenerit,
1429 3280 1590 3349 ﬁnem
1613 3290 1787 3335 motus
1823 3281 2014 3336 habere

417 3382 624 3422 necesse
636 3378 739 3422 est.
756 3366 1118 3423 Consimiliter
1132 3370 1179 3424 si
1194 3371 1322 3441 quid
1336 3388 1402 3428 ea:
1418 3373 1471 3426 in
1478 3373 1664 3441 [eriori
1671 3372 1785 3427 loco
1798 3390 2013 3430 sursum

416 3474 599 3514 tersus
621 3470 914 3526 moveatur,
944 3461 1283 3531 imperfectus
1311 3480 1514 3534 quoque
1556 3465 1641 3519 hic
1688 3477 1860 3521 motus
1890 3469 2007 3525 erit.

424 3546 572 3618 ignis
599 3549 735 3604 enim
773 3561 866 3604 aut
905 3553 1043 3607 aeris
1072 3565 1281 3623 partem
1316 3555 1368 3608 in
1401 3555 1606 3627 integra
1629 3574 1728 3612 sua
1748 3560 2011 3615 elementa

414 3641 652 3696 desinere
704 3658 911 3698 necesse
953 3654 1050 3699 est.
1097 3643 1199 3698 llic
1230 3662 1348 3703 vero
1388 3658 1561 3702 motus
1599 3666 1705 3702 non
1764 3651 1817 3703 in
1849 3653 2009 3719 ﬁnem

415 3732 589 3788 ullum
628 3735 846 3803 desinit,
891 3738 1023 3808 quin
1065 3739 1240 3803 potius
1293 3740 1401 3809 ipse
1429 3740 1503 3807 id,
1561 3742 1699 3812 quod
1746 3744 2004 3814 agitatur,

414 3826 643 3882 maxime
673 3828 901 3897 per/icit.
936 3829 1116 3895 Quare
1157 3829 1305 3884 nullo
1362 3832 1516 3885 modo
1546 3833 1886 3903 imperfectus
1916 3835 2005 3888 tli-

414 3916 611 3972 cendus
657 3930 755 3974 est.
790 3918 1110 3991 lmperfecta
1151 3921 1366 3993 quidem
1406 3934 1486 3978 est
1540 3936 1724 3978 nostra
1757 3925 2007 3997 gignendi

415 4011 578 4075 ratio,
648 4013 1076 4085 quandoquidem
1145 4017 1329 4086 {tutum
1396 4019 1680 4089 perfractis
1752 4022 2003 4075 maternis

411 4104 638 4158 vinculis
689 4105 745 4159 in
804 4106 973 4161 lucem
1021 4109 1189 4175 exire,
1215 4125 1278 4163 ac
1323 4109 1482 4178 ﬁnem
1542 4112 1799 4167 nascendi
1829 4111 2004 4182 facere

414 4208 616 4250 necesse
645 4205 745 4251 est.
782 4197 847 4251 At
874 4213 979 4251 non
1012 4199 1139 4252 item
1182 4199 1493 4267 imperfecta
1534 4199 1693 4255 Verbi
1722 4201 1821 4256 Dei
1850 4219 2004 4273 gene-

414 4285 576 4352 ratio,
607 4287 857 4358 quoniam
882 4286 1030 4342 nullo
1066 4288 1173 4359 ﬁne
1211 4289 1688 4344 circumscribitur.
1720 4289 2002 4348 Enimrero

417 4379 720 4435 Aristoteles
765 4381 905 4436 inter
944 4390 1118 4435 motus
1150 4382 1487 4452 imperfectos
1537 4385 1654 4438 cwli
1707 4388 2004 4442 conrersio-

415 4489 533 4529 nem
572 4474 958 4530 numerandum
1003 4485 1222 4532 censet:
1269 4492 1447 4532 verum
1480 4476 1853 4533 elementorum
1879 4481 2000 4551 qui"-

2127 597 2229 651 lent
2259 609 2451 650 rursus
2484 603 2664 648 mente
2695 593 2934 663 concipit
2994 594 3155 649 Dens.
3195 594 3331 650 Nam
3356 597 3703 668 opiﬁciorum

2123 689 2344 761 quidem
2382 688 2626 743 rationes
2654 686 2799 757 apud
2841 686 3019 756 ipsum
3061 702 3280 758 semper
3303 698 3486 758 erant,
3523 704 3710 763 utpote

2124 781 2285 837 simul
2321 779 2507 835 omnia
2569 790 2789 847 semper
2840 789 3270 846 cognoscentem
3323 799 3337 837 :
3384 791 3515 839 tunc
3577 800 3707 840 vero

2123 872 2310 930 animo
2352 871 2609 941 concepit
2646 872 2877 942 angelos
2914 872 3165 942 spiritus,
3207 873 3471 931 nimirum
3501 887 3560 933 ut
3608 892 3707 933 eos

2124 963 2477 1035 produceret,
2508 962 2732 1033 quando
2763 962 2881 1032 jam
2937 963 3319 1018 conveniebat.
3356 960 3509 1021 Mens
3533 968 3706 1033 enim,

2123 1053 2290 1125 hujus
2319 1053 2691 1111 universitatis
2724 1069 2947 1124 parens,
2979 1057 3161 1110 omnia
3187 1056 3406 1127 quidem
3433 1060 3706 1127 parturie-

2123 1146 2219 1202 bat
2252 1166 2265 1202 :
2300 1155 2490 1218 postea
2530 1154 2711 1203 autem
2735 1149 3101 1218 parturitione
3123 1149 3214 1204 illa
3241 1152 3561 1221 tempestive
3585 1166 3707 1207 sese

2124 1237 2434 1309 proferente
2492 1239 2829 1296 intellectilis
2881 1241 3120 1297 mundus
3166 1243 3403 1312 primum
3453 1244 3705 1300 detectus

2121 1339 2205 1386 est
2238 1347 2255 1385 :
2288 1345 2351 1386 sc
2374 1332 2571 1389 deinde
2598 1332 2689 1388 hic
2722 1348 2790 1388 ex
2810 1335 3036 1389 materia
3056 1345 3110 1390 et
3141 1334 3318 1391 forma
3345 1342 3706 1402 constitutus.

2123 1422 2402 1492 quietiam
2436 1423 2507 1479 ob
2540 1424 2683 1480 hanc
2715 1440 2939 1481 causam
2977 1428 3279 1485 materialis
3310 1438 3365 1484 et
3395 1433 3707 1500 aspectabi-

2125 1514 2192 1571 lis
2222 1515 2444 1572 dicitur.
2497 1516 2798 1587 Estautem
2833 1518 3097 1585 mundus,
3151 1530 3209 1576 ut
3252 1523 3431 1594 inquit
3475 1538 3708 1596 magnus

2121 1608 2376 1675 Basilius,
2411 1619 2463 1666 et
2486 1619 2612 1666 ante
2643 1627 2766 1666 eum
2803 1612 3145 1679 Aristoteles,
3195 1617 3597 1686 coagmentatio
3641 1633 3706 1673 ex

2121 1703 2267 1758 ccelo
2310 1710 2367 1759 et
2400 1710 2545 1759 terra
2580 1705 2904 1774 naturisque
2965 1707 3312 1764 intermediis
3354 1724 3369 1761 :
3405 1719 3465 1763 ut
3521 1719 3705 1767 autem

2120 1794 2469 1855 Nazianzeno
2506 1797 2704 1867 placet,
2744 1796 2908 1853 etiam
2940 1802 3347 1873 coagmentatio
3378 1812 3432 1860 et
3474 1814 3705 1859 concre-

2043 1861 2092 1923 Β
2123 1885 2222 1943 ιὶο.
2247 1861 2662 1959 Coagmentatio
2692 1861 2934 1961 quidem,
2973 1861 3123 1949 utin
3157 1894 3245 1950 his
3290 1895 3627 1953 constitutus
3655 1903 3710 1951 et

2119 1981 2411 2052 expletus;
2446 1983 2727 2039 concretio
2758 1991 2982 2052 autem,g
3011 1986 3167 2055 quasi
3211 1987 3516 2057 permistio,
3572 2003 3706 2060 pro-

2120 2079 2243 2142 pter
2269 2073 2535 2130 elementa
2562 2090 2684 2145 qme
2725 2091 2834 2132 non
2866 2077 3040 2133 solum
3076 2079 3298 2150 propria
3340 2081 3457 2137 loca
3484 2081 3706 2152 habent,

2120 2164 2215 2218 sed
2239 2164 2382 2221 inter
2412 2181 2470 2222 se
2499 2182 2721 2238 quoque
2753 2169 3202 2225 commiscentur.
3225 2169 3498 2239 Quoniam
3523 2183 3703 2229 autent

2121 2256 2386 2328 quidquid
2416 2258 2693 2326 laudatur,
2732 2260 2817 2315 vel
2871 2262 3175 2317 secundum
3204 2264 3481 2334 propriam
3543 2275 3704 2321 natu.

2121 2362 2239 2402 ram
2270 2347 2548 2415 laudatur,
2578 2350 2664 2406 vel
2705 2351 3009 2406 secundum
3063 2352 3385 2408 relationem
3440 2370 3603 2425 quam
3636 2353 3705 2409 ad

2120 2441 2350 2497 alterum
2375 2442 2632 2513 quiddam
2671 2443 2855 2511 habet,
2879 2443 3084 2500 idcirco
3110 2445 3421 2517 Tlteologus
3440 2447 3704 2502 mundum

2122 2535 2376 2591 laudibus
2415 2537 2642 2603 vehens,
2680 2537 2934 2592 omnem'
2959 2538 3193 2593 encomii
3257 2546 3509 2595 naturam
3545 2554 3701 2595 sum-

2119 2629 2308 2683 matim
2372 2628 2845 2698 complexus‘est,
2876 2645 3001 2685 cum
3060 2631 3220 2697 dixit,
3265 2636 3474 2702 partem
3511 2646 3710 2686 unams
3773 2678 3776 2682 λ

2116 2736 2393 2791 quantque
2444 2719 2658 2787 mundi,
2703 2729 2760 2777 et
2803 2735 2902 2792 per
2956 2736 3017 2779 se
3072 2721 3402 2778 laudabilem
3453 2738 3595 2789 esse,
3650 2730 3708 2779 et

2117 2812 2530 2881 concinnitatis,
2587 2828 2696 2884 qua
2730 2827 2855 2869 cum
2887 2814 3061 2870 altero
3089 2814 3280 2885 juncta
3316 2823 3422 2881 est,
3466 2817 3705 2872 ratione.

2116 2903 2182 2960 Et
2214 2905 2435 2974 quidem
2498 2904 2890 2962 concinnitatis
2932 2906 3101 2962 verbo
3134 2905 3481 2964 demonstrat
3520 2917 3707 2978 partes

2115 2996 2309 3052 mundi
2374 3009 2724 3068 nequaquam
2782 2996 2931 3052 inter
2982 3012 3042 3053 se
3071 2998 3399 3054 adversari:
3447 3015 3546 3068 per
3567 3012 3706 3056 cono

2116 3097 2339 3143 centum
2403 3097 2612 3154 autem,
2636 3089 2798 3143 docet
2834 3103 2947 3144 non
2986 3092 3149 3145 modo
3180 3089 3286 3145 sibi
3326 3090 3558 3146 invicem
3596 3106 3707 3148 nor.

2120 3177 2424 3242 adversati,
2446 3178 2540 3233 sed
2569 3179 2943 3249 pulcherrime
2972 3180 3134 3237 etiam
3157 3182 3302 3238 inter
3317 3196 3378 3239 se
3403 3183 3705 3241 cobereret

2115 3270 2531 3325 Connectuntur
2561 3270 2709 3325 enim
2751 3271 2858 3327 alla
2892 3273 3038 3338 aliis,
3069 3287 3135 3329 ac
3181 3273 3426 3330 suaviter
3461 3282 3517 3330 et
3551 3284 3704 3331 tran-

2114 3362 2286 3432 quille
2352 3362 2788 3418 communicant.
2868 3362 3345 3431 Quemadmodum
3416 3365 3564 3422 enim
3642 3364 3701 3423 itt

2114 3453 2328 3508 cithara
2406 3468 2473 3510 ex
2510 3455 2743 3510 diversis
2789 3456 3008 3525 quidem
3061 3456 3296 3526 ﬁdibus,
3341 3468 3604 3516 ca-terum
3633 3466 3702 3517 ad

2114 3546 2283 3602 unius
2310 3548 2598 3603 cantilena:
2618 3549 2915 3618 perfectam
2938 3550 3368 3621 modulationem
3401 3555 3701 3610 concinen-

2113 3636 2285 3702 tibus,
2334 3637 2627 3693 harmonia
2654 3639 2946 3694 conlicitur
2991 3658 3006 3694 :
3043 3641 3234 3696 eodem
3286 3644 3452 3697 modo
3498 3642 3553 3696 in
3601 3643 3706 3698 hoc

2117 3730 2325 3784 tnundo
2359 3728 2589 3787 diversae
2620 3730 2848 3800 quidem
2873 3742 3003 3788 sunt
3038 3733 3274 3802 species,
3307 3734 3402 3789 sed
3428 3743 3609 3789 tamen
3634 3734 3705 3788 ad

2111 3823 2277 3891 hujus
2302 3823 2760 3893 complementum
2791 3823 3096 3880 concordes
3120 3834 3174 3881 et
3196 3840 3479 3881 consume.
3503 3823 3698 3882 Omnia

2110 3914 2255 3967 enim
2282 3913 2388 3985 ipsi
2413 3920 2817 3987 congruentem
2862 3914 3150 3970 utilitatem
3185 3915 3449 3986 praebent,
3489 3924 3543 3971 et
3573 3915 3702 3971 licet

2112 4006 2272 4062 locali
2305 4007 2411 4062 situ
2434 4006 2695 4063 distincta
2727 4006 2857 4074 sint,
2878 4014 2941 4062 ut
2969 4005 3261 4071 elementa,
3283 4015 3465 4061 tamen
3494 4020 3702 4078 cogntus

2113 4096 2182 4151 tis
2209 4095 2570 4151 relationibus
2598 4096 2745 4151 inter
2776 4110 2838 4152 se
2871 4110 3127 4153 connexa
3161 4106 3215 4152 et
3251 4106 3513 4153 concreta
3545 4108 3697 4163 sunt.

2105 4189 2210 4244 alia
2240 4205 2299 4244 re
2324 4188 2577 4246 videlicet
2606 4189 2674 4244 ad
2702 4189 2853 4244 aliud
2886 4190 3144 4260 quiddam
3171 4191 3403 4261 pulchre
3416 4192 3697 4260 quadrans

2107 4294 2181 4347 te,
2244 4293 2389 4339 terra
2460 4284 2725 4338 nimirum
2786 4298 2912 4340 cum
2954 4298 3099 4355 aqua
3153 4283 3501 4354 (utriusque
3545 4286 3699 4340 enim

2107 4376 2420 4433 communis
2463 4386 2547 4432 est
2582 4375 2846 4449 gravitas,
2894 4385 2951 4433 et
2986 4374 3255 4447 frigiditas
3284 4375 3304 4448 )
3335 4392 3354 4431 :
3383 4390 3526 4445 aqua
3577 4388 3699 4431 ror-

2106 4483 2230 4523 sum
2263 4482 2391 4523 cum
2429 4481 2557 4523 sere
2588 4469 2899 4539 (pe'rspiCua
2933 4468 3082 4524 enim
3132 4478 3299 4538 atque
3354 4469 3578 4524 humida
3616 4475 3701 4526 est

410 4565 534 4620 dem
586 4574 762 4621 motus
822 4567 1156 4637 imperfectos
1199 4583 1313 4622 esse
1358 4570 1609 4634 asseruit,
1646 4569 1765 4624 εωιὶ
1822 4582 1999 4625 autem
2034 4583 2078 4641 ι)
2111 4576 2276 4632 aqua.
2317 4561 2783 4631 quemadmmmm
2814 4570 2868 4616 ει
2897 4562 3059 4632 3"):
3094 4576 3223 4617 θθτθ
3268 4562 3396 4617 item
3423 4577 3548 4616 Cum
3574 4563 3698 4631 ίϐηθ

412 4669 612 4716 motum
665 4663 979 4735 perﬁciendi
1038 4664 1214 4733 potius
1245 4668 1481 4737 corporis
1533 4667 1617 4721 sui
1666 4668 1770 4721 vim
1811 4667 2002 4723 habere

411 4756 797 4824 pronuntiavit.
858 4753 1036 4821 Quam
1090 4766 1269 4809 autent
1323 4773 1539 4811 causam
1589 4758 1793 4827 a/fert?
1855 4756 2002 4823 Quo-

411 4848 577 4913 niam,
612 4848 805 4920 inquit,
829 4849 1063 4917 lapidem
1104 4850 1371 4919 agitatum
1422 4849 1493 4903 ad
1548 4859 1745 4904 terram
1799 4850 1997 4918 delabi,

407 4950 459 4995 et
492 4957 669 4996 aerem
717 4943 770 4997 in
806 4943 937 4996 locis
1003 4942 1249 4997 concauis
1309 4943 1578 4999 inclusum
1618 4946 1685 4998 ad
1740 4946 1999 5016 integrum

410 5048 565 5085 suum
593 5035 907 5089 elementum
939 5034 1142 5104 subrigi
1186 5045 1412 5103 oportet.
1461 5039 1529 5092 At
1587 5032 1794 5101 coelum,
1846 5038 2000 5108 ﬁnito

411 5137 577 5190 motu,
617 5143 718 5197 quo
744 5128 955 5181 tandem
986 5127 1101 5181 loco
1137 5129 1435 5185 consistet?

481 5219 600 5273 Col.
626 5219 731 5274 650
759 5218 821 5272 C.
857 5218 948 5273 Sic
976 5220 1142 5289 igitur
1182 5229 1341 5287 atque
1389 5219 1451 5273 ob
1485 5219 1580 5274 Itas
1627 5236 1817 5275 causas
1846 5236 1999 5274 mun-

408 5310 510 5363 dus
545 5310 615 5375 is,
657 5319 766 5364 etc.
805 5309 918 5374 Sic,
946 5309 1142 5379 inquit,
1188 5307 1239 5362 id
1280 5318 1384 5373 est,
1420 5314 1594 5379 primo
1616 5311 1806 5364 ordine
1835 5319 1998 5379 atque

408 5404 475 5455 ad
504 5416 669 5455 unam
731 5400 1151 5471 cogitationem,
1203 5412 1258 5453 et
1320 5400 1438 5455 sola
1482 5400 1737 5456 bottitnte
1769 5402 1995 5466 ductus,

407 5494 628 5564 angelos
649 5491 877 5547 creavit.
916 5492 1145 5548 Modesti
1178 5503 1362 5546 autem
1396 5492 1636 5549 hominis
1672 5503 1760 5549 est
1786 5495 1995 5560 dicere,

408 5596 676 5656 quantum
713 5584 936 5654 quidem
989 5584 1104 5655 ipse
1130 5584 1200 5640 de
1259 5585 1344 5641 his
1403 5586 1571 5640 rebus
1620 5586 1995 5654 philosophari

406 5694 572 5750 queo,
627 5678 789 5747 cujus
840 5692 965 5731 cum
1026 5693 1192 5747 parva
1246 5687 1303 5733 et
1369 5678 1640 5733 imbecilla
1676 5679 1748 5733 sit
1791 5680 1993 5746 oratio,

409 5787 605 5842 tttagtta
663 5781 848 5826 tamen
912 5779 967 5825 et
1018 5771 1191 5825 ardua
1257 5773 1439 5827 metiri
1500 5783 1662 5842 atque
1702 5775 1996 5841 exquirere

405 5866 746 5940 aggreditur.
795 5865 913 5924 Hoc
949 5865 1097 5923 enim
1157 5865 1437 5937 significat
1485 5867 1713 5926 verbum
1745 5868 1990 5939 σταομᾶο

2108 4656 2223 4711 sive
2260 4671 2388 4711 cum
2424 4653 2633 4711 aethere
2673 4672 2688 4709 :
2740 4654 2920 4709 calida
2972 4655 3118 4710 enim
3172 4661 3226 4708 et
3258 4653 3396 4709 levia
3428 4652 3543 4707 haec
3580 4654 3695 4708 ele-

2108 4754 2297 4799 menta
2326 4743 2699 4815 suntuAtque
2727 4743 2913 4799 omnia
2941 4743 3176 4798 invicem
3209 4742 3279 4798 ad
3327 4742 3515 4798 mundi
3555 4757 3696 4798 con-

2102 4839 2447 4893 stitutionem
2507 4837 2614 4892 sibi
2675 4843 2872 4892 mutuo
2938 4834 3257 4901 conferunt,
3327 4839 3491 4892 etiam
3573 4850 3695 4905 qua!

2106 4930 2340 4985 maxime
2379 4929 2653 4985 contraria
2690 4928 2964 4985 videntur.
2996 4926 3136 4984 Nam
3192 4926 3340 4998 quod
3367 4928 3480 4984 ait:
3514 4931 3693 5000 Atque

2101 5020 2358 5077 omnibus
2417 5021 2484 5076 ad
2519 5022 2728 5089 omnia,
2760 5021 2843 5077 sic
2885 5021 3183 5091 intelliges.
3219 5019 3689 5087 Quemadmodum

2101 5117 2156 5171 in
2183 5129 2325 5171 terra
2359 5132 2468 5172 non
2516 5118 2695 5170 solum
2728 5125 2814 5172 est
2864 5115 3086 5173 siccitas
3139 5123 3193 5172 et
3244 5117 3549 5183 crassities,
3595 5118 3690 5172 sed

2103 5209 2268 5261 etiam
2309 5207 2529 5270 humor,
2585 5216 2640 5262 et
2674 5221 2791 5273 aer,
2822 5216 2988 5278 atque
3017 5208 3181 5264 etiam
3218 5207 3364 5280 ignis
3387 5224 3407 5265 :
3439 5209 3517 5265 sic
3546 5222 3600 5264 et
3633 5210 3690 5263 in

2075 5314 2268 5370 .aqua,
2308 5308 2361 5354 et
2393 5299 2622 5369 reliquis
2666 5301 2982 5365 elementis,
3015 5301 3203 5356 omnia
3242 5303 3507 5374 reperies.
3546 5302 3687 5370 Ergo

2101 5397 2170 5457 si,
2234 5396 2319 5452 vel
2368 5394 2666 5465 separatim
2730 5393 3167 5465 unumquodque
3224 5394 3688 5459 considet-avaris,

2106 5487 2193 5543 vel
2254 5498 2499 5542 mutuam
2548 5487 2873 5543 relationem
2923 5502 3031 5557 qua
3090 5488 3234 5542 inter
3283 5503 3344 5543 se
3391 5488 3685 5555 quadrent,

2102 5592 2218 5636 tum
2254 5580 2637 5645 excellentem,
2671 5580 2879 5650 inquit,
2905 5579 3153 5634 omnium
3212 5578 3544 5643 mistionetn,
3568 5587 3683 5632 tum

2099 5675 2250 5730 οηιηί
2288 5676 2539 5730 oratione
2600 5675 3043 5746 praestantiorem
3092 5670 3503 5726 distinctionem
3565 5686 3688 5726 esse

2098 5769 2416 5839 perspicies.
2445 5765 2647 5824 Verum
2699 5776 2756 5824 ut
2807 5767 2879 5822 ad
2944 5768 3258 5821 institutum
3317 5774 3679 5829 revertantur,

2100 5862 2265 5932 Deus,
2300 5860 2632 5933 intelligibili
2663 5864 2903 5919 essentia
2959 5869 3169 5929 creata,
3210 5860 3316 5916 hoc
3368 5869 3474 5928 est,
3519 5858 3687 5915 ευεὶθ-
