4116 6430
426 364 451 428 1
462 363 566 427 32³1

1846 366 2229 432 ADDENDA.

3545 370 3681 437 1528

419 480 569 534 tibus
604 474 898 530 virtutibus
934 482 986 527 et
1045 471 1348 536 ordinibus,
1412 470 1726 527 scnsibilem
1776 486 1997 543 quo.;ue
2029 482 2073 537 Α
2106 487 2225 529 runt
2257 492 2318 529 ac
2348 477 2604 534 distincta
2636 488 2782 535 sunt.
2816 479 2987 536 Porro
3008 483 3195 537 mentis
3216 499 3402 538 nomen
3438 500 3686 541 nonnun-

420 581 674 626 naturam
701 566 966 630 condidit,
995 566 1192 620 coelum
1221 563 1470 619 videlicet
1505 578 1570 618 ac
1598 572 1823 631 terram,
1856 573 1908 619 et
1937 581 1998 620 ea

419 681 545 735 quae
595 665 677 717 his
707 660 1078 719 continentur,
1136 665 1191 711 ul
1227 658 1543 713 ostenderet
1596 672 1655 713 se
1699 672 1808 712 non
1843 658 2001 712 modo

419 764 706 826 cognatam
756 765 811 808 et
860 750 1223 821 pr0pinquam
1305 748 1408 805 sibi
1470 758 1719 804 naturam
1781 749 2001 805 efﬁcere

421 860 584 916 posse
619 844 882 915 (congrua
917 851 1099 895 autem
1128 849 1184 896 et
1215 848 1456 911 cognata
1492 840 1599 896 Deo
1637 850 1718 896 est
1753 856 1840 904 ca,
1879 857 2002 910 qua:

420 938 692 992 rationem
717 933 905 996 habet.
932 944 1099 1004 atque
1145 932 1427 987 intellectu
1462 936 1584 987 solo
1613 933 1999 1002 comprehendi

422 1027 623 1101 potest)
656 1044 669 1081 :
704 1026 799 1082 sed
833 1036 888 1082 et
927 1025 1243 1095 longissime
1275 1034 1569 1088 semotum,
1600 1040 1719 1079 eam
1763 1025 1997 1092 scilicet,

418 1137 542 1192 quae
580 1120 685 1178 sub
718 1133 942 1175 sensum
973 1119 1142 1184 cadit,
1186 1133 1251 1174 ac
1282 1118 1632 1188 potissimum
1665 1134 1787 1187 quae
1817 1117 2000 1172 anima

419 1221 588 1269 caret.
624 1210 950 1282 Quanquam
979 1210 1124 1265 enim
1152 1209 1336 1264 omnia
1365 1208 1567 1264 divina:
1600 1209 1864 1265 bonitatis
1894 1209 2001 1263 ali-

418 1305 549 1378 quid
588 1306 845 1371 habeant,
868 1311 1050 1358 tamen
1088 1316 1210 1372 quae
1249 1301 1360 1357 vita
1395 1310 1606 1366 carent,
1643 1302 1909 1357 hactenus
1938 1317 2000 1356 ea

418 1400 681 1453 fruuntur
718 1395 863 1466 quod
900 1403 1068 1461 sunt;
1105 1393 1408 1449 animantia
1467 1404 1674 1460 autem,
1727 1406 2002 1463 quatenus

416 1503 472 1545 et
515 1498 663 1553 sunt,
706 1498 758 1544 et
804 1487 969 1542 vitam
1008 1485 1248 1552 habent;
1303 1487 1469 1540 homo
1510 1500 1665 1554 vero,
1729 1497 2003 1556 quau-nus

415 1593 470 1636 et
512 1581 648 1643 haec,
692 1590 747 1634 et
792 1577 1061 1632 rationem
1117 1576 1346 1646 insuper
1398 1576 1602 1643 habet;
1666 1585 1720 1631 at
1774 1576 2001 1646 angelus

416 1672 779 1744 propinquior
811 1672 994 1728 adhuc
1031 1677 1122 1727 est
1172 1668 1309 1735 Deo,
1342 1669 1544 1740 quippe
1590 1667 1998 1733 intellectualis,

414 1780 468 1824 et
503 1769 618 1824 sola
652 1776 837 1824 mente
860 1764 1255 1837 perceptibilis.

2102 584 2259 638 quam
2290 569 2354 623 de
2381 572 2560 624 anima
2594 589 2796 643 quoque
2823 576 2962 642 ipsa,
2987 585 3035 628 et
3069 577 3493 645 intelligibilibus
3526 594 3687 634 natu-

2102 660 2201 720 ris,
2224 676 2341 728 qua:
2370 676 2485 714 eam
2519 675 2790 731 superant,
2815 669 3140 736 praedicatur
3161 683 3180 720 :
3219 670 3485 722 interdum
3508 668 3688 726 autem

2101 755 2310 821 proprie
2339 756 2403 809 de
2432 757 2662 824 simplici
2699 764 2857 827 atque
2888 760 3198 815 indivisibili
3233 772 3428 816 natura
3449 763 3686 828 ‘dicitur,

2104 852 2161 896 ut
2196 843 2291 897 hoc
2329 843 2462 898 loco.
2496 844 2752 901 Nondum
2780 850 2919 903 enim
2954 852 3136 905 anima
3181 862 3318 917 erat,
3348 855 3688 926 quandoqui—

2102 936 2218 990 dem
2249 953 2343 991 nec
2368 938 2543 994 honto.
2573 940 2749 994 Missa:
2785 946 2924 996 enim
2954 944 3088 1013 ﬁant
3126 949 3399 1000 naturales
3427 948 3508 1003 ha:
3534 958 3691 1019 atque

2102 1033 2423 1099 regetutivte,
2466 1048 2584 1101 qua:
2630 1034 2918 1103 improprie
2979 1039 3174 1091 anima:
3231 1056 3421 1093 nomen
3481 1024 3690 1095 sortita:

2103 1132 2248 1175 sunt.
2280 1124 2471 1177 Anima
2498 1125 2757 1195 siquidem
2792 1131 2864 1183 ris
2919 1144 2995 1183 est
3026 1133 3265 1200 organici
3305 1150 3541 1201 corpora
3575 1152 3592 1188 :
3624 1153 3688 1189 ac

2102 1222 2298 1287 planta:
2336 1237 2672 1292 nequaquam
2728 1238 2850 1279 sunt
2905 1231 3192 1295 organicw,
3247 1232 3339 1283 sed
3409 1237 3686 1288 naturales

2102 1307 2388 1363 duntaxat.
2419 1308 2570 1374 Quod
2612 1321 2787 1366 autem
2837 1328 3059 1369 mentem
3091 1332 3329 1373 omnem.
3354 1335 3419 1371 ac
3475 1337 3683 1376 sensum

2103 1414 2307 1452 omnem
2337 1416 2371 1452 a
2431 1404 2606 1470 prima
2636 1415 2809 1457 mente
2837 1416 3119 1472 procreata
3159 1423 3270 1461 esse
3317 1410 3415 1474 ait,
3475 1427 3684 1480 carpere

2103 1503 2257 1547 atque
2273 1491 2525 1546 insectari
2552 1494 2681 1547 mihi
2710 1495 2807 1549 hoc
2838 1496 2952 1550 loco
2976 1500 3203 1562 videtur,
3234 1516 3350 1553 cum
3385 1502 3686 1559 Platonicus

2101 1581 2443 1649 imposturas,
2487 1592 2596 1637 tum
2647 1600 2712 1639 ea
2736 1601 2854 1654 qua:
2894 1586 3224 1644 Jamblichus
3275 1601 3325 1644 et
3357 1590 3689 1663 Porphyrius

2100 1680 2146 1723 et
2188 1668 2415 1726 Proclus
2457 1672 2519 1727 tle
2554 1673 2853 1728 cwlestibus
2896 1676 3119 1744 spha'ris
3159 1694 3287 1733 unite
3322 1693 3477 1748 atque
3517 1686 3691 1753 inepte

2101 1754 2488 1813 disseruerunt.
2562 1758 2755 1815 Omnia
2819 1764 2984 1827 enim,
3040 1781 3157 1835 qute
3216 1768 3344 1822 luna
3408 1775 3691 1839 superiora

486 1859 605 1916 Co].
637 1858 742 1914 630
796 1860 855 1914 υ,
889 1858 1168 1913 Enimvero
1216 1873 1361 1912 ηιεηε
1394 1856 1514 1927 jam
1560 1868 1610 1911 ει
1652 1872 1857 1922 “mm,
1890 1866 1998 1912 etc,
2034 1843 2075 1900 B
2105 1856 2253 1913 sunt,
2295 1849 2477 1904 anima
2508 1852 2739 1920 prazdita
2766 1869 2879 1908 esse
2914 1858 3356 1923 pronuntiarunt.
3395 1860 3691 1936 Theologus

412 1951 522 2007 Per
549 1960 785 2006 mentem
823 1950 1067 2005 hocloco
1116 1949 1512 2021 intelligibilem
1565 1950 1852 2014 mundum,
1894 1949 1999 2003 hoc

412 2049 496 2097 est
523 2040 773 2111 angelos,
815 2038 1117 2109 signiﬁcat;
1155 2054 1251 2110 per
1282 2054 1505 2095 sensum
1531 2050 1737 2105 autem,
1761 2038 2000 2096 sensibi-

413 2133 551 2197 lem,
580 2133 765 2205 aitque
795 2150 810 2188 :
858 2132 924 2189 lli
958 2133 1068 2188 duo
1103 2131 1293 2187 mundi
1324 2131 1465 2187 inter
1506 2148 1565 2188 se
1593 2133 1815 2188 discreti
1857 2132 1997 2187 intra

412 2230 666 2300 proprios
690 2228 824 2282 lines
841 2225 1242 2293 consistebant,
1261 2226 1364 2281 hoc
1383 2236 1490 2290 est,
1518 2226 1782 2295 peculiari
1811 2227 1997 2291 modo,

414 2333 582 2392 atque
627 2320 967 2390 impermiste
1016 2318 1210 2385 creati,
1249 2327 1460 2373 naturae
1496 2334 1610 2374 sua:
1642 2318 1783 2376 lines
1825 2320 2001 2375 haud-

416 2427 696 2485 quaquam
749 2412 1110 2470 excedebant.
1166 2410 1421 2467 Manebat
1455 2410 1599 2465 enim
1657 2411 1998 2467 intelleculis

416 2513 659 2566 mundus
682 2511 735 2565 in
775 2524 877 2565 suo
909 2507 1038 2575 line,
1075 2506 1334 2562 nimirum
1366 2515 1428 2562 ut
1449 2505 1784 2562 intellectilis
1821 2508 1997 2562 solum

416 2612 568 2659 esset
614 2620 628 2656 :
682 2617 749 2658 ac
811 2615 1003 2655 rursus
1050 2598 1331 2655 sensibilis
1385 2598 1438 2652 in
1490 2612 1589 2653 sua
1644 2601 2000 2668 permanebat

419 2704 635 2761 natura,
665 2701 989 2759 tantumque
1030 2690 1309 2746 sensibilis
1368 2698 1508 2745 erat.
1560 2688 1735 2744 Porro
1771 2700 2000 2761 uterque

419 2786 682 2843 bonitatis
707 2796 760 2842 et
784 2784 1042 2855 potentia:
1083 2781 1203 2837 Filii
1243 2781 1335 2838 hei
1370 2783 1635 2839 creatoris
1665 2784 1749 2839 sui
1787 2786 2000 2855 magni-

421 2880 697 2934 ficentiam
754 2878 808 2932 in
839 2877 1021 2948 seipso
1057 2875 1267 2931 ferebat
1325 2881 1492 2945 atque
1534 2875 1883 2939 ostendebat,
1936 2889 2000 2929 ac

421 2985 519 3041 per
559 2969 1030 3025 constructionem
1059 2968 1141 3025 sui
1171 2977 1333 3037 atque
1365 2968 1612 3022 ordinem
1642 2966 1822 3022 tat-itis
1850 2968 1999 3021 voci-

419 3066 525 3131 bus
561 3064 810 3134 opilicem
843 3062 1195 3133 praedicabat,
1257 3061 1415 3131 juxta
1461 3061 1593 3115 illud
1630 3060 1802 3116 :Coeli
1839 3075 1999 3115 enar-

417 3167 540 3211 rant
582 3156 813 3229 gloriam
862 3155 954 3210 Dei
978 3154 1063 3220 εις
1098 3162 1263 3224 atque
1316 3154 1481 3209 etiam
1542 3153 1699 3224 juxta
1743 3153 1795 3208 id
1847 3154 1993 3223 quod

2108 1950 2284 1995 autem
2315 1949 2546 1997 nondum
2584 1947 2852 2000 exstitisse
2912 1949 3150 2004 animam
3185 1952 3355 2018 docet,
3405 1972 3523 2011 cum
3573 1959 3691 2027 jam

2106 2032 2324 2101 spha'rte
2358 2050 2536 2090 omnes
2568 2047 2762 2092 creata:
2804 2052 3000 2095 essent.
3030 2040 3155 2096 Jant
3213 2060 3332 2099 vero
3365 2048 3451 2101 hic
3493 2052 3696 2119 opiﬁcii

2107 2139 2295 2178 manus
2341 2126 2580 2181 diversus
2628 2138 2705 2181 est
2740 2130 2805 2182 ab
2838 2146 2921 2193 eo,
2967 2150 3121 2202 quem
3166 2135 3337 2192 σι·ωεὶ
3394 2140 3692 2212 philosophi

2107 2216 2472 2272 introducunt.
2509 2219 2653 2274 Nam
2704 2222 2810 2287 illi,
2865 2238 2958 2278 nec
3017 2225 3226 2296 Deum,
3270 2246 3361 2285 nec
3417 2243 3692 2302 naturam,

2107 2308 2407 2379 immediate
2433 2311 2719 2383 quidquam
2746 2315 2921 2383 facere
2951 2330 3216 2389 asserunt,
3257 2338 3321 2377 ac
3350 2326 3572 2394 proinde
3602 2345 3693 2384 nec

2106 2410 2221 2468 post
2249 2412 2475 2456 mentem
2511 2405 2757 2472 protinus
2811 2426 3024 2463 sensum
3057 2413 3300 2483 gignunt,
3333 2419 3422 2470 sed
3460 2421 3693 2488 primunt

2107 2490 2416 2559 tleiformem
2449 2504 2692 2561 mentem,
2725 2500 2912 2555 deinde
2942 2505 3345 2573 particularem,
3372 2525 3463 2564 nec
3495 2512 3693 2567 divina:

2109 2585 2297 2638 mentis
2337 2588 2673 2658 participem,
2720 2604 2837 2658 post
2879 2596 3111 2649 animant
3164 2603 3352 2655 mentis
3379 2614 3691 2673 compotem,

2109 2681 2218 2726 tum
2258 2676 2565 2746 simpliciter
2603 2683 2861 2749 animam,
2893 2698 3075 2750 postea
3109 2698 3385 2761 naturam,
3430 2704 3586 2764 atque
3616 2697 3694 2750 ita

2107 2774 2370 2831 postremo
2429 2784 2664 2825 sensum.
2703 2773 2769 2826 At
2821 2791 3044 2845 magnus
3104 2778 3188 2831 hic
3254 2778 3418 2835 Pater
3471 2788 3693 2839 summis

2108 2858 2318 2910 naturis
2340 2862 2631 2927 procreatis
2667 2865 2743 2917 ita
2772 2866 2981 2920 demum
3016 2873 3220 2925 medias
3257 2889 3289 2926 a
3328 2872 3432 2927 Deo
3494 2878 3694 2944 produ-

2112 2964 2225 3003 ctas
2261 2968 2369 3007 esse
2400 2957 2496 3008 ait.
2526 2954 2737 3010 Etenim
2772 2970 2828 3012 ut
2861 2960 2943 3013 illi
2966 2965 3223 3027 rationem
3253 2967 3455 3032 ineunt,
3479 2983 3690 3025 natura:

2109 3043 2284 3097 ordini
2296 3043 2553 3103 subservit
2576 3048 2716 3105 Deus
2731 3060 3012 3108 :utautem
3034 3055 3180 3109 docet
3221 3060 3306 3111 hic
3336 3069 3540 3125 auctor,
3555 3065 3694 3115 ratio

2108 3152 2266 3204 quam
2318 3137 2375 3191 in
2422 3155 2599 3194 rerum
2633 3144 2898 3199 creatione
2941 3151 3130 3215 tenuit,
3163 3159 3372 3205 natura
3418 3150 3553 3221 leges
3604 3169 3696 3206 stt-

417 3248 682 3318 scriptum
712 3255 795 3302 est
830 3246 885 3301 in
947 3246 1089 3302 libro
1120 3244 1418 3315 Sapientia:
1449 3261 1462 3298 :
1494 3242 1578 3299 Ea;
1632 3244 2000 3314 magnitudine
2029 3235 2074 3264 "
2102 3235 2275 3295 μεται-

415 3349 468 3395 et
574 3338 972 3411 pulchritudine
1064 3353 1244 3392 rerum
1326 3347 1630 3390 creatarum
1664 3373 1678 3399 ,
1772 3333 2002 3389 collatus

417 3449 541 3488 cum
613 3433 688 3486 eis
740 3445 925 3486 earum
987 3428 1224 3497 eﬂ‘ector,
1285 3443 1348 3481 ac
1424 3428 1723 3493 fabricator
1788 3427 2001 3496 conspi-

416 3524 647 3581 citnr“.
691 3521 859 3592 Igitur
913 3516 967 3575 lii
1017 3519 1128 3573 duo
1181 3520 1367 3574 mundi
1429 3520 1569 3573 inter
1623 3534 1682 3577 se
1739 3519 2003 3591 disjuncti

418 3626 580 3676 erant
610 3630 674 3669 ac
708 3596 1137 3679 circumscripti.
1173 3608 1431 3666 Nondum
1476 3621 1659 3666 autem
1714 3614 2004 3683 utriusque

421 3714 915 3779 temperaun‘ntum
990 3703 1161 3759 ullum
1225 3712 1364 3770 erat,
1428 3712 1522 3758 aut
1598 3704 2003 3759 contrariorum

422 3800 675 3855 ntistura.
739 3795 1027 3852 Contraria
1095 3795 1241 3849 enim
1305 3805 1434 3850 sunt
1477 3808 1632 3848 mens
1680 3804 1735 3848 et
1784 3810 2002 3858 sensus,

418 3892 588 3962 idque
620 3890 769 3960 quod
799 3887 1026 3944 materia
1062 3893 1296 3951 constat,
1313 3895 1367 3940 et
1394 3884 1541 3955 quod
1572 3885 1798 3941 materia
1830 3894 2000 3941 caret.

417 3982 629 4040 Idcirco
659 3990 839 4037 autem
873 3978 1273 4049 temperamenti
1332 3978 1501 4034 verbo
1553 3993 1687 4034 usus
1743 3987 1848 4046 est,
1874 3981 2004 4051 quia

417 4092 517 4149 per
558 4089 776 4132 omnem
824 4073 1067 4129 hominis
1108 4072 1276 4127 vitam
1317 4070 1537 4125 animus
1585 4086 1617 4127 a
1649 4085 1879 4142 corpore
1920 4073 2002 4129 di-

416 4169 526 4224 vidi
555 4178 610 4224 et
641 4166 890 4237 separari
950 4179 1062 4220 non
1100 4172 1299 4234 potest.
1351 4159 1601 4218 Μίδων-ω
1647 4178 1779 4217 vero
1810 4179 2004 4219 nomen

417 4261 637 4332 adjecit,
688 4267 912 4330 propter
970 4272 1089 4312 eam
1154 4257 1556 4328 separatiouem
1619 4270 1785 4327 quam
1846 4271 1998 4312 mors

420 4357 597 4413 all'ert.
640 4354 952 4422 Numquae
993 4360 1393 4421 temperantur,
1433 4350 1837 4420 separationem
1899 4365 2001 4406 ne-

423 4449 631 4512 sciunt,
666 4443 935 4499 utvinum
972 4451 1025 4496 et
1068 4456 1209 4512 aqua
1244 4457 1259 4494 :
1301 4456 1423 4511 quae
1452 4450 1633 4497 autem
1680 4443 2005 4506 miscentur,

2173 3320 2294 3372 Col.
2325 3318 2425 3374 651
2463 3321 2529 3376 A.
2574 3321 2685 3377 Hoc
2716 3325 2880 3395 igitur
2908 3343 3027 3381 cum
3056 3330 3253 3399 artifex
3299 3330 3548 3399 Verbum,
3580 3342 3689 3388 etc.

2104 3407 2415 3477 Quoniam,
2506 3413 2724 3485 inquit,
2789 3421 3195 3475 contrariorum
3273 3425 3689 3493 permistionent

2104 3499 2220 3556 ﬁeri
2255 3504 2567 3573 oportebat,
2607 3522 2672 3563 ac
2724 3510 2887 3565 veluti
2943 3514 3689 3586 commissuramquamdam

2104 3599 2158 3646 et
2198 3596 2605 3664 colligationem
2670 3600 2901 3656 visibilis
2962 3612 3017 3656 et
3082 3605 3376 3662 imisibilis
3459 3618 3690 3677 naturae,

2107 3684 2267 3740 talem
2307 3687 2585 3744 hominem
2647 3693 2892 3746 condidit
2924 3691 3096 3749 Filius
3129 3694 3247 3760 Dei,
3275 3699 3478 3753 animal
3521 3715 3691 3754 unum

2104 3794 2171 3834 ex
2213 3780 2431 3835 duabus
2487 3783 2704 3838 naturis
2757 3786 3121 3855 compositum
3160 3797 3326 3856 atque
3369 3790 3693 3856 conﬂatum,

2106 3886 2306 3942 corpus
2352 3873 2574 3941 quidem
2614 3890 2682 3928 ex
2714 3882 2889 3940 terra,
2917 3892 3039 3945 qua:
3076 3878 3189 3944 jam
3230 3891 3413 3936 creata
3445 3893 3564 3937 erat
3609 3885 3690 3939 el-

2107 3964 2339 4033 lingens,
2382 3978 2413 4017 a
2439 3964 2621 4034 seipso
2653 3973 2836 4020 autem
2867 3966 3202 4036 spiraculum
3235 3969 3502 4027 inserens.
3534 3974 3693 4041 Quod

2107 4052 2287 4110 autem
2320 4055 2474 4122 dicit,
2520 4072 2555 4110 a
2589 4057 2784 4126 seipso,
2835 4075 2944 4114 non
2999 4059 3144 4116 idem
3181 4064 3454 4133 signiﬁcat
3483 4068 3628 4137 quod
3660 4084 3691 4123 a

2108 4161 2206 4201 Slla
2262 4146 2616 4213 substantia,
2669 4151 3131 4220 quemadmodum
3207 4156 3457 4211 nonnulli
3512 4160 3695 4215 dicere

2108 4236 2233 4291 ausi
2268 4248 2418 4301 sunt,
2455 4239 2550 4293 sed
2585 4239 2654 4293 ab
2686 4238 2964 4297 eﬂectrice
2998 4255 3052 4297 et
3090 4241 3437 4301 fabricatrice
3461 4263 3559 4303 sua
3600 4264 3698 4318 po-

2109 4328 2300 4382 tentia.
2348 4330 2563 4400 Corpus
2611 4331 2757 4386 enim
2810 4348 2880 4388 ex
2930 4335 3251 4405 suhjacente
3290 4340 3541 4405 materia,
3573 4342 3695 4395 ani-

2110 4436 2252 4475 mam
2286 4434 2467 4477 autem
2498 4439 2528 4478 a
2560 4425 2708 4480 nulla
2741 4440 2800 4480 re
2833 4429 3089 4497 sumpsit,
3117 4431 3209 4485 sed
3241 4445 3307 4485 ex
3344 4432 3515 4486 nihilo
3537 4447 3700 4485 crea-

420 4518 652 4611 possunt
695 4535 962 4606 separari,
1024 4544 1084 4589 ut
1141 4535 1387 4589 triticum
1425 4541 1478 4588 et
1514 4534 1800 4588 hordeum.
1835 4534 2002 4588 Porro

2113 4518 2207 4570 rit.
2269 4517 2454 4573 Multis
2504 4529 2687 4574 autem
2761 4523 3076 4578 nominibus
3136 4526 3437 4595 appellatur
3486 4529 3691 4581 anima.

422 4631 539 4685 ha-e
574 4628 979 4684 contrariorum
1017 4625 1249 4681 mistura
1300 4624 1528 4694 majoris
1578 4624 1861 4694 sapientiae
1906 4625 2002 4679 Dei

424 4722 643 4791 signum
667 4718 880 4776 editura
911 4725 1052 4781 erat,
1082 4726 1248 4786 atque
1275 4724 1597 4786 argumento
1625 4714 1831 4780 futura,
1857 4713 2007 4784 quod

423 4814 608 4868 varias
625 4813 790 4867 etiam
820 4821 876 4866 et
908 4808 1237 4878 multiplices
1274 4815 1501 4861 naturas
1535 4806 1758 4861 efﬁcere
1803 4816 2008 4876 posset,

427 4920 489 4959 ac
521 4901 759 4971 profusae
786 4900 961 4970 ipsius
986 4898 1249 4954 bonitatis
1280 4895 1917 4967 specimen-exhibitura.

496 4991 757 5046 PsELLUS.
789 4986 942 5042 Mens
997 4994 1050 5039 et
1097 5001 1313 5040 sensus.
1352 4982 1630 5038 Parentem
1672 4983 1831 5050 huius
1885 4985 2005 5038 uni-

424 5081 692 5135 versitatis
718 5077 966 5133 sclectant
1023 5088 1069 5130 et
1131 5076 1422 5146 principem
1482 5083 1705 5128 utentem
1760 5091 1893 5141 esse,
1926 5076 2005 5131 vel

426 5172 601 5240 potius
630 5170 819 5232 Deum,
851 5180 899 5223 et
934 5167 1161 5233 Bonum,
1199 5178 1246 5220 ct
1283 5165 1479 5230 Unum,
1514 5170 1687 5221 omnia
1712 5184 1827 5236 qua:
1857 5179 2003 5235 sunt,

427 5269 476 5313 et
521 5257 650 5312 nihil
672 5274 854 5311 eorum
881 5273 996 5326 qua:
1032 5268 1171 5321 sunt,
1195 5271 1241 5310 et
1289 5273 1449 5326 supra
1476 5274 1538 5310 ea
1561 5274 1677 5329 qua:
1700 5269 1846 5325 sunt,
1872 5271 1919 5311 et
1953 5260 2006 5312 in

427 5352 495 5403 iis
529 5363 647 5419 qua:
682 5356 804 5400 sunt
849 5345 1239 5399 existimamus.
1269 5345 1407 5415 Ergo
1458 5348 1514 5401 in
1554 5348 1649 5400 hoc
1689 5365 1792 5402 uno
1828 5350 2005 5401 omnia
2032 5336 2046 5355 ’

426 5435 658 5508 inerant,
694 5450 802 5494 tant
830 5437 1185 5500 intellectilia,
1218 5455 1376 5507 quam
1408 5440 1648 5506 sensilia,
1680 5456 1770 5493 nec
1795 5456 2006 5509 separa-

418 5512 543 5598 tim,
577 5550 668 5586 nec
710 5529 947 5600 confuse.
988 5528 1167 5597 Neque
1220 5545 1376 5596 cnnn,
1421 5542 1473 5583 ut
1522 5530 1640 5594 illa,
1675 5532 1766 5584 sed
1799 5543 1853 5583 ut
1893 5531 2002 5594 ille,

428 5628 732 5693 hujusmo.i
772 5627 898 5680 unio
950 5634 1085 5677 erat.
1155 5620 1329 5689 Igitur
1372 5638 1489 5674 cum
1532 5624 1711 5676 omnia
1772 5624 1824 5675 in
1867 5621 2002 5688 Uno,

428 5720 566 5787 quod
605 5731 726 5773 ante
749 5719 929 5773 omnia
957 5728 1055 5779 est,
1094 5713 1253 5769 simul
1284 5724 1479 5779 essent,
1516 5726 1696 5786 postea
1736 5729 2010 5782 processe-

502 5840 547 5870 “
579 5840 726 5898 Psal.
764 5858 920 5909 xvnt,
960 5843 1008 5895 1.
1088 5839 1283 5909 ":Sap.
1323 5856 1443 5907 tun,
1482 5839 1533 5893 5.
1615 5841 1656 5872 “
1696 5839 1834 5897 Gen.
1868 5857 1929 5912 ιι,
1965 5843 2019 5899 7.

2117 4610 2323 4665 Dicitur
2349 4610 2493 4665 enim
2538 4611 2900 4681 spiraculum,
2948 4615 3106 4684 juxta
3156 4617 3289 4672 illud
3330 4635 3343 4671 :
3386 4617 3696 4687 lnsnf/Iarit

2110 4702 2163 4755 in
2218 4703 2408 4771 faciem
2465 4704 2581 4772 ejus
2635 4706 2965 4775 spiraculum
3018 4708 3138 4763 vita:
3167 4709 3235 4762 ⁸⁵.
3276 4710 3488 4766 Dicitur
3530 4717 3696 4766 etiam

2111 4792 2315 4856 anima,
2359 4804 2419 4847 ut
2459 4795 2562 4849 hoc
2611 4795 2732 4851 loco
2767 4811 2782 4849 :
2820 4796 2887 4850 Et
2915 4798 3096 4867 [actus
3126 4810 3205 4853 est
3238 4801 3294 4853 in
3338 4803 3577 4855 animam
3614 4807 3697 4857 ri-
3753 4847 3762 4854 .

2112 4894 2311 4937 rentem
2342 4886 2408 4940 δ’.
2440 4884 2572 4940 Item
2615 4888 2797 4956 imago
2824 4888 2915 4944 Dei
2945 4901 3194 4957 vocatur,
3228 4893 3384 4963 juxta
3416 4896 3544 4949 illud
3575 4914 3587 4949 :
3616 4896 3697 4949 Ad

2110 4978 2393 5046 imaginem
2432 4976 2555 5046 fecit
2582 4995 2697 5032 eum
2730 4980 2794 5034 “.
2838 4982 3010 5035 Porro
3043 4983 3174 5037 illud
3205 5000 3217 5037 :
3256 4987 3337 5038 Ad
3372 4987 3695 5056 imaginem,“

2113 5070 2449 5140 intelligendi
2511 5074 2617 5125 vim
2678 5074 3002 5145 arbitriique
3054 5077 3363 5132 libertatem
3418 5080 3689 5144 ostendit;

2117 5163 2188 5216 ad
2223 5164 2631 5217 similitudinem
2675 5176 2884 5233 autem,
2918 5170 3157 5232 virtutis,
3185 5171 3361 5238 quoad
3412 5173 3531 5240 ejus
3581 5179 3695 5226 non

2117 5266 2316 5323 potest,
2354 5255 2744 5311 imitationem.
2778 5256 3206 5313 lntellectnalem
3241 5269 3422 5313 autem
3456 5264 3691 5314 animum

2115 5346 2423 5416 'l‘beologus
2458 5348 2631 5411 dixit,
2661 5347 2727 5402 ad
2761 5349 3122 5405 differentiam
3160 5352 3357 5403 animus
3403 5355 3691 5405 brutornm

2114 5441 2494 5503 animantium,
2514 5458 2634 5510 qua:
2657 5443 2933 5498 sensibilis
2956 5450 3061 5496 est.
3092 5441 3183 5497 Sic
3217 5444 3380 5512 igitur
3403 5444 3491 5498 Dei
3523 5444 3692 5498 Filzus

2117 5531 2389 5586 hominem
2434 5532 2766 5599 fabricatus,
2801 5534 2954 5603 quasi
2999 5535 3165 5587 alium
3201 5541 3495 5604 quemdam
3530 5554 3692 5589 llltlll-

2114 5626 2242 5679 dum
2275 5626 2341 5678 ab
2368 5642 2430 5678 eo
2458 5626 2549 5695 qni
2587 5635 2806 5695 aspectu
2853 5629 3106 5691 sentitur,
3139 5629 3315 5697 ipsum
3348 5631 3398 5681 in
3427 5646 3491 5682 eo
3522 5631 3697 5683 collov

2122 5729 2230 5782 cat,
2269 5732 2525 5785 magnum
2563 5718 2821 5771 nimirum
2857 5718 2911 5772 in
2950 5734 3135 5775 parvo.
3173 5724 3458 5777 [tentumitt
3482 5724 3697 5789 senim,

2098 5845 2139 5875 "
2172 5842 2306 5896 lbid.
2385 5838 2429 5871 ’⁵⁸
2456 5838 2591 5895 Gen.
2632 5841 2789 5907 1,27.
