4116 6438
428 392 567 481 ιδξό

1394 426 1715 488 NICETAS
1760 428 1841 488 IN
1883 427 2110 490 ΟΠᾹΤ.
2156 433 2320 493 XLII
2366 433 2427 496 S.
2469 438 2699 498 GREG.

3554 396 3705 502 133a

425 572 551 611 cum
584 562 787 614 mttndo
813 559 868 615 in
898 562 1184 618 oculorum
1209 580 1433 621 sensum
1466 568 1696 626 cadente
1718 570 1987 626 hominem

2107 555 2480 621 astrinxit,ac
2540 574 2635 627 per
2689 566 2921 611 mortem
2979 566 3217 628 separat,
3274 574 3577 629 rursusque
3633 562 3688 615 in

420 666 770 719 comparans,
792 655 989 725 μικρὸν
1010 657 1237 731 κόσμον,
1262 660 1337 733 ιιι,
1354 669 1438 716 est
1474 679 1695 733 parvum
1720 665 1998 733 mundum,

418 756 545 794 eam
578 742 915 808 nominabat,
944 748 1088 801 velut
1111 764 1178 802 es
1206 749 1397 806 mundi
1427 752 1714 811 elementis
1741 766 2000 811 constan-

422 844 550 888 tem.
607 836 675 889 At
722 838 997 893 contrario
1040 841 1202 912 plane
1258 844 1421 897 modo
1470 860 1703 916 magnus
1758 847 2000 903 mundus

417 925 586 980 homo
616 927 882 985 dicendus
911 941 1018 994 est,
1050 943 1237 1004 utpote
1264 936 1357 1004 qui
1390 944 1444 991 et
1470 953 1533 992 ea
1558 939 1740 993 omnia
1778 939 1995 1007 habeat,

417 1035 540 1087 qua.-
570 1022 847 1079 sensibilis
896 1024 1156 1091 mundus,
1187 1042 1252 1081 ac
1283 1038 1543 1098 praeterea
1577 1028 1997 1087 intellectualem

415 1123 470 1167 et
496 1113 815 1168 rationalem
843 1115 1110 1183 animam,
1142 1120 1212 1173 ob
1244 1134 1406 1188 quam
1438 1128 1492 1176 et
1516 1112 1750 1191 angelus
1782 1139 2000 1194 quoque

416 1204 560 1259 alius
583 1216 685 1271 est,
718 1204 811 1261 Dei
857 1208 1136 1275 adorator,
1174 1212 1369 1269 mistus
1407 1230 1474 1269 ex
1504 1216 1719 1272 duabus
1762 1218 1997 1284 naturis,

417 1296 690 1353 visibilem
737 1299 959 1370 quidem
995 1315 1247 1359 naturam
1273 1347 1288 1371 ,
1328 1306 1382 1360 in
1415 1322 1635 1363 sensum
1683 1311 1996 1377 cadentem,

415 1391 590 1447 oculis
631 1408 909 1451 cernens:
952 1395 1312 1467 intelligihilia
1369 1409 1550 1456 autem
1609 1416 1677 1459 ac
1752 1405 1999 1459 coelestia

415 1499 524 1538 non
572 1500 831 1551 cernens,
867 1488 965 1544 sed
997 1490 1067 1547 iis
1114 1491 1459 1555 iuitiatus,ct
1512 1510 1700 1551 eorum
1752 1498 1997 1569 quidem,

415 1594 539 1646 qum
569 1594 598 1632 a
643 1577 753 1633 Deo
793 1580 846 1635 in
896 1590 1036 1637 terra
1077 1585 1297 1640 condita
1345 1598 1474 1642 sunt
1504 1590 1871 1659 principatum
1908 1608 1999 1662 ge-

416 1684 563 1734 rens,
607 1669 720 1736 ipse
758 1682 940 1727 autem
991 1674 1082 1729 Dei
1125 1677 1353 1744 imperio
1402 1680 1722 1749 subjectus,
1753 1684 1999 1739 mortalis

413 1760 850 1833 immortalisque
899 1780 1106 1821 natura:
1150 1772 1401 1825 continis.
1442 1772 1648 1827 Medius
1688 1774 1830 1830 inter
1882 1793 1998 1831 ma-

2108 650 2512 705 resurret'tione
2540 651 2919 719 excellentius,
2972 667 3133 721 quant
3186 654 3365 722 primo
3397 653 3489 706 illo
3522 670 3691 713 nexu.

2104 741 2509 797 constricturns
2549 752 2654 808 est,
2695 743 2824 812 quia
2858 745 2970 814 jam
3022 758 3120 799 uec
3175 744 3282 799 ulla
3318 745 3540 810 solutio,
3592 762 3693 800 ure

2105 834 2425 900 coniunctio
2458 834 2641 889 futura
2670 846 2775 891 est.

2175 924 2292 980 Col.
2321 925 2418 981 651
2453 925 2511 979 Β.
2549 927 2681 982 Illud
2724 934 2783 982 ut
2831 936 3068 993 maneat,
3115 937 3217 981 etc.
3262 924 3455 981 Anima
3486 928 3540 982 in
3575 938 3686 980 sta-

2105 1017 2310 1072 bilitate
2335 1029 2384 1072 et
2416 1022 2718 1074 constantia
2749 1029 2904 1090 atque
2927 1021 3201 1074 identitate
3229 1021 3445 1074 condita
3475 1021 3649 1091 fuerat
3669 1046 3691 1084 ε

2105 1124 2297 1174 corpus
2340 1120 2515 1163 autem
2552 1112 2606 1165 in
2639 1112 2933 1165 mutatione
2959 1123 3118 1183 alque
3148 1113 3485 1168 alteratione.
3517 1113 3691 1184 Atque

2105 1212 2161 1254 ut
2198 1202 2253 1255 in
2284 1219 2466 1272 genere
2498 1203 2698 1267 dicam,
2741 1221 2930 1274 corpus
2970 1207 3179 1276 quidem
3215 1206 3491 1275 a/j‘ectibus
3533 1216 3690 1261 antea

2103 1295 2513 1366 haudquaqnant
2542 1297 2743 1351 vitiosis
2776 1298 3069 1367 subjectum
3103 1308 3219 1353 erat
3252 1317 3270 1353 :
3299 1300 3479 1353 anima
3510 1314 3690 1354 autem

2105 1388 2170 1440 ab
2204 1386 2512 1457 hujusmodi
2556 1390 2717 1443 etiam
2770 1390 3047 1459 affectibus
3098 1391 3349 1445 immunis
3384 1401 3519 1445 erat.
3552 1392 3688 1445 Pro-

2104 1482 2225 1536 inde
2270 1483 2450 1536 anima
2492 1482 2548 1535 in
2602 1483 2799 1552 seipsa,
2838 1481 2977 1537 velut
3012 1481 3065 1537 in
3099 1482 3391 1553 exemplari
3417 1483 3689 1540 Creatoris

2102 1574 2186 1627 sui
2218 1573 2468 1643 imagine,
2495 1574 2700 1627 divinas
2728 1574 2929 1644 formas
2970 1575 3321 1646 conspiciens,
3348 1575 3690 1633 Conditorem

2100 1683 2254 1720 suum
2302 1667 2600 1721 celebrabat
2648 1676 2804 1737 atque
2861 1667 3140 1735 laudabat,
3172 1668 3249 1723 vel
3277 1686 3368 1739 per
3414 1671 3690 1740 propriam

2048 1758 2055 1765 ’
2102 1760 2457 1829 constantiam
2507 1769 2560 1813 et
2610 1761 2994 1814 immutabilem
3050 1760 3404 1824 identitatem,
3450 1763 3689 1817 eamdem

413 1855 750 1924 gnitudinem
779 1860 1239 1925 ethumilitatem,
1274 1865 1356 1918 vel
1399 1875 1457 1921 ut
1491 1866 1632 1923 inter
1664 1868 1987 1925 immortali-

2102 1867 2306 1921 quoque
2358 1851 2422 1906 de
2471 1851 2659 1922 opi/ice
2710 1868 2805 1906 suo
2855 1853 3154 1922 opinionem
3217 1852 3465 1908 habebat.
3513 1853 3687 1908 lloma

414 1955 582 2002 tatem
614 1958 670 2004 et
698 1952 1080 2008 mortalitatem
1115 1955 1346 2022 p0situs,
1384 1972 1449 2012 ac
1483 1973 1584 2014 nec
1617 1959 1722 2015 hoe
1756 1964 1993 2032 proprie,

414 2056 516 2096 nec
553 2042 682 2097 illud
715 2045 997 2113 (utrinque
1030 2047 1178 2101 enim
1222 2048 1480 2105 libratum
1513 2067 1639 2108 eum
1672 2054 1815 2111 Deus
1842 2072 1995 2112 crea-

421 2132 520 2197 vit,
557 2133 810 2188 videlicet
840 2134 1142 2193 observans
1169 2148 1349 2195 utram
1402 2141 1454 2195 in
1503 2151 1711 2212 partem
1759 2161 1995 2217 propen-

415 2221 568 2292 deat)
610 2225 692 2280 vel
737 2236 795 2280 nt
819 2227 1061 2283 simulet
1093 2230 1487 2299 magnitudinis
1529 2243 1740 2291 natura:
1781 2237 1995 2293 intelle-

384 2314 554 2371 -ctilis
607 2327 662 2372 et
712 2318 1040 2377 humilitatis
1099 2331 1307 2378 natura:
1368 2325 1642 2382 sensibilis
1695 2330 1992 2400 particeps.

406 2410 586 2480 Atque
616 2411 756 2467 idem
814 2414 1043 2482 spiritus
1080 2424 1133 2469 et
1171 2430 1302 2471 caro
1333 2426 1435 2473 est.
1481 2417 1721 2488 Spiritus
1768 2423 1990 2491 quidem

407 2500 592 2555 anima
620 2509 705 2557 est
733 2513 951 2573 propter
974 2504 1233 2574 gratiam,
1260 2514 1324 2569 ,ιιι
1354 2508 1682 2564 immortalis
1703 2511 1800 2577 sit,
1835 2515 1995 2567 tanti-

407 2605 516 2658 que
545 2592 793 2649 benelicii
826 2607 1107 2650 auctorem
1140 2596 1327 2653 laudet
1355 2616 1369 2653 :
1401 2613 1533 2654 caro
1561 2609 1741 2656 autem
1773 2616 1992 2671 promer

407 2682 762 2752 superbiam,
822 2697 882 2740 ut
938 2701 1035 2756 per
1085 2702 1286 2756 corpus
1328 2689 1587 2758 patiatur,
1620 2707 1683 2746 ac
1730 2693 1988 2762 patiendo

406 2774 823 2840 submoneatur,
865 2778 1011 2846 quod
1045 2788 1189 2834 terra
1234 2789 1337 2843 est.
1364 2789 1529 2852 atque
1559 2783 1654 2849 ita,
1689 2786 1735 2840 si
1772 2788 1990 2855 quando

404 2874 627 2936 propter
667 2878 904 2924 mentem
935 2869 1228 2939 edet-stur,
1280 2881 1500 2943 pr0pter
1523 2882 1729 2932 terram
1760 2878 1987 2948 deiicia-

406 2969 518 3014 tur.
551 2961 771 3016 Animal
821 2964 874 3018 iu
908 2966 1159 3033 prasenti
1209 2966 1430 3035 quidem
1478 2968 1589 3024 vita
1641 2985 1737 3040 per
1779 2982 1984 3027 certam

405 3054 806 3121 providentiam
840 3056 1029 3111 virens
1073 3066 1127 3111 et
1172 3059 1533 3127 gubernatum
1574 3077 1588 3114 :
1624 3063 1690 3115 ad
1742 3063 1984 3118 futurum

405 3153 587 3199 autem
611 3148 873 3201 saeculum
914 3148 1336 3218 transmigrans.
1378 3150 1534 3216 Quod
1573 3152 1616 3206 si
1647 3152 1771 3223 quis
1796 3154 1983 3210 dicat:

2100 1943 2286 2013 igitur,
2316 1944 2412 1997 hoc
2447 1956 2549 2009 est,
2575 1944 2673 1998 illa
2700 1944 2936 2015 corporis
2968 1946 3267 2013 animaque
3292 1947 3542 2010 mistura,
3566 1963 3688 2000 cum

2100 2041 2279 2094 omnia
2317 2056 2415 2095 sua
2443 2040 2609 2110 ipsius
2630 2056 2790 2094 causa
2830 2040 2977 2109 facta
3012 2056 3121 2095 esse
3152 2049 3408 2106 cerneret,
3448 2041 3518 2096 ad
3547 2042 3687 2095 hunc

2100 2135 2339 2187 morbum
2372 2133 2599 2203 fortasse
2651 2132 3056 2204 impellebatur,
3085 2145 3141 2187 ut
3169 2150 3224 2188 se
3270 2135 3528 2203 a'qualem
3579 2133 3686 2188 Deo

2097 2244 2211 2283 esse
2274 2227 2626 2282 existimaret.
2657 2226 2725 2279 At
2788 2242 2977 2296 corpus
3038 2242 3103 2281 ea:
3153 2216 3327 2280 altera
3380 2237 3530 2297 parte
3588 2228 3685 2281 de-

2097 2336 2357 2392 pressum,
2388 2320 2714 2389 propriisque
2755 2319 3031 2388 affectibus
3089 2318 3441 2384 abstractum,
3490 2338 3523 2374 a
3582 2336 3686 2374 co:-

2098 2412 2314 2467 lestibus
2349 2411 2588 2465 avulsam
2619 2411 2854 2465 animam
2880 2412 3126 2465 deorsum
3159 2412 3479 2476 retrahebat,
3527 2420 3685 2483 atque

2097 2505 2152 2558 in
2179 2520 2335 2559 suum
2374 2504 2733 2572 prazcipitium
2768 2503 2986 2573 urgebat
3016 2512 3067 2557 et
3095 2503 3418 2573 impellebat.
3457 2504 3534 2557 Ac
3569 2514 3683 2558 tum

2093 2597 2293 2650 scilicet
2324 2596 2501 2660 homo,
2544 2612 2599 2650 se
2650 2596 2845 2650 anima:
2888 2596 3198 2665 dignitatem
3250 2613 3353 2650 non
3398 2614 3430 2649 a
3478 2614 3534 2650 se
3584 2599 3685 2650 Ita-

2094 2687 2291 2751 buisse,
2310 2687 2401 2741 sed
2434 2686 2707 2743 Creatoris
2734 2687 2986 2755 beneﬁcio
3022 2689 3283 2756 accepisse
3313 2690 3677 2760 cognoscebat.

2094 2779 2331 2835 Proinde
2351 2820 2366 2843 ,
2421 2778 2550 2832 dum
2598 2778 2914 2834 insolentius
2965 2779 3285 2848 efferebatur
3309 2819 3323 2842 ,
3354 2797 3384 2832 a
3414 2782 3680 2849 corporeis

2093 2872 2458 2942 afflictionibus
2504 2870 2977 2940 commonefactus,
3024 2869 3282 2923 sentiebat
3321 2886 3376 2923 se
3416 2871 3683 2939 magnitu-

2093 2964 2214 3018 dine
2263 2964 2508 3033 gloriari,
2561 2963 2618 3017 id
2642 2972 2762 3027 est,
2814 2966 2953 3031 quod
3012 2962 3207 3015 animle
3259 2963 3678 3032 magnitudinem

2089 3058 2560 3126 pra'stantiamque
2605 3056 2798 3109 eximio
2828 3052 3128 3110 Conditoris
3161 3057 3246 3109 srii
3292 3055 3540 3123 beneﬁcio
3587 3072 3681 3108 ac-

2092 3149 2403 3217 cepisset.—
2434 3149 2548 3219 (l6)
2578 3148 2792 3203 Animal
2817 3147 2904 3201 hic
2929 3148 3076 3201 varie
3101 3148 3488 3217 gubernatum,
3514 3158 3679 3217 atque

406 3236 695 3303 Quomodo
741 3238 902 3307 igitur
951 3240 1219 3306 Adamus,
1291 3244 1537 3298 nondum
1593 3245 1804 3314 lapsus,
1863 3247 1986 3301 talis
2016 3233 2057 3287 (ἶ
2096 3241 2203 3294 alio
2253 3241 2587 3308 demigrans.
2627 3238 2795 3305 Nam,
2855 3239 3061 3292 ratione
3097 3239 3478 3307 prcescientiaz,
3518 3241 3681 3293 etiam

404 3328 630 3385 ell‘ectus
675 3341 760 3386 est
816 3329 1082 3402 (nondum
1151 3334 1299 3387 enim
1363 3336 1558 3391 mortis
1624 3340 1893 3394 sententia
1933 3340 1986 3393 in

336 3446 353 3456 -
404 3436 529 3476 eum
553 3422 903 3491 pronuntiata
950 3422 1148 3493 fuerat)
1175 3433 1234 3478 ut
1261 3435 1483 3495 prepter
1511 3441 1714 3496 corpus
1744 3430 1987 3486 mortalis

405 3527 578 3578 esset,
609 3525 661 3571 et
714 3524 938 3586 propter
984 3516 1224 3571 animam
1281 3518 1647 3574 immortalis?
1688 3521 1985 3576 Dicendum

405 3604 531 3659 ideo
564 3604 769 3661 laetum
801 3623 945 3672 esse,
977 3608 1106 3677 quia
1151 3607 1295 3663 Deus
1324 3606 1567 3665 futuram
1603 3610 1777 3680 ipsius
1810 3620 1987 3668 trans-

405 3695 771 3765 gressionem,
803 3711 1145 3768 mortemque
1177 3700 1246 3754 aI)
1269 3714 1333 3754 ea
1366 3710 1803 3768 promanautem,
1846 3718 1987 3772 prat-

403 3785 632 3849 sciebat,
684 3788 900 3843 tametsi
940 3788 1178 3844 medium
1235 3790 1377 3845 inter
1424 3790 1891 3847 immortalitatem
1932 3804 1987 3849 et

405 3878 792 3933 mortalitatem
844 3879 1021 3949 ipsum
1070 3883 1360 3938 creaverit.
1397 3885 1490 3939 Vel
1540 3887 1708 3940 etiam
1765 3896 1984 3956 propter

404 3973 714 4029 universam
747 3975 938 4031 Adamt
974 3978 1371 4045 posteritatem,
1392 3978 1474 4033 vel
1509 3986 1567 4033 ut
1597 3979 1741 4035 illius
1775 3990 1983 4036 natura:

405 4068 743 4138 participem,
772 4067 888 4125 Ιιεεε
937 4070 1101 4124 verba
1144 4069 1370 4139 protulit
1425 4069 1753 4141 Theologus.
1790 4072 1987 4127 Extre-

405 4173 579 4224 mum,
613 4159 810 4229 inquit,
843 4162 1109 4231 mysterii,
1167 4161 1272 4217 hoc
1315 4170 1419 4228 est,
1453 4171 1512 4217 ut
1548 4164 1713 4218 homo
1748 4174 1883 4219 nutu
1931 4176 1986 4219 et

403 4252 757 4309 subvectione
785 4254 852 4310 ad
897 4255 1066 4310 Deum
1120 4256 1249 4311 deus
1280 4255 1564 4312 efﬁciatur.
1600 4258 1767 4314 Deum
1800 4269 1982 4315 autem

404 4343 545 4411 lieri,
600 4353 683 4399 est
732 4344 1154 4422 illuminatjonis
1202 4347 1402 4402 divinae
1448 4349 1770 4419 participem
1817 4351 1980 4407 ﬁeri:

402 4452 513 4490 non
553 4446 733 4491 autem
782 4438 849 4491 ad
892 4440 1132 4493 divinam
1176 4439 1474 4494 essentiam
1518 4442 1777 4512 migrare.
1810 4442 1981 4500 Porro

402 4530 642 4586 hominis
666 4530 735 4585 ad
778 4529 946 4585 Deum
979 4532 1282 4596 subvectio,
1315 4533 1595 4588 industriae
1619 4551 1683 4590 ac
1716 4536 1981 4591 sedulita-

402 4625 475 4679 tis
510 4622 671 4695 hujus
718 4625 845 4679 vita:
891 4639 1027 4694 opus
1070 4633 1154 4679 est
1187 4640 1201 4680 :
1237 4624 1749 4695 divinitatisautem
1786 4643 1980 4684 conse-

398 4718 571 4784 cutio,
624 4716 793 4772 l'uturi
842 4717 1027 4771 saeculi
1075 4718 1377 4783 prauuium.
1433 4716 1568 4774 Nam
1603 4735 1728 4775 cum
1784 4722 1836 4775 in
1885 4722 1979 4778 Dei

396 4808 755 4879 materiaeque
803 4807 1041 4863 conﬁnio
1085 4809 1251 4879 positi
1296 4808 1503 4876 simus,
1550 4811 1596 4865 si
1637 4811 1857 4880 quidem
1911 4815 1978 4868 ad

396 4901 679 4956 materiam
734 4900 1096 4967 declinemus,
1146 4899 1317 4957 crassi
1372 4917 1438 4957 ae
1497 4904 1803 4959 materiales
1856 4921 1870 4958 :
1931 4906 1978 4960 si

398 5001 580 5047 autem
611 4996 677 5046 ad
723 4992 894 5049 Deum
939 4993 1261 5061 tendamus,
1299 4994 1469 5049 divini
1504 5004 1670 5065 atque
1713 4996 1850 5052 adeo
1901 4998 1977 5053 dii

403 5085 778 5139 nominamur.
811 5083 891 5140 Eo
930 5084 1130 5140 etenim
1182 5085 1319 5141 mihi
1356 5088 1527 5143 tendit
1558 5090 1754 5160 exigua
1816 5089 1979 5159 hujus

396 5177 522 5232 vita:
551 5178 792 5247 cognitio
823 5176 1177 5247 veritatisque
1208 5181 1509 5249 perceptio,
1537 5189 1597 5236 ut
1633 5182 1724 5238 Dei
1756 5183 1977 5240 clarita-

398 5280 506 5325 tem
538 5271 773 5336 videam,
805 5286 979 5342 eaque
1030 5269 1254 5328 alliciar.
1298 5270 1773 5339 Quemadmodum
1826 5277 1974 5333 enim

397 5363 452 5417 id
491 5360 639 5432 quod
693 5362 805 5434 igni
854 5363 1225 5434 propinquum
1274 5374 1391 5430 est,
1443 5381 1677 5438 eamque
1722 5376 1975 5424 naturam

398 5454 595 5519 habet,
629 5464 689 5509 ut
736 5455 995 5525 patiatur,
1041 5456 1314 5511 ﬂammam
1365 5459 1607 5531 concipit
1644 5476 1658 5514 :
1696 5459 1777 5515 sic
1808 5460 1974 5517 etiam

393 5546 564 5601 animi
591 5547 647 5601 in
684 5548 789 5603 hac
823 5548 930 5603 vita
959 5549 1027 5604 ad
1076 5548 1247 5604 Deum
1289 5551 1498 5606 evectio
1527 5562 1688 5622 atque
1737 5553 1977 5623 conjun-

396 5638 508 5693 ctio
556 5637 751 5696 futurae
792 5640 916 5696 vita:
944 5641 1340 5699 deitieationem
1385 5643 1547 5700 nobis
1575 5645 1857 5709 conciliat,
1887 5645 1976 5701 di-

395 5743 557 5799 gnam
586 5731 717 5798 Deo,
750 5731 844 5802 qui
877 5733 1115 5788 animam
1138 5746 1263 5788 cum
1289 5748 1523 5804 corpore
1552 5734 1709 5807 quasi
1738 5735 1973 5794 vinculis

472 5887 584 5961 (l6)
612 5889 735 5948 "me
764 5890 1013 5946 videntur
1059 5909 1180 5952 esse
1207 5891 1388 5950 I‘selli.

2096 3350 2213 3405 qua:
2267 3338 2498 3387 nondum
2548 3330 2696 3401 facta
2730 3340 2901 3397 erant,
2946 3332 2998 3384 in
3046 3330 3224 3384 eodem
3268 3330 3402 3396 loco,
3452 3349 3555 3402 quo
3591 3349 3677 3393 ea.

2094 3444 2213 3497 qua!
2236 3426 2428 3495 ﬁebant
2471 3435 2563 3479 aut
2584 3425 2730 3493 facta
2760 3424 2992 3494 fuerant,
3025 3426 3165 3493 apud
3204 3424 3366 3478 Deum
3394 3427 3678 3479 censeban-

2099 3526 2207 3571 tur.
2244 3514 2405 3571 Varie
2432 3516 2820 3586 gubernatum.
2851 3513 2945 3571 Cr.
2980 3514 3464 3586 οἰκονομούμενοι).
3507 3513 3682 3568 (Eco-

2096 3611 2272 3665 nomia
2306 3619 2481 3663 autem
2505 3618 2604 3675 est,
2643 3608 2783 3679 ejus,
2811 3608 2951 3679 quod
2996 3609 3335 3679 dispensatur
3368 3625 3429 3662 ac
3458 3610 3679 3679 regitur,

2092 3702 2243 3756 varia
2293 3699 2672 3769 multiplexque
2718 3700 3050 3771 gubernatio,
3081 3700 3151 3753 ad
3178 3700 3293 3767 eius
3342 3706 3679 3755 commodum

2094 3792 2485 3862 utilitatemque
2511 3809 2543 3845 a
2572 3793 2910 3861 dispensante
2946 3791 3214 3845 instituta.
3250 3790 3390 3845 Nam
3423 3808 3517 3844 nos
3545 3807 3678 3860 quo-

2093 3905 2192 3961 que
2227 3887 2536 3942 tumoribus
2576 3897 2623 3941 et
2667 3885 3025 3955 voluptatibus
3066 3884 3446 3955 gubernamur,
3488 3902 3678 3939 secuno

2092 3983 2285 4036 durum
2315 3997 2489 4033 rerum
2516 3978 2961 4048 adversarumque
2985 3978 3220 4044 casibus,
3256 3977 3443 4031 timore
3477 3988 3525 4030 et
3574 3995 3674 4031 au-

2091 4075 2268 4139 dacia,
2299 4082 2608 4144 paupertate
2644 4082 2692 4126 et
2718 4072 2938 4137 divitiis,
2985 4073 3290 4140 cazterisque
3319 4071 3486 4140 hujus
3517 4088 3675 4143 gene-

2093 4170 2295 4232 ris;ac
2336 4175 2518 4235 postea
2564 4165 2633 4219 ad
2665 4164 2889 4219 alterunt
2945 4164 3108 4219 vitam
3153 4166 3463 4235 ntigramus.
3494 4193 3553 4218 τ
3609 4164 3676 4219 Ει

2092 4261 2236 4331 quod
2256 4258 2496 4331 mysterii
2527 4267 2832 4314 extremum
2861 4265 2966 4322 est,
2998 4256 3053 4311 id
3086 4267 3183 4322 est,
3210 4266 3365 4326 caput
3389 4267 3438 4311 et
3465 4272 3675 4311 summa

2094 4355 2254 4409 totius
2309 4352 2554 4406 humana:
2593 4351 2716 4405 vita:
2756 4350 3166 4420 dispensationis
3218 4365 3279 4403 ac
3318 4350 3671 4420 migrationis.

2090 4446 2259 4501 Porro
2291 4455 2450 4499 nutus
2484 4453 2534 4498 et
2565 4444 2824 4498 subvectio
2854 4444 2922 4497 ad
2960 4443 3117 4514 hujus
3161 4444 3284 4499 vita:
3317 4442 3674 4513 dispensatio.

2092 4555 2208 4595 nem
2266 4538 2539 4605 referenda
2577 4546 2654 4592 est
2699 4554 2718 4590 :
2759 4536 3061 4591 divinitatis
3102 4547 3279 4592 autem
3326 4537 3560 4606 adeptio,
3604 4535 3674 4589 ad

2087 4641 2355 4701 posteram
2401 4632 2586 4685 vitam.
2629 4629 2817 4684 Mentis
2868 4629 3007 4685 enim
3049 4628 3118 4682 ad
3170 4628 3340 4683 Deum
3386 4628 3671 4693 subvectio,

2089 4725 2371 4778 industria:
2431 4738 2564 4792 opus
2612 4732 2720 4787 est,
2770 4730 2818 4775 et
2862 4722 3116 4774 virtutum
3150 4719 3372 4774 cultus:
3404 4720 3671 4785 deiﬁcalio

2088 4828 2291 4878 autem,
2327 4817 2500 4869 onmis
2530 4816 2656 4867 actit
2676 4815 2757 4867 nis
2794 4822 2845 4866 et
2890 4811 3350 4879 contemplationis
3382 4821 3457 4863 est
3490 4812 3674 4864 termi-
3734 4851 3744 4861 .

2086 4928 2207 4966 nus.
2241 4908 2421 4973 Quare
2446 4922 2550 4960 non
2594 4904 2820 4973 simplex
2845 4911 2921 4956 est
2953 4903 3053 4956 ista
3080 4902 3249 4956 animi
3284 4903 3353 4956 ad
3389 4902 3551 4955 Deum
3582 4901 3672 4954 in-

2085 5002 2328 5059 clinatio.
2356 4997 2586 5052 Proinde
2629 5013 2798 5066 opera:
2834 4996 3061 5066 pretium
3091 5004 3167 5049 est
3197 5011 3505 5066 cognoscere
3542 5006 3668 5066 quot

2086 5111 2167 5150 res
2204 5094 2341 5147 inter
2395 5106 2487 5142 nos
2527 5105 2588 5141 ac
2620 5087 2786 5140 Deum
2826 5086 3115 5156 interjectte
3149 5090 3279 5141 sint.
3314 5087 3552 5143 Primum
3588 5089 3671 5141 in-

2085 5184 2405 5242 accessibilis
2436 5181 2533 5234 illa
2556 5180 2747 5249 caligo,
2785 5195 2942 5246 quam
2975 5181 3060 5233 via:
3096 5196 3325 5250 unquam
3359 5179 3576 5252 quidam
3603 5198 3668 5235 ea:

2085 5292 2287 5340 eorum,
2320 5275 2409 5345 qui
2446 5274 2651 5326 ratione
2677 5271 2889 5341 pra’diti
2913 5283 3058 5337 sunt,
3084 5272 3268 5325 ordine
3305 5274 3667 5343 pt'tetergressi

2083 5378 2208 5425 sunt
2241 5381 2260 5421 :
2295 5366 2485 5420 deinde
2511 5365 2764 5433 angelicte
2795 5365 3030 5428 virtutes,
3062 5375 3177 5434 post
3210 5365 3489 5435 caliginem
3513 5363 3667 5418 illam

2080 5461 2360 5532 proxima',
2392 5474 2508 5529 qua:
2545 5457 2609 5510 ab
2656 5472 2760 5510 uno
2806 5456 3088 5524 prodeunt,
3119 5466 3168 5510 et
3201 5458 3430 5509 unitates
3478 5457 3667 5509 dicun-

2083 5562 2188 5617 tur,
2224 5562 2335 5606 tum
2367 5566 2511 5604 meus
2548 5548 2853 5612 dimidiata,
2881 5549 2936 5602 in
2969 5565 3128 5619 quam
3152 5548 3259 5603 illa:
3286 5550 3663 5602 terminantur:

2079 5654 2262 5714 postea
2305 5641 2659 5712 particulares
2703 5641 2948 5711 qutedam
2998 5651 3220 5706 mentes,
3270 5655 3414 5696 mox.
3444 5641 3663 5705 animle,

2082 5746 2192 5793 tum
2224 5745 2431 5792 natura:
2456 5743 2506 5789 et
2530 5750 2776 5804 corpora,
2811 5750 2874 5788 ac
2911 5744 3171 5803 postremo
3198 5733 3445 5788 materia.
3480 5731 3537 5789 Is
3563 5734 3665 5805 igi-
