4116 6412
428 351 557 420 1331

1863 358 2218 419 ADDENliA
2231 404 2243 420 .

3561 363 3704 432 1333

424 479 534 531 tur,
567 467 657 538 qui
706 467 1036 523 divinitatem
1088 467 1315 537 adipisci
1350 474 1528 538 parat,
1564 467 1796 537 primum
1833 484 1887 522 se
1936 468 2005 520 ad
2038 475 2078 529 Α
2112 470 2377 540 nec’infra
2426 480 2679 525 naturam
2735 473 3008 527 conditum
3057 481 3159 537 est,
3202 489 3295 528 nec
3337 481 3533 529 natura
3591 492 3706 530 cor-

427 564 665 618 aninmm
698 570 963 617 convertat
1004 573 1051 615 et
1084 560 1301 631 colligat
1334 576 1540 615 necesse
1574 568 1672 624 est,
1703 560 1895 614 deinde
1920 575 2011 627 per

425 671 542 710 ram
573 654 642 708 ad
669 663 912 716 mentem,
946 669 1131 706 rursus
1163 668 1254 721 per
1286 664 1512 709 mentem
1532 653 1600 707 ad
1626 669 1688 707 ea
1718 668 1837 724 quin
1860 668 2012 721 supe-

428 749 576 803 riora
605 754 748 813 sunt,
777 763 839 800 ac
857 747 1079 815 denique
1109 762 1202 816 per
1217 763 1275 800 ea
1299 747 1368 799 ad
1401 746 1567 801 Deum
1594 746 1793 801 tendat.
1823 746 1890 800 At
1921 760 2013 799 nec

429 842 521 913 qui
548 839 617 893 ad
641 840 875 894 animam
916 840 1141 907 seipsuni
1169 838 1425 893 convertit
1471 854 1534 893 ac
1574 839 1833 901 subvexit,
1874 837 2014 890 divi-

428 932 650 986 nitatem
694 940 1006 984 consecutus
1051 939 1149 991 est,
1187 946 1278 983 nec
1303 930 1393 1000 qui
1430 929 1499 983 ad
1528 937 1777 982 mentem.
1822 927 2013 984 Verum

427 1022 521 1077 itte
568 1020 821 1075 animalis
892 1021 1048 1075 homo
1099 1021 1342 1091 efﬁcitur,
1401 1036 1496 1074 nec
1530 1020 1672 1089 capit
1725 1036 1845 1091 qua!
1891 1030 2013 1075 sunt

431 1115 694 1185 spiritus;
716 1114 801 1170 hic
831 1130 970 1176 vero,
1007 1114 1382 1169 intellectualis
1410 1114 1620 1186 quidem
1652 1116 1743 1170 sed
1779 1114 2014 1168 nondum

431 1208 596 1265 Deus.
634 1206 789 1275 Quod
816 1208 862 1262 si
892 1223 984 1278 per
1019 1215 1242 1263 mentem
1277 1208 1329 1261 in
1366 1222 1618 1262 arcanam
1652 1208 1802 1262 illam
1830 1207 2021 1278 caligi-

430 1318 549 1358 nem
581 1302 950 1373 penetraverit,
986 1318 1052 1354 ac
1081 1317 1196 1355 cum
1232 1299 1336 1355 Deo
1374 1309 1629 1365 versetur,
1666 1308 1775 1354 tum
1806 1315 1924 1355 vero
1947 1299 2016 1353 ad

432 1396 602 1452 Deum
621 1396 739 1467 jam
773 1396 892 1463 ﬁeri
922 1404 970 1449 et
1005 1394 1337 1449 divinitatem
1364 1392 1596 1463 assequi,
1622 1403 1671 1449 et
1709 1391 1804 1447 Dei
1828 1393 2016 1463 splen-

430 1488 611 1542 dorem
637 1486 853 1552 intueri,
892 1502 953 1539 ac
971 1485 1132 1555 juxta
1176 1484 1328 1538 illum
1354 1483 1523 1556 effingi
1559 1495 1715 1555 atque
1746 1484 2020 1553 efformari

431 1582 649 1637 dicitur.
683 1581 951 1650 Quoniam
999 1590 1176 1635 autem
1223 1589 1459 1644 natum,
1484 1588 1543 1633 ut
1580 1594 1680 1649 par
1710 1589 1847 1643 erat,
1878 1593 2023 1631 men-

434 1674 627 1727 tionem
657 1671 898 1742 fecimus,
937 1672 1162 1742 agedum
1193 1671 1257 1726 de
1289 1688 1351 1725 ea
1399 1670 1638 1725 nonnihil
1670 1671 2016 1725 disseramus.

435 1761 651 1819 Natura
686 1765 862 1835 itaque
905 1774 1097 1833 pra'ter
1139 1763 1277 1818 alias
1305 1764 1499 1819 multas
1539 1764 1705 1833 ipsius
1746 1764 2021 1835 significa-

2116 573 2504 633 rumpetur.-—
2535 563 2604 620 Ut.
2648 564 2746 620 Dei
2790 566 3093 621 claritatem
3137 576 3192 621 et
3218 566 3433 623 videam
3477 575 3533 621 et
3576 583 3703 623 seu-

2117 659 2273 711 tiam.
2303 654 2403 711 Res
2432 657 2623 713 dit-inte
2645 660 2998 729 corporaliter
3012 668 3278 730 utcunque
3292 659 3704 731 perspiciuntur,

2114 760 2272 820 atque
2316 768 2500 805 earnm
2552 754 2891 824 trajectiones
2937 754 3182 823 qua'dam
3239 763 3384 809 sunt.
3439 754 3707 819 Quoniam

2115 854 2292 897 autem
2319 844 2383 899 de
2417 845 2724 914 hujrzsmmli
2748 846 2900 902 rebus
2918 848 3040 902 duce
3067 857 3189 901 sunt
3217 848 3512 910 sententia,
3537 848 3709 901 al:era

2115 944 2294 989 nostra
2320 945 2367 989 et
2395 937 2711 1000 christiana,
2746 940 2917 992 altera
2944 953 3127 991 eorum
3155 939 3247 1009 qui
3283 939 3427 1009 apud
3472 940 3707 993 ethnicos

2114 1027 2411 1083 doctissimi
2443 1030 2783 1097 habitisunt,
2812 1042 3036 1101 utraque
3086 1031 3216 1085 mihi
3253 1032 3570 1101 exponenda
3606 1043 3705 1087 est.

2119 1122 2326 1178 Nostra
2372 1123 2551 1194 itaque
2598 1122 2695 1177 hoc
2741 1124 2897 1178 modo
2944 1139 2999 1177 se
3043 1123 3215 1177 habet.
3257 1121 3415 1188 Deus,
3452 1124 3710 1194 quidquid

2119 1212 2331 1267 tandem
2370 1221 2470 1278 est,
2505 1213 2845 1282 incorporeus
2890 1221 2988 1277 est,
3036 1214 3497 1284 immutabilisqne
3539 1224 3589 1269 et
3630 1219 3710 1267 al-

2119 1302 2399 1357 terationis
2426 1317 2611 1369 expers
2643 1310 2817 1357 manet
2844 1316 2863 1356 :
2886 1319 2983 1357 nos
3008 1312 3186 1356 autem
3220 1305 3361 1357 circa
3400 1320 3517 1358 eum
3563 1321 3706 1358 com-

2120 1405 2408 1448 mutamur.
2467 1393 2607 1448 Nam
2656 1394 3099 1465 quemadmodum
3162 1411 3327 1449 unam
3371 1396 3704 1466 eamdemque

2118 1502 2314 1551 vocem,
2345 1487 2401 1540 in
2427 1484 2691 1540 subdivali
2715 1485 2894 1556 aliquo
2918 1485 3031 1541 loco
3045 1486 3323 1554 diffusam.
3353 1487 3452 1540 alii
3472 1502 3705 1539 nos'rum

2120 1581 2368 1646 audiunt,
2404 1579 2501 1633 alii
2528 1580 2780 1634 minime:
2809 1591 2965 1650 atque
2998 1594 3063 1634 ex
3094 1581 3159 1635 iis
3185 1580 3276 1648 qui
3301 1579 3559 1642 audiunt,
3616 1580 3714 1633 alii

2120 1673 2320 1728 clarius
2353 1674 2597 1738 audiunt,
2621 1672 2720 1726 alii
2747 1672 3056 1736 obscurius;
3090 1689 3154 1727 ac
3200 1688 3387 1725 rursus
3411 1687 3475 1726 ex
3501 1672 3582 1725 his
3623 1671 3713 1741 qui

2123 1782 2228 1820 non
2280 1764 2537 1831 audiunt,
2594 1763 2736 1818 alius
2767 1765 2968 1819 idcirco
3014 1779 3116 1817 non
3155 1763 3385 1823 audivit,
3416 1763 3543 1833 quia
3595 1778 3714 1831 pro-

434 1857 623 1919 tiones,
659 1866 736 1911 est
782 1854 1100 1926 principium
1141 1865 1311 1910 motus
1348 1866 1395 1910 et
1441 1856 1629 1926 quietis
1660 1855 1795 1925 ejus,
1824 1856 1879 1908 in
1910 1871 2013 1924 quo
2052 1847 2091 1903 Β
2122 1857 2207 1911 cul
2237 1865 2472 1910 remotus
2513 1863 2682 1918 esset,
2712 1855 2853 1908 alius
2887 1858 3027 1924 quod
3069 1854 3217 1906 auris
3246 1863 3477 1906 meatum
3505 1850 3723 1906 obstru-

431 1949 602 2018 ptimo
632 1949 767 2003 inest
807 1964 898 2016 per
930 1965 1005 2013 se,
1046 1957 1226 2002 etnon
1265 1965 1357 2017 per
1405 1948 1669 2003 accidens.
1722 1945 1832 2001 Hoc
1878 1950 2017 2003 enim

435 2039 723 2110 unicuique
755 2055 932 2094 rerum
963 2039 1297 2093 naturalium
1330 2039 1487 2108 affert
1533 2047 1750 2104 natura,
1775 2046 1832 2091 ut
1860 2038 1910 2091 in
1938 2053 2019 2092 sc-

432 2134 550 2202 ipsa
580 2142 752 2187 motus
784 2133 1102 2203 principium
1128 2174 1142 2198 ,
1179 2133 1459 2203 eodemque
1488 2132 1641 2186 modo
1672 2132 1858 2203 quietis
1890 2147 2023 2202 quo-

434 2241 532 2297 que
566 2226 726 2295 ﬁnem
774 2226 986 2282 habeat.
1019 2224 1274 2283 Crescunt
1321 2226 1461 2278 enim
1493 2224 1713 2294 planla’,
1753 2234 1806 2277 ut
1839 2224 1904 2278 ab
1939 2223 2020 2277 his

435 2317 778 2389 incipiamus,
806 2325 979 2369 motus
1017 2316 1337 2385 principium
1376 2316 1432 2369 in
1463 2316 1648 2384 seipsis
1681 2314 1928 2369 habentes
1960 2330 2024 2368 ac

437 2423 668 2465 Crescere
698 2408 979 2473 desinunt,
1010 2408 1117 2478 ﬁne
1167 2406 1409 2461 naturali
1451 2416 1734 2461 cessantes.
1775 2404 1924 2461 Idem
1959 2410 2023 2461 de

435 2502 644 2556 homine
691 2502 991 2565 dicendum,
1038 2510 1087 2555 et
1128 2516 1280 2568 equo,
1312 2508 1363 2555 et
1407 2500 1551 2564 bove,
1599 2509 1648 2555 et
1672 2500 1915 2571 sphinge,
1972 2510 2021 2555 et

436 2595 682 2668 formica,
712 2603 759 2649 et
787 2609 902 2664 ape,
939 2603 988 2648 et
1025 2604 1078 2647 ut
1109 2593 1248 2647 brevi
1276 2591 1616 2661 complectar,
1646 2593 1709 2645 de
1735 2591 1879 2645 omni
1906 2590 2023 2645 ani-

437 2687 589 2753 mali,
627 2688 736 2742 sive
770 2687 969 2756 reptili,
1004 2687 1111 2742 sive
1143 2686 1380 2751 natatili,
1424 2686 1530 2741 sive
1574 2685 1806 2741 volatili.
1854 2684 2024 2755 Atque

434 2779 553 2849 ipsa
580 2779 743 2834 etiam
775 2789 1003 2850 quatuor
1048 2777 1305 2832 elementa
1342 2786 1615 2833 moventur
1642 2787 1690 2832 et
1723 2777 2018 2849 quiescunt.

437 2870 580 2929 Nam
615 2881 664 2926 et
704 2871 838 2942 ignis
868 2881 915 2926 et
936 2887 1028 2925 aer
1053 2879 1237 2941 suapte
1271 2878 1465 2926 natura
1491 2885 1700 2926 sursum
1726 2879 2022 2931 moventur,

434 2975 485 3022 et
510 2981 629 3019 cum
660 2964 729 3019 ad
755 2966 971 3033 propria
1002 2965 1117 3018 loca
1138 2966 1486 3043 pervenerint,
1510 2962 1709 3017 moi'eri
1732 2963 2022 3017 desinunt:

436 3066 486 3113 et
520 3071 703 3109 rursus
735 3063 875 3108 terra
901 3064 951 3109 et
982 3070 1142 3123 aqua,
1182 3063 1380 3108 motum
1409 3062 1595 3123 suapte
1632 3064 1827 3106 natura
1868 3054 2021 3105 deoro

441 3164 560 3205 sum
591 3158 878 3220 vergentem
901 3150 1127 3214 sortitte,
1160 3147 1229 3201 ad
1256 3162 1494 3202 centrum
1524 3156 1765 3217 vergunt,
1810 3153 1860 3199 et
1905 3162 2024 3200 cum

2125 1959 2268 2003 ctum
2296 1948 2509 2003 haberet
2540 1947 2817 2017 (nimirum
2871 1953 3114 2000 concreta
3144 1946 3288 1999 circa
3324 1954 3531 2013 partem
3565 1944 3718 1998 illam

2124 2041 2363 2111 pituita),
2407 2041 2547 2094 alius
2569 2041 2694 2112 quia
2724 2055 2806 2094 res
2837 2038 2975 2093 alias
3012 2047 3190 2109 ageret
3223 2054 3242 2093 :
3275 2037 3719 2106 quemadmodum

2125 2136 2248 2189 item
2294 2134 2405 2189 sole
2439 2135 2495 2188 in
2526 2133 2864 2188 meridionali
2908 2132 3054 2187 linea
3083 2140 3258 2185 stante
3288 2131 3482 2185 culices
3508 2131 3721 2200 quidem

2127 2237 2177 2280 et
2225 2238 2432 2283 noctua:
2487 2228 2738 2297 exiguum
2768 2224 3022 2297 quiddam
3065 2237 3224 2295 atque
3267 2224 3545 2278 obscurum
3586 2221 3723 2276 lucis

2127 2318 2337 2372 radium
2358 2321 2666 2383 admittunt,
2699 2318 2935 2373 homines
2964 2327 3163 2382 autem,
3186 2326 3237 2371 et
3259 2314 3543 2385 elephanti.
3566 2325 3720 2383 prout

2125 2411 2345 2480 quisque
2373 2410 2599 2479 affectus
2629 2419 2731 2476 est,
2764 2410 2979 2466 uberius
3010 2409 3090 2464 vel
3114 2410 3327 2478 parcius
3358 2407 3723 2462 iiluminatur:

2124 2502 2303 2556 eodem
2351 2503 2505 2556 modo
2556 2519 2651 2558 nos
2683 2519 2888 2574 quoque
2924 2504 3071 2557 circa
3117 2504 3288 2557 Deum
3336 2500 3725 2556 immutabilem

2125 2606 2556 2663 permanentem,
2594 2607 2753 2665 prout
2778 2597 2999 2666 quisque
3025 2595 3274 2666 afficitur,
3306 2606 3703 2649 commutamur

2128 2686 2393 2752 Quocirca
2432 2685 2641 2750 Petrus,
2695 2698 2746 2741 et
2788 2688 2881 2757 qui
2929 2698 3041 2741 tum
3070 2687 3317 2749 aderant,
3359 2687 3543 2756 igneas
3592 2684 3722 2738 illas

2128 2776 2341 2846 linguas
2390 2779 2684 2847 conspicati
2732 2788 2855 2833 sunt
2890 2795 2909 2832 :
2942 2793 3046 2832 non
3097 2778 3235 2847 quod
3284 2777 3475 2831 similis
3527 2776 3726 2844 lingua

2128 2867 2309 2922 divina
2368 2869 2544 2938 ﬁgura
2599 2869 2670 2924 sit
2700 2911 2715 2931 ,
2757 2869 2847 2924 sed
2883 2870 3012 2939 quia
3061 2870 3207 2923 circa
3244 2868 3485 2938 linguam
3540 2867 3725 2936 futura

2127 2968 2242 3012 erat
2272 2958 2507 3029 Spiritus
2539 2962 2802 3030 operatio.
2837 2962 3004 3032 Atque
3035 2962 3146 3016 haec
3172 2977 3237 3016 ex
3267 2961 3510 3014 doctrina
3541 2970 3726 3013 nostra

2127 3050 2569 3120 depronipsintus.
2599 3052 2661 3104 At
2688 3052 2907 3121 gentiles
2929 3050 3247 3120 philosophi,
3280 3065 3503 3120 quorum
3526 3059 3729 3118 postre-

2128 3157 2246 3195 ntus
2295 3141 2562 3211 lampadis
2593 3151 2828 3213 gestator
2853 3150 2902 3196 et
2936 3142 3303 3210 hierophantes
3337 3139 3558 3193 Proclus
3594 3139 3723 3205 fuit,

437 3241 508 3300 ad
554 3240 785 3295 universi
811 3240 1038 3294 medium
1085 3241 1429 3310 pervenerint,
1462 3240 1515 3293 in
1562 3239 1749 3306 seipsis
1773 3238 2019 3308 conquie-
2056 3223 2098 3281 ο
2137 3234 2195 3284 in
2236 3233 2340 3287 ttia
2372 3232 2481 3286 hinc
2530 3232 2765 3285 divinam
2799 3233 3155 3286 evocationem
3188 3232 3519 3301 partiuntur.
3558 3228 3727 3297 Atque

436 3345 609 3391 scunt.
639 3333 763 3389 "th
794 3334 857 3388 de
882 3345 1079 3388 natura
1103 3335 1266 3388 tradit
1300 3332 1625 3387 Aristoteles.
1659 3331 1726 3385 At
1752 3332 1797 3385 si
1821 3329 2027 3399 Orpheo

437 3442 524 3482 cre
564 3427 722 3487 imus,
765 3437 810 3480 et
845 3423 1159 3490 Platonicis,
1199 3435 1246 3478 et
1281 3423 1436 3495 Lycio
1488 3422 1795 3493 philosopho
1829 3422 1893 3475 de
1930 3437 2029 3473 na-

440 3527 564 3571 tura
589 3517 964 3584 pertractanti,
991 3525 1038 3569 et
1064 3532 1123 3570 eo
1160 3516 1451 3584 antiquiori
1482 3515 1835 3569 Chalcedonia
1867 3514 2027 3567 Jam-

441 3610 616 3665 blicho
644 3609 1000 3680 Pythagorico
1028 3651 1043 3677 ,
1106 3620 1299 3664 natura
1358 3608 1454 3665 Dei
1506 3627 1595 3664 ars
1642 3608 1881 3680 quwdam
1928 3616 2028 3663 est.

445 3704 725 3772 Triplicem
753 3719 911 3773 porro
933 3703 1024 3759 ille
1044 3705 1097 3759 in
1121 3705 1419 3760 universum
1449 3715 1617 3758 artem
1640 3702 1816 3757 habet.
1846 3701 2032 3754 Prima

443 3799 549 3868 ip.i
580 3798 741 3851 insita
785 3810 887 3861 est,
926 3814 1105 3867 nempe
1132 3813 1237 3867 qua
1276 3797 1453 3852 omnia
1490 3797 1663 3868 efﬁcit,
1699 3812 1762 3849 ac
1796 3795 2032 3865 fabrica.

445 3902 549 3954 tur,
597 3907 754 3961 quam
796 3889 972 3945 ideatu
1023 3888 1180 3945 Plato
1217 3889 1533 3952 nominavit,
1580 3904 1673 3942 nos
1723 3897 1943 3942 mentem
1998 3902 2031 3939 a

442 3984 593 4045 nulla
635 4000 801 4039 causa
841 3994 1035 4047 ortam,
1086 3998 1176 4036 nec
1217 3982 1329 4035 ulla
1378 3983 1617 4036 oratione
1655 3979 2030 4050 explicabilem

443 4094 713 4137 vocamus.
746 4077 947 4139 Altera.
1003 4078 1211 4131 tametsi
1250 4076 1398 4130 illinc
1436 4076 1665 4135 oriatur,
1705 4090 1810 4128 non
1856 4085 2031 4128 tamen

443 4172 491 4227 ei
520 4186 721 4242 semper
770 4168 980 4223 adnexa
1021 4178 1098 4222 est
1124 4208 1138 4231 ,
1172 4168 1262 4221 sed
1284 4182 1342 4221 eo
1374 4176 1621 4235 tempore,
1654 4181 1756 4234 quo
1798 4165 1867 4218 ad
1911 4180 2029 4217 eum

446 4264 748 4326 revertitur.
786 4261 964 4316 Tertia
1002 4270 1177 4315 autem
1204 4268 1254 4316 et
1297 4269 1563 4329 postrema
1602 4256 1694 4311 Dei
1723 4273 1812 4311 ars
1839 4273 1901 4311 ea
1930 4265 2031 4321 est,

445 4373 563 4425 qua:
597 4356 838 4424 inferiori
866 4354 1071 4425 quidem
1122 4354 1236 4407 loco
1263 4362 1591 4417 numeratur,
1635 4366 1791 4422 quant
1828 4351 2029 4412 anima,

447 4455 693 4504 cirlerum
720 4445 1024 4514 corporibus
1058 4442 1398 4505 dominatur,
1430 4456 1592 4512 eaque
1651 4450 1700 4494 et
1737 4441 1939 4511 gignit,
1982 4449 2031 4493 et

448 4541 567 4603 alit,
609 4548 658 4593 et
684 4546 863 4608 anget,
892 4548 939 4593 et
972 4546 1172 4598 movet,
1200 4547 1248 4589 et
1278 4534 1517 4604 perfecit,
1547 4550 1608 4588 ac
1640 4534 1865 4603 denique
1888 4532 2032 4602 quie-

450 4643 552 4687 tem
588 4633 654 4686 iir
689 4630 867 4700 affert.
907 4630 1075 4700 Atque
1126 4644 1191 4682 ea
1230 4626 1538 4681 materiales
1566 4628 1795 4680 rationes
1837 4625 2031 4678 habens

450 4740 633 4780 eorum
664 4741 781 4794 qua'
808 4724 976 4793 facit,
1002 4738 1193 4793 easque
1238 4721 1392 4774 modo
1436 4719 1665 4793 quodam
1713 4717 2032 4788 intelligens,

450 4833 777 4888 nequaquam
819 4816 889 4871 ad
917 4833 968 4870 se
997 4817 1176 4882 refert.
1229 4829 1321 4868 nec
1354 4817 1423 4866 ad
1452 4813 1721 4882 propriam
1756 4810 2037 4865 essentiam

450 4914 724 4974 convertit.
758 4911 848 4964 sed
894 4909 1204 4979 corporibus
1233 4905 1663 4975 inseparabiliter
1694 4904 1952 4967 adliceret,
1984 4903 2037 4954 in

451 5024 511 5064 ea
540 5014 843 5074 penetrans,
902 5019 997 5057 nec
1044 5011 1326 5056 revertens.
1378 5000 1479 5054 Ars
1526 4999 1637 5052 ha'c
1689 4998 1851 5067 igitur
1897 4994 2037 5064 apud

454 5098 793 5167 philosophos
853 5112 961 5159 eos,
1012 5110 1140 5164 quos
1209 5093 1772 5155 commemoravimus,
1840 5098 2037 5142 natura

459 5189 737 5241 nominata
776 5197 876 5241 est.
914 5185 1042 5239 liwc
1080 5183 1236 5239 Plato
1269 5201 1387 5237 cum
1421 5183 1549 5238 caelo
1576 5191 1624 5236 et
1657 5191 1885 5250 tempore
1916 5196 2038 5249 pro-

454 5283 631 5360 genita
654 5295 764 5333 esse
786 5287 978 5335 censet.
1014 5276 1191 5347 Neque
1221 5278 1361 5331 enim
1382 5278 1530 5345 prius
1556 5276 1850 5335 exstitisse,
1874 5287 2035 5342 quam

458 5371 642 5433 coelum
672 5376 910 5423 creatum
961 5375 1117 5420 esset.
1158 5365 1395 5418 Primum
1424 5365 1562 5421 enim
1598 5365 1651 5417 id
1681 5378 1793 5417 esse
1834 5378 2038 5416 necesse

455 5474 553 5531 est,
595 5459 733 5534 quod
778 5473 967 5527 corpus
1015 5472 1077 5509 ae
1123 5455 1331 5524 reliqua
1397 5456 1801 5523 complectitur:
1840 5466 1895 5509 at
1927 5471 2043 5508 cor-

459 5573 593 5626 pora
624 5553 826 5617 Omnia,
852 5565 970 5620 qua:
996 5556 1112 5617 post
1152 5545 1337 5599 ctelum
1368 5557 1548 5601 creata
1597 5557 1746 5611 sunt,
1776 5556 1892 5617 post
1944 5563 2039 5601 na-

460 5659 636 5707 turam
679 5655 726 5700 et
782 5643 928 5713 infra
974 5650 1224 5695 naturant
1278 5649 1460 5693 creata
1520 5651 1676 5703 sunt,
1730 5657 2036 5710 rursusque,

462 5751 668 5798 natura!
707 5739 816 5805 lege
853 5733 1193 5795 intereuntia,
1235 5733 1563 5800 corruptioni
1615 5734 1844 5788 obnoxia
1892 5742 2036 5788 sunt.

463 5830 665 5895 axium
694 5837 891 5896 autem,
926 5826 972 5879 si
1012 5825 1127 5903 quis
1175 5824 1367 5899 optime
1410 5826 1744 5885 considerare
1794 5825 2034 5890 voluerit,

2134 3323 2300 3377 aliam
2376 3324 2542 3393 ipsius
2600 3332 2803 3392 partem
2860 3322 3200 3392 αὑτοπτικὴν
3260 3330 3489 3387 vocant,
3559 3320 3728 3373 aliam

2133 3415 2467 3485 ἑποπτικὴν,
2498 3414 2663 3469 aliam
2686 3413 3071 3485 ἑνθεαιτικήν.
3104 3414 3304 3485 Siquis
3339 3414 3509 3484 igitur
3534 3413 3729 3466 animat

2132 3508 2483 3579 intelligentia
2515 3517 2566 3564 et
2597 3510 2765 3564 nitore
2797 3526 2861 3563 ac
2890 3508 3170 3579 splendore
3200 3510 3459 3579 fluentum
3485 3507 3642 3573 illud,
3670 3517 3729 3560 ut

2133 3612 2324 3657 natura
2357 3611 2458 3668 est,
2488 3603 2760 3671 perspicit,
2782 3604 2893 3667 ipse
2915 3611 3098 3673 utpote
3116 3613 3366 3657 evocator
3388 3612 3438 3655 et
3465 3609 3730 3669 spectator

2133 3695 2414 3765 αὐτόπτης
2462 3696 2680 3751 dicitur.
2719 3694 2780 3750 Si
2811 3697 2928 3765 quis
2961 3704 3140 3750 autem
3174 3695 3496 3765 imaginario
3535 3694 3729 3747 unimw

2134 3785 2366 3840 vehiculo
2402 3802 2485 3838 res
2529 3787 2733 3841 divinas
2769 3787 3091 3857 cogitatione
3136 3786 3427 3854 informet,
3469 3784 3534 3837 ab
3562 3783 3729 3837 altero

2132 3884 2357 3948 profano
2401 3878 2639 3948 theologo
2689 3879 2758 3931 ad
2807 3880 2862 3933 id
2900 3880 3158 3933 incitatus
3212 3878 3456 3948 ἐπόπτης
3491 3877 3576 3932 hic
3635 3892 3728 3930 vo-

2133 3972 2247 4025 cari
2308 3980 2492 4040 potest.
2557 3975 2624 4024 At
2687 3971 2758 4034 si,
2816 3987 2909 4027 nec
2952 3981 3145 4037 mente,
3200 3988 3296 4027 nec
3353 3971 3732 4042 imaginatione

2133 4066 2450 4132 speculetur,
2482 4063 2573 4117 sed
2605 4063 2772 4121 oculis
2802 4063 2932 4119 solis
2969 4065 3180 4120 divinas
3210 4065 3472 4136 quasdam
3500 4066 3728 4120 visiones

2133 4171 2227 4225 per
2254 4170 2424 4209 aerem
2461 4156 2668 4213 delatas
2698 4158 2965 4227 inspiciat,
3000 4159 3046 4213 is
3075 4157 3372 4229 ὲνῦεαστὴς
3399 4159 3508 4213 dici
3534 4161 3724 4229 possit,

2139 4254 2283 4310 Nam
2312 4272 2621 4327 corporeum
2652 4275 2856 4330 quoque
2886 4260 3061 4314 lumen
3096 4260 3287 4315 divinis
3309 4259 3461 4315 rebus
3493 4259 3729 4315 substra-

2136 4356 2248 4402 tum
2282 4363 2431 4413 esse,
2472 4349 2752 4419 afﬁrmant
2779 4392 2794 4416 ,
2839 4352 2980 4420 quod
3021 4354 3234 4423 quidem
3281 4352 3587 4419 arripiunt,
3630 4351 3731 4405 alii

2139 4443 2284 4496 nullo
2320 4445 2548 4512 negotio.
2584 4461 2645 4497 ca
2702 4445 2903 4499 scilicet
2960 4455 3169 4500 natura:
3217 4446 3452 4499 bonitate
3492 4445 3731 4513 prwditi,

2064 4574 2107 4628 ο
2138 4551 2242 4604 qua
2272 4545 2321 4589 et
2356 4534 2609 4590 Socrates
2654 4545 2705 4590 et
2746 4534 2989 4591 Plotinus
3035 4538 3271 4607 fuerunt,
3313 4536 3410 4594 alii
3441 4537 3510 4590 ad
3557 4547 3732 4593 certas

2137 4630 2497 4694 circuitiones,
2519 4626 2588 4682 ad
2608 4628 2782 4683 lumen
2807 4629 2947 4684 luna:
2966 4630 3192 4701 fortasse
3217 4630 3401 4683 mentis
3422 4630 3731 4687 emotionem

2138 4722 2419 4776 sentientes
2458 4739 2474 4778 :
2507 4719 2750 4792 Egyptii
2781 4732 2980 4787 autem,
3010 4734 3066 4776 ut
3104 4723 3304 4793 ferunt,
3337 4722 3417 4776 vel
3452 4732 3622 4788 tarro,
3653 4723 3732 4775 sic

2138 4817 2278 4870 enim
2314 4823 2501 4870 vocant
2527 4855 2542 4880 ,
2581 4815 2760 4869 oculos
2794 4814 3084 4869 obtinentes
3110 4856 3123 4878 ,
3159 4815 3238 4870 vel
3288 4816 3454 4868 thuris
3487 4815 3692 4883 liquore
3713 4855 3728 4878 ,

2145 4909 2217 4961 rel
2258 4907 2452 4961 bdellio
2484 4924 2497 4961 :
2524 4907 2731 4976 Assyrii
2760 4923 2899 4974 vero,
2948 4908 3158 4962 tesseisis
3189 4907 3525 4978 quibusdam,
3551 4908 3734 4977 infan-

2137 5001 2320 5069 disque
2338 5000 2637 5055 nominibus
2666 5000 2997 5071 mgsticisqne
3022 4999 3216 5054 litteris
3237 5001 3291 5054 in
3308 4999 3728 5054 sacerdotalibus

2140 5090 2365 5145 bracteis
2387 5092 2584 5156 seipsos
2603 5092 3017 5161 sanctiﬁcantes,
3044 5094 3372 5148 substraturi:
3396 5091 3530 5146 illud
3554 5093 3732 5146 incor-

2140 5183 2312 5252 poreis
2346 5183 2509 5252 copiis
2540 5181 2715 5237 lumen
2752 5192 3153 5252 perspexerunt.
3196 5181 3323 5235 lla'c
3359 5180 3690 5251 Porphyrius
3713 5224 3727 5245 ,

2140 5284 2189 5328 et
2217 5273 2568 5340 Jumblicltus,
2604 5287 2650 5329 et
2678 5276 2766 5329 ille
2786 5276 3214 5345 prodigiosorum
3244 5274 3520 5328 verborum
3551 5274 3727 5327 archi—

2142 5378 2309 5421 tectus
2352 5366 2574 5421 Proclus
2616 5368 2802 5434 nugati
2832 5378 2975 5421 sunt.
3030 5364 3146 5419 Nos
3184 5376 3359 5419 autem
3382 5404 3398 5429 ,
3432 5381 3496 5419 ne
3531 5364 3732 5419 theolo.

2141 5460 2269 5529 gica:
2311 5460 2710 5528 speculationis,
2788 5475 2906 5528 qua:
2981 5459 3034 5511 in
3080 5457 3163 5509 his
3207 5456 3372 5511 verbis
3414 5456 3587 5522 lucet,
3632 5456 3725 5510 Dei

2141 5551 2442 5605 claritatem
2479 5559 2533 5605 et
2578 5551 2791 5604 videam
2834 5562 2888 5605 ct
2933 5549 3200 5614 simiam,
3234 5551 3446 5603 omnino
3491 5560 3728 5610 expertes

2141 5643 2341 5703 simus,
2376 5643 2470 5696 hoc
2502 5644 2792 5711 exemplum
2836 5657 3211 5712 proponamus.
3249 5640 3330 5696 Sit
3363 5642 3577 5711 quidam
3600 5680 3614 5705 ,
3643 5641 3732 5709 qui

2147 5735 2428 5788 ascendere
2457 5735 2527 5787 ad
2556 5734 2714 5788 solem
2745 5743 2914 5803 paret,
2949 5744 3004 5784 ut
3034 5731 3178 5788 illius
3210 5732 3376 5786 radiis
3402 5735 3730 5804 splendidius

2146 5825 2497 5881 illuminetnr.
2538 5825 2659 5892 llic,
2695 5827 2747 5882 in
2778 5837 2901 5880 actu
2930 5827 3139 5896 quidem
3165 5828 3285 5893 crit,
3316 5825 3440 5882 dum
3477 5842 3727 5883 conscen-
