4116 6434
429 370 568 435 1333

1388 363 1712 425 NICETAS
1764 361 1846 423 IN
1893 362 2116 425 ΟΒᾹΤ.
2156 364 2323 425 XLII
2367 365 2426 426 S.
2471 366 2703 428 GREG.

3558 366 3694 433 1⁸³34

424 491 534 553 det,
583 503 780 559 pennas
832 495 1047 553 u’roqne
1098 483 1252 537 lateri
1302 484 1570 551 imponens
1623 483 1735 555 (aut
1787 482 1833 535 si
1893 480 2019 550 quid
2049 485 2091 540 Α
2123 482 2381 536 alienum.
2435 482 2732 537 Maximum
2783 481 2926 538 enim
2972 482 3253 554 tranquilli
3293 483 3696 555 animihatque

428 581 579 637 aliud
641 579 1038 651 excogitaverit)
1089 576 1367 644 prosiliens
1403 593 1465 629 ac
1509 578 1736 644 seipsunt
1786 590 2013 627 movens.

431 678 506 729 Ac
540 674 797 740 tantisper
846 671 1059 740 quidem
1094 685 1293 738 pennas
1344 668 1587 733 movebit,
1638 677 1790 736 atque
1840 666 2018 720 eodem

431 776 578 821 nt'tu
625 764 936 835 agitabitur,
992 779 1093 832 quo
1149 762 1218 814 ad
1256 762 1588 829 splendidum
1636 763 1805 831 ipsum
1845 759 2019 813 orbem

429 868 703 927 provectus
739 856 926 925 fuerit.
962 853 1089 908 Post
1143 871 1283 920 vero,
1320 871 1437 907 cum
1471 855 1632 908 solent
1666 855 1741 913 ita
1778 852 2016 914 subierit,

431 959 489 1002 ut
520 966 622 1003 non
654 948 864 1016 longius
890 986 905 1012 ,
935 963 1095 1017 quant
1124 946 1293 1015 palmi
1322 946 1600 999 intervallo
1642 945 1708 999 ab
1738 963 1796 999 eo
1825 947 2016 1010 distet,

431 1051 612 1093 utrum
655 1043 864 1092 tondent
910 1038 1080 1106 ipsius
1133 1037 1332 1091 actioni
1365 1037 1698 1091 tribuendum
1728 1038 1846 1099 erit,
1881 1039 2020 1107 quod

430 1129 525 1182 illo
556 1128 917 1191 collastretur,
952 1144 1127 1180 annon
1159 1129 1331 1193 potius
1361 1129 1500 1181 actio
1550 1129 1794 1190 cessabit,
1830 1143 1891 1179 ac
1918 1144 2016 1195 pa-

431 1219 598 1274 tiendi
617 1221 825 1274 initium
857 1221 1063 1290 [αεῑειῖ³
1114 1217 1201 1273 Ita
1216 1220 1400 1289 procul
1427 1219 1605 1271 dubio.
1631 1217 1824 1272 Eadem
1858 1220 2021 1287 igitur

431 1324 613 1366 nostra
630 1329 833 1383 quoque
847 1321 922 1366 est
938 1311 1246 1369 ratio.Nam
1267 1323 1520 1382 quantum
1540 1313 1607 1365 ad
1632 1312 1880 1366 virtutum
1904 1311 2019 1365 cul-

432 1414 542 1457 tam
563 1415 719 1474 atque
733 1406 987 1470 studium,
1003 1406 1227 1459 activam
1245 1403 1491 1458 habemus
1512 1405 1839 1475 facultatem.
1861 1422 2024 1474 quan-

430 1504 543 1550 tum
571 1506 745 1552 autem
774 1498 842 1552 ad
865 1500 968 1551 vim
994 1498 1284 1553 divinitatis
1306 1497 1651 1560 seruiendum,
1681 1499 1968 1566 passiram.

501 1590 620 1644 Col.
653 1591 751 1646 651
779 1592 841 1648 C.
884 1590 1040 1646 [Iuno
1071 1593 1280 1646 arbitrii
1312 1593 1557 1646 libertate
1596 1596 1875 1653 dunatum,
1911 1602 2017 1646 etc.

434 1679 742 1750 Quicunque
784 1682 996 1737 tandem
1021 1682 1329 1752 paradisus,
1380 1683 1495 1739 sive
1541 1683 1871 1737 intellectilis
1905 1685 2019 1738 sive

433 1772 736 1827 sensibilis.
761 1772 1089 1843 Quanquam
1121 1774 1256 1828 mihi
1288 1773 1526 1841 videtur,
1556 1774 2017 1843 quemadmodum

434 1863 600 1919 homo
631 1863 988 1933 intelligibilis
1019 1864 1182 1920 simul
1223 1873 1278 1921 et
1309 1865 1587 1920 sensibilis
1628 1872 1846 1919 creatus
1891 1863 2007 1919 fue-

434 1965 539 2016 rat.
579 1955 652 2011 ita
698 1956 864 2012 etiam
900 1959 1020 2026 ejus
1056 1957 1496 2012 sacratissimum
1529 1956 1818 2012 delubrum
1853 1957 2015 2012 intcl-

438 2045 617 2102 lectile
647 2046 810 2102 simul
858 2062 923 2102 ac
974 2047 1179 2102 sensile
1214 2048 1404 2112 fuisse,
1454 2047 1840 2118 duplicemque
1891 2063 2017 2117 spe-

437 2138 579 2193 ciem
614 2137 894 2194 habuisse.
926 2137 1061 2193 Nam
1101 2140 1266 2194 homo
1297 2155 1529 2210 corpore
1554 2140 1606 2194 in
1636 2138 1757 2195 loco
1783 2140 2018 2195 maxime

437 2230 627 2285 divino
656 2229 935 2296 habitans,
961 2232 1014 2285 in
1046 2232 1170 2285 loco
1202 2232 1616 2302 incomparabili
1651 2240 1918 2303 quantum
1950 2232 2016 2287 ad

437 2322 678 2378 animam
720 2324 1192 2380 commorabatur.
1235 2328 1274 2379 A
1315 2325 1423 2380 Deo
1472 2341 1638 2396 porro
1688 2326 1741 2381 id
1790 2324 2019 2382 hdnoris

438 2423 770 2471 consecutus
825 2425 952 2481 cst,
1006 2424 1065 2469 ut
1122 2415 1335 2470 arbitrii
1388 2416 1641 2471 libertate
1698 2418 2016 2472 donaretur.

441 2506 655 2562 Idcirco
687 2516 870 2562 autem
907 2509 958 2563 ei
991 2509 1224 2562 liberum
1256 2508 1548 2563 arbitrium
1580 2509 1766 2562 datum
1818 2518 1921 2575 est,
1962 2519 2017 2562 ut

444 2598 650 2653 bonum
687 2611 796 2651 non
854 2600 1057 2661 minus,
1104 2608 1213 2652 etc.
1251 2598 1305 2652 Id
1357 2607 1463 2660 est,
1514 2608 1566 2651 ut
1611 2598 1839 2664 bonum,
1872 2600 2017 2669 quod

438 2698 741 2758 gereretur,
778 2704 1073 2743 commune
1120 2697 1288 2752 esset,
1345 2704 1443 2742 nec
1486 2687 1595 2741 Deo
1643 2698 1874 2756 tantum,
1924 2692 2016 2744 sed

440 2780 647 2835 homini
697 2795 915 2852 quoque
967 2782 1341 2835 ascriberetur
1384 2797 1397 2833 :
1433 2780 1507 2833 illi
1545 2781 1790 2849 quidem,
1817 2791 1877 2836 ut
1924 2797 2019 2836 na-

439 2879 577 2924 turze
632 2872 885 2925 humanae
936 2871 1201 2926 virtutum
1251 2872 1461 2926 semina
1515 2871 1802 2938 iuserenti,
1857 2883 1910 2927 et
1963 2883 2020 2928 ut

441 2962 758 3032 adjuvanti;
790 2963 915 3018 huic
936 2974 1141 3028 autem,
1174 2971 1233 3017 ut
1263 2963 1476 3037 eligenti
1502 2971 1555 3019 et
1586 2964 1822 3019 facienti.
1845 2964 2019 3020 Oume

437 3053 584 3107 enim
621 3063 767 3109 recte
807 3056 1010 3109 factum
1043 3056 1331 3125 utriusque
1360 3070 1653 3110 commune
1690 3066 1793 3120 est,
1830 3074 2020 3127 nempe

2122 576 2190 627 ab
2229 576 2376 628 omni
2439 575 2634 630 allecto
2691 576 2813 645 puri
2864 584 2917 630 et
2960 576 3117 631 liberi
3165 587 3547 648 argumentum
3592 589 3694 642 est,

2133 660 2342 716 nudum
2399 678 2542 728 esse,
2598 680 2700 720 nec
2755 666 3100 722 erubescere.
3163 668 3239 723 Ac
3301 667 3443 724 Dens
3489 659 3728 724 homini.

2122 752 2291 823 legem
2345 756 2471 816 dat,
2518 757 2672 825 quasi
2722 758 3002 812 materiam
3051 767 3106 813 et
3168 759 3479 814 facultatem
3543 762 3695 816 liberi

2121 846 2382 912 arbitrii,
2445 856 2505 901 ut
2567 848 2618 901 in
2674 864 2734 902 ea
2802 831 2977 905 virtus
3028 852 3285 905 eluceret.
3349 849 3458 905 Lex
3512 863 3694 906 autent

2125 948 2453 1005 praeceptum
2490 948 2631 1001 erat.
2676 951 2783 995 etc.
2815 941 3086 1011 Scriptum
3137 952 3221 996 est
3249 942 3393 996 enim
3426 960 3439 996 :
3472 941 3535 996 Et
3563 960 3701 1012 pric-

2121 1033 2255 1098 cepit
2304 1031 2557 1087 Dominus
2614 1031 2752 1086 Dens
2788 1033 2918 1088 Adte
2965 1035 3183 1088 dicens:
3213 1032 3297 1088 Ea:
3355 1036 3497 1089 omni
3529 1035 3693 1105 ligno,

2122 1123 2261 1193 quod
2312 1133 2387 1177 est
2442 1125 2492 1177 in
2543 1125 2838 1195 paradiso,
2898 1126 3276 1182 comedeude
3322 1127 3464 1197 ligno
3520 1138 3696 1181 autem

2123 1218 2356 1272 scientia:
2390 1218 2511 1271 boni
2536 1227 2585 1272 et
2623 1217 2751 1272 muli
2786 1235 2887 1272 non
2921 1220 3177 1274 comedas.
3210 1218 3535 1291 Quacunque
3560 1222 3696 1274 enim

2123 1309 2210 1363 die
2240 1311 2553 1375 comederis,
2601 1320 2767 1363 morte
2796 1312 3035 1364 morieris
3061 1311 3130 1364 ⁸⁰.
3178 1311 3358 1366 Arbor
3392 1320 3571 1365 autem
3608 1311 3698 1365 illa

2122 1409 2240 1457 erat
2280 1402 2522 1458 scientiae
2553 1403 2681 1458 boni
2715 1412 2768 1458 et
2804 1403 2954 1459 mali.
2986 1403 3123 1458 Nam
3159 1418 3283 1458 cum
3324 1417 3387 1456 ex
3424 1418 3484 1455 ea
3513 1417 3698 1455 come-

2123 1495 2293 1551 disset
2344 1496 2539 1559 Adam,
2591 1511 2859 1565 suamque
2908 1497 3209 1551 nuditatem
3255 1496 3539 1561 scusissrt,
3586 1505 3697 1549 tum

2123 1586 2344 1643 demum
2390 1587 2678 1652 intellexit,
2710 1587 2857 1658 quod
2906 1588 3107 1641 lmnum
3145 1587 3365 1657 quidem
3416 1588 3531 1641 eral
3563 1603 3701 1647 prm-

2123 1681 2267 1750 cepti
2301 1681 2638 1746 observatio,
2681 1681 2882 1735 malum
2926 1691 3107 1733 autem
3149 1681 3535 1749 transgressio.
3593 1679 3699 1733 Du-

2128 1773 2321 1843 plicem
2374 1782 2557 1827 autem
2605 1774 2891 1827 scientiam
2947 1789 3070 1827 esse
3127 1771 3385 1839 dicimus,
3445 1773 3697 1834 alteram.

2123 1880 2246 1934 qua:
2282 1880 2369 1920 rcs
2400 1865 2696 1927 antecedit,
2733 1881 2899 1937 quam
2936 1875 2988 1919 ιιι
3012 1866 3425 1936 dijudicativam
3462 1866 3701 1937 appella-

2124 1973 2245 2014 mus
2276 1976 2289 2012 :
2325 1958 2581 2021 alteram,
2633 1973 2755 2029 quae
2789 1974 2877 2013 res
2914 1960 3061 2027 ipsas
3093 1959 3408 2024 comitatur,
3440 1974 3504 2013 ac
3537 1959 3701 2015 rcalis

2120 2048 2346 2103 dicitur.
2395 2047 2472 2103 Ea
2505 2051 2689 2121 igitur.
2722 2067 2844 2121 qua:
2890 2050 3231 2106 discernendi
3270 2064 3335 2105 ac
3364 2050 3700 2121 dijudicandi

2120 2140 2232 2194 vim
2279 2140 2477 2207 habet,
2534 2151 2661 2198 alite
2713 2145 3058 2216 dcguslatam
3118 2145 3367 2202 arborem
3436 2146 3703 2216 praeditus

2120 2242 2240 2286 erat
2270 2234 2533 2291 Adamus.
2584 2234 2705 2306 Ipse
2736 2238 2880 2291 enim
2928 2250 2981 2292 et
3036 2237 3214 2292 brutis
3242 2237 3616 2293 animantibus
3648 2246 3703 2292 et

2123 2328 2280 2382 uxori
2315 2330 2540 2383 nomina
2581 2345 2680 2400 per
2714 2331 3090 2400 coniecturam
3123 2331 3409 2401 imposuit.
3447 2331 3524 2387 Ac
3571 2346 3701 2387 rea-

2123 2422 2227 2475 lem
2250 2422 2539 2494 degustata
2563 2423 2757 2479 arbore
2778 2426 3003 2494 insuper
3022 2424 3255 2495 adeptus
3283 2433 3386 2481 est.
3413 2422 3701 2491 Quodnam

2121 2523 2305 2567 autem
2365 2524 2512 2571 esSet
2559 2516 2764 2587 lignum
2814 2516 2945 2570 illud
2999 2516 3373 2582 interdictum,
3420 2514 3706 2587 Scriptura

2120 2607 2344 2679 quidem
2402 2624 2511 2662 non
2570 2608 2836 2663 indicavit
2884 2618 3188 2663 :ca'ternm
3252 2609 3533 2677 nonnullis
3582 2624 3703 2664 eam

2123 2698 2414 2753 ficulneam
2463 2697 2638 2753 fuisse
2702 2698 2931 2769 placuit,
2988 2715 3052 2754 ex
3119 2699 3280 2769 cujus
3338 2700 3502 2755 etiam
3557 2699 3705 2755 loliis

2124 2799 2248 2859 post
2318 2799 2651 2860 praeceptum
2717 2791 2978 2845 violatum
3044 2791 3207 2861 primi
3279 2799 3533 2861 parentes
3599 2793 3703 2847 sibi

2121 2882 2686 2952 vestescousucrint.
2736 2882 2814 2938 Ac
2852 2892 3148 2954 propterea
3193 2884 3459 2953 scriptum
3527 2899 3698 2941 esse:

2125 2970 2190 3025 Et
2242 2972 2518 3027 maledixit
2576 2972 2833 3028 Dominus
2896 2975 3115 3043 ﬁcui‘“.
3184 2976 3448 3032 Arborem
3517 2987 3699 3032 autem

2122 3065 2246 3118 vitm
2298 3079 2421 3120 esse
2480 3065 2655 3130 aiunt,
2715 3081 2834 3121 eam
2894 3067 3001 3121 vim
3056 3066 3370 3134 habentem,
3425 3076 3485 3123 ut
3533 3068 3700 3121 vitam

439 3154 496 3201 et
527 3146 798 3210 facientis,
855 3155 909 3201 et
950 3147 1068 3201 Dei.
1116 3149 1260 3202 Deus
1317 3148 1464 3203 enim
1505 3148 1798 3202 facultates
1850 3158 1903 3202 et
1940 3150 2015 3203 in-
2050 3171 2092 3229 ρ
2126 3157 2315 3212 aﬂeral
2346 3176 2358 3211 :
2392 3173 2513 3227 quae
2556 3157 2775 3227 quidem
2833 3157 2902 3213 ab
2938 3157 3007 3215 iis
3057 3159 3212 3224 solis,
3263 3159 3357 3229 qui
3408 3158 3516 3213 vita
3554 3160 3703 3229 digni

437 3246 743 3292 stramenta
795 3239 1150 3308 suppeditat:
1189 3238 1353 3292 homo
1408 3249 1592 3293 autem
1654 3241 1870 3294 actione
1920 3256 2021 3296 sua

436 3343 554 3382 rem
609 3329 872 3397 praeclare
913 3331 1158 3384 coniicit.
1208 3328 1301 3385 Ille
1352 3329 1563 3385 semina
1625 3331 1891 3388 mandat:
1932 3332 2021 3386 hic

439 3421 693 3492 agricolae
743 3437 972 3476 munere
1014 3421 1285 3491 fungitur.
1340 3424 1474 3480 Nam
1508 3441 1629 3479 cum
1666 3426 1718 3478 in
1770 3427 2021 3495 paradiso

438 3524 660 3583 propter
705 3528 868 3585 opera
905 3514 1047 3569 bona
1101 3515 1404 3569 collocatus
1443 3525 1609 3581 esset,
1646 3517 1752 3570 nisi
1807 3518 2017 3572 arbitrii

439 3605 747 3661 libertatem
806 3608 1134 3671 habuisset,
1209 3623 1554 3677 nequaquam
1613 3624 1677 3663 ex
1740 3610 2021 3663 voluntate

433 3714 598 3766 agere
635 3699 930 3755 videretur.
966 3699 1257 3755 Enimvero
1293 3701 1513 3755 sensilis
1544 3700 1836 3770 paradisus
1862 3701 2020 3771 quis-

439 3805 566 3844 nam
620 3790 734 3853 sit,
796 3806 860 3844 ex
927 3790 1157 3846 Genesis
1193 3790 1427 3847 historia
1484 3791 1834 3861 pchpicuum
1898 3808 2019 3849 esse

435 3894 621 3953 queat.
666 3881 935 3938 Plantavit
968 3884 1137 3946 enim,
1191 3883 1389 3952 inquit,
1431 3883 1569 3938 Deus
1620 3882 1934 3952 paradisum
1965 3887 2018 3938 in

433 3974 588 4029 Eden
639 3974 713 4028 ad.
760 3973 1030 4029 Orientem
1054 3974 1120 4028 ι’.
1156 3982 1225 4027 At
1260 3974 1557 4046 Gregorius
1610 3974 1895 4030 historiam
1951 3977 2016 4030 ad

439 4066 756 4136 allegoriam
786 4065 1046 4131 traducit,
1079 4079 1243 4137 atque
1272 4081 1369 4136 per
1402 4067 1768 4122 illlClli‘Cliicm
1798 4068 2016 4137 quidem

434 4160 769 4232 paradisum,
825 4160 1108 4215 cmlestem
1160 4160 1327 4214 vitam
1378 4160 1657 4230 intelligit,
1700 4160 1784 4214 vel
1820 4161 2018 4215 animae

434 4254 724 4325 puritatem
770 4264 827 4309 et
874 4253 1225 4307 claritatem:
1259 4267 1354 4320 per
1408 4252 1618 4321 plantas
1667 4262 1873 4314 autem,
1919 4252 2020 4306 im-

435 4348 695 4404 mortales
740 4347 981 4401 rationes
1014 4354 1070 4401 et
1120 4345 1336 4402 divinas
1366 4347 1750 4413 cogitationes,
1784 4362 2015 4416 quarum

434 4440 558 4495 alia:
592 4440 870 4495 tenuiores
901 4450 1051 4502 sntit,
1097 4439 1216 4494 alia:
1261 4437 1632 4507 perfectiores.
1670 4437 1839 4509 Porro
1874 4440 2015 4509 quod

2124 3259 2273 3314 sunt,
2315 3267 2414 3306 nec
2455 3251 2619 3306 morti
2673 3250 2983 3319 suhjacent,
3013 3249 3102 3307 edi
3146 3258 3344 3321 potest.
3388 3248 3507 3305 Jam
3558 3266 3702 3321 quo-

2127 3345 2276 3397 niam
2329 3343 2669 3411 Spiritualem
2709 3342 3025 3412 paradisum
3059 3341 3473 3408 constituimus,
3507 3358 3569 3397 ac
3604 3359 3701 3413 per

2122 3449 2248 3490 eum
2290 3435 2567 3490 cmlestem
2598 3436 2762 3505 vitam
2796 3433 3193 3501 intelleximus,
3231 3433 3442 3505 lignum
3478 3449 3701 3504 quoque

2126 3527 2256 3582 illud
2293 3542 2475 3591 omne,
2509 3542 2576 3581 ex
2620 3541 2731 3595 quo
2784 3526 3123 3583 manducare
3169 3526 3332 3583 nobis
3369 3536 3701 3597 praeceptum

2123 3627 2225 3681 est,
2286 3617 2360 3672 ita
2409 3618 2688 3687 explicare
2743 3632 3068 3687 possumus,
3109 3626 3170 3673 ut
3218 3617 3489 3681 dicamus,
3545 3618 3706 3671 nobis

2125 3723 2223 3778 per
2248 3708 2379 3764 illud
2406 3708 2603 3762 divinae
2621 3708 3103 3779 contemplationis
3125 3707 3351 3763 delicias
3379 3707 3701 3778 significari.

2124 3797 2264 3853 Deus
2311 3799 2460 3853 enim
2501 3796 2821 3854 universum
2874 3806 2980 3863 est,
3029 3798 3084 3852 in
3121 3811 3253 3866 quo,
3292 3805 3348 3851 et
3390 3810 3487 3865 per
3516 3810 3702 3866 quem,

2122 3899 2248 3946 sunt
2294 3890 2500 3946 omnia.
2590 3889 2697 3955 Qui
2753 3890 2919 3945 etiam
2974 3889 3187 3960 lignum
3253 3887 3378 3943 vita:
3430 3888 3703 3942 nominari

2124 3991 2322 4051 potest,
2352 3982 2610 4052 quoniam
2648 3981 2850 4036 divinae
2880 3979 3323 4051 participationis
3353 3979 3586 4035 dulcedo
3634 3980 3703 4034 iis

2122 4075 2216 4144 qui
2248 4088 2312 4127 ea
2361 4073 2643 4137 fruuntur,
2698 4072 2866 4126 vitam
2910 4073 3059 4127 nulla
3113 4081 3286 4126 morte
3340 4072 3699 4142 interruptam

2125 4167 2384 4235 impertit.
2423 4167 2561 4220 Tum
2594 4174 2781 4221 autem
2812 4165 3019 4236 lignum
3050 4166 3296 4220 scientia:
3324 4165 3453 4219 boni
3478 4175 3531 4219 et
3575 4165 3703 4218 mali

2125 4258 2448 4328 multiplicis
2469 4256 2954 4326 contemplationis
2969 4256 3282 4326 disquisitio
3296 4258 3493 4325 exponi
3514 4264 3703 4325 queat,

2126 4348 2227 4402 hoc
2271 4357 2354 4404 est
2383 4348 2619 4418 propria:
2658 4357 2870 4402 natura:
2904 4347 3133 4417 agnitio,
3179 4362 3303 4418 quas
3348 4347 3590 4418 quidem,
3643 4355 3706 4402 ιιι

2123 4439 2379 4511 perfectis
2436 4452 2490 4494 et
2547 4439 2601 4493 in
2664 4440 2846 4496 divina
2921 4441 3385 4511 contemplatione
3436 4440 3704 4497 altissime

431 4532 698 4601 scriptum
752 4538 858 4594 est,
913 4532 1122 4585 nudum
1168 4530 1446 4583 hominem
1501 4528 1692 4593 fuisse,
1752 4530 2015 4585 trifariam
2053 4532 2398 4604 Dprovectis
2459 4531 2603 4587 bona
2662 4541 2767 4598 cst,
2833 4533 2905 4585 ita
2943 4532 3009 4588 iis
3064 4533 3158 4603 qui
3208 4548 3427 4588 summo
3484 4547 3537 4587 et
3600 4533 3702 4587 soli

440 4625 684 4692 exponit.
726 4621 918 4678 Nudus
972 4623 1142 4689 enim,
1197 4622 1398 4692 inquit,
1448 4629 1588 4685 erat,
1637 4632 1897 4689 quantum
1950 4623 2018 4678 ad

442 4730 656 4773 morum
724 4713 1180 4785 simplicitatem,
1242 4714 1485 4768 nondum
1540 4713 1685 4767 enim
1746 4707 1896 4769 fraus
1954 4729 2019 4770 ac

436 4808 674 4863 versutia
722 4815 775 4862 et
824 4806 1028 4867 malitia
1078 4805 1317 4862 admissa
1362 4804 1563 4860 fuerat.
1610 4804 1801 4860 Nudus
1848 4806 2014 4860 etiam

437 4910 713 4970 quatenus
763 4899 1010 4955 vestibus
1055 4907 1110 4954 et
1157 4907 1301 4954 tecto
1336 4897 1602 4952 carebat:
1632 4908 1817 4968 postea
1866 4898 2012 4953 enim

438 5000 496 5049 ct
551 4992 875 5048 \eslinzenla
935 5001 990 5046 et
1048 4999 1191 5046 tecta
1254 4990 1559 5062 excogitata
1620 4998 1766 5044 sunt.
1830 4989 2017 5047 Dill‘ert

433 5095 621 5140 autem
659 5087 1092 5155 integumentum
1120 5099 1151 5139 a
1184 5085 1528 5140 munimento
1561 5084 1677 5140 sive
1707 5100 2019 5155 propugna-

436 5178 563 5234 culo
594 5195 607 5232 :
639 5178 783 5249 quod
817 5178 950 5234 illud
981 5176 1196 5247 tegendi
1234 5178 1485 5248 corporis
1516 5192 1685 5232 causa
1735 5178 2013 5232 inventum

437 5267 533 5333 sit,
572 5278 631 5323 ut
666 5270 990 5326 vestimenta
1021 5287 1035 5322 :
1071 5270 1175 5324 hoc
1206 5283 1385 5324 autem
1429 5270 1698 5325 custodias
1741 5284 1803 5324 ac
1835 5269 2015 5324 tutela:

436 5375 625 5427 causa,
664 5371 724 5417 ut
756 5378 907 5417 arma
939 5371 994 5418 ct
1022 5363 1382 5417 instrumenta
1448 5362 1513 5417 ad
1556 5363 1663 5415 vim
1715 5360 2009 5416 arcendam

435 5451 709 5508 instituta.
755 5451 946 5508 Talem
992 5455 1138 5509 enim
1172 5470 1294 5509 esse
1334 5454 1694 5509 conveniebat
1746 5470 1870 5509 eam
1917 5453 2010 5524 qui

435 5559 467 5598 a
496 5543 608 5599 Deo
650 5554 869 5602 creatus
901 5554 1072 5608 esset,
1111 5550 1214 5602 hoc
1260 5555 1364 5608 est,
1397 5546 1770 5607 innocentem,
1805 5546 2014 5614 simpli-

435 5648 575 5702 cem,
624 5651 754 5692 cura
797 5646 851 5691 et
904 5636 1277 5693 sollicitudine
1308 5652 1566 5702 vacuum,
1602 5636 1673 5692 ab
1723 5636 2011 5692 all‘cctibus

503 5796 547 5828 δ’
567 5793 702 5851 Gen.
738 5812 797 5863 ll,
840 5797 891 5852 8.

2127 4625 2271 4679 b0l|0
2330 4624 2575 4679 nondum
2637 4624 2866 4678 firmiter
2930 4636 2983 4679 et
3045 4633 3363 4679 constanter
3423 4624 3699 4686 assident.

2126 4715 2290 4770 noxia
2334 4724 2455 4779 est,
2503 4723 2691 4784 utpote
2741 4730 2883 4785 quos
2936 4725 3159 4783 propter
3213 4715 3483 4769 infirmam
3538 4726 3702 4786 atque

2124 4806 2439 4861 instabilem
2471 4805 2524 4859 in
2562 4809 2707 4860 bono
2740 4806 3077 4860 tuattsionem
3104 4806 3352 4875 corporis
3385 4823 3514 4861 cura
3542 4809 3607 4861 ad
3642 4825 3702 4863 se

2125 4899 2405 4954 retrahere
2449 4899 2730 4969 variisque
2769 4900 3006 4969 negotiis
3054 4899 3333 4969 implicare
3384 4902 3542 4955 solet.
3578 4899 3696 4964 Vel,

2124 4990 2166 5045 si
2212 4990 2420 5054 mavis,
2465 5005 2560 5061 per
2606 5004 2768 5045 omne
2805 4991 3008 5061 lignum
3052 5005 3172 5045 eam
3208 4992 3405 5045 divina:
3444 4994 3699 5062 potentia:

2127 5081 2461 5150 agnitionem
2530 5081 2808 5151 intellige,
2853 5097 2973 5151 qure
3018 5098 3083 5137 ex
3138 5098 3321 5137 rcrtun
3384 5094 3692 5139 creatarum

2123 5170 2559 5224 consideratione
2618 5181 3005 5240 contparatur,
3080 5175 3545 5243 quemadmodum
3621 5179 3697 5228 a't

2122 5260 2420 5328 Apostolus
2482 5279 2496 5316 :
2560 5260 2859 5316 lnvisiliilia
2919 5266 3059 5317 enim
3129 5265 3296 5334 ipsius
3362 5285 3392 5318 ιι
3453 5278 3698 5320 creatura

2119 5353 2302 5407 mundi
2352 5370 2444 5421 per
2502 5371 2562 5407 ea
2614 5371 2731 5425 qua:
2760 5355 2909 5423 facta
2964 5367 3108 5423 sunt,
3170 5357 3437 5411 intellecta
3491 5356 3698 5423 conspi-

2125 5452 2340 5504 ciuntur
2365 5450 2431 5503 ⁵².
2485 5448 2742 5504 Omnium
2778 5463 2960 5507 autem
2998 5453 3264 5524 ejusmodi
3301 5453 3691 5521 cogitationum

2120 5542 2576 5598 excellentissima
2626 5551 2680 5594 et
2712 5544 2979 5600 altissima
3012 5556 3095 5600 est
3146 5546 3257 5608 illa,
3291 5560 3411 5615 qua:
3451 5545 3503 5597 in
3538 5558 3687 5598 στρων

2122 5635 2289 5689 tionis
2345 5641 2548 5687 nostrae
2589 5634 2802 5691 ratione
2852 5648 3125 5693 versatur.
3180 5636 3451 5691 Mil-abitis
3500 5636 3644 5690 enim
3664 5672 3683 5697 ,

973 5798 1015 5829 ⁸⁸
1040 5798 1173 5884 Gen.
1205 5813 1318 5863 ιιι,
1358 5798 1443 5853 17.
1520 5796 1562 5828 ⁸¹
1592 5794 1758 5851 Marc.
1796 5813 1872 5864 χι,
1910 5797 1995 5852 15.
2073 5798 2116 5829 ⁵³
2150 5794 2308 5850 Rom.
2338 5812 2375 5862 I,
2408 5795 2497 5850 ΞΟ.
