  <div class='ocr_page' id='page_1' title='image "/cluster/home/n/w/nwhite01/storage/ocr_20150623/127/coo.31924054870328/675.png"; bbox 0 0 4116 6416; ppageno 0'>
   <div class='ocr_carea' id='block_1_1' title="bbox 438 387 574 450">
    <p class='ocr_par' dir='ltr' id='par_1_1' title="bbox 438 387 574 450">
     <span class='ocr_line' id='line_1_1' title="bbox 438 387 574 450; baseline 0 -1"><span class='ocrx_word' id='word_1_1' title='bbox 438 387 574 450; x_wconf 75' lang='grc'><strong>1335</strong></span> 
     </span>
    </p>
   </div>
   <div class='ocr_carea' id='block_1_2' title="bbox 1845 383 2229 445">
    <p class='ocr_par' dir='ltr' id='par_1_2' title="bbox 1845 383 2229 445">
     <span class='ocr_line' id='line_1_2' title="bbox 1845 383 2229 445; baseline 0 -2"><span class='ocrx_word' id='word_1_2' title='bbox 1845 383 2229 445; x_wconf 73' lang='lat' dir='ltr'><strong>ADDENDA.</strong></span> 
     </span>
    </p>
   </div>
   <div class='ocr_carea' id='block_1_3' title="bbox 3558 386 3694 453">
    <p class='ocr_par' dir='ltr' id='par_1_3' title="bbox 3558 386 3694 453">
     <span class='ocr_line' id='line_1_3' title="bbox 3558 386 3694 453; baseline 0.022 -3"><span class='ocrx_word' id='word_1_3' title='bbox 3558 386 3694 453; x_wconf 81' lang='lat'><strong>1336</strong></span> 
     </span>
    </p>
   </div>
   <div class='ocr_carea' id='block_1_4' title="bbox 436 496 3688 571">
    <p class='ocr_par' dir='ltr' id='par_1_4' title="bbox 436 496 3688 571">
     <span class='ocr_line' id='line_1_4' title="bbox 436 496 3688 571; baseline 0.001 -19"><span class='ocrx_word' id='word_1_4' title='bbox 436 498 635 571; x_wconf 81' lang='lat' dir='ltr'><strong>inquit,</strong></span> <span class='ocrx_word' id='word_1_5' title='bbox 693 501 842 571; x_wconf 82' lang='lat' dir='ltr'><strong>facta</strong></span> <span class='ocrx_word' id='word_1_6' title='bbox 893 509 972 554; x_wconf 84' lang='lat' dir='ltr'><strong>est</strong></span> <span class='ocrx_word' id='word_1_7' title='bbox 1005 496 1223 554; x_wconf 82' lang='lat' dir='ltr'><strong>scientia</strong></span> <span class='ocrx_word' id='word_1_8' title='bbox 1277 509 1368 552; x_wconf 90' lang='lat' dir='ltr'><strong>tua</strong></span> <span class='ocrx_word' id='word_1_9' title='bbox 1417 513 1480 552; x_wconf 79' lang='lat' dir='ltr'><strong>ea:</strong></span> <span class='ocrx_word' id='word_1_10' title='bbox 1531 515 1609 552; x_wconf 89' lang='lat' dir='ltr'><strong>me</strong></span> <span class='ocrx_word' id='word_1_11' title='bbox 1628 498 1697 563; x_wconf 81' lang='grc'><strong>⁸³,</strong></span> <span class='ocrx_word' id='word_1_12' title='bbox 1751 499 1854 553; x_wconf 91' lang='lat' dir='ltr'><strong>hoc</strong></span> <span class='ocrx_word' id='word_1_13' title='bbox 1901 508 2005 558; x_wconf 89' lang='lat' dir='ltr'><strong>est.</strong></span> <span class='ocrx_word' id='word_1_14' title='bbox 2045 501 2086 555; x_wconf 75' lang='grc' dir='ltr'><strong>Α</strong></span> <span class='ocrx_word' id='word_1_15' title='bbox 2117 498 2281 566; x_wconf 84' lang='lat' dir='ltr'><strong>ptatis</strong></span> <span class='ocrx_word' id='word_1_16' title='bbox 2315 496 2584 554; x_wconf 84' lang='lat' dir='ltr'><strong>illecebris</strong></span> <span class='ocrx_word' id='word_1_17' title='bbox 2615 499 3016 570; x_wconf 67' lang='lat' dir='ltr'><strong>lenociniis-que</strong></span> <span class='ocrx_word' id='word_1_18' title='bbox 3065 499 3204 569; x_wconf 86' lang='lat' dir='ltr'><strong>capti</strong></span> <span class='ocrx_word' id='word_1_19' title='bbox 3250 509 3377 554; x_wconf 91' lang='lat' dir='ltr'><strong>sunt</strong></span> <span class='ocrx_word' id='word_1_20' title='bbox 3413 518 3426 554; x_wconf 91' lang='lat'>:</span> <span class='ocrx_word' id='word_1_21' title='bbox 3466 510 3629 571; x_wconf 85' lang='lat' dir='ltr'><strong>atque</strong></span> <span class='ocrx_word' id='word_1_22' title='bbox 3659 522 3688 555; x_wconf 89' lang='lat' dir='ltr'><strong>a</strong></span> 
     </span>
    </p>
   </div>
   <div class='ocr_carea' id='block_1_5' title="bbox 437 593 2012 667">
    <p class='ocr_par' dir='ltr' id='par_1_5' title="bbox 437 593 2012 667">
     <span class='ocr_line' id='line_1_5' title="bbox 437 593 2012 667; baseline 0.003 -24"><span class='ocrx_word' id='word_1_23' title='bbox 437 609 505 646; x_wconf 76' lang='lat' dir='ltr'><strong>ex</strong></span> <span class='ocrx_word' id='word_1_24' title='bbox 548 594 649 647; x_wconf 91' lang='lat' dir='ltr'><strong>mei</strong></span> <span class='ocrx_word' id='word_1_25' title='bbox 684 593 1115 648; x_wconf 87' lang='lat' dir='ltr'><strong>constructione.</strong></span> <span class='ocrx_word' id='word_1_26' title='bbox 1146 593 1270 649; x_wconf 63' lang='lat' dir='ltr'><strong>llaec</strong></span> <span class='ocrx_word' id='word_1_27' title='bbox 1301 605 1484 650; x_wconf 88' lang='lat' dir='ltr'><strong>autem</strong></span> <span class='ocrx_word' id='word_1_28' title='bbox 1528 596 1769 667; x_wconf 80' lang='lat' dir='ltr'><strong>cognitio</strong></span> <span class='ocrx_word' id='word_1_29' title='bbox 1802 596 2012 649; x_wconf 81' lang='lat' dir='ltr'><strong>Adamo</strong></span> 
     </span>
    </p>
   </div>
   <div class='ocr_carea' id='block_1_6' title="bbox 439 686 2011 758">
    <p class='ocr_par' dir='ltr' id='par_1_6' title="bbox 439 686 2011 758">
     <span class='ocr_line' id='line_1_6' title="bbox 439 686 2011 758; baseline 0.001 -18"><span class='ocrx_word' id='word_1_30' title='bbox 439 686 742 757; x_wconf 82' lang='lat' dir='ltr'><strong>periculosa</strong></span> <span class='ocrx_word' id='word_1_31' title='bbox 813 695 967 751; x_wconf 88' lang='lat' dir='ltr'><strong>erat,</strong></span> <span class='ocrx_word' id='word_1_32' title='bbox 1030 686 1288 740; x_wconf 87' lang='lat' dir='ltr'><strong>nimirum</strong></span> <span class='ocrx_word' id='word_1_33' title='bbox 1360 703 1551 744; x_wconf 84' lang='lat' dir='ltr'><strong>recens</strong></span> <span class='ocrx_word' id='word_1_34' title='bbox 1607 698 1788 743; x_wconf 90' lang='lat' dir='ltr'><strong>creato</strong></span> <span class='ocrx_word' id='word_1_35' title='bbox 1852 699 2011 758; x_wconf 89' lang='lat' dir='ltr'><strong>atque</strong></span> 
     </span>
    </p>
   </div>
   <div class='ocr_carea' id='block_1_7' title="bbox 438 775 2012 852">
    <p class='ocr_par' dir='ltr' id='par_1_7' title="bbox 438 775 2012 852">
     <span class='ocr_line' id='line_1_7' title="bbox 438 775 2012 852; baseline 0.001 -20"><span class='ocrx_word' id='word_1_36' title='bbox 438 779 618 832; x_wconf 80' lang='lat' dir='ltr'><strong>adhuc</strong></span> <span class='ocrx_word' id='word_1_37' title='bbox 670 776 1009 846; x_wconf 82' lang='lat' dir='ltr'><strong>imperfecto.</strong></span> <span class='ocrx_word' id='word_1_38' title='bbox 1062 775 1205 843; x_wconf 89' lang='lat' dir='ltr'><strong>Quin</strong></span> <span class='ocrx_word' id='word_1_39' title='bbox 1273 780 1435 834; x_wconf 86' lang='lat' dir='ltr'><strong>etiam</strong></span> <span class='ocrx_word' id='word_1_40' title='bbox 1485 795 1579 851; x_wconf 90' lang='lat' dir='ltr'><strong>per</strong></span> <span class='ocrx_word' id='word_1_41' title='bbox 1634 781 1840 852; x_wconf 81' lang='lat' dir='ltr'><strong>lignum</strong></span> <span class='ocrx_word' id='word_1_42' title='bbox 1889 783 2012 834; x_wconf 71' lang='lat' dir='ltr'><strong>vitae</strong></span> 
     </span>
    </p>
   </div>
   <div class='ocr_carea' id='block_1_8' title="bbox 440 867 2010 942">
    <p class='ocr_par' dir='ltr' id='par_1_8' title="bbox 440 867 2010 942">
     <span class='ocr_line' id='line_1_8' title="bbox 440 867 2010 942; baseline 0.004 -20"><span class='ocrx_word' id='word_1_43' title='bbox 440 883 701 923; x_wconf 80' lang='lat' dir='ltr'><strong>ascensus</strong></span> <span class='ocrx_word' id='word_1_44' title='bbox 743 868 833 922; x_wconf 90' lang='lat' dir='ltr'><strong>ille</strong></span> <span class='ocrx_word' id='word_1_45' title='bbox 883 867 1178 938; x_wconf 82' lang='lat' dir='ltr'><strong>signiﬁcari</strong></span> <span class='ocrx_word' id='word_1_46' title='bbox 1231 880 1425 940; x_wconf 85' lang='lat' dir='ltr'><strong>potest,</strong></span> <span class='ocrx_word' id='word_1_47' title='bbox 1481 888 1590 942; x_wconf 91' lang='lat' dir='ltr'><strong>quo</strong></span> <span class='ocrx_word' id='word_1_48' title='bbox 1638 888 1700 926; x_wconf 81' lang='lat' dir='ltr'><strong>ex</strong></span> <span class='ocrx_word' id='word_1_49' title='bbox 1753 873 2010 928; x_wconf 89' lang='lat' dir='ltr'><strong>omnibus</strong></span> 
     </span>
    </p>
   </div>
   <div class='ocr_carea' id='block_1_9' title="bbox 439 959 2010 1032">
    <p class='ocr_par' dir='ltr' id='par_1_9' title="bbox 439 959 2010 1032">
     <span class='ocr_line' id='line_1_9' title="bbox 439 959 2010 1032; baseline 0.001 -19"><span class='ocrx_word' id='word_1_50' title='bbox 439 960 607 1016; x_wconf 86' lang='lat' dir='ltr'><strong>rebus</strong></span> <span class='ocrx_word' id='word_1_51' title='bbox 655 959 1014 1015; x_wconf 85' lang='lat' dir='ltr'><strong>sensibilibus</strong></span> <span class='ocrx_word' id='word_1_52' title='bbox 1049 961 1114 1014; x_wconf 87' lang='lat' dir='ltr'><strong>ad</strong></span> <span class='ocrx_word' id='word_1_53' title='bbox 1159 960 1326 1015; x_wconf 85' lang='lat' dir='ltr'><strong>Deum</strong></span> <span class='ocrx_word' id='word_1_54' title='bbox 1357 964 1752 1032; x_wconf 85' lang='lat' dir='ltr'><strong>provehimur;</strong></span> <span class='ocrx_word' id='word_1_55' title='bbox 1807 979 1902 1032; x_wconf 88' lang='lat' dir='ltr'><strong>per</strong></span> <span class='ocrx_word' id='word_1_56' title='bbox 1949 961 2010 1015; x_wconf 92' lang='lat' dir='ltr'><strong>li-</strong></span> 
     </span>
    </p>
   </div>
   <div class='ocr_carea' id='block_1_10' title="bbox 436 1056 2012 1125">
    <p class='ocr_par' dir='ltr' id='par_1_10' title="bbox 436 1056 2012 1125">
     <span class='ocr_line' id='line_1_10' title="bbox 436 1056 2012 1125; baseline 0.002 -16"><span class='ocrx_word' id='word_1_57' title='bbox 436 1071 600 1125; x_wconf 86' lang='lat' dir='ltr'><strong>gnum</strong></span> <span class='ocrx_word' id='word_1_58' title='bbox 647 1065 830 1110; x_wconf 89' lang='lat' dir='ltr'><strong>autem</strong></span> <span class='ocrx_word' id='word_1_59' title='bbox 895 1056 1142 1112; x_wconf 75' lang='lat' dir='ltr'><strong>srientia;</strong></span> <span class='ocrx_word' id='word_1_60' title='bbox 1173 1057 1302 1112; x_wconf 90' lang='lat' dir='ltr'><strong>boni</strong></span> <span class='ocrx_word' id='word_1_61' title='bbox 1345 1068 1399 1114; x_wconf 91' lang='lat' dir='ltr'><strong>et</strong></span> <span class='ocrx_word' id='word_1_62' title='bbox 1455 1060 1583 1114; x_wconf 92' lang='lat' dir='ltr'><strong>mali</strong></span> <span class='ocrx_word' id='word_1_63' title='bbox 1631 1060 1907 1115; x_wconf 79' lang='lat' dir='ltr'><strong>sensibilis</strong></span> <span class='ocrx_word' id='word_1_64' title='bbox 1957 1069 2012 1112; x_wconf 90' lang='lat' dir='ltr'><strong>et</strong></span> 
     </span>
    </p>
   </div>
   <div class='ocr_carea' id='block_1_11' title="bbox 436 1149 2012 1220">
    <p class='ocr_par' dir='ltr' id='par_1_11' title="bbox 436 1149 2012 1220">
     <span class='ocr_line' id='line_1_11' title="bbox 436 1149 2012 1220; baseline 0.004 -20"><span class='ocrx_word' id='word_1_65' title='bbox 436 1149 818 1218; x_wconf 86' lang='lat' dir='ltr'><strong>voluptuarius</strong></span> <span class='ocrx_word' id='word_1_66' title='bbox 850 1149 1029 1214; x_wconf 86' lang='lat' dir='ltr'><strong>cibus,</strong></span> <span class='ocrx_word' id='word_1_67' title='bbox 1062 1151 1152 1220; x_wconf 90' lang='lat' dir='ltr'><strong>qui</strong></span> <span class='ocrx_word' id='word_1_68' title='bbox 1189 1152 1408 1205; x_wconf 82' lang='lat' dir='ltr'><strong>tametsi</strong></span> <span class='ocrx_word' id='word_1_69' title='bbox 1437 1152 1780 1207; x_wconf 77' lang='lat' dir='ltr'><strong>dulcedinem</strong></span> <span class='ocrx_word' id='word_1_70' title='bbox 1816 1151 2012 1207; x_wconf 84' lang='lat' dir='ltr'><strong>all&#39;erre</strong></span> 
     </span>
    </p>
   </div>
   <div class='ocr_carea' id='block_1_12' title="bbox 437 1239 2011 1312">
    <p class='ocr_par' dir='ltr' id='par_1_12' title="bbox 437 1239 2011 1312">
     <span class='ocr_line' id='line_1_12' title="bbox 437 1239 2011 1312; baseline 0.005 -23"><span class='ocrx_word' id='word_1_71' title='bbox 437 1239 707 1306; x_wconf 85' lang='lat' dir='ltr'><strong>videatur,</strong></span> <span class='ocrx_word' id='word_1_72' title='bbox 743 1250 921 1294; x_wconf 87' lang='lat' dir='ltr'><strong>tamen</strong></span> <span class='ocrx_word' id='word_1_73' title='bbox 952 1256 1137 1295; x_wconf 81' lang='lat' dir='ltr'><strong>revera</strong></span> <span class='ocrx_word' id='word_1_74' title='bbox 1171 1243 1557 1312; x_wconf 85' lang='lat' dir='ltr'><strong>percipientem</strong></span> <span class='ocrx_word' id='word_1_75' title='bbox 1595 1245 1755 1298; x_wconf 85' lang='lat' dir='ltr'><strong>malis</strong></span> <span class='ocrx_word' id='word_1_76' title='bbox 1788 1245 2011 1297; x_wconf 82' lang='lat' dir='ltr'><strong>immer-</strong></span> 
     </span>
    </p>
   </div>
   <div class='ocr_carea' id='block_1_13' title="bbox 437 1330 2010 1405">
    <p class='ocr_par' dir='ltr' id='par_1_13' title="bbox 437 1330 2010 1405">
     <span class='ocr_line' id='line_1_13' title="bbox 437 1330 2010 1405; baseline 0.004 -21"><span class='ocrx_word' id='word_1_77' title='bbox 437 1331 534 1401; x_wconf 90' lang='lat' dir='ltr'><strong>git.</strong></span> <span class='ocrx_word' id='word_1_78' title='bbox 589 1330 668 1385; x_wconf 74' lang='lat' dir='ltr'><strong>Ex</strong></span> <span class='ocrx_word' id='word_1_79' title='bbox 725 1335 866 1386; x_wconf 83' lang='lat' dir='ltr'><strong>omni</strong></span> <span class='ocrx_word' id='word_1_80' title='bbox 925 1333 1087 1402; x_wconf 88' lang='lat' dir='ltr'><strong>igitur</strong></span> <span class='ocrx_word' id='word_1_81' title='bbox 1129 1333 1270 1404; x_wconf 84' lang='lat' dir='ltr'><strong>ligno</strong></span> <span class='ocrx_word' id='word_1_82' title='bbox 1324 1337 1464 1405; x_wconf 87' lang='lat' dir='ltr'><strong>quod</strong></span> <span class='ocrx_word' id='word_1_83' title='bbox 1519 1345 1597 1389; x_wconf 84' lang='lat' dir='ltr'><strong>est</strong></span> <span class='ocrx_word' id='word_1_84' title='bbox 1655 1337 1708 1389; x_wconf 83' lang='lat' dir='ltr'><strong>in</strong></span> <span class='ocrx_word' id='word_1_85' title='bbox 1759 1335 2010 1404; x_wconf 80' lang='lat' dir='ltr'><strong>paradiso</strong></span> 
     </span>
    </p>
   </div>
   <div class='ocr_carea' id='block_1_14' title="bbox 436 1423 2010 1495">
    <p class='ocr_par' dir='ltr' id='par_1_14' title="bbox 436 1423 2010 1495">
     <span class='ocr_line' id='line_1_14' title="bbox 436 1423 2010 1495; baseline 0.004 -19"><span class='ocrx_word' id='word_1_86' title='bbox 436 1423 694 1484; x_wconf 86' lang='lat' dir='ltr'><strong>comedes.</strong></span> <span class='ocrx_word' id='word_1_87' title='bbox 734 1424 836 1480; x_wconf 80' lang='lat' dir='ltr'><strong>hoc</strong></span> <span class='ocrx_word' id='word_1_88' title='bbox 875 1435 982 1495; x_wconf 81' lang='lat' dir='ltr'><strong>est,</strong></span> <span class='ocrx_word' id='word_1_89' title='bbox 1031 1441 1127 1495; x_wconf 91' lang='lat' dir='ltr'><strong>per</strong></span> <span class='ocrx_word' id='word_1_90' title='bbox 1167 1442 1357 1482; x_wconf 84' lang='lat' dir='ltr'><strong>omnes</strong></span> <span class='ocrx_word' id='word_1_91' title='bbox 1420 1442 1508 1482; x_wconf 89' lang='lat' dir='ltr'><strong>res</strong></span> <span class='ocrx_word' id='word_1_92' title='bbox 1558 1437 1769 1482; x_wconf 86' lang='lat' dir='ltr'><strong>creatas</strong></span> <span class='ocrx_word' id='word_1_93' title='bbox 1810 1426 1877 1481; x_wconf 89' lang='lat' dir='ltr'><strong>ad</strong></span> <span class='ocrx_word' id='word_1_94' title='bbox 1925 1442 2010 1482; x_wconf 87' lang='lat' dir='ltr'><strong>me</strong></span> 
     </span>
    </p>
   </div>
   <div class='ocr_carea' id='block_1_15' title="bbox 436 1514 2010 1586">
    <p class='ocr_par' dir='ltr' id='par_1_15' title="bbox 436 1514 2010 1586">
     <span class='ocr_line' id='line_1_15' title="bbox 436 1514 2010 1586; baseline 0.002 -17"><span class='ocrx_word' id='word_1_95' title='bbox 436 1514 745 1570; x_wconf 88' lang='lat' dir='ltr'><strong>Creatorem</strong></span> <span class='ocrx_word' id='word_1_96' title='bbox 778 1517 1032 1582; x_wconf 86' lang='lat' dir='ltr'><strong>evehere,</strong></span> <span class='ocrx_word' id='word_1_97' title='bbox 1063 1528 1228 1586; x_wconf 88' lang='lat' dir='ltr'><strong>atque</strong></span> <span class='ocrx_word' id='word_1_98' title='bbox 1259 1534 1428 1573; x_wconf 94' lang='lat' dir='ltr'><strong>unum</strong></span> <span class='ocrx_word' id='word_1_99' title='bbox 1463 1534 1528 1572; x_wconf 85' lang='lat' dir='ltr'><strong>ex</strong></span> <span class='ocrx_word' id='word_1_100' title='bbox 1551 1520 1810 1574; x_wconf 89' lang='lat' dir='ltr'><strong>omnibus</strong></span> <span class='ocrx_word' id='word_1_101' title='bbox 1847 1519 2010 1573; x_wconf 86' lang='lat' dir='ltr'><strong>rebus</strong></span> 
     </span>
    </p>
   </div>
   <div class='ocr_carea' id='block_1_16' title="bbox 442 1611 2006 1684">
    <p class='ocr_par' dir='ltr' id='par_1_16' title="bbox 442 1611 2006 1684">
     <span class='ocr_line' id='line_1_16' title="bbox 442 1611 2006 1684; baseline 0.003 -20"><span class='ocrx_word' id='word_1_102' title='bbox 442 1611 680 1666; x_wconf 82' lang='lat' dir='ltr'><strong>fructum</strong></span> <span class='ocrx_word' id='word_1_103' title='bbox 714 1613 929 1680; x_wconf 82' lang='lat' dir='ltr'><strong>collige,</strong></span> <span class='ocrx_word' id='word_1_104' title='bbox 979 1630 1066 1668; x_wconf 89' lang='lat' dir='ltr'><strong>me</strong></span> <span class='ocrx_word' id='word_1_105' title='bbox 1101 1615 1374 1677; x_wconf 70' lang='lat' dir='ltr'><strong>videlicet,</strong></span> <span class='ocrx_word' id='word_1_106' title='bbox 1405 1617 1497 1684; x_wconf 92' lang='lat' dir='ltr'><strong>qui</strong></span> <span class='ocrx_word' id='word_1_107' title='bbox 1537 1632 1659 1669; x_wconf 85' lang='lat' dir='ltr'><strong>vera</strong></span> <span class='ocrx_word' id='word_1_108' title='bbox 1699 1617 1806 1670; x_wconf 90' lang='lat' dir='ltr'><strong>vita</strong></span> <span class='ocrx_word' id='word_1_109' title='bbox 1839 1632 1958 1670; x_wconf 89' lang='lat' dir='ltr'><strong>sum</strong></span> <span class='ocrx_word' id='word_1_110' title='bbox 1994 1632 2006 1668; x_wconf 91' lang='lat'><strong>:</strong></span> 
     </span>
    </p>
   </div>
   <div class='ocr_carea' id='block_1_17' title="bbox 437 1701 2004 1774">
    <p class='ocr_par' dir='ltr' id='par_1_17' title="bbox 437 1701 2004 1774">
     <span class='ocr_line' id='line_1_17' title="bbox 437 1701 2004 1774; baseline 0.003 -19"><span class='ocrx_word' id='word_1_111' title='bbox 437 1701 522 1756; x_wconf 80' lang='lat' dir='ltr'><strong>Ea:</strong></span> <span class='ocrx_word' id='word_1_112' title='bbox 555 1704 698 1774; x_wconf 88' lang='lat' dir='ltr'><strong>ligno</strong></span> <span class='ocrx_word' id='word_1_113' title='bbox 731 1715 904 1758; x_wconf 85' lang='lat' dir='ltr'><strong>autem</strong></span> <span class='ocrx_word' id='word_1_114' title='bbox 937 1706 1172 1760; x_wconf 73' lang='lat' dir='ltr'><strong>scientia:</strong></span> <span class='ocrx_word' id='word_1_115' title='bbox 1200 1707 1320 1760; x_wconf 88' lang='lat' dir='ltr'><strong>boni</strong></span> <span class='ocrx_word' id='word_1_116' title='bbox 1355 1718 1403 1760; x_wconf 87' lang='lat' dir='ltr'><strong>et</strong></span> <span class='ocrx_word' id='word_1_117' title='bbox 1441 1708 1570 1760; x_wconf 85' lang='lat' dir='ltr'><strong>mali</strong></span> <span class='ocrx_word' id='word_1_118' title='bbox 1602 1723 1663 1760; x_wconf 86' lang='lat' dir='ltr'><strong>ne</strong></span> <span class='ocrx_word' id='word_1_119' title='bbox 1697 1707 2004 1760; x_wconf 77' lang='lat' dir='ltr'><strong>comedetis.</strong></span> 
     </span>
    </p>
   </div>
   <div class='ocr_carea' id='block_1_18' title="bbox 409 1783 3190 1890">
    <p class='ocr_par' dir='ltr' id='par_1_18' title="bbox 409 1783 3190 1890">
     <span class='ocr_line' id='line_1_18' title="bbox 409 1783 3190 1890; baseline 0.003 -44"><span class='ocrx_word' id='word_1_120' title='bbox 409 1791 761 1862; x_wconf 67' lang='lat' dir='ltr'><strong>,Quacunque</strong></span> <span class='ocrx_word' id='word_1_121' title='bbox 811 1806 983 1849; x_wconf 84' lang='lat' dir='ltr'><strong>autent</strong></span> <span class='ocrx_word' id='word_1_122' title='bbox 1033 1799 1118 1851; x_wconf 85' lang='lat' dir='ltr'><strong>die</strong></span> <span class='ocrx_word' id='word_1_123' title='bbox 1171 1798 1547 1863; x_wconf 80' lang='lat' dir='ltr'><strong>comederitis,</strong></span> <span class='ocrx_word' id='word_1_124' title='bbox 1597 1809 1762 1852; x_wconf 89' lang='lat' dir='ltr'><strong>morte</strong></span> <span class='ocrx_word' id='word_1_125' title='bbox 1815 1799 2007 1851; x_wconf 85' lang='lat' dir='ltr'><strong>marie-</strong></span> <span class='ocrx_word' id='word_1_126' title='bbox 2046 1837 2085 1890; x_wconf 71' lang='grc' dir='ltr'><strong>Β</strong></span> <span class='ocrx_word' id='word_1_127' title='bbox 2116 1791 2316 1854; x_wconf 68' lang='lat' dir='ltr'><strong>alim&quot;.</strong></span> <span class='ocrx_word' id='word_1_128' title='bbox 2372 1802 2472 1842; x_wconf 71' lang='lat' dir='ltr'><strong>nec</strong></span> <span class='ocrx_word' id='word_1_129' title='bbox 2547 1785 2782 1854; x_wconf 69' lang='grc' dir='ltr'><strong>ηιθιῑεηθ</strong></span> <span class='ocrx_word' id='word_1_130' title='bbox 2829 1783 3116 1890; x_wconf 57' lang='grc' dir='ltr'><strong>ίξηθτδίξπθ</strong></span> 
     </span>
    </p>
   </div>
   <div class='ocr_carea' id='block_1_19' title="bbox 437 1885 2007 1955">
    <p class='ocr_par' dir='ltr' id='par_1_19' title="bbox 437 1885 2007 1955">
     <span class='ocr_line' id='line_1_19' title="bbox 437 1885 2007 1955; baseline 0.004 -20"><span class='ocrx_word' id='word_1_131' title='bbox 437 1885 584 1938; x_wconf 87' lang='lat' dir='ltr'><strong>mini.</strong></span> <span class='ocrx_word' id='word_1_132' title='bbox 637 1885 966 1941; x_wconf 80' lang='lat' dir='ltr'><strong>Naturaliter</strong></span> <span class='ocrx_word' id='word_1_133' title='bbox 1021 1888 1166 1941; x_wconf 91' lang='lat' dir='ltr'><strong>enim</strong></span> <span class='ocrx_word' id='word_1_134' title='bbox 1216 1888 1492 1943; x_wconf 89' lang='lat' dir='ltr'><strong>sensibilis</strong></span> <span class='ocrx_word' id='word_1_135' title='bbox 1547 1890 1705 1944; x_wconf 86' lang='lat' dir='ltr'><strong>cibus</strong></span> <span class='ocrx_word' id='word_1_136' title='bbox 1755 1890 1804 1944; x_wconf 90' lang='lat' dir='ltr'><strong>id</strong></span> <span class='ocrx_word' id='word_1_137' title='bbox 1864 1890 2007 1955; x_wconf 82' lang='lat' dir='ltr'><strong>quod</strong></span> 
     </span>
    </p>
   </div>
   <div class='ocr_carea' id='block_1_20' title="bbox 435 1976 2010 2053">
    <p class='ocr_par' dir='ltr' id='par_1_20' title="bbox 435 1976 2010 2053">
     <span class='ocr_line' id='line_1_20' title="bbox 435 1976 2010 2053; baseline 0.004 -23"><span class='ocrx_word' id='word_1_138' title='bbox 435 1976 662 2043; x_wconf 82' lang='lat' dir='ltr'><strong>ellluxit,</strong></span> <span class='ocrx_word' id='word_1_139' title='bbox 692 1979 896 2048; x_wconf 71' lang='lat' dir='ltr'><strong>replet;</strong></span> <span class='ocrx_word' id='word_1_140' title='bbox 932 1995 1028 2034; x_wconf 84' lang='lat' dir='ltr'><strong>nec</strong></span> <span class='ocrx_word' id='word_1_141' title='bbox 1060 1979 1173 2034; x_wconf 77' lang='lat' dir='ltr'><strong>fieri</strong></span> <span class='ocrx_word' id='word_1_142' title='bbox 1208 1990 1404 2050; x_wconf 87' lang='lat' dir='ltr'><strong>potest,</strong></span> <span class='ocrx_word' id='word_1_143' title='bbox 1443 1991 1500 2036; x_wconf 85' lang='grc' dir='ltr'><strong>ιιι</strong></span> <span class='ocrx_word' id='word_1_144' title='bbox 1539 1981 1585 2038; x_wconf 91' lang='lat' dir='ltr'><strong>is</strong></span> <span class='ocrx_word' id='word_1_145' title='bbox 1613 1981 2010 2053; x_wconf 91' lang='lat' dir='ltr'><strong>incorruptibi-</strong></span> 
     </span>
    </p>
   </div>
   <div class='ocr_carea' id='block_1_21' title="bbox 433 2069 2010 2142">
    <p class='ocr_par' dir='ltr' id='par_1_21' title="bbox 433 2069 2010 2142">
     <span class='ocr_line' id='line_1_21' title="bbox 433 2069 2010 2142; baseline 0.004 -21"><span class='ocrx_word' id='word_1_146' title='bbox 433 2069 502 2124; x_wconf 89' lang='lat' dir='ltr'><strong>lis</strong></span> <span class='ocrx_word' id='word_1_147' title='bbox 555 2079 908 2135; x_wconf 83' lang='lat' dir='ltr'><strong>permaneat,</strong></span> <span class='ocrx_word' id='word_1_148' title='bbox 973 2071 1067 2141; x_wconf 88' lang='lat' dir='ltr'><strong>qui</strong></span> <span class='ocrx_word' id='word_1_149' title='bbox 1119 2071 1397 2127; x_wconf 90' lang='lat' dir='ltr'><strong>sensibilis</strong></span> <span class='ocrx_word' id='word_1_150' title='bbox 1445 2072 1688 2127; x_wconf 88' lang='lat' dir='ltr'><strong>alimenti</strong></span> <span class='ocrx_word' id='word_1_151' title='bbox 1735 2073 2010 2142; x_wconf 80' lang='lat' dir='ltr'><strong>particeps</strong></span> 
     </span>
    </p>
   </div>
   <div class='ocr_carea' id='block_1_22' title="bbox 433 2157 2012 2234">
    <p class='ocr_par' dir='ltr' id='par_1_22' title="bbox 433 2157 2012 2234">
     <span class='ocr_line' id='line_1_22' title="bbox 433 2157 2012 2234; baseline 0.003 -21"><span class='ocrx_word' id='word_1_152' title='bbox 433 2167 538 2214; x_wconf 88' lang='lat' dir='ltr'><strong>est.</strong></span> <span class='ocrx_word' id='word_1_153' title='bbox 591 2157 794 2215; x_wconf 74' lang='lat' dir='ltr'><strong>Prteter</strong></span> <span class='ocrx_word' id='word_1_154' title='bbox 845 2161 944 2217; x_wconf 91' lang='lat' dir='ltr'><strong>hos</strong></span> <span class='ocrx_word' id='word_1_155' title='bbox 987 2163 1150 2217; x_wconf 86' lang='lat' dir='ltr'><strong>etiam</strong></span> <span class='ocrx_word' id='word_1_156' title='bbox 1195 2163 1387 2218; x_wconf 88' lang='lat' dir='ltr'><strong>modos</strong></span> <span class='ocrx_word' id='word_1_157' title='bbox 1431 2163 1590 2218; x_wconf 85' lang='lat' dir='ltr'><strong>aliter</strong></span> <span class='ocrx_word' id='word_1_158' title='bbox 1631 2164 1838 2234; x_wconf 77' lang='lat' dir='ltr'><strong>lignum</strong></span> <span class='ocrx_word' id='word_1_159' title='bbox 1887 2165 2012 2218; x_wconf 54' lang='lat' dir='ltr'><strong>vita;</strong></span> 
     </span>
    </p>
   </div>
   <div class='ocr_carea' id='block_1_23' title="bbox 433 2255 2011 2324">
    <p class='ocr_par' dir='ltr' id='par_1_23' title="bbox 433 2255 2011 2324">
     <span class='ocr_line' id='line_1_23' title="bbox 433 2255 2011 2324; baseline 0.006 -23"><span class='ocrx_word' id='word_1_160' title='bbox 433 2264 706 2318; x_wconf 68' lang='lat' dir='ltr'><strong>exponere</strong></span> <span class='ocrx_word' id='word_1_161' title='bbox 760 2267 1073 2320; x_wconf 89' lang='lat' dir='ltr'><strong>possumus,</strong></span> <span class='ocrx_word' id='word_1_162' title='bbox 1127 2261 1186 2306; x_wconf 90' lang='lat' dir='ltr'><strong>ut</strong></span> <span class='ocrx_word' id='word_1_163' title='bbox 1243 2263 1572 2324; x_wconf 76' lang='lat' dir='ltr'><strong>praeceptum</strong></span> <span class='ocrx_word' id='word_1_164' title='bbox 1630 2255 1763 2310; x_wconf 89' lang='lat' dir='ltr'><strong>illud</strong></span> <span class='ocrx_word' id='word_1_165' title='bbox 1807 2271 1836 2310; x_wconf 88' lang='lat' dir='ltr'><strong>a</strong></span> <span class='ocrx_word' id='word_1_166' title='bbox 1900 2256 2011 2310; x_wconf 91' lang='lat' dir='ltr'><strong>Deo</strong></span> 
     </span>
    </p>
   </div>
   <div class='ocr_carea' id='block_1_24' title="bbox 433 2338 2009 2414">
    <p class='ocr_par' dir='ltr' id='par_1_24' title="bbox 433 2338 2009 2414">
     <span class='ocr_line' id='line_1_24' title="bbox 433 2338 2009 2414; baseline 0.006 -22"><span class='ocrx_word' id='word_1_167' title='bbox 433 2338 623 2394; x_wconf 86' lang='lat' dir='ltr'><strong>datum</strong></span> <span class='ocrx_word' id='word_1_168' title='bbox 665 2342 936 2410; x_wconf 85' lang='lat' dir='ltr'><strong>signiticet</strong></span> <span class='ocrx_word' id='word_1_169' title='bbox 979 2343 1210 2413; x_wconf 84' lang='lat' dir='ltr'><strong>(lignum</strong></span> <span class='ocrx_word' id='word_1_170' title='bbox 1243 2345 1408 2399; x_wconf 86' lang='lat' dir='ltr'><strong>etiam</strong></span> <span class='ocrx_word' id='word_1_171' title='bbox 1440 2345 1562 2400; x_wconf 72' lang='lat' dir='ltr'><strong>vitae</strong></span> <span class='ocrx_word' id='word_1_172' title='bbox 1605 2353 1686 2401; x_wconf 83' lang='lat' dir='ltr'><strong>est</strong></span> <span class='ocrx_word' id='word_1_173' title='bbox 1719 2356 1772 2400; x_wconf 90' lang='lat' dir='ltr'><strong>et</strong></span> <span class='ocrx_word' id='word_1_174' title='bbox 1796 2347 2009 2414; x_wconf 78' lang='lat' dir='ltr'><strong>iustitia</strong></span> 
     </span>
    </p>
   </div>
   <div class='ocr_carea' id='block_1_25' title="bbox 435 2432 2008 2504">
    <p class='ocr_par' dir='ltr' id='par_1_25' title="bbox 435 2432 2008 2504">
     <span class='ocr_line' id='line_1_25' title="bbox 435 2432 2008 2504; baseline 0.003 -19"><span class='ocrx_word' id='word_1_175' title='bbox 435 2432 692 2488; x_wconf 90' lang='lat' dir='ltr'><strong>omnibus</strong></span> <span class='ocrx_word' id='word_1_176' title='bbox 749 2436 922 2504; x_wconf 87' lang='lat' dir='ltr'><strong>ipsam</strong></span> <span class='ocrx_word' id='word_1_177' title='bbox 973 2436 1482 2504; x_wconf 87' lang='lat' dir='ltr'><strong>amplectentibus);</strong></span> <span class='ocrx_word' id='word_1_178' title='bbox 1530 2437 1771 2492; x_wconf 70' lang='lat' dir='ltr'><strong>scientia:</strong></span> <span class='ocrx_word' id='word_1_179' title='bbox 1827 2447 2008 2492; x_wconf 91' lang='lat' dir='ltr'><strong>autem</strong></span> 
     </span>
    </p>
   </div>
   <div class='ocr_carea' id='block_1_26' title="bbox 434 2526 2006 2596">
    <p class='ocr_par' dir='ltr' id='par_1_26' title="bbox 434 2526 2006 2596">
     <span class='ocr_line' id='line_1_26' title="bbox 434 2526 2006 2596; baseline 0.001 -16"><span class='ocrx_word' id='word_1_180' title='bbox 434 2527 641 2594; x_wconf 82' lang='lat' dir='ltr'><strong>lignum</strong></span> <span class='ocrx_word' id='word_1_181' title='bbox 672 2526 1058 2581; x_wconf 86' lang='lat' dir='ltr'><strong>discretionem</strong></span> <span class='ocrx_word' id='word_1_182' title='bbox 1086 2529 1214 2581; x_wconf 90' lang='lat' dir='ltr'><strong>boni</strong></span> <span class='ocrx_word' id='word_1_183' title='bbox 1239 2537 1291 2582; x_wconf 93' lang='lat' dir='ltr'><strong>ct</strong></span> <span class='ocrx_word' id='word_1_184' title='bbox 1320 2528 1446 2582; x_wconf 90' lang='lat' dir='ltr'><strong>mali</strong></span> <span class='ocrx_word' id='word_1_185' title='bbox 1473 2527 1742 2596; x_wconf 79' lang='lat' dir='ltr'><strong>designet.</strong></span> <span class='ocrx_word' id='word_1_186' title='bbox 1765 2527 2006 2583; x_wconf 84' lang='lat' dir='ltr'><strong>Primum</strong></span> 
     </span>
    </p>
   </div>
   <div class='ocr_carea' id='block_1_27' title="bbox 436 2613 2009 2682">
    <p class='ocr_par' dir='ltr' id='par_1_27' title="bbox 436 2613 2009 2682">
     <span class='ocr_line' id='line_1_27' title="bbox 436 2613 2009 2682; baseline 0.004 -18"><span class='ocrx_word' id='word_1_187' title='bbox 436 2613 604 2682; x_wconf 80' lang='lat' dir='ltr'><strong>igitur</strong></span> <span class='ocrx_word' id='word_1_188' title='bbox 651 2613 973 2682; x_wconf 84' lang='lat' dir='ltr'><strong>simpliciter</strong></span> <span class='ocrx_word' id='word_1_189' title='bbox 1017 2622 1070 2669; x_wconf 89' lang='lat' dir='ltr'><strong>et</strong></span> <span class='ocrx_word' id='word_1_190' title='bbox 1123 2616 1242 2670; x_wconf 90' lang='lat' dir='ltr'><strong>sine</strong></span> <span class='ocrx_word' id='word_1_191' title='bbox 1273 2616 1380 2668; x_wconf 89' lang='lat' dir='ltr'><strong>ulla</strong></span> <span class='ocrx_word' id='word_1_192' title='bbox 1413 2616 1760 2673; x_wconf 89' lang='lat' dir='ltr'><strong>discussione</strong></span> <span class='ocrx_word' id='word_1_193' title='bbox 1801 2617 2009 2672; x_wconf 84' lang='lat' dir='ltr'><strong>Adamo</strong></span> 
     </span>
    </p>
   </div>
   <div class='ocr_carea' id='block_1_28' title="bbox 432 2702 2008 2780">
    <p class='ocr_par' dir='ltr' id='par_1_28' title="bbox 432 2702 2008 2780">
     <span class='ocr_line' id='line_1_28' title="bbox 432 2702 2008 2780; baseline 0.006 -24"><span class='ocrx_word' id='word_1_194' title='bbox 432 2702 746 2758; x_wconf 75' lang='lat' dir='ltr'><strong>faciendum</strong></span> <span class='ocrx_word' id='word_1_195' title='bbox 793 2715 934 2772; x_wconf 86' lang='lat' dir='ltr'><strong>erat,</strong></span> <span class='ocrx_word' id='word_1_196' title='bbox 985 2717 1045 2761; x_wconf 91' lang='lat' dir='ltr'><strong>ut</strong></span> <span class='ocrx_word' id='word_1_197' title='bbox 1083 2707 1189 2775; x_wconf 79' lang='lat' dir='ltr'><strong>legi</strong></span> <span class='ocrx_word' id='word_1_198' title='bbox 1227 2709 1423 2763; x_wconf 66' lang='lat' dir='ltr'><strong>divina:</strong></span> <span class='ocrx_word' id='word_1_199' title='bbox 1469 2719 1703 2780; x_wconf 89' lang='lat' dir='ltr'><strong>pareret,</strong></span> <span class='ocrx_word' id='word_1_200' title='bbox 1735 2712 1908 2768; x_wconf 88' lang='lat' dir='ltr'><strong>donec</strong></span> <span class='ocrx_word' id='word_1_201' title='bbox 1945 2715 2008 2766; x_wconf 83' lang='lat' dir='ltr'><strong>ad</strong></span> 
     </span>
    </p>
   </div>
   <div class='ocr_carea' id='block_1_29' title="bbox 431 2795 2009 2873">
    <p class='ocr_par' dir='ltr' id='par_1_29' title="bbox 431 2795 2009 2873">
     <span class='ocr_line' id='line_1_29' title="bbox 431 2795 2009 2873; baseline 0.006 -23"><span class='ocrx_word' id='word_1_202' title='bbox 431 2795 733 2866; x_wconf 84' lang='lat' dir='ltr'><strong>perlectum</strong></span> <span class='ocrx_word' id='word_1_203' title='bbox 781 2796 1001 2853; x_wconf 88' lang='lat' dir='ltr'><strong>virtutis</strong></span> <span class='ocrx_word' id='word_1_204' title='bbox 1048 2799 1295 2854; x_wconf 89' lang='lat' dir='ltr'><strong>habitum</strong></span> <span class='ocrx_word' id='word_1_205' title='bbox 1343 2801 1675 2869; x_wconf 87' lang='lat' dir='ltr'><strong>perveniret,</strong></span> <span class='ocrx_word' id='word_1_206' title='bbox 1725 2813 1887 2873; x_wconf 89' lang='lat' dir='ltr'><strong>atque</strong></span> <span class='ocrx_word' id='word_1_207' title='bbox 1937 2806 2009 2860; x_wconf 86' lang='lat' dir='ltr'><strong>ita</strong></span> 
     </span>
    </p>
   </div>
   <div class='ocr_carea' id='block_1_30' title="bbox 434 2886 2007 2961">
    <p class='ocr_par' dir='ltr' id='par_1_30' title="bbox 434 2886 2007 2961">
     <span class='ocr_line' id='line_1_30' title="bbox 434 2886 2007 2961; baseline 0.006 -23"><span class='ocrx_word' id='word_1_208' title='bbox 434 2888 653 2941; x_wconf 83' lang='lat' dir='ltr'><strong>demum</strong></span> <span class='ocrx_word' id='word_1_209' title='bbox 697 2886 792 2942; x_wconf 87' lang='lat' dir='ltr'><strong>Dei</strong></span> <span class='ocrx_word' id='word_1_210' title='bbox 835 2903 1063 2944; x_wconf 89' lang='lat' dir='ltr'><strong>munere</strong></span> <span class='ocrx_word' id='word_1_211' title='bbox 1097 2889 1225 2944; x_wconf 91' lang='lat' dir='ltr'><strong>boni</strong></span> <span class='ocrx_word' id='word_1_212' title='bbox 1281 2905 1344 2943; x_wconf 89' lang='lat' dir='ltr'><strong>ac</strong></span> <span class='ocrx_word' id='word_1_213' title='bbox 1396 2890 1522 2945; x_wconf 89' lang='lat' dir='ltr'><strong>mali</strong></span> <span class='ocrx_word' id='word_1_214' title='bbox 1559 2891 2007 2961; x_wconf 88' lang='lat' dir='ltr'><strong>dijudicationem</strong></span> 
     </span>
    </p>
   </div>
   <div class='ocr_carea' id='block_1_31' title="bbox 435 2979 2007 3052">
    <p class='ocr_par' dir='ltr' id='par_1_31' title="bbox 435 2979 2007 3052">
     <span class='ocr_line' id='line_1_31' title="bbox 435 2979 2007 3052; baseline 0.005 -20"><span class='ocrx_word' id='word_1_215' title='bbox 435 2979 727 3048; x_wconf 87' lang='lat' dir='ltr'><strong>acciperet,</strong></span> <span class='ocrx_word' id='word_1_216' title='bbox 774 2980 918 3049; x_wconf 91' lang='lat' dir='ltr'><strong>quod</strong></span> <span class='ocrx_word' id='word_1_217' title='bbox 946 2981 1168 3050; x_wconf 86' lang='lat' dir='ltr'><strong>quidem</strong></span> <span class='ocrx_word' id='word_1_218' title='bbox 1201 2981 1408 3052; x_wconf 80' lang='lat' dir='ltr'><strong>lignum</strong></span> <span class='ocrx_word' id='word_1_219' title='bbox 1459 2994 1543 3040; x_wconf 89' lang='lat' dir='ltr'><strong>est</strong></span> <span class='ocrx_word' id='word_1_220' title='bbox 1602 2984 1844 3040; x_wconf 72' lang='lat' dir='ltr'><strong>scientia:</strong></span> <span class='ocrx_word' id='word_1_221' title='bbox 1879 2986 2007 3041; x_wconf 76' lang='lat' dir='ltr'><strong>boni</strong></span> 
     </span>
    </p>
   </div>
   <div class='ocr_carea' id='block_1_32' title="bbox 435 3069 2006 3144">
    <p class='ocr_par' dir='ltr' id='par_1_32' title="bbox 435 3069 2006 3144">
     <span class='ocr_line' id='line_1_32' title="bbox 435 3069 2006 3144; baseline 0.004 -18"><span class='ocrx_word' id='word_1_222' title='bbox 435 3085 499 3126; x_wconf 90' lang='lat' dir='ltr'><strong>ac</strong></span> <span class='ocrx_word' id='word_1_223' title='bbox 532 3071 680 3126; x_wconf 89' lang='lat' dir='ltr'><strong>mali.</strong></span> <span class='ocrx_word' id='word_1_224' title='bbox 725 3069 912 3142; x_wconf 86' lang='lat' dir='ltr'><strong>Neque</strong></span> <span class='ocrx_word' id='word_1_225' title='bbox 937 3073 1083 3127; x_wconf 91' lang='lat' dir='ltr'><strong>enim</strong></span> <span class='ocrx_word' id='word_1_226' title='bbox 1132 3074 1180 3128; x_wconf 93' lang='lat' dir='ltr'><strong>ei</strong></span> <span class='ocrx_word' id='word_1_227' title='bbox 1213 3077 1304 3144; x_wconf 86' lang='lat' dir='ltr'><strong>qui</strong></span> <span class='ocrx_word' id='word_1_228' title='bbox 1343 3085 1530 3131; x_wconf 89' lang='lat' dir='ltr'><strong>tenero</strong></span> <span class='ocrx_word' id='word_1_229' title='bbox 1577 3086 1660 3131; x_wconf 91' lang='lat' dir='ltr'><strong>est</strong></span> <span class='ocrx_word' id='word_1_230' title='bbox 1702 3078 2006 3142; x_wconf 71' lang='lat' dir='ltr'><strong>intellectu,</strong></span> 
     </span>
    </p>
   </div>
   <div class='ocr_carea' id='block_1_33' title="bbox 2118 591 3689 662">
    <p class='ocr_par' dir='ltr' id='par_1_33' title="bbox 2118 591 3689 662">
     <span class='ocr_line' id='line_1_33' title="bbox 2118 591 3689 662; baseline 0.001 -17"><span class='ocrx_word' id='word_1_231' title='bbox 2118 591 2265 661; x_wconf 86' lang='lat' dir='ltr'><strong>ligno</strong></span> <span class='ocrx_word' id='word_1_232' title='bbox 2301 592 2426 645; x_wconf 71' lang='lat' dir='ltr'><strong>vita:</strong></span> <span class='ocrx_word' id='word_1_233' title='bbox 2451 591 2667 662; x_wconf 77' lang='lat' dir='ltr'><strong>expulsi</strong></span> <span class='ocrx_word' id='word_1_234' title='bbox 2702 603 2756 646; x_wconf 90' lang='lat' dir='ltr'><strong>et</strong></span> <span class='ocrx_word' id='word_1_235' title='bbox 2789 593 3046 648; x_wconf 81' lang='lat' dir='ltr'><strong>mortales</strong></span> <span class='ocrx_word' id='word_1_236' title='bbox 3079 593 3203 646; x_wconf 76' lang='lat' dir='ltr'><strong>facti</strong></span> <span class='ocrx_word' id='word_1_237' title='bbox 3237 603 3384 646; x_wconf 93' lang='lat' dir='ltr'><strong>sunt.</strong></span> <span class='ocrx_word' id='word_1_238' title='bbox 3418 593 3485 646; x_wconf 84' lang='lat' dir='ltr'><strong>At</strong></span> <span class='ocrx_word' id='word_1_239' title='bbox 3515 595 3689 648; x_wconf 86' lang='lat' dir='ltr'><strong>enim-</strong></span> 
     </span>
    </p>
   </div>
   <div class='ocr_carea' id='block_1_34' title="bbox 2119 682 3689 754">
    <p class='ocr_par' dir='ltr' id='par_1_34' title="bbox 2119 682 3689 754">
     <span class='ocr_line' id='line_1_34' title="bbox 2119 682 3689 754; baseline 0.001 -17"><span class='ocrx_word' id='word_1_240' title='bbox 2119 699 2245 738; x_wconf 84' lang='lat' dir='ltr'><strong>vero</strong></span> <span class='ocrx_word' id='word_1_241' title='bbox 2281 683 2383 737; x_wconf 90' lang='lat' dir='ltr'><strong>hoc</strong></span> <span class='ocrx_word' id='word_1_242' title='bbox 2420 683 2541 737; x_wconf 85' lang='lat' dir='ltr'><strong>loco</strong></span> <span class='ocrx_word' id='word_1_243' title='bbox 2574 682 2682 736; x_wconf 85' lang='lat' dir='ltr'><strong>Deo</strong></span> <span class='ocrx_word' id='word_1_244' title='bbox 2713 682 2922 737; x_wconf 86' lang='lat' dir='ltr'><strong>invisus</strong></span> <span class='ocrx_word' id='word_1_245' title='bbox 2963 682 3302 754; x_wconf 80' lang='lat' dir='ltr'><strong>Porphyrius</strong></span> <span class='ocrx_word' id='word_1_246' title='bbox 3333 694 3551 752; x_wconf 89' lang='lat' dir='ltr'><strong>propter</strong></span> <span class='ocrx_word' id='word_1_247' title='bbox 3586 685 3689 738; x_wconf 90' lang='lat' dir='ltr'><strong>hoc</strong></span> 
     </span>
    </p>
   </div>
   <div class='ocr_carea' id='block_1_35' title="bbox 2115 774 3687 845">
    <p class='ocr_par' dir='ltr' id='par_1_35' title="bbox 2115 774 3687 845">
     <span class='ocr_line' id='line_1_35' title="bbox 2115 774 3687 845; baseline -0.001 -15"><span class='ocrx_word' id='word_1_248' title='bbox 2115 777 2359 830; x_wconf 64' lang='lat' dir='ltr'><strong>scientiae</strong></span> <span class='ocrx_word' id='word_1_249' title='bbox 2417 776 2623 845; x_wconf 89' lang='lat' dir='ltr'><strong>lignum</strong></span> <span class='ocrx_word' id='word_1_250' title='bbox 2675 774 2845 828; x_wconf 88' lang='lat' dir='ltr'><strong>Deum</strong></span> <span class='ocrx_word' id='word_1_251' title='bbox 2903 775 3224 828; x_wconf 72' lang='lat' dir='ltr'><strong>alter-utrius</strong></span> <span class='ocrx_word' id='word_1_252' title='bbox 3271 774 3480 842; x_wconf 77' lang='lat' dir='ltr'><strong>peccati</strong></span> <span class='ocrx_word' id='word_1_253' title='bbox 3532 790 3687 828; x_wconf 89' lang='lat' dir='ltr'><strong>reum</strong></span> 
     </span>
    </p>
   </div>
   <div class='ocr_carea' id='block_1_36' title="bbox 2119 865 3691 940">
    <p class='ocr_par' dir='ltr' id='par_1_36' title="bbox 2119 865 3691 940">
     <span class='ocr_line' id='line_1_36' title="bbox 2119 865 3691 940; baseline 0 -17"><span class='ocrx_word' id='word_1_254' title='bbox 2119 883 2376 940; x_wconf 74' lang='lat' dir='ltr'><strong>peragere</strong></span> <span class='ocrx_word' id='word_1_255' title='bbox 2429 875 2683 922; x_wconf 87' lang='lat' dir='ltr'><strong>conatur.</strong></span> <span class='ocrx_word' id='word_1_256' title='bbox 2745 865 2857 920; x_wconf 90' lang='lat' dir='ltr'><strong>lloe</strong></span> <span class='ocrx_word' id='word_1_257' title='bbox 2903 865 3048 919; x_wconf 91' lang='lat' dir='ltr'><strong>enim</strong></span> <span class='ocrx_word' id='word_1_258' title='bbox 3111 866 3426 920; x_wconf 87' lang='lat' dir='ltr'><strong>dilemmate</strong></span> <span class='ocrx_word' id='word_1_259' title='bbox 3473 868 3691 924; x_wconf 90' lang='lat' dir='ltr'><strong>utitur:</strong></span> 
     </span>
    </p>
   </div>
   <div class='ocr_carea' id='block_1_37' title="bbox 2116 959 3694 1030">
    <p class='ocr_par' dir='ltr' id='par_1_37' title="bbox 2116 959 3694 1030">
     <span class='ocr_line' id='line_1_37' title="bbox 2116 959 3694 1030; baseline -0.003 -11"><span class='ocrx_word' id='word_1_260' title='bbox 2116 966 2222 1018; x_wconf 84' lang='lat' dir='ltr'><strong>Aut</strong></span> <span class='ocrx_word' id='word_1_261' title='bbox 2248 964 2408 1018; x_wconf 89' lang='lat' dir='ltr'><strong>arbor</strong></span> <span class='ocrx_word' id='word_1_262' title='bbox 2442 962 2532 1016; x_wconf 89' lang='lat' dir='ltr'><strong>illa</strong></span> <span class='ocrx_word' id='word_1_263' title='bbox 2563 959 2871 1030; x_wconf 84' lang='lat' dir='ltr'><strong>perniciose</strong></span> <span class='ocrx_word' id='word_1_264' title='bbox 2921 959 3130 1012; x_wconf 87' lang='lat' dir='ltr'><strong>consita</strong></span> <span class='ocrx_word' id='word_1_265' title='bbox 3165 969 3270 1022; x_wconf 89' lang='lat' dir='ltr'><strong>est,</strong></span> <span class='ocrx_word' id='word_1_266' title='bbox 3303 968 3490 1028; x_wconf 89' lang='lat' dir='ltr'><strong>utpote</strong></span> <span class='ocrx_word' id='word_1_267' title='bbox 3517 961 3694 1014; x_wconf 90' lang='lat' dir='ltr'><strong>homi-</strong></span> 
     </span>
    </p>
   </div>
   <div class='ocr_carea' id='block_1_38' title="bbox 2117 1051 3688 1120">
    <p class='ocr_par' dir='ltr' id='par_1_38' title="bbox 2117 1051 3688 1120">
     <span class='ocr_line' id='line_1_38' title="bbox 2117 1051 3688 1120; baseline -0.004 -10"><span class='ocrx_word' id='word_1_268' title='bbox 2117 1057 2276 1110; x_wconf 89' lang='lat' dir='ltr'><strong>nibus</strong></span> <span class='ocrx_word' id='word_1_269' title='bbox 2307 1062 2537 1108; x_wconf 91' lang='lat' dir='ltr'><strong>mortem</strong></span> <span class='ocrx_word' id='word_1_270' title='bbox 2593 1052 2824 1106; x_wconf 83' lang='lat' dir='ltr'><strong>allatura</strong></span> <span class='ocrx_word' id='word_1_271' title='bbox 2857 1069 2869 1106; x_wconf 90' lang='lat'><strong>:</strong></span> <span class='ocrx_word' id='word_1_272' title='bbox 2904 1063 2994 1104; x_wconf 88' lang='lat' dir='ltr'><strong>aut</strong></span> <span class='ocrx_word' id='word_1_273' title='bbox 3045 1051 3090 1104; x_wconf 91' lang='lat' dir='ltr'><strong>si</strong></span> <span class='ocrx_word' id='word_1_274' title='bbox 3123 1061 3264 1104; x_wconf 78' lang='lat' dir='ltr'><strong>recte</strong></span> <span class='ocrx_word' id='word_1_275' title='bbox 3317 1051 3554 1120; x_wconf 84' lang='lat' dir='ltr'><strong>plantata</strong></span> <span class='ocrx_word' id='word_1_276' title='bbox 3586 1062 3688 1116; x_wconf 89' lang='lat' dir='ltr'><strong>est,</strong></span> 
     </span>
    </p>
   </div>
   <div class='ocr_carea' id='block_1_39' title="bbox 2116 1142 3682 1218">
    <p class='ocr_par' dir='ltr' id='par_1_39' title="bbox 2116 1142 3682 1218">
     <span class='ocr_line' id='line_1_39' title="bbox 2116 1142 3682 1218; baseline -0.005 -15"><span class='ocrx_word' id='word_1_277' title='bbox 2116 1149 2353 1218; x_wconf 83' lang='lat' dir='ltr'><strong>maligne</strong></span> <span class='ocrx_word' id='word_1_278' title='bbox 2382 1157 2530 1202; x_wconf 90' lang='lat' dir='ltr'><strong>certe</strong></span> <span class='ocrx_word' id='word_1_279' title='bbox 2561 1155 2725 1215; x_wconf 88' lang='lat' dir='ltr'><strong>atque</strong></span> <span class='ocrx_word' id='word_1_280' title='bbox 2764 1143 2945 1198; x_wconf 85' lang='lat' dir='ltr'><strong>invide</strong></span> <span class='ocrx_word' id='word_1_281' title='bbox 2974 1142 3245 1212; x_wconf 90' lang='lat' dir='ltr'><strong>prohibita</strong></span> <span class='ocrx_word' id='word_1_282' title='bbox 3277 1151 3381 1206; x_wconf 86' lang='lat' dir='ltr'><strong>est,</strong></span> <span class='ocrx_word' id='word_1_283' title='bbox 3426 1142 3682 1195; x_wconf 81' lang='lat' dir='ltr'><strong>nimirum</strong></span> 
     </span>
    </p>
   </div>
   <div class='ocr_carea' id='block_1_40' title="bbox 2115 1233 3685 1301">
    <p class='ocr_par' dir='ltr' id='par_1_40' title="bbox 2115 1233 3685 1301">
     <span class='ocr_line' id='line_1_40' title="bbox 2115 1233 3685 1301; baseline -0.004 -9"><span class='ocrx_word' id='word_1_284' title='bbox 2115 1240 2226 1294; x_wconf 90' lang='lat' dir='ltr'><strong>Deo</strong></span> <span class='ocrx_word' id='word_1_285' title='bbox 2275 1238 2558 1293; x_wconf 83' lang='lat' dir='ltr'><strong>scientiam</strong></span> <span class='ocrx_word' id='word_1_286' title='bbox 2604 1235 2924 1290; x_wconf 89' lang='lat' dir='ltr'><strong>hominibus</strong></span> <span class='ocrx_word' id='word_1_287' title='bbox 2977 1233 3274 1299; x_wconf 88' lang='lat' dir='ltr'><strong>invidente,</strong></span> <span class='ocrx_word' id='word_1_288' title='bbox 3315 1233 3685 1301; x_wconf 88' lang='lat' dir='ltr'><strong>vecordesque</strong></span> 
     </span>
    </p>
   </div>
   <div class='ocr_carea' id='block_1_41' title="bbox 2114 1323 3681 1396">
    <p class='ocr_par' dir='ltr' id='par_1_41' title="bbox 2114 1323 3681 1396">
     <span class='ocr_line' id='line_1_41' title="bbox 2114 1323 3681 1396; baseline -0.004 -12"><span class='ocrx_word' id='word_1_289' title='bbox 2114 1346 2208 1385; x_wconf 84' lang='lat' dir='ltr'><strong>eos</strong></span> <span class='ocrx_word' id='word_1_290' title='bbox 2234 1344 2356 1384; x_wconf 87' lang='lat' dir='ltr'><strong>esse</strong></span> <span class='ocrx_word' id='word_1_291' title='bbox 2387 1327 2661 1396; x_wconf 87' lang='lat' dir='ltr'><strong>cupiente.</strong></span> <span class='ocrx_word' id='word_1_292' title='bbox 2702 1323 2854 1380; x_wconf 82' lang='lat' dir='ltr'><strong>Hane</strong></span> <span class='ocrx_word' id='word_1_293' title='bbox 2883 1325 3048 1395; x_wconf 80' lang='lat' dir='ltr'><strong>igitur</strong></span> <span class='ocrx_word' id='word_1_294' title='bbox 3083 1325 3443 1394; x_wconf 82' lang='lat' dir='ltr'><strong>objectionem</strong></span> <span class='ocrx_word' id='word_1_295' title='bbox 3474 1323 3681 1377; x_wconf 85' lang='lat' dir='ltr'><strong>diluens</strong></span> 
     </span>
    </p>
   </div>
   <div class='ocr_carea' id='block_1_42' title="bbox 2113 1416 3682 1492">
    <p class='ocr_par' dir='ltr' id='par_1_42' title="bbox 2113 1416 3682 1492">
     <span class='ocr_line' id='line_1_42' title="bbox 2113 1416 3682 1492; baseline -0.007 -12"><span class='ocrx_word' id='word_1_296' title='bbox 2113 1425 2428 1492; x_wconf 76' lang='lat' dir='ltr'><strong>Gregorius,</strong></span> <span class='ocrx_word' id='word_1_297' title='bbox 2482 1419 2559 1476; x_wconf 78' lang='lat' dir='ltr'><strong>Ne</strong></span> <span class='ocrx_word' id='word_1_298' title='bbox 2593 1421 2646 1474; x_wconf 91' lang='lat' dir='ltr'><strong>in</strong></span> <span class='ocrx_word' id='word_1_299' title='bbox 2680 1419 2784 1474; x_wconf 91' lang='lat' dir='ltr'><strong>hoc</strong></span> <span class='ocrx_word' id='word_1_300' title='bbox 2812 1419 3041 1488; x_wconf 83' lang='lat' dir='ltr'><strong>lignum,</strong></span> <span class='ocrx_word' id='word_1_301' title='bbox 3080 1417 3276 1488; x_wconf 91' lang='lat' dir='ltr'><strong>inquit,</strong></span> <span class='ocrx_word' id='word_1_302' title='bbox 3311 1416 3460 1486; x_wconf 87' lang='lat' dir='ltr'><strong>impii</strong></span> <span class='ocrx_word' id='word_1_303' title='bbox 3494 1432 3682 1470; x_wconf 87' lang='lat' dir='ltr'><strong>manus</strong></span> 
     </span>
    </p>
   </div>
   <div class='ocr_carea' id='block_1_43' title="bbox 2115 1505 3683 1585">
    <p class='ocr_par' dir='ltr' id='par_1_43' title="bbox 2115 1505 3683 1585">
     <span class='ocr_line' id='line_1_43' title="bbox 2115 1505 3683 1585; baseline -0.006 -16"><span class='ocrx_word' id='word_1_304' title='bbox 2115 1515 2382 1585; x_wconf 85' lang='lat' dir='ltr'><strong>injiciant,</strong></span> <span class='ocrx_word' id='word_1_305' title='bbox 2417 1527 2517 1567; x_wconf 91' lang='lat' dir='ltr'><strong>nec</strong></span> <span class='ocrx_word' id='word_1_306' title='bbox 2565 1519 2870 1580; x_wconf 87' lang='lat' dir='ltr'><strong>serpentem</strong></span> <span class='ocrx_word' id='word_1_307' title='bbox 2922 1509 3225 1562; x_wconf 87' lang='lat' dir='ltr'><strong>imitentur.</strong></span> <span class='ocrx_word' id='word_1_308' title='bbox 3261 1505 3396 1561; x_wconf 83' lang='lat' dir='ltr'><strong>Nam</strong></span> <span class='ocrx_word' id='word_1_309' title='bbox 3427 1507 3517 1561; x_wconf 83' lang='lat' dir='ltr'><strong>ille</strong></span> <span class='ocrx_word' id='word_1_310' title='bbox 3550 1520 3683 1575; x_wconf 90' lang='lat' dir='ltr'><strong>quo-</strong></span> 
     </span>
    </p>
   </div>
   <div class='ocr_carea' id='block_1_44' title="bbox 2114 1597 3682 1676">
    <p class='ocr_par' dir='ltr' id='par_1_44' title="bbox 2114 1597 3682 1676">
     <span class='ocr_line' id='line_1_44' title="bbox 2114 1597 3682 1676; baseline -0.007 -15"><span class='ocrx_word' id='word_1_311' title='bbox 2114 1623 2221 1676; x_wconf 87' lang='lat' dir='ltr'><strong>que</strong></span> <span class='ocrx_word' id='word_1_312' title='bbox 2274 1607 2441 1661; x_wconf 88' lang='lat' dir='ltr'><strong>Deum</strong></span> <span class='ocrx_word' id='word_1_313' title='bbox 2510 1603 2822 1658; x_wconf 82' lang='lat' dir='ltr'><strong>hominibus</strong></span> <span class='ocrx_word' id='word_1_314' title='bbox 2873 1601 3166 1656; x_wconf 89' lang='lat' dir='ltr'><strong>scientiam</strong></span> <span class='ocrx_word' id='word_1_315' title='bbox 3228 1613 3291 1654; x_wconf 90' lang='lat' dir='ltr'><strong>ac</strong></span> <span class='ocrx_word' id='word_1_316' title='bbox 3343 1597 3682 1653; x_wconf 89' lang='lat' dir='ltr'><strong>divinitatem</strong></span> 
     </span>
    </p>
   </div>
   <div class='ocr_carea' id='block_1_45' title="bbox 2116 1687 3690 1762">
    <p class='ocr_par' dir='ltr' id='par_1_45' title="bbox 2116 1687 3690 1762">
     <span class='ocr_line' id='line_1_45' title="bbox 2116 1687 3690 1762; baseline -0.008 -8"><span class='ocrx_word' id='word_1_317' title='bbox 2116 1698 2358 1754; x_wconf 80' lang='lat' dir='ltr'><strong>invidere</strong></span> <span class='ocrx_word' id='word_1_318' title='bbox 2408 1695 2650 1752; x_wconf 90' lang='lat' dir='ltr'><strong>dicebat.</strong></span> <span class='ocrx_word' id='word_1_319' title='bbox 2682 1693 2794 1748; x_wconf 83' lang='lat' dir='ltr'><strong>Nec</strong></span> <span class='ocrx_word' id='word_1_320' title='bbox 2822 1694 2967 1748; x_wconf 89' lang='lat' dir='ltr'><strong>enim</strong></span> <span class='ocrx_word' id='word_1_321' title='bbox 3000 1691 3142 1747; x_wconf 82' lang='lat' dir='ltr'><strong>male</strong></span> <span class='ocrx_word' id='word_1_322' title='bbox 3173 1691 3416 1762; x_wconf 87' lang='lat' dir='ltr'><strong>plantata</strong></span> <span class='ocrx_word' id='word_1_323' title='bbox 3461 1697 3546 1744; x_wconf 87' lang='lat' dir='ltr'><strong>est</strong></span> <span class='ocrx_word' id='word_1_324' title='bbox 3575 1687 3690 1742; x_wconf 66' lang='lat' dir='ltr'><strong>hare</strong></span> 
     </span>
    </p>
   </div>
   <div class='ocr_carea' id='block_1_46' title="bbox 3248 1786 3692 1834">
    <p class='ocr_par' dir='ltr' id='par_1_46' title="bbox 3248 1786 3692 1834">
     <span class='ocr_line' id='line_1_46' title="bbox 3248 1786 3692 1834; baseline -0.002 -1"><span class='ocrx_word' id='word_1_325' title='bbox 3248 1795 3434 1834; x_wconf 88' lang='lat' dir='ltr'><strong>verum</strong></span> <span class='ocrx_word' id='word_1_326' title='bbox 3493 1786 3692 1832; x_wconf 72' lang='lat' dir='ltr'><strong>natura</strong></span> 
     </span>
    </p>
   </div>
   <div class='ocr_carea' id='block_1_47' title="bbox 2114 1871 3678 1949">
    <p class='ocr_par' dir='ltr' id='par_1_47' title="bbox 2114 1871 3678 1949">
     <span class='ocr_line' id='line_1_47' title="bbox 2114 1871 3678 1949; baseline -0.009 -13"><span class='ocrx_word' id='word_1_327' title='bbox 2114 1881 2334 1949; x_wconf 90' lang='lat' dir='ltr'><strong>quidem</strong></span> <span class='ocrx_word' id='word_1_328' title='bbox 2384 1879 2525 1932; x_wconf 89' lang='lat' dir='ltr'><strong>bona</strong></span> <span class='ocrx_word' id='word_1_329' title='bbox 2600 1885 2717 1931; x_wconf 88' lang='lat' dir='ltr'><strong>erat</strong></span> <span class='ocrx_word' id='word_1_330' title='bbox 2756 1875 2904 1945; x_wconf 84' lang='lat' dir='ltr'><strong>(vidit</strong></span> <span class='ocrx_word' id='word_1_331' title='bbox 2955 1874 3099 1927; x_wconf 89' lang='lat' dir='ltr'><strong>enim</strong></span> <span class='ocrx_word' id='word_1_332' title='bbox 3151 1871 3286 1924; x_wconf 83' lang='lat' dir='ltr'><strong>Deus</strong></span> <span class='ocrx_word' id='word_1_333' title='bbox 3333 1871 3514 1923; x_wconf 85' lang='lat' dir='ltr'><strong>omnia</strong></span> <span class='ocrx_word' id='word_1_334' title='bbox 3562 1886 3678 1938; x_wconf 71' lang='lat' dir='ltr'><strong>qua:</strong></span> 
     </span>
    </p>
   </div>
   <div class='ocr_carea' id='block_1_48' title="bbox 2115 1961 3688 2043">
    <p class='ocr_par' dir='ltr' id='par_1_48' title="bbox 2115 1961 3688 2043">
     <span class='ocr_line' id='line_1_48' title="bbox 2115 1961 3688 2043; baseline -0.01 -16"><span class='ocrx_word' id='word_1_335' title='bbox 2115 1981 2332 2043; x_wconf 67' lang='lat' dir='ltr'><strong>fecerat,</strong></span> <span class='ocrx_word' id='word_1_336' title='bbox 2375 1982 2424 2025; x_wconf 88' lang='lat' dir='ltr'><strong>et</strong></span> <span class='ocrx_word' id='word_1_337' title='bbox 2454 1978 2603 2023; x_wconf 88' lang='lat' dir='ltr'><strong>erant</strong></span> <span class='ocrx_word' id='word_1_338' title='bbox 2645 1967 2794 2022; x_wconf 81' lang='lat' dir='ltr'><strong>ualde</strong></span> <span class='ocrx_word' id='word_1_339' title='bbox 2831 1965 2967 2019; x_wconf 88' lang='lat' dir='ltr'><strong>bona</strong></span> <span class='ocrx_word' id='word_1_340' title='bbox 2989 1965 3084 2033; x_wconf 86' lang='lat'><strong>&quot;),</strong></span> <span class='ocrx_word' id='word_1_341' title='bbox 3117 1979 3217 2017; x_wconf 89' lang='lat' dir='ltr'><strong>usu</strong></span> <span class='ocrx_word' id='word_1_342' title='bbox 3251 1971 3428 2016; x_wconf 91' lang='lat' dir='ltr'><strong>autem</strong></span> <span class='ocrx_word' id='word_1_343' title='bbox 3461 1970 3513 2016; x_wconf 90' lang='lat' dir='ltr'><strong>et</strong></span> <span class='ocrx_word' id='word_1_344' title='bbox 3549 1961 3688 2016; x_wconf 87' lang='lat' dir='ltr'><strong>bona</strong></span> 
     </span>
    </p>
   </div>
   <div class='ocr_carea' id='block_1_49' title="bbox 2113 2053 3688 2127">
    <p class='ocr_par' dir='ltr' id='par_1_49' title="bbox 2113 2053 3688 2127">
     <span class='ocr_line' id='line_1_49' title="bbox 2113 2053 3688 2127; baseline -0.008 -8"><span class='ocrx_word' id='word_1_345' title='bbox 2113 2074 2232 2120; x_wconf 90' lang='lat' dir='ltr'><strong>erat</strong></span> <span class='ocrx_word' id='word_1_346' title='bbox 2265 2073 2319 2119; x_wconf 91' lang='lat' dir='ltr'><strong>et</strong></span> <span class='ocrx_word' id='word_1_347' title='bbox 2372 2063 2509 2117; x_wconf 84' lang='lat' dir='ltr'><strong>mala</strong></span> <span class='ocrx_word' id='word_1_348' title='bbox 2539 2077 2553 2124; x_wconf 93' lang='lat'><strong>;</strong></span> <span class='ocrx_word' id='word_1_349' title='bbox 2587 2061 2751 2123; x_wconf 86' lang='lat' dir='ltr'><strong>bona,</strong></span> <span class='ocrx_word' id='word_1_350' title='bbox 2797 2059 2845 2114; x_wconf 89' lang='lat' dir='ltr'><strong>si</strong></span> <span class='ocrx_word' id='word_1_351' title='bbox 2871 2071 3115 2127; x_wconf 84' lang='lat' dir='ltr'><strong>congruo</strong></span> <span class='ocrx_word' id='word_1_352' title='bbox 3155 2063 3398 2124; x_wconf 88' lang='lat' dir='ltr'><strong>tempore</strong></span> <span class='ocrx_word' id='word_1_353' title='bbox 3439 2053 3688 2121; x_wconf 87' lang='lat' dir='ltr'><strong>percipe-</strong></span> 
     </span>
    </p>
   </div>
   <div class='ocr_carea' id='block_1_50' title="bbox 2115 2147 3685 2221">
    <p class='ocr_par' dir='ltr' id='par_1_50' title="bbox 2115 2147 3685 2221">
     <span class='ocr_line' id='line_1_50' title="bbox 2115 2147 3685 2221; baseline -0.008 -10"><span class='ocrx_word' id='word_1_354' title='bbox 2115 2167 2283 2221; x_wconf 87' lang='lat' dir='ltr'><strong>retur,</strong></span> <span class='ocrx_word' id='word_1_355' title='bbox 2337 2170 2496 2210; x_wconf 87' lang='lat' dir='ltr'><strong>seeus</strong></span> <span class='ocrx_word' id='word_1_356' title='bbox 2549 2164 2757 2216; x_wconf 89' lang='lat' dir='ltr'><strong>autem,</strong></span> <span class='ocrx_word' id='word_1_357' title='bbox 2817 2150 2864 2206; x_wconf 92' lang='lat' dir='ltr'><strong>si</strong></span> <span class='ocrx_word' id='word_1_358' title='bbox 2918 2157 3246 2220; x_wconf 79' lang='lat' dir='ltr'><strong>praemature</strong></span> <span class='ocrx_word' id='word_1_359' title='bbox 3279 2147 3685 2215; x_wconf 89' lang='lat' dir='ltr'><strong>decerperctur.</strong></span> 
     </span>
    </p>
   </div>
   <div class='ocr_carea' id='block_1_51' title="bbox 2115 2239 3686 2312">
    <p class='ocr_par' dir='ltr' id='par_1_51' title="bbox 2115 2239 3686 2312">
     <span class='ocr_line' id='line_1_51' title="bbox 2115 2239 3686 2312; baseline -0.011 -7"><span class='ocrx_word' id='word_1_360' title='bbox 2115 2248 2355 2312; x_wconf 79' lang='lat' dir='ltr'><strong>Etenim,</strong></span> <span class='ocrx_word' id='word_1_361' title='bbox 2406 2256 2462 2300; x_wconf 89' lang='lat' dir='ltr'><strong>nt</strong></span> <span class='ocrx_word' id='word_1_362' title='bbox 2494 2244 2774 2299; x_wconf 83' lang='lat' dir='ltr'><strong>intellectu</strong></span> <span class='ocrx_word' id='word_1_363' title='bbox 2820 2251 2875 2296; x_wconf 89' lang='lat' dir='ltr'><strong>et</strong></span> <span class='ocrx_word' id='word_1_364' title='bbox 2901 2239 3364 2310; x_wconf 88' lang='lat' dir='ltr'><strong>contemplatione</strong></span> <span class='ocrx_word' id='word_1_365' title='bbox 3393 2250 3686 2305; x_wconf 84' lang='lat' dir='ltr'><strong>assequor,</strong></span> 
     </span>
    </p>
   </div>
   <div class='ocr_carea' id='block_1_52' title="bbox 2115 2329 3686 2408">
    <p class='ocr_par' dir='ltr' id='par_1_52' title="bbox 2115 2329 3686 2408">
     <span class='ocr_line' id='line_1_52' title="bbox 2115 2329 3686 2408; baseline -0.01 -12"><span class='ocrx_word' id='word_1_366' title='bbox 2115 2343 2228 2396; x_wconf 70' lang='lat' dir='ltr'><strong>hrc</strong></span> <span class='ocrx_word' id='word_1_367' title='bbox 2263 2341 2426 2394; x_wconf 90' lang='lat' dir='ltr'><strong>arbor</strong></span> <span class='ocrx_word' id='word_1_368' title='bbox 2459 2337 2716 2408; x_wconf 83' lang='lat' dir='ltr'><strong>cogitatio</strong></span> <span class='ocrx_word' id='word_1_369' title='bbox 2769 2352 2863 2391; x_wconf 89' lang='lat' dir='ltr'><strong>seu</strong></span> <span class='ocrx_word' id='word_1_370' title='bbox 2896 2331 3290 2403; x_wconf 89' lang='lat' dir='ltr'><strong>contemplatio</strong></span> <span class='ocrx_word' id='word_1_371' title='bbox 3341 2329 3588 2400; x_wconf 68' lang='lat' dir='ltr'><strong>quaedam</strong></span> <span class='ocrx_word' id='word_1_372' title='bbox 3630 2336 3686 2381; x_wconf 90' lang='lat' dir='ltr'><strong>et</strong></span> 
     </span>
    </p>
   </div>
   <div class='ocr_carea' id='block_1_53' title="bbox 2116 2419 3689 2502">
    <p class='ocr_par' dir='ltr' id='par_1_53' title="bbox 2116 2419 3689 2502">
     <span class='ocr_line' id='line_1_53' title="bbox 2116 2419 3689 2502; baseline -0.01 -16"><span class='ocrx_word' id='word_1_373' title='bbox 2116 2433 2310 2486; x_wconf 82' lang='lat' dir='ltr'><strong>notitia</strong></span> <span class='ocrx_word' id='word_1_374' title='bbox 2379 2430 2674 2502; x_wconf 78' lang='lat' dir='ltr'><strong>perfectior</strong></span> <span class='ocrx_word' id='word_1_375' title='bbox 2737 2439 2895 2490; x_wconf 89' lang='lat' dir='ltr'><strong>erat.</strong></span> <span class='ocrx_word' id='word_1_376' title='bbox 2959 2425 3356 2493; x_wconf 89' lang='lat' dir='ltr'><strong>sublimiorque</strong></span> <span class='ocrx_word' id='word_1_377' title='bbox 3413 2419 3689 2481; x_wconf 88' lang='lat' dir='ltr'><strong>scientia,</strong></span> 
     </span>
    </p>
   </div>
   <div class='ocr_carea' id='block_1_54' title="bbox 2114 2511 3691 2595">
    <p class='ocr_par' dir='ltr' id='par_1_54' title="bbox 2114 2511 3691 2595">
     <span class='ocr_line' id='line_1_54' title="bbox 2114 2511 3691 2595; baseline -0.012 -17"><span class='ocrx_word' id='word_1_378' title='bbox 2114 2540 2276 2595; x_wconf 86' lang='lat' dir='ltr'><strong>quam</strong></span> <span class='ocrx_word' id='word_1_379' title='bbox 2313 2521 2687 2577; x_wconf 83' lang='lat' dir='ltr'><strong>conscendere</strong></span> <span class='ocrx_word' id='word_1_380' title='bbox 2725 2521 2759 2574; x_wconf 89' lang='lat' dir='ltr'><strong>ii</strong></span> <span class='ocrx_word' id='word_1_381' title='bbox 2790 2520 2891 2574; x_wconf 89' lang='lat' dir='ltr'><strong>soli</strong></span> <span class='ocrx_word' id='word_1_382' title='bbox 2925 2527 3044 2572; x_wconf 88' lang='lat' dir='ltr'><strong>tuto</strong></span> <span class='ocrx_word' id='word_1_383' title='bbox 3072 2524 3322 2587; x_wconf 88' lang='lat' dir='ltr'><strong>possunt,</strong></span> <span class='ocrx_word' id='word_1_384' title='bbox 3361 2512 3477 2582; x_wconf 90' lang='lat' dir='ltr'><strong>qui,</strong></span> <span class='ocrx_word' id='word_1_385' title='bbox 3513 2520 3568 2564; x_wconf 93' lang='lat' dir='ltr'><strong>ut</strong></span> <span class='ocrx_word' id='word_1_386' title='bbox 3613 2511 3691 2561; x_wconf 85' lang='lat' dir='ltr'><strong>ait</strong></span> 
     </span>
    </p>
   </div>
   <div class='ocr_carea' id='block_1_55' title="bbox 2112 2604 3690 2686">
    <p class='ocr_par' dir='ltr' id='par_1_55' title="bbox 2112 2604 3690 2686">
     <span class='ocr_line' id='line_1_55' title="bbox 2112 2604 3690 2686; baseline -0.01 -15"><span class='ocrx_word' id='word_1_387' title='bbox 2112 2616 2402 2686; x_wconf 75' lang='lat' dir='ltr'><strong>Apostolus</strong></span> <span class='ocrx_word' id='word_1_388' title='bbox 2431 2617 2498 2679; x_wconf 71' lang='grc'><strong>⁸⁵,</strong></span> <span class='ocrx_word' id='word_1_389' title='bbox 2533 2629 2628 2683; x_wconf 86' lang='lat' dir='ltr'><strong>pro</strong></span> <span class='ocrx_word' id='word_1_390' title='bbox 2668 2611 3070 2667; x_wconf 64' lang='lat' dir='ltr'><strong>consuetudine</strong></span> <span class='ocrx_word' id='word_1_391' title='bbox 3119 2623 3317 2663; x_wconf 80' lang='lat' dir='ltr'><strong>sensus</strong></span> <span class='ocrx_word' id='word_1_392' title='bbox 3363 2604 3690 2659; x_wconf 76' lang='lat' dir='ltr'><strong>exercitatos</strong></span> 
     </span>
    </p>
   </div>
   <div class='ocr_carea' id='block_1_56' title="bbox 2116 2694 3684 2762">
    <p class='ocr_par' dir='ltr' id='par_1_56' title="bbox 2116 2694 3684 2762">
     <span class='ocr_line' id='line_1_56' title="bbox 2116 2694 3684 2762; baseline -0.011 0"><span class='ocrx_word' id='word_1_393' title='bbox 2116 2709 2317 2762; x_wconf 86' lang='lat' dir='ltr'><strong>habent</strong></span> <span class='ocrx_word' id='word_1_394' title='bbox 2377 2707 2441 2760; x_wconf 86' lang='lat' dir='ltr'><strong>ad</strong></span> <span class='ocrx_word' id='word_1_395' title='bbox 2496 2704 2884 2759; x_wconf 89' lang='lat' dir='ltr'><strong>discretionem</strong></span> <span class='ocrx_word' id='word_1_396' title='bbox 2959 2700 3084 2754; x_wconf 91' lang='lat' dir='ltr'><strong>boni</strong></span> <span class='ocrx_word' id='word_1_397' title='bbox 3149 2709 3204 2754; x_wconf 88' lang='lat' dir='ltr'><strong>et</strong></span> <span class='ocrx_word' id='word_1_398' title='bbox 3275 2697 3421 2750; x_wconf 86' lang='lat' dir='ltr'><strong>mali.</strong></span> <span class='ocrx_word' id='word_1_399' title='bbox 3480 2694 3684 2747; x_wconf 87' lang='lat' dir='ltr'><strong>Contra</strong></span> 
     </span>
    </p>
   </div>
   <div class='ocr_carea' id='block_1_57' title="bbox 2114 2787 3689 2856">
    <p class='ocr_par' dir='ltr' id='par_1_57' title="bbox 2114 2787 3689 2856">
     <span class='ocr_line' id='line_1_57' title="bbox 2114 2787 3689 2856; baseline -0.011 -1"><span class='ocrx_word' id='word_1_400' title='bbox 2114 2813 2291 2856; x_wconf 86' lang='lat' dir='ltr'><strong>autem</strong></span> <span class='ocrx_word' id='word_1_401' title='bbox 2335 2815 2398 2854; x_wconf 89' lang='lat' dir='ltr'><strong>ea</strong></span> <span class='ocrx_word' id='word_1_402' title='bbox 2433 2798 2656 2853; x_wconf 91' lang='lat' dir='ltr'><strong>minime</strong></span> <span class='ocrx_word' id='word_1_403' title='bbox 2690 2797 2831 2852; x_wconf 90' lang='lat' dir='ltr'><strong>bona</strong></span> <span class='ocrx_word' id='word_1_404' title='bbox 2866 2795 3068 2850; x_wconf 84' lang='lat' dir='ltr'><strong>teneris</strong></span> <span class='ocrx_word' id='word_1_405' title='bbox 3122 2791 3303 2848; x_wconf 84' lang='lat' dir='ltr'><strong>adhuc</strong></span> <span class='ocrx_word' id='word_1_406' title='bbox 3361 2799 3415 2844; x_wconf 89' lang='lat' dir='ltr'><strong>et</strong></span> <span class='ocrx_word' id='word_1_407' title='bbox 3461 2787 3689 2842; x_wconf 84' lang='lat' dir='ltr'><strong>rudibus</strong></span> 
     </span>
    </p>
   </div>
   <div class='ocr_carea' id='block_1_58' title="bbox 2113 2877 3691 2961">
    <p class='ocr_par' dir='ltr' id='par_1_58' title="bbox 2113 2877 3691 2961">
     <span class='ocr_line' id='line_1_58' title="bbox 2113 2877 3691 2961; baseline -0.011 -13"><span class='ocrx_word' id='word_1_408' title='bbox 2113 2893 2334 2954; x_wconf 85' lang='lat' dir='ltr'><strong>animis,</strong></span> <span class='ocrx_word' id='word_1_409' title='bbox 2384 2890 2848 2961; x_wconf 85' lang='lat' dir='ltr'><strong>quemadmodum</strong></span> <span class='ocrx_word' id='word_1_410' title='bbox 2885 2902 2982 2941; x_wconf 90' lang='lat' dir='ltr'><strong>nec</strong></span> <span class='ocrx_word' id='word_1_411' title='bbox 3031 2886 3240 2941; x_wconf 66' lang='lat' dir='ltr'><strong>solidus</strong></span> <span class='ocrx_word' id='word_1_412' title='bbox 3275 2883 3430 2937; x_wconf 87' lang='lat' dir='ltr'><strong>cibus</strong></span> <span class='ocrx_word' id='word_1_413' title='bbox 3463 2877 3691 2933; x_wconf 79' lang='lat' dir='ltr'><strong>infanti-</strong></span> 
     </span>
    </p>
   </div>
   <div class='ocr_carea' id='block_1_59' title="bbox 2113 2968 3684 3042">
    <p class='ocr_par' dir='ltr' id='par_1_59' title="bbox 2113 2968 3684 3042">
     <span class='ocr_line' id='line_1_59' title="bbox 2113 2968 3684 3042; baseline -0.01 -3"><span class='ocrx_word' id='word_1_414' title='bbox 2113 2985 2238 3039; x_wconf 89' lang='lat' dir='ltr'><strong>bus.</strong></span> <span class='ocrx_word' id='word_1_415' title='bbox 2273 2981 2474 3036; x_wconf 83' lang='lat' dir='ltr'><strong>Dentes</strong></span> <span class='ocrx_word' id='word_1_416' title='bbox 2509 2982 2656 3036; x_wconf 89' lang='lat' dir='ltr'><strong>enim</strong></span> <span class='ocrx_word' id='word_1_417' title='bbox 2713 2994 2904 3035; x_wconf 87' lang='lat' dir='ltr'><strong>recens</strong></span> <span class='ocrx_word' id='word_1_418' title='bbox 2945 2986 3105 3032; x_wconf 89' lang='lat' dir='ltr'><strong>natos</strong></span> <span class='ocrx_word' id='word_1_419' title='bbox 3137 2974 3393 3031; x_wconf 86' lang='lat' dir='ltr'><strong>convellit</strong></span> <span class='ocrx_word' id='word_1_420' title='bbox 3425 2968 3684 3042; x_wconf 79' lang='lat' dir='ltr'><strong>gravissi-</strong></span> 
     </span>
    </p>
   </div>
   <div class='ocr_carea' id='block_1_60' title="bbox 2116 3074 2499 3146">
    <p class='ocr_par' dir='ltr' id='par_1_60' title="bbox 2116 3074 2499 3146">
     <span class='ocr_line' id='line_1_60' title="bbox 2116 3074 2499 3146; baseline -0.013 -16"><span class='ocrx_word' id='word_1_421' title='bbox 2116 3091 2306 3146; x_wconf 86' lang='lat' dir='ltr'><strong>meque</strong></span> <span class='ocrx_word' id='word_1_422' title='bbox 2334 3074 2499 3128; x_wconf 67' lang='lat' dir='ltr'><strong>laedit.</strong></span> 
     </span>
    </p>
   </div>
   <div class='ocr_carea' id='block_1_61' title="bbox 437 3147 3690 3239">
    <p class='ocr_par' dir='ltr' id='par_1_61' title="bbox 437 3147 3690 3239">
     <span class='ocr_line' id='line_1_61' title="bbox 437 3147 3690 3239; baseline -0.003 -27"><span class='ocrx_word' id='word_1_423' title='bbox 437 3161 684 3230; x_wconf 88' lang='lat' dir='ltr'><strong>periculo</strong></span> <span class='ocrx_word' id='word_1_424' title='bbox 737 3172 892 3217; x_wconf 82' lang='lat' dir='ltr'><strong>vacat</strong></span> <span class='ocrx_word' id='word_1_425' title='bbox 943 3161 1305 3232; x_wconf 87' lang='lat' dir='ltr'><strong>dijudicatio,</strong></span> <span class='ocrx_word' id='word_1_426' title='bbox 1357 3167 1500 3236; x_wconf 92' lang='lat' dir='ltr'><strong>quod</strong></span> <span class='ocrx_word' id='word_1_427' title='bbox 1551 3183 1796 3222; x_wconf 89' lang='lat' dir='ltr'><strong>crassam</strong></span> <span class='ocrx_word' id='word_1_428' title='bbox 1845 3180 2008 3239; x_wconf 86' lang='lat' dir='ltr'><strong>atque</strong></span> <span class='ocrx_word' id='word_1_429' title='bbox 2038 3173 2078 3228; x_wconf 90' lang='lat' dir='ltr'><strong>C</strong></span> <span class='ocrx_word' id='word_1_430' title='bbox 2185 3165 2304 3220; x_wconf 91' lang='lat' dir='ltr'><strong>Col.</strong></span> <span class='ocrx_word' id='word_1_431' title='bbox 2334 3165 2426 3218; x_wconf 79' lang='grc'><strong>651</strong></span> <span class='ocrx_word' id='word_1_432' title='bbox 2468 3163 2530 3217; x_wconf 87' lang='lat' dir='ltr'><strong>C.</strong></span> <span class='ocrx_word' id='word_1_433' title='bbox 2575 3159 2833 3215; x_wconf 75' lang='lat' dir='ltr'><strong>PsELLvs.</strong></span> <span class='ocrx_word' id='word_1_434' title='bbox 2881 3157 3112 3226; x_wconf 86' lang='lat' dir='ltr'><strong>Lignnm</strong></span> <span class='ocrx_word' id='word_1_435' title='bbox 3139 3155 3394 3210; x_wconf 74' lang='lat' dir='ltr'><strong>scientiae.</strong></span> <span class='ocrx_word' id='word_1_436' title='bbox 3441 3151 3500 3206; x_wconf 87' lang='lat' dir='ltr'><strong>In</strong></span> <span class='ocrx_word' id='word_1_437' title='bbox 3531 3147 3690 3221; x_wconf 75' lang='lat' dir='ltr'><strong>prim&quot;.</strong></span> 
     </span>
    </p>
   </div>
   <div class='ocr_carea' id='block_1_62' title="bbox 435 3248 2007 3324">
    <p class='ocr_par' dir='ltr' id='par_1_62' title="bbox 435 3248 2007 3324">
     <span class='ocr_line' id='line_1_62' title="bbox 435 3248 2007 3324; baseline 0.004 -20"><span class='ocrx_word' id='word_1_438' title='bbox 435 3248 721 3306; x_wconf 75' lang='lat' dir='ltr'><strong>aﬂ‘ectibus</strong></span> <span class='ocrx_word' id='word_1_439' title='bbox 774 3262 1101 3307; x_wconf 88' lang='lat' dir='ltr'><strong>commotam</strong></span> <span class='ocrx_word' id='word_1_440' title='bbox 1153 3261 1206 3307; x_wconf 91' lang='lat' dir='ltr'><strong>et</strong></span> <span class='ocrx_word' id='word_1_441' title='bbox 1259 3254 1661 3324; x_wconf 85' lang='lat' dir='ltr'><strong>voluptnariam</strong></span> <span class='ocrx_word' id='word_1_442' title='bbox 1738 3256 2007 3311; x_wconf 87' lang='lat' dir='ltr'><strong>rationem</strong></span> 
     </span>
    </p>
   </div>
   <div class='ocr_carea' id='block_1_63' title="bbox 432 3340 2006 3416">
    <p class='ocr_par' dir='ltr' id='par_1_63' title="bbox 432 3340 2006 3416">
     <span class='ocr_line' id='line_1_63' title="bbox 432 3340 2006 3416; baseline 0.004 -21"><span class='ocrx_word' id='word_1_443' title='bbox 432 3340 654 3396; x_wconf 87' lang='lat' dir='ltr'><strong>habeat.</strong></span> <span class='ocrx_word' id='word_1_444' title='bbox 697 3340 968 3407; x_wconf 84' lang='lat' dir='ltr'><strong>Quoniam</strong></span> <span class='ocrx_word' id='word_1_445' title='bbox 1017 3341 1184 3413; x_wconf 70' lang='lat' dir='ltr'><strong>igitur</strong></span> <span class='ocrx_word' id='word_1_446' title='bbox 1237 3343 1502 3398; x_wconf 68' lang='lat' dir='ltr'><strong>Atlamum</strong></span> <span class='ocrx_word' id='word_1_447' title='bbox 1543 3358 1637 3415; x_wconf 88' lang='lat' dir='ltr'><strong>per</strong></span> <span class='ocrx_word' id='word_1_448' title='bbox 1683 3344 2006 3416; x_wconf 61' lang='lat' dir='ltr'><strong>simplici-tn,</strong></span> 
     </span>
    </p>
   </div>
   <div class='ocr_carea' id='block_1_64' title="bbox 436 3431 2011 3500">
    <p class='ocr_par' dir='ltr' id='par_1_64' title="bbox 436 3431 2011 3500">
     <span class='ocr_line' id='line_1_64' title="bbox 436 3431 2011 3500; baseline 0.004 -16"><span class='ocrx_word' id='word_1_449' title='bbox 436 3431 701 3500; x_wconf 90' lang='lat' dir='ltr'><strong>omnique</strong></span> <span class='ocrx_word' id='word_1_450' title='bbox 737 3431 1132 3500; x_wconf 79' lang='lat' dir='ltr'><strong>dijutlicatione</strong></span> <span class='ocrx_word' id='word_1_451' title='bbox 1188 3443 1464 3488; x_wconf 88' lang='lat' dir='ltr'><strong>carentem</strong></span> <span class='ocrx_word' id='word_1_452' title='bbox 1505 3435 1870 3490; x_wconf 88' lang='lat' dir='ltr'><strong>obedientiam</strong></span> <span class='ocrx_word' id='word_1_453' title='bbox 1901 3436 2011 3490; x_wconf 91' lang='lat' dir='ltr'><strong>Deo</strong></span> 
     </span>
    </p>
   </div>
   <div class='ocr_carea' id='block_1_65' title="bbox 437 3520 2012 3596">
    <p class='ocr_par' dir='ltr' id='par_1_65' title="bbox 437 3520 2012 3596">
     <span class='ocr_line' id='line_1_65' title="bbox 437 3520 2012 3596; baseline 0.004 -20"><span class='ocrx_word' id='word_1_454' title='bbox 437 3520 691 3591; x_wconf 85' lang='lat' dir='ltr'><strong>conjungi</strong></span> <span class='ocrx_word' id='word_1_455' title='bbox 727 3523 1031 3590; x_wconf 88' lang='lat' dir='ltr'><strong>oportebat,</strong></span> <span class='ocrx_word' id='word_1_456' title='bbox 1078 3537 1138 3576; x_wconf 89' lang='lat' dir='ltr'><strong>ac</strong></span> <span class='ocrx_word' id='word_1_457' title='bbox 1181 3539 1274 3593; x_wconf 88' lang='lat' dir='ltr'><strong>per</strong></span> <span class='ocrx_word' id='word_1_458' title='bbox 1304 3524 1620 3593; x_wconf 89' lang='lat' dir='ltr'><strong>bujusmodi</strong></span> <span class='ocrx_word' id='word_1_459' title='bbox 1668 3529 2012 3596; x_wconf 85' lang='lat' dir='ltr'><strong>conjunctio-</strong></span> 
     </span>
    </p>
   </div>
   <div class='ocr_carea' id='block_1_66' title="bbox 437 3612 2012 3688">
    <p class='ocr_par' dir='ltr' id='par_1_66' title="bbox 437 3612 2012 3688">
     <span class='ocr_line' id='line_1_66' title="bbox 437 3612 2012 3688; baseline 0.006 -21"><span class='ocrx_word' id='word_1_460' title='bbox 437 3627 560 3668; x_wconf 91' lang='lat' dir='ltr'><strong>nem</strong></span> <span class='ocrx_word' id='word_1_461' title='bbox 591 3612 893 3667; x_wconf 88' lang='lat' dir='ltr'><strong>divinitatis</strong></span> <span class='ocrx_word' id='word_1_462' title='bbox 929 3629 1070 3683; x_wconf 92' lang='lat' dir='ltr'><strong>opus</strong></span> <span class='ocrx_word' id='word_1_463' title='bbox 1121 3631 1185 3670; x_wconf 91' lang='lat' dir='ltr'><strong>eo</strong></span> <span class='ocrx_word' id='word_1_464' title='bbox 1216 3626 1480 3687; x_wconf 88' lang='lat' dir='ltr'><strong>tempore,</strong></span> <span class='ocrx_word' id='word_1_465' title='bbox 1520 3634 1629 3688; x_wconf 92' lang='lat' dir='ltr'><strong>quo</strong></span> <span class='ocrx_word' id='word_1_466' title='bbox 1671 3618 1814 3675; x_wconf 89' lang='lat' dir='ltr'><strong>Deus</strong></span> <span class='ocrx_word' id='word_1_467' title='bbox 1850 3636 2012 3676; x_wconf 88' lang='lat' dir='ltr'><strong>verus</strong></span> 
     </span>
    </p>
   </div>
   <div class='ocr_carea' id='block_1_67' title="bbox 436 3704 2007 3779">
    <p class='ocr_par' dir='ltr' id='par_1_67' title="bbox 436 3704 2007 3779">
     <span class='ocr_line' id='line_1_67' title="bbox 436 3704 2007 3779; baseline 0.003 -20"><span class='ocrx_word' id='word_1_468' title='bbox 436 3713 490 3759; x_wconf 87' lang='lat' dir='ltr'><strong>et</strong></span> <span class='ocrx_word' id='word_1_469' title='bbox 522 3704 790 3759; x_wconf 87' lang='lat' dir='ltr'><strong>naturalis</strong></span> <span class='ocrx_word' id='word_1_470' title='bbox 821 3705 1104 3771; x_wconf 86' lang='lat' dir='ltr'><strong>voluisset,</strong></span> <span class='ocrx_word' id='word_1_471' title='bbox 1142 3708 1412 3778; x_wconf 84' lang='lat' dir='ltr'><strong>accipere,</strong></span> <span class='ocrx_word' id='word_1_472' title='bbox 1442 3724 1737 3779; x_wconf 89' lang='lat' dir='ltr'><strong>rerumque</strong></span> <span class='ocrx_word' id='word_1_473' title='bbox 1761 3711 2007 3765; x_wconf 91' lang='lat' dir='ltr'><strong>omnium</strong></span> 
     </span>
    </p>
   </div>
   <div class='ocr_carea' id='block_1_68' title="bbox 437 3796 2008 3871">
    <p class='ocr_par' dir='ltr' id='par_1_68' title="bbox 437 3796 2008 3871">
     <span class='ocr_line' id='line_1_68' title="bbox 437 3796 2008 3871; baseline 0.004 -21"><span class='ocrx_word' id='word_1_474' title='bbox 437 3811 622 3852; x_wconf 86' lang='lat' dir='ltr'><strong>veram</strong></span> <span class='ocrx_word' id='word_1_475' title='bbox 655 3796 1018 3866; x_wconf 84' lang='lat' dir='ltr'><strong>cognitionem</strong></span> <span class='ocrx_word' id='word_1_476' title='bbox 1070 3808 1122 3852; x_wconf 90' lang='lat' dir='ltr'><strong>et</strong></span> <span class='ocrx_word' id='word_1_477' title='bbox 1149 3799 1419 3868; x_wconf 81' lang='lat' dir='ltr'><strong>judicium</strong></span> <span class='ocrx_word' id='word_1_478' title='bbox 1453 3811 1615 3871; x_wconf 86' lang='lat' dir='ltr'><strong>atque</strong></span> <span class='ocrx_word' id='word_1_479' title='bbox 1644 3803 2008 3857; x_wconf 88' lang='lat' dir='ltr'><strong>immortalem</strong></span> 
     </span>
    </p>
   </div>
   <div class='ocr_carea' id='block_1_69' title="bbox 434 3891 2010 3965">
    <p class='ocr_par' dir='ltr' id='par_1_69' title="bbox 434 3891 2010 3965">
     <span class='ocr_line' id='line_1_69' title="bbox 434 3891 2010 3965; baseline 0.003 -21"><span class='ocrx_word' id='word_1_480' title='bbox 434 3891 601 3944; x_wconf 87' lang='lat' dir='ltr'><strong>vitam</strong></span> <span class='ocrx_word' id='word_1_481' title='bbox 639 3909 653 3946; x_wconf 87' lang='lat'><strong>:</strong></span> <span class='ocrx_word' id='word_1_482' title='bbox 688 3891 954 3960; x_wconf 89' lang='lat' dir='ltr'><strong>simplicis</strong></span> <span class='ocrx_word' id='word_1_483' title='bbox 1005 3907 1166 3960; x_wconf 86' lang='lat' dir='ltr'><strong>porro</strong></span> <span class='ocrx_word' id='word_1_484' title='bbox 1219 3893 1393 3963; x_wconf 91' lang='lat' dir='ltr'><strong>ipsius</strong></span> <span class='ocrx_word' id='word_1_485' title='bbox 1439 3894 1767 3949; x_wconf 75' lang='lat' dir='ltr'><strong>obedientia:</strong></span> <span class='ocrx_word' id='word_1_486' title='bbox 1797 3897 2010 3965; x_wconf 77' lang='lat' dir='ltr'><strong>experi-</strong></span> 
     </span>
    </p>
   </div>
   <div class='ocr_carea' id='block_1_70' title="bbox 433 3985 2009 4058">
    <p class='ocr_par' dir='ltr' id='par_1_70' title="bbox 433 3985 2009 4058">
     <span class='ocr_line' id='line_1_70' title="bbox 433 3985 2009 4058; baseline 0.004 -22"><span class='ocrx_word' id='word_1_487' title='bbox 433 3993 679 4039; x_wconf 87' lang='lat' dir='ltr'><strong>mentum</strong></span> <span class='ocrx_word' id='word_1_488' title='bbox 731 3985 852 4053; x_wconf 90' lang='lat' dir='ltr'><strong>capi</strong></span> <span class='ocrx_word' id='word_1_489' title='bbox 902 3987 1231 4054; x_wconf 85' lang='lat' dir='ltr'><strong>oportebat,</strong></span> <span class='ocrx_word' id='word_1_490' title='bbox 1279 3996 1563 4054; x_wconf 89' lang='lat' dir='ltr'><strong>propterea</strong></span> <span class='ocrx_word' id='word_1_491' title='bbox 1599 3986 1742 4041; x_wconf 91' lang='lat' dir='ltr'><strong>Deus</strong></span> <span class='ocrx_word' id='word_1_492' title='bbox 1799 4003 2009 4058; x_wconf 65' lang='lat' dir='ltr'><strong>pratce-</strong></span> 
     </span>
    </p>
   </div>
   <div class='ocr_carea' id='block_1_71' title="bbox 436 4075 2013 4149">
    <p class='ocr_par' dir='ltr' id='par_1_71' title="bbox 436 4075 2013 4149">
     <span class='ocr_line' id='line_1_71' title="bbox 436 4075 2013 4149; baseline 0.004 -21"><span class='ocrx_word' id='word_1_493' title='bbox 436 4086 588 4144; x_wconf 91' lang='lat' dir='ltr'><strong>ptum</strong></span> <span class='ocrx_word' id='word_1_494' title='bbox 635 4075 685 4130; x_wconf 90' lang='lat' dir='ltr'><strong>ei</strong></span> <span class='ocrx_word' id='word_1_495' title='bbox 721 4075 890 4140; x_wconf 90' lang='lat' dir='ltr'><strong>dedit,</strong></span> <span class='ocrx_word' id='word_1_496' title='bbox 946 4091 1012 4130; x_wconf 89' lang='lat' dir='ltr'><strong>ne</strong></span> <span class='ocrx_word' id='word_1_497' title='bbox 1053 4092 1117 4130; x_wconf 84' lang='lat' dir='ltr'><strong>ex</strong></span> <span class='ocrx_word' id='word_1_498' title='bbox 1147 4078 1387 4132; x_wconf 70' lang='lat' dir='ltr'><strong>scientiae</strong></span> <span class='ocrx_word' id='word_1_499' title='bbox 1415 4078 1564 4147; x_wconf 80' lang='lat' dir='ltr'><strong>ligno</strong></span> <span class='ocrx_word' id='word_1_500' title='bbox 1609 4088 1870 4149; x_wconf 86' lang='lat' dir='ltr'><strong>gustaret,</strong></span> <span class='ocrx_word' id='word_1_501' title='bbox 1911 4081 2013 4134; x_wconf 91' lang='lat' dir='ltr'><strong>hoc</strong></span> 
     </span>
    </p>
   </div>
   <div class='ocr_carea' id='block_1_72' title="bbox 438 4167 2012 4236">
    <p class='ocr_par' dir='ltr' id='par_1_72' title="bbox 438 4167 2012 4236">
     <span class='ocr_line' id='line_1_72' title="bbox 438 4167 2012 4236; baseline 0.004 -18"><span class='ocrx_word' id='word_1_502' title='bbox 438 4176 545 4231; x_wconf 83' lang='lat' dir='ltr'><strong>est,</strong></span> <span class='ocrx_word' id='word_1_503' title='bbox 605 4181 672 4221; x_wconf 89' lang='lat' dir='ltr'><strong>ne</strong></span> <span class='ocrx_word' id='word_1_504' title='bbox 705 4168 926 4236; x_wconf 89' lang='lat' dir='ltr'><strong>proprio</strong></span> <span class='ocrx_word' id='word_1_505' title='bbox 970 4167 1179 4236; x_wconf 75' lang='lat' dir='ltr'><strong>judicio</strong></span> <span class='ocrx_word' id='word_1_506' title='bbox 1228 4168 1437 4222; x_wconf 83' lang='lat' dir='ltr'><strong>ﬁderet.</strong></span> <span class='ocrx_word' id='word_1_507' title='bbox 1488 4169 1686 4223; x_wconf 80' lang='lat' dir='ltr'><strong>Verum</strong></span> <span class='ocrx_word' id='word_1_508' title='bbox 1729 4186 1852 4225; x_wconf 92' lang='lat' dir='ltr'><strong>cum</strong></span> <span class='ocrx_word' id='word_1_509' title='bbox 1896 4171 2012 4226; x_wconf 88' lang='lat' dir='ltr'><strong>dia-</strong></span> 
     </span>
    </p>
   </div>
   <div class='ocr_carea' id='block_1_73' title="bbox 438 4259 2012 4329">
    <p class='ocr_par' dir='ltr' id='par_1_73' title="bbox 438 4259 2012 4329">
     <span class='ocr_line' id='line_1_73' title="bbox 438 4259 2012 4329; baseline 0.003 -17"><span class='ocrx_word' id='word_1_510' title='bbox 438 4259 600 4313; x_wconf 86' lang='lat' dir='ltr'><strong>bolus</strong></span> <span class='ocrx_word' id='word_1_511' title='bbox 650 4259 754 4313; x_wconf 89' lang='lat' dir='ltr'><strong>sub</strong></span> <span class='ocrx_word' id='word_1_512' title='bbox 801 4260 1073 4327; x_wconf 84' lang='lat' dir='ltr'><strong>serpentis</strong></span> <span class='ocrx_word' id='word_1_513' title='bbox 1110 4263 1294 4329; x_wconf 86' lang='lat' dir='ltr'><strong>specie</strong></span> <span class='ocrx_word' id='word_1_514' title='bbox 1350 4261 1527 4328; x_wconf 88' lang='lat' dir='ltr'><strong>ipsum</strong></span> <span class='ocrx_word' id='word_1_515' title='bbox 1579 4270 1727 4316; x_wconf 88' lang='lat' dir='ltr'><strong>esset</strong></span> <span class='ocrx_word' id='word_1_516' title='bbox 1767 4263 2012 4329; x_wconf 89' lang='lat' dir='ltr'><strong>adortus,</strong></span> 
     </span>
    </p>
   </div>
   <div class='ocr_carea' id='block_1_74' title="bbox 437 4348 2013 4409">
    <p class='ocr_par' dir='ltr' id='par_1_74' title="bbox 437 4348 2013 4409">
     <span class='ocr_line' id='line_1_74' title="bbox 437 4348 2013 4409; baseline 0.004 -7"><span class='ocrx_word' id='word_1_517' title='bbox 437 4363 501 4403; x_wconf 77' lang='lat' dir='ltr'><strong>ac</strong></span> <span class='ocrx_word' id='word_1_518' title='bbox 533 4348 764 4404; x_wconf 78' lang='lat' dir='ltr'><strong>dixisset</strong></span> <span class='ocrx_word' id='word_1_519' title='bbox 797 4367 810 4402; x_wconf 87' lang='lat'><strong>:</strong></span> <span class='ocrx_word' id='word_1_520' title='bbox 847 4348 1014 4402; x_wconf 85' lang='lat' dir='ltr'><strong>Eritis</strong></span> <span class='ocrx_word' id='word_1_521' title='bbox 1059 4351 1195 4404; x_wconf 87' lang='lat' dir='ltr'><strong>sicut</strong></span> <span class='ocrx_word' id='word_1_522' title='bbox 1232 4351 1308 4406; x_wconf 89' lang='lat' dir='ltr'><strong>dii</strong></span> <span class='ocrx_word' id='word_1_523' title='bbox 1347 4353 1565 4406; x_wconf 80' lang='lat' dir='ltr'><strong>scientes</strong></span> <span class='ocrx_word' id='word_1_524' title='bbox 1598 4353 1791 4408; x_wconf 87' lang='lat' dir='ltr'><strong>bonunt</strong></span> <span class='ocrx_word' id='word_1_525' title='bbox 1821 4368 1866 4409; x_wconf 90' lang='lat' dir='ltr'><strong>et</strong></span> <span class='ocrx_word' id='word_1_526' title='bbox 1900 4372 2013 4409; x_wconf 88' lang='lat' dir='ltr'><strong>ma-</strong></span> 
     </span>
    </p>
   </div>
   <div class='ocr_carea' id='block_1_75' title="bbox 435 4441 2009 4516">
    <p class='ocr_par' dir='ltr' id='par_1_75' title="bbox 435 4441 2009 4516">
     <span class='ocr_line' id='line_1_75' title="bbox 435 4441 2009 4516; baseline 0.004 -23"><span class='ocrx_word' id='word_1_527' title='bbox 435 4441 642 4507; x_wconf 76' lang='lat' dir='ltr'><strong>lum“,</strong></span> <span class='ocrx_word' id='word_1_528' title='bbox 690 4441 735 4496; x_wconf 88' lang='lat' dir='ltr'><strong>si</strong></span> <span class='ocrx_word' id='word_1_529' title='bbox 780 4443 1152 4506; x_wconf 84' lang='lat' dir='ltr'><strong>comedetitis,</strong></span> <span class='ocrx_word' id='word_1_530' title='bbox 1197 4445 1421 4512; x_wconf 87' lang='lat' dir='ltr'><strong>proprio</strong></span> <span class='ocrx_word' id='word_1_531' title='bbox 1452 4445 1660 4514; x_wconf 89' lang='lat' dir='ltr'><strong>judicio</strong></span> <span class='ocrx_word' id='word_1_532' title='bbox 1714 4449 2009 4516; x_wconf 87' lang='lat' dir='ltr'><strong>acquievit,</strong></span> 
     </span>
    </p>
   </div>
   <div class='ocr_carea' id='block_1_76' title="bbox 2115 3247 3686 3327">
    <p class='ocr_par' dir='ltr' id='par_1_76' title="bbox 2115 3247 3686 3327">
     <span class='ocr_line' id='line_1_76' title="bbox 2115 3247 3686 3327; baseline -0.011 -16"><span class='ocrx_word' id='word_1_533' title='bbox 2115 3257 2350 3327; x_wconf 78' lang='lat' dir='ltr'><strong>parentis</strong></span> <span class='ocrx_word' id='word_1_534' title='bbox 2402 3254 2582 3309; x_wconf 74' lang='lat' dir='ltr'><strong>animo</strong></span> <span class='ocrx_word' id='word_1_535' title='bbox 2630 3252 2765 3309; x_wconf 80' lang='lat' dir='ltr'><strong>velut</strong></span> <span class='ocrx_word' id='word_1_536' title='bbox 2815 3256 2866 3305; x_wconf 87' lang='lat' dir='ltr'><strong>in</strong></span> <span class='ocrx_word' id='word_1_537' title='bbox 2900 3250 3226 3304; x_wconf 78' lang='lat' dir='ltr'><strong>divinissimo</strong></span> <span class='ocrx_word' id='word_1_538' title='bbox 3261 3253 3490 3316; x_wconf 87' lang='lat' dir='ltr'><strong>quodam</strong></span> <span class='ocrx_word' id='word_1_539' title='bbox 3536 3247 3686 3297; x_wconf 87' lang='lat' dir='ltr'><strong>horto</strong></span> 
     </span>
    </p>
   </div>
   <div class='ocr_carea' id='block_1_77' title="bbox 2116 3334 3683 3411">
    <p class='ocr_par' dir='ltr' id='par_1_77' title="bbox 2116 3334 3683 3411">
     <span class='ocr_line' id='line_1_77' title="bbox 2116 3334 3683 3411; baseline -0.011 -8"><span class='ocrx_word' id='word_1_540' title='bbox 2116 3365 2288 3403; x_wconf 88' lang='lat' dir='ltr'><strong>omnes</strong></span> <span class='ocrx_word' id='word_1_541' title='bbox 2342 3345 2574 3400; x_wconf 79' lang='lat' dir='ltr'><strong>scientia:</strong></span> <span class='ocrx_word' id='word_1_542' title='bbox 2623 3343 2815 3411; x_wconf 83' lang='lat' dir='ltr'><strong>species</strong></span> <span class='ocrx_word' id='word_1_543' title='bbox 2864 3341 3082 3394; x_wconf 73' lang='lat' dir='ltr'><strong>consita:</strong></span> <span class='ocrx_word' id='word_1_544' title='bbox 3138 3347 3309 3392; x_wconf 85' lang='lat' dir='ltr'><strong>erant.</strong></span> <span class='ocrx_word' id='word_1_545' title='bbox 3387 3334 3465 3390; x_wconf 75' lang='lat' dir='ltr'><strong>Ea:</strong></span> <span class='ocrx_word' id='word_1_546' title='bbox 3497 3334 3683 3405; x_wconf 81' lang='lat' dir='ltr'><strong>quibus</strong></span> 
     </span>
    </p>
   </div>
   <div class='ocr_carea' id='block_1_78' title="bbox 2116 3425 3688 3493">
    <p class='ocr_par' dir='ltr' id='par_1_78' title="bbox 2116 3425 3688 3493">
     <span class='ocr_line' id='line_1_78' title="bbox 2116 3425 3688 3493; baseline -0.01 -2"><span class='ocrx_word' id='word_1_547' title='bbox 2116 3442 2236 3493; x_wconf 74' lang='lat' dir='ltr'><strong>alite</strong></span> <span class='ocrx_word' id='word_1_548' title='bbox 2269 3439 2400 3491; x_wconf 75' lang='lat' dir='ltr'><strong>relut</strong></span> <span class='ocrx_word' id='word_1_549' title='bbox 2453 3439 2506 3489; x_wconf 90' lang='lat' dir='ltr'><strong>in</strong></span> <span class='ocrx_word' id='word_1_550' title='bbox 2553 3435 2727 3488; x_wconf 85' lang='lat' dir='ltr'><strong>orbem</strong></span> <span class='ocrx_word' id='word_1_551' title='bbox 2782 3432 3042 3486; x_wconf 88' lang='lat' dir='ltr'><strong>stabant:</strong></span> <span class='ocrx_word' id='word_1_552' title='bbox 3092 3431 3214 3484; x_wconf 75' lang='lat' dir='ltr'><strong>dua:</strong></span> <span class='ocrx_word' id='word_1_553' title='bbox 3244 3428 3369 3483; x_wconf 74' lang='lat' dir='ltr'><strong>solre</strong></span> <span class='ocrx_word' id='word_1_554' title='bbox 3406 3429 3456 3480; x_wconf 87' lang='lat' dir='ltr'><strong>in</strong></span> <span class='ocrx_word' id='word_1_555' title='bbox 3514 3425 3688 3480; x_wconf 63' lang='lat' dir='ltr'><strong>media</strong></span> 
     </span>
    </p>
   </div>
   <div class='ocr_carea' id='block_1_79' title="bbox 2115 3519 3691 3600">
    <p class='ocr_par' dir='ltr' id='par_1_79' title="bbox 2115 3519 3691 3600">
     <span class='ocr_line' id='line_1_79' title="bbox 2115 3519 3691 3600; baseline -0.011 -14"><span class='ocrx_word' id='word_1_556' title='bbox 2115 3534 2309 3586; x_wconf 75' lang='lat' dir='ltr'><strong>animm</strong></span> <span class='ocrx_word' id='word_1_557' title='bbox 2344 3541 2494 3600; x_wconf 85' lang='lat' dir='ltr'><strong>parte</strong></span> <span class='ocrx_word' id='word_1_558' title='bbox 2542 3529 2715 3582; x_wconf 68' lang='lat' dir='ltr'><strong>insita:</strong></span> <span class='ocrx_word' id='word_1_559' title='bbox 2749 3535 2920 3581; x_wconf 88' lang='lat' dir='ltr'><strong>erant.</strong></span> <span class='ocrx_word' id='word_1_560' title='bbox 2966 3524 3072 3578; x_wconf 87' lang='lat' dir='ltr'><strong>Per</strong></span> <span class='ocrx_word' id='word_1_561' title='bbox 3121 3540 3209 3576; x_wconf 87' lang='lat' dir='ltr'><strong>eas</strong></span> <span class='ocrx_word' id='word_1_562' title='bbox 3260 3523 3443 3592; x_wconf 85' lang='lat' dir='ltr'><strong>igitur,</strong></span> <span class='ocrx_word' id='word_1_563' title='bbox 3487 3534 3602 3589; x_wconf 64' lang='lat' dir='ltr'><strong>quat</strong></span> <span class='ocrx_word' id='word_1_564' title='bbox 3635 3519 3691 3569; x_wconf 81' lang='lat' dir='ltr'><strong>in</strong></span> 
     </span>
    </p>
   </div>
   <div class='ocr_carea' id='block_1_80' title="bbox 2115 3611 3690 3692">
    <p class='ocr_par' dir='ltr' id='par_1_80' title="bbox 2115 3611 3690 3692">
     <span class='ocr_line' id='line_1_80' title="bbox 2115 3611 3690 3692; baseline -0.012 -13"><span class='ocrx_word' id='word_1_565' title='bbox 2115 3626 2293 3679; x_wconf 79' lang='lat' dir='ltr'><strong>orbem</strong></span> <span class='ocrx_word' id='word_1_566' title='bbox 2329 3625 2590 3692; x_wconf 71' lang='lat' dir='ltr'><strong>plantata?</strong></span> <span class='ocrx_word' id='word_1_567' title='bbox 2623 3630 2794 3684; x_wconf 84' lang='lat' dir='ltr'><strong>erant,</strong></span> <span class='ocrx_word' id='word_1_568' title='bbox 2827 3619 2895 3672; x_wconf 89' lang='lat' dir='ltr'><strong>ad</strong></span> <span class='ocrx_word' id='word_1_569' title='bbox 2927 3634 3072 3672; x_wconf 89' lang='lat' dir='ltr'><strong>esum</strong></span> <span class='ocrx_word' id='word_1_570' title='bbox 3114 3613 3482 3668; x_wconf 87' lang='lat' dir='ltr'><strong>accommodus</strong></span> <span class='ocrx_word' id='word_1_571' title='bbox 3521 3611 3690 3664; x_wconf 81' lang='lat' dir='ltr'><strong>virtu-</strong></span> 
     </span>
    </p>
   </div>
   <div class='ocr_carea' id='block_1_81' title="bbox 2115 3705 3690 3785">
    <p class='ocr_par' dir='ltr' id='par_1_81' title="bbox 2115 3705 3690 3785">
     <span class='ocr_line' id='line_1_81' title="bbox 2115 3705 3690 3785; baseline -0.011 -15"><span class='ocrx_word' id='word_1_572' title='bbox 2115 3729 2222 3770; x_wconf 89' lang='lat' dir='ltr'><strong>tum</strong></span> <span class='ocrx_word' id='word_1_573' title='bbox 2291 3717 2495 3785; x_wconf 77' lang='lat' dir='ltr'><strong>[ructas</strong></span> <span class='ocrx_word' id='word_1_574' title='bbox 2559 3714 2852 3774; x_wconf 89' lang='lat' dir='ltr'><strong>indicatur,</strong></span> <span class='ocrx_word' id='word_1_575' title='bbox 2904 3727 3054 3781; x_wconf 76' lang='lat' dir='ltr'><strong>quem</strong></span> <span class='ocrx_word' id='word_1_576' title='bbox 3113 3710 3373 3776; x_wconf 81' lang='lat' dir='ltr'><strong>percipere</strong></span> <span class='ocrx_word' id='word_1_577' title='bbox 3429 3705 3690 3758; x_wconf 84' lang='lat' dir='ltr'><strong>Adamum</strong></span> 
     </span>
    </p>
   </div>
   <div class='ocr_carea' id='block_1_82' title="bbox 2114 3795 3687 3875">
    <p class='ocr_par' dir='ltr' id='par_1_82' title="bbox 2114 3795 3687 3875">
     <span class='ocr_line' id='line_1_82' title="bbox 2114 3795 3687 3875; baseline -0.008 -14"><span class='ocrx_word' id='word_1_578' title='bbox 2114 3811 2402 3875; x_wconf 81' lang='lat' dir='ltr'><strong>oportebat,</strong></span> <span class='ocrx_word' id='word_1_579' title='bbox 2449 3807 2744 3873; x_wconf 69' lang='lat' dir='ltr'><strong>animmque</strong></span> <span class='ocrx_word' id='word_1_580' title='bbox 2788 3803 3024 3856; x_wconf 86' lang='lat' dir='ltr'><strong>sensoria</strong></span> <span class='ocrx_word' id='word_1_581' title='bbox 3057 3803 3320 3853; x_wconf 82' lang='lat' dir='ltr'><strong>suavitate</strong></span> <span class='ocrx_word' id='word_1_582' title='bbox 3351 3795 3687 3865; x_wconf 75' lang='lat' dir='ltr'><strong>perfundere.</strong></span> 
     </span>
    </p>
   </div>
   <div class='ocr_carea' id='block_1_83' title="bbox 2116 3888 3692 3966">
    <p class='ocr_par' dir='ltr' id='par_1_83' title="bbox 2116 3888 3692 3966">
     <span class='ocr_line' id='line_1_83' title="bbox 2116 3888 3692 3966; baseline -0.007 -18"><span class='ocrx_word' id='word_1_583' title='bbox 2116 3895 2326 3948; x_wconf 77' lang='lat' dir='ltr'><strong>[larunt</strong></span> <span class='ocrx_word' id='word_1_584' title='bbox 2357 3902 2554 3966; x_wconf 75' lang='lat' dir='ltr'><strong>autem,</strong></span> <span class='ocrx_word' id='word_1_585' title='bbox 2601 3907 2717 3959; x_wconf 66' lang='lat' dir='ltr'><strong>qua&#39;</strong></span> <span class='ocrx_word' id='word_1_586' title='bbox 2742 3891 2794 3943; x_wconf 86' lang='lat' dir='ltr'><strong>in</strong></span> <span class='ocrx_word' id='word_1_587' title='bbox 2831 3891 2998 3944; x_wconf 64' lang='lat' dir='ltr'><strong>nredio</strong></span> <span class='ocrx_word' id='word_1_588' title='bbox 3033 3890 3265 3950; x_wconf 76' lang='lat' dir='ltr'><strong>stabant,</strong></span> <span class='ocrx_word' id='word_1_589' title='bbox 3307 3888 3479 3939; x_wconf 84' lang='lat' dir='ltr'><strong>altera</strong></span> <span class='ocrx_word' id='word_1_590' title='bbox 3515 3900 3692 3938; x_wconf 85' lang='lat' dir='ltr'><strong>rerum</strong></span> 
     </span>
    </p>
   </div>
   <div class='ocr_carea' id='block_1_84' title="bbox 2114 3979 3688 4051">
    <p class='ocr_par' dir='ltr' id='par_1_84' title="bbox 2114 3979 3688 4051">
     <span class='ocr_line' id='line_1_84' title="bbox 2114 3979 3688 4051; baseline -0.007 -11"><span class='ocrx_word' id='word_1_591' title='bbox 2114 3996 2413 4040; x_wconf 86' lang='lat' dir='ltr'><strong>creatarum</strong></span> <span class='ocrx_word' id='word_1_592' title='bbox 2468 3982 2961 4051; x_wconf 77' lang='lat' dir='ltr'><strong>contemplationem</strong></span> <span class='ocrx_word' id='word_1_593' title='bbox 3017 3983 3280 4050; x_wconf 78' lang='lat' dir='ltr'><strong>designat,</strong></span> <span class='ocrx_word' id='word_1_594' title='bbox 3331 3979 3580 4032; x_wconf 82' lang='lat' dir='ltr'><strong>nimirum</strong></span> <span class='ocrx_word' id='word_1_595' title='bbox 3625 3991 3688 4030; x_wconf 84' lang='lat' dir='ltr'><strong>ea</strong></span> 
     </span>
    </p>
   </div>
   <div class='ocr_carea' id='block_1_85' title="bbox 2113 4070 3689 4148">
    <p class='ocr_par' dir='ltr' id='par_1_85' title="bbox 2113 4070 3689 4148">
     <span class='ocr_line' id='line_1_85' title="bbox 2113 4070 3689 4148; baseline -0.005 -18"><span class='ocrx_word' id='word_1_596' title='bbox 2113 4094 2229 4148; x_wconf 64' lang='lat' dir='ltr'><strong>qua</strong></span> <span class='ocrx_word' id='word_1_597' title='bbox 2283 4076 2522 4130; x_wconf 78' lang='lat' dir='ltr'><strong>scientite</strong></span> <span class='ocrx_word' id='word_1_598' title='bbox 2583 4074 2706 4127; x_wconf 88' lang='lat' dir='ltr'><strong>boni</strong></span> <span class='ocrx_word' id='word_1_599' title='bbox 2765 4084 2814 4127; x_wconf 87' lang='lat' dir='ltr'><strong>et</strong></span> <span class='ocrx_word' id='word_1_600' title='bbox 2866 4073 2996 4127; x_wconf 88' lang='lat' dir='ltr'><strong>mali</strong></span> <span class='ocrx_word' id='word_1_601' title='bbox 3053 4089 3238 4126; x_wconf 79' lang='lat' dir='ltr'><strong>nomen</strong></span> <span class='ocrx_word' id='word_1_602' title='bbox 3289 4070 3689 4124; x_wconf 83' lang='lat' dir='ltr'><strong>habet:altera</strong></span> 
     </span>
    </p>
   </div>
   <div class='ocr_carea' id='block_1_86' title="bbox 2114 4159 3688 4240">
    <p class='ocr_par' dir='ltr' id='par_1_86' title="bbox 2114 4159 3688 4240">
     <span class='ocr_line' id='line_1_86' title="bbox 2114 4159 3688 4240; baseline -0.01 -17"><span class='ocrx_word' id='word_1_603' title='bbox 2114 4169 2280 4240; x_wconf 83' lang='lat' dir='ltr'><strong>ipsius</strong></span> <span class='ocrx_word' id='word_1_604' title='bbox 2319 4167 2412 4219; x_wconf 87' lang='lat' dir='ltr'><strong>Dei</strong></span> <span class='ocrx_word' id='word_1_605' title='bbox 2467 4167 2819 4236; x_wconf 86' lang='lat' dir='ltr'><strong>cognitionem</strong></span> <span class='ocrx_word' id='word_1_606' title='bbox 2855 4165 3340 4234; x_wconf 83' lang='lat' dir='ltr'><strong>perceptionemque</strong></span> <span class='ocrx_word' id='word_1_607' title='bbox 3399 4159 3688 4230; x_wconf 79' lang='lat' dir='ltr'><strong>signiﬁcat,</strong></span> 
     </span>
    </p>
   </div>
   <div class='ocr_carea' id='block_1_87' title="bbox 2115 4252 3692 4331">
    <p class='ocr_par' dir='ltr' id='par_1_87' title="bbox 2115 4252 3692 4331">
     <span class='ocr_line' id='line_1_87' title="bbox 2115 4252 3692 4331; baseline -0.008 -19"><span class='ocrx_word' id='word_1_608' title='bbox 2115 4277 2232 4331; x_wconf 70' lang='lat' dir='ltr'><strong>qua:</strong></span> <span class='ocrx_word' id='word_1_609' title='bbox 2263 4259 2471 4329; x_wconf 85' lang='lat' dir='ltr'><strong>quidem</strong></span> <span class='ocrx_word' id='word_1_610' title='bbox 2525 4259 2728 4328; x_wconf 87' lang='lat' dir='ltr'><strong>lignum</strong></span> <span class='ocrx_word' id='word_1_611' title='bbox 2769 4259 2888 4312; x_wconf 71' lang='lat' dir='ltr'><strong>vita:</strong></span> <span class='ocrx_word' id='word_1_612' title='bbox 2927 4255 3248 4326; x_wconf 76' lang='lat' dir='ltr'><strong>appellatur.</strong></span> <span class='ocrx_word' id='word_1_613' title='bbox 3301 4252 3532 4306; x_wconf 81' lang='lat' dir='ltr'><strong>Proinde</strong></span> <span class='ocrx_word' id='word_1_614' title='bbox 3584 4265 3692 4302; x_wconf 86' lang='lat' dir='ltr'><strong>non</strong></span> 
     </span>
    </p>
   </div>
   <div class='ocr_carea' id='block_1_88' title="bbox 2114 4339 3693 4418">
    <p class='ocr_par' dir='ltr' id='par_1_88' title="bbox 2114 4339 3693 4418">
     <span class='ocr_line' id='line_1_88' title="bbox 2114 4339 3693 4418; baseline -0.007 -14"><span class='ocrx_word' id='word_1_615' title='bbox 2114 4352 2294 4404; x_wconf 81' lang='lat' dir='ltr'><strong>statim</strong></span> <span class='ocrx_word' id='word_1_616' title='bbox 2328 4350 2562 4404; x_wconf 75' lang='lat' dir='ltr'><strong>scientia:</strong></span> <span class='ocrx_word' id='word_1_617' title='bbox 2592 4348 2732 4418; x_wconf 85' lang='lat' dir='ltr'><strong>ligno</strong></span> <span class='ocrx_word' id='word_1_618' title='bbox 2769 4363 2954 4400; x_wconf 83' lang='lat' dir='ltr'><strong>manus</strong></span> <span class='ocrx_word' id='word_1_619' title='bbox 2997 4347 3271 4399; x_wconf 76' lang='lat' dir='ltr'><strong>admovere</strong></span> <span class='ocrx_word' id='word_1_620' title='bbox 3299 4341 3516 4395; x_wconf 85' lang='lat' dir='ltr'><strong>debebat</strong></span> <span class='ocrx_word' id='word_1_621' title='bbox 3542 4339 3693 4393; x_wconf 81' lang='lat' dir='ltr'><strong>Ada-</strong></span> 
     </span>
    </p>
   </div>
   <div class='ocr_carea' id='block_1_89' title="bbox 2120 4433 3687 4505">
    <p class='ocr_par' dir='ltr' id='par_1_89' title="bbox 2120 4433 3687 4505">
     <span class='ocr_line' id='line_1_89' title="bbox 2120 4433 3687 4505; baseline -0.006 -11"><span class='ocrx_word' id='word_1_622' title='bbox 2120 4457 2256 4505; x_wconf 87' lang='lat' dir='ltr'><strong>mus,</strong></span> <span class='ocrx_word' id='word_1_623' title='bbox 2287 4456 2377 4493; x_wconf 83' lang='lat' dir='ltr'><strong>nec</strong></span> <span class='ocrx_word' id='word_1_624' title='bbox 2409 4440 2692 4492; x_wconf 86' lang='lat' dir='ltr'><strong>creationis</strong></span> <span class='ocrx_word' id='word_1_625' title='bbox 2731 4438 2960 4490; x_wconf 85' lang='lat' dir='ltr'><strong>rationes</strong></span> <span class='ocrx_word' id='word_1_626' title='bbox 2989 4445 3037 4488; x_wconf 84' lang='lat' dir='ltr'><strong>et</strong></span> <span class='ocrx_word' id='word_1_627' title='bbox 3069 4435 3295 4488; x_wconf 82' lang='lat' dir='ltr'><strong>consilia</strong></span> <span class='ocrx_word' id='word_1_628' title='bbox 3318 4433 3687 4503; x_wconf 76' lang='lat' dir='ltr'><strong>pervestigare,</strong></span> 
     </span>
    </p>
   </div>
   <div class='ocr_carea' id='block_1_90' title="bbox 437 4523 3689 4607">
    <p class='ocr_par' dir='ltr' id='par_1_90' title="bbox 437 4523 3689 4607">
     <span class='ocr_line' id='line_1_90' title="bbox 437 4523 3689 4607; baseline -0.004 -16"><span class='ocrx_word' id='word_1_629' title='bbox 437 4552 499 4591; x_wconf 89' lang='lat' dir='ltr'><strong>ac</strong></span> <span class='ocrx_word' id='word_1_630' title='bbox 533 4536 675 4590; x_wconf 88' lang='lat' dir='ltr'><strong>bona</strong></span> <span class='ocrx_word' id='word_1_631' title='bbox 709 4552 797 4592; x_wconf 87' lang='lat' dir='ltr'><strong>res</strong></span> <span class='ocrx_word' id='word_1_632' title='bbox 830 4535 906 4589; x_wconf 91' lang='lat' dir='ltr'><strong>illi</strong></span> <span class='ocrx_word' id='word_1_633' title='bbox 943 4551 1062 4591; x_wconf 87' lang='lat' dir='ltr'><strong>esse</strong></span> <span class='ocrx_word' id='word_1_634' title='bbox 1107 4537 1410 4592; x_wconf 87' lang='lat' dir='ltr'><strong>divinitatis</strong></span> <span class='ocrx_word' id='word_1_635' title='bbox 1445 4539 1660 4607; x_wconf 83' lang='lat' dir='ltr'><strong>adoptio</strong></span> <span class='ocrx_word' id='word_1_636' title='bbox 1693 4550 1747 4594; x_wconf 90' lang='lat' dir='ltr'><strong>et</strong></span> <span class='ocrx_word' id='word_1_637' title='bbox 1781 4541 2007 4595; x_wconf 85' lang='lat' dir='ltr'><strong>scientia</strong></span> <span class='ocrx_word' id='word_1_638' title='bbox 2043 4523 2086 4579; x_wconf 79' lang='grc' dir='ltr'><strong>Ι)</strong></span> <span class='ocrx_word' id='word_1_639' title='bbox 2118 4550 2208 4588; x_wconf 83' lang='lat' dir='ltr'><strong>nec</strong></span> <span class='ocrx_word' id='word_1_640' title='bbox 2242 4533 2309 4585; x_wconf 89' lang='lat' dir='ltr'><strong>ad</strong></span> <span class='ocrx_word' id='word_1_641' title='bbox 2336 4533 2534 4602; x_wconf 88' lang='lat' dir='ltr'><strong>judicii</strong></span> <span class='ocrx_word' id='word_1_642' title='bbox 2579 4540 2627 4585; x_wconf 89' lang='lat' dir='ltr'><strong>et</strong></span> <span class='ocrx_word' id='word_1_643' title='bbox 2684 4529 3027 4598; x_wconf 67' lang='lat' dir='ltr'><strong>providentiae</strong></span> <span class='ocrx_word' id='word_1_644' title='bbox 3070 4527 3300 4598; x_wconf 58' lang='lat' dir='ltr'><strong>difﬁciles</strong></span> <span class='ocrx_word' id='word_1_645' title='bbox 3349 4527 3689 4595; x_wconf 86' lang='lat' dir='ltr'><strong>cogitationes</strong></span> 
     </span>
    </p>
   </div>
   <div class='ocr_carea' id='block_1_91' title="bbox 435 4628 2010 4709">
    <p class='ocr_par' dir='ltr' id='par_1_91' title="bbox 435 4628 2010 4709">
     <span class='ocr_line' id='line_1_91' title="bbox 435 4628 2010 4709; baseline 0.003 -27"><span class='ocrx_word' id='word_1_646' title='bbox 435 4631 552 4685; x_wconf 87' lang='lat' dir='ltr'><strong>visa</strong></span> <span class='ocrx_word' id='word_1_647' title='bbox 596 4637 699 4694; x_wconf 90' lang='lat' dir='ltr'><strong>est,</strong></span> <span class='ocrx_word' id='word_1_648' title='bbox 751 4644 852 4709; x_wconf 77' lang='lat' dir='ltr'><strong>nec</strong></span> <span class='ocrx_word' id='word_1_649' title='bbox 898 4628 1030 4684; x_wconf 92' lang='lat' dir='ltr'><strong>illud</strong></span> <span class='ocrx_word' id='word_1_650' title='bbox 1078 4645 1265 4684; x_wconf 89' lang='lat' dir='ltr'><strong>secum</strong></span> <span class='ocrx_word' id='word_1_651' title='bbox 1316 4633 1610 4699; x_wconf 90' lang='lat' dir='ltr'><strong>reputavit,</strong></span> <span class='ocrx_word' id='word_1_652' title='bbox 1641 4633 1784 4701; x_wconf 85' lang='lat' dir='ltr'><strong>quod</strong></span> <span class='ocrx_word' id='word_1_653' title='bbox 1828 4634 2010 4686; x_wconf 90' lang='lat' dir='ltr'><strong>omnia</strong></span> 
     </span>
    </p>
   </div>
   <div class='ocr_carea' id='block_1_92' title="bbox 436 4722 2015 4795">
    <p class='ocr_par' dir='ltr' id='par_1_92' title="bbox 436 4722 2015 4795">
     <span class='ocr_line' id='line_1_92' title="bbox 436 4722 2015 4795; baseline 0.003 -20"><span class='ocrx_word' id='word_1_654' title='bbox 436 4722 656 4792; x_wconf 88' lang='lat' dir='ltr'><strong>quidem</strong></span> <span class='ocrx_word' id='word_1_655' title='bbox 690 4722 828 4777; x_wconf 89' lang='lat' dir='ltr'><strong>bona</strong></span> <span class='ocrx_word' id='word_1_656' title='bbox 865 4730 1021 4790; x_wconf 91' lang='lat' dir='ltr'><strong>sunt,</strong></span> <span class='ocrx_word' id='word_1_657' title='bbox 1075 4739 1266 4778; x_wconf 84' lang='lat' dir='ltr'><strong>verum</strong></span> <span class='ocrx_word' id='word_1_658' title='bbox 1312 4740 1413 4778; x_wconf 90' lang='lat' dir='ltr'><strong>suo</strong></span> <span class='ocrx_word' id='word_1_659' title='bbox 1461 4735 1722 4793; x_wconf 88' lang='lat' dir='ltr'><strong>tempore,</strong></span> <span class='ocrx_word' id='word_1_660' title='bbox 1758 4726 2015 4795; x_wconf 71' lang='lat' dir='ltr'><strong>quoique</strong></span> 
     </span>
    </p>
   </div>
   <div class='ocr_carea' id='block_1_93' title="bbox 438 4813 2016 4886">
    <p class='ocr_par' dir='ltr' id='par_1_93' title="bbox 438 4813 2016 4886">
     <span class='ocr_line' id='line_1_93' title="bbox 438 4813 2016 4886; baseline 0.003 -19"><span class='ocrx_word' id='word_1_661' title='bbox 438 4814 488 4868; x_wconf 91' lang='lat' dir='ltr'><strong>id</strong></span> <span class='ocrx_word' id='word_1_662' title='bbox 525 4813 671 4883; x_wconf 90' lang='lat' dir='ltr'><strong>quod</strong></span> <span class='ocrx_word' id='word_1_663' title='bbox 703 4822 1029 4883; x_wconf 86' lang='lat' dir='ltr'><strong>accepturus</strong></span> <span class='ocrx_word' id='word_1_664' title='bbox 1064 4821 1204 4879; x_wconf 88' lang='lat' dir='ltr'><strong>erat,</strong></span> <span class='ocrx_word' id='word_1_665' title='bbox 1240 4815 1536 4885; x_wconf 85' lang='lat' dir='ltr'><strong>praeripere</strong></span> <span class='ocrx_word' id='word_1_666' title='bbox 1580 4831 1692 4870; x_wconf 90' lang='lat' dir='ltr'><strong>non</strong></span> <span class='ocrx_word' id='word_1_667' title='bbox 1719 4820 2016 4886; x_wconf 82' lang='lat' dir='ltr'><strong>Oportebat</strong></span> 
     </span>
    </p>
   </div>
   <div class='ocr_carea' id='block_1_94' title="bbox 436 4905 2012 4977">
    <p class='ocr_par' dir='ltr' id='par_1_94' title="bbox 436 4905 2012 4977">
     <span class='ocr_line' id='line_1_94' title="bbox 436 4905 2012 4977; baseline 0.003 -19"><span class='ocrx_word' id='word_1_668' title='bbox 436 4916 632 4975; x_wconf 71' lang='lat' dir='ltr'><strong>praeter</strong></span> <span class='ocrx_word' id='word_1_669' title='bbox 679 4905 799 4973; x_wconf 81' lang='lat' dir='ltr'><strong>ejus</strong></span> <span class='ocrx_word' id='word_1_670' title='bbox 850 4905 1185 4962; x_wconf 86' lang='lat' dir='ltr'><strong>voluntatem</strong></span> <span class='ocrx_word' id='word_1_671' title='bbox 1248 4916 1302 4961; x_wconf 87' lang='lat' dir='ltr'><strong>et</strong></span> <span class='ocrx_word' id='word_1_672' title='bbox 1352 4908 1676 4962; x_wconf 89' lang='lat' dir='ltr'><strong>sententiam</strong></span> <span class='ocrx_word' id='word_1_673' title='bbox 1707 4946 1722 4966; x_wconf 85' lang='lat'><strong>,</strong></span> <span class='ocrx_word' id='word_1_674' title='bbox 1778 4909 1869 4977; x_wconf 89' lang='lat' dir='ltr'><strong>qui</strong></span> <span class='ocrx_word' id='word_1_675' title='bbox 1905 4924 2012 4962; x_wconf 90' lang='lat' dir='ltr'><strong>non</strong></span> 
     </span>
    </p>
   </div>
   <div class='ocr_carea' id='block_1_95' title="bbox 441 4995 2006 5059">
    <p class='ocr_par' dir='ltr' id='par_1_95' title="bbox 441 4995 2006 5059">
     <span class='ocr_line' id='line_1_95' title="bbox 441 4995 2006 5059; baseline 0.003 -12"><span class='ocrx_word' id='word_1_676' title='bbox 441 4995 602 5050; x_wconf 90' lang='lat' dir='ltr'><strong>modo</strong></span> <span class='ocrx_word' id='word_1_677' title='bbox 636 4995 783 5050; x_wconf 87' lang='lat' dir='ltr'><strong>dedit</strong></span> <span class='ocrx_word' id='word_1_678' title='bbox 828 5003 888 5050; x_wconf 90' lang='lat' dir='ltr'><strong>ut</strong></span> <span class='ocrx_word' id='word_1_679' title='bbox 917 4995 1114 5059; x_wconf 88' lang='lat' dir='ltr'><strong>simus,</strong></span> <span class='ocrx_word' id='word_1_680' title='bbox 1141 4997 1234 5052; x_wconf 84' lang='lat' dir='ltr'><strong>sed</strong></span> <span class='ocrx_word' id='word_1_681' title='bbox 1267 4997 1431 5050; x_wconf 81' lang='lat' dir='ltr'><strong>etiam</strong></span> <span class='ocrx_word' id='word_1_682' title='bbox 1458 5009 1516 5050; x_wconf 86' lang='lat' dir='ltr'><strong>ut</strong></span> <span class='ocrx_word' id='word_1_683' title='bbox 1547 4996 1704 5052; x_wconf 88' lang='lat' dir='ltr'><strong>beate</strong></span> <span class='ocrx_word' id='word_1_684' title='bbox 1739 4998 2006 5052; x_wconf 82' lang='lat' dir='ltr'><strong>vivamus.</strong></span> 
     </span>
    </p>
   </div>
   <div class='ocr_carea' id='block_1_96' title="bbox 439 5085 2009 5158">
    <p class='ocr_par' dir='ltr' id='par_1_96' title="bbox 439 5085 2009 5158">
     <span class='ocr_line' id='line_1_96' title="bbox 439 5085 2009 5158; baseline 0.004 -21"><span class='ocrx_word' id='word_1_685' title='bbox 439 5085 505 5138; x_wconf 73' lang='lat' dir='ltr'><strong>Et</strong></span> <span class='ocrx_word' id='word_1_686' title='bbox 541 5085 676 5138; x_wconf 87' lang='lat' dir='ltr'><strong>vidit</strong></span> <span class='ocrx_word' id='word_1_687' title='bbox 706 5085 850 5155; x_wconf 89' lang='lat' dir='ltr'><strong>quod</strong></span> <span class='ocrx_word' id='word_1_688' title='bbox 885 5095 1032 5141; x_wconf 90' lang='lat' dir='ltr'><strong>esset</strong></span> <span class='ocrx_word' id='word_1_689' title='bbox 1064 5087 1289 5154; x_wconf 91' lang='lat' dir='ltr'><strong>bonum,</strong></span> <span class='ocrx_word' id='word_1_690' title='bbox 1334 5096 1387 5140; x_wconf 90' lang='lat' dir='ltr'><strong>et</strong></span> <span class='ocrx_word' id='word_1_691' title='bbox 1431 5088 1665 5141; x_wconf 85' lang='lat' dir='ltr'><strong>comedit</strong></span> <span class='ocrx_word' id='word_1_692' title='bbox 1698 5105 1710 5141; x_wconf 93' lang='lat'>:</span> <span class='ocrx_word' id='word_1_693' title='bbox 1749 5098 1912 5158; x_wconf 87' lang='lat' dir='ltr'><strong>atque</strong></span> <span class='ocrx_word' id='word_1_694' title='bbox 1946 5103 2009 5143; x_wconf 86' lang='lat' dir='ltr'><strong>ea</strong></span> 
     </span>
    </p>
   </div>
   <div class='ocr_carea' id='block_1_97' title="bbox 439 5177 2006 5248">
    <p class='ocr_par' dir='ltr' id='par_1_97' title="bbox 439 5177 2006 5248">
     <span class='ocr_line' id='line_1_97' title="bbox 439 5177 2006 5248; baseline 0.002 -20"><span class='ocrx_word' id='word_1_695' title='bbox 439 5177 638 5230; x_wconf 85' lang='lat' dir='ltr'><strong>mentis</strong></span> <span class='ocrx_word' id='word_1_696' title='bbox 663 5177 1050 5243; x_wconf 89' lang='lat' dir='ltr'><strong>abstractione,</strong></span> <span class='ocrx_word' id='word_1_697' title='bbox 1076 5194 1182 5248; x_wconf 90' lang='lat' dir='ltr'><strong>qua</strong></span> <span class='ocrx_word' id='word_1_698' title='bbox 1203 5179 1267 5232; x_wconf 86' lang='lat' dir='ltr'><strong>ad</strong></span> <span class='ocrx_word' id='word_1_699' title='bbox 1297 5179 1462 5232; x_wconf 88' lang='lat' dir='ltr'><strong>Deum</strong></span> <span class='ocrx_word' id='word_1_700' title='bbox 1487 5189 1681 5233; x_wconf 89' lang='lat' dir='ltr'><strong>natura</strong></span> <span class='ocrx_word' id='word_1_701' title='bbox 1711 5179 2006 5247; x_wconf 80' lang='lat' dir='ltr'><strong>ferebatur,</strong></span> 
     </span>
    </p>
   </div>
   <div class='ocr_carea' id='block_1_98' title="bbox 441 5267 2009 5337">
    <p class='ocr_par' dir='ltr' id='par_1_98' title="bbox 441 5267 2009 5337">
     <span class='ocr_line' id='line_1_98' title="bbox 441 5267 2009 5337; baseline 0.003 -18"><span class='ocrx_word' id='word_1_702' title='bbox 441 5267 703 5335; x_wconf 92' lang='lat' dir='ltr'><strong>spoliatus</strong></span> <span class='ocrx_word' id='word_1_703' title='bbox 735 5275 835 5322; x_wconf 88' lang='lat' dir='ltr'><strong>est.</strong></span> <span class='ocrx_word' id='word_1_704' title='bbox 884 5267 954 5321; x_wconf 84' lang='lat' dir='ltr'><strong>Et</strong></span> <span class='ocrx_word' id='word_1_705' title='bbox 984 5268 1155 5337; x_wconf 89' lang='lat' dir='ltr'><strong>aperti</strong></span> <span class='ocrx_word' id='word_1_706' title='bbox 1187 5277 1314 5323; x_wconf 92' lang='lat' dir='ltr'><strong>sunt</strong></span> <span class='ocrx_word' id='word_1_707' title='bbox 1349 5269 1491 5322; x_wconf 86' lang='lat' dir='ltr'><strong>oculi</strong></span> <span class='ocrx_word' id='word_1_708' title='bbox 1535 5283 1748 5330; x_wconf 84' lang='lat' dir='ltr'><strong>eorum.</strong></span> <span class='ocrx_word' id='word_1_709' title='bbox 1801 5271 2009 5324; x_wconf 85' lang='lat' dir='ltr'><strong>scilicet</strong></span> 
     </span>
    </p>
   </div>
   <div class='ocr_carea' id='block_1_99' title="bbox 440 5359 2010 5428">
    <p class='ocr_par' dir='ltr' id='par_1_99' title="bbox 440 5359 2010 5428">
     <span class='ocr_line' id='line_1_99' title="bbox 440 5359 2010 5428; baseline 0.003 -17"><span class='ocrx_word' id='word_1_710' title='bbox 440 5359 752 5428; x_wconf 84' lang='lat' dir='ltr'><strong>corporales</strong></span> <span class='ocrx_word' id='word_1_711' title='bbox 787 5366 950 5428; x_wconf 88' lang='lat' dir='ltr'><strong>atque</strong></span> <span class='ocrx_word' id='word_1_712' title='bbox 993 5359 1159 5412; x_wconf 90' lang='lat' dir='ltr'><strong>animi</strong></span> <span class='ocrx_word' id='word_1_713' title='bbox 1189 5359 1418 5414; x_wconf 73' lang='lat' dir='ltr'><strong>allectus</strong></span> <span class='ocrx_word' id='word_1_714' title='bbox 1451 5361 1717 5414; x_wconf 91' lang='lat' dir='ltr'><strong>commoti</strong></span> <span class='ocrx_word' id='word_1_715' title='bbox 1748 5370 1894 5416; x_wconf 89' lang='lat' dir='ltr'><strong>sunt.</strong></span> <span class='ocrx_word' id='word_1_716' title='bbox 1944 5360 2010 5415; x_wconf 87' lang='lat' dir='ltr'><strong>Et</strong></span> 
     </span>
    </p>
   </div>
   <div class='ocr_carea' id='block_1_100' title="bbox 439 5452 2006 5520">
    <p class='ocr_par' dir='ltr' id='par_1_100' title="bbox 439 5452 2006 5520">
     <span class='ocr_line' id='line_1_100' title="bbox 439 5452 2006 5520; baseline 0.003 -18"><span class='ocrx_word' id='word_1_717' title='bbox 439 5460 811 5518; x_wconf 80' lang='lat' dir='ltr'><strong>cognoverunt</strong></span> <span class='ocrx_word' id='word_1_718' title='bbox 872 5452 1016 5520; x_wconf 85' lang='lat' dir='ltr'><strong>quod</strong></span> <span class='ocrx_word' id='word_1_719' title='bbox 1076 5452 1202 5505; x_wconf 91' lang='lat' dir='ltr'><strong>nudi</strong></span> <span class='ocrx_word' id='word_1_720' title='bbox 1280 5462 1483 5519; x_wconf 90' lang='lat' dir='ltr'><strong>essent,</strong></span> <span class='ocrx_word' id='word_1_721' title='bbox 1541 5461 1594 5506; x_wconf 92' lang='lat' dir='ltr'><strong>et</strong></span> <span class='ocrx_word' id='word_1_722' title='bbox 1645 5454 2006 5517; x_wconf 89' lang='lat' dir='ltr'><strong>erubuernnt,</strong></span> 
     </span>
    </p>
   </div>
   <div class='ocr_carea' id='block_1_101' title="bbox 439 5543 2013 5614">
    <p class='ocr_par' dir='ltr' id='par_1_101' title="bbox 439 5543 2013 5614">
     <span class='ocr_line' id='line_1_101' title="bbox 439 5543 2013 5614; baseline 0.003 -20"><span class='ocrx_word' id='word_1_723' title='bbox 439 5551 602 5612; x_wconf 87' lang='lat' dir='ltr'><strong>atque</strong></span> <span class='ocrx_word' id='word_1_724' title='bbox 647 5560 677 5599; x_wconf 89' lang='lat' dir='ltr'><strong>a</strong></span> <span class='ocrx_word' id='word_1_725' title='bbox 735 5543 843 5599; x_wconf 89' lang='lat' dir='ltr'><strong>Deo</strong></span> <span class='ocrx_word' id='word_1_726' title='bbox 893 5545 1064 5599; x_wconf 89' lang='lat' dir='ltr'><strong>avulsi</strong></span> <span class='ocrx_word' id='word_1_727' title='bbox 1116 5553 1261 5608; x_wconf 62' lang='lat' dir='ltr'><strong>stunt,</strong></span> <span class='ocrx_word' id='word_1_728' title='bbox 1308 5561 1370 5599; x_wconf 88' lang='lat' dir='ltr'><strong>ac</strong></span> <span class='ocrx_word' id='word_1_729' title='bbox 1412 5547 1557 5601; x_wconf 88' lang='lat' dir='ltr'><strong>velut</strong></span> <span class='ocrx_word' id='word_1_730' title='bbox 1589 5545 1797 5614; x_wconf 89' lang='lat' dir='ltr'><strong>pueruli</strong></span> <span class='ocrx_word' id='word_1_731' title='bbox 1853 5547 2013 5600; x_wconf 90' lang='lat' dir='ltr'><strong>volu-</strong></span> 
     </span>
    </p>
   </div>
   <div class='ocr_carea' id='block_1_102' title="bbox 514 5783 1606 5860">
    <p class='ocr_par' dir='ltr' id='par_1_102' title="bbox 514 5783 1606 5860">
     <span class='ocr_line' id='line_1_102' title="bbox 514 5783 1606 5860; baseline 0.006 -20"><span class='ocrx_word' id='word_1_732' title='bbox 514 5783 558 5816; x_wconf 76' lang='lat'>”</span> <span class='ocrx_word' id='word_1_733' title='bbox 593 5785 735 5844; x_wconf 84' lang='lat' dir='ltr'><strong>Psal.</strong></span> <span class='ocrx_word' id='word_1_734' title='bbox 769 5808 1032 5855; x_wconf 75' lang='lat' dir='ltr'><strong>cxxxvnt,</strong></span> <span class='ocrx_word' id='word_1_735' title='bbox 1067 5792 1117 5845; x_wconf 78' lang='lat' dir='ltr'><strong>ti.</strong></span> <span class='ocrx_word' id='word_1_736' title='bbox 1198 5791 1241 5822; x_wconf 77' lang='lat'>“</span> <span class='ocrx_word' id='word_1_737' title='bbox 1271 5793 1406 5852; x_wconf 80' lang='lat' dir='ltr'><strong>Gen.</strong></span> <span class='ocrx_word' id='word_1_738' title='bbox 1441 5809 1522 5860; x_wconf 84' lang='lat' dir='ltr'><strong>tu,</strong></span> <span class='ocrx_word' id='word_1_739' title='bbox 1555 5794 1606 5848; x_wconf 84' lang='grc'><strong>5.</strong></span> 
     </span>
    </p>
   </div>
   <div class='ocr_carea' id='block_1_103' title="bbox 1682 5793 2080 5864">
    <p class='ocr_par' dir='ltr' id='par_1_103' title="bbox 1682 5793 2080 5864">
     <span class='ocr_line' id='line_1_103' title="bbox 1682 5793 2080 5864; baseline 0.005 -16"><span class='ocrx_word' id='word_1_740' title='bbox 1682 5793 1726 5829; x_wconf 83' lang='grc'><strong><em>⁸⁵</em></strong></span> <span class='ocrx_word' id='word_1_741' title='bbox 1751 5794 1884 5850; x_wconf 79' lang='lat' dir='ltr'><strong>Gen.</strong></span> <span class='ocrx_word' id='word_1_742' title='bbox 1915 5810 1952 5864; x_wconf 82' lang='grc' dir='ltr'>ι,</span> <span class='ocrx_word' id='word_1_743' title='bbox 1991 5795 2080 5850; x_wconf 78' lang='grc'><strong>51.</strong></span> 
     </span>
    </p>
   </div>
   <div class='ocr_carea' id='block_1_104' title="bbox 2075 4617 3691 4693">
    <p class='ocr_par' dir='ltr' id='par_1_104' title="bbox 2075 4617 3691 4693">
     <span class='ocr_line' id='line_1_104' title="bbox 2075 4617 3691 4693; baseline -0.006 -14"><span class='ocrx_word' id='word_1_744' title='bbox 2075 4673 2080 4678; x_wconf 92' lang='grc'>.</span> <span class='ocrx_word' id='word_1_745' title='bbox 2116 4625 2393 4693; x_wconf 67' lang='lat' dir='ltr'><strong>confestim</strong></span> <span class='ocrx_word' id='word_1_746' title='bbox 2425 4624 2708 4685; x_wconf 77' lang='lat' dir='ltr'><strong>accedere;</strong></span> <span class='ocrx_word' id='word_1_747' title='bbox 2740 4624 2830 4676; x_wconf 84' lang='lat' dir='ltr'><strong>sed</strong></span> <span class='ocrx_word' id='word_1_748' title='bbox 2861 4623 3080 4674; x_wconf 84' lang='lat' dir='ltr'><strong>virtutes</strong></span> <span class='ocrx_word' id='word_1_749' title='bbox 3108 4620 3286 4673; x_wconf 82' lang='lat' dir='ltr'><strong>sedulo</strong></span> <span class='ocrx_word' id='word_1_750' title='bbox 3313 4619 3458 4683; x_wconf 85' lang='lat' dir='ltr'><strong>prius</strong></span> <span class='ocrx_word' id='word_1_751' title='bbox 3499 4617 3691 4681; x_wconf 86' lang='lat' dir='ltr'><strong>colere,</strong></span> 
     </span>
    </p>
   </div>
   <div class='ocr_carea' id='block_1_105' title="bbox 2117 4709 3686 4787">
    <p class='ocr_par' dir='ltr' id='par_1_105' title="bbox 2117 4709 3686 4787">
     <span class='ocr_line' id='line_1_105' title="bbox 2117 4709 3686 4787; baseline -0.008 -15"><span class='ocrx_word' id='word_1_752' title='bbox 2117 4730 2273 4787; x_wconf 88' lang='lat' dir='ltr'><strong>atque</strong></span> <span class='ocrx_word' id='word_1_753' title='bbox 2302 4733 2365 4772; x_wconf 82' lang='lat' dir='ltr'><strong>ea:</strong></span> <span class='ocrx_word' id='word_1_754' title='bbox 2404 4715 2602 4783; x_wconf 84' lang='lat' dir='ltr'><strong>plantis</strong></span> <span class='ocrx_word' id='word_1_755' title='bbox 2629 4714 2855 4767; x_wconf 68' lang='lat' dir='ltr'><strong>externis</strong></span> <span class='ocrx_word' id='word_1_756' title='bbox 2890 4721 2938 4765; x_wconf 92' lang='lat' dir='ltr'><strong>et</strong></span> <span class='ocrx_word' id='word_1_757' title='bbox 2974 4710 3356 4779; x_wconf 83' lang='lat' dir='ltr'><strong>superﬁciariis</strong></span> <span class='ocrx_word' id='word_1_758' title='bbox 3397 4709 3686 4771; x_wconf 72' lang='lat' dir='ltr'><strong>conradere,</strong></span> 
     </span>
    </p>
   </div>
   <div class='ocr_carea' id='block_1_106' title="bbox 2117 4802 3693 4878">
    <p class='ocr_par' dir='ltr' id='par_1_106' title="bbox 2117 4802 3693 4878">
     <span class='ocr_line' id='line_1_106' title="bbox 2117 4802 3693 4878; baseline -0.007 -16"><span class='ocrx_word' id='word_1_759' title='bbox 2117 4821 2328 4878; x_wconf 89' lang='lat' dir='ltr'><strong>tumque</strong></span> <span class='ocrx_word' id='word_1_760' title='bbox 2356 4808 2425 4860; x_wconf 85' lang='lat' dir='ltr'><strong>ad</strong></span> <span class='ocrx_word' id='word_1_761' title='bbox 2452 4805 2766 4859; x_wconf 84' lang='lat' dir='ltr'><strong>sublimiora</strong></span> <span class='ocrx_word' id='word_1_762' title='bbox 2800 4820 2911 4858; x_wconf 84' lang='lat' dir='ltr'><strong>sese</strong></span> <span class='ocrx_word' id='word_1_763' title='bbox 2937 4803 3196 4871; x_wconf 80' lang='lat' dir='ltr'><strong>conferre,</strong></span> <span class='ocrx_word' id='word_1_764' title='bbox 3229 4817 3291 4854; x_wconf 87' lang='lat' dir='ltr'><strong>ac</strong></span> <span class='ocrx_word' id='word_1_765' title='bbox 3319 4803 3542 4871; x_wconf 84' lang='lat' dir='ltr'><strong>primum</strong></span> <span class='ocrx_word' id='word_1_766' title='bbox 3573 4802 3693 4870; x_wconf 79' lang='lat' dir='ltr'><strong>qui-</strong></span> 
     </span>
    </p>
   </div>
   <div class='ocr_carea' id='block_1_107' title="bbox 2115 4895 3694 4963">
    <p class='ocr_par' dir='ltr' id='par_1_107' title="bbox 2115 4895 3694 4963">
     <span class='ocr_line' id='line_1_107' title="bbox 2115 4895 3694 4963; baseline -0.004 -12"><span class='ocrx_word' id='word_1_767' title='bbox 2115 4900 2230 4952; x_wconf 88' lang='lat' dir='ltr'><strong>dem</strong></span> <span class='ocrx_word' id='word_1_768' title='bbox 2265 4914 2442 4952; x_wconf 86' lang='lat' dir='ltr'><strong>rerum</strong></span> <span class='ocrx_word' id='word_1_769' title='bbox 2479 4907 2781 4950; x_wconf 86' lang='lat' dir='ltr'><strong>creatarum</strong></span> <span class='ocrx_word' id='word_1_770' title='bbox 2825 4911 3014 4948; x_wconf 82' lang='lat' dir='ltr'><strong>causas</strong></span> <span class='ocrx_word' id='word_1_771' title='bbox 3044 4895 3328 4963; x_wconf 83' lang='lat' dir='ltr'><strong>inquirere,</strong></span> <span class='ocrx_word' id='word_1_772' title='bbox 3367 4903 3519 4960; x_wconf 89' lang='lat' dir='ltr'><strong>atque</strong></span> <span class='ocrx_word' id='word_1_773' title='bbox 3547 4907 3608 4944; x_wconf 87' lang='lat' dir='ltr'><strong>ea</strong></span> <span class='ocrx_word' id='word_1_774' title='bbox 3638 4908 3694 4945; x_wconf 78' lang='lat' dir='ltr'><strong>re</strong></span> 
     </span>
    </p>
   </div>
   <div class='ocr_carea' id='block_1_108' title="bbox 2116 4981 3688 5055">
    <p class='ocr_par' dir='ltr' id='par_1_108' title="bbox 2116 4981 3688 5055">
     <span class='ocr_line' id='line_1_108' title="bbox 2116 4981 3688 5055; baseline -0.007 -11"><span class='ocrx_word' id='word_1_775' title='bbox 2116 4991 2351 5044; x_wconf 86' lang='lat' dir='ltr'><strong>absolute</strong></span> <span class='ocrx_word' id='word_1_776' title='bbox 2376 4988 2644 5042; x_wconf 84' lang='lat' dir='ltr'><strong>intellecta</strong></span> <span class='ocrx_word' id='word_1_777' title='bbox 2668 4985 2988 5054; x_wconf 84' lang='lat' dir='ltr'><strong>speculando</strong></span> <span class='ocrx_word' id='word_1_778' title='bbox 3007 4985 3159 5055; x_wconf 87' lang='lat' dir='ltr'><strong>quasi</strong></span> <span class='ocrx_word' id='word_1_779' title='bbox 3183 4983 3408 5036; x_wconf 68' lang='lat' dir='ltr'><strong>uitet-ins</strong></span> <span class='ocrx_word' id='word_1_780' title='bbox 3423 4981 3688 5051; x_wconf 68' lang='lat' dir='ltr'><strong>progredi,</strong></span> 
     </span>
    </p>
   </div>
   <div class='ocr_carea' id='block_1_109' title="bbox 2116 5075 3692 5154">
    <p class='ocr_par' dir='ltr' id='par_1_109' title="bbox 2116 5075 3692 5154">
     <span class='ocr_line' id='line_1_109' title="bbox 2116 5075 3692 5154; baseline -0.005 -16"><span class='ocrx_word' id='word_1_781' title='bbox 2116 5085 2333 5154; x_wconf 71' lang='lat' dir='ltr'><strong>vita’que</strong></span> <span class='ocrx_word' id='word_1_782' title='bbox 2367 5082 2564 5152; x_wconf 89' lang='lat' dir='ltr'><strong>lignum</strong></span> <span class='ocrx_word' id='word_1_783' title='bbox 2596 5081 2891 5150; x_wconf 82' lang='lat' dir='ltr'><strong>degustare,</strong></span> <span class='ocrx_word' id='word_1_784' title='bbox 2932 5080 3105 5149; x_wconf 86' lang='lat' dir='ltr'><strong>sicque</strong></span> <span class='ocrx_word' id='word_1_785' title='bbox 3125 5078 3243 5146; x_wconf 89' lang='lat' dir='ltr'><strong>jam</strong></span> <span class='ocrx_word' id='word_1_786' title='bbox 3272 5093 3399 5145; x_wconf 84' lang='lat' dir='ltr'><strong>pure</strong></span> <span class='ocrx_word' id='word_1_787' title='bbox 3429 5092 3544 5128; x_wconf 86' lang='lat' dir='ltr'><strong>cum</strong></span> <span class='ocrx_word' id='word_1_788' title='bbox 3582 5075 3692 5130; x_wconf 88' lang='lat' dir='ltr'><strong>Deo</strong></span> 
     </span>
    </p>
   </div>
   <div class='ocr_carea' id='block_1_110' title="bbox 2119 5170 3691 5245">
    <p class='ocr_par' dir='ltr' id='par_1_110' title="bbox 2119 5170 3691 5245">
     <span class='ocr_line' id='line_1_110' title="bbox 2119 5170 3691 5245; baseline -0.005 -15"><span class='ocrx_word' id='word_1_789' title='bbox 2119 5178 2231 5245; x_wconf 87' lang='lat' dir='ltr'><strong>ipso</strong></span> <span class='ocrx_word' id='word_1_790' title='bbox 2263 5174 2505 5244; x_wconf 86' lang='lat' dir='ltr'><strong>colloqui.</strong></span> <span class='ocrx_word' id='word_1_791' title='bbox 2537 5171 2746 5226; x_wconf 74' lang='lat' dir='ltr'><strong>Idcirco</strong></span> <span class='ocrx_word' id='word_1_792' title='bbox 2777 5174 2913 5225; x_wconf 85' lang='lat' dir='ltr'><strong>enim</strong></span> <span class='ocrx_word' id='word_1_793' title='bbox 2949 5172 3028 5225; x_wconf 71' lang='lat' dir='ltr'><strong>Iuv</strong></span> <span class='ocrx_word' id='word_1_794' title='bbox 3051 5173 3170 5224; x_wconf 73' lang='lat' dir='ltr'><strong>dua:</strong></span> <span class='ocrx_word' id='word_1_795' title='bbox 3199 5170 3409 5222; x_wconf 80' lang='lat' dir='ltr'><strong>arbores</strong></span> <span class='ocrx_word' id='word_1_796' title='bbox 3441 5171 3494 5221; x_wconf 88' lang='lat' dir='ltr'><strong>in</strong></span> <span class='ocrx_word' id='word_1_797' title='bbox 3522 5170 3691 5222; x_wconf 82' lang='lat' dir='ltr'><strong>medio</strong></span> 
     </span>
    </p>
   </div>
   <div class='ocr_carea' id='block_1_111' title="bbox 2117 5259 3692 5336">
    <p class='ocr_par' dir='ltr' id='par_1_111' title="bbox 2117 5259 3692 5336">
     <span class='ocr_line' id='line_1_111' title="bbox 2117 5259 3692 5336; baseline -0.006 -17"><span class='ocrx_word' id='word_1_798' title='bbox 2117 5266 2355 5336; x_wconf 81' lang='lat' dir='ltr'><strong>paradisi</strong></span> <span class='ocrx_word' id='word_1_799' title='bbox 2373 5273 2543 5329; x_wconf 85' lang='lat' dir='ltr'><strong>erant,</strong></span> <span class='ocrx_word' id='word_1_800' title='bbox 2570 5264 2696 5333; x_wconf 88' lang='lat' dir='ltr'><strong>quia</strong></span> <span class='ocrx_word' id='word_1_801' title='bbox 2719 5274 2832 5332; x_wconf 88' lang='lat' dir='ltr'><strong>post</strong></span> <span class='ocrx_word' id='word_1_802' title='bbox 2855 5272 3096 5316; x_wconf 76' lang='lat' dir='ltr'><strong>exactam</strong></span> <span class='ocrx_word' id='word_1_803' title='bbox 3119 5271 3166 5314; x_wconf 85' lang='lat' dir='ltr'><strong>et</strong></span> <span class='ocrx_word' id='word_1_804' title='bbox 3193 5259 3492 5311; x_wconf 80' lang='lat' dir='ltr'><strong>absolutam</strong></span> <span class='ocrx_word' id='word_1_805' title='bbox 3518 5274 3692 5311; x_wconf 80' lang='lat' dir='ltr'><strong>rerum</strong></span> 
     </span>
    </p>
   </div>
   <div class='ocr_carea' id='block_1_112' title="bbox 2119 5351 3694 5426">
    <p class='ocr_par' dir='ltr' id='par_1_112' title="bbox 2119 5351 3694 5426">
     <span class='ocr_line' id='line_1_112' title="bbox 2119 5351 3694 5426; baseline -0.006 -16"><span class='ocrx_word' id='word_1_806' title='bbox 2119 5367 2419 5412; x_wconf 87' lang='lat' dir='ltr'><strong>creatarum</strong></span> <span class='ocrx_word' id='word_1_807' title='bbox 2450 5356 2796 5426; x_wconf 87' lang='lat' dir='ltr'><strong>cognitionem</strong></span> <span class='ocrx_word' id='word_1_808' title='bbox 2828 5355 3070 5423; x_wconf 86' lang='lat' dir='ltr'><strong>protinus</strong></span> <span class='ocrx_word' id='word_1_809' title='bbox 3125 5351 3365 5404; x_wconf 72' lang='lat' dir='ltr'><strong>exoritur</strong></span> <span class='ocrx_word' id='word_1_810' title='bbox 3408 5355 3528 5404; x_wconf 76' lang='lat' dir='ltr'><strong>vita:</strong></span> <span class='ocrx_word' id='word_1_811' title='bbox 3567 5365 3694 5403; x_wconf 87' lang='lat' dir='ltr'><strong>con-</strong></span> 
     </span>
    </p>
   </div>
   <div class='ocr_carea' id='block_1_113' title="bbox 2120 5449 2406 5516">
    <p class='ocr_par' dir='ltr' id='par_1_113' title="bbox 2120 5449 2406 5516">
     <span class='ocr_line' id='line_1_113' title="bbox 2120 5449 2406 5516; baseline -0.003 -14"><span class='ocrx_word' id='word_1_812' title='bbox 2120 5449 2406 5516; x_wconf 83' lang='lat' dir='ltr'><strong>templalio.</strong></span> 
     </span>
    </p>
   </div>
   <div class='ocr_carea' id='block_1_114' title="bbox 2193 5531 3688 5609">
    <p class='ocr_par' dir='ltr' id='par_1_114' title="bbox 2193 5531 3688 5609">
     <span class='ocr_line' id='line_1_114' title="bbox 2193 5531 3688 5609; baseline -0.007 -15"><span class='ocrx_word' id='word_1_813' title='bbox 2193 5541 2346 5594; x_wconf 71' lang='lat' dir='ltr'><strong>let-zu.</strong></span> <span class='ocrx_word' id='word_1_814' title='bbox 2391 5540 2560 5594; x_wconf 79' lang='lat' dir='ltr'><strong>Arbor</strong></span> <span class='ocrx_word' id='word_1_815' title='bbox 2589 5541 2706 5595; x_wconf 80' lang='lat' dir='ltr'><strong>vita:</strong></span> <span class='ocrx_word' id='word_1_816' title='bbox 2737 5537 2997 5609; x_wconf 86' lang='lat' dir='ltr'><strong>sapientia</strong></span> <span class='ocrx_word' id='word_1_817' title='bbox 3021 5535 3198 5590; x_wconf 81' lang='lat' dir='ltr'><strong>divina</strong></span> <span class='ocrx_word' id='word_1_818' title='bbox 3241 5541 3339 5599; x_wconf 80' lang='lat' dir='ltr'><strong>est,</strong></span> <span class='ocrx_word' id='word_1_819' title='bbox 3393 5531 3688 5602; x_wconf 82' lang='lat' dir='ltr'><strong>uniformis,</strong></span> 
     </span>
    </p>
   </div>
   <div class='ocr_carea' id='block_1_115' title="bbox 2156 5793 2600 5860">
    <p class='ocr_par' dir='ltr' id='par_1_115' title="bbox 2156 5793 2600 5860">
     <span class='ocr_line' id='line_1_115' title="bbox 2156 5793 2600 5860; baseline -0.002 -12"><span class='ocrx_word' id='word_1_820' title='bbox 2156 5795 2200 5827; x_wconf 78' lang='grc'><strong>⁵⁸</strong></span> <span class='ocrx_word' id='word_1_821' title='bbox 2227 5793 2389 5850; x_wconf 89' lang='lat' dir='ltr'><strong>llebr.</strong></span> <span class='ocrx_word' id='word_1_822' title='bbox 2429 5809 2482 5860; x_wconf 85' lang='lat' dir='ltr'><strong>v,</strong></span> <span class='ocrx_word' id='word_1_823' title='bbox 2515 5793 2600 5847; x_wconf 75' lang='lat' dir='ltr'><strong>l4.</strong></span> 
     </span>
    </p>
   </div>
  </div>
