4116 6430
412 429 543 494 1337

1376 437 1697 497 ΝΙΕΕΤΑΞ
1742 438 1821 500 ΙΝ
1861 440 2086 502 οιιΑΤ.
2130 443 2295 502 XLII
2338 445 2395 503 S.
2443 444 2679 507 GllEG.

3548 449 3685 514 1338

407 557 647 617 ttrqdnm,
681 555 727 597 et
760 545 1104 601 immutabilis
1131 547 1224 603 illa
1267 550 1491 605 scientia
1543 553 1657 624 (l7)
1705 569 1797 623 per
1829 570 1989 622 quam
2015 560 2064 616 A
2094 556 2288 612 Mulier
2315 571 2530 625 rursus‘,
2555 577 2681 616 cum
2706 561 2777 616 ob
2802 563 3225 631 promissionem
3255 564 3407 635 (quia
3430 565 3683 620 videlicet

411 639 789 693 immortalitas
809 642 1002 694 anima:
1028 652 1390 710 comparatur.
1424 644 1593 696 Arbor
1616 655 1792 698 autem
1818 647 1988 698 scien-

410 733 500 786 tia:
548 730 670 785 boni
706 742 754 784 et
800 732 927 786 ntali
956 734 1236 802 prudentia
1269 736 1443 789 media
1470 748 1568 800 est,
1600 753 1694 805 per
1732 752 1890 807 quam
1925 754 1987 791 ea

409 838 529 891 qua:
585 832 839 876 naturam
911 824 1237 876 contrariam
1297 823 1525 891 habent,
1595 824 1983 891 diiudicantur.

411 914 692 970 Consintili
725 921 879 970 modo
905 932 1230 987 unaqquue
1258 934 1323 972 ex
1357 919 1461 973 illis
1497 918 1772 972 arboribus
1803 928 1988 987 poten-

412 1008 489 1061 tia
518 1007 760 1077 qua’dam
783 1010 977 1064 anima:
996 1021 1130 1071 erat,
1155 1011 1223 1064 ad
1246 1013 1493 1082 pietatem
1523 1012 1738 1076 ducens,
1762 1024 1987 1077 quarum

409 1099 557 1167 prius
580 1100 892 1170 participem
924 1100 1041 1170 ﬁeri
1081 1102 1345 1156 Adamum
1390 1104 1684 1171 oportebat,
1728 1115 1883 1175 atque
1910 1104 1989 1157 ita

411 1190 481 1242 ad
546 1190 984 1258 dijudicationem
1035 1194 1301 1249 accedere.
1356 1194 1791 1265 Quandoquidem
1848 1198 1989 1249 enim

414 1280 615 1332 malum
644 1280 1058 1352 haudquaquam
1086 1283 1286 1338 nudum
1316 1293 1365 1338 et
1393 1293 1632 1354 apertum
1654 1287 1985 1355 proponitur,

411 1379 502 1425 sed
535 1372 672 1425 illud
707 1375 877 1441 specie
904 1378 1140 1445 quadam
1169 1375 1292 1430 boni
1326 1377 1681 1432 circumlitum
1712 1389 1867 1449 atque
1901 1396 1990 1433 ue-

412 1465 587 1517 latum
640 1465 888 1532 amplecti
938 1467 1222 1534 malumus,
1257 1485 1416 1537 quant
1471 1470 1579 1524 Deo
1627 1469 1849 1537 adiungi
1880 1470 1988 1524 :ob

410 1572 528 1611 eam
560 1574 774 1612 causam
807 1560 868 1625 ii,
893 1561 1086 1631 quibus
1114 1561 1210 1616 Itoc
1237 1562 1450 1625 accidit,
1487 1579 1518 1616 a
1543 1564 1779 1618 veritatis
1808 1578 1987 1632 perce-

410 1650 587 1718 ptione
616 1660 884 1716 arcentur,
919 1664 980 1706 ne
1005 1668 1097 1721 per
1128 1655 1252 1708 vita:
1276 1656 1737 1725 participationem
1768 1658 1988 1710 immor-

415 1740 551 1795 tales
598 1742 788 1811 effecti,
819 1744 1182 1800 immortalem
1217 1763 1421 1816 quoque
1468 1749 1855 1815 improbitatem
1885 1749 1987 1803 Ita-

414 1831 592 1890 beant.
652 1833 934 1889 Enimvero
988 1839 1347 1906 potentiarum
1401 1847 1449 1892 et
1471 1839 1794 1909 facultatum
1839 1840 1986 1894 nobis

2097 650 2213 705 sola
2238 666 2267 705 a
2296 651 2404 706 Deo
2430 653 2743 708 auxiliatrix
2770 655 2885 708 viro
2908 656 3032 710 data
3058 656 3258 727 fuerat)
3285 659 3509 713 minime
3531 674 3686 712 men-

2098 744 2185 798 tiri
2208 745 2640 811 existimaretur,
2663 745 2881 802 facilius
2900 748 3000 813 illi,
3016 751 3159 819 quod
3181 750 3369 812 voluit,
3389 752 3683 818 persuasit,

2096 845 2259 904 atque
2287 836 2356 890 ita
2391 847 2706 907 oppugnata
2737 841 3092 910 oppugnavit.
3124 839 3224 895 Per
3250 841 3300 894 id
3331 850 3512 895 autem
3536 840 3682 910 quod

2096 925 2230 980 dicit
2264 935 2558 997 utrumque
2607 941 2981 997 oppugnatum
3035 929 3224 993 fuisse,
3278 930 3570 1000 plurimum
3612 928 3680 983 de

2096 1018 2463 1073 accusationis
2494 1020 2852 1090 criminisque
2885 1021 3154 1090 gravitate
3186 1021 3443 1076 detrahit.
3476 1019 3671 1075 Postea

2095 1123 2221 1164 cum
2247 1125 2342 1178 per
2373 1111 2834 1165 exclamationem
2866 1112 3138 1167 dixisset:
3165 1110 3209 1166 Ο
3238 1126 3414 1166 meam
3449 1110 3681 1164 inﬁrmi-

2099 1201 2302 1256 tatem!
2337 1200 2633 1256 diczionem
2668 1201 2809 1257 hanc
2842 1216 3158 1271 exponens,
3195 1203 3271 1256 a’t
3298 1217 3355 1256 se
3389 1199 3549 1270 primi
3583 1214 3682 1269 pa-

2094 1293 2265 1348 rentis
2285 1292 2490 1348 cladem
2515 1309 2671 1349 suam
2693 1294 2914 1361 ducere,
2936 1305 2992 1350 et
3021 1294 3148 1363 quia
3179 1293 3469 1348 inﬁrmitas
3492 1291 3584 1345 illa
3609 1291 3681 1345 ab

2097 1387 2216 1458 ipso
2272 1386 2342 1441 ad
2392 1389 2708 1444 universum
2766 1387 3048 1443 hominum
3101 1401 3271 1458 genus
3318 1381 3683 1454 promanavit.

2103 1477 2414 1534 lnt‘trntitati
2438 1490 2618 1536 autem
2640 1479 2850 1536 cladem
2883 1480 3150 1550 adjonxit.
3179 1477 3500 1532 inﬁrmitate
3538 1474 3682 1528 enim

2096 1583 2384 1644 correptus
2441 1582 2549 1638 est,
2593 1572 2860 1642 voluptati
2902 1588 3012 1626 non
3064 1571 3350 1632 resistens,
3392 1576 3556 1636 atque
3611 1566 3686 1620 ita

2095 1674 2410 1736 superatus.
2440 1664 2696 1734 Purgatio
2742 1673 2943 1719 autent'
2967 1662 3214 1732 quaedam
3251 1659 3411 1729 primi
3442 1656 3686 1727 parentis

2095 1766 2181 1812 est
2213 1755 2524 1810 inﬁrmitas.
2572 1756 2703 1808 Eam
2754 1769 2919 1824 porro
2968 1768 3172 1814 escam,
3201 1753 3414 1807 tametsi
3447 1749 3685 1822 dulcem,

2097 1847 2500 1903 amarulentam
2533 1846 2857 1911 nominavit,
2894 1854 2951 1899 ut
2975 1858 3160 1898 amara
3188 1857 3347 1912 poena
3378 1841 3687 1895 multatam.

412 1921 703 1976 inclitarum
750 1923 923 1980 altera
967 1926 1124 1996 plane
1150 1929 1392 1983 mascula
1442 1939 1559 1995 est;
1589 1946 1769 1998 nempe
1823 1947 1988 1993 ntens,
2025 1918 2070 1976 Β
2099 1939 2297 1991 Amara
2329 1938 2474 1991 enim
2508 1952 2658 1992 mors
2691 1946 2796 2001 est,
2831 1945 2885 1989 ct
2917 1935 3168 1999 tristitia,
3203 1949 3327 2003 qum
3368 1948 3487 1988 eam
3529 1943 3686 1986 ante-

415 2015 584 2069 altera
608 2016 820 2085 femina:
866 2036 966 2073 non
1001 2019 1287 2100 absimilis,
1320 2021 1571 2076 nimirum
1623 2038 1805 2076 sensus
1836 2038 1989 2091 quem

413 2108 577 2161 etiam
610 2109 701 2164 ille
733 2109 842 2163 vitii
884 2111 1083 2181 artifex
1118 2128 1421 2184 oppugnare
1465 2113 1770 2184 aggreditur
1795 2130 1856 2167 ac
1896 2114 1989 2168 de-

415 2198 577 2264 ludit,
630 2218 915 2273 sensusque
968 2204 1198 2259 ricissim
1248 2205 1410 2259 menti
1454 2205 1803 2273 imposturam
1836 2205 1989 2275 facit.

414 2289 524 2346 Illa
571 2310 728 2363 porro
763 2296 945 2351 divina
978 2301 1239 2369 potentia,
1292 2316 1397 2371 qua
1438 2300 1657 2353 indutus
1691 2309 1829 2363 erat,
1866 2317 1990 2369 spo-

412 2385 600 2451 liatur,
643 2403 705 2440 ac
730 2389 918 2452 ,divina
962 2392 1208 2454 scientia,
1241 2393 1399 2463 quasi
1436 2393 1695 2460 paradiso
1736 2395 1991 2466 quodam,

412 2474 648 2543 pellitur,
704 2477 1084 2551 ﬂantnteusque
1123 2481 1360 2553 gladius,
1394 2485 1492 2539 hoc
1521 2495 1622 2551 est,
1676 2487 1917 2555 potentia
1959 2504 1992 2540 a

415 2564 524 2618 Deo
565 2569 876 2631 constituta,
929 2572 1101 2641 ipsum
1133 2573 1402 2629 custodire
1437 2575 1677 2645 jubetur.
1708 2576 1836 2631 lam
1873 2594 1991 2632 vero

412 2654 568 2721 inter,
625 2656 795 2712 Morte
840 2662 1158 2727 moriemini,
1200 2671 1253 2718 et
1290 2665 1623 2732 simpliciter,
1664 2666 1990 2733 Moriemini,

415 2747 511 2802 hoc
552 2751 678 2805 mihi
733 2751 1058 2808 discriminis
1106 2771 1222 2810 esse
1252 2757 1481 2824 videtur,
1538 2759 1676 2829 quod
1727 2760 1773 2815 is
1828 2773 1997 2815 morte

413 2842 667 2906 moritur,
713 2845 805 2914 qui
849 2847 1110 2917 pestiferis
1159 2851 1328 2904 animi
1380 2851 1806 2919 conceptionibus
1854 2852 1993 2906 velut

412 2935 713 3001 emoritur;
763 2938 1078 3008 simpliciter
1120 2952 1299 2996 autem
1348 2942 1594 3006 moritur,
1640 2945 1731 3013 qui
1784 2954 1995 2999 natura:

416 3025 602 3078 martis
643 3026 900 3080 tributum
944 3030 1147 3099 pendit.
1184 3029 1337 3095 Quod
1360 3041 1536 3085 autem
1587 3033 1850 3102 singulari
1890 3050 1995 3086 nu-

416 3132 561 3170 mero
618 3115 761 3171 Deus
822 3135 913 3174 esu
971 3120 1175 3175 arboris
1223 3124 1513 3185 interdicit,
1566 3124 1769 3193 plurali
1821 3136 1995 3180 autem

417 3224 600 3276 pennas
627 3211 1091 3281 transgressionem
1116 3223 1393 3268 secuturas
1423 3215 1714 3286 subjnngit,
1743 3217 1838 3270 hac
1867 3219 1994 3271 mihi

419 3298 689 3353 ostendere
734 3300 959 3363 videtur,
1015 3301 1155 3373 quod
1196 3305 1452 3374 quamdiu
1507 3307 1561 3360 in
1608 3305 1742 3359 bono
1789 3322 1994 3372 sumus,

419 3390 676 3445 unitatem
705 3391 817 3463 (l8)
848 3405 1087 3448 nostram
1115 3395 1170 3448 in
1202 3412 1263 3450 eo
1294 3397 1384 3465 qui
1410 3413 1548 3449 unus
1580 3404 1678 3459 est,
1707 3413 1997 3461 servamus,

418 3483 671 3537 nimirum
703 3485 813 3540 Deo
852 3486 1099 3556 adjuncti
1123 3503 1142 3542 :
1174 3504 1293 3542 cum
1344 3499 1521 3542 autent
1557 3490 1611 3543 in
1649 3490 1853 3544 maluni
1880 3505 2003 3559 pro-

417 3576 555 3645 lapsi
586 3592 792 3646 sumus,
829 3589 941 3635 tum
976 3597 1092 3635 vere
1128 3580 1314 3651 procul
1349 3599 1381 3635 a
1414 3581 1523 3637 Dea
1560 3599 1903 3650 removentur,
1938 3600 2002 3637 ac

416 3681 514 3736 pro
544 3683 647 3721 uno
671 3670 827 3724 multi
852 3686 1059 3725 sumus.

488 3765 608 3820 Col.
643 3764 749 3819 654
784 3769 844 3821 Δ.
875 3763 1166 3836 Postquam
1202 3775 1379 3821 autem
1410 3766 1611 3821 diaboli
1643 3766 1863 3832 invidia,
1895 3777 1999 3823 etc.

418 3855 501 3909 Ad
568 3855 1037 3926 incorruptionem
1107 3857 1328 3928 quidem
1402 3869 1457 3914 et
1534 3858 2000 3913 immortalitatem

420 3948 568 4004 Deus
606 3949 881 4005 hominem
915 3959 1230 4017 creaverat;
1269 3967 1456 4007 verum
1520 3953 1718 4007 invidia
1755 3951 1997 4024 άὶαὺοιὶ,ν

420 4042 882 4114 quemadmodum
910 4052 993 4096 est
1016 4045 1156 4113 apud
1193 4041 1566 4109 Salomonem,
1601 4060 1739 4097 ntors
1775 4043 1999 4096 intravit

418 4135 475 4188 in
500 4133 753 4187 mundum
772 4133 841 4186 "’.
860 4131 1080 4188 Invidiae
1102 4134 1247 4187 enim
1277 4143 1412 4189 testu
1441 4135 1705 4190 adversus
1729 4135 2002 4189 hominem

423 4226 667 4297 percitus
721 4234 828 4291 est,
884 4237 1105 4297 propter
1154 4236 1363 4281 tantum
1420 4228 1591 4297 ipsius
1644 4229 1907 4283 honorem
1952 4238 2007 4283 et

422 4318 783 4386 dignitatem,
835 4333 900 4373 ac
954 4320 1256 4388 praesertim
1305 4319 1432 4387 quia
1481 4329 1742 4390 apostatae
1790 4337 2007 4392 quoque

422 4410 608 4467 sedem
645 4411 697 4465 in
728 4411 869 4467 cmlo
902 4411 1225 4480 impleturus
1257 4420 1395 4467 erat.
1420 4410 1523 4467 Sed
1549 4427 1748 4467 causas
1779 4430 2004 4467 cnumc-

422 4520 630 4572 retnus,
662 4506 732 4561 ob
765 4520 901 4576 quas
955 4505 1212 4575 paradiso
1249 4504 1452 4562 excidit
1499 4505 1772 4560 Adamus.
1825 4504 2005 4560 Prima

2094 2030 2260 2096 cedit,
2299 2039 2463 2100 atque
2509 2045 2685 2098 usque
2725 2028 2790 2083 ad
2832 2042 2955 2083 eam
2991 2034 3250 2096 perpetuo
3277 2025 3575 2080 excruciat.
3614 2021 3683 2076 In

2093 2122 2404 2176 mceroribus
2427 2122 2597 2187 enim,
2618 2121 2814 2192 inquit,
2835 2119 3069 2173 comedas
3096 2129 3290 2172 terram
3317 2116 3556 2171 omnibus
3577 2115 3690 2169 die-

2095 2213 2190 2267 bus
2221 2214 2340 2267 vitte
2368 2222 2472 2268 tua:
2488 2213 2556 2266 ⁸⁸.
2580 2210 2839 2266 Fortasse
2862 2202 3028 2267 etiam
3058 2227 3152 2281 per
3175 2208 3515 2264 mortiferam
3546 2208 3690 2260 hanc

2096 2306 2374 2367 arborem,
2404 2305 2608 2359 bonutn
2639 2302 2802 2358 simul
2829 2312 2882 2357 et
2906 2302 3181 2356 exitialem
3217 2299 3454 2354 fructum
3478 2296 3688 2351 haben-

2097 2403 2227 2458 tem,
2286 2393 2492 2463 peccati
2552 2403 2743 2446 natura
2797 2390 3161 2461 signiﬁcatur.
3221 2388 3491 2455 Quoniam
3539 2385 3688 2441 enim

2099 2488 2351 2554 voluptas
2387 2485 2635 2554 quaedam
2689 2483 2881 2537 vitium
2930 2498 3094 2536 omne
3130 2479 3429 2551 praseedit,
3486 2477 3692 2531 ideirco

2096 2579 2312 2634 fruetus
2337 2578 2426 2632 ille
2461 2578 2637 2631 bonus
2674 2584 2920 2638 vocatur,
2953 2573 3098 2643 quod
3129 2571 3377 2627 videlicet
3411 2584 3505 2638 per
3529 2583 3687 2622 erro—

2097 2686 2260 2726 neum
2303 2679 2357 2725 et
2408 2668 2607 2724 falsum
2655 2668 2781 2723 boni
2826 2667 3098 2738 judicium
3145 2665 3254 2726 his,
3285 2665 3378 2732 qtti
3413 2675 3690 2718 summum

2096 2764 2299 2820 bonum
2332 2763 2386 2816 in
2422 2764 2706 2831 voluptate
2738 2756 2970 2829 po'nunt,
3006 2759 3127 2813 talis
3160 2757 3443 2820 videatur;
3479 2763 3532 2807 at
3563 2767 3695 2807 vero

2096 2858 2275 2912 malus
2335 2863 2523 2925 postea
2582 2869 2676 2923 per
2732 2867 2975 2907 amaram
3044 2850 3192 2905 illius
3250 2844 3692 2901 manducationis

2097 2950 2459 3021 digestionem
2512 2946 2809 3002 invenitur.
2840 2945 3085 3000 Adamus
3120 2942 3286 3012 igitur
3317 2940 3389 2994 ob
3425 2940 3686 2993 violatum

2098 3052 2425 3113 praeceptum
2456 3038 2689 3102 exsulat,
2727 3045 2841 3092 tum
2888 3052 2917 3090 a
2943 3036 3092 3105 ligno
3120 3034 3264 3098 vitae,
3294 3033 3398 3086 hoc
3438 3039 3544 3093 est,
3589 3027 3685 3081 Dei

2100 3134 2579 3204 contemplatione,
2606 3144 2718 3186 tttnt
2748 3145 2776 3183 a
2805 3129 3079 3198 paradiso,
3107 3126 3159 3179 id
3197 3132 3300 3190 est,
3328 3122 3535 3177 caelesti
3562 3121 3689 3174 vita:

2105 3227 2350 3293 rationef,
2389 3234 2501 3278 tttm
2550 3224 2619 3278 ab
2670 3224 2792 3293 ipso
2841 3220 2972 3284 Deo,
3019 3219 3121 3273 hoc
3155 3225 3261 3280 cst,
3312 3215 3380 3269 ah
3427 3229 3491 3268 ea
3521 3212 3690 3266 animi

2105 3321 2356 3375 libertate
2389 3327 2442 3371 ct
2490 3317 2735 3381 licentia,
2781 3330 2944 3385 quam
2997 3311 3137 3381 apud
3203 3309 3372 3363 Deum
3428 3305 3687 3383 habebat.

2104 3409 2276 3480 Ejecit
2312 3408 2456 3463 enim
2492 3449 2506 3472 ,
2538 3405 2734 3476 inquit,
2772 3407 2911 3458 Deus
2938 3403 3131 3466 Adam,
3162 3411 3212 3454 et
3244 3395 3533 3454 collocavit
3563 3408 3689 3448 eum

2104 3513 2230 3559 ante
2284 3502 2600 3573 paradisum
2658 3494 2974 3565 voluptatis.
3015 3493 3106 3547 vEt
3168 3491 3388 3561 quidem
3445 3487 3691 3543 scientia:

2103 3596 2310 3666 lignum
2348 3600 2625 3648 certamen
2664 3601 2712 3645 et
2745 3586 3070 3644 exercitatio
3098 3594 3216 3640 erat
3265 3581 3418 3636 liberi
3451 3579 3686 3634 arbitrii.

2105 3690 2175 3743 At
2205 3688 2411 3757 lignum
2436 3685 2596 3748 'vitat,
2624 3683 2810 3751 planta
2837 3682 3083 3750 quaedam
3116 3687 3256 3743 erat,
3291 3678 3398 3730 vim
3426 3673 3695 3730 denamhe

2105 3777 2543 3835 immortalitatis
2572 3776 2802 3830 habens.
2835 3769 3162 3842 Hujusmodi
3207 3782 3441 3835 namque
3475 3776 3557 3821 est
3593 3765 3697 3819 Do-

2106 3870 2323 3925 minicat
2371 3880 2591 3938 quoque
2646 3862 2828 3920 crucis
2881 3862 3114 3932 lignum.
3172 3856 3476 3928 Allegoriee
3528 3855 3694 3910 etiam

2112 3961 2354 4018 ﬁculnea
2395 3959 2525 4015 lolia
2561 3974 2625 4013 ex
2659 3956 2860 4027 quibus
2895 3953 3050 4026 primi
3082 3962 3334 4022 parentes
3356 3949 3694 4017 subligacula

2105 4054 2209 4111 sibi
2260 4054 2551 4116 fecerunt,
2585 4063 2906 4103 mrumnosat
2959 4045 3124 4117 hujus
3171 4044 3293 4099 vita:
3345 4043 3692 4112 asperitatem

2107 4146 2416 4217 designant.
2449 4144 2629 4212 Atque
2662 4142 2824 4197 etiam
2856 4140 3094 4210 pellicem
3125 4147 3303 4193 vestes
3334 4151 3469 4207 quas
3504 4133 3693 4189 Domi-

2113 4256 2219 4296 nus
2275 4237 2488 4292 Adamo
2541 4237 2823 4306 ipsiusque
2876 4234 3034 4289 uxori
3092 4231 3259 4294 fecit,
3308 4229 3693 4286 mortalitatem

2108 4332 2402 4401 carnisque
2423 4330 2730 4384 crassitiem
2752 4328 3084 4399 signiﬁcant.
3106 4326 3317 4396 Corpus
3335 4324 3480 4377 enim
3501 4322 3694 4375 Adami

2109 4443 2138 4479 a
2165 4424 2433 4495 principio
2461 4424 2678 4477 tenuius
2705 4433 2892 4477 eratet
2920 4420 3280 4489 mollius..nec
3303 4418 3530 4472 omnino
3550 4430 3695 4469 mor-

2112 4517 2240 4581 tale,
2269 4516 2364 4571 sed
2395 4515 2586 4570 mediae
2616 4515 2903 4585 cujusdam
2935 4513 3270 4570 conditionis
3297 4512 3440 4566 inter
3467 4508 3696 4564 mortale

424 4610 589 4651 causa
623 4595 727 4650 fuit
775 4595 973 4650 diaboli
1031 4596 1270 4663 invidia;
1326 4599 1493 4652 altera
1552 4612 1800 4667 serpens,
1858 4600 1995 4657 illius

2110 4620 2161 4665 et
2192 4609 2522 4675 immortale,
2554 4609 2622 4663 At
2649 4617 2772 4678 post
2794 4608 3310 4679 transgressionem,
3338 4603 3696 4673 quemadmo-

424 4687 778 4754 administer;
808 4687 987 4753 tertia,
1022 4688 1268 4743 mulieris
1297 4688 1656 4758 simplicitas;
1685 4702 1878 4760 quarta
1904 4693 2005 4748 viri

423 4793 553 4846 erga
574 4784 814 4832 ‘uxorem
852 4777 1262 4846 benevolentia;
1302 4782 1514 4849 quinta,
1569 4781 1742 4850 ipsius
1793 4783 1844 4837 in
1880 4800 2007 4851 pro-

426 4870 687 4939 pulsanda
724 4870 911 4929 suavis
959 4871 1108 4927 illius
1158 4871 1266 4927 cibi
1304 4873 1563 4929 violentia
1620 4874 2005 4943 imbecillitas;

428 4971 604 5029 sexta,
640 4963 881 5019 mandati
917 4964 1139 5031 oblivio,
1172 4975 1335 5036 atque
1382 4966 1525 5022 hanc
1555 4976 1745 5024 secuta
1777 4971 2010 5026 mandu-

428 5054 595 5108 catio.
618 5053 727 5111 llas
749 5070 941 5111 omnes
971 5071 1166 5113 causas
1184 5057 1373 5113 ordine
1395 5060 1647 5124 exposuit
1673 5061 2007 5130 Theologus,

428 5146 730 5215 primorum
761 5157 1045 5218 parentum
1086 5150 1305 5203 nomine
1340 5165 1562 5205 causam
1592 5151 1800 5217 dicens,
1844 5164 2009 5223 atque

430 5240 509 5294 ait
543 5257 557 5294 :
587 5238 849 5298 Diabolus
885 5241 1089 5295 invidia
1122 5249 1303 5297 motus
1337 5252 1440 5307 est,
1469 5251 1632 5314 atque
1662 5243 1791 5302 hinc
1812 5248 2009 5317 duplex

431 5333 536 5388 fuit
564 5335 827 5390 assultus.
862 5333 1099 5404 Serpens
1124 5333 1290 5400 enim,
1321 5343 1466 5390 recta
1498 5338 1786 5393 consulere
1815 5341 2012 5396 existi-

432 5437 637 5493 matus,
658 5429 964 5495 mulierem,
987 5437 1045 5482 ut
1069 5426 1395 5492 molliorem,
1418 5428 1469 5483 in
1499 5427 1746 5486 fraudem
1773 5434 2009 5506 impulit.

497 5586 543 5618 '"
573 5583 705 5655 Sap.
734 5597 795 5649 tt,
822 5581 911 5639 ΞΑ.
988 5585 1035 5618 ⁵⁸
1055 5585 1190 5645 Gen.
1230 5601 1346 5653 vnt,
1396 5587 1482 5644 l7.
1561 5588 1607 5623 ”
1633 5585 1841 5656 lbid.6,
1877 5591 1926 5648 7.

500 5744 614 5814 (l7)
647 5745 1008 5822 [inmutabilis
1040 5750 1141 5822 illa
1167 5750 1408 5805 scientia.
1430 5750 1739 5822 tegendum
1773 5755 1919 5810 enim
1954 5757 2008 5811 in

431 5817 615 5890 Greco
647 5815 828 5890 ljsclli,
866 5820 1306 5890 ἀπαράλλακτος,
1339 5837 1447 5876 non
1488 5815 1911 5890 ἆπαρέγκλιτος.

502 5888 612 5957 (l8)
657 5885 943 5945 Unitatem.
986 5887 1129 5960 Lego
1161 5892 1330 5959 enim,
1364 5892 1423 5946 τὸ
1479 5891 1536 5948 ἓν
1582 5885 1759 5963 ήμῶν,
1796 5885 1909 5951 non
1951 5897 2007 5949 ἐν

2110 4703 2240 4756 dunt
2272 4702 2435 4772 pellis
2471 4717 2661 4757 crassa
2683 4710 2789 4765 est,
2821 4709 2872 4755 et
2903 4708 3141 4761 mortua,
3183 4712 3247 4750 ac
3270 4697 3427 4758 dura,
3464 4695 3534 4747 ita
3566 4709 3697 4748 caro

2110 4794 2275 4846 etiam
2319 4807 2504 4846 craSSa
2526 4833 2539 4853 ,
2571 4800 2625 4845 et
2652 4789 2868 4861 gravis,
2902 4798 2956 4842 et
2989 4786 3233 4840 mortalis
3261 4797 3322 4838 ac
3352 4786 3484 4837 dura
3524 4793 3578 4836 et
3613 4798 3700 4837 re-

2113 4882 2394 4939 fractaria.
2459 4883 2522 4938 Et
2576 4882 2964 4946 comederunt,
3010 4878 3203 4947 inquit,
3241 4886 3294 4931 et
3324 4884 3698 4943 cognoverunt

2113 4976 2261 5047 quod
2297 4975 2432 5030 nudi
2487 4975 2727 5030 erant”.
2766 4971 3035 5038 Quoniam
3069 4971 3212 5024 enim
3260 4969 3500 5024 scientiae
3559 4968 3694 5023 illud

2110 5069 2319 5140 lignum
2354 5076 2472 5122 erat
2496 5105 2512 5130 ,
2548 5066 2785 5136 primum
2833 5079 2988 5120 suam
3021 5063 3267 5133 ipsorum
3301 5063 3692 5129 turpitudinem

2107 5171 2504 5232 cognoverunt,
2537 5169 2701 5230 atque
2744 5158 3134 5213 intellexerunt
3161 5158 3305 5226 quod
3339 5157 3539 5211 bonum
3566 5157 3695 5227 qui-

2110 5253 2233 5308 dem
2264 5262 2383 5309 erat
2415 5253 2654 5308 mandati
2680 5253 3024 5316 observatio,
3058 5251 3262 5306 malum
3295 5232 3484 5306 contra
3517 5261 3696 5304 trans-

2111 5347 2326 5417 gressio
2358 5385 2374 5412 ,
2404 5362 2467 5402 ac
2499 5344 2697 5401 deinde
2736 5361 2764 5400 a
2800 5343 2940 5401 facie
2972 5344 3067 5400 Dei
3105 5360 3165 5401 se
3201 5345 3386 5400 lurtim
3416 5344 3696 5399 subduxe-

2114 5448 2261 5495 runt.
2297 5438 2510 5496 Etenim
2546 5448 2672 5495 ante
2714 5448 3000 5511 peccatum
3041 5439 3344 5496 admissum
3368 5474 3384 5501 ,
3425 5436 3622 5490 anima:
3644 5443 3698 5489 et

2114 5756 2265 5825 ἡμῖν,
2323 5764 2383 5809 ut
2419 5756 2587 5811 codex
2621 5756 2843 5815 Graecus
2894 5757 3057 5814 habet
3104 5772 3117 5809 :
3169 5754 3221 5810 id
3254 5750 3398 5824 quod
3435 5752 3692 5823 proxima

2114 5828 2252 5884 linea
2279 5827 2413 5883 satis
2443 5826 2705 5885 ostendit.
