4116 6412
419 350 557 416 1339

1846 354 2225 416 ADDET‘IDL

3551 365 3689 434 1310

414 462 668 533 corporis
740 464 932 520 oculos
988 464 1040 520 in
1106 466 1217 521 Deo
1284 476 1338 523 et
1392 468 1647 556 paradiso
1702 475 2076 537 occupatosA
2104 473 2513 537 exstructione,
2546 475 2854 544 linguarum
2907 478 3229 532 confusione
3279 493 3340 531 ac
3379 480 3690 556 divisione,

416 552 703 615 habentes,
740 557 1003 611 innlitatis
1044 571 1207 611 sensu
1259 559 1481 613 minime
1519 544 1918 620 alliciebantur;
1947 568 2003 612 at

417 654 538 712 post
590 634 956 714 perpetratum
996 660 1277 714 peccatum
1322 650 1607 705 conversis
1658 661 1710 705 et
1759 650 2002 705 collectis

418 738 659 804 ipsorum
695 739 870 792 oculis
903 739 1068 806 (quod
1116 743 1469 797 conscientiae
1502 760 1701 797 mimus
1729 744 1835 809 est)
1882 758 2003 797 cor-

414 829 596 894 poreis
626 830 843 897 quidem
888 835 1186 887 nuditatem
1240 844 1668 904 perspexeruut,
1706 835 2005 905 spirituali-

415 920 518 974 bus
555 932 736 975 autem
767 924 968 979 bonum
997 942 1061 979 ac
1092 927 1293 980 malum
1327 929 1702 997 perviderunt.
1740 930 2004 998 Turpitu-

411 1012 595 1065 dinem
673 1026 854 1068 autem
924 1019 1240 1085 genitalium
1310 1019 1555 1089 corporis
1628 1020 2000 1073 membrorum

410 1103 659 1174 intelligit
690 1144 704 1167 ,
737 1123 908 1176 aqua
951 1111 1116 1163 etiam
1172 1110 1424 1179 pudenda
1477 1111 1620 1164 dicta
1673 1119 1825 1165 sunt.
1890 1110 2003 1166 liae

410 1209 576 1265 porro
607 1197 675 1252 de
696 1214 861 1275 causa
893 1202 1037 1255 circa
1070 1217 1163 1257 eas
1198 1212 1380 1272 partes
1409 1202 1618 1271 pudore
1649 1202 1826 1259 affer-ti
1852 1213 1998 1266 sunt,

412 1286 540 1352 quia
601 1296 724 1356 post
758 1292 1252 1360 transgressionem
1289 1293 1527 1363 primmn
1565 1294 1616 1347 in
1649 1309 1743 1349 eas
1773 1293 1902 1348 ferri
1939 1309 2002 1350 ac

411 1378 685 1433 stimulari
715 1394 1018 1452 ccepi-runt.
1071 1386 1388 1439 Acerriutus
1416 1386 1563 1439 enim
1602 1387 1749 1441 circa
1795 1402 1887 1441 cas
1920 1396 2005 1442 est

416 1470 658 1528 hominis
715 1474 967 1530 allectus.
1018 1476 1232 1547 Quippe
1282 1487 1337 1532 et
1381 1480 1575 1548 pueri,
1614 1480 1779 1535 simul
1838 1491 2003 1550 atque

410 1573 593 1615 tuente
619 1566 781 1634 paulo
809 1567 1068 1623 solidiore
1092 1584 1212 1623 esse
1239 1570 1529 1639 incipiunt,
1557 1571 1766 1640 pudore
1793 1570 2004 1625 suffun-

409 1650 653 1717 duntur,
710 1663 876 1723 atque
930 1656 1029 1710 has
1081 1667 1265 1727 partes
1302 1660 1584 1729 ablegant.
1637 1660 1707 1713 At
1740 1661 2001 1729 quoniam

413 1741 582 1793 semel
643 1744 934 1812 prolapsus
990 1745 1177 1811 homo,
1232 1747 1279 1801 si
1350 1747 1619 1801 moriendi
1693 1751 2000 1803 necessitati

2107 571 2325 631 propter
2357 578 2545 614 eorum
2599 565 2927 627 amentiam;
2963 565 3157 619 deinde
3210 563 3503 624 Sodomita:
3540 572 3688 639 igne,

2106 650 2301 713 imbre,
2337 665 2400 704 ac
2439 650 2721 703 civitatum
2756 650 3160 721 dcllagration»,
3197 665 3417 723 propter
3448 657 3692 718 libidinis

2105 745 2520 799 ohsceuilatem.
2587 742 2727 797 Tum
2796 746 2915 811 illi,
2974 747 3064 812 qui
3126 748 3464 814 temporibus
3521 749 3690 808 Musis

2108 838 2463 894 exstiterunt.
2498 837 2615 906 lege
2648 838 2873 905 scripta,
2901 839 3028 907 quia
3064 839 3326 906 impii-tati
3356 838 3693 911 Egyptiacm

2104 936 2479 991 assueverant,
2536 929 2732 982 eruditi
2784 940 2957 993 sunt;
3014 929 3253 998 postlnec
3300 933 3687 1000 pri-phetarum

2104 1030 2349 1089 tempore
2404 1022 2736 1092 propheticis
2789 1022 2924 1092 ipsis
2972 1023 3354 1077 hortamentis.
3405 1020 3526 1077 Jam
3559 1041 3690 1080 vero

2106 1114 2363 1183 permulti
2415 1113 2697 1169 beneﬁciis
2748 1126 2804 1168 et
2831 1114 3348 1169 comminationibus
3407 1130 3473 1169 ac.
3517 1116 3690 1188 plagis

2103 1208 2301 1262 ﬂ'tltilli
2355 1216 2503 1270 sunt,
2539 1218 2703 1277 atque
2761 1216 2888 1263 ante
2940 1207 3078 1261 alios
3126 1205 3321 1262 Adam.
3359 1208 3514 1264 llune
3539 1210 3684 1265 enim

2107 1299 2248 1354 Deus
2280 1291 2545 1354 beneﬁcio
2576 1297 2777 1361 alfecit,
2814 1297 3075 1351 nimirum
3110 1300 3162 1351 in
3195 1298 3452 1368 paradiso
3480 1300 3682 1352 consti-

2106 1399 2266 1446 tuens
2297 1409 2310 1446 :
2341 1401 2503 1461 atque
2531 1391 2707 1445 eidem
2738 1390 3074 1445 minahunde
3123 1391 3463 1446 denuntiavit
3486 1390 3597 1444 fore
3624 1402 3683 1445 ut

2105 1494 2429 1549 numeretur,
2450 1483 2493 1537 si
2514 1483 2757 1538 scicntia:
2774 1483 2979 1553 lignum
3000 1482 3304 1552 attigisset:
3327 1498 3390 1538 ac
3411 1495 3686 1554 postremo

2104 1575 2157 1629 iu
2193 1584 2479 1645 peccatum
2514 1575 2828 1645 prolapsum
2878 1576 3073 1629 mortis
3099 1575 3368 1629 sententia
3401 1575 3688 1644 percussit.

2102 1664 2220 1721 Jam
2255 1681 2383 1720 vero
2414 1665 2613 1719 eruditi
2670 1674 2801 1719 sunt
2835 1664 3088 1720 homines
3114 1666 3295 1729 bellis,
3333 1664 3600 1723 victoriis.
3639 1674 3695 1717 et

2105 1757 2375 1819 cladibus,
2409 1756 2571 1810 veluti
2628 1755 2841 1811 Hebraei
2894 1772 2958 1811 ex
3014 1755 3249 1827 [Egypto
3275 1757 3502 1827 egressi.
3553 1754 3690 1810 Nam

411 1831 681 1899 obnoxius
703 1850 807 1888 non
835 1835 1051 1901 fuisset,
1076 1840 1372 1894 maximum
1393 1843 1653 1895 damnum
1678 1853 2002 1909 accepturus
2038 1829 2073 1879 1⁸
2106 1866 2230 1905 cum
2292 1850 2491 1904 bellum
2535 1850 2801 1905 adversus
2860 1850 3059 1904 multas
3122 1849 3370 1903 nationes
3409 1858 3687 1918 gererent,

408 1937 552 1991 erat,
589 1928 848 1985 nimirum
882 1942 1137 2001 peeatum
1167 1949 1428 2005 operans,
1460 1936 1546 1990 hic
1581 1952 1799 2007 quoque
1839 1938 2000 1991 hcue-

411 2018 535 2072 ficio
591 2019 843 2076 alii-itur.
896 2023 1050 2090 Quod
1099 2040 1281 2079 autem
1338 2035 1424 2082 est
1472 2028 1575 2081 hoc
1633 2028 2001 2082 beneficium?

410 2126 579 2181 mors.
617 2112 756 2179 Quid
793 2116 913 2170 ita?
952 2118 1079 2186 quia
1133 2127 1418 2187 pretatum
1460 2120 1603 2174 sistit
1643 2129 1808 2189 atque
1834 2121 2002 2174 inter-

415 2204 570 2259 eiclit.
602 2205 931 2276 Quanquam
963 2209 1106 2263 enim
1141 2227 1288 2265 mors
1317 2228 1489 2280 pugnae
1517 2212 1781 2266 rationem
1820 2214 2000 2276 habet,

412 2309 597 2363 utpote
634 2301 797 2352 vitam
832 2301 1191 2371 exslingueus
1227 2320 1242 2356 :
1273 2313 1452 2357 tamen
1481 2305 1533 2357 in
1568 2304 2001 2360 miscricordiam

413 2389 627 2452 recidit,
669 2391 1033 2447 immortalem
1086 2410 1208 2449 esse
1264 2406 1602 2465 per-calorem
1648 2413 1754 2451 non
1794 2397 2001 2453 sinetis.

412 2479 604 2551 Neque
652 2484 794 2536 enim
831 2485 1153 2553 exiiediebat
1198 2488 1498 2551 hominem,
1551 2490 1788 2543 nondum
1824 2499 2003 2543 tenta.

412 2573 561 2625 tione
619 2576 903 2643 probatum
961 2586 1014 2631 et
1088 2579 1457 2647 exploratum.
1536 2582 2000 2636 immortalitatem

410 2667 702 2735 consequi,
730 2683 799 2721 ne
834 2668 887 2721 in
929 2670 1244 2738 superbiam
1272 2678 1324 2742 et
1351 2671 1552 2726 diaboli
1580 2672 1845 2742 judicium
1878 2688 2005 2739 pro-

412 2754 711 2810 laberetur.
750 2758 842 2814 Ille
882 2760 1030 2813 enim
1070 2771 1289 2831 propter
1322 2773 1531 2817 natura:
1567 2765 2007 2833 incorruptibili-

414 2855 607 2911 tatem,
662 2860 1015 2922 posteaquam
1048 2868 1077 2907 a
1118 2852 1227 2909 Deo
1262 2854 1431 2911 libera
1468 2857 1747 2913 voluntate
1783 2860 2004 2914 dccidih

412 2941 765 2998 inflexibilem
807 2954 861 3001 et
918 2948 1319 3003 immutabilem
1380 2950 1433 3005 in
1498 2952 1644 3010 malo
1693 2953 2004 3007 ﬁrmitatem

414 3032 626 3088 habuit.
685 3038 1053 3102 Quamobrem
1119 3040 1395 3095 hominem
1460 3042 1682 3113 probari
1741 3052 2010 3105 autca,ct

410 3128 788 3193 experimento
822 3144 917 3199 per
939 3131 1252 3186 mandatum
1290 3135 1473 3203 perlici
1498 3139 1802 3205 oportebat,
1845 3147 2007 3207 atque

412 3218 487 3272 ira
504 3234 601 3289 pro
621 3223 838 3279 virtutis
854 3226 1076 3293 praemio
1097 3226 1560 3283 immortalitatem
1581 3230 1847 3299 accipere.
1868 3229 2001 3284 Nam

412 3326 538 3367 cum
570 3315 779 3369 medius
809 3316 952 3371 inter
990 3316 1159 3373 Deum
1189 3328 1243 3374 et
1268 3320 1553 3374 materiam
1590 3333 1804 3376 creatus
1835 3332 2004 3388 esset,

415 3403 469 3457 ia
517 3421 579 3457 ea
621 3421 785 3461 causa
816 3416 957 3472 erat,
993 3416 1056 3462 ut
1097 3409 1369 3477 siquidem
1410 3410 1654 3464 divinum
1692 3412 2005 3466 mandatum

414 3497 756 3561 observaret,
788 3499 1206 3569 naturalemque
1237 3500 1304 3555 ad
1339 3516 1423 3554 res
1451 3493 1663 3556 creatas
1693 3486 1916 3557 relation
1956 3519 2005 3557 tu

415 3596 474 3643 et
506 3587 761 3642 allectum
798 3599 1114 3656 excuteret,
1170 3589 1281 3646 Deo
1310 3607 1430 3647 sese
1470 3593 1668 3648 uniens
1698 3635 1713 3658 ,
1745 3594 2006 3649 immuta-

419 3681 579 3735 bilem
604 3681 656 3736 in
692 3682 836 3738 bono
853 3682 1215 3740 constantiam
1235 3696 1397 3755 atque
1422 3686 1606 3741 habitu
1628 3688 2005 3743 conﬁrmatam

412 3775 689 3845 acciperet
724 3792 739 3830 :
774 3776 860 3831 sin
916 3785 1098 3832 autem
1149 3794 1250 3849 per
1276 3780 1772 3851 transgressionem
1836 3784 2008 3853 magis

414 3868 480 3921 ad
513 3876 712 3922 terram
744 3878 798 3924 et
826 3872 1112 3924 materiam
1154 3873 1411 3939 ferretur,
1447 3885 1791 3944 mentemque
1818 3889 1849 3928 a
1899 3874 2006 3929 Deo

414 3959 780 4026 abstraheret,
809 3964 1148 4034 corruptioni
1180 3968 1452 4022 obnoxius
1495 3966 1713 4020 futurus
1743 3976 1909 4033 esset,
1943 3982 2009 4023 ac

415 4055 666 4110 muliebri
697 4070 993 4126 congressu
1022 4073 1159 4128 opus
1194 4059 1437 4124 haberet,
1469 4069 1633 4130 atque
1664 4061 1733 4113 ob
1760 4060 1882 4114 vitae
1910 4076 2005 4115 cu-

413 4147 695 4213 piditatem
729 4149 1127 4218 iucundissima
1157 4166 1407 4220 qumque,
1443 4153 1589 4206 velut
1619 4167 1738 4207 eam
1774 4152 2003 4215 tuentia,

413 4235 873 4304 cotnplecteretur
912 4252 976 4291 ac
1024 4239 1377 4308 cupiditatem
1435 4243 1655 4311 quidem
1713 4259 1739 4297 a
1781 4243 1892 4297 υηιο
1936 4245 2001 4299 ad

418 4329 724 4393 materiam,
758 4330 893 4384 iram
924 4344 1108 4386 autem
1146 4348 1176 4387 a
1206 4350 1332 4387 vero
1364 4336 1559 4391 salutis
1595 4338 1748 4391 hoste
1777 4338 1839 4393 ad
1873 4354 2005 4407 gen-

416 4419 566 4473 tilem
599 4435 760 4473 suum
793 4423 1275 4492 contribulemque
1302 4428 1642 4482 transferret.

2109 1957 2500 2014 nonnunquam
2546 1941 2832 1996 vincebant
2860 1981 2876 2006 ,
2909 1956 3299 2011 nonnunquam
3350 1940 3513 1994 etiam
3572 1939 3695 1993 vin-

2109 2037 2392 2092 cebantur.
2441 2035 2653 2090 Eruditi
2690 2043 2820 2090 sunt
2873 2034 3044 2106 signis
3084 2033 3420 2098 cmlestibus,
3460 2041 3519 2088 ut
3562 2048 3689 2088 cum

2109 2131 2260 2184 stetit
2299 2128 2381 2182 sol
2415 2139 2660 2196 tempore
2690 2125 2857 2183 Josue
2886 2128 2977 2182 lilii
3015 2125 3136 2182 Nuu
3170 2144 3184 2181 :
3217 2126 3388 2193 signis
3437 2126 3600 2186 aeris,
3634 2134 3692 2177 nt

2109 2223 2160 2275 iu
2220 2220 2326 2276 illis
2381 2221 2551 2292 plagis
2607 2220 3337 2293 .Egyptiacis,cyuomyia,
3397 2218 3693 2289 grandine,

2108 2313 2346 2367 t-m-hris
2390 2318 2520 2384 (quo
2539 2312 2701 2365 etiam
2734 2311 2923 2365 referri
2952 2312 3107 2365 debet
3135 2312 3224 2364 illa
3254 2310 3414 2366 nubis
3438 2311 3693 2364 columna

2111 2407 2345 2459 interdiu
2378 2406 2610 2474 fulgens,
2642 2416 2695 2459 et
2726 2415 2992 2457 nocturna
3022 2404 3163 2471 ignis
3187 2404 3463 2467 columna,
3493 2403 3697 2473 quibus
3768 2432 3777 2445 ι

2109 2498 2273 2553 Israel
2304 2499 2603 2552 ducebatur
2632 2508 2684 2551 et
2717 2496 3183 2565 illuminabatuz);
3216 2496 3387 2568 signis
3418 2513 3484 2550 ex
3523 2507 3692 2561 terra,

2108 2602 2169 2647 ιιι
2204 2593 2254 2647 in
2288 2592 2393 2648 illis
2425 2591 2756 2653 lltnoiuibus,
2800 2606 2923 2658 quae
2964 2590 3017 2644 in
3051 2589 3371 2661 sanguinem
3406 2599 3691 2645 converte-

2111 2687 2329 2746 bnntur,
2359 2684 2412 2737 in
2440 2682 2772 2753 ciuiphibus.
2797 2692 2847 2736 et
2877 2681 3093 2746 vesicis,
3122 2692 3175 2736 et
3203 2681 3391 2745 ranis;
3425 2679 3598 2749 signis
3628 2695 3693 2734 ex

2112 2778 2269 2840 mari,
2299 2785 2358 2830 ut
2383 2779 2437 2830 iu
2471 2775 2558 2828 illa
2590 2774 2756 2828 maris
2790 2773 2961 2828 Rubri
2995 2772 3349 2844 traiectione;
3386 2774 3695 2838 hominum,

2111 2871 2351 2932 urbium,
2370 2867 2608 2939 gentium
2633 2866 2955 2936 inscparatis
2976 2867 3393 2930 mutationibus,
3413 2867 3695 2937 hominum

2111 2978 2327 3032 nempe,
2364 2972 2423 3016 ut
2454 2959 2793 3030 temporibus
2823 2957 3134 3022 Samsonis,
3166 2957 3410 3017 Davidis.
3444 2957 3695 3013 Salomo-

2110 3057 2218 3121 nis,
2292 3051 2872 3117 Nahuchodvuosoris,
2909 3052 3275 3122 complurium
3316 3051 3549 3105 aliorum
3592 3050 3691 3119 (illi

2111 3148 2255 3203 enim
2296 3148 2491 3217 partim
2523 3144 2844 3199 mirabilitsr
2873 3140 3202 3209 ﬂoruerunt,
3239 3143 3435 3211 partim
3465 3140 3695 3196 calami-

2113 3240 2317 3295 tatibus
2353 3238 2533 3293 affecti
2569 3237 2745 3307 sunt).
2780 3245 2946 3305 atque
2976 3244 3272 3304 utrmuque
3318 3241 3512 3302 pra'ter
3539 3246 3693 3301 spem

2109 3343 2162 3386 ct
2206 3334 2699 3402 exspectationem;
2751 3328 2995 3393 urbittm,
3068 3338 3128 3381 ut
3180 3325 3531 3389 Jerusalem,
3561 3323 3698 3378 alia-

2109 3440 2344 3494 rumque
2371 3423 2689 3483 multarum,
2720 3436 2842 3492 qua:
2871 3434 2996 3475 cum
3023 3417 3278 3474 diuturno
3307 3425 3548 3487 tempore
3581 3414 3690 3470 cla-

2108 3517 2369 3582 ruissent,
2390 3513 2632 3568 funditus
2652 3521 2839 3585 postea
2859 3511 3047 3566 deletas
3064 3526 3127 3566 ac
3139 3509 3367 3566 desertis
3385 3516 3546 3574 sunt;
3566 3522 3698 3576 gen-

2112 3609 2271 3673 tium,
2301 3606 2762 3673 quemadmodum
2794 3619 3021 3674 regnum
3055 3603 3333 3659 Medorum
3364 3602 3433 3656 ab
3453 3600 3697 3671 Assyriis

2109 3717 2357 3759 eversiim
2381 3711 2486 3765 est,
2527 3700 2732 3771 Assyzii
2762 3714 2956 3754 rursus
2982 3714 3009 3751 a
3039 3698 3220 3753 Persis
3235 3694 3500 3766 oppressi,
3522 3693 3699 3749 Persas

2110 3792 2296 3847 itidem
2325 3808 2352 3843 a
2384 3788 2799 3852 Macedonibus,
2828 3784 3150 3841 Macedones
3176 3785 3411 3855 denique
3439 3797 3470 3836 a
3496 3780 3702 3837 Roma-

2109 3885 2218 3939 nis.
2276 3883 2380 3939 Per
2414 3882 2531 3936 haec
2567 3880 2733 3950 igitur
2767 3879 2952 3933 omnia
3005 3877 3419 3945 disciplinarum
3473 3888 3697 3945 genera,

2109 3992 2232 4047 qua:
2264 3950 2715 4037 commemoravi,
2748 3984 2917 4024 unum
2971 3968 3022 4023 id
3075 3968 3365 4039 agebatur,
3400 3974 3461 4020 ut
3506 3980 3699 4036 pecca-

2109 4077 2246 4131 tum,
2280 4066 2425 4136 quod
2459 4062 2831 4132 multipliciter
2877 4072 2933 4117 et
2983 4060 3090 4115 late
3131 4057 3312 4114 fusum
3345 4068 3501 4121 erat,
3533 4065 3698 4124 atque

2109 4158 2385 4214 hominem
2413 4158 2609 4212 misera
2651 4157 2919 4212 servitute
2944 4151 3247 4223 premebat,
3277 4150 3344 4204 de
3377 4146 3557 4203 medio
3592 4147 3696 4201 tul-

2109 4252 2332 4308 lcrctur.
2378 4249 2667 4306 Postremo
2719 4264 2851 4305 vero
2881 4245 3172 4302 ellicaciori
3206 4259 3340 4313 Oplls
3370 4250 3489 4297 erat
3525 4239 3697 4294 meli-

2109 4350 2386 4403 cameuto,
2439 4342 2566 4412 quia
2622 4339 2872 4394 videlicet
2922 4345 3145 4406 peccata
3190 4344 3244 4390 et
3296 4334 3469 4412 morbi
3513 4333 3699 4401 ingra-

2109 4433 2401 4489 vescebaut
2430 4473 2445 4496 ,
2482 4431 2680 4501 vixque
2738 4429 3006 4483 medicam
3042 4440 3262 4478 manum
3316 4420 3697 4475 admittebant.

486 4511 606 4570 Col.
647 4512 753 4569 634
802 4515 863 4570 B.
918 4515 1104 4571 Multis
1140 4529 1314 4573 autem
1366 4524 1512 4588 prius
1569 4524 1738 4577 modis
1783 4525 2235 4596 propterDNam
2296 4533 2351 4578 et
2403 4522 2609 4576 mutuis
2658 4518 2898 4574 caedibus
2952 4516 3200 4570 homines
3258 4528 3378 4568 sese
3441 4510 3703 4566 conﬁcie-

417 4605 589 4660 multa
621 4619 863 4676 peccata,
891 4618 997 4665 etc.
1035 4609 1194 4667 Prius
1225 4612 1417 4682 inquit,
1454 4615 1774 4684 castigatus,
1808 4617 1860 4671 id
1893 4628 1999 4686 est,

416 4710 544 4756 ante
585 4702 977 4759 humanitatem
1021 4721 1048 4758 a
1080 4704 1301 4761 Christo
1349 4717 1713 4778 assumptam,
1750 4711 2000 4779 pluribus

417 4797 858 4866 corrcptionibus
934 4798 1249 4868 exploratus
1297 4810 1402 4863 est,
1464 4816 1571 4855 non
1635 4803 1754 4869 ipse
1827 4803 2006 4857 solum

420 4888 617 4953 Adam,
645 4890 737 4944 sed
764 4906 958 4946 omnes
979 4894 1099 4960 ejus
1124 4894 1350 4962 posteri.
1384 4893 1693 4964 Castigatus
1717 4902 1796 4948 cst
1828 4906 2008 4949 autem

418 4990 472 5035 et
504 4983 734 5039 diversis
775 4986 1118 5054 temporibus
1151 5000 1205 5041 et
1239 4987 1472 5042 diversis
1505 4986 1573 5041 de
1598 4987 1805 5053 causis,
1837 4989 2008 5041 Adam

418 5073 566 5132 enim
610 5084 735 5130 ante
763 5090 953 5131 omnes
978 5092 1076 5146 per
1106 5093 1415 5133 sermonem
1448 5079 1697 5135 eruditus
1730 5091 1813 5134 cst
1845 5078 2014 5152 (Deus

419 5166 569 5219 enim
606 5180 734 5220 cum
773 5183 837 5221 co
876 5170 1182 5223 collocutus
1232 5174 1337 5241 ρει)
1362 5210 1376 5236 ,
1415 5182 1469 5226 et
1514 5172 1701 5225 violati
1756 5171 2012 5242 prmcepti

425 5275 618 5330 punias
670 5261 943 5337 pependit.
983 5259 1117 5316 Cain
1174 5272 1356 5317 autem
1408 5273 1531 5333 post
1584 5263 1734 5317 illum
1778 5266 2014 5333 gemitus

424 5361 591 5422 atque
648 5352 900 5404 tremoris
929 5365 1088 5420 ptena
1113 5352 1183 5405 ob
1209 5351 1430 5407 fratrem
1463 5353 1851 5423 interemptum
1881 5354 2014 5408 alle-

425 5456 546 5501 ctus
575 5456 679 5500 est.
734 5444 948 5506 Postea,
985 5454 1226 5513 tempore
1258 5443 1401 5510 Noe;
1443 5446 1699 5502 homines
1735 5463 2007 5517 aquarum

425 5537 784 5593 inundatione
848 5535 1023 5607 puniti
1076 5545 1246 5599 sunt,
1306 5538 1453 5608 quod
1505 5540 1757 5593 voluntas
1821 5554 2010 5593 eorum

416 5629 648 5691 gmnino
714 5629 1008 5700 depravata
1079 5638 1272 5696 esset;
1323 5644 1485 5697 inor,
1560 5629 1615 5685 in
1678 5630 1767 5687 illa
1844 5630 2013 5685 turris

493 5785 546 5825 θ’)
577 5786 734 5847 Rom.
770 5804 809 5850 ι,
843 5784 935 5843 9.5.

2108 4616 2258 4676 bant,
2310 4622 2365 4668 et
2416 4628 2481 4667 eo
2516 4610 2756 4666 audaciae
2813 4610 3264 4679 prorumpebant,
3322 4612 3381 4657 ut
3433 4603 3703 4658 adulteria

2112 4706 2540 4771 committerent,
2571 4711 2623 4756 et
2653 4702 3000 4772 peierarent,
3055 4706 3108 4752 et
3138 4695 3350 4752 nefario
3384 4695 3699 4750 Sodomita-

2119 4813 2238 4853 rum
2286 4796 2490 4851 scelere
2515 4795 2726 4864 seipStis
2756 4791 3119 4856 devincirent,
3170 4799 3245 4855 et,
3278 4787 3424 4859 quod
3461 4799 3707 4855 tempore

2119 4889 2342 4958 quidem
2382 4896 2739 4957 postremum,
2777 4882 3026 4938 criminis
3060 4890 3243 4936 autem
3274 4880 3563 4933 atrocitate
3593 4877 3704 4946 pri-

2119 4994 2267 5034 mem
2300 4986 2403 5044 est,
2454 4977 2767 5034 simulacris
2824 4975 3038 5030 divinos
3092 4974 3329 5029 honores
3380 4972 3705 5045 tribuerent,

2120 5084 2283 5143 atque
2306 5072 2675 5125 adorationem
2699 5087 2725 5123 a
2751 5067 3011 5123 Creatore
3041 5069 3107 5121 ad
3127 5076 3409 5121 creaturas
3440 5061 3708 5118 transfer-

2122 5174 2263 5228 rent,
2290 5174 2343 5218 et
2374 5164 2615 5218 colerent
2641 5178 2705 5217 ac
2731 5163 3003 5217 servirent
3031 5167 3300 5214 creaturae
3326 5156 3510 5226 potius
3535 5167 3699 5225 quam

2119 5254 2367 5311 Creatori
2392 5255 2462 5307 ⁸ο.

2187 5348 2305 5404 Col.
2349 5348 2455 5403 6'54
2482 5348 2542 5405 C.
2581 5347 2712 5414 Qum
2758 5348 3011 5418 quoniam
3061 5343 3236 5412 majus
3267 5342 3554 5403 auxilium,
3595 5346 3705 5394 etc.

2121 5442 2325 5497 "orum
2362 5444 2651 5497 verborum
2690 5461 2702 5496 :
2740 5440 2871 5495 ﬂa'c
2920 5439 3173 5508 quoniam
3222 5435 3401 5505 majus
3446 5431 3708 5487 auxilium

2120 5536 2473 5606 requirebant,
2516 5534 2692 5604 majus
2718 5535 2882 5589 etiam
2913 5538 3247 5600 acceperunt,
3284 5529 3331 5584 is
3360 5541 3556 5582 sensus
3571 5535 3657 5579 est
3690 5539 3705 5577 :

2120 5631 2280 5686 Prius
2312 5630 2528 5701 quidem
2568 5629 2839 5694 homines,
2884 5624 3221 5682 moderatim
3252 5618 3705 5686 tolerabiliusque
