4116 6426
456 378 585 443 1341

1405 383 1732 444 NICE'I‘AS
1776 383 1852 444 lN
1896 383 2120 444 ΟἱῖΑΤ.
2158 383 2324 442 XLil
2364 384 2425 443 S.
2466 385 2698 447 GliEG.

3580 393 3726 460 1359.

453 499 763 560 peccantes,
814 490 1209 546 auxilintr‘tccm
1263 491 1434 561 legem
1475 493 1768 554 habebant,
1818 501 1870 544 et
1907 507 2032 558 pro-
2066 500 2109 554 Α
2142 491 2466 560 ἐκμάσσειν,
2523 495 2575 578 id
2637 505 2739 560 est,
2791 501 3113 568 exprimere,
3172 513 3227 558 et
3284 506 3439 574 quasi
3507 507 3729 565 munire

453 586 645 652 phetas
675 585 1114 647 comrionatores,
1147 601 1210 639 ac
1263 601 1359 655 per
1389 587 1541 656 signa
1575 585 2031 654 corripiebantur.

452 678 819 745 Posteaquam
855 687 1037 731 autem
1071 678 1173 747 ipsi
1205 679 1258 732 in
1303 677 1629 747 gravissima
1674 677 1877 732 scelera
1912 693 2034 746 pro-

449 778 700 832 ruerunt,
758 769 951 838 majori
998 786 1218 840 quoque
1252 771 1460 826 auxilio
1508 786 1649 839 opus
1699 770 2030 826 habuerunt.

448 859 625 928 Majus
665 874 828 928 porro
857 861 1142 926 auxilium,
1168 874 1217 916 et.
1251 864 1383 933 lege,
1415 873 1467 918 et
1501 861 1801 932 prophetis,
1839 872 1890 915 et
1917 862 2028 930 sig-

445 953 554 1015 nis,
592 949 760 1004 Filius
803 950 897 1006 Dei
937 961 1075 1018 erat,
1115 953 1210 1023 qui
1269 955 1336 1008 ad
1392 953 1680 1024 imaginem
1714 967 1895 1018 suam,
1931 953 2032 1006 hoc

445 1057 530 1100 est
565 1044 632 1099 ad
672 1044 958 1100 hominem
995 1046 1233 1116 imagine
1275 1048 1444 1117 ipsius
1474 1047 1818 1116 insignitum,
1861 1045 2030 1101 venit.

443 1136 562 1193 Non
595 1141 772 1194 solum
821 1151 1003 1196 autem
1058 1141 1124 1194 ad
1159 1139 1448 1209 imaginem
1503 1139 1596 1195 Dei
1641 1138 1815 1194 factus
1865 1138 2030 1193 homo

443 1233 664 1300 dcitur,
706 1235 799 1289 sed
844 1245 898 1289 et
941 1235 1122 1304 imago
1163 1232 1258 1288 Dei
1293 1237 1348 1287 in
1382 1233 1661 1304 Scriptura
1695 1233 2025 1287 nominatur.

443 1323 718 1392 Scriptum
769 1333 855 1378 est
891 1325 1036 1378 enim
1077 1325 1131 1378 in
1174 1323 1452 1394 Sapientia
1507 1323 1859 1378 Salomonis:
1890 1321 2027 1376 Deus

439 1425 654 1485 propter
696 1417 1146 1484 incorruptionem
1175 1426 1223 1471 et
1260 1415 1722 1479 inmortalitatem
1765 1415 2028 1468 hominum

437 1509 632 1560 crearit
673 1518 828 1578 atque
859 1512 1142 1580 imaginem
1181 1508 1494 1564 teternitatis
1516 1525 1627 1563 sua:
1669 1507 1789 1577 fecit
1822 1524 1938 1563 eum
1959 1509 2023 1562 δι.

439 1597 602 1653 Venit
626 1600 788 1666 igitur
811 1603 877 1656 ad
900 1619 1054 1657 suam
1078 1602 1367 1671 imaginem
1396 1601 1511 1671 ipse
1535 1601 1627 1656 Dei
1655 1601 1846 1666 Filia-ﬁ,
1869 1601 2025 1668 juxta

435 1691 565 1744 illul
596 1692 748 1746 lsaic
777 1713 796 1748 7:
838 1691 962 1746 Non
995 1696 1220 1764 legatus,
1252 1709 1356 1748 non
1385 1694 1626 1763 angelus,
1655 1696 1744 1748 sed
1779 1694 1887 1763 ipse
1917 1693 2023 1745 Do-

2140 583 2395 640 lormam.
2430 587 2629 643 Forma
2678 600 2882 655 autem,
2917 609 3044 648 eum
3097 597 3162 651 de
3208 598 3492 655 divinitate
3525 603 3725 670 agitur,

2137 688 2388 732 naturam
2425 679 2718 748 signiﬁcat.
2757 682 3044 740 Immotum
3072 689 3207 743 illud
3235 691 3496 760 sigillum,
3529 695 3578 746 i.l
3613 706 3724 760 est,

2136 769 2280 837 qttod
2319 785 2426 824 non
2463 773 2750 837 alteratur,
2789 792 2887 831 nec
2919 779 2983 831 ad
3021 780 3180 832 aliam
3211 781 3437 836 formam
3473 800 3728 838 commu-

2135 869 2302 915 tatur.
2345 861 2399 914 lu
2426 867 2762 922 carminibus
2795 882 2974 924 autem
3013 872 3249 942 sigillum
3286 885 3488 929 motum
3516 877 3724 932 habens

2134 952 2341 1007 dicitur
2376 954 2568 1020 Filius,
2605 958 2709 1015 hoc
2740 969 2858 1026 est,
2892 963 3114 1018 vivens.
3158 963 3233 1017 lta
3265 966 3479 1022 diversa
3513 970 3723 1024 ratione

2135 1053 2434 1116 utrumque
2466 1057 2571 1106 est.
2601 1048 2739 1105 Nam
2773 1064 3045 1122 quatenus
3082 1065 3273 1109 natura
3306 1057 3496 1113 ﬁrmus
3527 1069 3579 1113 et
3615 1060 3722 1113 im-

2134 1135 2415 1190 mutabilis
2447 1149 2555 1202 cst,
2587 1140 2872 1196 immotum
2900 1143 3242 1215 signaculum
3278 1148 3492 1202 dicetur
3510 1149 3717 1213 Filius;

2131 1237 2403 1298 quatenus
2430 1241 2614 1286 autem
2647 1233 2990 1303 signaculum
3021 1239 3153 1292 illud
3193 1255 3540 1310 nequaquam
3573 1258 3720 1295 mor-

2134 1327 2286 1371 tuum
2344 1329 2453 1384 est,
2512 1321 2605 1376 sed
2658 1323 2866 1384 vivum,
2923 1326 3123 1381 mobile
3175 1327 3480 1383 vocabitur.
3547 1327 3719 1394 Sigilli

2130 1419 2311 1462 autem
2339 1427 2534 1465 nomen
2562 1430 2591 1466 a
2621 1411 2901 1485 Scriptura
2933 1430 3214 1486 sumptum
3245 1432 3346 1474 est.
3375 1420 3527 1474 Nunc
3551 1421 3718 1480 enim,

2130 1502 2327 1572 inquit,
2391 1504 2554 1560 Pater
2585 1509 2815 1578 signavit
2873 1511 3008 1566 Deus
3031 1513 3096 1564 ⁷³.
3135 1512 3235 1564 Per
3299 1516 3476 1566 omnia
3527 1514 3719 1567 similia

2136 1596 2335 1664 imago.
2392 1597 2568 1654 Filius
2605 1601 2779 1656 Patris
2810 1602 2990 1668 imago
3049 1604 3251 1658 dicitur
3295 1607 3420 1674 quia
3462 1621 3525 1659 ex
3558 1604 3719 1658 Patre

2127 1698 2206 1742 est
2252 1706 2264 1740 ε
2307 1704 2411 1743 non
2465 1701 2645 1746 autem
2697 1704 2892 1748 contra
2942 1693 3107 1749 Pater
3158 1712 3224 1748 ex
3276 1696 3418 1765 ipso.
3469 1695 3595 1748 llaec
3638 1707 3721 1750 est

435 1785 610 1839 minus
631 1784 697 1850 σε,
723 1786 838 1854 (μιῇ,
865 1796 923 1841 ut
952 1786 1030 1840 ait
1058 1785 1297 1841 Joannes
1326 1805 1342 1840 ε
1371 1785 1433 1841 ιη
1464 1787 1725 1857 principio
1750 1797 1860 1841 em;
1902 1785 2026 1840 γεν-
2056 1770 2100 1829 Β
2132 1779 2389 1848 imaginis
2444 1796 2659 1850 natura,
2693 1795 2752 1839 ut
2789 1786 2860 1839 sit
2896 1787 3230 1854 exemplaris
3259 1787 3510 1841 imitatio.
3543 1786 3717 1840 Caue-

433 1876 643 1929 lmm".
681 1878 905 1932 Sa’culis
958 1880 1248 1949 antiquior.
1282 1878 1568 1950 Temporis
1613 1879 1758 1934 enim
1799 1889 2016 1934 creator

434 1972 660 2038 tempori
715 1971 1136 2040 haudquaquam
1190 1971 1419 2036 subest,
1466 1980 1654 2041 utpote
1706 1988 1801 2040 per
1858 1986 2020 2039 quem

395 2061 593 2137 ⁸ιειίιιιιι
631 2059 795 2114 Pater
824 2063 1023 2116 sa‘cula
1056 2062 1269 2127 fect-rit,
1305 2075 1364 2117 ut
1395 2073 1478 2118 est
1509 2063 1650 2132 apud
1686 2063 1913 2117 Paulum
1953 2064 2019 2117 ⁸⁸.

433 2149 744 2206 Invisibilis.
769 2152 934 2207 Deum
954 2155 1100 2208 enim
1125 2170 1290 2210 nemo
1309 2171 1548 2225 unquam
1571 2156 1706 2210 vidit
1723 2157 1901 2220 “,hoc
1914 2165 2018 2222 est,

431 2245 524 2298 Dei
579 2254 854 2300 naturam.
892 2243 1472 2312 Incotnprehensibilis,
1506 2247 1556 2300 id
1595 2258 1700 2310 est,
1739 2251 1828 2301 vix
1866 2265 2022 2302 com-

430 2335 848 2406 prelieusibilis.
881 2336 1014 2390 Nam
1045 2338 1174 2390 illttd
1211 2355 1431 2408 quoque
1459 2340 1838 2402 simulacrum,
1872 2341 2017 2409 quod

427 2443 494 2480 ex
527 2443 755 2496 operum
807 2428 980 2498 ipsius
1017 2429 1409 2498 imaginatione
1441 2430 1677 2500 quadam
1715 2433 2014 2501 colligitur,

428 2519 752 2588 priusquam
788 2527 935 2573 recte
966 2529 1240 2583 teneatur,
1276 2519 1432 2589 fugit.
1473 2521 1563 2575 Vel
1594 2523 2016 2590 incouqirchen-

431 2609 628 2674 sibilis,
667 2610 809 2665 idem
850 2619 954 2675 est,
989 2615 1135 2682 quod
1171 2613 1619 2679 interminabilis,
1646 2622 1697 2669 et
1723 2615 2018 2669 incircum-

428 2701 684 2769 scriptus,
721 2719 786 2757 ac
820 2704 1020 2759 mentis
1055 2717 1273 2773 captum
1309 2707 1601 2761 excedens.
1642 2706 1831 2777 Neque
1869 2709 2012 2760 enim

429 2794 704 2850 intellectu
749 2797 966 2867 concipi
1023 2813 1122 2850 nec
1156 2798 1533 2852 circumscribi
1579 2809 1776 2868 potest.
1825 2799 2014 2853 Incor-

424 2903 637 2958 poreus.
699 2888 812 2943 ιιοο
861 2904 892 2943 a
951 2889 1231 2958 Tlieol-Ogo
1301 2891 1572 2960 adjcctum
1627 2902 1711 2947 est
1796 2902 2015 2961 propter

426 2978 855 3033 incarnationem
897 2989 950 3034 et
997 2980 1390 3034 humanitatem
1443 2982 1645 3036 Christi
1680 3022 1694 3045 ,
1747 2984 1812 3036 ad
1847 2997 2010 3050 quam

427 3089 548 3128 mox
585 3085 945 3144 perventurus
973 3085 1076 3132 est.
1109 3077 1256 3130 Illud
1289 3093 1354 3130 ex
1384 3079 1641 3148 principio
1670 3080 2009 3148 principium.

2125 1887 2246 1924 rum
2278 1871 2367 1926 hic
2395 1873 2728 1930 luculentius
2759 1893 2819 1932 sc
2857 1894 2944 1932 res
2981 1879 3160 1932 habet.
3195 1878 3403 1932 Etenim
3439 1879 3492 1932 in
3522 1879 3717 1946 imagi-

2125 1963 2288 2018 nibus
2317 1975 2433 2020 arte
2476 1965 2634 2022 factis
2665 1968 2847 2044 imago
2876 1980 3021 2024 motu
3057 1979 3206 2024 caret
3231 2015 3243 2035 ,
3280 1987 3402 2024 cum
3433 1973 3718 2039 exetnplar

2123 2057 2248 2110 vita:
2281 2057 2352 2111 sit
2389 2061 2696 2126 prmditunt,
2729 2078 2795 2116 ac
2847 2073 3154 2118 moveatur.
3191 2067 3256 2115 At
3295 2063 3382 2116 hic
3429 2063 3630 2130 imago,
3665 2073 3720 2116 ιιι

2124 2153 2233 2208 vivi
2264 2160 2346 2209 est
2376 2153 2676 2222 archetypi.
2713 2162 2767 2206 ct
2803 2154 2921 2208 viva
2955 2153 3094 2222 ipsa,
3130 2153 3399 2222 longeque
3447 2154 3708 2221 mttjm't‘tn

2123 2243 2542 2300 similitudinem
2576 2238 2738 2298 habet
2767 2281 2784 2307 ,
2828 2259 2992 2311 quant
3023 2244 3093 2297 sit
3124 2259 3186 2297 ea
3209 2283 3225 2306 ,
3264 2259 3368 2312 qua
3409 2243 3536 2295 Setli
3573 2245 3715 2293 Ada-

2123 2351 2274 2390 mum
2312 2333 2515 2396 refert,
2553 2335 2636 2387 vel
2685 2349 2787 2402 qua
2829 2332 3097 2403 quidquid
3134 2333 3392 2402 gignitur,
3429 2331 3483 2388 id
3532 2347 3561 2384 a
3609 2349 3717 2400 quo

2123 2435 2416 2498 generatur
2459 2426 2740 2494 exprimit.
2803 2424 2877 2479 Ea
2929 2426 3076 2478 enim
3111 2437 3194 2478 est
3244 2423 3572 2492 simplicium
3620 2441 3716 2477 na-

2127 2532 2272 2582 tura,
2309 2530 2502 2574 utnon
2541 2520 2740 2588 partim
2777 2518 2976 2572 similia
3013 2519 3143 2580 sint,
3177 2518 3372 2586 partim
3405 2517 3713 2580 dissimilia,

2120 2612 2214 2666 scd
2254 2621 2426 2665 totum
2463 2611 2628 2666 totius
2662 2613 2829 2677 ﬁgura
2864 2611 2956 2672 sit,
2986 2619 3151 2678 atque
3187 2607 3494 2662 identitatis
3531 2609 3712 2677 potius

2119 2719 2285 2775 quam
2321 2704 2699 2758 similitudinis
2730 2704 2993 2757 rationem
3028 2703 3246 2756 habent.

2194 2794 2377 2848 Patris
2402 2804 2450 2847 et
2478 2795 2735 2847 terminus
2757 2803 2807 2847 et
2853 2795 3012 2847 ratio.
3065 2792 3182 2846 Hoc
3217 2792 3377 2846 modo
3412 2791 3584 2846 Filius
3621 2807 3715 2859 ap-

2117 2887 2368 2954 pellatur,
2405 2893 2460 2939 ut
2515 2885 2726 2941 Patrem
2771 2887 3068 2940 ostendens
3101 2901 3167 2940 ac
3220 2885 3506 2948 deﬁniens,
3538 2887 3707 2938 liomi-
3797 2879 3805 2890 ’

2121 2978 2392 3047 nibusquc
2448 2980 2804 3048 conspicuum
2873 2978 3149 3039 reddens,
3193 2979 3338 3047 quod
3405 2977 3567 3031 Pater
3640 2978 3713 3031 sit

2117 3076 2284 3137 atque
2327 3071 2489 3123 etiam
2559 3071 2687 3138 quia
2739 3071 2874 3123 citra
2935 3069 3106 3123 ullum
3163 3068 3414 3122 allectqu
3463 3084 3526 3122 ac
3584 3085 3711 3137 pro-

424 3166 757 3232 Principinm
799 3169 944 3221 enim
976 3170 1223 3223 omnium
1257 3185 1380 3239 quae
1445 3147 1592 3234 sunt,
1628 3147 1788 3224 Pater
1817 3147 1920 3234 est,
1954 3181 2011 3223 ut

2119 3160 2411 3214 ﬂuxioncm
2473 3163 2542 3216 ab
2599 3177 2666 3216 eo
2715 3161 2932 3230 genitus
2971 3171 3073 3223 est,
3124 3162 3587 3228 quemadmodum
3639 3177 3706 3216 ex

423 3269 586 3307 causa
619 3270 635 3310 :
669 3256 997 3326 principium
1059 3273 1276 3327 quoque.
1329 3265 1414 3312 est
1477 3256 1671 3317 Filius.
1724 3266 1783 3310 ut
1833 3273 2013 3310 (‘auszr

422 3359 668 3402 censors.
705 3348 782 3401 Ad
817 3347 1032 3402 Patrem
1070 3353 1218 3404 enim
1256 3350 1422 3404 David
1448 3351 1610 3404 verba
1647 3349 1876 3415 fat-iens,
1907 3351 2010 3404 ait:

424 3435 614 3492 Torum
645 3440 962 3510 principium
987 3443 1052 3496 ⁸⁸.
1103 3442 1200 3496 Est
1252 3443 1414 3512 igitur
1450 3442 1623 3498 Filius
1681 3443 2010 3512 principium

419 3545 481 3583 ex
516 3532 813 3601 principio,
858 3533 909 3587 id
936 3543 1040 3600 est,
1075 3549 1142 3588 ex
1179 3533 1362 3588 Patre.
1400 3533 1546 3587 Illud
1574 3550 1638 3588 ea:
1675 3535 1873 3588 lumine
1925 3535 2009 3588 lu-

421 3640 558 3677 men.
609 3625 853 3682 .loanm-s
880 3627 934 3680 in
968 3627 1206 3694 Epistula
1241 3643 1339 3680 sua
1365 3630 1536 3696 [int-ima
1576 3630 1651 3681 ait
1689 3643 1704 3681 :
1743 3629 1876 3681 Deus
1919 3628 2012 3681 tua:

415 3728 492 3770 est
517 3715 584 3772 ".
619 3717 681 3772 Et
704 3718 964 3774 Christus
988 3720 1054 3774 de
1083 3722 1300 3790 seipso:
1339 3718 1444 3790 Ego
1468 3735 1587 3773 sum
1618 3719 1711 3772 luat
1735 3719 1919 3771 mundi
1941 3720 2004 3771 ⁸⁸.

415 3809 594 3878 Atque
614 3809 738 3864 hinc
773 3810 962 3866 Patres
1020 3812 1095 3865 illi
1129 3811 1223 3881 qui
1255 3820 1666 3866 sacrosanctum
1687 3810 2005 3880 Symbolum

415 3901 743 3965 ediderunt,
775 3901 1077 3956 doctrinam
1119 3902 1415 3956 salutarem
1453 3901 1686 3976 mutuati
1741 3910 1907 3962 sunt,
1943 3916 2009 3955 ac

414 3992 671 4045 dixerunt
732 4009 747 4046 :
808 3991 1012 4051 Lumen
1056 3993 1119 4047 tle
1160 3995 1396 4057 lumine,
1467 3993 1662 4047 Filium
1717 4010 1784 4048 ex
1844 3991 2006 4046 Patre

416 4084 748 4156 profulgere,
779 4092 839 4139 ut
868 4087 1245 4155 incol-pereant
1276 4096 1330 4140 et
1356 4086 1657 4155 simplicem
1688 4100 1808 4139 eam
1843 4100 2006 4150 gene-

414 4181 682 4232 rationem
717 4177 1102 4244 ostenderent;
1145 4193 1344 4232 rut-sus
1383 4179 1495 4232 huic
1530 4177 1692 4231 verba
1728 4192 2004 4245 apposue-

415 4279 596 4322 ruut:
641 4267 722 4322 Ex
775 4269 908 4338 ipso,
964 4278 1014 4323 et
1071 4270 1123 4324 in
1178 4269 1326 4338 ipso,
1365 4278 1422 4322 ut
1458 4276 1686 4336 uterque
1749 4266 2004 4334 peculiari

416 4361 582 4415 tnodo
608 4361 909 4416 subsistere
942 4359 1297 4428 intelligatur.
1334 4358 1493 4412 Pater
1526 4359 1669 4413 enim
1710 4357 1871 4410 Pater
1903 4365 2002 4420 est,

411 4461 467 4506 et
498 4469 604 4506 non
643 4450 811 4506 Filius
845 4470 858 4505 :
893 4450 1068 4506 Filius
1103 4452 1229 4505 item
1266 4449 1462 4515 Filius,
1495 4458 1549 4504 et
1571 4465 1676 4505 non
1717 4450 1875 4503 Pater
1907 4466 1920 4502 :
1953 4459 2004 4501 et

414 4544 468 4595 in
511 4542 790 4596 identitate
821 4550 1030 4596 natura:
1061 4543 1281 4611 propria
1313 4551 1398 4595 est
1431 4543 1719 4611 utriusque
1742 4547 2001 4596 essentia.

417 4631 561 4690 Fons
601 4634 718 4688 ritu:
745 4642 794 4688 et
832 4633 1284 4688 immortalitatis.
1316 4631 1438 4686 Haec
1467 4647 1685 4702 quoque
1711 4647 1740 4685 a
1769 4631 2004 4701 prophe-

414 4723 482 4778 tis
508 4733 728 4794 sumpta'
750 4734 900 4779 sunt.
937 4722 1206 4778 Jcremias
1235 4724 1379 4778 enim
1414 4724 1486 4777 ita
1519 4723 1760 4794 loquitur
1796 4737 1809 4774 :
1849 4722 2007 4776 Dere-

414 4817 680 4888 liquerunt
707 4816 906 4884 fontem
929 4831 1083 4886 aqua:
1118 4815 1398 4870 Dominum
1419 4815 1484 4869 ".
1515 4815 1580 4868 Et
1609 4815 1774 4869 David
1808 4831 1820 4868 :
1850 4814 2003 4883 Apud

422 4918 471 4963 te
511 4918 588 4962 cst
622 4909 739 4978 fons
779 4908 981 4964 vita".
1021 4908 1166 4974 Quin
1213 4909 1377 4964 etiam
1413 4907 1668 4963 Christus
1701 4907 1769 4961 de
1823 4909 2006 4977 seipse

418 5003 497 5059 ait
538 5019 552 5056 :
601 5001 714 5073 Ego
756 5018 874 5056 sum
912 5003 1021 5066 via,
1064 5003 1258 5055 veritas
1282 5041 1297 5066 ,
1331 5011 1379 5055 et
1415 5001 1608 5054 vita“.
1641 4998 1789 5054 Fons
1819 5011 1997 5054 autem

416 5096 619 5151 dicitur
649 5096 720 5149 ob
747 5094 1183 5165 perennitatem;
1216 5094 1323 5146 vita
1361 5102 1546 5146 autem
1586 5101 1642 5146 ιιι
1681 5091 1800 5145 fons
1834 5093 1996 5158 vitai,

427 5206 537 5244 non
576 5198 786 5244 tantum
824 5188 1001 5242 brevis
1033 5185 1196 5255 hujus
1224 5195 1277 5239 et
1315 5194 1559 5255 tempore
1591 5185 1868 5255 peritum,
1903 5185 1997 5238 sed

411 5279 577 5332 etiam
608 5277 999 5346 ‘scmpiternae.
1055 5272 1171 5353 Hoc
1207 5273 1352 5327 enim
1408 5273 1646 5328 tlet'larat
1683 5273 1851 5326 dictio
1905 5273 1996 5326 illa

408 5369 867 5432 Immortalitatis,
908 5383 1070 5438 quam
1100 5360 1309 5436 adjicit.
1363 5365 1645 5436 Arelietypi
1699 5367 1990 5436 expressio,

407 5463 458 5517 id
507 5472 614 5525 est,
651 5461 954 5515 similitudo
977 5501 991 5526 ,
1025 5459 1368 5530 signaculum
1397 5497 1412 5523 ,
1441 5474 1506 5514 ac
1553 5459 1701 5514 velut
1730 5475 1992 5530 expressa

405 5556 610 5627 elligics
674 5554 788 5609 Dei.
857 5555 1192 5624 Ἐκμαγείον
1241 5561 1424 5608 autem
1470 5551 1674 5607 dicitur
1735 5568 1767 5607 a
1829 5555 1995 5608 verbo

475 5704 517 5734 "
560 5704 689 5770 Sap.
724 5716 783 5764 tt,
812 5699 904 5753 ‘25.

404 5775 447 5806 ⁵⁷
476 5774 489 5826 Ι
523 5771 682 5826 Joan.
716 5789 755 5833 ι,
784 5772 835 5823 5.

394 5833 446 5880 ’³
485 5843 510 5898 J
551 5857 640 5905 at.
678 5859 786 5910 xtv,
817 5841 869 5898 9.

981 5701 1024 5732 “
1055 5702 1158 5757 lsa.
1193 5717 1347 5764 unt,
1383 5703 1437 5758 9.
1541 5703 1586 5735 ⁸⁸
1618 5701 1778 5756 Jonn.
1828 5719 1865 5768 ι,
1900 5703 1950 5758 l.

915 5771 958 5802 ⁸⁵⁸
993 5769 1150 5828 Joan.
1184 5788 1299 5840 vui,
1327 5773 1394 5830 l2
1473 5773 1516 5806 ⁸³
1551 5771 1755 5833 Jerem.
1791 5789 1852 5843 ιι,
1885 5775 1968 5830 18.

2086 4124 2088 4127 .
2110 4082 2299 4134 eodem
2357 4081 2529 4151 accipi
2581 4100 2595 4137 :

2061 5703 2105 5734 “
2132 5701 2293 5757 Hebr.
2325 5719 2364 5766 ι.
2395 5703 2452 5758 2.

2054 5775 2098 5806 ⁷⁰
2125 5773 2270 5831 Psal.
2306 5790 2468 5842 xxxv,
2513 5775 2596 5837 10.

2119 3263 2296 3305 ini-nte
2329 3268 2531 3307 sermo.
2559 3252 2650 3308 Sic
2685 3254 2829 3308 enim
2867 3269 2926 3306 se
2961 3253 3124 3307 habet
3157 3254 3221 3307 al
3257 3254 3474 3306 Patrem
3512 3251 3706 3315 Filius,

2117 3347 2577 3414 quemadmodum
2624 3362 2806 3401 sermo
2860 3350 2926 3400 ad
2989 3353 3226 3399 mentem
3264 3384 3280 3408 ,
3345 3361 3454 3399 non
3526 3347 3706 3398 solum

2114 3436 2185 3489 ob
2249 3436 2662 3505 generationem
2733 3435 2886 3489 omni
2953 3435 3148 3488 allectu
3219 3447 3550 3498 vacantem,
3607 3435 3704 3490 sed

2114 3527 2280 3580 etiam
2320 3536 2545 3597 propter
2593 3527 3017 3582 connexionem.
3054 3525 3243 3594 Neque
3279 3529 3426 3581 enim
3465 3543 3494 3581 a
3548 3527 3709 3582 Patre

2121 3619 2292 3676 Filius
2341 3621 2582 3690 separari
2626 3631 2825 3690 potest,
2871 3623 3333 3691 quemadmtnlum
3381 3636 3481 3676 nec
3519 3637 3704 3675 sermo

2112 3725 2142 3763 a
2199 3721 2402 3776 mente.
2469 3708 2606 3764 Tum
2668 3711 2834 3764 etiam
2884 3711 2959 3765 ita
3015 3721 3241 3782 propter
3290 3711 3398 3765 vim
3450 3714 3707 3766 enuntia-

2114 3805 2277 3858 tivam
2339 3805 2523 3858 vocari
2573 3813 2789 3873 potest;
2859 3821 2985 3858 nam
3058 3815 3118 3858 ut
3177 3821 3360 3861 sermo
3419 3817 3698 3875 parentem

2112 3911 2268 3951 Suam
2323 3905 2557 3949 mentem
2601 3896 2806 3966 profert
2863 3907 2918 3950 τι
2972 3899 3244 3964 enuntiat,
3293 3898 3366 3952 ita
3405 3897 3708 3953 [θυίων.-

2111 3995 2270 4040 trem.
2323 3987 2558 4041 Possunt
2613 3988 2774 4042 etiam
2827 3990 2944 4042 haec
2998 3989 3106 4042 duo
3145 3989 3269 4059 ὅρος
3313 4001 3366 4043 et
3411 3989 3568 4057 λόγο;
3603 4008 3700 4061 pro

2651 4081 3099 4152 quandoquidem
3155 4091 3209 4136 et
3257 4082 3508 4136 delinitio
3540 4084 3702 4150 λόγος

2109 4174 2331 4238 dicitur,
2384 4183 2441 4228 ut
2481 4190 2608 4229 cum
2662 4177 2732 4230 ita
2791 4175 3072 4244 loquimur
3121 4192 3134 4230 :
3215 4174 3468 4229 Definitio
3520 4177 3700 4229 ιι‹)ιιιίο

2114 4267 2199 4320 nis
2258 4275 2364 4327 est.
2427 4267 2631 4320 animal
2690 4267 2904 4320 ratione
2958 4265 3285 4334 prmditum,
3339 4277 3392 4320 et
3450 4269 3696 4321 mortale.

2109 4357 2283 4424 Quam
2348 4359 2513 4428 igitur
2563 4359 2830 4412 rationem
2879 4357 3043 4412 habet
3088 4357 3335 4412 deﬁnitio
3383 4357 3450 4410 ad
3507 4358 3700 4411 deﬁni-

2113 4458 2252 4513 tum,
2297 4451 2547 4504 eamdem
2603 4450 2775 4505 Filius
2809 4451 2876 4504 ad
2924 4449 3168 4508 Patrem.
3204 4452 3389 4522 ipsum
3423 4451 3567 4504 enim
3599 4450 3698 4503 dc-

2109 4543 2284 4597 clarat
2311 4545 2780 4612 quemadmodum
2805 4543 3073 4608 deﬁnitio,
3110 4545 3185 4610 id,
3215 4544 3358 4614 quod
3397 4547 3465 4598 ab
3501 4560 3561 4599 ca
3602 4545 3697 4597 tle-

2110 4635 2324 4691 ﬁnitur.
2373 4636 2750 4703 Quamobrem
2779 4637 2946 4691 etiam
2994 4637 3246 4691 Christus
3287 4637 3506 4691 dicebat
3539 4654 3552 4690 :
3586 4637 3691 4701 Qui

2107 4743 2194 4783 me
2242 4731 2509 4786 intellexit
2559 4730 2687 4801 (hoc
2715 4730 2864 4784 enim
2921 4729 3242 4797 signiﬁcat:
3286 4729 3392 4793 Qui
3427 4731 3553 4784 vidit
3593 4733 3695 4797 me)

2103 4819 2322 4876 Patrem
2379 4837 2598 4891 quoque
2660 4821 2926 4875 intellexit
2957 4821 3054 4885 7';
3109 4830 3349 4890 paterna
3420 4823 3692 4892 siquidem

2111 4923 2327 4969 natura;
2399 4913 2790 4982 compendiosa
2844 4912 3273 4968 -dem-onstratio
3349 4922 3434 4968 est
3495 4913 3686 4970 Filius.

2111 5004 2302 5059 Omnis
2359 5007 2505 5058 enim
2555 5004 2737 5072 proles
2795 5003 3038 5072 parentis
3092 5003 3174 5057 sui
3225 5005 3390 5059 tacita
3437 5016 3521 5060 est
3554 5007 3693 5062 ratio

2108 5096 2220 5150 sive
2246 5095 2516 5149 deliuitio.
2569 5093 2668 5149 llic
2705 5095 2867 5163 igitur
2908 5094 3001 5149 Dei
3047 5094 3222 5149 Filitts
3251 5097 3318 5150 ad
3355 5114 3510 5152 suam
3546 5100 3687 5154 ima-

2108 5189 2312 5258 ginem,
2359 5187 2463 5242 hoc
2496 5198 2601 5252 est,
2648 5189 2714 5242 ad
2755 5187 3057 5253 hominem,
3093 5205 3256 5260 quem
3290 5189 3359 5245 ad
3396 5193 3686 5262 imaginem

2105 5295 2261 5334 suam
2296 5281 2528 5344 creavit,
2590 5281 2824 5344 accedit,
2859 5296 2924 5336 ac
2977 5289 3195 5351 propter
3221 5299 3442 5340 carnem
3495 5285 3692 5338 huma-

2106 5386 2254 5434 nam,
2299 5387 2519 5426 earnem
2574 5374 2830 5436 assumit,
2873 5383 2930 5429 et
2967 5383 3187 5444 propter
3220 5376 3481 5442 animam,
3525 5392 3686 5444 quam

2103 5466 2288 5521 divina
2332 5467 2702 5524 insnliiationc
2745 5478 3026 5539 acceptam
3091 5472 3258 5526 homo
3311 5471 3542 5539 caligine
3587 5471 3686 5523 ob~

2102 5559 2335 5612 duxerat
2401 5571 2451 5615 et
2516 5561 2963 5629 labelactaverat,
3033 5563 3356 5618 rationalem
3418 5572 3472 5615 et
3516 5562 3676 5614 ιιιιυι-

3235 5707 3281 5737 ⁶⁶
3321 5704 3462 5759 Psal.
3489 5721 3598 5766 Ctx,
3629 5705 3686 5769 ὅ,

3217 5778 3261 5810 ’³
3283 5776 3444 5833 Joan.
3480 5791 3553 5848 Vt,
3587 5776 3684 5838 Ξῖ.

2563 5707 2608 5739 ⁸⁵
2644 5707 2660 5759 Ι
2703 5705 2861 5762 Joan.
2903 5723 2976 5769 tv,
3012 5707 3097 5761 12.

2674 5778 2714 5810 ⁷¹
2747 5775 2904 5831 Joazi.
2941 5793 3050 5844 xtv,
3085 5779 3135 5832 6.
