4116 6416
429 398 565 462 1343

1837 397 2217 459 ADDENDA.

3538 391 3672 456 ΠΗ

429 510 714 566 lectualcm
772 499 1009 564 animam
1073 507 1303 578 accipit,
1363 514 1421 561 ut
1479 507 1558 562 sic
1617 523 1716 577 per
1771 494 1991 562 carnem
2024 519 2065 570 Α
2099 523 2240 561 unus
2271 516 2461 561 natura
2484 507 2769 568 assistens,
2794 506 2886 562 sed
2918 509 3155 562 coitione
3175 515 3227 558 ct
3245 519 3512 558 concursu
3536 509 3672 558 dna-

428 611 759 671 assumptum
816 601 944 655 Adae
991 615 1210 654 carnem
1259 599 1462 669 peccati
1518 599 1770 655 sordiims
1807 598 1990 670 inqui-

430 703 614 747 natam
647 700 919 762 repurget,
967 707 1063 760 per
1092 691 1330 745 animam
1365 698 1570 754 autem,
1601 689 1845 759 ejusdem
1873 691 1962 745 ani

426 799 592 845 mam,
651 792 812 851 atque
859 783 931 836 ita
988 791 1130 836 totus
1169 783 1262 836 toti
1314 782 1444 836 mihi
1498 782 1724 837 salutem
1781 782 1989 848 aﬂ'erat,

421 875 862 946 quandoquidem
899 883 1043 930 totus
1077 874 1248 928 Adam
1283 875 1468 942 lapsus
1497 887 1598 928 est.
1637 873 1776 929 llaec-
1810 883 1989 928 autem

421 965 498 1018 ait
550 964 844 1034 Gregorius
911 964 1174 1017 adversus
1228 963 1549 1032 Apollinarii
1609 963 1838 1016 barresin
1898 962 1992 1017 de-

337 1070 345 1078 '
423 1071 690 1127 pugnans,
757 1054 849 1123 qui
911 1053 1192 1107 Christum
1263 1067 1506 1116 carnem,
1563 1061 1618 1105 et
1677 1061 1878 1115 mente,
1938 1063 1991 1106 et

420 1147 602 1202 anima
651 1161 877 1201 vacuam
919 1147 1174 1199 habuisse
1223 1145 1528 1198 aiiirmabat
1567 1161 1578 1195 :
1613 1142 1757 1212 quod
1793 1143 1991 1198 divini-

417 1251 580 1294 tatem
626 1254 724 1309 pro
771 1248 956 1292 mente
999 1248 1163 1307 atque
1215 1237 1397 1290 anima
1427 1235 1676 1290 sufﬁcere
1709 1235 1994 1290 existima-

420 1340 521 1384 ret.
588 1330 790 1385 Eodem
867 1343 1085 1397 quoque
1145 1327 1418 1398 pertinent
1490 1341 1600 1395 quo
1659 1333 1987 1394 sequuntur.

417 1423 519 1477 Per
558 1424 742 1477 omnia
795 1423 960 1484 enim,
1013 1420 1212 1488 inquit,
1271 1419 1436 1472 homo
1491 1417 1685 1487 plenus
1743 1431 1807 1471 at:
1863 1432 1990 1485 per-

417 1514 592 1569 lectus
641 1508 895 1574 efﬁcitur,
943 1513 1208 1567 duntaxat
1264 1521 1496 1579 evccpto
1557 1520 1798 1580 peccato.
1857 1509 1987 1564 Pec-

415 1615 596 1660 catum
652 1605 820 1666 enim,
866 1618 973 1658 non
1021 1619 1050 1658 a
1103 1611 1322 1667 natura,
1363 1601 1456 1656 sed
1506 1616 1536 1654 a
1578 1599 1852 1655 voluntate
1875 1599 1989 1654 ori-

413 1697 592 1766 ginem
674 1695 860 1749 habet.
927 1693 1294 1760 Quamobrem
1371 1691 1639 1747 Dominus
1712 1691 1983 1745 naturalia

414 1789 597 1841 oumia
631 1787 962 1857 suscipiens,
999 1793 1303 1855 peccatum,
1333 1796 1391 1839 ut
1429 1799 1458 1838 a
1491 1794 1680 1838 natura
1719 1783 1981 1843 alienum,

2096 616 2214 653 rum
2237 609 2554 655 naturarum
2572 601 2802 654 inuuam
2823 601 3163 671 hypostasin.
3179 599 3234 653 in
3257 613 3318 652 ea
3337 600 3484 653 enim
3512 597 3669 654 Verbi

2095 690 2189 745 Dei
2249 707 2503 760 persona,
2545 709 2664 760 qua:
2697 693 2850 762 prius
2879 701 3016 758 erat,
3048 693 3285 746 animata
3328 693 3498 761 ipsius
3543 710 3673 747 caro

2094 791 2273 836 creata
2302 783 2546 836 eamdem
2569 782 2888 852 hypostasin
2911 783 3196 848 hahuit,ac
3218 793 3398 852 partes
3415 783 3520 837 illm
3537 800 3671 837 eon-

2095 889 2294 944 gressa':
2327 885 2490 943 atque
2518 874 2828 941 conjuncta:
2858 883 2980 942 post
3003 873 3316 942 huiusmodi
3348 874 3667 928 concursio-

2094 979 2214 1020 nem
2239 965 2596 1020 iudivisibiles
2621 976 2940 1020 manserunt
2964 982 2978 1019 :
3007 981 3112 1018 non
3137 965 3278 1033 quod
3298 965 3484 1018 animo
3505 974 3559 1018 et
3577 980 3674 1018 co-

2095 1053 2356 1124 gitatione
2391 1069 2688 1122 earumque
2727 1053 3043 1108 diversitate
3091 1051 3333 1122 separari
3373 1065 3670 1122 nequeant,

2094 1146 2186 1198 sed
2211 1145 2354 1214 quod
2377 1162 2432 1199 re
2453 1153 2506 1200 et
2526 1155 2648 1200 actu
2673 1146 2824 1200 nullo
2837 1146 2998 1200 modo
3018 1144 3252 1200 discerni
3270 1159 3332 1199 ac
3352 1145 3517 1200 dividi
3543 1161 3670 1214 pos-

2093 1235 2223 1290 sint.
2259 1234 2411 1290 Unus
2440 1237 2719 1290 enimvero
2748 1250 2812 1291 cx
2840 1235 3054 1290 duabus
3085 1235 3295 1290 naturis
3342 1245 3504 1290 natus
3530 1247 3612 1291 est
3647 1255 3664 1290 :

2092 1341 2326 1394 quarum
2362 1327 2550 1390 altera,
2589 1327 3022 1406 nempevdivina,
3047 1326 3344 1381 humanam
3385 1326 3662 1381 divinitate

2091 1415 2314 1470 donavit
2337 1435 2352 1484 ;
2372 1417 2539 1472 altera
2563 1427 2767 1483 autem,
2793 1419 2896 1475 hoc
2940 1429 3024 1475 est
3046 1420 3306 1480 humana,
3327 1421 3658 1476 divinitatem

2091 1522 2121 1561 a
2157 1507 2340 1563 divina
2387 1510 2616 1578 accepit.
2677 1511 2813 1565 Cum
2854 1525 3034 1566 autem
3075 1513 3303 1569 dixisset
3343 1512 3660 1584 Gregorius.

2091 1599 2259 1654 Dtillill
2299 1613 2576 1671 θεειιιιιριει
2629 1617 2794 1657 carne
2824 1613 3012 1658 natum
3045 1619 3190 1670 esse,
3222 1613 3387 1675 atque
3409 1613 3662 1660 eumdem

2090 1706 2214 1745 eum
2266 1702 2546 1762 assumpta
2580 1694 2916 1750 immanitate
2979 1704 3191 1758 natum,
3243 1695 3439 1750 Filium
3493 1713 3662 1751 unum

2088 1795 2232 1846 esse,
2258 1796 2362 1834 non
2391 1781 2553 1846 duos,
2584 1783 2946 1839 admiratione
2968 1795 3274 1854 correptus,
3296 1800 3357 1840 ac
3382 1787 3526 1842 velut
3548 1797 3668 1840 stu-

413 1896 522 1934 non
558 1880 787 1948 accepit.
837 1879 926 1932 Ait
957 1879 1099 1930 enim
1152 1877 1444 1946 Apostolus
1475 1894 1489 1930 ;
1542 1875 1810 1929 Habemus
1860 1892 1988 1945 pou-
2019 1891 2058 1944 ιι
2091 1887 2218 1940 pore
2270 1871 2553 1936 perculsus
2588 1873 2893 1939 addubitat,
2941 1882 3122 1929 utrum
3153 1885 3546 1930 concurrentes
3579 1878 3662 1931 ha:

412 1972 602 2040 ti/ieem
648 1979 905 2024 tentatum
928 1983 1021 2036 per
1054 1969 1230 2024 omnia
1259 1984 1355 2038 pro
1383 1967 1756 2032 similitudine,
1785 1967 1981 2036 absque

410 2073 620 2134 peccato
679 2064 746 2118 τι.
815 2062 1070 2128 Quonam
1131 2070 1310 2116 autem
1373 2060 1536 2114 modo
1589 2068 1814 2129 peccato
1863 2059 1983 2113 solo

407 2165 633 2226 excepto
684 2155 878 2225 plenus
937 2169 1000 2208 ac
1045 2154 1321 2223 perfectus
1373 2153 1538 2208 homo
1569 2151 1980 2208 sit?Nimirum

409 2247 536 2316 quia
603 2257 657 2301 et
726 2247 962 2299 humana
1018 2245 1334 2299 conditione
1396 2244 1682 2298 sublimior
1745 2244 1822 2297 illi
1882 2243 1984 2296 fuit

407 2337 738 2409 conceptio,
794 2345 985 2406 utpote
1035 2335 1260 2392 seminis
1303 2350 1544 2404 expers,
1595 2343 1650 2389 et
1701 2335 1980 2397 nativitas,

410 2441 470 2486 ut
521 2428 890 2500 corruptionis
939 2427 1148 2484 nescia.
1202 2426 1388 2498 Neque
1429 2427 1573 2482 enim
1627 2427 1803 2483 soluta
1851 2437 1983 2482 sunt

409 2519 737 2592 virginitatis
799 2519 1080 2591 signacula
1145 2537 1158 2574 :
1211 2505 1648 2590 quandoquidem
1703 2521 1981 2591 generatio

406 2631 502 2684 per
557 2614 970 2684 corruptionem
1043 2613 1397 2682 progrediens
1457 2623 1680 2682 peccato
1755 2621 1976 2680 accepta

407 2707 687 2763 referenda
732 2716 836 2773 est,
883 2707 1342 2777 quemadmodum
1403 2707 1480 2760 ait
1546 2706 1708 2760 David
1773 2723 1786 2761 :
1845 2705 1980 2760 Ecce

401 2799 538 2852 enim
571 2799 624 2851 in
666 2799 1042 2869 iniquitatibus
1092 2807 1370 2866 conceptus
1397 2814 1535 2860 sum,
1569 2807 1618 2852 et
1651 2797 1705 2850 in
1747 2798 1977 2866 peeraris

403 2894 638 2960 concepit
700 2908 778 2945 me
825 2900 994 2944 mater
1044 2905 1158 2943 mea
1181 2889 1248 2946 ".
1296 2888 1427 2945 Post
1478 2890 1974 2959 transgressionem

400 2983 544 3038 enim
602 2983 868 3048 Adatnns,
920 2980 1163 3037 libidinis
1193 2990 1361 3036 uestro
1415 2982 1694 3049 concitus,
1741 2997 1970 3038 uxorem

400 3089 556 3128 suam
616 3072 778 3127 Evam
833 3073 1108 3144 cognovit,
1164 3087 1340 3142 caque
1385 3075 1637 3144 concepit
1692 3090 1756 3130 ac
1805 3091 1980 3146 pepe-

401 3164 489 3219 rit.
541 3163 632 3218 Sic
671 3173 946 3232 peccatum
1004 3165 1378 3234 coneeptiouis
1435 3180 1604 3220 causa
1667 3176 1772 3230 est,
1842 3183 1970 3222 con-

2087 1973 2293 2017 natume
2309 1974 2725 2032 contemperatae
2738 1966 2868 2031 sint,
2883 1982 2952 2020 an
2972 1968 3152 2036 potius
3176 1969 3494 2024 cominier.
3527 1969 3660 2022 Nam

2084 2055 2130 2110 si
2163 2066 2585 2126 contemperatz'e
2610 2070 2758 2124 sunt,
2784 2059 3045 2115 confusas
3073 2075 3293 2130 quoque
3307 2075 3404 2116 cas
3419 2077 3544 2117 esse
3569 2077 3664 2116 ne—

2083 2163 2234 2203 cesso
2268 2160 2352 2204 est
2384 2149 2487 2219 (sic
2511 2150 2655 2204 enim
2693 2151 2796 2206 fert
2831 2161 3025 2206 natura
3056 2167 3245 2207 earum
3290 2169 3498 2217 rerum,
3537 2171 3664 2223 qua:

2083 2249 2582 2309 contemperantur,
2609 2251 2665 2296 ut
2687 2243 2797 2296 vini
2829 2252 2884 2298 et
2911 2243 3088 2314 aquae)
3118 2261 3132 2298 :
3160 2244 3245 2298 sin
3273 2255 3450 2298 autem
3479 2245 3658 2300 solum

2083 2331 2385 2386 commistae
2411 2341 2558 2396 sunt,
2589 2335 2902 2390 necessario
2924 2345 3206 2406 sequetur,
3242 2350 3335 2392 eas
3356 2337 3520 2390 etiam
3554 2337 3658 2390 aii-

2083 2421 2301 2489 quaudo
2343 2432 2469 2477 actu
2506 2423 2701 2478 dividi.
2731 2423 2856 2480 Haec
2883 2426 3026 2480 enim
3057 2442 3246 2482 eorum
3279 2441 3401 2497 quas
3428 2427 3567 2480 inter
3597 2442 3660 2481 se

2083 2516 2399 2583 miscentur,
2447 2527 2636 2572 natura
2680 2527 2785 2584 est,
2833 2528 2893 2574 ut
2929 2519 3094 2576 tritici
3127 2531 3181 2576 et
3231 2520 3441 2576 hordei.
3491 2520 3658 2590 Atqui

2082 2622 2256 2676 neque
2299 2607 2546 2663 confusae
2597 2619 2748 2676 sunt,
2804 2619 2860 2665 et
2911 2619 3092 2666 tamen
3141 2611 3310 2668 semel
3348 2626 3658 2682 congressae

2081 2697 2439 2753 indivisibiles
2489 2710 2833 2765 manserunt,
2880 2701 3242 2755 diﬂ‘crentiam
3294 2717 3450 2756 suam
3483 2703 3652 2756 etiam

2079 2798 2202 2857 post
2233 2787 2531 2844 coitionem
2579 2806 2645 2846 ac
2695 2791 3114 2846 concursionem
3170 2800 3471 2847 servantes.
3513 2789 3648 2844 Pio-

2082 2880 2205 2935 inde
2233 2895 2372 2936 nova
2401 2893 2458 2936 et
2487 2873 2650 2951 plane
2686 2884 2950 2954 stupenda
2986 2882 3088 2938 l'uit
3124 2884 3213 2938 illa
3249 2885 3301 2938 in
3355 2899 3462 2939 uno
3490 2885 3655 2938 Chri-

2079 2981 2164 3024 sto
2215 2974 2559 3042 temperatio,
2611 2974 2956 3043 duarumque
3007 2974 3150 3029 inter
3193 2989 3252 3030 se
3295 2976 3652 3046 pugnantium

2080 3073 2399 3117 naturarum
2473 3065 2802 3120 commistio.
2869 3063 3136 3130 Quocirca
3217 3080 3344 3120 cum
3413 3065 3648 3121 Theolo-

2079 3169 2180 3224 gns
2211 3170 2317 3208 non
2351 3165 2558 3225 posset,
2609 3156 2688 3212 vel
2739 3157 3024 3212 misturam
3083 3156 3263 3212 solum
3317 3156 3522 3221 dicere,
3567 3159 3650 3214 vel

399 3257 576 3325 eeptio
623 3256 948 3321 nativitatis,
997 3265 1162 3326 atque
1209 3257 1286 3311 ita
1339 3267 1570 3328 utraque
1618 3260 1720 3313 sub
1751 3269 1972 3328 peccato

2078 3245 2399 3314 simpliciter
2451 3248 3028 3316 contemperationem,
3083 3258 3317 3317 utraque
3362 3263 3498 3303 voce
3551 3265 3641 3304 ne-

396 3357 501 3404 est.
545 3346 814 3412 Quoniam
873 3355 1053 3400 autem
1111 3344 1470 3408 nativitatem,
1503 3349 1968 3416 quemadmodum

397 3451 452 3495 et
520 3437 939 3494 beneficentiam
1010 3452 1139 3508 erga
1201 3454 1374 3507 genus
1424 3440 1770 3504 humanum,
1831 3456 1969 3510 prm-

395 3536 630 3585 stantem
681 3535 735 3582 et
777 3526 1152 3582 admirabilem
1191 3543 1312 3583 esse
1361 3531 1665 3598 oportebat,
1697 3548 1759 3586 ex
1794 3533 1969 3601 puella

400 3621 620 3690 Virgine
665 3619 929 3674 nascitur.
986 3630 1067 3684 ut,
1131 3627 1400 3690 quatenus
1431 3622 1700 3686 nascitur,
1751 3625 1968 3693 nuptias

395 3725 458 3764 ac
501 3710 906 3778 generationem
974 3709 1206 3764 honoret
1289 3710 1620 3781 (honorabilc
1669 3715 1814 3768 enim
1845 3732 1970 3768 cou-

394 3803 610 3856 uubium
643 3811 689 3854 et
725 3801 906 3855 thorus
933 3801 1314 3856 immaculatus
1345 3803 1452 3870 ⁷⁶);
1484 3815 1752 3874 quatenus
1784 3817 1964 3861 autent

392 3912 456 3950 ex
511 3893 750 3964 Virgine,
804 3893 1172 3965 virginitatem
1232 3893 1504 3963 praeferat,
1563 3906 1620 3952 ut
1683 3899 1968 3952 matrimo-

395 3989 482 4041 nio
525 3987 984 4042 excellentiorem.
1023 3986 1344 4058 Conceptus.
1377 3998 1462 4044 est
1491 3988 1676 4061 igitur,
1718 3991 1820 4045 hoe
1859 4002 1966 4062 est,

394 4073 446 4124 iu
531 4069 773 4140 Virginis
858 4073 1191 4140 praegnantis
1268 4083 1427 4127 utero
1492 4084 1778 4143 gestatus,
1842 4093 1965 4146 quae

391 4160 609 4229 quidem
659 4175 754 4230 per
799 4161 1035 4229 Spiritus
1069 4163 1245 4216 sant-ti
1289 4166 1804 4230 superventiouem,
1849 4176 1960 4220 tam

391 4251 594 4315 animo,
629 4265 794 4319 quam
837 4265 1065 4318 corpore
1098 4264 1440 4321 pracpurgata
1473 4265 1608 4308 erat.
1645 4255 1745 4309 Per
1783 4257 1959 4324 ipsum

387 4342 532 4394 enim
565 4343 634 4396 ab
662 4359 726 4396 eo
753 4349 974 4410 peccato
1007 4355 1306 4414 expurgatu
1337 4355 1441 4408 est,
1477 4347 1621 4415 quod
1657 4363 1721 4400 ex
1761 4349 1962 4402 nativi-

391 4443 500 4489 tate
543 4449 730 4490 secum
787 4435 1060 4498 trahebat,
1117 4437 1375 4491 nimirum
1431 4454 1460 4492 a
1505 4441 1682 4509 primo
1711 4457 1962 4512 parente

2073 3336 2314 3390 cessario
2353 3351 2483 3392 usus
2512 3347 2616 3401 est,
2663 3339 2826 3408 idque
2870 3353 2996 3393 eum
3047 3339 3346 3394 additione.
3405 3338 3642 3393 Alteram

2072 3427 2218 3481 enim
2249 3442 2444 3482 novam
2475 3429 2631 3494 dixit,
2663 3430 2889 3485 alteram
2927 3429 3330 3484 admirandam.
3365 3427 3464 3485 llic
3495 3431 3644 3486 enim

2073 3520 2257 3575 mistio
2286 3519 2664 3577 confusionem
2690 3524 2884 3588 nescit,
2911 3538 3011 3578 nec
3037 3531 3216 3578 tamen
3245 3523 3494 3576 divisioni
3517 3526 3645 3577 sub-

2069 3622 2154 3668 est
2184 3627 2200 3670 :
2232 3614 2374 3683 quod
2406 3614 2650 3684 proiecto
2688 3616 3002 3670 mirandum
3041 3624 3148 3671 est.
3184 3613 3430 3686 Utraque
3471 3615 3642 3684 igitur

2072 3705 2288 3774 utrique
2334 3707 2592 3776 adjuncta
2623 3707 2826 3769 mistio,
2858 3722 3054 3776 nempe
3107 3709 3444 3774 temperatio,
3475 3708 3648 3776 perie-

2072 3807 2241 3859 ctam,
2285 3798 2641 3868 numerisque
2697 3799 2955 3853 omnibus
3029 3799 3334 3853 absolutam
3383 3798 3648 3854 doctrinm

2069 3885 2483 3955 explicationem
2507 3898 2706 3942 servat.
2725 3885 2900 3950 Nunc,
2933 3902 3052 3954 qua:
3073 3900 3379 3956 sequuntur
3401 3889 3646 3943 excutia-

2069 3993 2191 4032 mus
2219 3995 2234 4032 :
2271 3977 2374 4042 Qui
2404 3986 2480 4032 est
2500 4021 2516 4044 ,
2547 3977 2630 4046 ﬁt,
2662 3987 2771 4033 etc.
2801 3977 3038 4032 Diversis
3071 3978 3248 4033 modis
3278 3979 3329 4034 id
3367 3981 3512 4048 quod
3538 3991 3644 4045 est,

2068 4066 2184 4120 ﬁeri
2237 4067 2461 4122 dicitur.
2511 4066 2713 4132 Primo,
2749 4083 2897 4131 cum,
2949 4077 3205 4136 corrupta
3243 4070 3648 4138 praeessisteute

2065 4159 2398 4224 substantia,
2433 4157 2581 4213 aliud
2608 4160 2865 4228 quiddam
2886 4175 2950 4213 ex
2979 4173 3041 4212 ea
3069 4157 3269 4214 factum
3286 4169 3388 4214 est.
3425 4161 3538 4225 Qua
3571 4159 3646 4215 si-

2064 4251 2412 4320 guiticatione
2435 4266 2596 4306 ovum
2619 4266 2770 4305 avem
2807 4251 2920 4306 ﬁeri
2945 4251 3198 4316 dicimus,
3225 4262 3279 4306 ct
3298 4252 3380 4306 lac
3399 4267 3644 4316 caseum,

2063 4355 2119 4396 ct
2146 4342 2318 4396 lutum
2345 4351 2567 4409 testam,
2607 4353 2660 4398 et
2709 4359 2930 4397 arenam
2969 4342 3192 4398 vitrum.
3240 4343 3427 4400 Altero
3457 4346 3643 4407 modo,

2068 4449 2233 4496 cum,
2274 4433 2539 4488 incolumi
2594 4447 2648 4489 et
2694 4435 2980 4490 immutata
3038 4444 3290 4489 manente
3331 4437 3640 4491 substantia

387 4526 718 4596 proliuvum,
744 4535 908 4596 atque
931 4532 997 4582 ad
1023 4527 1340 4584 universum
1366 4530 1536 4598 ipsius
1567 4548 1739 4600 genus
1770 4534 1954 4588 fusum

2078 4528 2496 4597 praeessistente,
2543 4542 2640 4596 per
2668 4526 2922 4582 accidens
2951 4527 3152 4596 aliquid
3187 4536 3441 4594 praeterea
3466 4527 3640 4581 urtici-

385 4627 830 4690 t-tpropagatutn.
865 4618 954 4674 Sic
983 4619 1126 4675 enim
1152 4621 1376 4690 angelus
1405 4637 1523 4676 eam
1543 4623 1812 4680 allocutus
1835 4637 1914 4680 est
1939 4643 1955 4681 :

386 4709 624 4776 Spiritus
676 4719 892 4765 sanctus
921 4713 1247 4782 superueniet
1284 4713 1340 4767 in
1387 4722 1456 4778 te,
1499 4725 1548 4768 et
1575 4714 1752 4771 uirtus
1793 4719 1959 4774 Altis-

385 4805 503 4856 simi
535 4803 868 4858 obumbrabit
907 4806 1002 4859 tibi
1049 4807 1118 4862 ⁷⁷.
1162 4804 1365 4862 Verum
1423 4817 1481 4862 nt
1520 4809 1585 4862 ad
1625 4824 1738 4864 rem
1775 4810 1961 4866 redea-

386 4910 530 4954 mus,
567 4895 810 4966 virgineo
838 4897 1055 4970 quidem
1089 4907 1244 4953 utero
1271 4908 1514 4969 gestatus
1543 4911 1626 4956 est
1667 4901 1954 4968 Dominus,

385 4987 584 5052 prodiit
605 4997 781 5042 autem
800 5004 864 5043 ac
878 4998 1178 5058 prognatus
1201 5001 1283 5045 est
1304 5007 1428 5046 cum
1455 5009 1620 5047 carne
1647 5004 1952 5064 assumpta,

385 5087 525 5126 unus
549 5074 822 5128 essistens
851 5091 916 5130 ex
941 5075 1155 5133 duabus
1183 5080 1416 5148 naturis,
1437 5095 1601 5136 carae
1623 5083 1878 5137 nimirum
1905 5094 1960 5140 et

384 5164 606 5231 spiritu.
644 5163 693 5216 id
723 5175 831 5226 est.
856 5165 1141 5223 divinitate
1170 5182 1226 5224 et
1269 5172 1628 5237 humanitate,
1661 5177 1957 5230 contrariis

383 5253 602 5322 quidem
627 5253 768 5308 inter
795 5270 876 5316 se,
915 5255 1022 5312 hoc
1043 5267 1148 5324 est,
1181 5261 1412 5318 diversis
1451 5264 1746 5336 (quatenus
1782 5267 1950 5320 altera

385 5359 510 5410 pars
533 5342 715 5396 divina
736 5353 854 5399 erat
875 5353 1094 5407 natura,
1121 5348 1290 5403 altera
1317 5350 1578 5421 humana)
1600 5352 1652 5405 in
1678 5369 1839 5407 uuam
1867 5353 1960 5407 Dei

387 5448 672 5500 personam
711 5437 1186 5493 concurrentibus.
1228 5437 1364 5494 Nam
1409 5451 1632 5512 prepter
1661 5443 1962 5515 hypostati-

387 5537 508 5575 eam
529 5521 761 5580 dnarum
787 5524 1330 5592 harumfnaturarum
1361 5531 1642 5596 unionem,
1668 5548 1810 5586 unus
1835 5551 1960 5588 cum

387 5615 722 5672 humanitate
738 5626 1018 5689 assumpta
1035 5619 1292 5677 Christus
1309 5637 1470 5678 natus
1489 5633 1593 5686 est,
1613 5639 1720 5678 non
1743 5626 1962 5695 quidem

462 5788 508 5819 "
540 5785 698 5845 ilelr.
735 5806 808 5858 tv,
844 5793 928 5848 15.
1005 5794 1050 5827 ’⁵
1085 5792 1229 5851 Psal.
1259 5813 1310 5865 ι,
1341 5795 1390 5851 7.
1471 5797 1513 5830 ⁷⁸³
1555 5794 1718 5854 llebr.
1759 5815 1877 5862 xm,
1911 5799 1962 5854 i.

2071 4630 2161 4674 tur
2187 4635 2204 4672 :
2237 4635 2344 4687 quo
2373 4635 2536 4674 sensu
2569 4619 2800 4674 dicimus
2819 4635 2883 4674 es
2902 4634 3007 4672 tere
3029 4627 3262 4673 statuam
3289 4617 3481 4672 factam
3499 4635 3642 4673 esse.

2067 4713 2226 4765 Salva
2270 4712 2413 4766 enim
2448 4721 2503 4764 et
2549 4711 2808 4765 incolumi
2854 4722 3110 4764 manente
3154 4709 3452 4764 substantia
3484 4713 3634 4771 turis.

2069 4804 2242 4858 forma
2272 4804 2492 4872 insuper
2519 4805 2751 4858 accessit
2780 4819 2794 4856 :
2822 4803 2901 4858 sic
2929 4803 3090 4858 etiam
3122 4802 3396 4857 hominem
3429 4801 3639 4872 justum

2066 4905 2116 4951 et
2148 4903 2396 4952 sanctum
2426 4895 2768 4963 iactumﬁesse
2793 4893 3046 4949 dicimus.
3073 4893 3254 4948 Tertio
3279 4895 3462 4959 modo,
3489 4909 3636 4957 cunt,

2070 4987 2409 5058 praecedente
2443 4986 2749 5041 substantia
2801 4985 3010 5056 integra
3044 4995 3319 5049 manente,
3357 4985 3463 5038 alia
3501 4987 3636 5038 sub-

2069 5078 2266 5132 stantia
2320 5077 2543 5146 insuper
2591 5077 2894 5132 assumitur
2931 5092 2944 5128 :
2977 5074 3134 5142 juxta
3167 5090 3329 5140 quam
3357 5073 3606 5141 signiﬁca
3628 5100 3642 5114 -

2071 5171 2273 5224 tionem
2329 5178 2600 5224 armatum
2655 5167 2855 5223 factum
2909 5181 3033 5222 esse
3093 5166 3321 5222 militem
3377 5165 3637 5218 dicimus.

2067 5262 2242 5330 Atque
2281 5261 2336 5315 in
2395 5259 2500 5315 hoc
2540 5260 2702 5314 tertio
2754 5258 3060 5328 signiﬁcatu
3098 5257 3260 5310 verba
3297 5257 3410 5310 haec
3441 5257 3640 5310 intelli-

2067 5353 2239 5422 genda
2293 5361 2440 5408 sunt.
2495 5350 2597 5416 Qui
2630 5362 2730 5410 est.
2761 5352 2844 5420 ﬁt.
2917 5351 3050 5403 Cum
3103 5347 3248 5400 enim
3293 5356 3440 5402 esset
3473 5349 3636 5408 Deus,

2069 5443 2234 5496 homo
2266 5443 2428 5497 etiam
2493 5441 2669 5496 iactus
2719 5451 2824 5503 est,
2873 5456 2939 5495 ac
2993 5439 3182 5492 militis
3235 5453 3388 5491 more
3414 5453 3634 5492 carnem

2070 5532 2328 5597 induens,
2362 5544 2570 5588 natura;
2622 5543 2820 5589 nosti-te
2875 5533 3091 5586 hostem
3124 5529 3418 5598 Oppressit.
3461 5529 3636 5584 Porro

2071 5624 2182 5677 haec
2214 5623 2376 5678 verba
2411 5640 2426 5677 :
2462 5623 2565 5690 Qui
2609 5634 2708 5692 est,
2749 5624 2830 5693 ﬁt,
2883 5635 2929 5678 et
2966 5623 3236 5676 inci-catus
3283 5628 3515 5684 creatur,
3564 5633 3636 5672 ea

2041 5800 2085 5870 '_'
2121 5796 2250 5855 Luc.
2289 5814 2324 5866 ι,
2362 5801 2414 5855 3.
