4116 6416
390 363 527 427 1245

1343 353 1669 420 NICETAS
1710 352 1791 414 IN
1830 351 2057 413 ORAT.
2098 349 2265 412 XLII
2307 352 2368 413 S.
2412 350 2644 412 GREG.

3519 357 3655 425 i346

385 478 558 547 ligura
622 471 977 546 proferuntur
1009 514 1023 540 ,
1097 489 1205 545 qua
1276 484 1499 546 propter
1566 472 1962 545 hypostaticam
1995 473 2042 530 Α
2073 476 2210 533 erat,
2261 477 2464 538 etquae
2515 469 2771 536 habebat,
2828 479 3050 542 propter
3097 472 3511 529 instaurationis
3559 491 3653 545 ge-

348 556 749 630 'identitatem,
782 572 1141 633 mutunmqne
1177 563 1400 618 alterius
1444 561 1496 614 in
1534 560 1759 615 alteram
1782 566 1964 611 trans-

385 657 544 721 itum,
611 665 842 727 uit-aque
908 663 1101 709 natura
1175 654 1332 709 alteri
1419 653 1781 724 proprietates
1834 661 1965 703 suas

382 750 775 804 communicat.
836 748 955 815 Qua
1010 747 1223 803 ratione
1278 746 1435 801 nobis
1499 745 1567 800 de
1623 742 1844 799 Christo
1896 740 1962 794 ad

380 843 530 896 hunc
570 841 792 895 modum
854 841 1002 912 loqui
1058 841 1186 895 licet
1239 857 1253 894 :
1310 838 1413 893 Hic
1483 838 1623 891 Deus
1686 843 1861 889 noster
1909 834 1964 885 in

381 944 525 988 terra
566 934 706 987 risus
732 943 808 987 est
835 933 901 987 ⁷⁸.
955 931 1021 987 Εῑ
1071 950 1084 987 :
1136 929 1236 986 llic
1263 934 1426 985 homo
1460 931 1737 985 iucreatus
1774 924 1881 990 est,
1912 934 1967 980 et

378 1028 449 1080 ab
497 1025 787 1080 ail‘eetibus
836 1024 1048 1079 alienus
1077 1062 1093 1088 ,
1149 1033 1311 1092 atque
1357 1017 1961 1091 incomprehensibilis;

378 1116 840 1187 quemadmodum
904 1116 1006 1170 hoc
1080 1130 1299 1185 quoque
1349 1113 1468 1169 loco
1530 1112 1667 1167 dixit
1722 1109 1961 1165 Theolo-

377 1225 480 1280 gns
513 1225 528 1261 :
559 1207 664 1274 Qui
694 1219 794 1275 est,
851 1210 933 1274 ﬁt,
965 1218 1012 1262 et
1046 1208 1314 1263 increatus
1373 1213 1608 1260 creatur.
1671 1202 1964 1257 Enimvero

376 1313 504 1351 eum
568 1297 660 1367 qui
709 1308 814 1360 est,
880 1297 992 1351 lieri
1046 1314 1061 1351 :
1108 1306 1164 1352 et
1213 1311 1337 1352 eum
1388 1296 1482 1366 qui
1537 1295 1813 1350 increatus
1856 1299 1962 1358 est,

377 1390 581 1453 creari,
634 1391 848 1445 tametsi
882 1390 1132 1445 mirabile
1170 1397 1280 1453 est,
1320 1404 1427 1442 non
1460 1397 1638 1442 tamen
1679 1387 1730 1442 id
1765 1402 1962 1441 secun-

377 1485 506 1537 dum
562 1483 921 1537 mutationem
974 1482 1351 1552 accipiendum
1387 1489 1491 1545 est,
1526 1494 1715 1534 verum
1759 1494 1964 1534 secun-

377 1590 507 1646 pum
566 1575 1018 1644 assumptionem.
1078 1572 1213 1628 Nam
1258 1572 1314 1628 id
1357 1572 1502 1644 quod
1549 1581 1666 1627 erat
1714 1586 1961 1635 manens,

377 1668 430 1721 id
463 1667 603 1737 quod
640 1682 747 1721 non
800 1676 917 1721 erat
968 1666 1288 1737 assumpsit.
1343 1665 1496 1732 Quod
1529 1674 1713 1720 autem
1753 1664 1957 1734 inquit,

375 1773 502 1812 cum
540 1758 633 1828 qui
667 1757 815 1813 nullo
841 1757 961 1814 loco
991 1758 1112 1827 capi
1167 1773 1233 1813 ac
1258 1757 1526 1814 contineri
1558 1765 1757 1828 potest,
1787 1757 1963 1812 conti-

2069 561 2219 617 neris
2278 561 2504 616 humani
2557 562 2878 629 consilium,
2924 564 3209 619 occultans
3265 581 3325 618 ea
3381 582 3504 635 qme
3546 582 3652 618 nou

2067 663 2206 718 erat,
2233 669 2330 707 nec
2371 653 2625 718 habebat,
2662 656 2983 723 assumpsit,
3021 664 3080 710 ut
3122 654 3470 725 perfectionis
3508 655 3655 711 illius

2069 742 2183 812 ipse
2214 743 2480 814 particeps
2517 744 2643 799 liam
2668 784 2684 809 ,
2737 745 2996 800 nimirum
3033 746 3168 802 deus
3199 762 3417 817 quoque
3455 748 3653 802 iactus.

2069 834 2240 890 Porro
2284 834 2611 893 inanitionis
2661 851 2859 891 nomen
2887 852 2950 892 ex
2984 836 3133 890 Pauli
3177 838 3242 892 ad
3274 836 3651 909 Philippenses

2068 926 2309 996 Epistola
2352 937 2629 998 sumptura
2687 936 2792 995 est,
2830 930 2919 983 ubi
2957 929 3038 984 sic
3075 929 3140 982 de
3179 930 3398 984 Christo
3449 930 3651 985 scribi-

2068 1032 2157 1075 tur
2195 1041 2208 1076 :
2244 1020 2486 1091 Seipsum
2519 1021 2834 1087 exinanivit,
2877 1021 3105 1092 formam
3130 1024 3265 1076 serui
3288 1022 3553 1090 accipiens
3582 1024 3652 1076 "°.

2067 1115 2434 1170 Plenitudinis
2487 1124 2670 1170 autem
2706 1132 2904 1171 nomen
2947 1131 3010 1169 ex
3041 1113 3273 1171 Joannis
3308 1115 3604 1185 Evangelia
3636 1133 3649 1168 :

2067 1206 2148 1263 De
2208 1209 2540 1278 plenitudine
2585 1209 2725 1264 enim
2787 1209 2995 1278 ipsius,
3049 1208 3266 1278 inquit,
3327 1225 3423 1263 nos
3479 1224 3655 1261 omnes

2067 1302 2368 1371 accepimus
2404 1302 2498 1355 ⁸⁸⁸.
2536 1300 2663 1355 Erat
2708 1312 2889 1356 autem
2934 1315 3164 1355 summae
3205 1301 3463 1370 potentiae
3498 1317 3658 1371 argu-

2067 1402 2313 1445 mentum
2362 1390 2453 1445 illa
2501 1389 2755 1445 inanitio.
2807 1389 3037 1444 Eximius
3092 1390 3238 1445 enim
3299 1399 3464 1461 atque
3513 1405 3653 1444 exu-

2068 1483 2312 1538 lierantis
2342 1482 2629 1552 cujusdam
2681 1482 2940 1553 potentiae
2988 1491 3107 1535 erat
3141 1481 3359 1537 excelso
3402 1481 3500 1547 illi,
3539 1492 3659 1537 tan-

2070 1584 2257 1643 topere
2299 1573 2584 1641 humiliari
2618 1574 2880 1643 potuisse.
2936 1573 3205 1639 Quocirca
3249 1590 3375 1629 cum
3424 1574 3659 1628 admira-

2069 1664 2221 1719 tione
2246 1665 2362 1720 hac
2406 1665 2683 1721 connectit
2717 1664 3055 1736 Theologus,
3091 1667 3284 1723 dicens
3329 1685 3343 1721 :
3392 1667 3658 1731 Quaenam

2068 1756 2153 1811 har
2212 1754 2414 1810 divina:
2468 1756 2741 1812 bonitatis
2789 1757 3016 1821 divitiae,
3060 1768 3116 1812 et
3170 1758 3343 1827 copia:
3388 1758 3660 1812 bonitatis

376 1849 523 1917 neri,
556 1850 661 1904 hoc
682 1863 811 1904 vero
840 1849 951 1905 vita
988 1865 1248 1905 arcanum
1274 1858 1358 1904 est
1385 1857 1440 1905 et
1467 1849 1709 1916 difﬁcile,
1734 1849 1960 1904 utnulla
1996 1815 2038 1871 Β
2070 1848 2208 1903 Dei?
2256 1848 2549 1915 Quodnam
2592 1866 2680 1906 me
2713 1849 3035 1906 circumstat
3079 1850 3447 1921 mysterium?
3495 1867 3653 1906 arca-

378 1940 594 1997 ratione
613 1941 875 2012 explicari
908 1950 1093 2012 queat,
1117 1957 1215 1997 nec
1241 1941 1388 1997 aliud
1415 1941 1714 2012 quidquam
1740 1942 1842 1996 dici
1866 1957 1962 2012 po-

379 2041 509 2098 test,
540 2047 704 2103 quam
732 2035 878 2103 quod
920 2033 992 2088 oh
1014 2033 1371 2088 excellentem
1402 2037 1655 2102 potenti-.e
1688 2035 1964 2103 inaguitu-

378 2124 588 2189 dinem,
632 2124 735 2179 hoc
779 2126 1081 2193 perfectum
1132 2132 1238 2181 est.
1291 2125 1470 2195 Atque
1522 2126 1684 2181 etiam
1740 2126 1962 2181 modum

377 2218 542 2286 hujus
574 2217 1084 2288 comprehensionis
1132 2218 1378 2288 exponit.
1442 2219 1639 2273 Anima
1682 2218 1851 2285 enim,
1884 2218 1966 2273 in-

376 2311 543 2381 quit,
620 2309 765 2365 inter
818 2309 1163 2365 divinitatem
1231 2311 1593 2381 corporisque
1659 2313 1965 2367 crassitiem

377 2400 559 2455 media
595 2400 933 2465 intercessit,
974 2400 1079 2455 hoc
1112 2411 1217 2467 est,
1250 2400 1576 2471 interposita
1610 2403 1791 2456 anima
1822 2401 1967 2460 Deus

378 2509 505 2549 cum
537 2509 702 2549 carne
724 2493 952 2563 junctus
986 2503 1091 2549 est.
1124 2493 1318 2548 Anima
1345 2495 1489 2549 enim
1530 2505 1751 2565 propter
1772 2495 1967 2566 imagi-

378 2586 465 2641 nis
486 2586 801 2656 dignitatem
827 2595 990 2656 atque
1011 2585 1340 2657 intelligendi
1365 2586 1469 2640 vim
1495 2588 1600 2641 Deo
1616 2587 1966 2656 conjunctior

378 2689 483 2734 est.
535 2682 614 2734 Ae
674 2678 900 2749 proinde
954 2680 1070 2733 hac
1114 2680 1309 2749 prima,
1359 2687 1418 2734 ut
1462 2678 1704 2734 materiae
1746 2694 1961 2750 expers,

379 2769 680 2825 divinitatis
730 2769 1002 2839 particeps
1050 2767 1192 2824 facta
1240 2779 1342 2834 est,
1393 2783 1457 2824 ac
1500 2784 1598 2839 per
1630 2783 1750 2823 eam
1797 2768 1964 2824 etiam

377 2875 530 2916 caro.
584 2846 772 2931 Neque
820 2861 968 2916 enim
1021 2860 1139 2915 lleri
1193 2860 1354 2914 aliter
1408 2869 1609 2929 potest,
1654 2859 1787 2929 quin
1820 2859 1964 2929 quod

383 2952 729 3024 hyposmtiea
789 2954 992 3007 unione
1061 2953 1416 3022 conjunctum
1480 2961 1601 3015 est,
1664 2950 1966 3005 divinitatis

379 3043 568 3114 gloria:
598 3044 668 3097 sit
695 3043 987 3113 particeps.
1021 3040 1099 3097 Ita
1136 3043 1311 3098 media
1340 3042 1617 3112 inteijevta
1646 3053 1761 3098 erat
1785 3044 1965 3098 anima

380 3132 523 3187 inter
562 3133 900 3188 divinitatem
951 3140 1007 3189 et
1073 3147 1316 3200 carnem,
1383 3148 1448 3187 ac
1510 3148 1604 3202 per
1658 3150 1778 3187 eam
1839 3148 1963 3187 cum

2067 1957 2196 1996 num
2269 1952 2326 1999 et
2398 1941 2701 1998 occultum.
2768 1942 2938 2009 Quasi
2995 1942 3205 1998 diceret
3261 1960 3275 1997 :
3343 1942 3485 2010 Quid
3553 1943 3657 1998 sibi

2067 2035 2184 2090 vult
2228 2036 2413 2101 Deus,
2454 2034 2603 2105 quod
2669 2049 2892 2091 carnem
2939 2050 3115 2089 meam
3165 2034 3407 2102 accipit?
3462 2034 3657 2090 Postea

2068 2127 2298 2183 dubium
2354 2128 2524 2193 illud,
2582 2128 2729 2198 quod
2772 2144 2896 2183 cum
2945 2128 3311 2183 admiratione
3363 2128 3658 2193 extulerat,

2071 2222 2254 2288 Solvit,
2282 2233 2443 2292 atque
2471 2221 2548 2276 ait
2588 2238 2604 2275 :
2656 2220 2956 2290 Imaginem
2998 2220 3211 2291 accepi.
3252 2235 3354 2275 nec
3387 2236 3508 2275 eam
3539 2235 3659 2275 sar-

2071 2323 2181 2369 tam
2227 2322 2539 2384 tectamque
2590 2311 2786 2379 habui,
2833 2327 3024 2367 verum
3084 2328 3181 2381 per
3227 2323 3512 2381 peccatum
3574 2312 3661 2367 la-

2072 2405 2366 2462 bel'actavi.
2444 2405 2530 2463 Ob
2582 2406 2726 2461 hanc
2785 2420 3010 2460 causam
3067 2401 3365 2469 Christus,
3420 2402 3658 2467 videns,

2068 2498 2340 2570 quidquid
2398 2498 2465 2553 de
2512 2512 2612 2555 suo
2659 2498 2715 2552 in
2757 2512 2882 2552 meo
2929 2510 3162 2565 corpore
3228 2495 3550 2557 collocarat,
3606 2495 3658 2549 id

2072 2599 2246 2645 totum
2283 2606 2314 2645 a
2362 2590 2626 2660 pestifero
2662 2597 2901 2658 peccato
2956 2588 3149 2653 deleri,
3192 2588 3375 2643 carnis
3424 2604 3558 2643 meae
3600 2588 3660 2641 tit

2074 2682 2349 2752 particeps
2376 2689 2459 2749 ut,
2502 2680 2760 2752 suppleas
2799 2681 2851 2735 id
2882 2679 3028 2750 quod
3074 2680 3211 2734 mihi
3281 2683 3484 2743 deerat,
3516 2680 3657 2733 ima-

2074 2774 2297 2842 ginem,
2368 2773 2421 2827 id
2474 2782 2559 2828 est
2627 2772 2826 2827 animze
2891 2773 3262 2842 dignitatem,
3325 2771 3653 2825 incolumem

2072 2872 2312 2931 tueatur,
2368 2878 2433 2918 ac
2493 2879 2591 2934 per
2625 2872 2782 2918 suam
2834 2878 2864 2918 a
2899 2863 3131 2919 mortuis
3180 2862 3643 2919 resurrectionem

2071 2954 2224 3010 carni
2277 2954 2744 3008 immortalitatem
2779 2952 2990 3009 all’erat.
3037 2951 3182 3019 Quin
3218 2953 3381 3007 etiam
3414 2968 3657 3022 prmsens

2072 3048 2178 3103 hoc
2240 3047 2608 3113 consortium,
2663 3062 2774 3116 quo
2835 3047 3152 3112 nobiscum,
3205 3054 3428 3116 propter
3484 3046 3657 3115 hypo—

2072 3142 2324 3195 staticam
2390 3139 2673 3202 unionem,
2723 3138 2995 3209 jungitur,
3051 3137 3219 3206 priori
3277 3137 3368 3191 illo
3417 3138 3657 3191 admira-

380 3224 496 3294 ipsa
544 3240 761 3296 quoque
808 3241 972 3281 carne
1023 3225 1174 3280 unita
1217 3235 1301 3280 est
1353 3225 1633 3280 divinitas.
1683 3222 2037 3280 CrassitieiC
2078 3231 2242 3285 bilius
2293 3238 2377 3285 est,
2429 3237 2483 3284 et
2539 3227 2852 3283 sublimius.
2890 3228 3030 3282 Tum
3084 3228 3230 3282 enim
3284 3229 3415 3282 unio
3449 3227 3658 3281 ratione

380 3326 564 3372 autem
615 3318 943 3372 vocabulum
998 3318 1251 3387 adjunxit
1292 3316 1607 3389 Gregorius,
1669 3330 1727 3372 ut
1776 3318 1969 3373 ineﬂ'a-

382 3410 547 3465 bilem
622 3409 715 3465 Dei
798 3410 1161 3465 humilitatem
1241 3424 1306 3465 ac
1363 3410 1725 3479 dejectionem
1784 3420 1971 3465 osten-

383 3503 556 3568 deret,
614 3503 705 3573 qui
761 3512 912 3558 tanto
958 3518 1147 3557 amore
1198 3502 1450 3557 homines
1492 3503 1813 3571 complexus
1861 3513 1966 3570 est,

383 3604 442 3649 ut
488 3610 679 3650 eorum
731 3610 901 3651 causa
953 3611 1076 3650 cum
1130 3597 1356 3649 materia
1405 3595 1662 3665 conjungi
1713 3612 1821 3652 non
1870 3596 1972 3650 dn-

384 3686 637 3741 bitaverit
670 3704 682 3739 :
714 3687 821 3753 Qui
848 3687 984 3743 alios
1038 3687 1198 3752 ditat,
1254 3703 1456 3757 pauper
1511 3688 1734 3756 eﬁicitur
1787 3702 1806 3742 :
1857 3702 1966 3743 non

382 3789 651 3848 quantum
699 3780 765 3833 ad
825 3780 1108 3849 pecunias,
1158 3779 1253 3834 sed
1308 3786 1571 3849 quantum
1622 3782 1688 3833 ad
1744 3794 1967 3835 carnem

382 3869 704 3923 humanam.
757 3868 972 3940 Pauper
998 3870 1143 3925 enim
1179 3884 1308 3925 caro
1334 3877 1441 3935 est,
1477 3879 1538 3925 ut
1572 3870 1759 3925 multis
1800 3871 1968 3927 rebus

380 3962 450 4018 ad
487 3962 571 4016 sui
613 3963 1094 4019 conservationem
1143 3977 1283 4034 Opus
1314 3962 1543 4019 habens.
1573 3961 1777 4019 Contra
1814 3962 1970 4021 dives

385 4061 468 4108 est
498 4052 781 4119 divinitas,
814 4063 875 4108 ut
925 4054 1075 4108 nulla
1132 4054 1357 4109 omnino
1400 4070 1459 4110 re
1510 4054 1783 4124 indigens.
1844 4053 1971 4109 Haec

384 4154 567 4200 autem
614 4146 793 4219 _verba
840 4161 908 4200 ex
965 4145 1208 4201 secunda
1254 4145 1325 4201 ad
1375 4145 1691 4205 Corinthios
1724 4146 1969 4220 Epistola

383 4248 671 4293 mutuatus
716 4245 822 4303 est,
880 4239 934 4291 in
991 4252 1103 4307 qua
1157 4238 1237 4292 sic
1285 4240 1549 4307 scriptum
1602 4247 1685 4295 est
1741 4259 1755 4295 :
1811 4240 1969 4296 Scitis

385 4331 530 4387 enim
581 4332 811 4401 gratiam
878 4330 1093 4385 Domini
1150 4332 1319 4384 nostri
1382 4329 1513 4387 Jesu
1556 4331 1779 4397 Christi,
1844 4337 1971 4405 quia

381 4429 596 4491 propter
633 4438 722 4477 vos
763 4439 953 4493 egenus
994 4421 1169 4493 factus
1205 4433 1304 4488 est,
1347 4439 1467 4477 cum
1515 4426 1657 4479 dives
1704 4437 1854 4493 esset,
1912 4436 1971 4481 ut

384 4530 474 4569 eos
508 4517 622 4579 eius
671 4526 984 4586 paupertate
1030 4516 1218 4571 divites
1274 4519 1455 4572 essetis
1504 4518 1573 4573 "’.
1632 4520 1804 4591 Atque
1854 4521 1971 4576 harc

384 4606 603 4676 quidem
631 4623 697 4662 ex
726 4608 818 4662 illo
848 4606 969 4662 loco
1022 4608 1279 4677 sumpsit.
1332 4609 1451 4679 Ipse
1478 4619 1659 4665 autem
1694 4611 1965 4681 adjunxit,

387 4709 553 4770 atque
593 4703 849 4771 exposuit
889 4716 1008 4771 quae
1049 4702 1160 4758 sint
1218 4703 1301 4757 liae
1349 4701 1549 4757 divitia:
1586 4717 1724 4774 quas
1781 4719 1971 4759 conse-

386 4792 504 4846 cuti
542 4789 772 4857 fuimus,
814 4793 1075 4847 nimirum
1104 4794 1382 4849 divinitas.
1416 4794 1518 4862 Qui
1552 4794 1745 4865 plenus
1772 4806 1876 4864 est,
1906 4806 1966 4852 ut

386 4885 553 4950 Deus,
578 4894 895 4954 evacuatur,
930 4896 1117 4956 utpote
1167 4886 1331 4941 homo
1362 4886 1559 4943 I'actus.
1605 4888 1967 4943 lnanitionem

386 4987 573 5035 autem
613 4988 787 5047 .vocat
840 4979 1265 5034 submissionem
1313 4980 1458 5033 illam
1510 4979 1709 5035 divinae
1761 4980 1969 5051 gloria),

384 5086 454 5125 ac
534 5069 889 5126 sublimitatis
948 5070 1331 5140 abjectionem.
1403 5069 1728 5128 Exinanitus
1784 5080 1967 5127 autem

385 5175 512 5217 esse
558 5162 783 5226 dicitur,
839 5171 898 5216 ut
936 5170 1062 5215 ante
1109 5159 1469 5215 inanitionem
1510 5160 1565 5215 in
1622 5170 1816 5216 natura
1871 5176 1970 5217 sua

387 5255 782 5326 plenitudinem
825 5254 1052 5317 habens,
1084 5260 1354 5323 quatenus
1390 5253 1530 5308 Deus
1565 5255 1967 5309 consideratur.

388 5348 516 5402 llzec
563 5363 692 5403 vero
748 5349 929 5402 omnia
988 5363 1095 5402 non
1148 5346 1490 5411 mutationis,
1541 5347 1635 5401 sed
1674 5358 1971 5416 assumpta:

391 5440 752 5502 humanitatis
785 5443 998 5496 ratione
1046 5439 1398 5507 intelligenda
1439 5448 1589 5495 sunt.
1630 5438 1784 5506 Quod
1816 5442 1967 5495 enim

461 5560 506 5592 ⁷⁸
540 5563 757 5616 Baruch
793 5577 874 5627 ιιι,
915 5554 1005 5616 58.
1081 5561 1126 5593 ⁷⁹
1166 5559 1208 5614 ll
1239 5559 1366 5615 Cor.
1396 5576 1515 5623 vm,
1550 5560 1605 5614 9.

461 5656 573 5726 (19)
594 5658 772 5711 Animi
787 5672 940 5711 sensa
973 5672 1089 5709 cum
1117 5656 1354 5710 oratione
1383 5664 1695 5726 congruunt.
1733 5653 1798 5709 G.
1836 5671 1969 5708 κατ-

388 5727 637 5798 αλλήλως
680 5728 794 5796 ἔχει
848 5726 1100 5796 τῷλόγῳ
1142 5727 1202 5779 τὸ
1239 5732 1436 5798 νόημα.
1487 5728 1599 5794 ligo
1658 5728 1968 5798 tatnenltic

390 5796 652 5854 mendum
712 5814 835 5855 esse
902 5802 1179 5869 susjiicor,
1236 5796 1645 5868 ac'lcgrndutn
1688 5796 1747 5848 τὸ
1805 5796 1963 5865 λόγου

1682 5558 1727 5590 ⁸ο
1765 5557 1999 5630 Philipp.
2032 5577 2092 5628 tr,
2125 5560 2176 5613 7.

2074 3319 2330 3390 imaginis
2373 3330 2566 3375 erat.:
2629 3333 2780 3374 nunc
2833 3327 3016 3373 autem
3069 3318 3281 3372 ratione
3326 3318 3654 3389 hypostasis.

2070 3412 2275 3469 Adlnec
2311 3400 2600 3467 deifo'rmis
2641 3418 2772 3464 tunc
2828 3410 3052 3480 quidem
3097 3425 3192 3482 per
3227 3410 3485 3481 imaginis
3519 3427 3654 3467 con-

2074 3504 2311 3559 sortium
2398 3502 2568 3557 homo
2636 3500 2983 3556 efficiebatur
3024 3519 3056 3555 ,ε
3119 3517 3267 3556 mine
3328 3511 3510 3558 autem
3566 3516 3664 3572 per

2072 3593 2334 3648 unionem
2423 3591 2822 3663 hyposlaticam
2907 3607 3015 3646 non
3089 3592 3377 3647 deil‘ormis
3436 3593 3658 3660 solum,

2071 3686 2163 3741 sed
2215 3683 2380 3738 etiam
2408 3681 2585 3737 deus:
2642 3683 3107 3753 quemadmodum
3167 3696 3355 3739 noster
3387 3686 3527 3739 idem
3561 3701 3662 3741 au-

2070 3787 2192 3832 ctor
2214 3774 2322 3830 alio
2364 3773 2511 3840 loco,
2533 3773 2601 3830 de
2624 3773 2983 3828 humanitatis
3010 3777 3389 3845 assumptione
3409 3778 3661 3846 loquens,

2070 3869 2148 3926 ait
2190 3889 2204 3927 :
2238 3869 2521 3925 Audenter
2550 3883 2769 3939 quoque
2809 3868 2955 3933 dico,
2991 3868 3220 3921 σύνθεον
3255 3871 3548 3924 condcum.

2140 3964 2260 4021 Col.
2309 3961 2416 4017 654
2456 3960 2520 4017 C.
2580 3959 2840 4016 PSELLUS.
2885 3959 3066 4013 Patris
3119 3962 3379 4013 terminus
3422 3970 3472 4015 et
3520 3964 3660 4015 ratio

2073 4051 2190 4125 (Gr.
2225 4055 2349 4125 ὄρος
2376 4050 2472 4104 καὶ
2498 4050 2702 4121 λόγος).
2730 4048 2954 4103 Divinas
2976 4048 3062 4102 Itic
3094 4049 3300 4114 doctor,
3334 4049 3387 4102 in
3419 4050 3660 4106 omnibus

2072 4144 2381 4200 Aristotelis
2439 4149 2489 4196 et
2552 4140 2797 4195 Platonis
2846 4139 3205 4195 voluminibus
3259 4142 3661 4196 accuratissime

2073 4251 2336 4303 versatus,
2371 4252 2509 4290 nunc
2544 4237 2662 4297 hoc,
2690 4249 2830 4288 nunc
2859 4234 2967 4287 alio
2998 4233 3155 4287 modo
3183 4234 3247 4288 de
3287 4233 3476 4288 iisdem
3506 4236 3659 4288 rebus

2071 4333 2310 4387 disserit.
2357 4331 2625 4396 Quoniam
2675 4329 2817 4383 enim
2874 4327 2958 4382 illi
3016 4344 3150 4381 nunc
3210 4345 3426 4382 causam
3488 4329 3662 4399 effecti

2073 4426 2334 4478 rationem
2358 4439 2469 4476 esse
2498 4423 2671 4483 aiunt,
2705 4436 2844 4473 nunc
2878 4429 3067 4474 contra
3108 4421 3352 4490 elfectum
3377 4438 3569 4487 causw,
3593 4406 3685 4475 ad

2000 4559 2049 4618 η
2076 4531 2238 4585 quam
2269 4514 2379 4567 vult
2413 4513 2728 4567 sententiam
2760 4522 2808 4566 et
2839 4510 2880 4584 ἰ·
2905 4520 3062 4582 prout
3105 4513 3275 4565 animi
3327 4528 3483 4566 sensa
3544 4529 3661 4565 cum

2077 4611 2319 4665 oratione
2346 4618 2639 4678 congruunt
2667 4604 2800 4677 (ιο),
2826 4620 3006 4659 eorum
3038 4604 3369 4674 philosophia
3403 4604 3662 4657 abutitur.

2078 4701 2161 4756 Ne
2191 4702 2399 4772 longius
2433 4715 2639 4764 eamus,
2661 4708 2707 4752 et
2735 4696 2916 4762 Plato,
2938 4708 2986 4749 et
3008 4696 3340 4761 Aristoteles,
3365 4706 3413 4748 ct
3442 4712 3661 4765 magnus

2074 4795 2411 4849 Jambliclrus
2462 4796 2657 4847 animre
2707 4791 2963 4844 rationent
3011 4805 3121 4842 esse
3151 4799 3359 4842 censent
3395 4804 3510 4843 eam
3540 4789 3662 4852 ιιίηι,

2074 4903 2190 4957 (μίαν
2218 4902 2310 4955 per
2337 4901 2390 4937 se
2419 4894 2670 4937 meretur.
2706 4880 2818 4935 Nec
2849 4890 3024 4935 tamen
3053 4880 3146 4934 illa
3175 4882 3249 4934 vis
3277 4881 3469 4934 animw
3498 4896 3661 4934 catsu

2073 4988 2175 5043 est,
2202 4993 2382 5031 verum
2406 4976 2584 5027 anima
2616 4973 2793 5044 potius
2830 4978 2903 5026 ris
2937 4972 3083 5025 illius
3104 5011 3122 5041 ,
3154 4989 3259 5042 qua
3286 4989 3377 5043 per
3408 4989 3462 5027 se
3484 4975 3657 5044 agita-

2078 5081 2186 5125 tur.
2210 5069 2443 5125 Causam
2473 5082 2631 5136 porro
2676 5066 2916 5135 intelligo
2951 5081 3052 5118 non
3106 5074 3164 5119 ut
3213 5077 3539 5136 separatam,
3571 5068 3663 5121 sed

2076 5173 2134 5216 ut
2192 5160 2353 5217 simul
2404 5161 2767 5215 exsistentem.
2838 5161 2986 5213 Mens
3049 5161 3191 5214 enim
3250 5172 3397 5216 motu
3471 5175 3660 5217 caret:

2078 5271 2267 5324 corpus
2295 5267 2472 5307 autent
2511 5253 2728 5308 aliunde
2770 5264 3024 5307 movetur.
3082 5252 3317 5309 Proinde
3365 5257 3502 5310 inter
3552 5258 3663 5335 hac

2076 5347 2352 5400 contraria
2385 5346 2612 5400 medium
2643 5346 2899 5416 quiddam
2935 5350 3251 5403 intervenire
3283 5364 3490 5404 necesse
3522 5361 3660 5403 erat.

2079 5441 2148 5496 Μ
2203 5442 2367 5511 igitur
2418 5451 2493 5495 est
2551 5443 2754 5508 anima,
2803 5442 2956 5510 cujus
3008 5444 3147 5498 ratio
3178 5444 3257 5498 vis
3291 5443 3384 5497 illa
3415 5451 3515 5507 est,
3556 5457 3661 5511 qua

2255 5559 2325 5590 ⁶⁰⁹
2358 5557 2518 5613 Joan.
2561 5575 2598 5622 ι,
2634 5558 2717 5612 l6.

2069 5655 2266 5724 ὄνομα,
2319 5665 2380 5709 ut
2435 5654 2567 5709 velit
2619 5652 2833 5709 Psellus
2894 5653 3218 5726 Gregorium
3260 5654 3314 5708 in
3349 5668 3416 5709 eo
3468 5667 3660 5708 sensui

2072 5728 2166 5795 qui
2209 5727 2285 5779 illi
2342 5727 2682 5781 commodior
2722 5738 2885 5794 atque
2939 5726 3327 5797 congruentior
3384 5727 3660 5781 videatur,

2072 5798 2169 5850 τοῦ
2199 5798 2357 5865 λόγου
2396 5812 2592 5852 notncn
2617 5799 2886 5865 accipere.
