4116 6424
314 398 317 401 ’
405 400 533 469 l3“

1816 381 2203 448 ADDENDA.

3531 364 3667 433 1343

394 525 580 587 suopte
631 520 775 566 motu
829 509 1015 563 cietur.
1068 505 1130 561 lu
1182 507 1248 560 iis
1295 505 1461 574 igitur
1505 502 1559 557 in
1586 500 1777 570 quibus
1818 499 1977 566 λόγος

2103 526 2211 574 iost
2259 513 2563 572 divinitatis
2594 521 2645 567 et
2684 521 2891 566 naturre
2930 514 3094 577 atque
3119 502 3523 560 incarnationis
3556 504 3673 559 dis-

396 610 657 664 rationem
686 603 973 674 signiﬁcat,
998 601 1105 653 illis
1137 608 1184 652 et
1215 614 1381 651 causa
1401 604 1501 659 est,
1523 604 1572 648 et
1605 594 1744 647 ratio
1768 608 1977 658 eorum,

397 713 621 771 quarunt
676 711 836 749 causa
884 702 983 746 est.
1036 690 1281 756 Exempli
1303 704 1492 751 causa,
1531 702 1680 741 cervo
1720 702 1783 739 ea
1814 701 1980 739 causa

399 800 498 857 est,
530 804 624 843 cur
682 786 978 840 diutissime
1032 785 1193 846 vivat,
1227 782 1354 851 quia
1402 778 1525 850 felle
1577 788 1743 838 caret,
1788 777 1982 848 aquilae

401 885 526 937 item
573 880 806 934 siccitas.
868 875 937 931 In
993 877 1059 930 iis
1110 888 1307 940 autem,
1358 875 1412 929 in
1458 873 1646 945 quibus
1688 871 1846 939 λόγος
1880 886 1982 922 non

400 990 619 1028 causam
658 970 748 1026 sed
796 978 1006 1023 natura:
1060 968 1434 1022 connexiouem
1487 964 1777 1035 signiﬁcat,
1811 963 1864 1016 in
1902 962 1982 1015 his

398 1064 642 1133 electum
670 1061 882 1132 quidem
930 1057 1067 1112 illud
1103 1066 1204 1123 cst,
1247 1058 1303 1109 id
1346 1066 1549 1118 autem,
1590 1071 1708 1107 cum
1744 1070 1849 1123 quo
1882 1061 1984 1118 est,

401 1156 607 1210 nullam
650 1170 867 1209 causam
917 1154 1177 1223 agnoscit.
1213 1152 1477 1217 Quocirca
1508 1149 1694 1204 Patris
1724 1150 1883 1216 λόγος
1908 1160 1984 1201 est

404 1248 603 1311 Filius,
647 1264 749 1300 non
799 1257 858 1300 at
906 1245 1054 1299 illius
1097 1260 1281 1305 causa,
1341 1245 1431 1296 sed
1481 1250 1536 1295 ut
1575 1241 1810 1310 ejusdem
1865 1254 1986 1293 cum

404 1342 568 1396 Ριιινρι
608 1353 835 1394 natura’.
883 1337 995 1392 Hoc
1039 1349 1217 1391 autem
1268 1338 1404 1390 inter
1430 1337 1714 1390 terminum
1741 1350 1832 1388 seu
1858 1333 1989 1401 deﬁ-

402 1432 652 1485 nitionem
702 1439 751 1483 et
805 1429 1065 1482 rationem
1132 1429 1392 1489 interest,
1426 1427 1568 1497 quod
1614 1426 1856 1493 de/initio
1908 1424 1986 1489 id,

404 1522 543 1594 quod
590 1523 864 1590 deﬁnitur,
912 1522 1186 1585 terminat,
1219 1536 1311 1573 nec
1354 1518 1473 1589 ﬁeri
1529 1528 1693 1587 porest
1758 1528 1815 1571 ut
1854 1517 1987 1586 deﬁ-

406 1616 542 1669 nitio
575 1617 649 1677 id,
676 1613 815 1681 quod
872 1612 1034 1667 simul
1089 1629 1206 1666 cum
1258 1629 1321 1665 ea
1371 1613 1709 1677 terminatur,
1731 1619 1937 1679 superet
1969 1623 1988 1660 :

404 1718 459 1762 at
482 1707 640 1774 λόγος
672 1707 1011 1760 connexionis
1058 1721 1160 1759 non
1212 1704 1605 1758 terminatiouis
1637 1702 1991 1774 signiﬁcatio-

405 1814 523 1852 nem
550 1798 726 1852 habet.
755 1799 898 1865 Quid
936 1799 1123 1867 igitur,
1143 1798 1284 1851 dicet
1312 1797 1532 1867 aliquis,
1568 1794 1797 1850 Paterne
1851 1793 1989 1849 Filio

2081 608 2420 681 putationem
2486 614 2633 662 recte
2659 604 2774 674 jam
2801 612 2965 673 atque
3002 598 3197 677 ordine
3235 595 3303 654 ad
3328 598 3670 667 propositum

2080 710 2465 774 argumentum
2492 697 2702 754 accedit
2728 713 2743 750 :
2772 704 2934 765 atque
2961 690 3172 747 inducit
3209 689 3501 760 quemdam
3535 704 3670 760 erga

2088 797 2192 848 hoc
2222 790 2420 847 festum
2454 786 2758 843 ardentiori
2819 784 3002 841 studio
3033 780 3320 845 allectum,
3379 794 3444 834 ac
3493 780 3561 834 de
3605 794 3674 833 eo

2084 886 2284 948 solum,
2312 894 2367 939 et
2397 881 2567 952 loqui.
2599 888 2653 935 et
2688 878 2882 933 audire
2923 876 3260 946 cupientem,
3290 881 3346 928 et
3379 882 3673 942 propterea

2086 978 2170 1033 his
2198 975 2378 1031 verbis
2400 982 2634 1027 utentem
2668 988 2684 1026 :
2715 967 2870 1035 Quod
2906 967 3120 1022 tandem
3151 964 3348 1020 horum
3384 964 3674 1019 verborum

2086 1085 2265 1139 opera:
2290 1067 2527 1138 pretium
2557 1064 2684 1121 est?
2711 1062 2851 1129 Quin
2882 1070 2938 1115 lu
2967 1061 3066 1114 has
3097 1057 3355 1127 ambages
3382 1054 3584 1122 mittis,
3610 1069 3676 1112 ac

2085 1163 2239 1233 juxta
2286 1169 2443 1216 vetus
2502 1158 2782 1228 adagium,
2840 1168 2950 1223 quo
3003 1152 3042 1207 ii
3102 1159 3387 1215 notantur,
3419 1149 3513 1216 qui
3557 1151 3679 1202 lon~

2087 1258 2229 1326 gius,
2270 1269 2434 1323 quam
2469 1254 2679 1314 deceat,
2736 1255 3058 1315 evagantur,
3117 1258 3319 1313 equum
3367 1241 3433 1296 ad
3475 1250 3671 1297 metam

2089 1346 2380 1404 stimulas?
2403 1345 2455 1400 id
2490 1354 2595 1407 est,
2646 1343 2787 1397 intra
2847 1339 3049 1394 ﬂexum
3084 1344 3138 1391 et
3173 1335 3507 1391 curriculum
3536 1332 3669 1388 sub-

2092 1441 2224 1495 ditis
2258 1438 2565 1494 Calcaribus
2613 1436 2881 1494 concitas,
2921 1444 2986 1484 ac
3038 1444 3135 1499 per
3186 1442 3379 1498 gyrum
3408 1424 3672 1478 cursitare

2090 1528 2336 1585 desinis?
2371 1527 2448 1581 Ad
2482 1526 2788 1581 institutam
2827 1520 3111 1575 materiam
3144 1518 3450 1573 orationem
3494 1528 3674 1567 trans-

2093 1623 2197 1685 fer,
2246 1638 2310 1675 ac
2362 1620 2519 1674 nobis
2578 1618 2740 1686 hujus
2771 1614 2893 1669 ieSti
2928 1611 3186 1685 mysteria
3217 1624 3432 1664 enarra.
3471 1608 3681 1661 Idcirco

2092 1715 2236 1769 enim
2264 1715 2352 1768 hic
2376 1712 2652 1774 sedemus,
2708 1718 2766 1762 ut
2795 1723 2858 1760 ca
2887 1723 2949 1760 ex
2997 1715 3047 1760 te
3079 1703 3384 1757 audiamus.
3426 1697 3548 1751 lla-c
3577 1698 3680 1753 sub

2095 1809 2274 1862 aliena
2307 1821 2545 1876 persona
2570 1804 2911 1874 prolocutus,
2945 1798 3015 1852 ita
3058 1812 3119 1850 se
3147 1794 3419 1847 facturum
3454 1790 3680 1860 pollice-

405 1893 723 1946 terminatus
758 1902 860 1955 est,
890 1892 1143 1960 siquidem
1179 1889 1357 1944 Filius
1402 1892 1569 1960 ipsius
1600 1899 1676 1944 est
1709 1890 1988 1952 terminus,
2028 1878 2067 1930 Β
2106 1915 2214 1962 ιιιιυ.
2247 1897 2462 1951 inmersi
2493 1911 2522 1949 εδ
2557 1892 2838 1964 proposito
2887 1899 3210 1958 argumento
3241 1885 3541 1937 orationem
3575 1895 3681 1933 au-

403 1982 525 2036 ideo
572 1990 628 2035 ut
678 1991 901 2051 paterna
955 1992 1152 2035 natura
1211 1979 1341 2035 Filii
1388 1992 1586 2035 natura
1621 1982 1870 2034 conclusa
1926 1996 1988 2033 ac

405 2073 812 2139 circumscripta
847 2073 960 2128 sit?
1001 2073 1084 2125 Ita
1111 2073 1293 2140 procul
1335 2073 1516 2126 dubio.
1554 2071 1806 2138 Quamvis
1846 2073 1987 2124 enim

404 2174 645 2235 paterna:
678 2166 918 2219 essentia:
952 2163 1126 2218 nullus
1160 2166 1375 2218 omnino
1408 2166 1474 2218 sit
1512 2165 1790 2230 terminus,
1818 2181 1996 2235 quem-

405 2256 696 2310 admodum
728 2271 821 2310 uec
847 2257 1081 2309 duarum
1112 2256 1345 2311 aliarum
1391 2274 1739 2327 personarum
1766 2273 1785 2311 :
1814 2259 1994 2327 appel-

404 2345 623 2400 lationis
660 2330 831 2400 tamen
866 2344 1052 2399 Patris
1081 2346 1337 2401 terminus
1375 2357 1452 2402 est
1485 2346 1529 2400 F
1533 2348 1679 2403 ilius.
1705 2346 1835 2402 Cum
1858 2349 1996 2403 enim

405 2438 520 2493 hate
549 2440 764 2493 nomina
809 2454 876 2494 ea:
918 2454 1098 2493 eorum
1149 2439 1319 2494 classe
1367 2442 1496 2505 sint,
1535 2457 1651 2511 quia
1691 2443 1760 2494 ad
1794 2441 1997 2512 aliquid

406 2537 731 2600 retentutur.
763 2544 945 2586 mutuo
980 2548 1034 2586 se
1060 2534 1347 2587 terminant
1383 2549 1400 2587 :
1442 2533 1642 2588 idcirco
1681 2534 1830 2588 Patri
1865 2551 1993 2604 quo-

405 2637 507 2689 que
538 2623 795 2676 terminus
831 2635 906 2675 est
938 2621 1136 2678 Filius.
1193 2624 1354 2679 Pater
1385 2626 1648 2696 siquidem
1680 2625 1812 2681 Filii
1847 2636 2001 2697 pater

405 2725 504 2777 est.
532 2726 688 2785 atque
713 2717 778 2781 is,
801 2718 891 2787 qui
918 2730 1197 2787 paternum
1231 2734 1416 2772 nomen
1442 2720 1674 2786 audivit,
1704 2736 1812 2775 una
1836 2720 1999 2775 etiam

408 2803 609 2859 Filium
645 2809 820 2861 animo
848 2820 896 2861 et
928 2809 1250 2879 cogitatione
1296 2810 1601 2880 complexus
1648 2820 1749 2876 est,
1785 2827 2002 2881 eamque

408 2896 741 2962 relationem,
771 2916 873 2966 qua
906 2898 1066 2953 Pater
1089 2897 1287 2955 Filium
1315 2903 1545 2971 respicit,
1569 2904 1730 2957 simul
1752 2902 1998 2957 absoluit.

418 2989 484 3043 At
538 2991 592 3044 in
647 2991 1188 3047 dentonstratiouilms
1252 3004 1299 3048 et
1355 2999 1685 3065 argumentis
1741 2997 2001 3051 terminus

412 3082 822 3154 haudquaquam
854 3087 1094 3140 eamdem
1125 3089 1291 3141 animi
1325 3089 1718 3159 conceptionem
1746 3092 1999 3161 suggerit,

408 3189 589 3228 verum
623 3176 1067 3245 quemadmodum
1110 3176 1167 3241 in
1215 3178 1324 3232 illis
1364 3178 1515 3249 longe
1540 3180 1778 3235 diversus
1808 3190 1886 3235 est
1916 3180 2003 3235 λό-

407 3281 505 3334 γος
538 3267 603 3321 ab
633 3283 714 3333 eo,
741 3268 804 3321 de
829 3285 929 3338 quo
952 3267 1036 3322 hic
1061 3268 1242 3339 agitur
1273 3284 1293 3323 :
1328 3270 1404 3323 ita
1425 3272 1587 3324 etiam
1612 3271 1825 3324 termini
1854 3272 2001 3327 ualde

407 3361 720 3416 dissimiles.
791 3361 917 3415 lllic
970 3364 1110 3416 enim
1167 3364 1423 3417 terminus
1479 3364 1652 3433 e/fecti
1707 3366 1789 3419 sui
1840 3381 2003 3420 causa

408 3453 632 3520 dicitur,
677 3455 928 3523 quoniam
988 3456 1228 3526 quisquis
1276 3457 1520 3526 eﬂ'ectum
1563 3457 1783 3526 deﬁnire
1824 3468 2001 3529 parnt,

409 3564 632 3601 causam
662 3548 830 3618 ipsam
854 3548 1096 3618 protiuu's
1126 3552 1196 3605 ad
1230 3553 1344 3620 ejus
1370 3551 1730 3622 deﬁnitionem
1756 3556 2002 3608 assumit.

414 3637 678 3705 Quoniam
724 3641 862 3694 enim
898 3643 1077 3695 omnia
1108 3644 1437 3713 argumentis
1469 3644 1883 3715 conﬁrmantur,
1918 3662 2008 3700 ar-

414 3733 648 3802 gumenti
680 3741 855 3787 autem
896 3733 1304 3803 fundamentum
1350 3746 1428 3793 est
1484 3738 1762 3802 terminus,
1807 3738 2006 3793 idcirco

415 3841 595 3879 causm
622 3825 927 3896 effectarum
957 3844 1177 3882 suorum
1206 3830 1418 3884 termini
1443 3841 1586 3884 sunt.
1611 3829 1729 3896 Quo
1752 3833 1804 3884 in
1825 3847 2008 3903 genere

416 3915 554 3970 illud
592 3927 691 3980 est,
732 3916 872 3986 quod
919 3916 1335 3987 congelationem
1375 3927 1425 3973 et
1454 3919 1855 3989 spissitudiuem
1887 3936 2010 3974 coa-

418 4008 532 4080 guli
578 4010 861 4062 terminum
913 4018 963 4064 et
1012 4011 1274 4065 rationem
1309 4027 1454 4077 esse,
1491 4014 1717 4082 itemque
1758 4012 2009 4082 foliorum

417 4102 761 4156 latitudinem
816 4105 1077 4158 rationem
1121 4120 1231 4159 esse
1294 4106 1482 4171 vineta]
1526 4088 1621 4160 cur
1679 4106 1811 4176 folia
1844 4109 2008 4160 amit-

420 4204 542 4259 tat,
604 4196 773 4266 inquit
830 4198 1183 4260 Aristrte’es,
1242 4209 1399 4269 atque
1451 4199 1747 4252 universum
1818 4215 2009 4254 causas

415 4285 721 4354 effectarum
757 4303 967 4341 tuorum
1004 4287 1236 4343 rationes
1260 4303 1323 4341 ac
1350 4290 1599 4343 terminos
1626 4304 1740 4343 esse
1772 4304 2011 4357 pronun-

423 4379 543 4437 tiat.

497 4469 615 4524 Cul.
650 4467 756 4524 635
781 4467 844 4522 Β.
877 4467 982 4524 Sed
1005 4485 1257 4540 quorsum
1290 4471 1444 4526 haec?
1476 4479 1581 4526 etc.
1627 4471 1920 4542 Postquam
1946 4471 2014 4528 de

2100 1992 2342 2061 spicatus
2372 2004 2478 2043 non
2511 1985 2715 2041 sit.sed
2754 1982 2916 2053 paulo
2947 1980 3109 2034 altius
3131 1976 3412 2032 exordium
3440 1974 3677 2032 duxerit,

2103 2086 2207 2138 hoc
2232 2091 2316 2136 est
2347 2096 2375 2134 a
2407 2077 2713 2134 divinitatis
2744 2072 3213 2143 philosophiaeque
3250 2066 3517 2124 naturalis
3557 2079 3684 2133 per-

2098 2175 2419 2231 tractatione
2466 2188 2479 2225 :
2517 2185 2643 2225 nam
2691 2178 2747 2223 ut
2777 2167 2940 2222 altius
2987 2165 3201 2219 initium
3253 2159 3468 2218 dicendi
3504 2171 3689 2213 sume-

2068 2258 2235 2334 'rcm,
2271 2268 2469 2338 inquit,
2508 2279 2594 2319 me
2623 2271 2939 2333 coegerunt,
2972 2267 3087 2312 tum
3143 2270 3320 2319 amor,
3358 2264 3474 2309 tum
3520 2251 3682 2305 ratio.

2098 2363 2269 2417 Amor
2323 2360 2570 2431 quidem,
2603 2355 2866 2428 quoniam
2927 2350 3021 2407 Dei
3078 2348 3415 2408 meminisse,
3451 2344 3686 2399 amabile

2100 2452 2232 2508 mihi
2274 2459 2358 2507 est
2387 2465 2451 2505 ac
2489 2449 2671 2509 dulce,
2726 2455 2779 2499 ct
2826 2442 3155 2513 jucundum.
3198 2437 3377 2507 Caput
3424 2435 3569 2488 enim
3632 2440 3688 2485 et

2100 2560 2315 2601 summa
2347 2542 2489 2606 festi,
2523 2539 2787 2595 memoria
2841 2536 2933 2589 Dei
2988 2545 3092 2588 est.
3131 2532 3288 2587 [latio
3328 2541 3686 2597 autem,quo-

2102 2639 2245 2692 niam
2276 2651 2340 2692 ca
2375 2647 2558 2689 rerum
2589 2647 2617 2685 a
2655 2628 2924 2700 principio
2975 2635 3252 2695 gestarum
3312 2620 3684 2675 narrationem

2100 2730 2458 2798 ordinemque
2490 2723 2821 2795 postulabat.
2872 2717 3083 2772 Etenim
3126 2716 3196 2772 oh
3247 2711 3551 2798 Salvaroris
3577 2709 3687 2763 ῐὶσ-

2102 2823 2499 2879 surrectioncm
2542 2817 2754 2872 Pascha
2808 2814 3183 2868 celebramus.
3227 2806 3477 2863 Salvator
3504 2796 3685 2859 autem

2098 2916 2250 2985 juxta
2311 2912 2712 2969 humanitatem
2772 2920 3024 2961 motuuus
3098 2911 3183 2958 est
3240 2917 3254 2955 :
3309 2901 3473 2953 homo
3527 2913 3690 2965 porro

2106 3008 2283 3064 fartus
2315 3016 2398 3064 est
2430 3012 2655 3076 propter
2682 3001 2983 3059 hominem,
3038 3010 3199 3065 quem
3238 2994 3353 3062 ipse
3387 2990 3452 3044 ad
3494 2988 3688 3051 imagi-

2105 3118 2228 3157 nem
2261 3115 2416 3156 suam
2451 3096 2792 3153 condiderat.
2824 3090 3009 3157 Quare
3038 3086 3316 3142 Creatoris
3342 3084 3546 3153 Deique
3579 3080 3691 3150 pri-

2109 3210 2283 3259 mum,
2313 3208 2376 3247 ac.
2400 3191 2597 3246 deinde
2624 3198 3027 3249 creaturarum,
3078 3183 3133 3235 in
3177 3191 3410 3249 quarum
3460 3186 3692 3228 numero

2107 3290 2274 3343 homo
2305 3286 2470 3342 etiam
2510 3292 2652 3346 erat,
2687 3280 3017 3333 mentionem
3074 3288 3103 3328 a
3146 3272 3301 3327 nobis
3333 3267 3447 3324 tleri
3474 3272 3693 3335 oporte-

2107 3382 2218 3445 bat,
2251 3387 2364 3432 tum
2396 3374 2640 3447 mysterii
2689 3380 2986 3440 assumptus
3018 3363 3401 3427 humanitatis,
3430 3370 3594 3429 atque
3618 3357 3693 3410 ita

2107 3474 2324 3526 demum
2356 3471 2424 3524 ad
2473 3484 2536 3523 ea
2583 3483 2703 3538 qua:
2746 3465 2865 3520 festi
2903 3462 3122 3532 propria
3153 3468 3307 3523 sunt,
3341 3455 3548 3507 venire.
3580 3447 3694 3503 Nec

2106 3577 2238 3617 vero
2264 3561 2502 3616 alienum
2558 3561 2627 3613 ab
2675 3558 2777 3612 hoc
2807 3567 3052 3624 tempore
3084 3550 3270 3609 fuerit,
3309 3547 3437 3616 quid
3474 3543 3693 3598 Pascha:

2106 3669 2309 3709 nomen
2348 3650 2639 3723 signiﬁcet,
2691 3648 2983 3717 explicare.
3028 3643 3138 3698 Nec
3175 3641 3321 3696 enim
3369 3650 3697 3708 supervaca-

2109 3761 2272 3799 neum
2308 3745 2409 3798 erit
2460 3742 2563 3797 hoc
2608 3741 3043 3793 additamentum
3079 3734 3316 3790 orationi
3367 3739 3565 3785 nostrzn
3598 3727 3696 3780 ad-

2106 3834 2335 3905 jectum,
2368 3832 2459 3887 sed
2492 3831 2713 3901 elegans
2742 3838 2908 3898 atque
2944 3828 3097 3882 utile.
3140 3823 3253 3879 Iloc
3295 3824 3460 3894 igitur
3484 3819 3697 3874 llehra-i

2110 3941 2209 3982 sua
2243 3926 2428 3994 lingua
2462 3921 2672 3977 Pascha
2706 3920 3017 3982 nominant,
3059 3917 3228 3989 quod,
3286 3916 3332 3970 si
3378 3917 3699 3982 interprete-

2112 4021 2210 4083 ris,
2278 4018 2569 4077 transitum
2625 4023 2834 4070 souat:
2883 4013 3035 4085 juxta
3100 4010 3425 4066 historicum
3473 4005 3697 4078 quidem

2112 4125 2355 4170 Sensum,
2416 4106 2544 4177 quia
2611 4105 2716 4176 ipsi
2782 4120 2848 4159 ex
2922 4102 3247 4174 Egyptiaea
3318 4098 3582 4155 servitute
3640 4096 3697 4151 in

2115 4202 2418 4254 libertatettt
2450 4196 2732 4260 vindicati,
2770 4196 2821 4251 iu
2852 4195 3219 4257 Palaestinam,
3272 4191 3376 4246 hoc
3406 4198 3492 4244 est
3544 4187 3701 4243 Jeru-

2115 4292 2317 4357 salem,
2344 4291 2866 4355 trausieruutﬂranc
2890 4288 3033 4342 enim
3067 4285 3428 4341 Chananaaam
3462 4281 3704 4334 Theolo-

2116 4402 2217 4455 gos
2251 4392 2429 4446 vocat,
2457 4383 2600 4454 quod
2637 4382 2690 4436 in
2736 4396 2798 4435 ea
2826 4379 3118 4435 Chananaai
3152 4377 3304 4447 prius
3334 4373 3705 4438 habitarent);

2112 4479 2269 4547 juxta
2333 4475 2685 4542 allegoricum
2746 4480 2925 4526 autem
2983 4484 3234 4533 sensum,
3298 4464 3557 4537 quoniam
3599 4475 3705 4517 nos

427 4558 713 4615 divinitate
745 4559 880 4616 satis
905 4558 1128 4629 capiosc
1150 4558 1411 4614 disseruit
1435 4559 1772 4632 Theologus,
1797 4578 1921 4618 cum
1941 4563 2009 4619 de
2039 4588 2084 4645 υ
2116 4581 2335 4635 quoque
2368 4566 2436 4621 de
2470 4566 2602 4619 vitio
2628 4563 2695 4619 ad
2718 4565 2973 4620 virtutem
3009 4563 3409 4633 demigrantes,
3450 4566 3614 4624 atque
3668 4568 3701 4609 ι

425 4651 695 4708 immensa
713 4659 766 4707 et
801 4649 1337 4722 incomprehensibili
1360 4650 1451 4705 Dei
1487 4662 1677 4707 natura
1711 4660 1970 4709 tractaret
1992 4666 2008 4686 '

426 4753 592 4814 atque
618 4744 782 4799 etiam
813 4746 879 4800 de
912 4744 1246 4799 naturalium
1280 4759 1461 4799 rerum
1511 4744 1727 4799 ratione
1762 4745 2012 4814 disputa-

424 4837 525 4901 vit,
559 4851 684 4889 cum
721 4836 789 4890 de
822 4835 1119 4890 intellectili
1168 4844 1223 4889 et
1261 4835 1504 4890 sensibili
1544 4835 1709 4889 modo
1738 4837 1898 4890 verba
1926 4834 2010 4889 la-

423 4937 610 4991 ceret,
658 4928 939 4997 multaque
998 4929 1161 4981 etiam
1200 4928 1268 4981 de
1303 4928 1527 4982 homine
1554 4927 1711 4992 dixit,
1748 4928 2009 4982 nimirum

423 5035 534 5088 quo
570 5018 729 5073 modo
763 5034 927 5073 ruanu
985 5018 1078 5072 Dei
1131 5027 1374 5084 creatus,
1413 5028 1468 5074 et
1525 5018 1763 5088 paradisi
1799 5019 2010 5073 deliciis

426 5112 738 5179 cumulatus
783 5111 877 5174 sit,
917 5110 1147 5179 primam
1202 5111 1375 5182 legem
1430 5111 1724 5179 acceperit,
1795 5128 2014 5182 quaque

429 5215 589 5269 parua
620 5201 689 5253 ob
720 5212 1087 5269 contemptum
1118 5212 1173 5256 et
1208 5203 1467 5257 violatum
1498 5205 1813 5258 mandatum
1870 5207 1981 5257 tuul

432 5301 576 5347 tatus
608 5291 791 5358 fuerit,
826 5293 1085 5364 quodque
1121 5305 1383 5364 prreterea
1432 5313 1520 5352 res
1553 5297 1728 5365 ipsius
1757 5311 1824 5351 eo
1860 5303 2011 5351 statu

390 5382 634 5450 'esscnt,
675 5381 759 5439 ιη’
787 5400 987 5455 magno
1031 5389 1266 5454 quoiam
1323 5388 1525 5443 auxilio
1578 5403 1715 5456 opus
1764 5387 2011 5451 haberet,

430 5479 684 5547 quodque
714 5480 786 5533 ob
813 5493 933 5533 eam
961 5493 1182 5532 causam
1238 5481 1421 5534 omnis
1474 5481 1777 5536 Salvatoris
1835 5479 2012 5535 nostri

431 5571 735 5623 (Bcunmllla
786 5581 836 5625 et
896 5570 1256 5624 humanitatis
1310 5571 1619 5640 assuuquio
1669 5570 2013 5641 contigisset,

429 5663 866 5731 quandoquidem
898 5677 1024 5731 pars
1060 5662 1206 5716 illius
1260 5663 1585 5717 resurrectio
1619 5678 1840 5733 quoque
1870 5674 2012 5732 erat,

432 5756 503 5808 ob
529 5770 691 5822 quam
743 5753 965 5809 Pascha.-
1020 5753 1216 5809 I‘cstnm
1280 5755 1644 5821 celebramus,
1682 5765 1737 5809 et
1762 5756 1830 5810 de
1860 5755 2016 5825 cujus

429 5847 684 5905 laudibus
737 5847 878 5906 hanc
933 5849 1237 5904 orationem
1312 5847 1627 5919 Thcologus
1681 5848 2013 5916 instituerat,

2114 4658 2347 4713 terrenis
2380 4658 2547 4713 rebus
2602 4657 2670 4711 ad
2721 4671 3014 4726 supernas,
3069 4665 3403 4725 regnumque
3456 4648 3702 4707 caeleste.

2113 4755 2258 4823 quod
2299 4752 2458 4808 nobis
2516 4749 2682 4815 Deus,
2727 4760 2785 4805 ut
2849 4748 3199 4804 Palaestinam
3269 4741 3546 4814 quondam
3601 4740 3705 4794 lle-

2114 4845 2297 4906 bru'is.
2323 4844 2601 4915 pollicitus
2629 4851 2736 4898 est.
2778 4843 2956 4912 Atque
3005 4855 3067 4894 ea
3124 4849 3212 4894 est
3264 4836 3431 4907 hujus
3463 4832 3706 4889 nominis

2114 4938 2457 5011 significatio.
2493 4934 2726 5002 Quidam
2753 4947 2932 4990 autem
2963 4933 3071 4987 ἀπὸ
3108 4931 3203 4986 τοῦ
3221 4930 3475 5000 πάσχειν,
3512 4926 3563 4980 id
3596 4931 3703 4985 est,

2116 5029 2186 5086 ab
2238 5045 2305 5086 eo
2364 5031 2511 5099 quod
2571 5028 2831 5084 Christus
2869 5035 3089 5097 propter
3125 5042 3223 5079 nos
3256 5036 3454 5093 passus
3482 5019 3573 5082 sit,
3602 5017 3706 5070 hoc

2118 5127 2318 5177 n-sttnu
2354 5120 2563 5175 Pascha
2589 5120 2920 5189 appellatum
2964 5132 3085 5172 esse
3116 5114 3521 5175 existimantes,
3562 5108 3733 5161 hanc

2117 5227 2301 5266 νηοριη
2321 5213 2681 5274 invenerunt,
2702 5226 2739 5277 φ
2758 5209 2988 5262 litteram
3011 5206 3304 5270 aspiratam
3326 5202 3378 5255 iu
3396 5212 3613 5254 tenuem
3641 5214 3705 5261 π,

2116 5321 2179 5358 ac
2224 5320 2417 5360 rursus
2443 5304 2680 5358 litteram
2715 5316 2750 5353 κ
2779 5301 2833 5355 itt
2864 5318 2897 5371 χ
2928 5306 3224 5353 mutantes.
3250 5293 3326 5349 Ac
3352 5304 3544 5363 postea
3569 5305 3704 5342 rou-

2116 5394 2352 5451 snetudo
2392 5394 2740 5464 pervincens,
2770 5393 2913 5446 hanc
2933 5404 3119 5444 vocent
3147 5386 3549 5441 utsauctiurcm
3578 5397 3705 5434 rer-

2121 5488 2425 5549 robOravit,
2458 5486 2742 5555 antiquata
2776 5492 2939 5554 atque
2962 5483 3222 5549 abrogata
3250 5479 3415 5547 priori
3445 5473 3706 5530 dictione.

2185 5579 2304 5636 Col.
2327 5579 2433 5634 638
2462 5580 2527 5633 A.
2559 5577 2840 5632 Enimuero
2879 5576 3040 5645 legem
3073 5573 3394 5633 uniuersam,
3424 5578 3530 5622 etc.
3560 5567 3709 5618 Alie-

2120 5673 2304 5741 gorice
2330 5671 2496 5739 hujus
2524 5669 2645 5724 festi
2692 5669 2953 5740 mysteria
2986 5667 3379 5733 explicaturos
3420 5663 3471 5714 in
3505 5674 3704 5728 gratare.

2119 5765 2385 5833 loquitur,
2428 5764 2611 5832 aitque
2640 5778 2744 5816 non
2786 5780 2815 5813 n
2840 5776 2875 5815 ο
2900 5766 2946 5813 'o
2975 5761 3095 5814 illas
3130 5756 3344 5812 Veteris
3368 5749 3708 5808 Testanieuti

2120 5855 2193 5912 de
2226 5854 2453 5911 Pascha:
2505 5854 2650 5911 festo
2707 5854 2852 5921 leges
2892 5852 3203 5921 futurorum
3233 5849 3707 5907 adombrationem
