4116 6482
356 414 493 481 124)

1308 417 1631 480 NICETAS
1669 416 1751 477 IN
1794 414 2016 476 ORAT.
2060 416 2225 476 XLII
2268 417 2327 480 S.
2370 416 2604 480 GREG.

3492 418 3631 486 1350

358 534 547 597 fuisse,
592 532 681 587 sed
712 532 1020 587 universam
1052 547 1272 604 quoque
1300 533 1473 604 legem
1517 535 1724 589 umbra:
1758 532 1933 588 ratio-
1976 538 2022 595 Α
2051 532 2197 588 enim
2263 540 2478 588 tantum
2538 534 2888 600 cernebatur,
2922 544 2978 591 et
3028 536 3224 608 caligo,
3274 544 3328 592 et
3378 537 3544 607 ignis,
3585 542 3639 588 rt

359 644 482 682 nem
516 628 732 680 habere.
765 628 1055 697 Apostolus
1086 626 1255 692 enim,
1289 626 1355 682 de
1381 626 1647 695 legalibus
1680 626 1943 683 sacerdo-

361 721 508 775 tibus
544 721 800 789 loquens,
839 720 1139 790 exemplari
1174 728 1337 791 atque
1369 720 1579 774 umbras
1629 735 1726 774 eos
1758 721 1947 774 deser-

359 813 475 866 vire
503 813 702 883 inquit,
750 827 815 867 ac
853 828 1047 868 rursus
1090 814 1260 883 legem
1321 811 1631 868 futurorum
1670 814 1944 868 bonorum

363 905 639 970 umbram,
686 922 794 959 non
828 917 1009 960 autem
1058 905 1232 976 ipsum
1298 921 1481 960 rerum
1525 905 1815 976 imaginem
1845 904 1946 959 ha-

361 995 548 1049 buisse
572 1001 803 1049 testatur
844 994 918 1049 “.
950 992 1091 1061 Quin
1122 996 1240 1063 ipse
1269 1009 1485 1064 quoque
1516 992 1681 1058 Deus,
1712 1008 1836 1047 cum
1877 995 1946 1048 de

362 1086 449 1142 his
475 1087 639 1141 rebus
678 1087 822 1156 leges
853 1087 1104 1150 dictaret,
1148 1087 1350 1141 limem
1408 1088 1712 1157 alloquens,
1746 1085 1944 1157 legales

362 1178 719 1233 cu'rcmonias
747 1178 973 1248 figuram
1001 1180 1349 1235 nominabat:
1375 1176 1564 1233 Facies
1585 1180 1724 1233 enim
1746 1179 1944 1246 omnia,

362 1270 562 1340 inquit,
583 1269 745 1340 juxta
766 1271 989 1341 ﬁguram
1018 1272 1112 1325 tibi
1137 1272 1192 1326 in
1227 1282 1404 1325 monte
1434 1281 1697 1326 ostensam
1723 1269 1812 1325 ⁸⁸⁸.
1834 1270 1945 1326 Nec

360 1377 495 1417 vero
546 1362 751 1419 frustra
800 1364 975 1434 posita
1036 1372 1164 1419 sunt
1224 1364 1339 1419 haec
1400 1363 1679 1431 adverbia,
1731 1375 1941 1427 temere,

360 1454 771 1519 inconsiderate,
830 1455 1049 1524 objecta.
1086 1454 1313 1509 Temere
1348 1456 1490 1509 enim
1543 1456 1621 1520 lit,
1662 1455 1806 1526 quod
1837 1454 1945 1509 l'ru-

363 1556 479 1604 stra
517 1558 572 1602 et
610 1547 731 1603 sine
760 1547 871 1602 ulla
925 1548 1157 1602 utilitate
1188 1548 1263 1601 lit.
1296 1547 1703 1602 inconsiderate
1736 1556 1939 1611 autem,

362 1641 509 1709 quod
550 1641 668 1695 sine
699 1643 807 1695 ulla
836 1642 980 1710 justa
1013 1656 1198 1695 causa.
1249 1641 1474 1708 Abjccte
1503 1641 1761 1709 denique,
1797 1641 1942 1709 quod

365 1732 649 1787 humiliter
669 1732 1043 1787 etcxiliterae
1072 1731 1313 1786 sordide.
1338 1732 1486 1786 Nihil
1517 1733 1681 1802 igitur
1714 1743 1940 1799 temere,

364 1839 467 1879 nec
488 1824 913 1887 inconsiderate,
942 1839 1046 1879 nec
1074 1823 1286 1892 ahjecte
1330 1825 1593 1879 indictum
1636 1832 1801 1895 atque
1836 1828 1939 1879 im-

2053 624 2259 680 fumus.
2298 624 2465 680 Deum
2502 627 2646 681 enim
2683 642 2868 683 revera
2924 644 3085 684 nemo
3150 645 3392 699 unquam
3455 632 3637 688 vidit:

2052 732 2164 786 quo
2223 718 2368 772 cnim
2411 717 2578 774 modo
2622 719 2793 774 videri
2839 731 3048 791 posset,
3078 722 3174 793 qui
3244 721 3420 780 forma
3451 726 3641 782 caret?

2053 809 2188 864 Vide
2217 821 2399 865 autem
2437 826 2602 880 quam
2635 822 2923 880 accurate,
2944 820 3108 882 atque
3146 824 3335 869 exacte
3381 814 3639 886 loquatur

2053 902 2373 975 Gregorius.
2396 904 2533 960 Cum
2557 906 2704 959 enim
2730 906 2958 963 dixisset
2989 907 3187 977 partim
3212 906 3384 963 Deum
3416 910 3640 966 descen-

2051 997 2204 1062 dere,
2241 996 2665 1068 haudquaquam
2698 999 3006 1068 suhjunxit,
3041 1000 3237 1069 partim
3298 1016 3397 1056 nos
3442 1016 3643 1057 ascen-

2052 1091 2202 1153 dere,
2233 1089 2353 1152 svd,
2379 1090 2577 1158 partim
2617 1106 2720 1144 nos
2745 1089 2812 1144 ab
2836 1104 2902 1146 eo
2923 1091 3175 1146 subvehi.
3219 1091 3431 1158 Quibus
3454 1093 3638 1150 verbis

2054 1182 2217 1253 hujus
2258 1197 2479 1253 quoque
2504 1181 2676 1237 nostri
2709 1198 2976 1239 ascensus
3016 1184 3182 1238 Deum
3211 1194 3489 1239 auctorem
3514 1200 3640 1241 esse

2051 1274 2319 1329 declarat.
2357 1275 2638 1346 Scriptum
2664 1276 2864 1346 quippe
2888 1283 2973 1330 est
3006 1276 3058 1330 in
3083 1277 3271 1331 Exodo
3303 1293 3318 1331 :
3352 1276 3419 1331 Et
3438 1280 3639 1334 vocavit

2054 1364 2310 1420 Dominus
2336 1365 2538 1421 Mosam
2571 1368 2641 1420 ad
2690 1367 2934 1421 verticem
2968 1368 3158 1423 montis
3184 1369 3256 1424 θ’.
3286 1368 3354 1424 Ει
3382 1368 3577 1425 iterum
3617 1388 3633 1421 :

2052 1458 2292 1514 Ascende
2332 1460 2400 1512 ad
2434 1477 2513 1513 me
2538 1459 2631 1512 3".
2678 1458 2788 1515 Nec
2820 1475 2951 1515 vero
2981 1460 3092 1514 Deo
3140 1461 3191 1516 id
3247 1463 3639 1520 imbecillitatis

2053 1553 2408 1607 tribuendum
2459 1562 2563 1616 est,
2597 1558 2740 1622 quod
2780 1562 2927 1610 totus
2984 1570 3013 1608 a
3068 1553 3228 1610 nobis
3261 1555 3381 1625 capi
3426 1556 3637 1626 nequit,

2051 1659 2242 1699 verum
2290 1644 2646 1714 providentia:
2687 1644 2888 1713 potius.
2949 1640 3235 1710 Quatenus
3283 1646 3431 1719 enim
3477 1649 3641 1704 nobis

2052 1744 2230 1790 tutum
2266 1746 2371 1805 est,
2405 1752 2469 1792 ac
2509 1737 2791 1808 possibile,
2839 1744 3052 1791 tantum
3086 1737 3252 1792 etiam
3307 1739 3634 1809 concipitur.

2053 1828 2207 1895 Quod
2237 1837 2418 1882 anteiit
2457 1829 2712 1899 superius
2747 1829 3192 1895 imaginationem
3232 1839 3288 1885 et
3321 1834 3639 1902 conceptio-

362 1926 618 1987 peratum
651 1925 737 1971 est
780 1932 793 1967 :
828 1917 1297 1987 quandoquidem,
1325 1924 1375 1971 et
1414 1917 1507 1987 qui
1549 1917 1665 1972 haec
1733 1917 1943 1980 indixit,
1982 1907 2023 1963 Β
2056 1935 2176 1973 nem
2238 1918 2397 1981 dixit,
2452 1919 2598 1974 idem
2656 1936 2803 1974 nunc
2854 1918 3139 1991 περίνοιαν
3179 1930 3361 1989 vocat,
3396 1923 3497 1978 hoc
3530 1934 3635 1992 est,

364 2009 634 2078 sapientia
685 2009 805 2077 ipsa
866 2018 976 2072 est,
1018 2019 1070 2065 ct
1109 2008 1362 2063 minister
1412 2010 1679 2078 sapientia
1733 2013 1946 2065 instru-

365 2110 513 2166 ctus,
574 2103 790 2153 tametsi
839 2112 1233 2171 congruentem
1287 2102 1587 2173 unicuique
1642 2101 1847 2156 umbrae
1886 2119 1950 2157 ac

322 2191 556 2263 ‘ﬁgura:
611 2193 1045 2262 speculationem
1100 2195 1421 2263 excogitare
1489 2210 1853 2264 nequeamus,
1897 2194 1948 2249 id

374 2290 483 2349 c‘st,
510 2284 912 2355 expositionem
932 2295 1097 2355 atque
1116 2285 1451 2357 allegoriam.
1489 2286 1624 2353 Quis
1657 2289 1801 2343 enim
1820 2304 1954 2343 eon-

367 2378 635 2448 templarc
680 2389 848 2449 atque
898 2379 1171 2448 explicare
1225 2388 1408 2457 queat,
1446 2395 1618 2451 quare
1648 2396 1831 2435 art-am
1887 2397 1951 2437 ea

369 2470 543 2540 ﬁgura
571 2470 781 2525 exstrui
816 2470 960 2527 Deus
986 2472 1321 2542 praeceperit,
1346 2480 1512 2542 atque
1551 2488 1615 2526 ex
1658 2473 1753 2527 tali
1781 2483 1951 2527 ntale-

368 2564 477 2630 ria,
514 2563 605 2619 tali
640 2580 893 2619 mensura
930 2580 945 2617 :
987 2565 1232 2635 quidque
1276 2564 1381 2619 hoc
1420 2565 1523 2620 sibi
1573 2565 1721 2631 velit,
1748 2567 1893 2635 quod
1922 2581 1951 2619 a

366 2654 593 2723 Levitis,
666 2658 721 2712 id
767 2666 851 2713 est
902 2658 1311 2723 sacerdotibus,
1383 2658 1478 2728 qui
1541 2658 1865 2712 saera-dotali
1899 2667 1954 2711 et

369 2749 532 2819 legali
567 2750 762 2815 cultui,
792 2766 859 2806 ac
888 2748 1139 2822 religioni
1168 2750 1576 2816 ministrabant,
1616 2751 1730 2820 ipsa
1771 2763 1954 2820 gesta-

368 2840 730 2909 rctnr:quid
784 2842 912 2894 item
968 2838 1243 2895 sacriﬁcia
1297 2847 1350 2894 et
1404 2841 1758 2910 purgationes
1791 2848 1955 2910 atque

370 2931 683 2988 oblationes
713 2932 1080 3001 significent?
1119 2929 1291 2987 Porro
1331 2946 1425 3001 per
1457 2931 1746 2998 sacriﬁcia,
1770 2933 1951 2985 omnia

368 3040 493 3094 quae
525 3025 799 3080 innnolari
835 3026 1113 3091 solebant,
1145 3024 1407 3092 intelligo,
1456 3033 1515 3079 ut
1575 3038 1729 3090 oves,
1761 3024 1951 3090 boves,

372 3115 593 3181 vitulos,
639 3127 905 3185 turtures,
939 3119 1250 3174 columbas.
1295 3116 1397 3172 Per
1454 3118 1806 3187 purgationes
1854 3133 1953 3171 an-

372 3216 505 3269 tem,
545 3207 963 3276 puriﬂrationes
1013 3224 1125 3275 eas,
1193 3224 1315 3295 quq:
1368 3224 1465 3279 per
1518 3208 1835 3277 sanguinem
1864 3220 1956 3262 aut

371 3297 617 3353 cinerem
644 3298 870 3364 ﬁebant,
922 3314 986 3355 ac
1038 3300 1283 3371 pollutos
1324 3313 1379 3355 et
1413 3300 1729 3370 inquinatos
1757 3314 1956 3368 purga-

372 3392 551 3448 bant:
584 3406 681 3462 per
729 3392 1091 3464 ἀφαιρέματα
1134 3392 1391 3463 denique,
1435 3400 1617 3461 partes
1637 3404 1752 3455 eas,
1774 3404 1894 3460 quae
1924 3404 1956 3443 a

371 3483 619 3542 victimis
648 3485 1108 3549 extrahebantur,
1140 3485 1287 3550 quod
1334 3499 1510 3555 genus
1541 3492 1697 3538 erant
1740 3492 1956 3553 pectus-

371 3580 559 3635 culum
585 3619 599 3644 ,
640 3579 892 3634 dextrum
935 3578 1246 3643 brachium,
1284 3586 1339 3632 et
1384 3575 1521 3630 ﬁbra
1556 3576 1789 3645 bepatis.
1819 3575 1956 3629 Nam

370 3668 697 3739 huiusmodi
753 3669 1011 3739 mysteria
1062 3667 1129 3721 iis
1197 3669 1465 3722 duntaxat
1516 3673 1645 3720 nota
1676 3674 1825 3729 sunt,
1860 3666 1955 3735 qui

370 3763 578 3816 virtute
603 3761 807 3817 Mosem
835 3758 1172 3830 exprimunt,
1226 3767 1323 3813 aut
1359 3773 1466 3812 non
1520 3758 1679 3828 longe
1706 3757 1776 3812 ab
1806 3757 1956 3813 illius

370 3854 774 3926 praestantia’et
803 3854 1110 3908 eruditione
1149 3852 1342 3907 remoti
1373 3861 1523 3907 sunt.

448 3945 584 4001 lbid.
617 3944 676 3998 Β.
721 3942 867 3998 Nam
900 3946 953 3998 in
978 3946 1091 4015 ipso
1121 3959 1324 4015 quoque
1360 3952 1533 3997 monte
1562 3942 1698 3997 Deus
1730 3941 1958 3997 homini-

374 4040 494 4105 bus,
531 4049 638 4094 etc.
697 4036 797 4093 llic
864 4037 1219 4106 allegoricum
1275 4035 1638 4106 expositionis
1694 4027 1955 4106 campum

376 4131 589 4203 ingredi
628 4130 841 4200 incipit.
869 4128 1178 4200 Anagogice
1216 4127 1362 4182 enim
1401 4127 1571 4182 Musis
1607 4127 1674 4182 ad
1718 4139 1956 4183 montem

375 4239 675 4280 ascensum
712 4222 986 4292 intelligit.
1026 4220 1099 4276 Ut
1131 4220 1277 4274 enim
1320 4234 1478 4275 mons
1521 4229 1659 4274 terra
1711 4222 1962 4291 superior

376 4325 486 4380 est,
516 4314 661 4369 cmlo
695 4322 878 4367 autem
920 4312 1081 4381 longe
1123 4309 1353 4364 inferior
1387 4325 1402 4364 :
1439 4309 1633 4366 eodem
1675 4314 1836 4365 modo
1863 4328 1962 4368 nos

376 4424 596 4481 quoque
645 4424 674 4462 a
743 4406 973 4462 terrenis
1025 4416 1080 4461 et
1140 4404 1420 4474 corporeis
1502 4405 1666 4462 rebus
1732 4406 1961 4463 subvehi

377 4515 607 4558 necesse
634 4508 717 4555 est
748 4517 763 4554 :
801 4497 973 4553 Deum
1016 4506 1197 4552 autem
1226 4497 1579 4554 descendere.
1613 4495 1815 4553 Verum
1853 4515 1961 4554 non

2061 2010 2448 2079 particularem
2502 2026 2727 2082 operum
2778 2010 2870 2067 Dci
2915 2012 3307 2081 cognitionem.
3352 2014 3459 2070 Nec
3488 2017 3638 2071 enim

2053 2103 2198 2159 Deus
2249 2105 2553 2160 secundum
2610 2118 2862 2160 namram
2919 2122 3121 2172 suam,
3187 2107 3282 2162 sed
3333 2110 3637 2166 secundum

2051 2211 2214 2266 opera
2242 2211 2340 2251 sua
2392 2204 2446 2250 et
2478 2196 2805 2251 creationem
2847 2207 3030 2252 mente
3082 2197 3489 2254 adunihrotur':
3531 2211 3640 2256 ter-

2057 2290 2169 2344 reni
2202 2298 2387 2344 autem
2414 2289 2580 2359 hujus
2605 2289 2855 2359 corporis
2888 2290 3082 2355 moles,
3106 2293 3303 2362 inquit,
3332 2293 3642 2364 menti-que

2053 2385 2216 2437 etiam
2274 2394 2478 2438 nostra:
2526 2382 2835 2451 crassities,
2897 2384 3160 2438 nimirum
3221 2401 3348 2440 cum
3409 2403 3643 2458 carpere

2055 2476 2389 2542 constrictae,
2428 2490 2492 2529 ac
2544 2476 2776 2543 proinde
2804 2476 3057 2547 corporis
3092 2479 3347 2535 crassitie
3373 2482 3643 2548 quodam-

2057 2568 2219 2620 modo
2261 2568 2517 2637 impletae,
2567 2582 2636 2621 ne
2676 2568 3027 2636 perexiguam
3060 2570 3280 2638 quidem
3317 2569 3410 2624 Dei
3438 2571 3645 2641 cogni-

2056 2657 2257 2710 tionem
2286 2656 2535 2724 accipere
2569 2644 2765 2723 potest,
2790 2656 2896 2711 nisi
2940 2656 3203 2711 divinitus
3238 2659 3546 2727 adjuvetur,
3578 2675 3644 2716 ac

2056 2750 2201 2802 velut
2256 2762 2424 2800 manu
2476 2748 2735 2812 ducittur,
2764 2764 2960 2819 nempe
3015 2765 3112 2818 per
3171 2750 3261 2803 Dei
3309 2751 3638 2806 descensum

2059 2840 2410 2910 hominisque
2441 2840 2886 2905 subvectionem,
2923 2840 3385 2909 quemadmodum
3424 2843 3554 2897 olim
3587 2845 3640 2898 in

2060 2940 2243 2985 monte
2292 2931 2546 3001 contigit.
2600 2929 2759 2986 Tunc
2808 2931 2954 2986 enim
2989 2931 3414 3002 haudquaquam
3450 2935 3641 2987 eodem

2059 3024 2177 3076 loco
2203 3030 2368 3092 atque
2418 3022 2614 3076 ordine
2667 3022 2817 3092 digni
2863 3023 3033 3078 habiti
3080 3033 3232 3088 sunt,
3266 3025 3360 3078 sed
3402 3024 3643 3090 diverso,

2058 3122 2348 3182 quatenus,
2383 3122 2441 3168 ut
2463 3114 2678 3184 opinor,
2714 3122 2996 3185 purgatam
3032 3123 3271 3168 mentem
3299 3116 3643 3172 attulissent.

2060 3204 2324 3259 Nannulli
2361 3207 2526 3259 etiam
2562 3205 2789 3260 omnino
2829 3206 3039 3275 expulsi
3071 3218 3221 3271 sunt,
3254 3208 3347 3278 qui
3390 3209 3647 3262 \‘ltlcllCtl.

2068 3302 2192 3355 vita:
2216 3301 2557 3370 turpitudine
2604 3311 2660 3356 et
2711 3300 3047 3355 obscenitate
3078 3299 3316 3369 pecudes
3345 3309 3398 3354 et
3438 3299 3648 3354 belluas

2064 3391 2398 3447 referebant.
2460 3392 2609 3446 Dixit
2676 3393 2822 3448 enim
2895 3394 2964 3447 ad
3040 3393 3245 3447 Mosem
3316 3392 3645 3447 Dominus:

2063 3483 2299 3539 Ascende
2333 3483 2403 3536 ad
2439 3499 2539 3549 me,
2589 3492 2672 3545 tu,
2713 3491 2761 3536 et
2801 3482 3003 3547 Aaron,
3035 3494 3081 3536 et
3118 3480 3335 3547 Nadab,
3377 3497 3426 3536 et
3456 3481 3645 3546 Abiud,

2065 3592 2116 3636 et
2156 3581 2496 3650 septuaginta
2542 3596 2570 3632 ε
2604 3580 2898 3633 senioribus
2932 3577 3131 3641 Israel,
3160 3588 3208 3631 et
3268 3578 3564 3632 adorabunt
3618 3596 3651 3632 a

2064 3675 2214 3744 longe
2239 3674 2551 3740 Dominum,
2588 3685 2638 3729 et
2695 3675 3136 3745 appropinquabit
3184 3674 3356 3729 Moses
3403 3676 3545 3728 solus
3577 3676 3648 3728 ad

2067 3764 2235 3818 Deum
2291 3778 2311 3817 :
2362 3764 2464 3831 ipsi
2519 3756 2695 3817 autem
2761 3780 2863 3817 non
2919 3769 3411 3835 appropinquabant
3458 3766 3523 3820 ⁸³.
3580 3766 3647 3820 Et

2066 3869 2310 3909 rursus:
2346 3854 2678 3910 Descendens
2729 3866 3043 3935 contestare‘
3080 3858 3356 3926 populum,
3406 3874 3468 3910 ne
3513 3858 3653 3927 forte

2065 3946 2471 4016 appropinquat,
2506 3958 2561 4000 ut
2598 3962 2679 4000 me
2708 3947 2904 4011 rideat,
2931 3956 2980 3998 et
3030 3948 3189 4000 radat
3239 3962 3305 4000 ea:
3350 3949 3427 4001 eis
3473 3950 3653 4001 umbi-

2067 4039 2191 4092 tudo
2221 4041 2290 4094 ⁸⁸.
2345 4040 2410 4092 Ει
2465 4038 2629 4109 paulo
2682 4038 2914 4093 inferius
2967 4056 2980 4092 :
3038 4038 3222 4092 Omnis
3278 4041 3368 4108 qui
3427 4043 3653 4111 tetigerit

2066 4138 2316 4198 montem,
2352 4141 2520 4184 morte
2547 4131 2807 4183 morietur
2840 4130 2908 4184 ⁸⁵.
2948 4127 3067 4183 Νυη
3108 4136 3298 4201 tanget
3336 4130 3488 4185 illum
3533 4147 3654 4186 ma-

2070 4239 2195 4289 nus,
2223 4238 2412 4277 verum
2466 4222 2739 4292 lapidibus
2780 4221 3068 4286 obruetur,
3116 4221 3200 4276 vel
3246 4222 3428 4292 jaculo
3462 4223 3658 4277 confo-

2070 4315 2268 4381 dietur,
2326 4313 2440 4369 sive
2511 4313 2699 4375 homo,
2748 4315 2863 4368 sive
2925 4317 3263 4384 jumenlum,
3323 4330 3432 4368 non
3487 4315 3656 4371 vivet.

2071 4408 2248 4477 Atque
2314 4406 2428 4461 haec
2481 4405 2536 4460 in
2586 4403 2762 4460 Exodi
2822 4406 2967 4461 lihro
3024 4408 3100 4461 ita
3159 4406 3446 4461 habentur.
3497 4394 3659 4473 Quod

2072 4510 2256 4556 autem
2287 4498 2577 4569 theologus
2604 4498 2794 4554 cedent
2851 4506 2999 4554 statu
3042 4508 3207 4568 atque
3239 4498 3434 4554 ordine
3461 4513 3658 4553 omnes

377 4605 590 4665 quanta
645 4588 918 4661 subjectio
977 4598 1167 4645 nostra
1234 4596 1340 4655 est,
1403 4598 1553 4644 tanta
1607 4604 1829 4662 quoque
1868 4590 1963 4646 Dei
1997 4614 2044 4674 ι)
2072 4592 2499 4663 haudquaquam
2531 4591 2728 4662 dignos
2766 4589 2985 4645 habitos
3021 4588 3195 4644 fuisse
3236 4600 3656 4644 commemorat.

379 4687 665 4756 depressio
692 4694 800 4747 est,
823 4682 944 4750 sed,
969 4692 1027 4737 ut
1057 4698 1087 4737 a
1108 4682 1267 4738 nobis
1287 4682 1493 4737 dictum
1526 4693 1628 4748 est,
1660 4684 1965 4740 secundum

382 4777 805 4850 proportionem
849 4775 1054 4831 montis
1093 4782 1149 4831 et
1191 4775 1339 4830 creti.
1376 4773 1647 4841 Quocirca
1685 4775 1801 4832 haec
1826 4792 1969 4847 quo-

381 4888 492 4941 que
530 4870 667 4926 visio
712 4869 808 4926 Dei
849 4870 907 4924 in
948 4878 1134 4924 monte
1177 4868 1600 4939 designatricem
1632 4869 1742 4924 vim
1783 4870 1965 4926 habet.

380 4962 596 5016 Idcirco
630 4962 778 5015 enim
838 4959 1124 5015 descendit
1159 4959 1321 5025 Deus,
1350 4974 1413 5013 ac
1448 4958 1651 5015 Mosem
1694 4961 1964 5027 subvexit,

381 5063 447 5108 ut
472 5053 779 5117 discamus,
815 5051 1030 5121 quoties
1056 5050 1219 5104 homo
1247 5049 1359 5104 Deo
1387 5049 1745 5118 coniungitur
1770 5049 1968 5119 partim

383 5146 559 5201 Deum
595 5157 652 5199 ut
690 5144 993 5211 excelsum,
1028 5149 1194 5212 atque
1222 5142 1486 5196 omnibus
1520 5143 1688 5198 rebus
1720 5144 1969 5213 superio-

383 5253 500 5293 rem
543 5239 873 5291 descendere
929 5250 1038 5289 non
1088 5236 1327 5305 gravari,
1370 5234 1569 5303 partim
1601 5243 1768 5289 etiam
1803 5235 1971 5288 homi-

384 5346 539 5397 nem,
596 5331 748 5386 humi
799 5340 963 5400 atque
1028 5328 1082 5383 in
1136 5328 1301 5384 rebus
1363 5328 1592 5397 abiectis
1638 5339 1691 5383 et
1738 5327 1970 5384 terrenis

382 5428 739 5499 provolutum
775 5426 831 5480 in
877 5424 1109 5480 sublime
1163 5421 1402 5475 trahere.
1439 5419 1506 5475 Ut
1530 5421 1974 5492 incomprehensi-

385 5521 511 5578 bilis
539 5522 629 5576 ille
663 5521 1021 5589 concipiatur,
1047 5518 1099 5573 id
1123 5525 1226 5583 est,
1259 5526 1316 5569 ut
1342 5516 1386 5572 is
1426 5516 1722 5587 quiomnia
1762 5517 1970 5586 implet,

382 5614 610 5688 paulum
644 5631 675 5669 a
713 5624 906 5668 natura
941 5622 1129 5666 creata
1170 5609 1290 5680 capi
1332 5609 1526 5679 possit.
1576 5607 1753 5664 Verbo
1784 5618 1969 5665 autem

385 5709 725 5777 φαντάζεται
761 5723 892 5765 usus
918 5718 1023 5769 est,
1047 5705 1099 5760 id
1122 5711 1227 5769 est,
1259 5702 1449 5757 obcure
1499 5701 1732 5756 videtur.
1789 5702 1970 5758 Nubes

460 5828 507 5862 ³⁸
540 5825 703 5881 Hebr.
736 5841 785 5878 x.
825 5827 840 5877 l
884 5823 1179 5894 scqq.4_{“
1212 5821 1383 5877 Exod.
1410 5837 1538 5894 xxv,
1570 5820 1658 5877 40.

382 5913 510 5967 ιιι,
541 5897 630 5953 12.
734 5897 780 5929 ⁸⁸
803 5896 939 5964 thid.
970 5892 976 5894 “
1008 5892 1013 5893 “
1046 5892 1093 5923 ⁸⁸
1116 5893 1263 5948 Psal.
1302 5908 1416 5956 vin,
1439 5892 1495 5947 8.

1762 5820 1805 5853 θ’
1836 5820 2009 5876 llExod.
2035 5835 2145 5886 xix,
2202 5818 2293 5872 20.

2072 4687 2278 4744 Ordine
2310 4689 2530 4759 quidem
2562 4688 2716 4753 dicit,
2740 4687 2871 4757 quia
2904 4686 2958 4740 in
2997 4684 3449 4739 annumeratione
3481 4684 3665 4754 primo

2069 4781 2192 4836 loco
2248 4778 2453 4836 Mosem
2505 4779 2809 4843 constituit,
2847 4776 3045 4832 deinde
3082 4777 3376 4842 Aaronem,
3417 4791 3541 4830 mox
3574 4792 3660 4830 se—

2067 4873 2352 4944 ptnaginta
2384 4872 2650 4927 seniores.
2697 4869 2858 4924 Statu
2905 4876 3114 4934 autem,
3150 4868 3412 4938 quoniam
3457 4882 3659 4921 ascen-

2067 4967 2293 5027 dentes.
2354 4967 2434 5019 sic
2489 4972 2808 5027 steterunt,
2856 4970 2917 5016 ut
2967 4960 3143 5015 vocati
3219 4969 3398 5013 erant.
3464 4957 3663 5011 Bellui-

2069 5076 2168 5114 nos
2228 5069 2408 5111 autem
2465 5054 2790 5119 nominavit,
2827 5051 3140 5123 allegorice,
3193 5060 3248 5105 ut
3292 5051 3512 5120 opinor,
3558 5050 3659 5119 .th-

2071 5161 2317 5207 mentum
2361 5163 2662 5219 exponens,
2698 5147 2766 5202 de
2823 5162 2937 5218 quo
2966 5147 3158 5200 eodem
3194 5143 3367 5199 Exodi
3409 5142 3550 5197 libro
3604 5144 3664 5196 tit

2071 5243 2300 5298 mentio.
2381 5240 2511 5295 Nam
2582 5254 2899 5310 quanquam
2973 5237 3350 5308 iumentorum
3438 5235 3666 5289 nomine

2074 5335 2295 5408 proprie
2340 5342 2626 5389 mansueta
2685 5340 2739 5387 et
2788 5330 3092 5387 domestica
3144 5327 3408 5384 animalia
3451 5326 3662 5396 signiti-

2078 5434 2297 5488 ecntur,
2339 5419 2576 5476 ferarum
2631 5428 2814 5474 autem
2863 5417 3087 5473 nomine
3121 5416 3355 5487 agrestia
3386 5414 3662 5484 appellen-

2078 5524 2193 5585 tur,
2255 5515 2538 5583 Scriptura
2572 5522 2755 5567 tamen
2799 5510 3124 5580 plermnque
3159 5505 3396 5577 jumenti
3445 5503 3668 5558 nonune

2077 5609 2221 5664 feras
2289 5620 2506 5676 quoque
2574 5612 2818 5676 agrestes
2903 5600 3328 5671 complectitur,
3402 5606 3457 5651 ut
3517 5596 3662 5665 apud

2075 5701 2423 5757 Psalmistam
2450 5716 2464 5751 :
2499 5697 2729 5767 Insuper
2768 5705 2817 5750 ct
2856 5711 3046 5767 pecora
3071 5692 3244 5761 campi
3270 5691 3342 5745 ⁸⁸.
3373 5689 3669 5761 Perspicua

2372 5815 2448 5849 δ”
2478 5816 2649 5873 Exod.
2697 5830 2850 5878 xxiv,
2882 5814 2937 5867 l.
3039 5808 3088 5842 ⁸³
3127 5807 3265 5862 Ibid.
3398 5807 3447 5840 ’δ
3488 5806 3661 5864 Exod.
