4116 6416
455 327 587 396 1351

1892 322 2277 385 ΑὈΒΕΝΒΑ.

3596 327 3740 398 1352

452 444 598 499 enim
633 449 851 497 constat
900 439 1012 495 illic
1062 439 1128 495 de
1160 439 1417 494 omnibus
1446 437 1893 508 quadrupedibus
1921 438 2028 508 agi.
2061 447 2105 501 Α
2134 448 2187 493 et
2216 437 2448 495 obscura
2504 436 2667 509 hujus
2700 436 2802 494 loci
2840 436 3056 493 videtur
3086 450 3207 495 esse
3253 441 3551 508 sententia,
3600 450 3738 514 quia

452 535 533 591 Ac
591 549 782 589 rursus
837 533 1020 587 bestia:
1081 531 1446 601 appellatione
1522 540 1807 585 mansueta
1869 530 2033 584 etiam

453 626 712 679 animalia
748 623 1123 692 designantur,
1180 631 1239 675 ut
1299 621 1352 674 in
1384 621 1478 675 illo
1529 620 1648 675 loco
1684 635 1699 674 :
1737 618 1804 672 Et
1836 619 2034 673 crearit

453 713 596 769 Deus
628 719 691 767 de
728 724 867 768 terra
895 729 1073 767 omnes
1120 713 1315 780 bestias
1364 714 1503 782 agri,
1536 722 1585 767 et
1645 713 1825 766 omnia
1885 713 2036 767 vola-

454 808 573 860 tilia
598 806 714 860 caeli
747 806 812 859 ".
851 806 1245 867 Enimveronsi
1288 816 1479 860 exacte
1523 805 1857 875 loquendum
1920 813 2030 869 est,

451 902 723 956 belluinos
750 899 1018 970 quosdam
1047 914 1251 954 vocans
1276 896 1593 968 Gregorius,
1629 895 1831 951 non‘ad
1868 895 2036 951 Vetus

450 991 919 1057 lnstrumentum,
968 990 1062 1047 sed
1120 990 1187 1045 ad
1240 990 1425 1045 divum
1472 987 1699 1044 Paulum
1755 989 1889 1044 mihi
1949 1006 2035 1043 re-

448 1086 693 1151 Spexisse
744 1085 987 1148 videtur,
1045 1084 1125 1137 sic
1198 1083 1264 1136 ad
1347 1081 1605 1136 llebrzeos
1662 1082 2031 1137 scribentem:

450 1175 682 1230 Etiamsi
725 1176 889 1230 bestia
932 1176 1157 1249 tetigerit
1218 1183 1470 1238 montem,
1532 1173 1800 1242 lapidibus
1849 1172 2036 1226 obrue-

447 1281 533 1322 tur
562 1269 632 1333 ⁸⁸,
666 1269 810 1338 quod
841 1268 1060 1338 quidem
1109 1269 1162 1321 in
1194 1265 1377 1321 Veteri
1417 1265 1768 1321 Testamento
1818 1265 1884 1320 ad
1917 1281 2036 1320 ver-

449 1362 578 1417 bum
641 1377 967 1431 expressum
1024 1377 1133 1415 non
1187 1361 1481 1415 invenitur.
1536 1357 1651 1414 Nisi
1714 1359 1838 1428 quis
1897 1357 2036 1413 forte

449 1454 652 1507 dixerit
685 1454 1033 1523 Apostolum,
1076 1454 1191 1507 haec
1223 1452 1385 1506 verba
1418 1450 1728 1506 audientem
1762 1468 1775 1504 :
1805 1448 2035 1504 Etiamsi

445 1544 742 1610 iumentum
784 1545 838 1598 in
887 1554 1117 1598 montem
1169 1543 1487 1609 ascenderit,
1532 1560 1634 1597 non
1673 1543 1804 1596 viret
1836 1541 1903 1610 ",
1944 1540 2035 1611 ju-

448 1639 617 1692 menti
668 1637 893 1692 nomine
946 1637 1157 1692 belluas
1186 1651 1409 1707 quoque
1446 1634 1823 1690 intellexisset.
1856 1633 2031 1689 Caete-

449 1751 572 1789 rum
609 1734 741 1789 illud
778 1735 1061 1789 sciendum
1100 1742 1205 1800 est,
1254 1735 1424 1804 quod,
1460 1733 1719 1803 quoniam
1766 1730 1819 1785 in
1878 1729 2034 1784 nobis

447 1826 694 1897 duplices
731 1828 958 1881 allectus
995 1834 1145 1889 sinit,
1195 1827 1274 1879 ira
1321 1825 1575 1880 videlit-et
1623 1832 1679 1879 et
1733 1823 2033 1894 cupiditas,

449 1917 574 1972 ideo
601 1934 631 1972 a
662 1918 843 1973 divina
884 1918 1345 1988 contemplatione
1381 1915 1875 1980 submovebantur,
1920 1925 2034 1968 tum

448 2011 484 2066 ii
516 2013 609 2080 qui
638 2010 878 2065 ferarum
917 2011 1025 2067 ritu
1065 2012 1375 2082 agrestibus
1403 2020 1456 2065 et
1481 2011 1760 2066 iracundis
1786 2010 2035 2066 moribus

445 2105 657 2174 praediti
695 2114 875 2170 erant,
910 2115 1022 2159 tum
1077 2103 1172 2175 qui
1219 2103 1488 2174 pecudum
1540 2119 1692 2158 more
1742 2103 1796 2158 in
1829 2113 2032 2159 terram

446 2205 636 2267 pastus
664 2196 838 2266 gratia
873 2195 1147 2265 provoluti
1186 2204 1363 2263 erant,
1416 2210 1481 2250 ac
1515 2195 1748 2266 turpiter
1800 2203 1854 2249 et
1891 2195 2034 2253 [cede

448 2288 845 2358 cupiditatibus
876 2287 1207 2343 serviebant.

520 2380 642 2433 Col.
674 2378 777 2432 638
815 2378 879 2433 C.
929 2375 1040 2432 Nos
1083 2385 1263 2431 tamen
1298 2377 1472 2431 media
1504 2377 1737 2450 quadam
1779 2381 1865 2434 via
1895 2381 2034 2435 inter

448 2486 570 2535 eos,
621 2480 727 2526 etc.
776 2468 1230 2541 Quandoquidem
1286 2471 1460 2527 virtus
1511 2471 1562 2527 in
1617 2470 2029 2540 mediocritate,

447 2578 707 2619 excrssus
756 2575 939 2619 autem
978 2574 1031 2619 et
1072 2563 1320 2620 defectus
1372 2564 1423 2617 in
1471 2564 1601 2619 vitio
1647 2565 1809 2634 positi
1858 2576 2024 2633 sunt,

449 2663 733 2725 propterea
777 2655 1075 2725 GregOrius
1107 2656 1421 2727 allegoriam
1456 2657 1824 2728 ingressurus,
1856 2658 2030 2712 factu-

447 2763 568 2801 rum
603 2762 662 2801 se
705 2748 1009 2816 pollicetur,
1047 2755 1106 2802 ut
1140 2749 1315 2803 Inedia
1359 2748 1596 2818 quadam
1632 2749 1714 2803 via
1753 2748 2029 2818 ingredia-

446 2847 553 2903 tur,
585 2837 637 2891 id
671 2846 778 2903 est,
810 2853 872 2892 ea
916 2847 1125 2892 tantum
1174 2838 1238 2892 ad
1273 2837 1587 2907 allegoriam
1623 2839 1876 2909 accipiat,
1905 2856 2028 2909 quae

444 2945 565 2984 eam
594 2931 887 2986 admittunt
913 2948 929 2986 :
955 2931 1161 3002 reliqua
1190 2938 1373 2986 autem
1400 2946 1463 2987 eo
1486 2947 1649 2986 sensu
1679 2932 2029 3002 intelligenda

445 3022 742 3093 relinquat,
775 3039 935 3095 quem
975 3025 1155 3079 littera
1201 3025 1378 3095 primo
1411 3023 1591 3080 fronte
1619 3023 1799 3080 oﬂ'ert.
1832 3023 2027 3080 Omnia

2139 526 2315 601 longis
2359 529 2676 601 hyperbatis
2705 529 2927 585 concisa
2971 537 3055 586 est
3097 530 3213 587 haec
3251 532 3531 602 periodus.
3567 534 3730 590 nunc

2136 630 2319 677 autem
2369 637 2593 678 sensum
2644 621 2829 677 habet.
2876 622 3293 690 Existimamus,
3345 625 3543 694 inquit,
3592 642 3733 698 quo-

2139 716 2283 769 niam
2316 728 2492 784 usque
2519 713 2585 768 ad
2619 713 2981 769 idololatriam
3013 715 3250 785 prolapsi
3282 730 3523 782 eramus,
3558 727 3729 789 atque

2136 805 2367 860 excitari
2408 819 2507 860 nos
2540 804 2785 876 erigique
2833 809 3139 877 oportebat,
3185 807 3393 863 idcirco
3434 810 3594 867 nobis
3634 828 3733 867 ve-

2140 906 2307 951 terem
2356 896 2530 966 legem
2567 895 2751 950 datam
2784 911 2927 961 esse,
2961 910 3086 951 cum
3121 898 3229 953 alia
3277 901 3546 970 permulta
3596 916 3739 971 pra-.-

2137 996 2312 1058 eepta,
2360 1003 2482 1059 quae
2531 1002 2633 1043 nos
2684 988 2751 1043 ab
2801 988 3071 1043 idolorum
3129 989 3279 1045 cultu
3334 990 3683 1047 abducebant
3713 1034 3731 1061 ,

2140 1070 2618 1150 complectentem,
2647 1087 2762 1135 tum
2790 1095 2852 1135 ea
2878 1080 3065 1146 etiam,
3090 1096 3211 1151 quae
3235 1082 3301 1137 ad
3330 1083 3728 1141 sacriﬁciorum

2140 1169 2405 1226 rationem
2443 1170 2809 1241 pertinebant.
2842 1172 3023 1243 Atque
3050 1171 3367 1245 huiusmodi
3394 1190 3593 1231 sensus
3619 1186 3725 1231 est.

2138 1262 2295 1318 Nunc
2330 1263 2549 1333 singula
2597 1263 2958 1319 excutiamus.
3013 1263 3117 1320 Per
3163 1275 3472 1335 peccatum,
3523 1266 3718 1335 inquit,

2130 1357 2244 1427 jam
2298 1358 2423 1411 inde
2466 1370 2495 1410 a
2543 1355 2813 1427 principio
2860 1357 3194 1423 corruimus,
3243 1358 3297 1413 id
3341 1368 3447 1423 est,
3500 1374 3562 1414 ex
3607 1374 3717 1429 quo

2138 1458 2383 1517 tempore
2421 1449 2634 1519 primus
2669 1464 2869 1520 parens
2912 1449 3200 1521 prolapsus
3233 1459 3339 1516 est,
3382 1466 3447 1507 ac
3488 1467 3583 1521 per
3628 1467 3720 1506 vo-

2136 1539 2399 1610 luptatem
2430 1541 2641 1612 decepti
2679 1549 2841 1612 atque
2876 1542 2931 1596 in
2963 1540 3212 1596 fraudem
3255 1542 3474 1612 impulsi
3508 1557 3724 1606 smnus,

2136 1649 2247 1687 non
2291 1649 2387 1703 per
2422 1634 2654 1704 primam
2705 1634 2852 1690 illam
2898 1636 3078 1690 solum
3118 1635 3407 1705 (scriptum
3439 1644 3525 1690 est
3551 1633 3725 1695 enim.

2138 1726 2282 1796 quod
2321 1726 2523 1781 bonum
2557 1735 2676 1782 erat
2708 1726 2915 1797 lignum
2948 1726 3017 1782 ad
3049 1727 3402 1793 vescendum,
3429 1736 3483 1780 et
3509 1733 3727 1795 gratum

2138 1819 2313 1874 oculis
2363 1820 2430 1873 ad
2480 1818 2813 1887 videndum,
2860 1827 2916 1876 et
2960 1819 3248 1890 pulchrum
3296 1818 3362 1872 ad
3415 1817 3730 1885 inteiltgeu-

2138 1913 2269 1968 dum
2295 1913 2376 1985 ")
2407 1913 2503 1970 sed
2537 1928 2657 1967 eam
2694 1914 2885 1976 etiam,
2929 1927 3037 1983 qua
3077 1921 3358 1981 peceatum
3407 1925 3569 1965 omne
3604 1923 3731 1979 per-

2138 2001 2322 2057 fusum
2369 2011 2474 2058 est.
2529 1999 2793 2071 Voluptas
2837 2000 2983 2056 enim
3025 2009 3311 2072 peccatum
3359 2013 3525 2055 omne
3570 2008 3729 2052 ante-

2136 2093 2301 2161 cedit,
2352 2107 2563 2164 nosque
2611 2092 2944 2159 ludiﬁcatur,
2990 2100 3045 2148 et
3094 2092 3146 2146 in
3195 2089 3441 2145 fraudem
3492 2076 3731 2152 inducit,

2136 2202 2202 2243 ac
2231 2187 2381 2243 velut
2426 2185 2607 2258 pisces
2636 2185 2865 2242 inescat.
2900 2183 2971 2240 Et
3011 2183 3231 2256 quidem
3267 2183 3341 2239 ita
3385 2182 3585 2237 misere
3614 2180 3727 2233 cit-

2135 2280 2409 2335 cumventi
2462 2292 2675 2346 sumus,
2729 2287 2789 2334 ut
2837 2278 2905 2333 ad
2967 2276 3287 2333 idololatriae
3336 2273 3544 2330 crimen
3593 2287 3724 2343 pro-

2135 2372 2434 2436 ruet-imus,
2474 2378 2641 2441 atque
2688 2370 2753 2425 ad
2790 2367 3031 2424 nefarios
3077 2381 3329 2432 cruores,
3383 2364 3477 2436 qui
3529 2362 3726 2418 nefarii

2135 2466 2419 2529 dicuntur,
2470 2462 2615 2533 quod
2665 2460 2959 2517 scelerate'
2990 2474 3057 2515 ac
3120 2458 3329 2514 ncl‘arie
3373 2454 3723 2512 daemonibus

2133 2555 2487 2611 oderantur:
2527 2552 2611 2609 vel
2645 2553 2810 2608 etiam
2864 2548 3105 2606 nefarios
3150 2565 3246 2606 eos
3294 2557 3452 2603 vocat
3498 2556 3723 2618 propter

2136 2647 2385 2703 homines
2431 2644 2689 2702 sacrillcii
2737 2659 2905 2701 causa
2956 2651 3248 2698 mactatos.
3297 2638 3721 2696 [inmolaverunt

2132 2741 2299 2809 enim,
2346 2739 2547 2811 inquit,
2585 2738 2725 2808 ﬁlios
2771 2747 2820 2792 et
2855 2736 3001 2808 ﬁlias
3042 2752 3168 2791 suas
3210 2734 3485 2790 dtemoniis
3516 2735 3584 2786 ".
3622 2729 3723 2787 llis

2134 2832 2301 2902 igitur
2349 2830 2508 2887 malis
2543 2829 2767 2885 allectos
2810 2828 3055 2884 revocari
3087 2842 3190 2883 nos
3216 2842 3246 2882 a
3277 2824 3385 2882 Deo
3414 2823 3721 2897 oportebat,

2132 2935 2317 2995 utpote
2345 2940 2375 2979 a
2419 2934 2567 2979 recta
2614 2923 2697 2977 via
2742 2923 3083 2984 aberrantes,
3124 2931 3285 2992 atque
3330 2921 3385 2975 in
3429 2917 3720 2990 antiquum

2132 3027 2334 3074 statum
2375 3017 2615 3084 restitui,
2645 3015 2749 3071 hoc
2789 3026 2893 3082 est,
2922 3014 2991 3070 ad
3032 3013 3125 3070 Dei
3168 3014 3558 3085 cognitionem,
3594 3024 3724 3067 ante

444 3116 589 3169 enim
612 3154 628 3180 ,
680 3131 800 3186 qua:
833 3115 999 3169 reteri
1035 3115 1152 3186 lege
1185 3117 1555 3183 continentur,
1587 3130 1852 3186 corporeo
1884 3116 2029 3171 dun-
2054 3124 2100 3187 ρ
2134 3109 2502 3165 idololatriam
2538 3108 2591 3164 in
2621 3109 2819 3164 animis
2849 3108 3054 3164 nostris
3088 3108 3384 3172 lucentem,
3413 3115 3468 3163 et
3497 3105 3717 3177 quidem

444 3217 593 3261 taxat
632 3206 792 3262 modo
840 3222 904 3262 ac
940 3208 1242 3262 secundum
1291 3207 1581 3263 litteralem
1627 3215 1683 3262 et
1721 3205 2023 3261 dilucidum

445 3310 668 3349 sensum
712 3296 1080 3365 interpretari,
1125 3306 1209 3350 est
1237 3311 1551 3350 crassorum
1592 3306 1647 3351 et
1679 3296 2021 3365 stupidorum

445 3388 753 3453 hominum,
778 3400 942 3457 atque
968 3387 1035 3442 ad
1068 3389 1588 3458 contemplationem
1621 3404 1849 3458 prorsus
1878 3388 2025 3442 iner-

445 3480 582 3533 tium
627 3489 789 3546 atque
832 3478 1205 3546 torpenlium,
1254 3476 1570 3547 Iudae-isque
1614 3477 1899 3533 similium.
1947 3477 2028 3534 llli

441 3571 590 3627 enim
640 3569 952 3624 universam
1000 3570 1170 3640 legem
1213 3569 1369 3639 juxta
1417 3569 1652 3625 litteram
1699 3568 2029 3640 intelligunt,

444 3675 547 3715 nec
591 3658 861 3730 spirituali
905 3674 1070 3715 sensu
1114 3661 1413 3729 quidquam
1461 3660 1759 3730 accipiunt.
1804 3659 2029 3726 Contra,

444 3753 629 3807 omnia
682 3752 768 3807 vel
819 3752 1191 3808 minutissima
1240 3768 1468 3822 qumque
1519 3754 1809 3824 allegorice
1855 3769 2021 3825 expo-

447 3859 596 3909 nere,
622 3843 826 3901 curiosi
851 3854 935 3901 est
959 3843 1183 3916 ingenii,
1211 3855 1373 3915 atque
1401 3848 1454 3899 in
1486 3847 1765 3918 anagogiae
1790 3847 2027 3913 ratione,

446 3953 548 3994 nec
596 3938 857 4006 modum,
907 3953 1010 3994 nec
1062 3937 1499 3993 mediocritatem
1555 3939 1811 3996 tenentis.
1864 3937 2030 4011 quue

444 4046 577 4088 sane
607 4031 897 4086 ridiculum
923 4040 1027 4099 est,
1059 4046 1124 4086 ac
1153 4032 1314 4103 plane
1344 4032 1683 4087 somniorum
1716 4033 2029 4103 conjectore

442 4127 692 4196 dignum.
730 4124 924 4180 Omnia
959 4127 1106 4179 enim
1155 4126 1367 4180 somnia
1404 4127 1455 4178 in
1492 4126 1662 4196 signis
1706 4135 1872 4197 atque
1906 4143 2029 4181 um-

441 4219 556 4275 bris
598 4220 927 4275 consistunt.
962 4219 1289 4288 Quicunque
1337 4219 1503 4290 igitur
1546 4218 1731 4273 omnia
1779 4220 1847 4273 ad
1894 4235 2028 4275 ana-

443 4311 693 4383 gogicum
756 4327 981 4366 sensum
1044 4310 1335 4376 referunt,
1406 4313 1621 4367 somnia
1681 4312 2029 4383 interpretari

441 4405 717 4460 videntur.
771 4404 941 4459 Porro
988 4405 1182 4460 litterae
1235 4407 1514 4461 mordicus
1561 4406 1877 4471 adhaerere,
1930 4423 2028 4465 nec

2134 3202 2369 3267 restitui,
2419 3218 2526 3257 non
2575 3212 2796 3273 promer
2831 3203 2996 3273 Opera
3032 3210 3245 3265 nostra,
3295 3214 3397 3256 nec
3428 3199 3571 3255 enim
3611 3197 3721 3251 ulla

2134 3295 2491 3359 habebamus,
2523 3294 2618 3350 sed
2651 3294 2806 3364 juxta
2843 3294 2990 3349 illam
3030 3294 3169 3366 apud
3202 3294 3405 3348 Lucam
3443 3289 3723 3346 Zacharias

2132 3387 2501 3457 prephetiam,
2550 3397 2771 3459 prepter
2811 3388 3016 3442 viscera
3061 3384 3443 3442 misericordia:
3487 3384 3582 3439 Dei
3626 3397 3722 3435 no-

2132 3479 2232 3533 stri
2261 3479 2331 3545 ",
2376 3479 2510 3533 tanti
2562 3494 2758 3535 manus
2808 3496 2921 3535 sua:
2967 3478 3171 3551 epilicii
3214 3479 3489 3549 jacturam
3538 3477 3720 3532 facere

2132 3586 2241 3626 non
2286 3570 2637 3625 sustinentis.
2671 3568 2908 3624 Tantum
2955 3579 3139 3624 autem
3184 3569 3320 3624 dixit
3352 3583 3458 3622 non
3495 3568 3719 3638 quanti-

2133 3667 2263 3724 tate,
2292 3659 2385 3714 scd
2413 3659 2712 3729 qualitate:
2748 3659 2937 3731 Magna
2974 3660 3119 3716 enim
3152 3674 3263 3726 res,
3303 3660 3499 3730 inquit,
3532 3660 3720 3719 homo,

2131 3768 2196 3808 ac
2238 3750 2499 3822 praeclara
2542 3761 2596 3807 et
2636 3753 2836 3807 eximia
2885 3768 2994 3819 res,
3038 3753 3141 3809 vir.
3171 3752 3343 3820 Quem
3385 3751 3725 3808 sublimioris

2132 3845 2296 3900 etiam
2363 3845 2642 3914 sapientiae
2706 3846 2981 3915 specimen
3039 3845 3293 3911 vocavit,
3354 3854 3409 3901 et
3460 3859 3723 3913 magnum

2132 3939 2399 3994 mundum
2444 3937 2499 3992 in
2542 3953 2753 4009 parvo:
2788 3938 2949 4010 idque
2982 3953 3090 3994 non
3117 3954 3182 3994 ea
3224 3947 3435 3994 tantum
3482 3940 3721 4003 ratione,

2130 4036 2258 4106 quia
2288 4050 2351 4091 ea
2382 4034 2567 4090 omnia
2610 4034 2797 4100 habet,
2832 4050 2954 4106 qua;
3000 4034 3276 4090 sensibilis
3322 4033 3414 4089 hic
3458 4036 3720 4098 mundus,

2132 4142 2196 4182 ac
2232 4138 2496 4196 praeterea
2546 4125 2759 4181 ratione
2806 4127 3111 4182 instructus
3149 4137 3232 4181 est
3266 4143 3279 4181 :
3315 4141 3503 4180 verum
3554 4126 3719 4180 etiam

2132 4220 2260 4290 quia
2315 4220 2552 4275 mundus
2600 4230 2820 4290 propter
2870 4219 3050 4291 ipsum
3103 4221 3359 4275 conditus
3408 4229 3512 4274 est.
3563 4216 3722 4284 Quod

2132 4318 2313 4365 autem
2365 4309 2601 4381 alicujus
2646 4325 2811 4365 causa
2859 4307 3065 4365 factum
3095 4322 3201 4378 est,
3247 4310 3474 4365 inferius
3516 4321 3722 4376 esteo,

2134 4412 2357 4472 propter
2418 4401 2565 4472 quod
2626 4400 2829 4457 laetum
2888 4410 2991 4457 est.
3060 4401 3237 4458 llomo
3301 4412 3483 4458 autem
3537 4404 3727 4459 divine.

444 4511 681 4566 unquam
714 4496 1002 4553 sublimius
1058 4511 1370 4565 assurgere,
1407 4495 1653 4554 defectus
1692 4509 1776 4554 est
1805 4499 1918 4571 (20)
1953 4516 1966 4553 :
2001 4516 2032 4554 θ
2063 4481 2109 4540 D
2138 4509 2300 4547 manu
2334 4492 2561 4548 ell‘ectus
2582 4501 2685 4559 est,
2709 4492 2865 4563 juxta
2892 4491 2943 4546 id
2979 4493 3125 4563 quod
3158 4494 3420 4564 scriptum
3450 4494 3721 4550 habetur:

441 4588 658 4646 diverso
690 4588 876 4645 omnia
918 4590 984 4645 ad
1026 4589 1383 4660 allegoricum
1427 4605 1648 4645 sensum
1694 4590 1908 4647 trahere
1935 4607 2029 4647 ex-

442 4698 668 4748 cessus,
714 4684 881 4755 atquc
932 4694 1228 4754 utrumque
1279 4684 1567 4753 vitiosum.
1606 4684 1677 4738 At
1751 4683 1804 4738 in
1855 4700 1917 4739 ea
1969 4700 2028 4740 re

442 4776 702 4830 decorum
734 4791 973 4842 servare,
1020 4775 1371 4833 mediocritas
1402 4785 1485 4831 est
1514 4784 1568 4831 et
1609 4776 1803 4841 virtus,
1852 4791 2028 4846 neque

443 4867 498 4922 id
548 4868 846 4923 absurdum
889 4877 991 4932 est,
1043 4876 1130 4935 ut,
1163 4868 1413 4925 litteralis
1442 4879 1494 4923 et
1537 4869 1781 4923 historici
1834 4884 2029 4924 sensus

444 4961 691 5028 pertinax
733 4964 1017 5030 amplexus
1043 5001 1057 5027 ,
1095 4977 1195 5015 nec
1236 4962 1546 5027 ridiculum,
1584 4971 1641 5016 ut
1669 4962 2016 5025 somniatrix,

444 5049 533 5101 illa
563 5059 759 5103 cuncta
791 5052 1078 5121 allegorice
1112 5053 1417 5131 explicandi
1455 5055 1614 5109 ratio.

517 5140 954 5209 Quandoquidem
990 5143 1128 5195 enint
1168 5160 1284 5210 nos,
1318 5146 1382 5197 ab
1428 5146 1602 5211 initio,
1637 5154 1741 5201 etc.
1787 5141 2026 5197 Dillicilis

517 5307 561 5339 ⁸⁷
588 5306 725 5363 Gen.
759 5322 799 5372 l,
834 5305 1020 5372 24,25.
1098 5304 1146 5338 ⁸⁸
1175 5304 1343 5362 Hebr.
1385 5323 1485 5373 xu,
1519 5307 1610 5361 ΞΟ.

447 5378 534 5433 78.
618 5377 813 5433 “Psal.
842 5391 1033 5440 cxvtti,
1066 5374 1154 5430 75.

515 5539 628 5610 (-20)
685 5541 911 5609 August.
970 5533 1063 5590 lib.
1116 5551 1229 5610 xvii
1278 5534 1356 5589 De
1404 5538 1546 5590 civit.
1605 5536 1722 5610 Dei,
1772 5552 1890 5610 cap.
1936 5536 1970 5589 '5
2017 5554 2032 5591 :

451 5627 472 5661 ι
503 5607 630 5663 Mihi
666 5607 807 5664 sicut
839 5618 1070 5662 multum
1101 5609 1352 5661 videntur
1378 5621 1581 5668 errare,
1614 5608 1705 5676 qui
1736 5609 1914 5661 nullas
1947 5623 2033 5661 res

1688 5308 1733 5341 ”
1775 5308 1946 5366 Exod.
1976 5329 2086 5378 xIx,
2128 5313 2215 5369 l3.

2136 4587 2332 4642 Manus
2361 4599 2463 4643 tute
2494 4588 2728 4659 fecertmt
2758 4604 2858 4654 me,
2887 4600 2933 4642 et
2968 4588 3364 4657 plasmaverunt
3397 4605 3477 4643 me
3502 4590 3566 4644 ’³.
3600 4590 3723 4656 Quo

2136 4681 2257 4736 loco
2293 4698 2511 4746 manus,
2547 4695 2606 4735 ut
2633 4681 2743 4735 Deo
2773 4683 2996 4752 dignum
3034 4691 3137 4745 est,
3174 4682 3536 4759 intelligenda:
3566 4693 3719 4751 sunt,

2137 4773 2396 4827 nimirum
2462 4787 2561 4842 pro
2636 4771 2993 4826 fabricatione
3054 4773 3169 4827 Dei.
3229 4771 3498 4839 Quoniam
3559 4774 3723 4844 igitur

2140 4865 2461 4931 instaurari,
2487 4875 2649 4935 atque
2674 4867 2742 4918 ab
2769 4880 2959 4920 errore
2987 4869 3231 4921 revocari
3260 4867 3534 4921 hominem
3560 4883 3726 4937 opor-

2136 4959 2300 5024 tebat,
2330 4971 2439 5027 quo
2468 4958 2683 5011 tandem
2717 4956 2877 5011 modo
2905 4956 2957 5011 id
2986 4959 3101 5011 lieri
3128 4958 3397 5014 decebat?
3425 4960 3723 5029 prudenter

2126 5063 2277 5107 certe
2325 5060 2379 5105 et
2434 5051 2678 5119 provide.
2737 5050 2879 5105 Nam
2943 5054 3405 5123 quemadmodum
3473 5055 3723 5110 medicus

2127 5146 2327 5199 vulnus
2358 5142 2696 5212 abstergere,
2730 5154 2825 5199 aut
2861 5144 2966 5202 alio
3000 5147 3160 5205 modo
3195 5162 3432 5219 purgare
3470 5149 3721 5217 Cupiens,

2306 5313 2353 5345 ’°
2387 5313 2521 5370 Gen.
2564 5329 2623 5369 ιιι
2649 5353 2663 5379 ,
2701 5311 2756 5368 6.
2831 5315 2876 5346 ⁹¹
2927 5312 3071 5370 Psal.
3107 5327 3195 5379 cv,
3229 5311 3321 5365 57.
3398 5312 3442 5342 θ’
3480 5311 3615 5366 Luc.
3665 5327 3751 5389 ι..

2135 5534 2447 5605 signiﬁcare
2511 5536 2851 5609 arbitrantur
2898 5555 2923 5609 :_
2966 5537 3040 5590 ita
3095 5539 3326 5593 multum
3373 5538 3576 5594 audere
3623 5542 3717 5609 qui

2136 5623 2362 5680 prorsus
2400 5609 2471 5662 ibi
2523 5607 3245 5680 omniasignificationibus
3280 5610 3587 5680 allegoritis
3634 5607 3719 5666 in-

448 5689 627 5744 gestas
672 5682 723 5731 iu
762 5695 826 5732 eo
862 5693 1061 5747 genere
1097 5678 1400 5731 litterarum
1447 5677 1673 5744 (SCllltN
1727 5678 2032 5745 sacrarum)
2079 5737 2085 5743 _
2136 5679 2317 5732 voluta
2351 5693 2473 5734 esse
2503 5678 2859 5733 contendunt.
2898 5696 2919 5731 ›

440 5750 651 5819 aliquid
698 5750 839 5805 aliud
893 5759 1087 5820 praeter
1121 5750 1173 5803 id
1221 5751 1365 5818 quod
1400 5767 1462 5804 eo
1496 5749 1657 5802 modo
1690 5760 1851 5817 gesto:
1883 5760 2031 5811 sunt,
