  <div class='ocr_page' id='page_1' title='image "/cluster/home/n/w/nwhite01/storage/ocr_20150623/127/coo.31924054870328/684.png"; bbox 0 0 4116 6422; ppageno 0'>
   <div class='ocr_carea' id='block_1_1' title="bbox 399 408 538 475">
    <p class='ocr_par' dir='ltr' id='par_1_1' title="bbox 399 408 538 475">
     <span class='ocr_line' id='line_1_1' title="bbox 399 408 538 475; baseline -0.014 0"><span class='ocrx_word' id='word_1_1' title='bbox 399 408 538 475; x_wconf 75' lang='grc'><strong>1353</strong></span> 
     </span>
    </p>
   </div>
   <div class='ocr_carea' id='block_1_2' title="bbox 1344 399 2620 470">
    <p class='ocr_par' dir='ltr' id='par_1_2' title="bbox 1344 399 2620 470">
     <span class='ocr_line' id='line_1_2' title="bbox 1344 399 2620 470; baseline -0.004 -1"><span class='ocrx_word' id='word_1_2' title='bbox 1344 409 1663 470; x_wconf 80' lang='lat' dir='ltr'><strong>NlCETAS</strong></span> <span class='ocrx_word' id='word_1_3' title='bbox 1705 404 1782 464; x_wconf 77' lang='lat' dir='ltr'><strong>IN</strong></span> <span class='ocrx_word' id='word_1_4' title='bbox 1825 401 2045 462; x_wconf 67' lang='lat' dir='ltr'><strong>OliA&#39;l‘.</strong></span> <span class='ocrx_word' id='word_1_5' title='bbox 2088 399 2250 458; x_wconf 79' lang='lat' dir='ltr'><strong>XLII</strong></span> <span class='ocrx_word' id='word_1_6' title='bbox 2295 400 2353 458; x_wconf 90' lang='lat' dir='ltr'><strong>S.</strong></span> <span class='ocrx_word' id='word_1_7' title='bbox 2387 400 2620 466; x_wconf 86' lang='lat' dir='ltr'><strong>GREG.</strong></span> 
     </span>
    </p>
   </div>
   <div class='ocr_carea' id='block_1_3' title="bbox 3500 402 3642 466">
    <p class='ocr_par' dir='ltr' id='par_1_3' title="bbox 3500 402 3642 466">
     <span class='ocr_line' id='line_1_3' title="bbox 3500 402 3642 466; baseline 0.007 -1"><span class='ocrx_word' id='word_1_8' title='bbox 3500 402 3642 466; x_wconf 73' lang='lat' dir='ltr'><strong>135i</strong></span> 
     </span>
    </p>
   </div>
   <div class='ocr_carea' id='block_1_4' title="bbox 398 509 3645 594">
    <p class='ocr_par' dir='ltr' id='par_1_4' title="bbox 398 509 3645 594">
     <span class='ocr_line' id='line_1_4' title="bbox 398 509 3645 594; baseline -0.004 -13"><span class='ocrx_word' id='word_1_9' title='bbox 398 525 444 581; x_wconf 89' lang='lat' dir='ltr'><strong>si</strong></span> <span class='ocrx_word' id='word_1_10' title='bbox 475 523 722 594; x_wconf 87' lang='lat' dir='ltr'><strong>asperius</strong></span> <span class='ocrx_word' id='word_1_11' title='bbox 761 536 975 576; x_wconf 90' lang='lat' dir='ltr'><strong>manum</strong></span> <span class='ocrx_word' id='word_1_12' title='bbox 1013 523 1324 586; x_wconf 82' lang='lat' dir='ltr'><strong>admoveat,-</strong></span> <span class='ocrx_word' id='word_1_13' title='bbox 1361 537 1466 575; x_wconf 92' lang='lat' dir='ltr'><strong>non</strong></span> <span class='ocrx_word' id='word_1_14' title='bbox 1504 519 1668 574; x_wconf 91' lang='lat' dir='ltr'><strong>modo</strong></span> <span class='ocrx_word' id='word_1_15' title='bbox 1703 532 1808 570; x_wconf 92' lang='lat' dir='ltr'><strong>non</strong></span> <span class='ocrx_word' id='word_1_16' title='bbox 1843 529 1967 583; x_wconf 83' lang='lat' dir='ltr'><strong>pur-</strong></span> <span class='ocrx_word' id='word_1_17' title='bbox 1999 514 2039 565; x_wconf 72' lang='grc' dir='ltr'>Α</span> <span class='ocrx_word' id='word_1_18' title='bbox 2071 509 2162 562; x_wconf 88' lang='lat' dir='ltr'><strong>sed</strong></span> <span class='ocrx_word' id='word_1_19' title='bbox 2229 511 2503 577; x_wconf 77' lang='lat' dir='ltr'><strong>sapienter</strong></span> <span class='ocrx_word' id='word_1_20' title='bbox 2562 517 2725 577; x_wconf 84' lang='lat' dir='ltr'><strong>atque</strong></span> <span class='ocrx_word' id='word_1_21' title='bbox 2781 509 3044 564; x_wconf 89' lang='lat' dir='ltr'><strong>industrie</strong></span> <span class='ocrx_word' id='word_1_22' title='bbox 3099 525 3195 579; x_wconf 90' lang='lat' dir='ltr'><strong>per</strong></span> <span class='ocrx_word' id='word_1_23' title='bbox 3248 511 3645 569; x_wconf 80' lang='lat' dir='ltr'><strong>subtractiones</strong></span> 
     </span>
    </p>
   </div>
   <div class='ocr_carea' id='block_1_5' title="bbox 398 604 1968 683">
    <p class='ocr_par' dir='ltr' id='par_1_5' title="bbox 398 604 1968 683">
     <span class='ocr_line' id='line_1_5' title="bbox 398 604 1968 683; baseline -0.009 -14"><span class='ocrx_word' id='word_1_24' title='bbox 398 615 570 683; x_wconf 84' lang='lat' dir='ltr'><strong>gabit,</strong></span> <span class='ocrx_word' id='word_1_25' title='bbox 611 613 704 668; x_wconf 91' lang='lat' dir='ltr'><strong>sed</strong></span> <span class='ocrx_word' id='word_1_26' title='bbox 745 614 907 668; x_wconf 91' lang='lat' dir='ltr'><strong>etiam</strong></span> <span class='ocrx_word' id='word_1_27' title='bbox 954 613 1191 667; x_wconf 78' lang='lat' dir='ltr'><strong>dolorem</strong></span> <span class='ocrx_word' id='word_1_28' title='bbox 1231 612 1448 682; x_wconf 87' lang='lat' dir='ltr'><strong>augebit</strong></span> <span class='ocrx_word' id='word_1_29' title='bbox 1490 618 1543 665; x_wconf 92' lang='lat' dir='ltr'><strong>et</strong></span> <span class='ocrx_word' id='word_1_30' title='bbox 1587 604 1920 664; x_wconf 87' lang='lat' dir='ltr'><strong>exulcerabit</strong></span> <span class='ocrx_word' id='word_1_31' title='bbox 1957 621 1968 656; x_wconf 89' lang='lat'><strong>:</strong></span> 
     </span>
    </p>
   </div>
   <div class='ocr_carea' id='block_1_6' title="bbox 397 697 1972 773">
    <p class='ocr_par' dir='ltr' id='par_1_6' title="bbox 397 697 1972 773">
     <span class='ocr_line' id='line_1_6' title="bbox 397 697 1972 773; baseline -0.007 -13"><span class='ocrx_word' id='word_1_32' title='bbox 397 707 476 761; x_wconf 91' lang='lat' dir='ltr'><strong>sic</strong></span> <span class='ocrx_word' id='word_1_33' title='bbox 505 706 665 760; x_wconf 92' lang='lat' dir='ltr'><strong>etiam</strong></span> <span class='ocrx_word' id='word_1_34' title='bbox 699 706 935 759; x_wconf 90' lang='lat' dir='ltr'><strong>animam</strong></span> <span class='ocrx_word' id='word_1_35' title='bbox 967 705 1283 760; x_wconf 91' lang='lat' dir='ltr'><strong>vulneribus</strong></span> <span class='ocrx_word' id='word_1_36' title='bbox 1320 716 1659 773; x_wconf 83' lang='lat' dir='ltr'><strong>oppressam,</strong></span> <span class='ocrx_word' id='word_1_37' title='bbox 1701 699 1804 754; x_wconf 86' lang='lat' dir='ltr'><strong>nisi</strong></span> <span class='ocrx_word' id='word_1_38' title='bbox 1848 697 1972 767; x_wconf 87' lang='lat' dir='ltr'><strong>quis</strong></span> 
     </span>
    </p>
   </div>
   <div class='ocr_carea' id='block_1_7' title="bbox 398 789 1970 858">
    <p class='ocr_par' dir='ltr' id='par_1_7' title="bbox 398 789 1970 858">
     <span class='ocr_line' id='line_1_7' title="bbox 398 789 1970 858; baseline -0.007 -8"><span class='ocrx_word' id='word_1_39' title='bbox 398 795 536 851; x_wconf 89' lang='lat' dir='ltr'><strong>scite</strong></span> <span class='ocrx_word' id='word_1_40' title='bbox 583 803 638 850; x_wconf 90' lang='lat' dir='ltr'><strong>et</strong></span> <span class='ocrx_word' id='word_1_41' title='bbox 684 796 875 849; x_wconf 89' lang='lat' dir='ltr'><strong>leniter</strong></span> <span class='ocrx_word' id='word_1_42' title='bbox 915 795 1303 858; x_wconf 82' lang='lat' dir='ltr'><strong>attrectaverit,</strong></span> <span class='ocrx_word' id='word_1_43' title='bbox 1334 809 1442 848; x_wconf 88' lang='lat' dir='ltr'><strong>non</strong></span> <span class='ocrx_word' id='word_1_44' title='bbox 1478 793 1640 846; x_wconf 89' lang='lat' dir='ltr'><strong>modo</strong></span> <span class='ocrx_word' id='word_1_45' title='bbox 1674 789 1806 843; x_wconf 83' lang='lat' dir='ltr'><strong>nihil</strong></span> <span class='ocrx_word' id='word_1_46' title='bbox 1852 802 1970 842; x_wconf 90' lang='lat' dir='ltr'><strong>eam</strong></span> 
     </span>
    </p>
   </div>
   <div class='ocr_carea' id='block_1_8' title="bbox 392 880 1970 956">
    <p class='ocr_par' dir='ltr' id='par_1_8' title="bbox 392 880 1970 956">
     <span class='ocr_line' id='line_1_8' title="bbox 392 880 1970 956; baseline -0.005 -14"><span class='ocrx_word' id='word_1_47' title='bbox 392 889 615 954; x_wconf 84' lang='lat' dir='ltr'><strong>juvcrit,</strong></span> <span class='ocrx_word' id='word_1_48' title='bbox 663 889 756 942; x_wconf 90' lang='lat' dir='ltr'><strong>sed</strong></span> <span class='ocrx_word' id='word_1_49' title='bbox 806 888 1029 956; x_wconf 80' lang='lat' dir='ltr'><strong>insuper</strong></span> <span class='ocrx_word' id='word_1_50' title='bbox 1104 889 1267 940; x_wconf 89' lang='lat' dir='ltr'><strong>etiam</strong></span> <span class='ocrx_word' id='word_1_51' title='bbox 1321 886 1551 950; x_wconf 62' lang='lat' dir='ltr'><strong>laeserit,</strong></span> <span class='ocrx_word' id='word_1_52' title='bbox 1599 898 1662 938; x_wconf 88' lang='lat' dir='ltr'><strong>ac</strong></span> <span class='ocrx_word' id='word_1_53' title='bbox 1723 880 1970 950; x_wconf 86' lang='lat' dir='ltr'><strong>pervica-</strong></span> 
     </span>
    </p>
   </div>
   <div class='ocr_carea' id='block_1_9' title="bbox 397 971 1970 1041">
    <p class='ocr_par' dir='ltr' id='par_1_9' title="bbox 397 971 1970 1041">
     <span class='ocr_line' id='line_1_9' title="bbox 397 971 1970 1041; baseline -0.004 -12"><span class='ocrx_word' id='word_1_54' title='bbox 397 977 602 1032; x_wconf 85' lang='lat' dir='ltr'><strong>ciorem</strong></span> <span class='ocrx_word' id='word_1_55' title='bbox 633 976 898 1032; x_wconf 74' lang='lat' dir='ltr'><strong>cﬂ‘ecerit.</strong></span> <span class='ocrx_word' id='word_1_56' title='bbox 921 977 1153 1030; x_wconf 81' lang='lat' dir='ltr'><strong>Proinde</strong></span> <span class='ocrx_word' id='word_1_57' title='bbox 1191 977 1474 1029; x_wconf 73' lang='lat' dir='ltr'><strong>violentior</strong></span> <span class='ocrx_word' id='word_1_58' title='bbox 1505 971 1772 1027; x_wconf 85' lang='lat' dir='ltr'><strong>medicina</strong></span> <span class='ocrx_word' id='word_1_59' title='bbox 1803 986 1970 1041; x_wconf 89' lang='lat' dir='ltr'><strong>repu-</strong></span> 
     </span>
    </p>
   </div>
   <div class='ocr_carea' id='block_1_10' title="bbox 396 1063 1971 1137">
    <p class='ocr_par' dir='ltr' id='par_1_10' title="bbox 396 1063 1971 1137">
     <span class='ocr_line' id='line_1_10' title="bbox 396 1063 1971 1137; baseline -0.004 -17"><span class='ocrx_word' id='word_1_60' title='bbox 396 1067 595 1121; x_wconf 86' lang='lat' dir='ltr'><strong>dianda</strong></span> <span class='ocrx_word' id='word_1_61' title='bbox 631 1078 684 1121; x_wconf 91' lang='lat' dir='ltr'><strong>et</strong></span> <span class='ocrx_word' id='word_1_62' title='bbox 729 1067 1020 1137; x_wconf 86' lang='lat' dir='ltr'><strong>rejicienda</strong></span> <span class='ocrx_word' id='word_1_63' title='bbox 1065 1075 1205 1131; x_wconf 87' lang='lat' dir='ltr'><strong>erat,</strong></span> <span class='ocrx_word' id='word_1_64' title='bbox 1243 1074 1429 1134; x_wconf 90' lang='lat' dir='ltr'><strong>utpote</strong></span> <span class='ocrx_word' id='word_1_65' title='bbox 1475 1078 1599 1132; x_wconf 59' lang='lat' dir='ltr'><strong>quae</strong></span> <span class='ocrx_word' id='word_1_66' title='bbox 1647 1078 1754 1117; x_wconf 89' lang='lat' dir='ltr'><strong>non</strong></span> <span class='ocrx_word' id='word_1_67' title='bbox 1797 1063 1971 1116; x_wconf 91' lang='lat' dir='ltr'><strong>solum</strong></span> 
     </span>
    </p>
   </div>
   <div class='ocr_carea' id='block_1_11' title="bbox 398 1154 1974 1223">
    <p class='ocr_par' dir='ltr' id='par_1_11' title="bbox 398 1154 1974 1223">
     <span class='ocr_line' id='line_1_11' title="bbox 398 1154 1974 1223; baseline -0.002 -13"><span class='ocrx_word' id='word_1_68' title='bbox 398 1158 647 1214; x_wconf 82' lang='lat' dir='ltr'><strong>homines</strong></span> <span class='ocrx_word' id='word_1_69' title='bbox 699 1175 806 1213; x_wconf 90' lang='lat' dir='ltr'><strong>non</strong></span> <span class='ocrx_word' id='word_1_70' title='bbox 859 1157 1136 1223; x_wconf 83' lang='lat' dir='ltr'><strong>ﬂexisset,</strong></span> <span class='ocrx_word' id='word_1_71' title='bbox 1189 1158 1283 1212; x_wconf 88' lang='lat' dir='ltr'><strong>sed</strong></span> <span class='ocrx_word' id='word_1_72' title='bbox 1335 1171 1476 1211; x_wconf 86' lang='lat' dir='ltr'><strong>novo</strong></span> <span class='ocrx_word' id='word_1_73' title='bbox 1537 1154 1701 1210; x_wconf 89' lang='lat' dir='ltr'><strong>etiam</strong></span> <span class='ocrx_word' id='word_1_74' title='bbox 1750 1154 1974 1207; x_wconf 83' lang='lat' dir='ltr'><strong>vulnere</strong></span> 
     </span>
    </p>
   </div>
   <div class='ocr_carea' id='block_1_12' title="bbox 396 1246 1972 1317">
    <p class='ocr_par' dir='ltr' id='par_1_12' title="bbox 396 1246 1972 1317">
     <span class='ocr_line' id='line_1_12' title="bbox 396 1246 1972 1317; baseline -0.004 -13"><span class='ocrx_word' id='word_1_75' title='bbox 396 1253 689 1317; x_wconf 85' lang='lat' dir='ltr'><strong>aﬂecisset,</strong></span> <span class='ocrx_word' id='word_1_76' title='bbox 741 1267 806 1306; x_wconf 90' lang='lat' dir='ltr'><strong>ac</strong></span> <span class='ocrx_word' id='word_1_77' title='bbox 851 1252 1112 1305; x_wconf 87' lang='lat' dir='ltr'><strong>scelerate</strong></span> <span class='ocrx_word' id='word_1_78' title='bbox 1160 1249 1467 1303; x_wconf 81' lang='lat' dir='ltr'><strong>viventibus</strong></span> <span class='ocrx_word' id='word_1_79' title='bbox 1518 1247 1584 1301; x_wconf 92' lang='lat' dir='ltr'><strong>ad</strong></span> <span class='ocrx_word' id='word_1_80' title='bbox 1637 1246 1972 1316; x_wconf 90' lang='lat' dir='ltr'><strong>peccandum</strong></span> 
     </span>
    </p>
   </div>
   <div class='ocr_carea' id='block_1_13' title="bbox 397 1342 1973 1411">
    <p class='ocr_par' dir='ltr' id='par_1_13' title="bbox 397 1342 1973 1411">
     <span class='ocr_line' id='line_1_13' title="bbox 397 1342 1973 1411; baseline -0.003 -15"><span class='ocrx_word' id='word_1_81' title='bbox 397 1343 789 1411; x_wconf 90' lang='lat' dir='ltr'><strong>impudentiam</strong></span> <span class='ocrx_word' id='word_1_82' title='bbox 825 1342 1146 1404; x_wconf 84' lang='lat' dir='ltr'><strong>addidisset,</strong></span> <span class='ocrx_word' id='word_1_83' title='bbox 1187 1348 1410 1410; x_wconf 85' lang='lat' dir='ltr'><strong>propter</strong></span> <span class='ocrx_word' id='word_1_84' title='bbox 1455 1346 1798 1393; x_wconf 89' lang='lat' dir='ltr'><strong>contractum</strong></span> <span class='ocrx_word' id='word_1_85' title='bbox 1834 1344 1973 1391; x_wconf 87' lang='lat' dir='ltr'><strong>tem-</strong></span> 
     </span>
    </p>
   </div>
   <div class='ocr_carea' id='block_1_14' title="bbox 399 1429 1969 1504">
    <p class='ocr_par' dir='ltr' id='par_1_14' title="bbox 399 1429 1969 1504">
     <span class='ocr_line' id='line_1_14' title="bbox 399 1429 1969 1504; baseline -0.004 -15"><span class='ocrx_word' id='word_1_86' title='bbox 399 1435 552 1504; x_wconf 88' lang='lat' dir='ltr'><strong>poris</strong></span> <span class='ocrx_word' id='word_1_87' title='bbox 605 1435 963 1488; x_wconf 86' lang='lat' dir='ltr'><strong>diuturnitate</strong></span> <span class='ocrx_word' id='word_1_88' title='bbox 1015 1445 1308 1497; x_wconf 89' lang='lat' dir='ltr'><strong>tumorem,</strong></span> <span class='ocrx_word' id='word_1_89' title='bbox 1364 1431 1413 1484; x_wconf 88' lang='lat' dir='ltr'><strong>id</strong></span> <span class='ocrx_word' id='word_1_90' title='bbox 1465 1439 1568 1496; x_wconf 89' lang='lat' dir='ltr'><strong>est,</strong></span> <span class='ocrx_word' id='word_1_91' title='bbox 1619 1438 1839 1500; x_wconf 88' lang='lat' dir='ltr'><strong>propter</strong></span> <span class='ocrx_word' id='word_1_92' title='bbox 1886 1429 1969 1490; x_wconf 83' lang='lat' dir='ltr'><strong>iu-</strong></span> 
     </span>
    </p>
   </div>
   <div class='ocr_carea' id='block_1_15' title="bbox 397 1523 1971 1594">
    <p class='ocr_par' dir='ltr' id='par_1_15' title="bbox 397 1523 1971 1594">
     <span class='ocr_line' id='line_1_15' title="bbox 397 1523 1971 1594; baseline -0.001 -16"><span class='ocrx_word' id='word_1_93' title='bbox 397 1536 693 1580; x_wconf 78' lang='lat' dir='ltr'><strong>veteratam</strong></span> <span class='ocrx_word' id='word_1_94' title='bbox 762 1525 1021 1594; x_wconf 78' lang='lat' dir='ltr'><strong>peccandi</strong></span> <span class='ocrx_word' id='word_1_95' title='bbox 1095 1525 1543 1580; x_wconf 87' lang='lat' dir='ltr'><strong>consuetudinem</strong></span> <span class='ocrx_word' id='word_1_96' title='bbox 1610 1523 1660 1578; x_wconf 91' lang='lat' dir='ltr'><strong>in</strong></span> <span class='ocrx_word' id='word_1_97' title='bbox 1721 1532 1971 1578; x_wconf 87' lang='lat' dir='ltr'><strong>naturam</strong></span> 
     </span>
    </p>
   </div>
   <div class='ocr_carea' id='block_1_16' title="bbox 397 1615 1970 1686">
    <p class='ocr_par' dir='ltr' id='par_1_16' title="bbox 397 1615 1970 1686">
     <span class='ocr_line' id='line_1_16' title="bbox 397 1615 1970 1686; baseline -0.001 -16"><span class='ocrx_word' id='word_1_98' title='bbox 397 1631 740 1670; x_wconf 85' lang='lat' dir='ltr'><strong>conversam.</strong></span> <span class='ocrx_word' id='word_1_99' title='bbox 775 1616 1128 1673; x_wconf 83' lang='lat' dir='ltr'><strong>Consuetudo</strong></span> <span class='ocrx_word' id='word_1_100' title='bbox 1175 1617 1318 1670; x_wconf 90' lang='lat' dir='ltr'><strong>enim</strong></span> <span class='ocrx_word' id='word_1_101' title='bbox 1362 1624 1524 1686; x_wconf 88' lang='lat' dir='ltr'><strong>atque</strong></span> <span class='ocrx_word' id='word_1_102' title='bbox 1575 1615 1792 1670; x_wconf 90' lang='lat' dir='ltr'><strong>habitus</strong></span> <span class='ocrx_word' id='word_1_103' title='bbox 1841 1630 1970 1684; x_wconf 87' lang='lat' dir='ltr'><strong>pro-</strong></span> 
     </span>
    </p>
   </div>
   <div class='ocr_carea' id='block_1_17' title="bbox 395 1707 1974 1774">
    <p class='ocr_par' dir='ltr' id='par_1_17' title="bbox 395 1707 1974 1774">
     <span class='ocr_line' id='line_1_17' title="bbox 395 1707 1974 1774; baseline -0.001 -13"><span class='ocrx_word' id='word_1_104' title='bbox 395 1707 687 1772; x_wconf 85' lang='lat' dir='ltr'><strong>pemodum</strong></span> <span class='ocrx_word' id='word_1_105' title='bbox 737 1717 944 1762; x_wconf 65' lang='lat' dir='ltr'><strong>naturae</strong></span> <span class='ocrx_word' id='word_1_106' title='bbox 1007 1710 1112 1762; x_wconf 90' lang='lat' dir='ltr'><strong>vim</strong></span> <span class='ocrx_word' id='word_1_107' title='bbox 1178 1707 1360 1764; x_wconf 85' lang='lat' dir='ltr'><strong>habet.</strong></span> <span class='ocrx_word' id='word_1_108' title='bbox 1415 1707 1680 1774; x_wconf 88' lang='lat' dir='ltr'><strong>Quocirca</strong></span> <span class='ocrx_word' id='word_1_109' title='bbox 1730 1707 1795 1762; x_wconf 91' lang='lat' dir='ltr'><strong>ad</strong></span> <span class='ocrx_word' id='word_1_110' title='bbox 1850 1707 1974 1761; x_wconf 69' lang='lat' dir='ltr'><strong>vitae</strong></span> 
     </span>
    </p>
   </div>
   <div class='ocr_carea' id='block_1_18' title="bbox 395 1800 1971 1871">
    <p class='ocr_par' dir='ltr' id='par_1_18' title="bbox 395 1800 1971 1871">
     <span class='ocr_line' id='line_1_18' title="bbox 395 1800 1971 1871; baseline 0.002 -17"><span class='ocrx_word' id='word_1_111' title='bbox 395 1800 792 1855; x_wconf 90' lang='lat' dir='ltr'><strong>correctionem</strong></span> <span class='ocrx_word' id='word_1_112' title='bbox 854 1800 1218 1857; x_wconf 89' lang='lat' dir='ltr'><strong>moderatiore</strong></span> <span class='ocrx_word' id='word_1_113' title='bbox 1280 1803 1512 1871; x_wconf 86' lang='lat' dir='ltr'><strong>quadam</strong></span> <span class='ocrx_word' id='word_1_114' title='bbox 1576 1801 1701 1856; x_wconf 63' lang='lat' dir='ltr'><strong>vita</strong></span> <span class='ocrx_word' id='word_1_115' title='bbox 1764 1800 1971 1857; x_wconf 88' lang='lat' dir='ltr'><strong>ratione</strong></span> 
     </span>
    </p>
   </div>
   <div class='ocr_carea' id='block_1_19' title="bbox 2075 599 3643 668">
    <p class='ocr_par' dir='ltr' id='par_1_19' title="bbox 2075 599 3643 668">
     <span class='ocr_line' id='line_1_19' title="bbox 2075 599 3643 668; baseline 0.003 -14"><span class='ocrx_word' id='word_1_116' title='bbox 2075 599 2333 668; x_wconf 90' lang='lat' dir='ltr'><strong>paulatim</strong></span> <span class='ocrx_word' id='word_1_117' title='bbox 2394 599 2565 654; x_wconf 90' lang='lat' dir='ltr'><strong>factas</strong></span> <span class='ocrx_word' id='word_1_118' title='bbox 2625 614 2723 654; x_wconf 89' lang='lat' dir='ltr'><strong>nos</strong></span> <span class='ocrx_word' id='word_1_119' title='bbox 2779 601 3106 655; x_wconf 91' lang='lat' dir='ltr'><strong>immutavit.</strong></span> <span class='ocrx_word' id='word_1_120' title='bbox 3169 603 3445 658; x_wconf 80' lang='lat' dir='ltr'><strong>[dolorum</strong></span> <span class='ocrx_word' id='word_1_121' title='bbox 3498 605 3643 658; x_wconf 92' lang='lat' dir='ltr'><strong>enim</strong></span> 
     </span>
    </p>
   </div>
   <div class='ocr_carea' id='block_1_20' title="bbox 2081 691 3646 767">
    <p class='ocr_par' dir='ltr' id='par_1_20' title="bbox 2081 691 3646 767">
     <span class='ocr_line' id='line_1_20' title="bbox 2081 691 3646 767; baseline 0.002 -21"><span class='ocrx_word' id='word_1_122' title='bbox 2081 692 2286 746; x_wconf 90' lang='lat' dir='ltr'><strong>cultum</strong></span> <span class='ocrx_word' id='word_1_123' title='bbox 2325 691 2481 762; x_wconf 88' lang='lat' dir='ltr'><strong>prius</strong></span> <span class='ocrx_word' id='word_1_124' title='bbox 2517 691 2836 757; x_wconf 78' lang='lat' dir='ltr'><strong>sustulerat,</strong></span> <span class='ocrx_word' id='word_1_125' title='bbox 2872 702 2926 746; x_wconf 86' lang='lat' dir='ltr'><strong>ct</strong></span> <span class='ocrx_word' id='word_1_126' title='bbox 2969 694 3238 748; x_wconf 90' lang='lat' dir='ltr'><strong>sacriﬁcia</strong></span> <span class='ocrx_word' id='word_1_127' title='bbox 3273 711 3492 765; x_wconf 89' lang='lat' dir='ltr'><strong>quoque</strong></span> <span class='ocrx_word' id='word_1_128' title='bbox 3533 697 3646 767; x_wconf 89' lang='lat' dir='ltr'><strong>ipsa</strong></span> 
     </span>
    </p>
   </div>
   <div class='ocr_carea' id='block_1_21' title="bbox 2074 784 3646 861">
    <p class='ocr_par' dir='ltr' id='par_1_21' title="bbox 2074 784 3646 861">
     <span class='ocr_line' id='line_1_21' title="bbox 2074 784 3646 861; baseline 0.006 -27"><span class='ocrx_word' id='word_1_129' title='bbox 2074 784 2388 838; x_wconf 82' lang='lat' dir='ltr'><strong>sublaturus</strong></span> <span class='ocrx_word' id='word_1_130' title='bbox 2438 792 2576 847; x_wconf 88' lang='lat' dir='ltr'><strong>erat,</strong></span> <span class='ocrx_word' id='word_1_131' title='bbox 2627 792 2789 852; x_wconf 89' lang='lat' dir='ltr'><strong>atque</strong></span> <span class='ocrx_word' id='word_1_132' title='bbox 2834 799 2862 838; x_wconf 90' lang='lat' dir='ltr'><strong>a</strong></span> <span class='ocrx_word' id='word_1_133' title='bbox 2905 785 3296 861; x_wconf 68' lang='lat' dir='ltr'><strong>sacriﬁciorum</strong></span> <span class='ocrx_word' id='word_1_134' title='bbox 3350 789 3539 843; x_wconf 88' lang='lat' dir='ltr'><strong>nidore</strong></span> <span class='ocrx_word' id='word_1_135' title='bbox 3583 803 3646 842; x_wconf 90' lang='lat' dir='ltr'><strong>ac</strong></span> 
     </span>
    </p>
   </div>
   <div class='ocr_carea' id='block_1_22' title="bbox 2076 873 3648 947">
    <p class='ocr_par' dir='ltr' id='par_1_22' title="bbox 2076 873 3648 947">
     <span class='ocr_line' id='line_1_22' title="bbox 2076 873 3648 947; baseline 0.004 -20"><span class='ocrx_word' id='word_1_136' title='bbox 2076 875 2342 942; x_wconf 81' lang='lat' dir='ltr'><strong>sanguine</strong></span> <span class='ocrx_word' id='word_1_137' title='bbox 2410 875 2476 927; x_wconf 92' lang='lat' dir='ltr'><strong>ad</strong></span> <span class='ocrx_word' id='word_1_138' title='bbox 2535 877 2879 930; x_wconf 90' lang='lat' dir='ltr'><strong>incruentum</strong></span> <span class='ocrx_word' id='word_1_139' title='bbox 2938 873 3266 929; x_wconf 89' lang='lat' dir='ltr'><strong>sacriﬁcium</strong></span> <span class='ocrx_word' id='word_1_140' title='bbox 3327 877 3648 947; x_wconf 90' lang='lat' dir='ltr'><strong>cultumque</strong></span> 
     </span>
    </p>
   </div>
   <div class='ocr_carea' id='block_1_23' title="bbox 2077 965 3648 1035">
    <p class='ocr_par' dir='ltr' id='par_1_23' title="bbox 2077 965 3648 1035">
     <span class='ocr_line' id='line_1_23' title="bbox 2077 965 3648 1035; baseline 0.003 -17"><span class='ocrx_word' id='word_1_141' title='bbox 2077 965 2396 1019; x_wconf 89' lang='lat' dir='ltr'><strong>rationalem</strong></span> <span class='ocrx_word' id='word_1_142' title='bbox 2438 975 2492 1020; x_wconf 92' lang='lat' dir='ltr'><strong>et</strong></span> <span class='ocrx_word' id='word_1_143' title='bbox 2537 965 2904 1035; x_wconf 84' lang='lat' dir='ltr'><strong>evangelicum</strong></span> <span class='ocrx_word' id='word_1_144' title='bbox 2947 966 3159 1020; x_wconf 91' lang='lat' dir='ltr'><strong>animos</strong></span> <span class='ocrx_word' id='word_1_145' title='bbox 3205 978 3421 1022; x_wconf 86' lang='lat' dir='ltr'><strong>nostros</strong></span> <span class='ocrx_word' id='word_1_146' title='bbox 3465 970 3648 1023; x_wconf 81' lang='lat' dir='ltr'><strong>tradu-</strong></span> 
     </span>
    </p>
   </div>
   <div class='ocr_carea' id='block_1_24' title="bbox 2077 1056 3646 1122">
    <p class='ocr_par' dir='ltr' id='par_1_24' title="bbox 2077 1056 3646 1122">
     <span class='ocr_line' id='line_1_24' title="bbox 2077 1056 3646 1122; baseline 0.003 -13"><span class='ocrx_word' id='word_1_147' title='bbox 2077 1068 2288 1111; x_wconf 86' lang='lat' dir='ltr'><strong>cturus.</strong></span> <span class='ocrx_word' id='word_1_148' title='bbox 2320 1056 2550 1122; x_wconf 87' lang='lat' dir='ltr'><strong>Quando</strong></span> <span class='ocrx_word' id='word_1_149' title='bbox 2596 1066 2778 1112; x_wconf 88' lang='lat' dir='ltr'><strong>autem</strong></span> <span class='ocrx_word' id='word_1_150' title='bbox 2815 1058 2866 1112; x_wconf 93' lang='lat' dir='ltr'><strong>id</strong></span> <span class='ocrx_word' id='word_1_151' title='bbox 2900 1057 3184 1112; x_wconf 88' lang='lat' dir='ltr'><strong>facturus?</strong></span> <span class='ocrx_word' id='word_1_152' title='bbox 3224 1061 3478 1113; x_wconf 70' lang='lat' dir='ltr'><strong>nimirum</strong></span> <span class='ocrx_word' id='word_1_153' title='bbox 3523 1077 3646 1115; x_wconf 89' lang='lat' dir='ltr'><strong>cum</strong></span> 
     </span>
    </p>
   </div>
   <div class='ocr_carea' id='block_1_25' title="bbox 2081 1148 3646 1217">
    <p class='ocr_par' dir='ltr' id='par_1_25' title="bbox 2081 1148 3646 1217">
     <span class='ocr_line' id='line_1_25' title="bbox 2081 1148 3646 1217; baseline 0.004 -17"><span class='ocrx_word' id='word_1_154' title='bbox 2081 1163 2178 1203; x_wconf 91' lang='lat' dir='ltr'><strong>nos</strong></span> <span class='ocrx_word' id='word_1_155' title='bbox 2204 1149 2266 1201; x_wconf 89' lang='lat' dir='ltr'><strong>ad</strong></span> <span class='ocrx_word' id='word_1_156' title='bbox 2295 1149 2656 1203; x_wconf 88' lang='lat' dir='ltr'><strong>obedientiam</strong></span> <span class='ocrx_word' id='word_1_157' title='bbox 2693 1149 2826 1203; x_wconf 86' lang='lat' dir='ltr'><strong>satis</strong></span> <span class='ocrx_word' id='word_1_158' title='bbox 2853 1148 3192 1204; x_wconf 84' lang='lat' dir='ltr'><strong>assuefactus</strong></span> <span class='ocrx_word' id='word_1_159' title='bbox 3214 1160 3266 1205; x_wconf 90' lang='lat' dir='ltr'><strong>et</strong></span> <span class='ocrx_word' id='word_1_160' title='bbox 3297 1152 3646 1217; x_wconf 82' lang='lat' dir='ltr'><strong>exercitatos,</strong></span> 
     </span>
    </p>
   </div>
   <div class='ocr_carea' id='block_1_26' title="bbox 2080 1238 3651 1313">
    <p class='ocr_par' dir='ltr' id='par_1_26' title="bbox 2080 1238 3651 1313">
     <span class='ocr_line' id='line_1_26' title="bbox 2080 1238 3651 1313; baseline 0.004 -21"><span class='ocrx_word' id='word_1_161' title='bbox 2080 1248 2241 1308; x_wconf 89' lang='lat' dir='ltr'><strong>atque</strong></span> <span class='ocrx_word' id='word_1_162' title='bbox 2272 1238 2384 1306; x_wconf 89' lang='lat' dir='ltr'><strong>jam</strong></span> <span class='ocrx_word' id='word_1_163' title='bbox 2417 1248 2562 1294; x_wconf 89' lang='lat' dir='ltr'><strong>recte</strong></span> <span class='ocrx_word' id='word_1_164' title='bbox 2592 1254 2656 1293; x_wconf 92' lang='lat' dir='ltr'><strong>ac</strong></span> <span class='ocrx_word' id='word_1_165' title='bbox 2683 1240 2944 1308; x_wconf 69' lang='lat' dir='ltr'><strong>praeclare</strong></span> <span class='ocrx_word' id='word_1_166' title='bbox 2979 1242 3233 1296; x_wconf 86' lang='lat' dir='ltr'><strong>mandato</strong></span> <span class='ocrx_word' id='word_1_167' title='bbox 3261 1257 3348 1306; x_wconf 89' lang='lat' dir='ltr'><strong>eo,</strong></span> <span class='ocrx_word' id='word_1_168' title='bbox 3380 1244 3525 1313; x_wconf 90' lang='lat' dir='ltr'><strong>quod</strong></span> <span class='ocrx_word' id='word_1_169' title='bbox 3560 1259 3651 1299; x_wconf 88' lang='lat' dir='ltr'><strong>ac-</strong></span> 
     </span>
    </p>
   </div>
   <div class='ocr_carea' id='block_1_27' title="bbox 2078 1328 3649 1398">
    <p class='ocr_par' dir='ltr' id='par_1_27' title="bbox 2078 1328 3649 1398">
     <span class='ocr_line' id='line_1_27' title="bbox 2078 1328 3649 1398; baseline 0.004 -17"><span class='ocrx_word' id='word_1_170' title='bbox 2078 1344 2417 1398; x_wconf 84' lang='lat' dir='ltr'><strong>ceperamus,</strong></span> <span class='ocrx_word' id='word_1_171' title='bbox 2456 1328 2771 1398; x_wconf 78' lang='lat' dir='ltr'><strong>perfunctos</strong></span> <span class='ocrx_word' id='word_1_172' title='bbox 2805 1329 3126 1386; x_wconf 88' lang='lat' dir='ltr'><strong>invenisset.</strong></span> <span class='ocrx_word' id='word_1_173' title='bbox 3160 1331 3430 1397; x_wconf 85' lang='lat' dir='ltr'><strong>Quidnam</strong></span> <span class='ocrx_word' id='word_1_174' title='bbox 3470 1345 3649 1388; x_wconf 90' lang='lat' dir='ltr'><strong>autem</strong></span> 
     </span>
    </p>
   </div>
   <div class='ocr_carea' id='block_1_28' title="bbox 2079 1419 3650 1493">
    <p class='ocr_par' dir='ltr' id='par_1_28' title="bbox 2079 1419 3650 1493">
     <span class='ocr_line' id='line_1_28' title="bbox 2079 1419 3650 1493; baseline 0.003 -21"><span class='ocrx_word' id='word_1_175' title='bbox 2079 1419 2252 1474; x_wconf 83' lang='lat' dir='ltr'><strong>illud?</strong></span> <span class='ocrx_word' id='word_1_176' title='bbox 2295 1420 2552 1474; x_wconf 86' lang='lat' dir='ltr'><strong>nimirum</strong></span> <span class='ocrx_word' id='word_1_177' title='bbox 2597 1419 2899 1489; x_wconf 90' lang='lat' dir='ltr'><strong>perfectum</strong></span> <span class='ocrx_word' id='word_1_178' title='bbox 2943 1421 3211 1475; x_wconf 88' lang='lat' dir='ltr'><strong>idolorqu</strong></span> <span class='ocrx_word' id='word_1_179' title='bbox 3251 1433 3650 1493; x_wconf 87' lang='lat' dir='ltr'><strong>contemptum,</strong></span> 
     </span>
    </p>
   </div>
   <div class='ocr_carea' id='block_1_29' title="bbox 2077 1509 3652 1584">
    <p class='ocr_par' dir='ltr' id='par_1_29' title="bbox 2077 1509 3652 1584">
     <span class='ocr_line' id='line_1_29' title="bbox 2077 1509 3652 1584; baseline 0.004 -23"><span class='ocrx_word' id='word_1_180' title='bbox 2077 1517 2202 1579; x_wconf 83' lang='lat' dir='ltr'><strong>post</strong></span> <span class='ocrx_word' id='word_1_181' title='bbox 2229 1523 2388 1577; x_wconf 88' lang='lat' dir='ltr'><strong>quem</strong></span> <span class='ocrx_word' id='word_1_182' title='bbox 2421 1509 2671 1563; x_wconf 85' lang='lat' dir='ltr'><strong>victimas</strong></span> <span class='ocrx_word' id='word_1_183' title='bbox 2699 1509 2885 1575; x_wconf 89' lang='lat' dir='ltr'><strong>etiam,</strong></span> <span class='ocrx_word' id='word_1_184' title='bbox 2919 1525 3040 1580; x_wconf 86' lang='lat' dir='ltr'><strong>quae</strong></span> <span class='ocrx_word' id='word_1_185' title='bbox 3067 1525 3130 1566; x_wconf 87' lang='lat' dir='ltr'><strong>ex</strong></span> <span class='ocrx_word' id='word_1_186' title='bbox 3163 1511 3296 1581; x_wconf 90' lang='lat' dir='ltr'><strong>legis</strong></span> <span class='ocrx_word' id='word_1_187' title='bbox 3327 1515 3652 1584; x_wconf 64' lang='lat' dir='ltr'><strong>praescripto</strong></span> 
     </span>
    </p>
   </div>
   <div class='ocr_carea' id='block_1_30' title="bbox 2079 1597 3650 1670">
    <p class='ocr_par' dir='ltr' id='par_1_30' title="bbox 2079 1597 3650 1670">
     <span class='ocr_line' id='line_1_30' title="bbox 2079 1597 3650 1670; baseline 0.006 -22"><span class='ocrx_word' id='word_1_188' title='bbox 2079 1597 2473 1664; x_wconf 80' lang='lat' dir='ltr'><strong>uﬂ‘ercbantur,</strong></span> <span class='ocrx_word' id='word_1_189' title='bbox 2525 1598 2732 1652; x_wconf 87' lang='lat' dir='ltr'><strong>aboleri</strong></span> <span class='ocrx_word' id='word_1_190' title='bbox 2785 1599 3086 1668; x_wconf 87' lang='lat' dir='ltr'><strong>oportebat.</strong></span> <span class='ocrx_word' id='word_1_191' title='bbox 3133 1599 3458 1670; x_wconf 82' lang='lat' dir='ltr'><strong>Priusquam</strong></span> <span class='ocrx_word' id='word_1_192' title='bbox 3506 1604 3650 1658; x_wconf 87' lang='lat' dir='ltr'><strong>enim</strong></span> 
     </span>
    </p>
   </div>
   <div class='ocr_carea' id='block_1_31' title="bbox 2079 1691 3649 1762">
    <p class='ocr_par' dir='ltr' id='par_1_31' title="bbox 2079 1691 3649 1762">
     <span class='ocr_line' id='line_1_31' title="bbox 2079 1691 3649 1762; baseline 0.003 -19"><span class='ocrx_word' id='word_1_193' title='bbox 2079 1691 2257 1759; x_wconf 88' lang='lat' dir='ltr'><strong>primo</strong></span> <span class='ocrx_word' id='word_1_194' title='bbox 2308 1699 2578 1762; x_wconf 69' lang='lat' dir='ltr'><strong>praecepto</strong></span> <span class='ocrx_word' id='word_1_195' title='bbox 2629 1705 2834 1745; x_wconf 92' lang='lat' dir='ltr'><strong>morem</strong></span> <span class='ocrx_word' id='word_1_196' title='bbox 2884 1691 3270 1761; x_wconf 84' lang='lat' dir='ltr'><strong>gessissemus,</strong></span> <span class='ocrx_word' id='word_1_197' title='bbox 3320 1694 3649 1762; x_wconf 87' lang='lat' dir='ltr'><strong>superﬂuum</strong></span> 
     </span>
    </p>
   </div>
   <div class='ocr_carea' id='block_1_32' title="bbox 2082 1779 3344 1836">
    <p class='ocr_par' dir='ltr' id='par_1_32' title="bbox 2082 1779 3344 1836">
     <span class='ocr_line' id='line_1_32' title="bbox 2082 1779 3344 1836; baseline 0.001 -4"><span class='ocrx_word' id='word_1_198' title='bbox 2082 1780 2106 1832; x_wconf 86' lang='lat' dir='ltr'><strong>f</strong></span> <span class='ocrx_word' id='word_1_199' title='bbox 2106 1779 2275 1836; x_wconf 85' lang='lat' dir='ltr'><strong>uisset</strong></span> <span class='ocrx_word' id='word_1_200' title='bbox 2299 1782 2598 1836; x_wconf 88' lang='lat' dir='ltr'><strong>secundum</strong></span> <span class='ocrx_word' id='word_1_201' title='bbox 2631 1781 2867 1836; x_wconf 86' lang='lat' dir='ltr'><strong>tradere.</strong></span> <span class='ocrx_word' id='word_1_202' title='bbox 3155 1809 3168 1833; x_wconf 67' lang='grc' dir='ltr'><strong>ο</strong></span> <span class='ocrx_word' id='word_1_203' title='bbox 3341 1789 3344 1793; x_wconf 82' lang='grc'><strong>’</strong></span> 
     </span>
    </p>
   </div>
   <div class='ocr_carea' id='block_1_33' title="bbox 398 1864 3655 1964">
    <p class='ocr_par' dir='ltr' id='par_1_33' title="bbox 398 1864 3655 1964">
     <span class='ocr_line' id='line_1_33' title="bbox 398 1864 3655 1964; baseline 0.001 -18"><span class='ocrx_word' id='word_1_204' title='bbox 398 1892 740 1947; x_wconf 88' lang='lat' dir='ltr'><strong>revocandus</strong></span> <span class='ocrx_word' id='word_1_205' title='bbox 771 1903 888 1946; x_wconf 88' lang='lat' dir='ltr'><strong>erat</strong></span> <span class='ocrx_word' id='word_1_206' title='bbox 921 1912 934 1948; x_wconf 90' lang='lat'><strong>:</strong></span> <span class='ocrx_word' id='word_1_207' title='bbox 965 1907 1086 1963; x_wconf 66' lang='lat' dir='ltr'><strong>quae</strong></span> <span class='ocrx_word' id='word_1_208' title='bbox 1130 1864 1348 1963; x_wconf 81' lang='lat' dir='ltr'><strong>quidem</strong></span> <span class='ocrx_word' id='word_1_209' title='bbox 1401 1909 1508 1948; x_wconf 91' lang='lat' dir='ltr'><strong>non</strong></span> <span class='ocrx_word' id='word_1_210' title='bbox 1553 1893 1788 1948; x_wconf 89' lang='lat' dir='ltr'><strong>subitam</strong></span> <span class='ocrx_word' id='word_1_211' title='bbox 1825 1895 1970 1948; x_wconf 82' lang='lat' dir='ltr'><strong>sani-</strong></span> <span class='ocrx_word' id='word_1_212' title='bbox 2004 1864 2044 1920; x_wconf 71' lang='grc' dir='ltr'><strong><em>Β</em></strong></span> <span class='ocrx_word' id='word_1_213' title='bbox 2147 1893 2265 1949; x_wconf 90' lang='lat' dir='ltr'><strong>Col.</strong></span> <span class='ocrx_word' id='word_1_214' title='bbox 2312 1893 2414 1949; x_wconf 78' lang='lat'><strong>639</strong></span> <span class='ocrx_word' id='word_1_215' title='bbox 2463 1893 2524 1950; x_wconf 89' lang='lat' dir='ltr'><strong>C.</strong></span> <span class='ocrx_word' id='word_1_216' title='bbox 2578 1893 2669 1948; x_wconf 85' lang='lat' dir='ltr'><strong>Sic</strong></span> <span class='ocrx_word' id='word_1_217' title='bbox 2709 1895 2875 1963; x_wconf 79' lang='lat' dir='ltr'><strong>igitur</strong></span> <span class='ocrx_word' id='word_1_218' title='bbox 2912 1904 3069 1964; x_wconf 83' lang='lat' dir='ltr'><strong>atque</strong></span> <span class='ocrx_word' id='word_1_219' title='bbox 3116 1894 3196 1948; x_wconf 82' lang='lat' dir='ltr'><strong>his</strong></span> <span class='ocrx_word' id='word_1_220' title='bbox 3243 1896 3308 1949; x_wconf 85' lang='lat' dir='ltr'><strong>de</strong></span> <span class='ocrx_word' id='word_1_221' title='bbox 3351 1895 3529 1950; x_wconf 77' lang='lat' dir='ltr'><strong>causis</strong></span> <span class='ocrx_word' id='word_1_222' title='bbox 3570 1895 3655 1949; x_wconf 66' lang='lat' dir='ltr'><strong>(ex</strong></span> 
     </span>
    </p>
   </div>
   <div class='ocr_carea' id='block_1_34' title="bbox 396 1984 1968 2056">
    <p class='ocr_par' dir='ltr' id='par_1_34' title="bbox 396 1984 1968 2056">
     <span class='ocr_line' id='line_1_34' title="bbox 396 1984 1968 2056; baseline 0.002 -18"><span class='ocrx_word' id='word_1_223' title='bbox 396 1991 561 2039; x_wconf 86' lang='lat' dir='ltr'><strong>tatem</strong></span> <span class='ocrx_word' id='word_1_224' title='bbox 603 1984 879 2055; x_wconf 88' lang='lat' dir='ltr'><strong>cﬂlagitat,</strong></span> <span class='ocrx_word' id='word_1_225' title='bbox 924 2001 1111 2040; x_wconf 88' lang='lat' dir='ltr'><strong>verum</strong></span> <span class='ocrx_word' id='word_1_226' title='bbox 1147 1987 1349 2041; x_wconf 89' lang='lat' dir='ltr'><strong>sensim</strong></span> <span class='ocrx_word' id='word_1_227' title='bbox 1394 1999 1459 2039; x_wconf 90' lang='lat' dir='ltr'><strong>ac</strong></span> <span class='ocrx_word' id='word_1_228' title='bbox 1499 1986 1757 2055; x_wconf 87' lang='lat' dir='ltr'><strong>paulatim</strong></span> <span class='ocrx_word' id='word_1_229' title='bbox 1796 2001 1968 2056; x_wconf 75' lang='lat' dir='ltr'><strong>aegro-</strong></span> 
     </span>
    </p>
   </div>
   <div class='ocr_carea' id='block_1_35' title="bbox 396 2076 1968 2148">
    <p class='ocr_par' dir='ltr' id='par_1_35' title="bbox 396 2076 1968 2148">
     <span class='ocr_line' id='line_1_35' title="bbox 396 2076 1968 2148; baseline 0.002 -19"><span class='ocrx_word' id='word_1_230' title='bbox 396 2084 508 2130; x_wconf 90' lang='lat' dir='ltr'><strong>tum</strong></span> <span class='ocrx_word' id='word_1_231' title='bbox 553 2077 618 2130; x_wconf 88' lang='lat' dir='ltr'><strong>ad</strong></span> <span class='ocrx_word' id='word_1_232' title='bbox 650 2091 768 2130; x_wconf 90' lang='lat' dir='ltr'><strong>eam</strong></span> <span class='ocrx_word' id='word_1_233' title='bbox 806 2077 1037 2132; x_wconf 89' lang='lat' dir='ltr'><strong>reducit.</strong></span> <span class='ocrx_word' id='word_1_234' title='bbox 1076 2076 1210 2132; x_wconf 85' lang='lat' dir='ltr'><strong>Nam</strong></span> <span class='ocrx_word' id='word_1_235' title='bbox 1255 2077 1490 2133; x_wconf 89' lang='lat' dir='ltr'><strong>intortus</strong></span> <span class='ocrx_word' id='word_1_236' title='bbox 1523 2092 1742 2148; x_wconf 87' lang='lat' dir='ltr'><strong>quoque</strong></span> <span class='ocrx_word' id='word_1_237' title='bbox 1782 2093 1968 2133; x_wconf 89' lang='lat' dir='ltr'><strong>ramus</strong></span> 
     </span>
    </p>
   </div>
   <div class='ocr_carea' id='block_1_36' title="bbox 395 2167 1970 2239">
    <p class='ocr_par' dir='ltr' id='par_1_36' title="bbox 395 2167 1970 2239">
     <span class='ocr_line' id='line_1_36' title="bbox 395 2167 1970 2239; baseline 0.001 -16"><span class='ocrx_word' id='word_1_238' title='bbox 395 2167 632 2223; x_wconf 77' lang='lat' dir='ltr'><strong>Subitam</strong></span> <span class='ocrx_word' id='word_1_239' title='bbox 656 2167 726 2223; x_wconf 92' lang='lat' dir='ltr'><strong>ab</strong></span> <span class='ocrx_word' id='word_1_240' title='bbox 748 2168 1070 2239; x_wconf 88' lang='lat' dir='ltr'><strong>obliquitate</strong></span> <span class='ocrx_word' id='word_1_241' title='bbox 1099 2170 1150 2224; x_wconf 90' lang='lat' dir='ltr'><strong>in</strong></span> <span class='ocrx_word' id='word_1_242' title='bbox 1183 2178 1389 2226; x_wconf 91' lang='lat' dir='ltr'><strong>rectum</strong></span> <span class='ocrx_word' id='word_1_243' title='bbox 1420 2169 1765 2225; x_wconf 81' lang='lat' dir='ltr'><strong>inﬂexionem</strong></span> <span class='ocrx_word' id='word_1_244' title='bbox 1793 2171 1970 2225; x_wconf 88' lang='lat' dir='ltr'><strong>haud-</strong></span> 
     </span>
    </p>
   </div>
   <div class='ocr_carea' id='block_1_37' title="bbox 395 2261 1971 2334">
    <p class='ocr_par' dir='ltr' id='par_1_37' title="bbox 395 2261 1971 2334">
     <span class='ocr_line' id='line_1_37' title="bbox 395 2261 1971 2334; baseline 0.003 -20"><span class='ocrx_word' id='word_1_245' title='bbox 395 2275 669 2332; x_wconf 85' lang='lat' dir='ltr'><strong>quaquam</strong></span> <span class='ocrx_word' id='word_1_246' title='bbox 713 2262 1056 2317; x_wconf 87' lang='lat' dir='ltr'><strong>sustinuerit.</strong></span> <span class='ocrx_word' id='word_1_247' title='bbox 1085 2261 1228 2328; x_wconf 90' lang='lat' dir='ltr'><strong>Quin</strong></span> <span class='ocrx_word' id='word_1_248' title='bbox 1260 2264 1464 2334; x_wconf 83' lang='lat' dir='ltr'><strong>potius,</strong></span> <span class='ocrx_word' id='word_1_249' title='bbox 1507 2262 1554 2318; x_wconf 88' lang='lat' dir='ltr'><strong>si</strong></span> <span class='ocrx_word' id='word_1_250' title='bbox 1594 2263 1718 2333; x_wconf 91' lang='lat' dir='ltr'><strong>quis</strong></span> <span class='ocrx_word' id='word_1_251' title='bbox 1747 2271 1971 2333; x_wconf 88' lang='lat' dir='ltr'><strong>repente</strong></span> 
     </span>
    </p>
   </div>
   <div class='ocr_carea' id='block_1_38' title="bbox 393 2353 1973 2426">
    <p class='ocr_par' dir='ltr' id='par_1_38' title="bbox 393 2353 1973 2426">
     <span class='ocr_line' id='line_1_38' title="bbox 393 2353 1973 2426; baseline 0.003 -18"><span class='ocrx_word' id='word_1_252' title='bbox 393 2369 518 2408; x_wconf 83' lang='lat' dir='ltr'><strong>eum</strong></span> <span class='ocrx_word' id='word_1_253' title='bbox 554 2367 651 2422; x_wconf 88' lang='lat' dir='ltr'><strong>per</strong></span> <span class='ocrx_word' id='word_1_254' title='bbox 693 2354 800 2407; x_wconf 92' lang='lat' dir='ltr'><strong>vim</strong></span> <span class='ocrx_word' id='word_1_255' title='bbox 837 2353 1117 2424; x_wconf 87' lang='lat' dir='ltr'><strong>subrigere</strong></span> <span class='ocrx_word' id='word_1_256' title='bbox 1153 2365 1404 2422; x_wconf 92' lang='lat' dir='ltr'><strong>conetur,</strong></span> <span class='ocrx_word' id='word_1_257' title='bbox 1439 2356 1601 2412; x_wconf 90' lang='lat' dir='ltr'><strong>citius</strong></span> <span class='ocrx_word' id='word_1_258' title='bbox 1644 2356 1820 2426; x_wconf 85' lang='lat' dir='ltr'><strong>ipsum</strong></span> <span class='ocrx_word' id='word_1_259' title='bbox 1853 2372 1973 2426; x_wconf 88' lang='lat' dir='ltr'><strong>per-</strong></span> 
     </span>
    </p>
   </div>
   <div class='ocr_carea' id='block_1_39' title="bbox 397 2444 1969 2517">
    <p class='ocr_par' dir='ltr' id='par_1_39' title="bbox 397 2444 1969 2517">
     <span class='ocr_line' id='line_1_39' title="bbox 397 2444 1969 2517; baseline 0.004 -21"><span class='ocrx_word' id='word_1_260' title='bbox 397 2444 639 2514; x_wconf 86' lang='lat' dir='ltr'><strong>fregerit,</strong></span> <span class='ocrx_word' id='word_1_261' title='bbox 680 2461 843 2514; x_wconf 86' lang='lat' dir='ltr'><strong>quam</strong></span> <span class='ocrx_word' id='word_1_262' title='bbox 889 2444 1170 2501; x_wconf 80' lang='lat' dir='ltr'><strong>direxerit.</strong></span> <span class='ocrx_word' id='word_1_263' title='bbox 1203 2445 1345 2512; x_wconf 91' lang='lat' dir='ltr'><strong>Quin</strong></span> <span class='ocrx_word' id='word_1_264' title='bbox 1389 2448 1554 2501; x_wconf 87' lang='lat' dir='ltr'><strong>etiam</strong></span> <span class='ocrx_word' id='word_1_265' title='bbox 1599 2462 1778 2517; x_wconf 87' lang='lat' dir='ltr'><strong>equus</strong></span> <span class='ocrx_word' id='word_1_266' title='bbox 1819 2448 1969 2503; x_wconf 88' lang='lat' dir='ltr'><strong>ferox</strong></span> 
     </span>
    </p>
   </div>
   <div class='ocr_carea' id='block_1_40' title="bbox 395 2535 1974 2609">
    <p class='ocr_par' dir='ltr' id='par_1_40' title="bbox 395 2535 1974 2609">
     <span class='ocr_line' id='line_1_40' title="bbox 395 2535 1974 2609; baseline 0.004 -21"><span class='ocrx_word' id='word_1_267' title='bbox 395 2543 447 2588; x_wconf 86' lang='lat' dir='ltr'><strong>et</strong></span> <span class='ocrx_word' id='word_1_268' title='bbox 481 2535 798 2600; x_wconf 89' lang='lat' dir='ltr'><strong>indomitus,</strong></span> <span class='ocrx_word' id='word_1_269' title='bbox 834 2537 1094 2606; x_wconf 58' lang='lat' dir='ltr'><strong>mirasque</strong></span> <span class='ocrx_word' id='word_1_270' title='bbox 1137 2537 1547 2608; x_wconf 88' lang='lat' dir='ltr'><strong>magnitudinis,</strong></span> <span class='ocrx_word' id='word_1_271' title='bbox 1593 2548 1758 2609; x_wconf 81' lang='lat' dir='ltr'><strong>atque</strong></span> <span class='ocrx_word' id='word_1_272' title='bbox 1795 2540 1974 2595; x_wconf 64' lang='lat' dir='ltr'><strong>atatis</strong></span> 
     </span>
    </p>
   </div>
   <div class='ocr_carea' id='block_1_41' title="bbox 394 2626 1970 2700">
    <p class='ocr_par' dir='ltr' id='par_1_41' title="bbox 394 2626 1970 2700">
     <span class='ocr_line' id='line_1_41' title="bbox 394 2626 1970 2700; baseline 0.004 -20"><span class='ocrx_word' id='word_1_273' title='bbox 394 2626 590 2681; x_wconf 86' lang='lat' dir='ltr'><strong>ardore</strong></span> <span class='ocrx_word' id='word_1_274' title='bbox 637 2627 880 2682; x_wconf 83' lang='lat' dir='ltr'><strong>insolens</strong></span> <span class='ocrx_word' id='word_1_275' title='bbox 927 2630 1346 2700; x_wconf 88' lang='lat' dir='ltr'><strong>haudquaquam</strong></span> <span class='ocrx_word' id='word_1_276' title='bbox 1396 2631 1607 2685; x_wconf 77' lang='lat' dir='ltr'><strong>frenant</strong></span> <span class='ocrx_word' id='word_1_277' title='bbox 1654 2633 1970 2699; x_wconf 87' lang='lat' dir='ltr'><strong>admiserit,</strong></span> 
     </span>
    </p>
   </div>
   <div class='ocr_carea' id='block_1_42' title="bbox 398 2719 1969 2793">
    <p class='ocr_par' dir='ltr' id='par_1_42' title="bbox 398 2719 1969 2793">
     <span class='ocr_line' id='line_1_42' title="bbox 398 2719 1969 2793; baseline 0.003 -20"><span class='ocrx_word' id='word_1_278' title='bbox 398 2719 502 2773; x_wconf 88' lang='lat' dir='ltr'><strong>nisi</strong></span> <span class='ocrx_word' id='word_1_279' title='bbox 555 2720 866 2792; x_wconf 84' lang='lat' dir='ltr'><strong>poppysmis</strong></span> <span class='ocrx_word' id='word_1_280' title='bbox 917 2721 1306 2777; x_wconf 89' lang='lat' dir='ltr'><strong>demulceatur.</strong></span> <span class='ocrx_word' id='word_1_281' title='bbox 1359 2724 1698 2793; x_wconf 87' lang='lat' dir='ltr'><strong>Poppysmus</strong></span> <span class='ocrx_word' id='word_1_282' title='bbox 1753 2734 1969 2790; x_wconf 88' lang='lat' dir='ltr'><strong>autem,</strong></span> 
     </span>
    </p>
   </div>
   <div class='ocr_carea' id='block_1_43' title="bbox 394 2811 1974 2884">
    <p class='ocr_par' dir='ltr' id='par_1_43' title="bbox 394 2811 1974 2884">
     <span class='ocr_line' id='line_1_43' title="bbox 394 2811 1974 2884; baseline 0.001 -18"><span class='ocrx_word' id='word_1_283' title='bbox 394 2811 611 2880; x_wconf 71' lang='lat' dir='ltr'><strong>equinae</strong></span> <span class='ocrx_word' id='word_1_284' title='bbox 649 2813 1036 2882; x_wconf 90' lang='lat' dir='ltr'><strong>permulsionis</strong></span> <span class='ocrx_word' id='word_1_285' title='bbox 1083 2830 1255 2883; x_wconf 87' lang='lat' dir='ltr'><strong>genus</strong></span> <span class='ocrx_word' id='word_1_286' title='bbox 1286 2823 1387 2868; x_wconf 65' lang='lat' dir='ltr'><strong>est.</strong></span> <span class='ocrx_word' id='word_1_287' title='bbox 1434 2813 1590 2880; x_wconf 87' lang='lat' dir='ltr'><strong>Quod</strong></span> <span class='ocrx_word' id='word_1_288' title='bbox 1637 2829 1834 2868; x_wconf 90' lang='lat' dir='ltr'><strong>nomen</strong></span> <span class='ocrx_word' id='word_1_289' title='bbox 1878 2829 1974 2884; x_wconf 87' lang='lat' dir='ltr'><strong>per</strong></span> 
     </span>
    </p>
   </div>
   <div class='ocr_carea' id='block_1_44' title="bbox 397 2905 1970 2977">
    <p class='ocr_par' dir='ltr' id='par_1_44' title="bbox 397 2905 1970 2977">
     <span class='ocr_line' id='line_1_44' title="bbox 397 2905 1970 2977; baseline 0.001 -18"><span class='ocrx_word' id='word_1_290' title='bbox 397 2905 855 2973; x_wconf 88' lang='lat' dir='ltr'><strong>onomatopoeiam</strong></span> <span class='ocrx_word' id='word_1_291' title='bbox 903 2905 1127 2960; x_wconf 90' lang='lat' dir='ltr'><strong>ductum</strong></span> <span class='ocrx_word' id='word_1_292' title='bbox 1174 2916 1258 2961; x_wconf 89' lang='lat' dir='ltr'><strong>est</strong></span> <span class='ocrx_word' id='word_1_293' title='bbox 1300 2907 1368 2960; x_wconf 90' lang='lat' dir='ltr'><strong>ab</strong></span> <span class='ocrx_word' id='word_1_294' title='bbox 1410 2921 1476 2960; x_wconf 92' lang='lat' dir='ltr'><strong>eo</strong></span> <span class='ocrx_word' id='word_1_295' title='bbox 1522 2920 1680 2973; x_wconf 88' lang='lat' dir='ltr'><strong>sono,</strong></span> <span class='ocrx_word' id='word_1_296' title='bbox 1723 2906 1866 2977; x_wconf 92' lang='lat' dir='ltr'><strong>quod</strong></span> <span class='ocrx_word' id='word_1_297' title='bbox 1907 2921 1970 2960; x_wconf 88' lang='lat' dir='ltr'><strong>ex</strong></span> 
     </span>
    </p>
   </div>
   <div class='ocr_carea' id='block_1_45' title="bbox 399 2996 1976 3068">
    <p class='ocr_par' dir='ltr' id='par_1_45' title="bbox 399 2996 1976 3068">
     <span class='ocr_line' id='line_1_45' title="bbox 399 2996 1976 3068; baseline 0 -16"><span class='ocrx_word' id='word_1_298' title='bbox 399 2996 728 3065; x_wconf 84' lang='lat' dir='ltr'><strong>equisonum</strong></span> <span class='ocrx_word' id='word_1_299' title='bbox 757 3011 850 3053; x_wconf 89' lang='lat' dir='ltr'><strong>ore</strong></span> <span class='ocrx_word' id='word_1_300' title='bbox 879 3006 1087 3063; x_wconf 88' lang='lat' dir='ltr'><strong>manat,</strong></span> <span class='ocrx_word' id='word_1_301' title='bbox 1116 3012 1239 3052; x_wconf 91' lang='lat' dir='ltr'><strong>cum</strong></span> <span class='ocrx_word' id='word_1_302' title='bbox 1267 3013 1436 3068; x_wconf 88' lang='lat' dir='ltr'><strong>equos</strong></span> <span class='ocrx_word' id='word_1_303' title='bbox 1465 2997 1818 3053; x_wconf 87' lang='lat' dir='ltr'><strong>adulabundo</strong></span> <span class='ocrx_word' id='word_1_304' title='bbox 1843 3012 1976 3052; x_wconf 86' lang='lat' dir='ltr'><strong>con-</strong></span> 
     </span>
    </p>
   </div>
   <div class='ocr_carea' id='block_1_46' title="bbox 398 3089 1972 3161">
    <p class='ocr_par' dir='ltr' id='par_1_46' title="bbox 398 3089 1972 3161">
     <span class='ocr_line' id='line_1_46' title="bbox 398 3089 1972 3161; baseline 0 -17"><span class='ocrx_word' id='word_1_305' title='bbox 398 3099 548 3144; x_wconf 87' lang='lat' dir='ltr'><strong>tactu</strong></span> <span class='ocrx_word' id='word_1_306' title='bbox 581 3089 809 3144; x_wconf 89' lang='lat' dir='ltr'><strong>delinire</strong></span> <span class='ocrx_word' id='word_1_307' title='bbox 838 3089 1077 3145; x_wconf 90' lang='lat' dir='ltr'><strong>student.</strong></span> <span class='ocrx_word' id='word_1_308' title='bbox 1109 3090 1186 3144; x_wconf 84' lang='lat' dir='ltr'><strong>Ac</strong></span> <span class='ocrx_word' id='word_1_309' title='bbox 1215 3091 1462 3159; x_wconf 87' lang='lat' dir='ltr'><strong>proinde,</strong></span> <span class='ocrx_word' id='word_1_310' title='bbox 1495 3090 1546 3144; x_wconf 91' lang='lat' dir='ltr'><strong>id</strong></span> <span class='ocrx_word' id='word_1_311' title='bbox 1578 3101 1682 3155; x_wconf 89' lang='lat' dir='ltr'><strong>est,</strong></span> <span class='ocrx_word' id='word_1_312' title='bbox 1713 3091 1972 3161; x_wconf 90' lang='lat' dir='ltr'><strong>quoniam</strong></span> 
     </span>
    </p>
   </div>
   <div class='ocr_carea' id='block_1_47' title="bbox 2073 1984 3654 2054">
    <p class='ocr_par' dir='ltr' id='par_1_47' title="bbox 2073 1984 3654 2054">
     <span class='ocr_line' id='line_1_47' title="bbox 2073 1984 3654 2054; baseline 0.002 -16"><span class='ocrx_word' id='word_1_313' title='bbox 2073 1985 2316 2054; x_wconf 83' lang='lat' dir='ltr'><strong>scripta,</strong></span> <span class='ocrx_word' id='word_1_314' title='bbox 2367 1993 2474 2040; x_wconf 89' lang='lat' dir='ltr'><strong>etc.</strong></span> <span class='ocrx_word' id='word_1_315' title='bbox 2540 1984 2834 2041; x_wconf 80' lang='lat' dir='ltr'><strong>Mosaicam</strong></span> <span class='ocrx_word' id='word_1_316' title='bbox 2894 1985 3112 2054; x_wconf 89' lang='lat' dir='ltr'><strong>legem,</strong></span> <span class='ocrx_word' id='word_1_317' title='bbox 3179 1986 3438 2054; x_wconf 89' lang='lat' dir='ltr'><strong>scriptam</strong></span> <span class='ocrx_word' id='word_1_318' title='bbox 3494 1997 3654 2041; x_wconf 89' lang='lat' dir='ltr'><strong>vocat</strong></span> 
     </span>
    </p>
   </div>
   <div class='ocr_carea' id='block_1_48' title="bbox 2073 2075 3650 2148">
    <p class='ocr_par' dir='ltr' id='par_1_48' title="bbox 2073 2075 3650 2148">
     <span class='ocr_line' id='line_1_48' title="bbox 2073 2075 3650 2148; baseline 0.002 -19"><span class='ocrx_word' id='word_1_319' title='bbox 2073 2075 2382 2146; x_wconf 86' lang='lat' dir='ltr'><strong>Theologus</strong></span> <span class='ocrx_word' id='word_1_320' title='bbox 2425 2077 2489 2132; x_wconf 88' lang='lat' dir='ltr'><strong>ad</strong></span> <span class='ocrx_word' id='word_1_321' title='bbox 2525 2076 2887 2132; x_wconf 84' lang='lat' dir='ltr'><strong>diﬂ&#39;erentiam</strong></span> <span class='ocrx_word' id='word_1_322' title='bbox 2929 2077 3064 2146; x_wconf 85' lang='lat' dir='ltr'><strong>legis</strong></span> <span class='ocrx_word' id='word_1_323' title='bbox 3101 2092 3208 2132; x_wconf 94' lang='lat' dir='ltr'><strong>non</strong></span> <span class='ocrx_word' id='word_1_324' title='bbox 3253 2078 3490 2147; x_wconf 80' lang='lat' dir='ltr'><strong>scriptae,</strong></span> <span class='ocrx_word' id='word_1_325' title='bbox 3528 2093 3650 2148; x_wconf 74' lang='lat' dir='ltr'><strong>qua:</strong></span> 
     </span>
    </p>
   </div>
   <div class='ocr_carea' id='block_1_49' title="bbox 2074 2168 3654 2240">
    <p class='ocr_par' dir='ltr' id='par_1_49' title="bbox 2074 2168 3654 2240">
     <span class='ocr_line' id='line_1_49' title="bbox 2074 2168 3654 2240; baseline 0.004 -20"><span class='ocrx_word' id='word_1_326' title='bbox 2074 2168 2306 2235; x_wconf 83' lang='lat' dir='ltr'><strong>Adamo,</strong></span> <span class='ocrx_word' id='word_1_327' title='bbox 2344 2169 2539 2240; x_wconf 87' lang='lat' dir='ltr'><strong>iisque,</strong></span> <span class='ocrx_word' id='word_1_328' title='bbox 2583 2169 2676 2238; x_wconf 89' lang='lat' dir='ltr'><strong>qui</strong></span> <span class='ocrx_word' id='word_1_329' title='bbox 2723 2169 2792 2224; x_wconf 89' lang='lat' dir='ltr'><strong>ab</strong></span> <span class='ocrx_word' id='word_1_330' title='bbox 2833 2183 2898 2224; x_wconf 91' lang='lat' dir='ltr'><strong>eo</strong></span> <span class='ocrx_word' id='word_1_331' title='bbox 2943 2169 3205 2239; x_wconf 84' lang='lat' dir='ltr'><strong>originem</strong></span> <span class='ocrx_word' id='word_1_332' title='bbox 3242 2171 3533 2236; x_wconf 85' lang='lat' dir='ltr'><strong>duxerunt,</strong></span> <span class='ocrx_word' id='word_1_333' title='bbox 3571 2171 3654 2226; x_wconf 86' lang='lat' dir='ltr'><strong>di-</strong></span> 
     </span>
    </p>
   </div>
   <div class='ocr_carea' id='block_1_50' title="bbox 2075 2259 3651 2330">
    <p class='ocr_par' dir='ltr' id='par_1_50' title="bbox 2075 2259 3651 2330">
     <span class='ocr_line' id='line_1_50' title="bbox 2075 2259 3651 2330; baseline 0.001 -15"><span class='ocrx_word' id='word_1_334' title='bbox 2075 2261 2250 2316; x_wconf 86' lang='lat' dir='ltr'><strong>versis</strong></span> <span class='ocrx_word' id='word_1_335' title='bbox 2282 2261 2617 2330; x_wconf 83' lang='lat' dir='ltr'><strong>temporibus</strong></span> <span class='ocrx_word' id='word_1_336' title='bbox 2646 2262 2770 2314; x_wconf 85' lang='lat' dir='ltr'><strong>data</strong></span> <span class='ocrx_word' id='word_1_337' title='bbox 2801 2268 2904 2315; x_wconf 87' lang='lat' dir='ltr'><strong>est.</strong></span> <span class='ocrx_word' id='word_1_338' title='bbox 2941 2259 3036 2315; x_wconf 80' lang='lat' dir='ltr'><strong>Vel</strong></span> <span class='ocrx_word' id='word_1_339' title='bbox 3068 2261 3234 2316; x_wconf 89' lang='lat' dir='ltr'><strong>etiam</strong></span> <span class='ocrx_word' id='word_1_340' title='bbox 3263 2263 3326 2316; x_wconf 90' lang='lat' dir='ltr'><strong>ad</strong></span> <span class='ocrx_word' id='word_1_341' title='bbox 3355 2263 3651 2318; x_wconf 88' lang='lat' dir='ltr'><strong>discrimen</strong></span> 
     </span>
    </p>
   </div>
   <div class='ocr_carea' id='block_1_51' title="bbox 2075 2353 3653 2424">
    <p class='ocr_par' dir='ltr' id='par_1_51' title="bbox 2075 2353 3653 2424">
     <span class='ocr_line' id='line_1_51' title="bbox 2075 2353 3653 2424; baseline 0.001 -16"><span class='ocrx_word' id='word_1_342' title='bbox 2075 2354 2517 2409; x_wconf 85' lang='lat' dir='ltr'><strong>constituendum</strong></span> <span class='ocrx_word' id='word_1_343' title='bbox 2581 2354 2724 2406; x_wconf 87' lang='lat' dir='ltr'><strong>inter</strong></span> <span class='ocrx_word' id='word_1_344' title='bbox 2772 2367 2894 2408; x_wconf 85' lang='lat' dir='ltr'><strong>eam</strong></span> <span class='ocrx_word' id='word_1_345' title='bbox 2943 2363 2999 2408; x_wconf 89' lang='lat' dir='ltr'><strong>et</strong></span> <span class='ocrx_word' id='word_1_346' title='bbox 3045 2353 3396 2424; x_wconf 88' lang='lat' dir='ltr'><strong>Evangelium</strong></span> <span class='ocrx_word' id='word_1_347' title='bbox 3443 2372 3458 2408; x_wconf 85' lang='lat'><strong>;</strong></span> <span class='ocrx_word' id='word_1_348' title='bbox 3511 2358 3653 2424; x_wconf 83' lang='lat' dir='ltr'><strong>quod</strong></span> 
     </span>
    </p>
   </div>
   <div class='ocr_carea' id='block_1_52' title="bbox 2075 2444 3656 2516">
    <p class='ocr_par' dir='ltr' id='par_1_52' title="bbox 2075 2444 3656 2516">
     <span class='ocr_line' id='line_1_52' title="bbox 2075 2444 3656 2516; baseline 0.001 -17"><span class='ocrx_word' id='word_1_349' title='bbox 2075 2446 2238 2500; x_wconf 84' lang='lat' dir='ltr'><strong>etiam</strong></span> <span class='ocrx_word' id='word_1_350' title='bbox 2301 2445 2478 2516; x_wconf 89' lang='lat' dir='ltr'><strong>ipsum</strong></span> <span class='ocrx_word' id='word_1_351' title='bbox 2536 2444 2702 2498; x_wconf 89' lang='lat' dir='ltr'><strong>nullis</strong></span> <span class='ocrx_word' id='word_1_352' title='bbox 2761 2444 2960 2500; x_wconf 89' lang='lat' dir='ltr'><strong>litteris</strong></span> <span class='ocrx_word' id='word_1_353' title='bbox 3017 2445 3394 2514; x_wconf 87' lang='lat' dir='ltr'><strong>consignatum</strong></span> <span class='ocrx_word' id='word_1_354' title='bbox 3454 2449 3656 2501; x_wconf 83' lang='lat' dir='ltr'><strong>sanctis</strong></span> 
     </span>
    </p>
   </div>
   <div class='ocr_carea' id='block_1_53' title="bbox 2077 2536 3657 2608">
    <p class='ocr_par' dir='ltr' id='par_1_53' title="bbox 2077 2536 3657 2608">
     <span class='ocr_line' id='line_1_53' title="bbox 2077 2536 3657 2608; baseline 0 -15"><span class='ocrx_word' id='word_1_355' title='bbox 2077 2538 2340 2608; x_wconf 79' lang='lat' dir='ltr'><strong>apostolis</strong></span> <span class='ocrx_word' id='word_1_356' title='bbox 2395 2538 2650 2590; x_wconf 89' lang='lat' dir='ltr'><strong>traditum</strong></span> <span class='ocrx_word' id='word_1_357' title='bbox 2708 2544 2813 2591; x_wconf 86' lang='lat' dir='ltr'><strong>est.</strong></span> <span class='ocrx_word' id='word_1_358' title='bbox 2865 2536 2941 2590; x_wconf 88' lang='lat' dir='ltr'><strong>De</strong></span> <span class='ocrx_word' id='word_1_359' title='bbox 2978 2551 3088 2606; x_wconf 92' lang='lat' dir='ltr'><strong>quo</strong></span> <span class='ocrx_word' id='word_1_360' title='bbox 3141 2538 3308 2591; x_wconf 80' lang='lat' dir='ltr'><strong>etiam</strong></span> <span class='ocrx_word' id='word_1_361' title='bbox 3361 2537 3503 2593; x_wconf 88' lang='lat' dir='ltr'><strong>Deus</strong></span> <span class='ocrx_word' id='word_1_362' title='bbox 3561 2553 3657 2607; x_wconf 87' lang='lat' dir='ltr'><strong>per</strong></span> 
     </span>
    </p>
   </div>
   <div class='ocr_carea' id='block_1_54' title="bbox 2074 2627 3651 2694">
    <p class='ocr_par' dir='ltr' id='par_1_54' title="bbox 2074 2627 3651 2694">
     <span class='ocr_line' id='line_1_54' title="bbox 2074 2627 3651 2694; baseline 0 -12"><span class='ocrx_word' id='word_1_363' title='bbox 2074 2629 2365 2684; x_wconf 78' lang='lat' dir='ltr'><strong>.Ieremiam</strong></span> <span class='ocrx_word' id='word_1_364' title='bbox 2394 2629 2609 2683; x_wconf 90' lang='lat' dir='ltr'><strong>dicebat</strong></span> <span class='ocrx_word' id='word_1_365' title='bbox 2640 2645 2656 2682; x_wconf 89' lang='lat'><strong>:</strong></span> <span class='ocrx_word' id='word_1_366' title='bbox 2690 2627 2804 2683; x_wconf 87' lang='lat' dir='ltr'><strong>Hoc</strong></span> <span class='ocrx_word' id='word_1_367' title='bbox 2833 2635 2920 2682; x_wconf 86' lang='lat' dir='ltr'><strong>est</strong></span> <span class='ocrx_word' id='word_1_368' title='bbox 2950 2636 3333 2683; x_wconf 88' lang='lat' dir='ltr'><strong>testamentum</strong></span> <span class='ocrx_word' id='word_1_369' title='bbox 3367 2639 3420 2682; x_wconf 89' lang='lat' dir='ltr'><strong>et</strong></span> <span class='ocrx_word' id='word_1_370' title='bbox 3449 2629 3651 2694; x_wconf 62' lang='lat' dir='ltr'><strong>foedus,</strong></span> 
     </span>
    </p>
   </div>
   <div class='ocr_carea' id='block_1_55' title="bbox 2077 2718 3652 2791">
    <p class='ocr_par' dir='ltr' id='par_1_55' title="bbox 2077 2718 3652 2791">
     <span class='ocr_line' id='line_1_55' title="bbox 2077 2718 3652 2791; baseline -0.001 -18"><span class='ocrx_word' id='word_1_371' title='bbox 2077 2721 2223 2791; x_wconf 86' lang='lat' dir='ltr'><strong>quod</strong></span> <span class='ocrx_word' id='word_1_372' title='bbox 2271 2735 2394 2775; x_wconf 89' lang='lat' dir='ltr'><strong>cum</strong></span> <span class='ocrx_word' id='word_1_373' title='bbox 2429 2720 2535 2774; x_wconf 88' lang='lat' dir='ltr'><strong>illis</strong></span> <span class='ocrx_word' id='word_1_374' title='bbox 2584 2719 2774 2773; x_wconf 87' lang='lat' dir='ltr'><strong>feriam</strong></span> <span class='ocrx_word' id='word_1_375' title='bbox 2819 2719 2957 2774; x_wconf 92' lang='lat' dir='ltr'><strong>dans</strong></span> <span class='ocrx_word' id='word_1_376' title='bbox 3002 2719 3170 2787; x_wconf 84' lang='lat' dir='ltr'><strong>leges,</strong></span> <span class='ocrx_word' id='word_1_377' title='bbox 3204 2718 3257 2772; x_wconf 91' lang='lat' dir='ltr'><strong>iu</strong></span> <span class='ocrx_word' id='word_1_378' title='bbox 3300 2729 3472 2772; x_wconf 88' lang='lat' dir='ltr'><strong>mente</strong></span> <span class='ocrx_word' id='word_1_379' title='bbox 3516 2722 3652 2774; x_wconf 90' lang='lat' dir='ltr'><strong>etin</strong></span> 
     </span>
    </p>
   </div>
   <div class='ocr_carea' id='block_1_56' title="bbox 2055 2809 3653 2880">
    <p class='ocr_par' dir='ltr' id='par_1_56' title="bbox 2055 2809 3653 2880">
     <span class='ocr_line' id='line_1_56' title="bbox 2055 2809 3653 2880; baseline -0.002 -13"><span class='ocrx_word' id='word_1_380' title='bbox 2055 2813 2242 2873; x_wconf 86' lang='lat' dir='ltr'><strong>,corde</strong></span> <span class='ocrx_word' id='word_1_381' title='bbox 2270 2826 2461 2866; x_wconf 88' lang='lat' dir='ltr'><strong>eorum</strong></span> <span class='ocrx_word' id='word_1_382' title='bbox 2499 2811 2794 2866; x_wconf 87' lang='lat' dir='ltr'><strong>inscribam</strong></span> <span class='ocrx_word' id='word_1_383' title='bbox 2840 2825 2954 2865; x_wconf 89' lang='lat' dir='ltr'><strong>eas.</strong></span> <span class='ocrx_word' id='word_1_384' title='bbox 2999 2809 3167 2880; x_wconf 88' lang='lat' dir='ltr'><strong>Igitur</strong></span> <span class='ocrx_word' id='word_1_385' title='bbox 3213 2811 3294 2864; x_wconf 91' lang='lat' dir='ltr'><strong>lex</strong></span> <span class='ocrx_word' id='word_1_386' title='bbox 3346 2810 3546 2880; x_wconf 86' lang='lat' dir='ltr'><strong>scripta</strong></span> <span class='ocrx_word' id='word_1_387' title='bbox 3580 2812 3653 2865; x_wconf 86' lang='lat' dir='ltr'><strong>ita</strong></span> 
     </span>
    </p>
   </div>
   <div class='ocr_carea' id='block_1_57' title="bbox 2077 2901 3655 2972">
    <p class='ocr_par' dir='ltr' id='par_1_57' title="bbox 2077 2901 3655 2972">
     <span class='ocr_line' id='line_1_57' title="bbox 2077 2901 3655 2972; baseline -0.001 -12"><span class='ocrx_word' id='word_1_388' title='bbox 2077 2916 2162 2960; x_wconf 92' lang='lat' dir='ltr'><strong>est</strong></span> <span class='ocrx_word' id='word_1_389' title='bbox 2210 2906 2356 2970; x_wconf 87' lang='lat' dir='ltr'><strong>data,</strong></span> <span class='ocrx_word' id='word_1_390' title='bbox 2399 2914 2458 2958; x_wconf 88' lang='lat' dir='ltr'><strong>ut</strong></span> <span class='ocrx_word' id='word_1_391' title='bbox 2502 2905 2948 2968; x_wconf 88' lang='lat' dir='ltr'><strong>commemoravi,</strong></span> <span class='ocrx_word' id='word_1_392' title='bbox 2995 2913 3160 2972; x_wconf 90' lang='lat' dir='ltr'><strong>atque</strong></span> <span class='ocrx_word' id='word_1_393' title='bbox 3189 2903 3260 2957; x_wconf 91' lang='lat' dir='ltr'><strong>ob</strong></span> <span class='ocrx_word' id='word_1_394' title='bbox 3292 2901 3390 2958; x_wconf 89' lang='lat' dir='ltr'><strong>bas</strong></span> <span class='ocrx_word' id='word_1_395' title='bbox 3436 2917 3655 2969; x_wconf 88' lang='lat' dir='ltr'><strong>causas,</strong></span> 
     </span>
    </p>
   </div>
   <div class='ocr_carea' id='block_1_58' title="bbox 2083 2995 3651 3069">
    <p class='ocr_par' dir='ltr' id='par_1_58' title="bbox 2083 2995 3651 3069">
     <span class='ocr_line' id='line_1_58' title="bbox 2083 2995 3651 3069; baseline -0.002 -16"><span class='ocrx_word' id='word_1_396' title='bbox 2083 3013 2220 3069; x_wconf 87' lang='lat' dir='ltr'><strong>quas</strong></span> <span class='ocrx_word' id='word_1_397' title='bbox 2246 2998 2469 3067; x_wconf 89' lang='lat' dir='ltr'><strong>protuli,</strong></span> <span class='ocrx_word' id='word_1_398' title='bbox 2504 2997 2608 3051; x_wconf 91' lang='lat' dir='ltr'><strong>hoc</strong></span> <span class='ocrx_word' id='word_1_399' title='bbox 2640 3005 2743 3062; x_wconf 90' lang='lat' dir='ltr'><strong>est,</strong></span> <span class='ocrx_word' id='word_1_400' title='bbox 2771 2996 2900 3065; x_wconf 83' lang='lat' dir='ltr'><strong>quia</strong></span> <span class='ocrx_word' id='word_1_401' title='bbox 2927 2995 3236 3065; x_wconf 87' lang='lat' dir='ltr'><strong>perniciosa</strong></span> <span class='ocrx_word' id='word_1_402' title='bbox 3262 3004 3319 3050; x_wconf 89' lang='lat' dir='ltr'><strong>et</strong></span> <span class='ocrx_word' id='word_1_403' title='bbox 3349 2996 3651 3065; x_wconf 87' lang='lat' dir='ltr'><strong>periculosa</strong></span> 
     </span>
    </p>
   </div>
   <div class='ocr_carea' id='block_1_59' title="bbox 2079 3087 3655 3160">
    <p class='ocr_par' dir='ltr' id='par_1_59' title="bbox 2079 3087 3655 3160">
     <span class='ocr_line' id='line_1_59' title="bbox 2079 3087 3655 3160; baseline -0.001 -16"><span class='ocrx_word' id='word_1_404' title='bbox 2079 3099 2198 3145; x_wconf 87' lang='lat' dir='ltr'><strong>erat</strong></span> <span class='ocrx_word' id='word_1_405' title='bbox 2247 3090 2535 3160; x_wconf 89' lang='lat' dir='ltr'><strong>asperitas,</strong></span> <span class='ocrx_word' id='word_1_406' title='bbox 2566 3089 2758 3143; x_wconf 89' lang='lat' dir='ltr'><strong>lenitas</strong></span> <span class='ocrx_word' id='word_1_407' title='bbox 2787 3097 2968 3144; x_wconf 87' lang='lat' dir='ltr'><strong>autem</strong></span> <span class='ocrx_word' id='word_1_408' title='bbox 3003 3087 3170 3152; x_wconf 90' lang='lat' dir='ltr'><strong>utilis,</strong></span> <span class='ocrx_word' id='word_1_409' title='bbox 3204 3097 3366 3158; x_wconf 88' lang='lat' dir='ltr'><strong>atque</strong></span> <span class='ocrx_word' id='word_1_410' title='bbox 3417 3088 3485 3142; x_wconf 93' lang='lat' dir='ltr'><strong>ad</strong></span> <span class='ocrx_word' id='word_1_411' title='bbox 3541 3099 3655 3142; x_wconf 89' lang='lat' dir='ltr'><strong>tra-</strong></span> 
     </span>
    </p>
   </div>
   <div class='ocr_carea' id='block_1_60' title="bbox 399 3181 3657 3269">
    <p class='ocr_par' dir='ltr' id='par_1_60' title="bbox 399 3181 3657 3269">
     <span class='ocr_line' id='line_1_60' title="bbox 399 3181 3657 3269; baseline -0.001 -34"><span class='ocrx_word' id='word_1_412' title='bbox 399 3181 689 3251; x_wconf 86' lang='lat' dir='ltr'><strong>asperitate</strong></span> <span class='ocrx_word' id='word_1_413' title='bbox 740 3183 1050 3250; x_wconf 74' lang='lat' dir='ltr'><strong>posmabita</strong></span> <span class='ocrx_word' id='word_1_414' title='bbox 1099 3183 1358 3238; x_wconf 87' lang='lat' dir='ltr'><strong>leniorem</strong></span> <span class='ocrx_word' id='word_1_415' title='bbox 1406 3197 1470 3237; x_wconf 90' lang='lat' dir='ltr'><strong>ac</strong></span> <span class='ocrx_word' id='word_1_416' title='bbox 1519 3181 1822 3237; x_wconf 74' lang='lat' dir='ltr'><strong>molliorem</strong></span> <span class='ocrx_word' id='word_1_417' title='bbox 1876 3198 2049 3269; x_wconf 71' lang='grc' dir='ltr'><strong>(ιιι-ο</strong></span> <span class='ocrx_word' id='word_1_418' title='bbox 2083 3184 2308 3240; x_wconf 91' lang='lat' dir='ltr'><strong>ctandos</strong></span> <span class='ocrx_word' id='word_1_419' title='bbox 2371 3184 2583 3237; x_wconf 86' lang='lat' dir='ltr'><strong>animos</strong></span> <span class='ocrx_word' id='word_1_420' title='bbox 2650 3181 2918 3251; x_wconf 89' lang='lat' dir='ltr'><strong>apposita.</strong></span> <span class='ocrx_word' id='word_1_421' title='bbox 2973 3181 3151 3251; x_wconf 84' lang='lat' dir='ltr'><strong>Atque</strong></span> <span class='ocrx_word' id='word_1_422' title='bbox 3209 3182 3431 3251; x_wconf 90' lang='lat' dir='ltr'><strong>insuper</strong></span> <span class='ocrx_word' id='word_1_423' title='bbox 3483 3181 3657 3234; x_wconf 83' lang='lat' dir='ltr'><strong>intru-</strong></span> 
     </span>
    </p>
   </div>
   <div class='ocr_carea' id='block_1_61' title="bbox 399 3273 1974 3346">
    <p class='ocr_par' dir='ltr' id='par_1_61' title="bbox 399 3273 1974 3346">
     <span class='ocr_line' id='line_1_61' title="bbox 399 3273 1974 3346; baseline 0.001 -19"><span class='ocrx_word' id='word_1_424' title='bbox 399 3273 554 3328; x_wconf 80' lang='lat' dir='ltr'><strong>randi</strong></span> <span class='ocrx_word' id='word_1_425' title='bbox 603 3273 842 3328; x_wconf 88' lang='lat' dir='ltr'><strong>hominis</strong></span> <span class='ocrx_word' id='word_1_426' title='bbox 905 3275 1171 3329; x_wconf 89' lang='lat' dir='ltr'><strong>rationem</strong></span> <span class='ocrx_word' id='word_1_427' title='bbox 1231 3275 1357 3346; x_wconf 87' lang='lat' dir='ltr'><strong>eligi</strong></span> <span class='ocrx_word' id='word_1_428' title='bbox 1413 3276 1809 3330; x_wconf 80' lang='lat' dir='ltr'><strong>conveniebat:</strong></span> <span class='ocrx_word' id='word_1_429' title='bbox 1862 3275 1974 3330; x_wconf 81' lang='lat' dir='ltr'><strong>Lea:</strong></span> 
     </span>
    </p>
   </div>
   <div class='ocr_carea' id='block_1_62' title="bbox 397 3363 1970 3430">
    <p class='ocr_par' dir='ltr' id='par_1_62' title="bbox 397 3363 1970 3430">
     <span class='ocr_line' id='line_1_62' title="bbox 397 3363 1970 3430; baseline 0.003 -12"><span class='ocrx_word' id='word_1_430' title='bbox 397 3363 549 3418; x_wconf 80' lang='lat' dir='ltr'><strong>nobis</strong></span> <span class='ocrx_word' id='word_1_431' title='bbox 580 3365 634 3417; x_wconf 85' lang='lat' dir='ltr'><strong>iu</strong></span> <span class='ocrx_word' id='word_1_432' title='bbox 667 3364 947 3430; x_wconf 72' lang='lat' dir='ltr'><strong>auxilium,</strong></span> <span class='ocrx_word' id='word_1_433' title='bbox 983 3373 1042 3419; x_wconf 91' lang='lat' dir='ltr'><strong>ut</strong></span> <span class='ocrx_word' id='word_1_434' title='bbox 1070 3363 1222 3420; x_wconf 61' lang='lat' dir='ltr'><strong>Isaiae</strong></span> <span class='ocrx_word' id='word_1_435' title='bbox 1247 3365 1427 3421; x_wconf 78' lang='lat' dir='ltr'><strong>verbis</strong></span> <span class='ocrx_word' id='word_1_436' title='bbox 1459 3376 1602 3430; x_wconf 90' lang='lat' dir='ltr'><strong>utar,</strong></span> <span class='ocrx_word' id='word_1_437' title='bbox 1637 3368 1767 3420; x_wconf 84' lang='lat' dir='ltr'><strong>data</strong></span> <span class='ocrx_word' id='word_1_438' title='bbox 1795 3376 1876 3422; x_wconf 78' lang='lat' dir='ltr'><strong>eat</strong></span> <span class='ocrx_word' id='word_1_439' title='bbox 1901 3368 1970 3421; x_wconf 64' lang='grc'><strong>⁸⁵.</strong></span> 
     </span>
    </p>
   </div>
   <div class='ocr_carea' id='block_1_63' title="bbox 398 3455 1973 3528">
    <p class='ocr_par' dir='ltr' id='par_1_63' title="bbox 398 3455 1973 3528">
     <span class='ocr_line' id='line_1_63' title="bbox 398 3455 1973 3528; baseline 0.004 -18"><span class='ocrx_word' id='word_1_440' title='bbox 398 3455 602 3512; x_wconf 82' lang='lat' dir='ltr'><strong>Facilis</strong></span> <span class='ocrx_word' id='word_1_441' title='bbox 631 3461 776 3511; x_wconf 90' lang='lat' dir='ltr'><strong>enim</strong></span> <span class='ocrx_word' id='word_1_442' title='bbox 806 3466 860 3512; x_wconf 90' lang='lat' dir='ltr'><strong>et</strong></span> <span class='ocrx_word' id='word_1_443' title='bbox 893 3457 1088 3512; x_wconf 88' lang='lat' dir='ltr'><strong>blanda</strong></span> <span class='ocrx_word' id='word_1_444' title='bbox 1115 3466 1200 3513; x_wconf 89' lang='lat' dir='ltr'><strong>est</strong></span> <span class='ocrx_word' id='word_1_445' title='bbox 1230 3458 1365 3528; x_wconf 88' lang='lat' dir='ltr'><strong>legis</strong></span> <span class='ocrx_word' id='word_1_446' title='bbox 1389 3459 1624 3524; x_wconf 87' lang='lat' dir='ltr'><strong>curatio,</strong></span> <span class='ocrx_word' id='word_1_447' title='bbox 1654 3459 1845 3514; x_wconf 87' lang='lat' dir='ltr'><strong>leniter</strong></span> <span class='ocrx_word' id='word_1_448' title='bbox 1871 3476 1973 3517; x_wconf 90' lang='lat' dir='ltr'><strong>nos</strong></span> 
     </span>
    </p>
   </div>
   <div class='ocr_carea' id='block_1_64' title="bbox 398 3548 1975 3619">
    <p class='ocr_par' dir='ltr' id='par_1_64' title="bbox 398 3548 1975 3619">
     <span class='ocr_line' id='line_1_64' title="bbox 398 3548 1975 3619; baseline 0.001 -17"><span class='ocrx_word' id='word_1_449' title='bbox 398 3548 468 3602; x_wconf 85' lang='lat' dir='ltr'><strong>ab</strong></span> <span class='ocrx_word' id='word_1_450' title='bbox 511 3563 702 3604; x_wconf 89' lang='lat' dir='ltr'><strong>errore</strong></span> <span class='ocrx_word' id='word_1_451' title='bbox 749 3549 1106 3616; x_wconf 89' lang='lat' dir='ltr'><strong>abducentis,</strong></span> <span class='ocrx_word' id='word_1_452' title='bbox 1153 3557 1316 3619; x_wconf 83' lang='lat' dir='ltr'><strong>atque</strong></span> <span class='ocrx_word' id='word_1_453' title='bbox 1361 3549 1430 3604; x_wconf 85' lang='lat' dir='ltr'><strong>ad</strong></span> <span class='ocrx_word' id='word_1_454' title='bbox 1477 3550 1758 3606; x_wconf 82' lang='lat' dir='ltr'><strong>veritatem</strong></span> <span class='ocrx_word' id='word_1_455' title='bbox 1811 3551 1975 3606; x_wconf 89' lang='lat' dir='ltr'><strong>redu-</strong></span> 
     </span>
    </p>
   </div>
   <div class='ocr_carea' id='block_1_65' title="bbox 395 3639 1972 3710">
    <p class='ocr_par' dir='ltr' id='par_1_65' title="bbox 395 3639 1972 3710">
     <span class='ocr_line' id='line_1_65' title="bbox 395 3639 1972 3710; baseline 0.003 -16"><span class='ocrx_word' id='word_1_456' title='bbox 395 3640 592 3694; x_wconf 91' lang='lat' dir='ltr'><strong>centis.</strong></span> <span class='ocrx_word' id='word_1_457' title='bbox 629 3639 706 3694; x_wconf 77' lang='lat' dir='ltr'><strong>Ac</strong></span> <span class='ocrx_word' id='word_1_458' title='bbox 744 3640 903 3694; x_wconf 88' lang='lat' dir='ltr'><strong>nobis</strong></span> <span class='ocrx_word' id='word_1_459' title='bbox 936 3640 1076 3694; x_wconf 92' lang='lat' dir='ltr'><strong>muri</strong></span> <span class='ocrx_word' id='word_1_460' title='bbox 1109 3640 1393 3710; x_wconf 87' lang='lat' dir='ltr'><strong>cujusdam</strong></span> <span class='ocrx_word' id='word_1_461' title='bbox 1423 3652 1476 3695; x_wconf 91' lang='lat' dir='ltr'><strong>et</strong></span> <span class='ocrx_word' id='word_1_462' title='bbox 1509 3641 1765 3696; x_wconf 80' lang='lat' dir='ltr'><strong>maceriae</strong></span> <span class='ocrx_word' id='word_1_463' title='bbox 1798 3643 1972 3698; x_wconf 89' lang='lat' dir='ltr'><strong>vicem</strong></span> 
     </span>
    </p>
   </div>
   <div class='ocr_carea' id='block_1_66' title="bbox 397 3732 1974 3806">
    <p class='ocr_par' dir='ltr' id='par_1_66' title="bbox 397 3732 1974 3806">
     <span class='ocr_line' id='line_1_66' title="bbox 397 3732 1974 3806; baseline 0.003 -20"><span class='ocrx_word' id='word_1_464' title='bbox 397 3733 624 3802; x_wconf 59' lang='lat' dir='ltr'><strong>prabet.</strong></span> <span class='ocrx_word' id='word_1_465' title='bbox 649 3732 1117 3799; x_wconf 88' lang='lat' dir='ltr'><strong>Quemadmodum</strong></span> <span class='ocrx_word' id='word_1_466' title='bbox 1142 3737 1288 3789; x_wconf 90' lang='lat' dir='ltr'><strong>enim</strong></span> <span class='ocrx_word' id='word_1_467' title='bbox 1316 3734 1550 3789; x_wconf 86' lang='lat' dir='ltr'><strong>maceria</strong></span> <span class='ocrx_word' id='word_1_468' title='bbox 1586 3734 1974 3806; x_wconf 89' lang='lat' dir='ltr'><strong>impedimento</strong></span> 
     </span>
    </p>
   </div>
   <div class='ocr_carea' id='block_1_67' title="bbox 395 3825 1974 3894">
    <p class='ocr_par' dir='ltr' id='par_1_67' title="bbox 395 3825 1974 3894">
     <span class='ocr_line' id='line_1_67' title="bbox 395 3825 1974 3894; baseline 0.004 -16"><span class='ocrx_word' id='word_1_469' title='bbox 395 3833 503 3888; x_wconf 90' lang='lat' dir='ltr'><strong>est,</strong></span> <span class='ocrx_word' id='word_1_470' title='bbox 548 3825 862 3892; x_wconf 89' lang='lat' dir='ltr'><strong>quominus,</strong></span> <span class='ocrx_word' id='word_1_471' title='bbox 899 3825 993 3894; x_wconf 89' lang='lat' dir='ltr'><strong>qui</strong></span> <span class='ocrx_word' id='word_1_472' title='bbox 1034 3826 1177 3880; x_wconf 87' lang='lat' dir='ltr'><strong>intra</strong></span> <span class='ocrx_word' id='word_1_473' title='bbox 1219 3839 1338 3880; x_wconf 86' lang='lat' dir='ltr'><strong>eam</strong></span> <span class='ocrx_word' id='word_1_474' title='bbox 1378 3833 1526 3892; x_wconf 82' lang='lat' dir='ltr'><strong>sunt,</strong></span> <span class='ocrx_word' id='word_1_475' title='bbox 1563 3841 1686 3882; x_wconf 91' lang='lat' dir='ltr'><strong>cum</strong></span> <span class='ocrx_word' id='word_1_476' title='bbox 1729 3828 1974 3884; x_wconf 85' lang='lat' dir='ltr'><strong>externis</strong></span> 
     </span>
    </p>
   </div>
   <div class='ocr_carea' id='block_1_68' title="bbox 398 3915 1970 3986">
    <p class='ocr_par' dir='ltr' id='par_1_68' title="bbox 398 3915 1970 3986">
     <span class='ocr_line' id='line_1_68' title="bbox 398 3915 1970 3986; baseline 0.003 -19"><span class='ocrx_word' id='word_1_477' title='bbox 398 3915 696 3986; x_wconf 76' lang='lat' dir='ltr'><strong>iungantur</strong></span> <span class='ocrx_word' id='word_1_478' title='bbox 742 3933 757 3970; x_wconf 73' lang='grc' dir='ltr'><strong>ε</strong></span> <span class='ocrx_word' id='word_1_479' title='bbox 803 3917 883 3970; x_wconf 88' lang='lat' dir='ltr'><strong>sic</strong></span> <span class='ocrx_word' id='word_1_480' title='bbox 926 3916 1090 3970; x_wconf 86' lang='lat' dir='ltr'><strong>etiam</strong></span> <span class='ocrx_word' id='word_1_481' title='bbox 1138 3916 1224 3971; x_wconf 90' lang='lat' dir='ltr'><strong>lex</strong></span> <span class='ocrx_word' id='word_1_482' title='bbox 1271 3926 1485 3986; x_wconf 88' lang='lat' dir='ltr'><strong>septum</strong></span> <span class='ocrx_word' id='word_1_483' title='bbox 1522 3917 1798 3986; x_wconf 84' lang='lat' dir='ltr'><strong>quoddam</strong></span> <span class='ocrx_word' id='word_1_484' title='bbox 1832 3927 1970 3984; x_wconf 87' lang='lat' dir='ltr'><strong>erat,</strong></span> 
     </span>
    </p>
   </div>
   <div class='ocr_carea' id='block_1_69' title="bbox 402 4005 1974 4079">
    <p class='ocr_par' dir='ltr' id='par_1_69' title="bbox 402 4005 1974 4079">
     <span class='ocr_line' id='line_1_69' title="bbox 402 4005 1974 4079; baseline 0.005 -21"><span class='ocrx_word' id='word_1_485' title='bbox 402 4007 546 4060; x_wconf 87' lang='lat' dir='ltr'><strong>inter</strong></span> <span class='ocrx_word' id='word_1_486' title='bbox 595 4005 761 4059; x_wconf 90' lang='lat' dir='ltr'><strong>Deum</strong></span> <span class='ocrx_word' id='word_1_487' title='bbox 813 4015 978 4074; x_wconf 87' lang='lat' dir='ltr'><strong>atque</strong></span> <span class='ocrx_word' id='word_1_488' title='bbox 1031 4006 1174 4062; x_wconf 91' lang='lat' dir='ltr'><strong>idola</strong></span> <span class='ocrx_word' id='word_1_489' title='bbox 1227 4006 1574 4076; x_wconf 82' lang='lat' dir='ltr'><strong>interjectum</strong></span> <span class='ocrx_word' id='word_1_490' title='bbox 1631 4025 1644 4062; x_wconf 92' lang='lat'>:</span> <span class='ocrx_word' id='word_1_491' title='bbox 1697 4017 1857 4079; x_wconf 86' lang='lat' dir='ltr'><strong>atque</strong></span> <span class='ocrx_word' id='word_1_492' title='bbox 1904 4012 1974 4066; x_wconf 89' lang='lat' dir='ltr'><strong>ab</strong></span> 
     </span>
    </p>
   </div>
   <div class='ocr_carea' id='block_1_70' title="bbox 401 4093 1975 4164">
    <p class='ocr_par' dir='ltr' id='par_1_70' title="bbox 401 4093 1975 4164">
     <span class='ocr_line' id='line_1_70' title="bbox 401 4093 1975 4164; baseline 0.003 -16"><span class='ocrx_word' id='word_1_493' title='bbox 401 4093 564 4149; x_wconf 84' lang='lat' dir='ltr'><strong>idolis</strong></span> <span class='ocrx_word' id='word_1_494' title='bbox 588 4095 807 4164; x_wconf 86' lang='lat' dir='ltr'><strong>quidem</strong></span> <span class='ocrx_word' id='word_1_495' title='bbox 836 4109 938 4150; x_wconf 89' lang='lat' dir='ltr'><strong>nos</strong></span> <span class='ocrx_word' id='word_1_496' title='bbox 963 4094 1290 4161; x_wconf 87' lang='lat' dir='ltr'><strong>abducebat,</strong></span> <span class='ocrx_word' id='word_1_497' title='bbox 1317 4099 1381 4149; x_wconf 88' lang='lat' dir='ltr'><strong>ad</strong></span> <span class='ocrx_word' id='word_1_498' title='bbox 1410 4095 1578 4152; x_wconf 89' lang='lat' dir='ltr'><strong>Deum</strong></span> <span class='ocrx_word' id='word_1_499' title='bbox 1603 4107 1786 4153; x_wconf 90' lang='lat' dir='ltr'><strong>autem</strong></span> <span class='ocrx_word' id='word_1_500' title='bbox 1813 4100 1975 4154; x_wconf 86' lang='lat' dir='ltr'><strong>redu-</strong></span> 
     </span>
    </p>
   </div>
   <div class='ocr_carea' id='block_1_71' title="bbox 399 4183 1978 4258">
    <p class='ocr_par' dir='ltr' id='par_1_71' title="bbox 399 4183 1978 4258">
     <span class='ocr_line' id='line_1_71' title="bbox 399 4183 1978 4258; baseline 0.004 -21"><span class='ocrx_word' id='word_1_501' title='bbox 399 4185 580 4238; x_wconf 88' lang='lat' dir='ltr'><strong>cebat.</strong></span> <span class='ocrx_word' id='word_1_502' title='bbox 632 4185 712 4239; x_wconf 82' lang='lat' dir='ltr'><strong>Ac</strong></span> <span class='ocrx_word' id='word_1_503' title='bbox 764 4183 919 4249; x_wconf 88' lang='lat' dir='ltr'><strong>mihi,</strong></span> <span class='ocrx_word' id='word_1_504' title='bbox 969 4199 1172 4255; x_wconf 69' lang='lat' dir='ltr'><strong>quaeso,</strong></span> <span class='ocrx_word' id='word_1_505' title='bbox 1224 4184 1316 4240; x_wconf 81' lang='lat' dir='ltr'><strong>Dei</strong></span> <span class='ocrx_word' id='word_1_506' title='bbox 1354 4187 1646 4242; x_wconf 89' lang='lat' dir='ltr'><strong>consilium</strong></span> <span class='ocrx_word' id='word_1_507' title='bbox 1692 4198 1747 4243; x_wconf 90' lang='lat' dir='ltr'><strong>et</strong></span> <span class='ocrx_word' id='word_1_508' title='bbox 1794 4191 1978 4258; x_wconf 90' lang='lat' dir='ltr'><strong>provi-</strong></span> 
     </span>
    </p>
   </div>
   <div class='ocr_carea' id='block_1_72' title="bbox 401 4275 1976 4343">
    <p class='ocr_par' dir='ltr' id='par_1_72' title="bbox 401 4275 1976 4343">
     <span class='ocr_line' id='line_1_72' title="bbox 401 4275 1976 4343; baseline 0.004 -13"><span class='ocrx_word' id='word_1_509' title='bbox 401 4276 641 4330; x_wconf 87' lang='lat' dir='ltr'><strong>dentiam</strong></span> <span class='ocrx_word' id='word_1_510' title='bbox 693 4276 1000 4332; x_wconf 87' lang='lat' dir='ltr'><strong>considera.</strong></span> <span class='ocrx_word' id='word_1_511' title='bbox 1037 4275 1308 4342; x_wconf 88' lang='lat' dir='ltr'><strong>Quoniam</strong></span> <span class='ocrx_word' id='word_1_512' title='bbox 1360 4279 1504 4332; x_wconf 88' lang='lat' dir='ltr'><strong>enim</strong></span> <span class='ocrx_word' id='word_1_513' title='bbox 1558 4293 1678 4343; x_wconf 83' lang='lat' dir='ltr'><strong>nos,</strong></span> <span class='ocrx_word' id='word_1_514' title='bbox 1721 4289 1773 4335; x_wconf 89' lang='lat' dir='ltr'><strong>et</strong></span> <span class='ocrx_word' id='word_1_515' title='bbox 1819 4281 1976 4336; x_wconf 87' lang='lat' dir='ltr'><strong>bruta</strong></span> 
     </span>
    </p>
   </div>
   <div class='ocr_carea' id='block_1_73' title="bbox 402 4365 1975 4444">
    <p class='ocr_par' dir='ltr' id='par_1_73' title="bbox 402 4365 1975 4444">
     <span class='ocr_line' id='line_1_73' title="bbox 402 4365 1975 4444; baseline 0.004 -22"><span class='ocrx_word' id='word_1_516' title='bbox 402 4368 703 4424; x_wconf 80' lang='lat' dir='ltr'><strong>animantia</strong></span> <span class='ocrx_word' id='word_1_517' title='bbox 732 4369 1200 4435; x_wconf 87' lang='lat' dir='ltr'><strong>saeriﬁcabamus,</strong></span> <span class='ocrx_word' id='word_1_518' title='bbox 1235 4371 1401 4441; x_wconf 86' lang='lat' dir='ltr'><strong>idque</strong></span> <span class='ocrx_word' id='word_1_519' title='bbox 1445 4365 1628 4438; x_wconf 79' lang='lat' dir='ltr'><strong>idolis,</strong></span> <span class='ocrx_word' id='word_1_520' title='bbox 1662 4389 1975 4444; x_wconf 90' lang='lat' dir='ltr'><strong>quanquam</strong></span> 
     </span>
    </p>
   </div>
   <div class='ocr_carea' id='block_1_74' title="bbox 403 4460 1973 4536">
    <p class='ocr_par' dir='ltr' id='par_1_74' title="bbox 403 4460 1973 4536">
     <span class='ocr_line' id='line_1_74' title="bbox 403 4460 1973 4536; baseline 0.004 -20"><span class='ocrx_word' id='word_1_521' title='bbox 403 4460 674 4516; x_wconf 85' lang='lat' dir='ltr'><strong>sacriﬁcia</strong></span> <span class='ocrx_word' id='word_1_522' title='bbox 715 4461 831 4531; x_wconf 88' lang='lat' dir='ltr'><strong>ipsa</strong></span> <span class='ocrx_word' id='word_1_523' title='bbox 877 4463 1066 4518; x_wconf 87' lang='lat' dir='ltr'><strong>tollere</strong></span> <span class='ocrx_word' id='word_1_524' title='bbox 1098 4465 1261 4533; x_wconf 82' lang='lat' dir='ltr'><strong>atqtre</strong></span> <span class='ocrx_word' id='word_1_525' title='bbox 1304 4464 1568 4534; x_wconf 88' lang='lat' dir='ltr'><strong>abrogare</strong></span> <span class='ocrx_word' id='word_1_526' title='bbox 1604 4466 1764 4521; x_wconf 88' lang='lat' dir='ltr'><strong>vellet</strong></span> <span class='ocrx_word' id='word_1_527' title='bbox 1809 4466 1973 4536; x_wconf 89' lang='lat' dir='ltr'><strong>Deus,</strong></span> 
     </span>
    </p>
   </div>
   <div class='ocr_carea' id='block_1_75' title="bbox 2083 3273 3654 3345">
    <p class='ocr_par' dir='ltr' id='par_1_75' title="bbox 2083 3273 3654 3345">
     <span class='ocr_line' id='line_1_75' title="bbox 2083 3273 3654 3345; baseline -0.003 -11"><span class='ocrx_word' id='word_1_528' title='bbox 2083 3281 2267 3345; x_wconf 89' lang='lat' dir='ltr'><strong>ducta,</strong></span> <span class='ocrx_word' id='word_1_529' title='bbox 2299 3278 2402 3332; x_wconf 88' lang='lat' dir='ltr'><strong>hoc</strong></span> <span class='ocrx_word' id='word_1_530' title='bbox 2428 3284 2534 3340; x_wconf 89' lang='lat' dir='ltr'><strong>est,</strong></span> <span class='ocrx_word' id='word_1_531' title='bbox 2563 3274 2881 3345; x_wconf 80' lang='lat' dir='ltr'><strong>praescripta</strong></span> <span class='ocrx_word' id='word_1_532' title='bbox 2915 3284 3000 3329; x_wconf 89' lang='lat' dir='ltr'><strong>est</strong></span> <span class='ocrx_word' id='word_1_533' title='bbox 3031 3274 3138 3341; x_wconf 91' lang='lat' dir='ltr'><strong>lex,</strong></span> <span class='ocrx_word' id='word_1_534' title='bbox 3173 3282 3233 3328; x_wconf 93' lang='lat' dir='ltr'><strong>ut</strong></span> <span class='ocrx_word' id='word_1_535' title='bbox 3270 3273 3391 3343; x_wconf 83' lang='lat' dir='ltr'><strong>ejus</strong></span> <span class='ocrx_word' id='word_1_536' title='bbox 3421 3274 3654 3329; x_wconf 89' lang='lat' dir='ltr'><strong>lectione</strong></span> 
     </span>
    </p>
   </div>
   <div class='ocr_carea' id='block_1_76' title="bbox 2083 3366 3651 3441">
    <p class='ocr_par' dir='ltr' id='par_1_76' title="bbox 2083 3366 3651 3441">
     <span class='ocr_line' id='line_1_76' title="bbox 2083 3366 3651 3441; baseline -0.004 -12"><span class='ocrx_word' id='word_1_537' title='bbox 2083 3374 2148 3429; x_wconf 82' lang='lat' dir='ltr'><strong>ad</strong></span> <span class='ocrx_word' id='word_1_538' title='bbox 2177 3371 2454 3428; x_wconf 89' lang='lat' dir='ltr'><strong>Creatoris</strong></span> <span class='ocrx_word' id='word_1_539' title='bbox 2483 3369 2817 3441; x_wconf 89' lang='lat' dir='ltr'><strong>agnitionem</strong></span> <span class='ocrx_word' id='word_1_540' title='bbox 2846 3369 3230 3423; x_wconf 83' lang='lat' dir='ltr'><strong>excitaremur.</strong></span> <span class='ocrx_word' id='word_1_541' title='bbox 3257 3366 3457 3423; x_wconf 87' lang='lat' dir='ltr'><strong>Eodem</strong></span> <span class='ocrx_word' id='word_1_542' title='bbox 3487 3374 3651 3422; x_wconf 79' lang='lat' dir='ltr'><strong>modo</strong></span> 
     </span>
    </p>
   </div>
   <div class='ocr_carea' id='block_1_77' title="bbox 2081 3460 3650 3534">
    <p class='ocr_par' dir='ltr' id='par_1_77' title="bbox 2081 3460 3650 3534">
     <span class='ocr_line' id='line_1_77' title="bbox 2081 3460 3650 3534; baseline -0.005 -12"><span class='ocrx_word' id='word_1_543' title='bbox 2081 3465 2346 3522; x_wconf 85' lang='lat' dir='ltr'><strong>sacriﬁcia</strong></span> <span class='ocrx_word' id='word_1_544' title='bbox 2378 3471 2598 3534; x_wconf 88' lang='lat' dir='ltr'><strong>propter</strong></span> <span class='ocrx_word' id='word_1_545' title='bbox 2643 3460 3066 3518; x_wconf 90' lang='lat' dir='ltr'><strong>sacriﬁcantium</strong></span> <span class='ocrx_word' id='word_1_546' title='bbox 3114 3460 3482 3515; x_wconf 82' lang='lat' dir='ltr'><strong>inﬁrmitatem</strong></span> <span class='ocrx_word' id='word_1_547' title='bbox 3516 3476 3650 3515; x_wconf 90' lang='lat' dir='ltr'><strong>con-</strong></span> 
     </span>
    </p>
   </div>
   <div class='ocr_carea' id='block_1_78' title="bbox 2084 3551 3650 3623">
    <p class='ocr_par' dir='ltr' id='par_1_78' title="bbox 2084 3551 3650 3623">
     <span class='ocr_line' id='line_1_78' title="bbox 2084 3551 3650 3623; baseline -0.006 -8"><span class='ocrx_word' id='word_1_548' title='bbox 2084 3573 2236 3614; x_wconf 91' lang='lat' dir='ltr'><strong>cessa</strong></span> <span class='ocrx_word' id='word_1_549' title='bbox 2257 3566 2404 3612; x_wconf 88' lang='lat' dir='ltr'><strong>sunt.</strong></span> <span class='ocrx_word' id='word_1_550' title='bbox 2425 3554 2520 3612; x_wconf 81' lang='lat' dir='ltr'><strong>His</strong></span> <span class='ocrx_word' id='word_1_551' title='bbox 2535 3555 2678 3608; x_wconf 87' lang='lat' dir='ltr'><strong>enim</strong></span> <span class='ocrx_word' id='word_1_552' title='bbox 2699 3553 2924 3618; x_wconf 88' lang='lat' dir='ltr'><strong>assueti,</strong></span> <span class='ocrx_word' id='word_1_553' title='bbox 2945 3551 3364 3623; x_wconf 85' lang='lat' dir='ltr'><strong>haudquaquam</strong></span> <span class='ocrx_word' id='word_1_554' title='bbox 3385 3568 3448 3608; x_wconf 90' lang='lat' dir='ltr'><strong>ea</strong></span> <span class='ocrx_word' id='word_1_555' title='bbox 3467 3554 3650 3609; x_wconf 89' lang='lat' dir='ltr'><strong>statim</strong></span> 
     </span>
    </p>
   </div>
   <div class='ocr_carea' id='block_1_79' title="bbox 2085 3643 3661 3719">
    <p class='ocr_par' dir='ltr' id='par_1_79' title="bbox 2085 3643 3661 3719">
     <span class='ocr_line' id='line_1_79' title="bbox 2085 3643 3661 3719; baseline -0.004 -15"><span class='ocrx_word' id='word_1_556' title='bbox 2085 3649 2321 3719; x_wconf 74' lang='lat' dir='ltr'><strong>abiit-ere</strong></span> <span class='ocrx_word' id='word_1_557' title='bbox 2359 3646 2752 3716; x_wconf 86' lang='lat' dir='ltr'><strong>potuissemus.</strong></span> <span class='ocrx_word' id='word_1_558' title='bbox 2784 3644 2962 3713; x_wconf 82' lang='lat' dir='ltr'><strong>Atque</strong></span> <span class='ocrx_word' id='word_1_559' title='bbox 2992 3643 3106 3699; x_wconf 88' lang='lat' dir='ltr'><strong>haec</strong></span> <span class='ocrx_word' id='word_1_560' title='bbox 3153 3645 3545 3700; x_wconf 86' lang='lat' dir='ltr'><strong>sacriﬁciorum</strong></span> <span class='ocrx_word' id='word_1_561' title='bbox 3576 3656 3661 3700; x_wconf 86' lang='lat' dir='ltr'><strong>est</strong></span> 
     </span>
    </p>
   </div>
   <div class='ocr_carea' id='block_1_80' title="bbox 2083 3735 3658 3804">
    <p class='ocr_par' dir='ltr' id='par_1_80' title="bbox 2083 3735 3658 3804">
     <span class='ocr_line' id='line_1_80' title="bbox 2083 3735 3658 3804; baseline -0.001 -12"><span class='ocrx_word' id='word_1_562' title='bbox 2083 3741 2244 3803; x_wconf 83' lang='lat' dir='ltr'><strong>ratio,</strong></span> <span class='ocrx_word' id='word_1_563' title='bbox 2278 3737 2331 3792; x_wconf 92' lang='lat' dir='ltr'><strong>id</strong></span> <span class='ocrx_word' id='word_1_564' title='bbox 2361 3746 2464 3801; x_wconf 85' lang='lat' dir='ltr'><strong>est,</strong></span> <span class='ocrx_word' id='word_1_565' title='bbox 2493 3751 2684 3800; x_wconf 77' lang='lat' dir='ltr'><strong>causa,</strong></span> <span class='ocrx_word' id='word_1_566' title='bbox 2718 3743 2778 3788; x_wconf 89' lang='lat' dir='ltr'><strong>ut</strong></span> <span class='ocrx_word' id='word_1_567' title='bbox 2815 3735 3036 3804; x_wconf 89' lang='lat' dir='ltr'><strong>quidem</strong></span> <span class='ocrx_word' id='word_1_568' title='bbox 3082 3749 3202 3790; x_wconf 89' lang='lat' dir='ltr'><strong>mea</strong></span> <span class='ocrx_word' id='word_1_569' title='bbox 3234 3745 3318 3791; x_wconf 89' lang='lat' dir='ltr'><strong>est</strong></span> <span class='ocrx_word' id='word_1_570' title='bbox 3359 3737 3520 3803; x_wconf 91' lang='lat' dir='ltr'><strong>ratio,</strong></span> <span class='ocrx_word' id='word_1_571' title='bbox 3555 3739 3658 3791; x_wconf 88' lang='lat' dir='ltr'><strong>hoc</strong></span> 
     </span>
    </p>
   </div>
   <div class='ocr_carea' id='block_1_81' title="bbox 2083 3824 3659 3899">
    <p class='ocr_par' dir='ltr' id='par_1_81' title="bbox 2083 3824 3659 3899">
     <span class='ocr_line' id='line_1_81' title="bbox 2083 3824 3659 3899; baseline -0.001 -14"><span class='ocrx_word' id='word_1_572' title='bbox 2083 3839 2186 3894; x_wconf 87' lang='lat' dir='ltr'><strong>est,</strong></span> <span class='ocrx_word' id='word_1_573' title='bbox 2235 3838 2296 3884; x_wconf 89' lang='lat' dir='ltr'><strong>ut</strong></span> <span class='ocrx_word' id='word_1_574' title='bbox 2336 3832 2452 3899; x_wconf 87' lang='lat' dir='ltr'><strong>ipse</strong></span> <span class='ocrx_word' id='word_1_575' title='bbox 2485 3841 2778 3898; x_wconf 88' lang='lat' dir='ltr'><strong>cognosco.</strong></span> <span class='ocrx_word' id='word_1_576' title='bbox 2813 3824 2939 3880; x_wconf 65' lang='lat' dir='ltr'><strong>Haec</strong></span> <span class='ocrx_word' id='word_1_577' title='bbox 2979 3837 3162 3880; x_wconf 88' lang='lat' dir='ltr'><strong>autem</strong></span> <span class='ocrx_word' id='word_1_578' title='bbox 3213 3828 3382 3896; x_wconf 85' lang='lat' dir='ltr'><strong>ﬁgura</strong></span> <span class='ocrx_word' id='word_1_579' title='bbox 3414 3842 3442 3881; x_wconf 87' lang='lat' dir='ltr'><strong>a</strong></span> <span class='ocrx_word' id='word_1_580' title='bbox 3479 3829 3659 3884; x_wconf 86' lang='lat' dir='ltr'><strong>rheto-</strong></span> 
     </span>
    </p>
   </div>
   <div class='ocr_carea' id='block_1_82' title="bbox 2083 3917 3659 3988">
    <p class='ocr_par' dir='ltr' id='par_1_82' title="bbox 2083 3917 3659 3988">
     <span class='ocr_line' id='line_1_82' title="bbox 2083 3917 3659 3988; baseline -0.005 -10"><span class='ocrx_word' id='word_1_581' title='bbox 2083 3923 2240 3978; x_wconf 88' lang='lat' dir='ltr'><strong>ribus</strong></span> <span class='ocrx_word' id='word_1_582' title='bbox 2282 3921 2598 3976; x_wconf 83' lang='lat' dir='ltr'><strong>extenuatio</strong></span> <span class='ocrx_word' id='word_1_583' title='bbox 2646 3919 2871 3983; x_wconf 90' lang='lat' dir='ltr'><strong>dicitur,</strong></span> <span class='ocrx_word' id='word_1_584' title='bbox 2917 3933 3025 3988; x_wconf 89' lang='lat' dir='ltr'><strong>qua</strong></span> <span class='ocrx_word' id='word_1_585' title='bbox 3080 3917 3407 3986; x_wconf 81' lang='lat' dir='ltr'><strong>cognitiOuis</strong></span> <span class='ocrx_word' id='word_1_586' title='bbox 3455 3933 3520 3972; x_wconf 88' lang='lat' dir='ltr'><strong>ac</strong></span> <span class='ocrx_word' id='word_1_587' title='bbox 3563 3921 3659 3976; x_wconf 88' lang='lat' dir='ltr'><strong>do-</strong></span> 
     </span>
    </p>
   </div>
   <div class='ocr_carea' id='block_1_83' title="bbox 2083 4007 3659 4078">
    <p class='ocr_par' dir='ltr' id='par_1_83' title="bbox 2083 4007 3659 4078">
     <span class='ocr_line' id='line_1_83' title="bbox 2083 4007 3659 4078; baseline -0.003 -10"><span class='ocrx_word' id='word_1_588' title='bbox 2083 4014 2273 4068; x_wconf 72' lang='lat' dir='ltr'><strong>ctrinae</strong></span> <span class='ocrx_word' id='word_1_589' title='bbox 2302 4027 2414 4068; x_wconf 73' lang='lat' dir='ltr'><strong>suae</strong></span> <span class='ocrx_word' id='word_1_590' title='bbox 2458 4011 2778 4068; x_wconf 85' lang='lat' dir='ltr'><strong>tenuitatem</strong></span> <span class='ocrx_word' id='word_1_591' title='bbox 2823 4007 3127 4078; x_wconf 76' lang='lat' dir='ltr'><strong>praetendit,</strong></span> <span class='ocrx_word' id='word_1_592' title='bbox 3165 4017 3419 4078; x_wconf 89' lang='lat' dir='ltr'><strong>tanquam</strong></span> <span class='ocrx_word' id='word_1_593' title='bbox 3451 4009 3659 4066; x_wconf 82' lang='lat' dir='ltr'><strong>scilicet</strong></span> 
     </span>
    </p>
   </div>
   <div class='ocr_carea' id='block_1_84' title="bbox 2085 4100 3658 4182">
    <p class='ocr_par' dir='ltr' id='par_1_84' title="bbox 2085 4100 3658 4182">
     <span class='ocr_line' id='line_1_84' title="bbox 2085 4100 3658 4182; baseline -0.003 -21"><span class='ocrx_word' id='word_1_594' title='bbox 2085 4107 2223 4161; x_wconf 90' lang='lat' dir='ltr'><strong>alius</strong></span> <span class='ocrx_word' id='word_1_595' title='bbox 2253 4105 2524 4176; x_wconf 89' lang='lat' dir='ltr'><strong>quispiam</strong></span> <span class='ocrx_word' id='word_1_596' title='bbox 2557 4103 2790 4158; x_wconf 84' lang='lat' dir='ltr'><strong>fortasse</strong></span> <span class='ocrx_word' id='word_1_597' title='bbox 2817 4100 3195 4182; x_wconf 81' lang='lat' dir='ltr'><strong>sublimiorem</strong></span> <span class='ocrx_word' id='word_1_598' title='bbox 3223 4113 3443 4155; x_wconf 81' lang='lat' dir='ltr'><strong>causam</strong></span> <span class='ocrx_word' id='word_1_599' title='bbox 3473 4100 3658 4156; x_wconf 77' lang='lat' dir='ltr'><strong>animo</strong></span> 
     </span>
    </p>
   </div>
   <div class='ocr_carea' id='block_1_85' title="bbox 2085 4193 3655 4268">
    <p class='ocr_par' dir='ltr' id='par_1_85' title="bbox 2085 4193 3655 4268">
     <span class='ocr_line' id='line_1_85' title="bbox 2085 4193 3655 4268; baseline -0.006 -13"><span class='ocrx_word' id='word_1_600' title='bbox 2085 4199 2374 4268; x_wconf 84' lang='lat' dir='ltr'><strong>concipere</strong></span> <span class='ocrx_word' id='word_1_601' title='bbox 2427 4211 2493 4252; x_wconf 93' lang='lat' dir='ltr'><strong>ac</strong></span> <span class='ocrx_word' id='word_1_602' title='bbox 2538 4196 2778 4265; x_wconf 87' lang='lat' dir='ltr'><strong>proferre</strong></span> <span class='ocrx_word' id='word_1_603' title='bbox 2823 4201 3008 4263; x_wconf 87' lang='lat' dir='ltr'><strong>queat,</strong></span> <span class='ocrx_word' id='word_1_604' title='bbox 3059 4206 3224 4261; x_wconf 92' lang='lat' dir='ltr'><strong>quam</strong></span> <span class='ocrx_word' id='word_1_605' title='bbox 3278 4193 3348 4246; x_wconf 87' lang='lat' dir='ltr'><strong>sit</strong></span> <span class='ocrx_word' id='word_1_606' title='bbox 3393 4206 3456 4247; x_wconf 91' lang='lat' dir='ltr'><strong>ea</strong></span> <span class='ocrx_word' id='word_1_607' title='bbox 3491 4209 3655 4262; x_wconf 86' lang='lat' dir='ltr'><strong>quam</strong></span> 
     </span>
    </p>
   </div>
   <div class='ocr_carea' id='block_1_86' title="bbox 2086 4282 3659 4362">
    <p class='ocr_par' dir='ltr' id='par_1_86' title="bbox 2086 4282 3659 4362">
     <span class='ocr_line' id='line_1_86' title="bbox 2086 4282 3659 4362; baseline -0.004 -17"><span class='ocrx_word' id='word_1_608' title='bbox 2086 4292 2202 4362; x_wconf 91' lang='lat' dir='ltr'><strong>ipse</strong></span> <span class='ocrx_word' id='word_1_609' title='bbox 2237 4290 2513 4360; x_wconf 89' lang='lat' dir='ltr'><strong>produxit.</strong></span> <span class='ocrx_word' id='word_1_610' title='bbox 2553 4288 2695 4356; x_wconf 87' lang='lat' dir='ltr'><strong>Ergo</strong></span> <span class='ocrx_word' id='word_1_611' title='bbox 2739 4286 2858 4340; x_wconf 65' lang='lat' dir='ltr'><strong>lucc</strong></span> <span class='ocrx_word' id='word_1_612' title='bbox 2889 4284 3108 4354; x_wconf 90' lang='lat' dir='ltr'><strong>quidem</strong></span> <span class='ocrx_word' id='word_1_613' title='bbox 3147 4282 3416 4339; x_wconf 80' lang='lat' dir='ltr'><strong>sacrificia</strong></span> <span class='ocrx_word' id='word_1_614' title='bbox 3448 4283 3520 4338; x_wconf 93' lang='lat' dir='ltr'><strong>ob</strong></span> <span class='ocrx_word' id='word_1_615' title='bbox 3563 4285 3659 4338; x_wconf 91' lang='lat' dir='ltr'><strong>has</strong></span> 
     </span>
    </p>
   </div>
   <div class='ocr_carea' id='block_1_87' title="bbox 2086 4376 3658 4453">
    <p class='ocr_par' dir='ltr' id='par_1_87' title="bbox 2086 4376 3658 4453">
     <span class='ocr_line' id='line_1_87' title="bbox 2086 4376 3658 4453; baseline -0.007 -12"><span class='ocrx_word' id='word_1_616' title='bbox 2086 4387 2326 4441; x_wconf 88' lang='lat' dir='ltr'><strong>rationes</strong></span> <span class='ocrx_word' id='word_1_617' title='bbox 2359 4382 2627 4453; x_wconf 78' lang='lat' dir='ltr'><strong>permissa</strong></span> <span class='ocrx_word' id='word_1_618' title='bbox 2679 4387 2829 4434; x_wconf 90' lang='lat' dir='ltr'><strong>sunt.</strong></span> <span class='ocrx_word' id='word_1_619' title='bbox 2870 4376 2938 4432; x_wconf 86' lang='lat' dir='ltr'><strong>Ut</strong></span> <span class='ocrx_word' id='word_1_620' title='bbox 2983 4385 3161 4432; x_wconf 83' lang='lat' dir='ltr'><strong>autem</strong></span> <span class='ocrx_word' id='word_1_621' title='bbox 3207 4378 3527 4432; x_wconf 89' lang='lat' dir='ltr'><strong>immensam</strong></span> <span class='ocrx_word' id='word_1_622' title='bbox 3575 4378 3658 4430; x_wconf 82' lang='lat' dir='ltr'><strong>di-</strong></span> 
     </span>
    </p>
   </div>
   <div class='ocr_carea' id='block_1_88' title="bbox 2084 4467 3657 4543">
    <p class='ocr_par' dir='ltr' id='par_1_88' title="bbox 2084 4467 3657 4543">
     <span class='ocr_line' id='line_1_88' title="bbox 2084 4467 3657 4543; baseline -0.005 -13"><span class='ocrx_word' id='word_1_623' title='bbox 2084 4479 2224 4530; x_wconf 67' lang='lat' dir='ltr'><strong>vinae</strong></span> <span class='ocrx_word' id='word_1_624' title='bbox 2285 4473 2566 4543; x_wconf 85' lang='lat' dir='ltr'><strong>sapientiae</strong></span> <span class='ocrx_word' id='word_1_625' title='bbox 2616 4469 3047 4540; x_wconf 88' lang='lat' dir='ltr'><strong>profunditatem</strong></span> <span class='ocrx_word' id='word_1_626' title='bbox 3103 4467 3410 4538; x_wconf 88' lang='lat' dir='ltr'><strong>intelligas,</strong></span> <span class='ocrx_word' id='word_1_627' title='bbox 3474 4468 3657 4523; x_wconf 83' lang='lat' dir='ltr'><strong>omnia</strong></span> 
     </span>
    </p>
   </div>
   <div class='ocr_carea' id='block_1_89' title="bbox 404 4554 3658 4640">
    <p class='ocr_par' dir='ltr' id='par_1_89' title="bbox 404 4554 3658 4640">
     <span class='ocr_line' id='line_1_89' title="bbox 404 4554 3658 4640; baseline -0.002 -23"><span class='ocrx_word' id='word_1_628' title='bbox 404 4566 636 4622; x_wconf 76' lang='lat' dir='ltr'><strong>seseque</strong></span> <span class='ocrx_word' id='word_1_629' title='bbox 684 4554 862 4618; x_wconf 70' lang='lat' dir='ltr'><strong>&quot;Obis.</strong></span> <span class='ocrx_word' id='word_1_630' title='bbox 915 4563 973 4608; x_wconf 85' lang='grc' dir='ltr'><strong>υι</strong></span> <span class='ocrx_word' id='word_1_631' title='bbox 1018 4555 1285 4624; x_wconf 68' lang='grc' dir='ltr'><strong>ἱιιιθεναιιι</strong></span> <span class='ocrx_word' id='word_1_632' title='bbox 1336 4558 1622 4611; x_wconf 62' lang='lat' dir='ltr'><strong>Sanitatem</strong></span> <span class='ocrx_word' id='word_1_633' title='bbox 1673 4573 1974 4630; x_wconf 85' lang='lat' dir='ltr'><strong>conseque-</strong></span> <span class='ocrx_word' id='word_1_634' title='bbox 2007 4559 2060 4618; x_wconf 87' lang='lat' dir='ltr'><strong>D</strong></span> <span class='ocrx_word' id='word_1_635' title='bbox 2087 4570 2360 4640; x_wconf 86' lang='lat' dir='ltr'><strong>sapienter</strong></span> <span class='ocrx_word' id='word_1_636' title='bbox 2383 4581 2446 4620; x_wconf 85' lang='lat' dir='ltr'><strong>ac</strong></span> <span class='ocrx_word' id='word_1_637' title='bbox 2466 4579 2630 4634; x_wconf 89' lang='lat' dir='ltr'><strong>supra</strong></span> <span class='ocrx_word' id='word_1_638' title='bbox 2662 4562 2940 4617; x_wconf 89' lang='lat' dir='ltr'><strong>hominum</strong></span> <span class='ocrx_word' id='word_1_639' title='bbox 2981 4558 3359 4629; x_wconf 85' lang='lat' dir='ltr'><strong>cogitationem</strong></span> <span class='ocrx_word' id='word_1_640' title='bbox 3389 4557 3658 4619; x_wconf 86' lang='lat' dir='ltr'><strong>facientis,</strong></span> 
     </span>
    </p>
   </div>
   <div class='ocr_carea' id='block_1_90' title="bbox 405 4647 1978 4717">
    <p class='ocr_par' dir='ltr' id='par_1_90' title="bbox 405 4647 1978 4717">
     <span class='ocr_line' id='line_1_90' title="bbox 405 4647 1978 4717; baseline 0.002 -14"><span class='ocrx_word' id='word_1_641' title='bbox 405 4663 614 4712; x_wconf 85' lang='lat' dir='ltr'><strong>remur.</strong></span> <span class='ocrx_word' id='word_1_642' title='bbox 663 4647 1098 4717; x_wconf 85' lang='lat' dir='ltr'><strong>cognoscendum</strong></span> <span class='ocrx_word' id='word_1_643' title='bbox 1151 4648 1440 4716; x_wconf 73' lang='lat' dir='ltr'><strong>praebere;</strong></span> <span class='ocrx_word' id='word_1_644' title='bbox 1513 4660 1690 4707; x_wconf 87' lang='lat' dir='ltr'><strong>tamen</strong></span> <span class='ocrx_word' id='word_1_645' title='bbox 1740 4653 1978 4706; x_wconf 91' lang='lat' dir='ltr'><strong>subitam</strong></span> 
     </span>
    </p>
   </div>
   <div class='ocr_carea' id='block_1_91' title="bbox 408 4739 1983 4810">
    <p class='ocr_par' dir='ltr' id='par_1_91' title="bbox 408 4739 1983 4810">
     <span class='ocr_line' id='line_1_91' title="bbox 408 4739 1983 4810; baseline 0.001 -16"><span class='ocrx_word' id='word_1_646' title='bbox 408 4741 769 4795; x_wconf 85' lang='lat' dir='ltr'><strong>mutationem</strong></span> <span class='ocrx_word' id='word_1_647' title='bbox 801 4755 944 4810; x_wconf 68' lang='lat' dir='ltr'><strong>aegre</strong></span> <span class='ocrx_word' id='word_1_648' title='bbox 985 4739 1200 4794; x_wconf 87' lang='lat' dir='ltr'><strong>admitti</strong></span> <span class='ocrx_word' id='word_1_649' title='bbox 1249 4755 1602 4809; x_wconf 86' lang='lat' dir='ltr'><strong>cognoscens,</strong></span> <span class='ocrx_word' id='word_1_650' title='bbox 1639 4742 1706 4794; x_wconf 84' lang='lat' dir='ltr'><strong>ad</strong></span> <span class='ocrx_word' id='word_1_651' title='bbox 1749 4742 1983 4796; x_wconf 86' lang='lat' dir='ltr'><strong>inﬁrmi-</strong></span> 
     </span>
    </p>
   </div>
   <div class='ocr_carea' id='block_1_92' title="bbox 406 4831 1982 4903">
    <p class='ocr_par' dir='ltr' id='par_1_92' title="bbox 406 4831 1982 4903">
     <span class='ocr_line' id='line_1_92' title="bbox 406 4831 1982 4903; baseline 0.001 -18"><span class='ocrx_word' id='word_1_652' title='bbox 406 4838 571 4885; x_wconf 83' lang='lat' dir='ltr'><strong>tatem</strong></span> <span class='ocrx_word' id='word_1_653' title='bbox 607 4841 850 4884; x_wconf 89' lang='lat' dir='ltr'><strong>nostram</strong></span> <span class='ocrx_word' id='word_1_654' title='bbox 886 4845 945 4883; x_wconf 90' lang='lat' dir='ltr'><strong>sc</strong></span> <span class='ocrx_word' id='word_1_655' title='bbox 976 4831 1216 4897; x_wconf 88' lang='lat' dir='ltr'><strong>demisit,</strong></span> <span class='ocrx_word' id='word_1_656' title='bbox 1248 4845 1313 4884; x_wconf 91' lang='lat' dir='ltr'><strong>ac</strong></span> <span class='ocrx_word' id='word_1_657' title='bbox 1340 4831 1554 4884; x_wconf 87' lang='lat' dir='ltr'><strong>duobus</strong></span> <span class='ocrx_word' id='word_1_658' title='bbox 1592 4831 1750 4888; x_wconf 88' lang='lat' dir='ltr'><strong>malis</strong></span> <span class='ocrx_word' id='word_1_659' title='bbox 1784 4848 1982 4903; x_wconf 86' lang='lat' dir='ltr'><strong>propo—</strong></span> 
     </span>
    </p>
   </div>
   <div class='ocr_carea' id='block_1_93' title="bbox 406 4921 1979 4992">
    <p class='ocr_par' dir='ltr' id='par_1_93' title="bbox 406 4921 1979 4992">
     <span class='ocr_line' id='line_1_93' title="bbox 406 4921 1979 4992; baseline 0 -15"><span class='ocrx_word' id='word_1_660' title='bbox 406 4923 550 4987; x_wconf 88' lang='lat' dir='ltr'><strong>sitis,</strong></span> <span class='ocrx_word' id='word_1_661' title='bbox 576 4923 748 4976; x_wconf 91' lang='lat' dir='ltr'><strong>altero</strong></span> <span class='ocrx_word' id='word_1_662' title='bbox 769 4922 988 4990; x_wconf 91' lang='lat' dir='ltr'><strong>quidem</strong></span> <span class='ocrx_word' id='word_1_663' title='bbox 1015 4921 1288 4992; x_wconf 90' lang='lat' dir='ltr'><strong>graviore,</strong></span> <span class='ocrx_word' id='word_1_664' title='bbox 1316 4935 1512 4989; x_wconf 86' lang='lat' dir='ltr'><strong>nempe</strong></span> <span class='ocrx_word' id='word_1_665' title='bbox 1533 4921 1625 4976; x_wconf 86' lang='lat' dir='ltr'><strong>Dei</strong></span> <span class='ocrx_word' id='word_1_666' title='bbox 1652 4925 1979 4991; x_wconf 80' lang='lat' dir='ltr'><strong>ignorantia,</strong></span> 
     </span>
    </p>
   </div>
   <div class='ocr_carea' id='block_1_94' title="bbox 407 5002 1976 5078">
    <p class='ocr_par' dir='ltr' id='par_1_94' title="bbox 407 5002 1976 5078">
     <span class='ocr_line' id='line_1_94' title="bbox 407 5002 1976 5078; baseline 0 -10"><span class='ocrx_word' id='word_1_667' title='bbox 407 5014 582 5068; x_wconf 85' lang='lat' dir='ltr'><strong>altero</strong></span> <span class='ocrx_word' id='word_1_668' title='bbox 612 5002 793 5066; x_wconf 69' lang='lat' dir='ltr'><strong>autem</strong></span> <span class='ocrx_word' id='word_1_669' title='bbox 837 5013 1060 5077; x_wconf 90' lang='lat' dir='ltr'><strong>leviore,</strong></span> <span class='ocrx_word' id='word_1_670' title='bbox 1095 5013 1356 5066; x_wconf 89' lang='lat' dir='ltr'><strong>nimirum</strong></span> <span class='ocrx_word' id='word_1_671' title='bbox 1401 5013 1644 5066; x_wconf 86' lang='lat' dir='ltr'><strong>cruentis</strong></span> <span class='ocrx_word' id='word_1_672' title='bbox 1673 5013 1976 5078; x_wconf 88' lang='lat' dir='ltr'><strong>sacriﬁciis,</strong></span> 
     </span>
    </p>
   </div>
   <div class='ocr_carea' id='block_1_95' title="bbox 409 5105 1980 5175">
    <p class='ocr_par' dir='ltr' id='par_1_95' title="bbox 409 5105 1980 5175">
     <span class='ocr_line' id='line_1_95' title="bbox 409 5105 1980 5175; baseline 0 -15"><span class='ocrx_word' id='word_1_673' title='bbox 409 5107 462 5160; x_wconf 87' lang='lat' dir='ltr'><strong>id</strong></span> <span class='ocrx_word' id='word_1_674' title='bbox 495 5107 637 5175; x_wconf 86' lang='lat' dir='ltr'><strong>quod</strong></span> <span class='ocrx_word' id='word_1_675' title='bbox 680 5107 851 5161; x_wconf 90' lang='lat' dir='ltr'><strong>levius</strong></span> <span class='ocrx_word' id='word_1_676' title='bbox 884 5115 1019 5168; x_wconf 88' lang='lat' dir='ltr'><strong>erat,</strong></span> <span class='ocrx_word' id='word_1_677' title='bbox 1066 5105 1167 5158; x_wconf 89' lang='lat' dir='ltr'><strong>hoc</strong></span> <span class='ocrx_word' id='word_1_678' title='bbox 1211 5112 1315 5169; x_wconf 87' lang='lat' dir='ltr'><strong>est,</strong></span> <span class='ocrx_word' id='word_1_679' title='bbox 1349 5105 1643 5170; x_wconf 87' lang='lat' dir='ltr'><strong>sacriﬁcia,</strong></span> <span class='ocrx_word' id='word_1_680' title='bbox 1679 5105 1980 5160; x_wconf 82' lang='lat' dir='ltr'><strong>inﬁrmitati</strong></span> 
     </span>
    </p>
   </div>
   <div class='ocr_carea' id='block_1_96' title="bbox 409 5196 1978 5267">
    <p class='ocr_par' dir='ltr' id='par_1_96' title="bbox 409 5196 1978 5267">
     <span class='ocr_line' id='line_1_96' title="bbox 409 5196 1978 5267; baseline -0.001 -13"><span class='ocrx_word' id='word_1_681' title='bbox 409 5209 609 5254; x_wconf 83' lang='lat' dir='ltr'><strong>nostrae</strong></span> <span class='ocrx_word' id='word_1_682' title='bbox 657 5199 952 5262; x_wconf 87' lang='lat' dir='ltr'><strong>concessit,</strong></span> <span class='ocrx_word' id='word_1_683' title='bbox 988 5207 1064 5261; x_wconf 92' lang='lat' dir='ltr'><strong>ut,</strong></span> <span class='ocrx_word' id='word_1_684' title='bbox 1113 5200 1256 5266; x_wconf 90' lang='lat' dir='ltr'><strong>quod</strong></span> <span class='ocrx_word' id='word_1_685' title='bbox 1306 5196 1484 5266; x_wconf 84' lang='lat' dir='ltr'><strong>majus</strong></span> <span class='ocrx_word' id='word_1_686' title='bbox 1517 5208 1654 5262; x_wconf 88' lang='lat' dir='ltr'><strong>erat,</strong></span> <span class='ocrx_word' id='word_1_687' title='bbox 1689 5199 1978 5267; x_wconf 86' lang='lat' dir='ltr'><strong>acciperet,</strong></span> 
     </span>
    </p>
   </div>
   <div class='ocr_carea' id='block_1_97' title="bbox 412 5287 1982 5360">
    <p class='ocr_par' dir='ltr' id='par_1_97' title="bbox 412 5287 1982 5360">
     <span class='ocr_line' id='line_1_97' title="bbox 412 5287 1982 5360; baseline 0.001 -15"><span class='ocrx_word' id='word_1_688' title='bbox 412 5294 515 5346; x_wconf 83' lang='lat' dir='ltr'><strong>hoc</strong></span> <span class='ocrx_word' id='word_1_689' title='bbox 542 5299 647 5358; x_wconf 87' lang='lat' dir='ltr'><strong>est,</strong></span> <span class='ocrx_word' id='word_1_690' title='bbox 685 5300 744 5345; x_wconf 92' lang='lat' dir='ltr'><strong>ut</strong></span> <span class='ocrx_word' id='word_1_691' title='bbox 772 5292 950 5360; x_wconf 90' lang='lat' dir='ltr'><strong>ipsum</strong></span> <span class='ocrx_word' id='word_1_692' title='bbox 985 5304 1171 5343; x_wconf 87' lang='lat' dir='ltr'><strong>verum</strong></span> <span class='ocrx_word' id='word_1_693' title='bbox 1203 5287 1372 5343; x_wconf 88' lang='lat' dir='ltr'><strong>Deum</strong></span> <span class='ocrx_word' id='word_1_694' title='bbox 1411 5303 1888 5358; x_wconf 87' lang='lat' dir='ltr'><strong>cognosceremus,</strong></span> <span class='ocrx_word' id='word_1_695' title='bbox 1919 5307 1982 5346; x_wconf 88' lang='lat' dir='ltr'><strong>ac</strong></span> 
     </span>
    </p>
   </div>
   <div class='ocr_carea' id='block_1_98' title="bbox 410 5377 1979 5450">
    <p class='ocr_par' dir='ltr' id='par_1_98' title="bbox 410 5377 1979 5450">
     <span class='ocr_line' id='line_1_98' title="bbox 410 5377 1979 5450; baseline -0.002 -15"><span class='ocrx_word' id='word_1_696' title='bbox 410 5391 600 5450; x_wconf 88' lang='lat' dir='ltr'><strong>postea</strong></span> <span class='ocrx_word' id='word_1_697' title='bbox 658 5381 944 5435; x_wconf 91' lang='lat' dir='ltr'><strong>commodo</strong></span> <span class='ocrx_word' id='word_1_698' title='bbox 992 5390 1234 5447; x_wconf 86' lang='lat' dir='ltr'><strong>tempore</strong></span> <span class='ocrx_word' id='word_1_699' title='bbox 1281 5377 1548 5432; x_wconf 88' lang='lat' dir='ltr'><strong>sacriﬁcia</strong></span> <span class='ocrx_word' id='word_1_700' title='bbox 1597 5393 1816 5448; x_wconf 89' lang='lat' dir='ltr'><strong>quoque</strong></span> <span class='ocrx_word' id='word_1_701' title='bbox 1845 5380 1979 5448; x_wconf 81' lang='lat' dir='ltr'><strong>ipsa</strong></span> 
     </span>
    </p>
   </div>
   <div class='ocr_carea' id='block_1_99' title="bbox 414 5471 1975 5544">
    <p class='ocr_par' dir='ltr' id='par_1_99' title="bbox 414 5471 1975 5544">
     <span class='ocr_line' id='line_1_99' title="bbox 414 5471 1975 5544; baseline 0.002 -18"><span class='ocrx_word' id='word_1_702' title='bbox 414 5473 646 5538; x_wconf 91' lang='lat' dir='ltr'><strong>tolleret,</strong></span> <span class='ocrx_word' id='word_1_703' title='bbox 671 5481 834 5541; x_wconf 85' lang='lat' dir='ltr'><strong>atque</strong></span> <span class='ocrx_word' id='word_1_704' title='bbox 866 5472 918 5526; x_wconf 92' lang='lat' dir='ltr'><strong>id</strong></span> <span class='ocrx_word' id='word_1_705' title='bbox 953 5471 1289 5526; x_wconf 86' lang='lat' dir='ltr'><strong>adorationis</strong></span> <span class='ocrx_word' id='word_1_706' title='bbox 1317 5487 1510 5542; x_wconf 87' lang='lat' dir='ltr'><strong>genus,</strong></span> <span class='ocrx_word' id='word_1_707' title='bbox 1537 5473 1758 5544; x_wconf 86' lang='lat' dir='ltr'><strong>quodin</strong></span> <span class='ocrx_word' id='word_1_708' title='bbox 1782 5473 1975 5543; x_wconf 84' lang='lat' dir='ltr'><strong>spiritu</strong></span> 
     </span>
    </p>
   </div>
   <div class='ocr_carea' id='block_1_100' title="bbox 411 5564 1980 5630">
    <p class='ocr_par' dir='ltr' id='par_1_100' title="bbox 411 5564 1980 5630">
     <span class='ocr_line' id='line_1_100' title="bbox 411 5564 1980 5630; baseline 0.003 -12"><span class='ocrx_word' id='word_1_709' title='bbox 411 5575 465 5618; x_wconf 91' lang='lat' dir='ltr'><strong>ct</strong></span> <span class='ocrx_word' id='word_1_710' title='bbox 514 5565 740 5620; x_wconf 83' lang='lat' dir='ltr'><strong>veritate</strong></span> <span class='ocrx_word' id='word_1_711' title='bbox 789 5564 1038 5619; x_wconf 87' lang='lat' dir='ltr'><strong>consistit</strong></span> <span class='ocrx_word' id='word_1_712' title='bbox 1075 5565 1146 5630; x_wconf 80' lang='lat'><strong>&quot;,</strong></span> <span class='ocrx_word' id='word_1_713' title='bbox 1194 5565 1577 5619; x_wconf 88' lang='lat' dir='ltr'><strong>introduceret.</strong></span> <span class='ocrx_word' id='word_1_714' title='bbox 1633 5566 1840 5622; x_wconf 80' lang='lat' dir='ltr'><strong>Idcirco</strong></span> <span class='ocrx_word' id='word_1_715' title='bbox 1887 5584 1980 5622; x_wconf 87' lang='lat' dir='ltr'><strong>ue-</strong></span> 
     </span>
    </p>
   </div>
   <div class='ocr_carea' id='block_1_101' title="bbox 411 5658 1977 5728">
    <p class='ocr_par' dir='ltr' id='par_1_101' title="bbox 411 5658 1977 5728">
     <span class='ocr_line' id='line_1_101' title="bbox 411 5658 1977 5728; baseline 0.004 -18"><span class='ocrx_word' id='word_1_716' title='bbox 411 5672 684 5728; x_wconf 89' lang='lat' dir='ltr'><strong>quaquam</strong></span> <span class='ocrx_word' id='word_1_717' title='bbox 722 5658 924 5722; x_wconf 86' lang='lat' dir='ltr'><strong>omnia,</strong></span> <span class='ocrx_word' id='word_1_718' title='bbox 977 5674 1096 5728; x_wconf 76' lang='lat' dir='ltr'><strong>quae</strong></span> <span class='ocrx_word' id='word_1_719' title='bbox 1145 5659 1389 5723; x_wconf 87' lang='lat' dir='ltr'><strong>volebat,</strong></span> <span class='ocrx_word' id='word_1_720' title='bbox 1441 5661 1603 5714; x_wconf 91' lang='lat' dir='ltr'><strong>simul</strong></span> <span class='ocrx_word' id='word_1_721' title='bbox 1657 5662 1977 5728; x_wconf 90' lang='lat' dir='ltr'><strong>constituit,</strong></span> 
     </span>
    </p>
   </div>
   <div class='ocr_carea' id='block_1_102' title="bbox 482 5821 1902 5891">
    <p class='ocr_par' dir='ltr' id='par_1_102' title="bbox 482 5821 1902 5891">
     <span class='ocr_line' id='line_1_102' title="bbox 482 5821 1902 5891; baseline 0.001 -14"><span class='ocrx_word' id='word_1_722' title='bbox 482 5824 528 5855; x_wconf 74' lang='lat'><strong><em>&quot;</em></strong></span> <span class='ocrx_word' id='word_1_723' title='bbox 574 5823 676 5880; x_wconf 88' lang='lat' dir='ltr'><strong>lsa.</strong></span> <span class='ocrx_word' id='word_1_724' title='bbox 722 5838 852 5884; x_wconf 81' lang='lat' dir='ltr'><strong>\‘lll,</strong></span> <span class='ocrx_word' id='word_1_725' title='bbox 886 5821 956 5875; x_wconf 71' lang='lat'><strong>20</strong></span> <span class='ocrx_word' id='word_1_726' title='bbox 999 5837 1109 5878; x_wconf 86' lang='lat' dir='ltr'><strong>sec.</strong></span> <span class='ocrx_word' id='word_1_727' title='bbox 1158 5822 1319 5878; x_wconf 71' lang='lat' dir='ltr'><strong>LXX.</strong></span> <span class='ocrx_word' id='word_1_728' title='bbox 1423 5824 1468 5854; x_wconf 79' lang='grc'><strong><em>⁸³</em></strong></span> <span class='ocrx_word' id='word_1_729' title='bbox 1503 5821 1661 5877; x_wconf 80' lang='lat' dir='ltr'><strong>Joan.</strong></span> <span class='ocrx_word' id='word_1_730' title='bbox 1703 5839 1776 5891; x_wconf 88' lang='lat' dir='ltr'><strong>tv,</strong></span> <span class='ocrx_word' id='word_1_731' title='bbox 1811 5823 1902 5879; x_wconf 59' lang='lat'><strong>24.</strong></span> 
     </span>
    </p>
   </div>
   <div class='ocr_carea' id='block_1_103' title="bbox 733 5915 1523 5978">
    <p class='ocr_par' dir='ltr' id='par_1_103' title="bbox 733 5915 1523 5978">
     <span class='ocr_line' id='line_1_103' title="bbox 733 5915 1523 5978; baseline -0.001 0"><span class='ocrx_word' id='word_1_732' title='bbox 733 5917 1001 5978; x_wconf 75' lang='lat' dir='ltr'><strong>PATROL.</strong></span> <span class='ocrx_word' id='word_1_733' title='bbox 1047 5917 1161 5975; x_wconf 84' lang='lat' dir='ltr'><strong>Gn.</strong></span> <span class='ocrx_word' id='word_1_734' title='bbox 1209 5915 1523 5978; x_wconf 76' lang='lat' dir='ltr'><strong>CXXVII.</strong></span> 
     </span>
    </p>
   </div>
   <div class='ocr_carea' id='block_1_104' title="bbox 2087 4649 3656 4730">
    <p class='ocr_par' dir='ltr' id='par_1_104' title="bbox 2087 4649 3656 4730">
     <span class='ocr_line' id='line_1_104' title="bbox 2087 4649 3656 4730; baseline -0.01 -16"><span class='ocrx_word' id='word_1_735' title='bbox 2087 4671 2250 4730; x_wconf 89' lang='lat' dir='ltr'><strong>atque</strong></span> <span class='ocrx_word' id='word_1_736' title='bbox 2297 4669 2359 4714; x_wconf 93' lang='lat' dir='ltr'><strong>ut</strong></span> <span class='ocrx_word' id='word_1_737' title='bbox 2403 4657 2599 4712; x_wconf 89' lang='lat' dir='ltr'><strong>uberes</strong></span> <span class='ocrx_word' id='word_1_738' title='bbox 2643 4663 2699 4709; x_wconf 91' lang='lat' dir='ltr'><strong>et</strong></span> <span class='ocrx_word' id='word_1_739' title='bbox 2732 4652 3034 4708; x_wconf 87' lang='lat' dir='ltr'><strong>luculentas</strong></span> <span class='ocrx_word' id='word_1_740' title='bbox 3087 4649 3656 4718; x_wconf 83' lang='lat' dir='ltr'><strong>lmpervestigabilium</strong></span> 
     </span>
    </p>
   </div>
   <div class='ocr_carea' id='block_1_105' title="bbox 2087 4739 3658 4822">
    <p class='ocr_par' dir='ltr' id='par_1_105' title="bbox 2087 4739 3658 4822">
     <span class='ocr_line' id='line_1_105' title="bbox 2087 4739 3658 4822; baseline -0.01 -15"><span class='ocrx_word' id='word_1_741' title='bbox 2087 4755 2214 4822; x_wconf 85' lang='lat' dir='ltr'><strong>(hoc</strong></span> <span class='ocrx_word' id='word_1_742' title='bbox 2249 4759 2356 4816; x_wconf 90' lang='lat' dir='ltr'><strong>est,</strong></span> <span class='ocrx_word' id='word_1_743' title='bbox 2390 4765 2512 4820; x_wconf 64' lang='lat' dir='ltr'><strong>quae</strong></span> <span class='ocrx_word' id='word_1_744' title='bbox 2544 4762 2651 4802; x_wconf 91' lang='lat' dir='ltr'><strong>non</strong></span> <span class='ocrx_word' id='word_1_745' title='bbox 2697 4745 2858 4799; x_wconf 90' lang='lat' dir='ltr'><strong>modo</strong></span> <span class='ocrx_word' id='word_1_746' title='bbox 2890 4757 2997 4797; x_wconf 92' lang='lat' dir='ltr'><strong>non</strong></span> <span class='ocrx_word' id='word_1_747' title='bbox 3037 4740 3315 4810; x_wconf 86' lang='lat' dir='ltr'><strong>cognosci,</strong></span> <span class='ocrx_word' id='word_1_748' title='bbox 3346 4739 3441 4795; x_wconf 83' lang='lat' dir='ltr'><strong>sed</strong></span> <span class='ocrx_word' id='word_1_749' title='bbox 3473 4755 3542 4794; x_wconf 89' lang='lat' dir='ltr'><strong>ne</strong></span> <span class='ocrx_word' id='word_1_750' title='bbox 3579 4741 3658 4793; x_wconf 88' lang='lat' dir='ltr'><strong>in-</strong></span> 
     </span>
    </p>
   </div>
   <div class='ocr_carea' id='block_1_106' title="bbox 2088 4831 3659 4914">
    <p class='ocr_par' dir='ltr' id='par_1_106' title="bbox 2088 4831 3659 4914">
     <span class='ocr_line' id='line_1_106' title="bbox 2088 4831 3659 4914; baseline -0.009 -17"><span class='ocrx_word' id='word_1_751' title='bbox 2088 4843 2228 4914; x_wconf 90' lang='lat' dir='ltr'><strong>quiri</strong></span> <span class='ocrx_word' id='word_1_752' title='bbox 2264 4842 2484 4912; x_wconf 89' lang='lat' dir='ltr'><strong>quidem</strong></span> <span class='ocrx_word' id='word_1_753' title='bbox 2528 4845 2777 4908; x_wconf 89' lang='lat' dir='ltr'><strong>possunt,</strong></span> <span class='ocrx_word' id='word_1_754' title='bbox 2809 4835 2983 4904; x_wconf 89' lang='lat' dir='ltr'><strong>ipsius</strong></span> <span class='ocrx_word' id='word_1_755' title='bbox 3009 4831 3342 4901; x_wconf 76' lang='lat' dir='ltr'><strong>iudiciorum</strong></span> <span class='ocrx_word' id='word_1_756' title='bbox 3387 4839 3440 4884; x_wconf 92' lang='lat' dir='ltr'><strong>et</strong></span> <span class='ocrx_word' id='word_1_757' title='bbox 3481 4831 3659 4884; x_wconf 83' lang='lat' dir='ltr'><strong>consi-</strong></span> 
     </span>
    </p>
   </div>
   <div class='ocr_carea' id='block_1_107' title="bbox 2090 4920 3653 4997">
    <p class='ocr_par' dir='ltr' id='par_1_107' title="bbox 2090 4920 3653 4997">
     <span class='ocr_line' id='line_1_107' title="bbox 2090 4920 3653 4997; baseline -0.013 -6"><span class='ocrx_word' id='word_1_758' title='bbox 2090 4939 2285 4990; x_wconf 90' lang='lat' dir='ltr'><strong>liorum</strong></span> <span class='ocrx_word' id='word_1_759' title='bbox 2339 4931 2560 4985; x_wconf 89' lang='lat' dir='ltr'><strong>divitias</strong></span> <span class='ocrx_word' id='word_1_760' title='bbox 2603 4927 2850 4997; x_wconf 89' lang='lat' dir='ltr'><strong>cognitas</strong></span> <span class='ocrx_word' id='word_1_761' title='bbox 2894 4925 3116 4988; x_wconf 88' lang='lat' dir='ltr'><strong>habeas,</strong></span> <span class='ocrx_word' id='word_1_762' title='bbox 3165 4937 3232 4978; x_wconf 89' lang='lat' dir='ltr'><strong>ne</strong></span> <span class='ocrx_word' id='word_1_763' title='bbox 3276 4920 3392 4991; x_wconf 89' lang='lat' dir='ltr'><strong>ipsa</strong></span> <span class='ocrx_word' id='word_1_764' title='bbox 3439 4920 3653 4990; x_wconf 88' lang='lat' dir='ltr'><strong>quidem</strong></span> 
     </span>
    </p>
   </div>
   <div class='ocr_carea' id='block_1_108' title="bbox 2088 5010 3657 5091">
    <p class='ocr_par' dir='ltr' id='par_1_108' title="bbox 2088 5010 3657 5091">
     <span class='ocr_line' id='line_1_108' title="bbox 2088 5010 3657 5091; baseline -0.011 -9"><span class='ocrx_word' id='word_1_765' title='bbox 2088 5024 2356 5084; x_wconf 90' lang='lat' dir='ltr'><strong>sacriﬁcia</strong></span> <span class='ocrx_word' id='word_1_766' title='bbox 2385 5021 2658 5091; x_wconf 87' lang='lat' dir='ltr'><strong>paulisper</strong></span> <span class='ocrx_word' id='word_1_767' title='bbox 2683 5031 2966 5078; x_wconf 87' lang='lat' dir='ltr'><strong>concessa,</strong></span> <span class='ocrx_word' id='word_1_768' title='bbox 2995 5013 3237 5083; x_wconf 83' lang='lat' dir='ltr'><strong>mysterii</strong></span> <span class='ocrx_word' id='word_1_769' title='bbox 3263 5010 3439 5066; x_wconf 89' lang='lat' dir='ltr'><strong>omnis</strong></span> <span class='ocrx_word' id='word_1_770' title='bbox 3465 5026 3657 5080; x_wconf 83' lang='lat' dir='ltr'><strong>exper-</strong></span> 
     </span>
    </p>
   </div>
   <div class='ocr_carea' id='block_1_109' title="bbox 2087 5105 3656 5186">
    <p class='ocr_par' dir='ltr' id='par_1_109' title="bbox 2087 5105 3656 5186">
     <span class='ocr_line' id='line_1_109' title="bbox 2087 5105 3656 5186; baseline -0.013 -12"><span class='ocrx_word' id='word_1_771' title='bbox 2087 5119 2158 5174; x_wconf 90' lang='lat' dir='ltr'><strong>tia</strong></span> <span class='ocrx_word' id='word_1_772' title='bbox 2190 5116 2408 5186; x_wconf 87' lang='lat' dir='ltr'><strong>reliquit</strong></span> <span class='ocrx_word' id='word_1_773' title='bbox 2442 5114 2557 5184; x_wconf 83' lang='lat' dir='ltr'><strong>(Gr.</strong></span> <span class='ocrx_word' id='word_1_774' title='bbox 2603 5110 2814 5179; x_wconf 84' lang='grc' dir='ltr'><strong>άνίερα,</strong></span> <span class='ocrx_word' id='word_1_775' title='bbox 2850 5107 2903 5162; x_wconf 91' lang='lat' dir='ltr'><strong>Id</strong></span> <span class='ocrx_word' id='word_1_776' title='bbox 2937 5117 3040 5170; x_wconf 87' lang='lat' dir='ltr'><strong>cst,</strong></span> <span class='ocrx_word' id='word_1_777' title='bbox 3075 5105 3214 5159; x_wconf 91' lang='lat' dir='ltr'><strong>nihil</strong></span> <span class='ocrx_word' id='word_1_778' title='bbox 3247 5112 3656 5158; x_wconf 90' lang='lat' dir='ltr'><strong>sacrosanctum</strong></span> 
     </span>
    </p>
   </div>
   <div class='ocr_carea' id='block_1_110' title="bbox 2085 5192 3656 5276">
    <p class='ocr_par' dir='ltr' id='par_1_110' title="bbox 2085 5192 3656 5276">
     <span class='ocr_line' id='line_1_110' title="bbox 2085 5192 3656 5276; baseline -0.012 -13"><span class='ocrx_word' id='word_1_779' title='bbox 2085 5217 2139 5263; x_wconf 89' lang='lat' dir='ltr'><strong>et</strong></span> <span class='ocrx_word' id='word_1_780' title='bbox 2175 5204 2459 5276; x_wconf 89' lang='lat' dir='ltr'><strong>spirituale</strong></span> <span class='ocrx_word' id='word_1_781' title='bbox 2499 5211 2660 5271; x_wconf 85' lang='lat' dir='ltr'><strong>atque</strong></span> <span class='ocrx_word' id='word_1_782' title='bbox 2694 5197 3046 5269; x_wconf 89' lang='lat' dir='ltr'><strong>allegoricum</strong></span> <span class='ocrx_word' id='word_1_783' title='bbox 3079 5192 3358 5262; x_wconf 90' lang='lat' dir='ltr'><strong>habentia)</strong></span> <span class='ocrx_word' id='word_1_784' title='bbox 3433 5209 3534 5247; x_wconf 88' lang='lat' dir='ltr'><strong>nee</strong></span> <span class='ocrx_word' id='word_1_785' title='bbox 3575 5192 3656 5244; x_wconf 52' lang='lat' dir='ltr'><strong>in.</strong></span> 
     </span>
    </p>
   </div>
   <div class='ocr_carea' id='block_1_111' title="bbox 2086 5285 3653 5360">
    <p class='ocr_par' dir='ltr' id='par_1_111' title="bbox 2086 5285 3653 5360">
     <span class='ocr_line' id='line_1_111' title="bbox 2086 5285 3653 5360; baseline -0.009 -9"><span class='ocrx_word' id='word_1_786' title='bbox 2086 5297 2260 5360; x_wconf 88' lang='lat' dir='ltr'><strong>utilia,</strong></span> <span class='ocrx_word' id='word_1_787' title='bbox 2292 5294 2344 5347; x_wconf 92' lang='lat' dir='ltr'><strong>id</strong></span> <span class='ocrx_word' id='word_1_788' title='bbox 2371 5303 2477 5360; x_wconf 89' lang='lat' dir='ltr'><strong>est,</strong></span> <span class='ocrx_word' id='word_1_789' title='bbox 2510 5293 2575 5345; x_wconf 90' lang='lat' dir='ltr'><strong>ad</strong></span> <span class='ocrx_word' id='word_1_790' title='bbox 2606 5291 2744 5346; x_wconf 87' lang='lat' dir='ltr'><strong>nihil</strong></span> <span class='ocrx_word' id='word_1_791' title='bbox 2784 5289 3074 5344; x_wconf 86' lang='lat' dir='ltr'><strong>sublimius</strong></span> <span class='ocrx_word' id='word_1_792' title='bbox 3109 5285 3444 5342; x_wconf 86' lang='lat' dir='ltr'><strong>conferentia</strong></span> <span class='ocrx_word' id='word_1_793' title='bbox 3471 5293 3524 5338; x_wconf 84' lang='lat' dir='ltr'><strong>et</strong></span> <span class='ocrx_word' id='word_1_794' title='bbox 3556 5286 3653 5338; x_wconf 92' lang='lat' dir='ltr'><strong>uti-</strong></span> 
     </span>
    </p>
   </div>
   <div class='ocr_carea' id='block_1_112' title="bbox 2090 5377 3658 5452">
    <p class='ocr_par' dir='ltr' id='par_1_112' title="bbox 2090 5377 3658 5452">
     <span class='ocr_line' id='line_1_112' title="bbox 2090 5377 3658 5452; baseline -0.01 -7"><span class='ocrx_word' id='word_1_795' title='bbox 2090 5391 2293 5445; x_wconf 84' lang='lat' dir='ltr'><strong>litatem</strong></span> <span class='ocrx_word' id='word_1_796' title='bbox 2326 5384 2626 5452; x_wconf 78' lang='lat' dir='ltr'><strong>aﬂ‘erentia,</strong></span> <span class='ocrx_word' id='word_1_797' title='bbox 2657 5397 2756 5438; x_wconf 89' lang='lat' dir='ltr'><strong>nec</strong></span> <span class='ocrx_word' id='word_1_798' title='bbox 2783 5383 2838 5436; x_wconf 91' lang='lat' dir='ltr'><strong>in</strong></span> <span class='ocrx_word' id='word_1_799' title='bbox 2869 5381 3014 5435; x_wconf 90' lang='lat' dir='ltr'><strong>nudo</strong></span> <span class='ocrx_word' id='word_1_800' title='bbox 3039 5390 3092 5434; x_wconf 87' lang='lat' dir='ltr'><strong>et</strong></span> <span class='ocrx_word' id='word_1_801' title='bbox 3119 5379 3350 5449; x_wconf 73' lang='lat' dir='ltr'><strong>simplici</strong></span> <span class='ocrx_word' id='word_1_802' title='bbox 3391 5377 3658 5445; x_wconf 82' lang='lat' dir='ltr'><strong>sanguine</strong></span> 
     </span>
    </p>
   </div>
   <div class='ocr_carea' id='block_1_113' title="bbox 2086 5467 3653 5545">
    <p class='ocr_par' dir='ltr' id='par_1_113' title="bbox 2086 5467 3653 5545">
     <span class='ocr_line' id='line_1_113' title="bbox 2086 5467 3653 5545; baseline -0.011 -8"><span class='ocrx_word' id='word_1_803' title='bbox 2086 5482 2282 5537; x_wconf 88' lang='lat' dir='ltr'><strong>deﬁxa.</strong></span> <span class='ocrx_word' id='word_1_804' title='bbox 2312 5477 2502 5532; x_wconf 84' lang='lat' dir='ltr'><strong>Nudus</strong></span> <span class='ocrx_word' id='word_1_805' title='bbox 2526 5486 2705 5532; x_wconf 89' lang='lat' dir='ltr'><strong>autem</strong></span> <span class='ocrx_word' id='word_1_806' title='bbox 2733 5474 2955 5545; x_wconf 89' lang='lat' dir='ltr'><strong>sanguis</strong></span> <span class='ocrx_word' id='word_1_807' title='bbox 2980 5472 3196 5536; x_wconf 87' lang='lat' dir='ltr'><strong>dicitur,</strong></span> <span class='ocrx_word' id='word_1_808' title='bbox 3219 5472 3310 5540; x_wconf 89' lang='lat' dir='ltr'><strong>qui</strong></span> <span class='ocrx_word' id='word_1_809' title='bbox 3337 5467 3653 5537; x_wconf 85' lang='lat' dir='ltr'><strong>simpliciter</strong></span> 
     </span>
    </p>
   </div>
   <div class='ocr_carea' id='block_1_114' title="bbox 2087 5559 3654 5641">
    <p class='ocr_par' dir='ltr' id='par_1_114' title="bbox 2087 5559 3654 5641">
     <span class='ocr_line' id='line_1_114' title="bbox 2087 5559 3654 5641; baseline -0.012 -13"><span class='ocrx_word' id='word_1_810' title='bbox 2087 5583 2140 5628; x_wconf 89' lang='lat' dir='ltr'><strong>et</strong></span> <span class='ocrx_word' id='word_1_811' title='bbox 2173 5573 2326 5641; x_wconf 84' lang='lat' dir='ltr'><strong>juxta</strong></span> <span class='ocrx_word' id='word_1_812' title='bbox 2354 5584 2573 5625; x_wconf 88' lang='lat' dir='ltr'><strong>sensum</strong></span> <span class='ocrx_word' id='word_1_813' title='bbox 2620 5566 2889 5631; x_wconf 86' lang='lat' dir='ltr'><strong>funditur,</strong></span> <span class='ocrx_word' id='word_1_814' title='bbox 2939 5579 3039 5620; x_wconf 89' lang='lat' dir='ltr'><strong>nec</strong></span> <span class='ocrx_word' id='word_1_815' title='bbox 3085 5561 3322 5633; x_wconf 78' lang='lat' dir='ltr'><strong>mySIerii</strong></span> <span class='ocrx_word' id='word_1_816' title='bbox 3361 5559 3654 5628; x_wconf 81' lang='lat' dir='ltr'><strong>quidquam</strong></span> 
     </span>
    </p>
   </div>
   <div class='ocr_carea' id='block_1_115' title="bbox 2089 5652 3658 5722">
    <p class='ocr_par' dir='ltr' id='par_1_115' title="bbox 2089 5652 3658 5722">
     <span class='ocr_line' id='line_1_115' title="bbox 2089 5652 3658 5722; baseline -0.011 -3"><span class='ocrx_word' id='word_1_817' title='bbox 2089 5666 2400 5719; x_wconf 81' lang='lat' dir='ltr'><strong>abstrusum</strong></span> <span class='ocrx_word' id='word_1_818' title='bbox 2431 5676 2495 5716; x_wconf 90' lang='lat' dir='ltr'><strong>ac</strong></span> <span class='ocrx_word' id='word_1_819' title='bbox 2525 5659 2860 5716; x_wconf 89' lang='lat' dir='ltr'><strong>reconditum</strong></span> <span class='ocrx_word' id='word_1_820' title='bbox 2908 5658 3088 5712; x_wconf 87' lang='lat' dir='ltr'><strong>habet.</strong></span> <span class='ocrx_word' id='word_1_821' title='bbox 3131 5652 3284 5722; x_wconf 89' lang='lat' dir='ltr'><strong>Quod</strong></span> <span class='ocrx_word' id='word_1_822' title='bbox 3319 5666 3490 5719; x_wconf 85' lang='lat' dir='ltr'><strong>genus</strong></span> <span class='ocrx_word' id='word_1_823' title='bbox 3530 5664 3658 5712; x_wconf 72' lang='lat' dir='ltr'><strong>sunt</strong></span> 
     </span>
    </p>
   </div>
   <div class='ocr_carea' id='block_1_116' title="bbox 3235 5908 3306 5969">
    <p class='ocr_par' dir='ltr' id='par_1_116' title="bbox 3235 5908 3306 5969">
     <span class='ocr_line' id='line_1_116' title="bbox 3235 5908 3306 5969; baseline 0.042 -3"><span class='ocrx_word' id='word_1_824' title='bbox 3235 5908 3306 5969; x_wconf 70' lang='lat'><strong>43</strong></span> 
     </span>
    </p>
   </div>
  </div>
