4116 6444
426 381 563 444 1355

1849 368 2103 430 ADDEN
2113 368 2232 428 DA.

3561 374 3699 439 1356

425 501 708 577 gentdium
748 496 1035 553 sacriﬁcia.
1085 492 1290 547 llorum
1348 492 1492 545 enim
1550 489 1777 561 sanguis
1823 487 2001 542 nudus
2030 496 2078 545 Α
2107 487 2306 541 sionem
2361 485 2547 543 ductus
2576 500 2675 555 est,
2714 498 2763 545 et
2797 490 2934 545 sicut
2988 507 3154 563 agnus
3214 493 3462 549 innocens
3511 511 3697 549 coram

426 612 634 653 tantum
679 601 819 656 erat,
849 588 1045 659 quippe
1087 586 1178 655 qui
1212 599 1310 639 nec
1351 599 1446 652 per
1493 582 1756 652 Spiritum
1794 578 2003 635 sancti-

426 694 700 751 licaretul‘,
750 696 853 736 nec
902 678 1127 733 alterius
1178 673 1429 729 sacriﬁcii
1480 675 1709 743 figuram
1758 679 2002 742 gereret,

423 784 552 853 quin
582 776 762 850 potius
788 772 964 829 ftedus
986 780 1043 825 et
1066 768 1349 824 satanicus
1378 775 1542 838 atque
1570 763 1808 821 exitialis
1834 770 2001 818 esset.
2034 751 2073 811 1

422 872 578 941 Quod
628 876 809 921 autem
858 860 1139 932 sapientia:
1199 857 1625 927 profunditatem
1676 855 1789 920 ait,
1844 863 2008 923 atque

423 954 942 1031 impervestigabilia
968 950 1173 1021 judicia
1202 946 1319 1012 Dei,
1349 948 1451 1002 hoc
1478 946 1547 1001 ab
1572 944 1832 1014 Apostolo
1856 959 2008 998 surn-

422 1059 564 1128 psit,
595 1052 690 1125 qui
725 1050 789 1105 ad
824 1048 1106 1101 Romanos
1147 1043 1416 1101 scribens.
1456 1041 1539 1094 his
1572 1036 1750 1093 verbis
1792 1036 2005 1090 utitur:

427 1127 472 1207 Ο
522 1143 753 1202 altitudo
798 1138 1107 1193 divitiarum
1159 1134 1435 1206 sapientia:
1479 1140 1527 1185 et
1581 1130 1815 1184 scientia:
1864 1128 1960 1182 Dei
1988 1127 2008 1180 .'

425 1257 585 1313 quam
616 1230 1103 1307 imperscrutabilia
1132 1236 1255 1283 sunt
1289 1224 1499 1296 judicia
1539 1222 1677 1293 ejus,
1706 1228 1755 1276 et
1797 1220 2010 1276 investi-

426 1311 626 1407 gjabiles
658 1330 755 1384 via:
788 1326 903 1396 ejus
933 1324 1014 1376 "l
1050 1323 1115 1376 Et
1161 1320 1213 1373 in
1263 1319 1434 1388 Epist.
1484 1316 1549 1371 ad
1594 1314 1796 1383 Ephcs.
1828 1329 1842 1365 :
1877 1311 2010 1365 dli/ri

427 1406 666 1480 omnium
726 1428 1029 1475 sanctorum
1076 1414 1296 1468 minimo
1343 1410 1473 1463 data
1526 1418 1601 1462 est
1651 1407 1827 1476 gratia
1856 1406 2008 1468 lucc,

426 1521 482 1572 in
534 1514 774 1587 gentibus
833 1508 1197 1579 erangelizare
1254 1498 1751 1572 impervestigabitcs
1797 1499 2011 1552 divitias

426 1609 630 1667 Christi
662 1608 728 1660 ".
772 1603 876 1661 Sed
903 1602 1016 1673 jam
1050 1600 1116 1654 ad
1148 1596 1420 1654 sacriﬁcia
1452 1594 1763 1656 redeamus,
1795 1607 1860 1646 ac
1890 1607 2010 1647 cum

426 1703 706 1771 Theologo
738 1699 1013 1758 dicamus,
1060 1692 1253 1757 Deum,
1311 1704 1436 1744 cum
1493 1688 1608 1742 haec
1655 1686 2012 1756 permisisset,

430 1796 857 1864 haudquaquam
911 1783 1236 1855 infrugifera
1268 1796 1333 1837 ea
1377 1780 1689 1851 reliquisse,
1739 1793 1925 1833 verum
1960 1779 2013 1831 in

429 1890 518 1945 his
567 1884 771 1942 Christi
825 1878 1148 1952 mysterium
1210 1875 1359 1931 velut
1407 1874 1459 1928 in
1508 1875 1684 1944 ﬁgura
1735 1870 2012 1927 defossum

429 1995 594 2056 atque
629 1978 928 2035 immistum
971 1974 1163 2031 fuisse.
1200 1971 1400 2041 Figura
1434 1969 1578 2024 enim
1624 1968 2013 2039 mysteriorum

427 2074 636 2132 Christi
686 2087 718 2127 a
772 2068 1058 2139 Scriptura
1123 2065 1394 2136 appellata
1447 2071 1617 2127 sunt,
1668 2062 2016 2130 victimaeque

427 2169 595 2232 illius,
632 2178 798 2236 quam
847 2173 1100 2233 magnam
1140 2166 1196 2214 et
1240 2155 1666 2212 immaetabilem
1706 2153 2015 2225 Gregorius

430 2268 610 2316 vocat.
640 2257 695 2311 ιιι
727 2270 836 2325 quo
869 2247 1414 2308 animadvertendum
1447 2255 1553 2312 est,
1581 2245 1726 2316 quod
1757 2258 2012 2316 magnam

430 2352 604 2417 dicit,
655 2362 765 2402 non
827 2352 1010 2399 autem
1076 2340 1382 2411 majorem,
1446 2347 1506 2392 ut
1554 2336 2016 2407 comparationem

435 2457 654 2501 omnem
673 2455 798 2496 eum
823 2437 991 2492 altera
1013 2431 1249 2505 quadam
1277 2429 1471 2499 fugiat.
1493 2428 1783 2484 Victimam
1809 2435 2016 2492 autem,

435 2539 582 2609 quod
630 2548 727 2605 pro
762 2529 965 2586 mundo
1009 2540 1147 2583 caesa
1189 2526 1280 2590 sit,
1314 2531 1581 2594 quantum
1625 2522 1692 2576 ad
1736 2521 2015 2578 humilita-

438 2642 547 2683 tem
579 2646 591 2682 :
627 2620 1051 2680 immactabilem
1096 2617 1353 2688 denique,
1391 2626 1656 2685 quantum
1688 2614 1753 2669 ad
1785 2614 2015 2683 primam

436 2734 711 2784 naturam,
756 2716 859 2771 hoc
890 2723 995 2779 εει,
1027 2711 1396 2778 divinitatem,
1427 2724 1549 2780 quae
1577 2723 1679 2763 nec
1716 2721 1879 2778 passa
1910 2718 2015 2771 est,

436 2831 539 2873 nec
569 2811 872 2871 immolata.
920 2804 1103 2862 Prima
1150 2815 1355 2870 autem,
1405 2811 1601 2858 natura
1646 2802 1904 2857 divinitas
1935 2801 2017 2856 di-

437 2906 602 2967 citur,
636 2910 750 2957 tum
803 2907 861 2954 ut
910 2896 1264 2968 principium,
1308 2902 1421 2948 tum
1472 2901 1530 2947 ut
1577 2891 1809 2946 aliarum
1860 2900 2020 2946 natu-

438 3011 625 3054 rarum
660 3006 828 3049 causa
853 3032 867 3055 ,
908 3000 1022 3044 tum
1058 2988 1223 3043 etiam
1260 2995 1541 3057 postremo
1576 2991 1635 3037 ut
1675 2983 2020 3042 humanitate

438 3082 809 3159 prastantior.
868 3079 1005 3135 Cum
1066 3088 1247 3132 autem
1316 3090 1484 3130 unum
1549 3083 1713 3142 atque
1764 3071 2014 3127 eumdem

2108 586 2351 638 tondente
2369 600 2423 637 se
2446 585 2708 639 obmutuit
2732 587 2844 641 :sic
2879 603 2984 642 non
3017 591 3222 659 aperuit
3250 606 3307 644 os
3325 591 3565 645 suum”.
3584 589 3699 646 Nec

2108 691 2242 732 vero
2300 686 2521 748 propter
2567 680 2933 735 innocentiam
2967 683 3143 737 solum
3174 697 3351 753 agnus
3374 683 3698 747 assumitur,

2110 770 2202 824 sed
2237 770 2402 825 etiam
2436 772 2587 838 quia,
2620 773 3080 842 quemadmodum
3129 775 3249 831 ovis
3299 775 3614 831 indumenta
3633 791 3699 831 ea

2108 878 2232 932 quas
2269 878 2335 917 ex
2395 863 2519 916 lana
2560 873 2964 932 contexuntur,
3001 867 3162 923 nobis
3217 868 3533 938 suppeditat
3571 886 3585 923 :
3618 870 3702 924 sic

2109 956 2274 1010 etiam
2305 954 2583 1020 Christus,
2625 966 2824 1013 nostra:
2856 959 3047 1015 salutis
3064 975 3229 1015 causa
3262 970 3559 1023 mactatus,
3611 962 3700 1015 in-

2111 1048 2433 1103 dumentum
2460 1047 2626 1104 nobis
2659 1049 2918 1114 efficitur,
2953 1062 3006 1106 et
3037 1053 3258 1121 quidem
3296 1053 3369 1107 ita
3402 1053 3620 1117 efﬁcax,
3641 1063 3701 1106 ιιι

2114 1140 2582 1198 immortalitatem
2615 1142 2827 1209 afferat,
2853 1159 3047 1215 nempe
3067 1161 3165 1215 per
3185 1146 3541 1216 baptismum.
3563 1144 3698 1199 lllnd

2113 1244 2295 1289 autem
2364 1235 2793 1307 incorruptionis
2847 1237 3252 1302 indumentum,
3316 1254 3380 1292 cx
3416 1238 3703 1293 Octabibln

2113 1326 2451 1382 Clementina
2493 1340 2774 1399 sumptum
2835 1339 2941 1397 est,
2989 1331 3079 1385 ubi
3137 1330 3253 1384 hare
3311 1331 3473 1385 verba
3523 1341 3694 1386 sunt:

2118 1418 2188 1474 Ut
2232 1420 2423 1490 dignos
2445 1434 2542 1475 eos
2569 1420 2765 1476 habeat
2801 1421 3020 1477 lavacro
3048 1422 3508 1493 regenerationis,
3553 1424 3696 1491 quod
3750 1477 3754 1481 ,

2116 1514 2547 1583 incorruptionis
2584 1513 2964 1570 indumentum
3006 1525 3113 1571 est.
3145 1515 3441 1570 Enimvero
3463 1530 3545 1584 per
3561 1514 3701 1570 lecta

2117 1606 2258 1671 ovis,
2289 1606 2435 1675 quod
2469 1606 2537 1662 ad
2569 1607 2770 1661 realem
2800 1623 3023 1663 sensum
3051 1609 3266 1672 attinet,
3314 1622 3377 1662 ea
3440 1616 3547 1669 est.
3583 1623 3705 1675 qua:

2117 1710 2318 1750 annum
2362 1711 2531 1751 unum
2580 1696 2819 1767 explevit
2876 1698 3022 1768 (agni
3052 1697 3325 1767 siquidem
3368 1700 3531 1754 unius
3574 1698 3705 1753 anui

2118 1787 2295 1858 spatio
2318 1788 2370 1842 in
2406 1787 2671 1856 integram
2717 1798 2930 1843 aetatem
2976 1789 3378 1857 adolescunt);
3413 1789 3707 1858 allegorice

2118 1891 2301 1935 autem
2333 1880 2593 1949 quoniam
2625 1879 2879 1937 Christus
2907 1897 3127 1949 quoque
3152 1892 3205 1936 ct
3243 1882 3519 1952 perfectus
3561 1879 3707 1935 Deus

2117 1984 2171 2028 et
2194 1972 2469 2042 perfectus
2483 1972 2649 2027 homo
2672 1980 2779 2029 est.
2811 1971 2944 2027 Nam
2966 1989 3068 2028 nec
3097 1972 3383 2028 divinitate
3404 1972 3705 2041 quidquam

2118 2068 2433 2139 perfectius,
2466 2075 2656 2138 utpote
2696 2082 2727 2123 a
2773 2084 2879 2138 qua
2934 2068 3199 2138 perfectio
3244 2069 3312 2124 ad
3372 2068 3476 2123 alia
3519 2069 3704 2124 omnia

2119 2167 2438 2233 promanet:
2475 2161 2777 2216 divinitatis
2813 2176 2979 2231 porro
3008 2160 3162 2231 signa
3195 2161 3381 2216 omnia
3412 2162 3466 2216 in
3483 2160 3709 2219 Christo

2118 2251 2431 2309 elucebant.
2472 2252 2614 2319 Quin
2652 2252 2816 2307 etiam
2877 2253 3216 2320 humanitas,
3249 2254 3533 2310 divinitate
3586 2268 3711 2323 per-

2120 2352 2305 2410 uncta,
2337 2345 2389 2400 id
2431 2344 2572 2400 facta
2608 2354 2712 2411 est,
2757 2346 2903 2414 quod
2944 2360 3006 2400 ea
3034 2360 3183 2415 pars,
3223 2361 3251 2398 a
3277 2362 3386 2415 qua
3440 2357 3705 2415 peruncta

2118 2447 2221 2505 est,
2256 2438 2360 2493 hoc
2389 2448 2493 2504 est,
2527 2436 2837 2493 divinitatis
2870 2436 3044 2500 socia,
3078 2454 3192 2492 non
3229 2436 3450 2508 quidem
3485 2445 3707 2501 natura,

2120 2528 2212 2583 sed
2279 2526 2586 2583 divinitatis
2648 2527 3067 2594 consecutione,
3121 2526 3585 2596 quemadmodum
3654 2534 3715 2580 et

2119 2619 2326 2674 ferrum
2361 2616 2589 2688 ignitum
2618 2615 2760 2687 ignis
2789 2615 2989 2672 dicitur
3017 2631 3125 2669 non
3150 2624 3364 2679 natura,
3385 2614 3477 2669 sed
3496 2610 3714 2667 inflam-

2121 2712 2384 2767 matione.
2422 2708 2613 2780 Neque
2650 2709 2795 2765 enim
2838 2723 2867 2763 a
2906 2708 3125 2779 propria
3174 2715 3370 2762 natura
3429 2705 3706 2776 migravit.

2122 2804 2334 2857 Rursus
2364 2802 2528 2857 etiam
2548 2801 2640 2872 pio
2676 2816 2839 2856 sensu
2873 2800 3155 2856 Dominica
3181 2814 3310 2856 caro
3343 2797 3486 2853 Deus
3506 2797 3709 2853 dicitur

2123 2905 2346 2965 propter
2377 2909 2649 2950 summam
2683 2892 2964 2947 unionem.
2998 2890 3141 2958 Quin
3192 2890 3262 2945 ob
3307 2890 3448 2944 haue
3486 2904 3709 2960 quoque

2121 3002 2346 3043 causam
2379 2984 2651 3056 perfectus
2690 2992 2775 3039 est
2795 2982 3067 3049 Christus,
3096 2981 3224 3051 quia
3255 2980 3403 3035 nulla
3427 2979 3483 3034 in
3509 2996 3573 3034 eo
3593 2979 3716 3048 jus-

2123 3080 2253 3134 titisc
2269 3093 2395 3147 pars
2411 3076 2772 3132 desideratur.
2788 3074 2863 3130 lta
2883 3090 3119 3145 namque
3135 3076 3200 3131 de
3236 3075 3418 3143 seipso
3434 3073 3677 3142 loquitur
3689 3085 3709 3124 :

438 3178 721 3238 Christum
783 3182 1077 3229 mactatum
1144 3169 1306 3225 simul
1366 3176 1531 3235 atque
1595 3164 2015 3220 immactabilem

2125 3168 2212 3226 Sic
2234 3170 2373 3224 enim
2404 3169 2549 3222 decet
2578 3184 2672 3222 nos
2695 3168 2912 3235 implere
2937 3184 3141 3222 omnem
3168 3168 3488 3236 justitiam‘.
3521 3165 3659 3218 Tum
3691 3182 3708 3220 :

442 3274 692 3337 dixisset,
723 3270 887 3339 idque
927 3262 1204 3335 aenigmati
1246 3261 1464 3317 cuidam
1509 3258 1686 3314 simile
1726 3273 1848 3314 esse
1893 3271 2023 3312 sen-

441 3372 592 3432 tiret,
625 3361 911 3430 subjunxit
940 3377 954 3413 :
981 3355 1054 3412 Ut
1082 3358 1160 3411 ita
1202 3355 1416 3424 loquar,
1461 3353 1545 3408 his
1574 3350 1756 3407 verbis
1792 3349 2023 3414 scilicet,

438 3461 584 3532 quod
614 3456 809 3515 durius
841 3462 1007 3523 atque
1036 3449 1304 3505 audacius
1336 3447 1540 3502 dictum
1586 3444 1753 3500 videri
1787 3452 2024 3516 poterat,

432 3549 752 3609 emolliens.
805 3548 884 3601 Ac
938 3541 1095 3609 mihi,
1141 3554 1349 3611 quaeso,
1404 3540 1807 3607 incomparatas
1862 3536 2026 3591 hasce

441 3639 887 3712 comparationes
933 3633 1197 3705 expende.
1246 3631 1490 3686 Primum
1545 3630 1815 3685 victimam
1866 3626 2025 3682 Chri-

444 3746 591 3793 stum
616 3730 941 3792 nominavit,
967 3741 1075 3782 non
1104 3725 1389 3795 majorem,
1416 3737 1514 3794 per;
1535 3719 2023 3792 comparationem,

441 3829 538 3883 sed
587 3837 844 3895 magnam
906 3818 1247 3889 simpliciter,
1303 3814 1502 3870 deinde
1555 3812 1979 3867 irnmactabilcm
2009 3850 2024 3874 ,

445 3928 642 3990 postea
692 3914 860 3969 totius
900 3910 1051 3966 orbis
1098 3919 1366 3963 terrarum
1413 3905 1801 3974 sempiternam
1838 3902 2027 3972 expia.

446 4013 659 4073 tricem,
707 4020 818 4063 non
851 4012 1031 4059 autem
1066 4016 1245 4072 parva:
1290 3997 1579 4069 cujusdam
1626 3995 1818 4065 partis,
1852 4010 2030 4064 neque

446 4104 514 4159 ad
557 4113 770 4157 eertum
818 4112 881 4152 ac
922 4096 1084 4149 breve
1129 4091 1349 4163 aliquod
1398 4104 1632 4159 tempus,
1667 4086 2029 4158 quemadmo-

444 4199 575 4253 dum
612 4192 803 4263 legalia
851 4189 938 4243 illa
995 4185 1286 4247 sacrificia,
1338 4198 1459 4252 qua:
1505 4182 1683 4238 solam
1714 4180 2028 4235 Judzeorum

446 4287 750 4356 regionem,
801 4282 902 4334 hoc
951 4287 1057 4342 est,
1105 4276 1457 4345 perexiguam
1506 4273 1657 4328 orbis
1704 4271 2028 4340 particulam

446 4375 791 4437 lustrabant,
839 4381 1006 4439 atque
1051 4367 1121 4420 ad
1166 4366 1331 4421 breve
1375 4364 1646 4433 quoddam
1700 4372 1934 4431 tempus,
1980 4369 2034 4414 et

450 4467 619 4525 certis
661 4464 879 4535 ﬂagitiis
920 4459 1209 4530 expiandis
1248 4459 1501 4514 instituta
1542 4464 1721 4516 erant.
1768 4454 2033 4522 Deinceps

2127 3260 2235 3327 Sit,
2259 3259 2733 3331 inquit,mascttlas
2758 3274 2924 3326 agnus
2949 3274 2970 3323 ;
2995 3274 3112 3314 mas
3133 3259 3331 3313 etenim
3367 3256 3566 3317 femina
3589 3270 3713 3324 per-

2129 3354 2343 3416 fectior,
2374 3359 2429 3407 et
2451 3349 2761 3421 principatu
2787 3350 3024 3419 dignior.
3057 3348 3149 3404 Sic
3172 3348 3434 3403 nimirum
3459 3346 3714 3401 Christus

2127 3458 2347 3515 quoque
2376 3450 2590 3497 natura:
2624 3456 2718 3496 rex
2744 3451 2849 3506 est,
2885 3451 2947 3496 ut
2978 3457 3095 3497 mas
3126 3440 3362 3503 feminas,
3398 3454 3461 3493 ac
3483 3438 3714 3508 proinde

2130 3535 2306 3592 totius
2366 3534 2625 3590 humanas
2671 3542 2903 3600 naturas,
2968 3534 3125 3603 quasi
3176 3532 3377 3588 nubilis
3429 3530 3710 3600 cujusdam

2128 3626 2323 3698 puellae
2350 3626 2503 3681 solus
2539 3639 2777 3694 sponsus
2807 3631 2912 3690 est,
2944 3624 3036 3693 qui
3067 3624 3267 3679 animis
3288 3623 3491 3678 nostris
3519 3620 3711 3692 cegni-

2130 3717 2295 3774 tionis
2311 3715 2509 3772 divinae
2536 3713 2747 3770 semina
2769 3712 3195 3768 insevitJ’raeter
3213 3712 3310 3767 has
3330 3713 3494 3767 etiam
3520 3725 3715 3767 causas

2131 3811 2270 3866 hanc
2295 3823 2512 3878 quoque
2545 3805 2771 3860 adducit
2808 3804 3125 3874 Gregorius,
3146 3804 3514 3860 curChristus
3540 3819 3716 3873 agnus

2131 3902 2411 3958 masculus
2439 3899 2531 3960 sit,
2559 3897 2821 3951 nimirum
2854 3898 2982 3966 quia
3014 3912 3110 3966 pro
3131 3896 3343 3951 Adamo
3370 3895 3710 3966 potissimum

2130 3992 2350 4047 oblatus
2371 3997 2475 4043 est.
2507 3985 2644 4039 Illud
2676 3996 2856 4040 autem
2898 3986 3244 4057 potissimum
3309 3986 3551 4041 ostendit
3588 4000 3713 4040 eum

2132 4082 2381 4137 mulieris
2413 4076 2633 4154 quoque
2671 4095 2837 4136 causa
2865 4080 3112 4135 oblatum
3146 4078 3340 4145 fuisse,
3372 4078 3474 4133 etsi
3533 4078 3716 4147 potius

2131 4189 2233 4245 pro
2268 4175 2406 4237 viro,
2434 4175 2694 4244 quoniam
2724 4173 2839 4243 ipse
2870 4186 3091 4241 quoque
3123 4170 3343 4240 gravius
3374 4178 3714 4239 peccaverat,

2134 4275 2194 4321 ut
2220 4265 2312 4335 qui
2332 4275 2386 4321 et
2404 4265 2630 4321 ﬁrmiori
2648 4265 2833 4320 animo
2852 4264 3110 4334 praeditus
3133 4270 3299 4327 esset,
3328 4271 3381 4316 et
3400 4261 3715 4316 mandatum

2135 4357 2454 4426 accepisset.
2481 4355 2716 4410 Firmior
2749 4354 2932 4423 itaque
2950 4353 3178 4407 muliere
3202 4351 3480 4404 Adamus:
3508 4348 3719 4402 ﬁrmior

2141 4456 2322 4500 autem
2383 4460 2448 4500 ac
2504 4444 2783 4500 robustior
2812 4445 3021 4498 Adamo
3065 4443 3339 4498 Christus.
3373 4440 3467 4497 Ille
3498 4442 3641 4495 enim
3685 4457 3714 4492 ιι

445 4560 718 4619 cnimaliis
733 4510 1879 4626 zspersioriibusatqueexpiationibusopus
1897 4555 2035 4601 erat.
2070 4510 2113 4565 θ
2143 4544 2368 4607 peccato
2414 4546 2706 4606 superatus
2744 4542 2828 4590 est
2866 4554 2880 4591 :
2916 4534 3171 4590 Christus
3202 4543 3383 4589 autem
3435 4540 3717 4601 peccatum

519 4651 640 4708 Col.
666 4647 771 4704 659
806 4641 1123 4701 C.Proindc
1151 4656 1318 4712 agnus
1351 4638 1582 4709 quidem,
1620 4638 1902 4707 accipitur,
1933 4645 2041 4692 etc.

450 4742 705 4808 Proinde,
740 4738 798 4794 id
831 4745 935 4803 est,
989 4735 1118 4806 quia
1154 4732 1420 4804 legalibus
1479 4728 1771 4785 sacrificiis
1807 4726 2036 4793 Christi,

450 4837 630 4908 magni
677 4830 960 4897 sacriﬁcii,
996 4829 1182 4898 ﬁgurae
1214 4826 1477 4894 inspersa“:
1523 4829 1701 4876 erant.
1759 4819 2037 4888 Scriptum

448 4936 533 4985 est
552 4929 698 4984 enim
726 4929 780 4981 in
814 4922 1038 4979 Exodo:
1063 4918 1304 4986 Accipiat
1324 4914 1675 4984 unusquisque
1699 4926 1892 4982 agnum
1915 4926 2035 4980 per-

451 5022 671 5091 fectum,
694 5015 1015 5079 masculum,
1046 5006 1353 5066 cuniculum
1370 5007 1438 5061 ⁸³.
1460 5004 1807 5072 Quodautem
1835 5004 1911 5056 ait
1930 5003 2030 5056 im-

454 5113 808 5172 maculatum,
834 5108 886 5161 in
915 5106 1100 5160 Exodo
1127 5118 1235 5158 non
1259 5101 1514 5161 habetur,
1545 5096 1638 5153 sed
1693 5111 1758 5149 ex
1793 5094 2034 5148 Levitico

452 5210 730 5272 sumptum
748 5210 852 5255 est.
869 5198 977 5254 'Ubi
998 5196 1286 5266 permultae
1312 5195 1379 5248 de
1398 5189 1797 5245 sacriﬁciorum
1825 5186 2035 5240 ratione

452 5300 602 5367 leges
651 5298 890 5347 exstant.
955 5288 1129 5358 igitur
1181 5287 1276 5346 ad.
1314 5283 1519 5339 Christi
1582 5281 1808 5351 ﬁguram
1864 5292 2038 5346 agnus

455 5389 747 5458 accipitur,
806 5390 1030 5454 propter
1077 5377 1478 5450 shuplicitatem
1535 5385 1589 5430 et
1641 5372 2037 5428 innocentiam.

459 5483 642 5552 Neque
672 5478 842 5540 enim,
881 5475 1046 5529 etiam
1073 5487 1201 5526 cum
1235 5470 1301 5525 ad
1336 5484 1523 5523 necem
1554 5467 1809 5528 trahitur,
1834 5462 2040 5518 vocife-

460 5583 633 5637 ratur,
674 5580 948 5634 nee,eum
1004 5563 1288 5627 tondetur,
1344 5560 1564 5613 clamat.
1612 5556 1820 5612 Eodem
1870 5555 2036 5608 modo

456 5666 729 5730 Christus,
763 5670 824 5717 ut
848 5669 935 5716 est
972 5655 1113 5726 apud
1136 5652 1355 5716 Isaiam,
1383 5660 1635 5720 tanquam
1667 5650 1776 5703 ovis
1796 5647 1870 5700 ad
1897 5648 2037 5700 occi-

2136 4630 2320 4701 fregit,
2349 4638 2403 4685 et
2438 4629 2761 4699 proﬂigavit.
2794 4628 2977 4694 Quare
3015 4642 3121 4681 non
3157 4628 3256 4682 abs
3286 4641 3342 4681 re
3362 4640 3461 4696 pro
3493 4624 3722 4680 robUsto

2137 4723 2419 4777 robustior
2455 4731 2728 4781 mactatus
2757 4730 2858 4775 est.
2881 4719 3019 4787 Quid
3046 4720 3119 4773 ita
3157 4718 3180 4773 ‘i
3205 4718 3487 4789 quoniam,
3519 4716 3719 4786 inquit,

2137 4814 2382 4869 Adaruus
2408 4813 2617 4883 primus
2647 4813 2702 4867 in
2738 4820 3021 4882 peccatum
3055 4811 3271 4865 incidit.
3308 4808 3473 4878 Atqui
3523 4808 3720 4861 mulier

2131 4907 2292 4976 prior
2318 4906 2563 4975 peccavit
2589 4904 2611 4957 i
2639 4902 2732 4958 Est
2758 4903 2975 4972 quidem
3012 4906 3104 4957 ita.
3132 4900 3331 4957 Verum
3356 4902 3481 4970 quia
3511 4908 3722 4953 natura:

2143 4996 2490 5053 imbecillitas
2524 5003 2806 5065 peccatum
2833 4994 3007 5064 ipsius
3044 4993 3217 5048 levius
3241 4991 3519 5056 reddebat,
3544 4998 3720 5043 totum

2139 5092 2349 5144 crimen
2379 5088 2590 5142 Adamo
2632 5086 2970 5156 assignatum
3019 5095 3125 5141 est.
3160 5086 3341 5153 Atque
3401 5084 3516 5137 haec
3542 5082 3718 5150 prima

2141 5192 2227 5238 est
2256 5183 2416 5248 ratio,
2438 5196 2538 5236 cur
2556 5180 2810 5237 Christus
2836 5179 3117 5235 masculus
3147 5179 3381 5233 dicatur.
3403 5176 3585 5229 Altera
3615 5184 3720 5239 est,

2140 5276 2270 5345 quia
2294 5273 2548 5329 Christus
2588 5273 2726 5327 nihil
2756 5273 2810 5326 in
2843 5288 2902 5327 se
2935 5271 3233 5327 femineum
3270 5268 3455 5333 habet,
3482 5268 3586 5321 hoc
3613 5276 3717 5321 est.

2140 5366 2307 5422 molle
2348 5376 2401 5421 et
2433 5366 2671 5422 solutqu
2703 5363 2772 5419 ad
2810 5363 3166 5433 voluptatem,
3218 5376 3283 5417 ac
3328 5376 3395 5416 ne
3449 5360 3723 5414 tantillum

2145 5457 2364 5528 quidem
2400 5458 2464 5513 ad
2508 5458 2763 5513 vitiosum
2795 5455 2966 5510 ullum
3001 5452 3257 5508 affectum
3289 5452 3551 5522 elanguit.
3586 5451 3725 5504 Ter-

2141 5557 2240 5618 tia,
2264 5551 2393 5622 quia
2446 5549 2674 5618 insignis
2712 5559 2797 5603 est
2829 5546 3034 5603 Christi
3075 5548 3354 5616 potentia:
3393 5545 3533 5599 hanc
3577 5544 3723 5597 enim

2144 5644 2458 5698 violentiam
2491 5652 2668 5707 vocat,
2694 5657 2801 5711 qua
2832 5639 3069 5693 adhibita
3103 5650 3295 5708 praeter
3323 5645 3529 5691 natura:
3579 5635 3677 5704 leg:
3698 5650 3725 5690 ε

528 5830 573 5860 ’σί
612 5825 766 5878 lium.
802 5836 877 5887 st,
914 5820 1006 5874 ⁸55.
1041 5819 1083 5852 ⁸⁷
1114 5814 1312 5886 Ephcs.
1350 5830 1431 5880 tn,
1466 5814 1518 5881 ὅ,
1548 5812 1601 5867 9.
1678 5811 1722 5843 ⁹⁸
1763 5808 1929 5863 Exod.
1976 5822 2022 5859 ιιι

2138 5804 2243 5872 ιβ.
2322 5804 2367 5836 9’
2400 5804 2504 5859 lsa.
2539 5816 2657 5867 LIII,
2695 5802 2747 5855 7.
2828 5801 2842 5831 ¹
2887 5797 3086 5855 Matth.
3123 5814 3205 5865 ιιι,
3236 5794 3321 5853 15.
