4116 6454
403 425 539 492 1357

1367 418 1690 480 NICETAS
1733 417 1812 479 IN
1857 417 2084 478 ORAT.
2129 417 2294 478 XLII
2339 419 2398 479 S.
2443 419 2673 480 GREG.

3538 420 3672 482 1358

399 535 731 611 virginitatis
759 534 997 590 claustra
1018 533 1253 604 aperuit,
1279 533 1424 587 virili
1447 549 1744 603 congressu
1773 547 1982 603 nequa-
2011 535 2063 594 Α
2090 533 2155 586 Ει
2177 532 2642 604 quemadmodum
2677 531 2758 587 sol
2783 540 3050 602 quantum
3109 531 3330 602 quidem
3370 531 3435 585 ad
3491 533 3670 588 lumen

397 646 561 703 quam
607 636 870 683 reserata.
913 625 1169 697 Virginea
1218 635 1400 680 autem
1434 634 1488 680 et
1545 635 1791 680 materna
1849 639 1980 679 con-

392 721 576 793 junxit
628 728 854 791 propter
904 719 982 772 rei
1049 717 1395 772 miraculum.
1458 715 1584 772 Hinc
1646 717 1791 770 enim
1847 717 1978 784 duo,

397 830 593 885 nempe
620 811 902 885 virginitas
930 821 976 866 et
1016 818 1226 881 partus,
1271 811 1360 864 hic
1389 820 1812 866 concurrerunt.
1859 808 1978 864 Jam

398 907 682 964 Christum
715 919 932 975 quoque
979 904 1280 959 masculum
1320 903 1486 958 Isaias
1537 904 1807 971 nominat,
1855 919 1980 959 cum

398 1000 472 1054 ait
501 1016 516 1056 :
563 997 630 1051 Et
673 998 870 1052 accessi
897 997 965 1050 ad
993 996 1404 1067 prophetissam,
1437 1003 1485 1050 et
1510 995 1764 1065 concepit,
1795 1007 1843 1051 et
1895 1013 1983 1064 pe-

397 1093 531 1160 perit
562 1091 759 1161 filium,
783 1107 844 1142 ac
867 1091 1177 1159 priusquam
1208 1097 1393 1158 partus
1417 1087 1570 1142 dolor
1601 1088 1820 1143 venisset
1849 1089 1984 1158 e/fu-

398 1189 494 1256 git,
526 1197 573 1240 et
618 1182 912 1238 masculum
950 1181 1215 1249 peperit’.
1253 1179 1607 1250 Prophetissa
1664 1180 1830 1245 enim,
1864 1188 1985 1234 erat

400 1279 651 1348 Deipara,
680 1286 866 1346 ulp0te
895 1276 960 1331 de
983 1291 1043 1330 se
1068 1274 1356 1329 vaticinata
1387 1291 1400 1334 ;
1432 1271 1567 1327 Ecce
1593 1275 1753 1340 enim,
1782 1274 1980 1345 inquit,

399 1373 605 1425 beatam
641 1386 719 1423 me
746 1369 914 1422 dicent
950 1383 1126 1422 omnes
1183 1367 1541 1438 generationes
1565 1366 1604 1419 ³.
1629 1366 1804 1437 Atque
1858 1369 1981 1432 erit,

401 1464 600 1534 inquit,
632 1461 928 1516 anniculus
957 1461 1043 1514 vel
1078 1469 1343 1530 quantum
1394 1460 1459 1513 ad
1503 1471 1742 1528 tempus.
1799 1475 1867 1513 ne
1925 1468 1984 1512 ut

400 1556 754 1628 imperfectus
793 1553 1090 1624 rejici-ator,
1120 1554 1164 1609 si
1189 1553 1436 1607 nomium
1472 1567 1678 1607 annum
1705 1552 1982 1606 vitzetem-

401 1667 502 1716 pus
555 1649 900 1719 expleverit:
943 1646 1022 1700 vel
1074 1647 1199 1715 quia
1267 1646 1700 1700 anniversarium
1757 1643 1983 1699 Pascha:

402 1743 600 1796 festum
657 1739 985 1796 celebraturi
1041 1749 1217 1803 erant,
1275 1738 1329 1792 id
1379 1747 1463 1792 est
1491 1736 1722 1806 singulis
1779 1735 1979 1800 annis,

401 1845 589 1904 utpote
613 1833 752 1887 bona
776 1831 935 1886 nobis
958 1846 1054 1900 per
1106 1830 1418 1900 passionem
1453 1840 1769 1899 comparata
1815 1829 1984 1883 lucri-

403 1928 684 1983 facicntes.
717 1923 1022 1979 Anniculus
1057 1923 1220 1976 etiam
1251 1937 1425 1993 agnus
1473 1921 1542 1976 ob
1600 1937 1721 1976 eam
1760 1937 1984 1977 causam
2022 1907 2062 1962 Β

401 2020 724 2080 assumitur,
753 2015 881 2086 quia
939 2028 1116 2068 novus
1145 2013 1196 2066 in
1234 2027 1378 2067 terra
1414 2023 1496 2066 est
1550 2010 1835 2079 Dominus,
1890 2028 1988 2068 nec

403 2110 690 2165 vetustatis
723 2109 972 2162 humanm
1003 2107 1301 2176 quidquam
1342 2106 1569 2161 habens.
1619 2105 1988 2172 Quamobrem

404 2206 449 2260 si
487 2204 610 2272 quis
643 2199 982 2255 divinitatem
1023 2198 1288 2253 beneiicio
1331 2206 1387 2252 et
1443 2197 1615 2268 gratia
1667 2211 1987 2253 concessam

406 2297 638 2352 Domino
691 2295 819 2352 Jesu
870 2292 1065 2357 fuisse,
1109 2309 1174 2349 ac
1219 2307 1330 2346 non
1371 2305 1555 2346 veram
1584 2306 1708 2347 esse
1771 2291 1988 2356 asserit,

403 2391 492 2444 ille
521 2387 821 2442 masculum
851 2401 1046 2456 agnum
1088 2400 1203 2454 pro
1234 2399 1293 2439 se
1314 2392 1605 2438 mactatum
1636 2398 1748 2438 non
1809 2383 1990 2438 habet.

403 2469 688 2538 Consimili
734 2481 896 2535 modo
919 2481 962 2532 si
999 2478 1122 2548 quis
1153 2477 1290 2533 senii
1322 2491 1388 2532 ac
1422 2477 1709 2532 vetustatis
1743 2478 1991 2532 hamante

402 2576 700 2644 quidquam
735 2573 801 2627 ad
843 2571 1121 2628 Christum
1164 2567 1350 2634 refert,
1387 2568 1476 2623 hic
1506 2568 1818 2623 anniculam
1881 2582 1991 2622 non

407 2669 590 2722 habet.
623 2664 764 2731 Quin
805 2663 968 2719 etiam
995 2662 1292 2716 anniculus
1321 2659 1574 2716 Christus
1592 2659 1855 2714 dicendus
1884 2666 1987 2722 est,

404 2768 466 2814 ut
496 2757 576 2813 sol
602 2755 846 2828 justitia},
885 2756 1040 2825 juxta
1078 2753 1210 2808 illud
1249 2752 1566 2806 Malachiae:
1604 2750 1821 2806 Orietur
1846 2752 1989 2805 vobis

406 2849 710 2905 timentibus
745 2863 932 2901 nomen
995 2862 1166 2900 meum
1189 2844 1526 2915 Soljustitia:
1542 2844 1583 2899 ".
1621 2844 1739 2910 Quo
1768 2844 1888 2898 loco
1911 2843 1990 2898 soi

407 2941 661 2996 Christus
689 2939 909 3004 dicitur,
968 2939 1201 3008 primum
1252 2937 1378 3006 quia
1406 2936 1716 3006 spiritualos
1772 2943 1991 2990 nostros

407 3048 624 3097 sensus,
643 3029 1016 3100 mundumque
1034 3044 1250 3083 omnem
1271 3027 1635 3083 intellectilem
1662 3027 1948 3082 collustrat
1978 3042 1991 3090 ;

410 3123 609 3179 deinde
653 3121 782 3192 quia
815 3135 980 3176 causa
1015 3127 1115 3184 est,
1150 3135 1246 3173 cur
1279 3119 1461 3172 omnia
1493 3121 1622 3183 sint,
1665 3127 1718 3174 et
1746 3117 1990 3188 gignant,

409 3227 465 3270 et
490 3221 760 3278 crescant,
821 3227 884 3268 ac
933 3211 1172 3267 fructum
1227 3208 1528 3280 proferant.
1587 3210 1726 3264 Tum
1775 3207 1902 3280 quia
1937 3219 1992 3264 et

412 3309 702 3378 prasentia
729 3321 829 3362 sua
874 3307 1079 3370 lucem,
1133 3315 1186 3359 et
1228 3304 1478 3360 absentia
1533 3305 1786 3358 tenebras
1814 3302 1990 3357 atl‘ert.

411 3402 609 3454 Adhazc
636 3399 760 3469 quia
785 3408 1028 3466 tempora
1045 3394 1234 3461 efﬁcit,
1263 3395 1366 3450 hoc
1392 3403 1497 3461 est,
1525 3395 1720 3448 anima:
1742 3395 1992 3448 virtutes.

413 3491 550 3545 Tum
579 3491 708 3560 quia
741 3489 809 3543 ad
843 3487 1130 3542 utilitatem
1171 3486 1355 3540 omnia
1402 3486 1700 3554 dispensat,
1738 3498 1846 3538 non
1907 3500 1994 3540 se-

414 3583 593 3638 canda
623 3590 832 3634 tantum
855 3589 909 3633 et
928 3592 1211 3649 prospera,
1239 3592 1428 3631 verum
1457 3576 1618 3630 etiam
1648 3592 1770 3644 quae
1797 3577 1993 3630 acerba

413 3675 685 3736 videntur,
719 3689 824 3726 non
857 3685 1017 3727 secus
1045 3685 1107 3724 ac
1140 3670 1224 3724 sol
1272 3668 1360 3722 hic
1415 3677 1637 3737 aspectu
1693 3668 1990 3734 sensibilis,

414 3784 525 3822 non
543 3765 690 3821 veris
717 3765 978 3818 duntaxat
1001 3771 1054 3817 et
1076 3761 1281 3816 aestatis
1314 3775 1479 3815 causa
1503 3767 1605 3825 est,
1627 3759 1719 3814 sed
1742 3759 1992 3812 autumni

418 3869 474 3915 et
508 3857 727 3912 hiemis.
749 3855 812 3909 Et
841 3851 1301 3925 quemadmodum
1326 3853 1476 3922 prius
1501 3851 1682 3906 lumen
1712 3851 1990 3904 conditum

413 3959 519 4014 est,
551 3946 745 4001 deinde
767 3945 857 3999 illa
880 3943 1105 3999 luminis
1132 3942 1351 4008 domus,
1373 3942 1475 3995 hoc
1507 3939 1740 3995 estsolis
1759 3953 1992 4008 corpus:

412 4054 494 4095 src
527 4039 776 4094 Christus
813 4036 900 4091 lux
934 4035 1024 4090 illa
1059 4048 1208 4100 vera,
1233 4033 1544 4103 secundum
1571 4031 1810 4086 divinam
1837 4045 1992 4086 suam

418 4142 665 4194 naturam
693 4131 844 4201 prius
869 4137 1006 4195 erat,
1042 4127 1344 4183 secundum
1401 4126 1761 4195 posteriorem
1811 4133 1992 4178 autem

416 4223 774 4280 IlthaltIlalIS
820 4230 874 4277 et
917 4221 1098 4276 carnis
1130 4217 1566 4286 assumptionem
1589 4218 1723 4272 solis
1777 4217 1994 4286 corpori

415 4316 723 4387 comparari
753 4322 951 4385 potest.
985 4313 1162 4382 Atque
1193 4311 1262 4364 ob
1297 4323 1392 4364 eas
1417 4323 1611 4363 causas
1635 4309 1716 4363 sol
1740 4309 1994 4364 Christus

417 4410 733 4466 nominatur
769 4405 1042 4475 :justitiae
1073 4414 1277 4468 autem,
1341 4413 1398 4456 ut
1438 4415 1655 4455 onmem
1711 4401 1763 4454 in
1813 4402 1994 4470 scipso

415 4517 526 4559 tam
565 4502 808 4558 divinam
856 4514 1020 4570 quam
1051 4498 1342 4552 humanam
1377 4495 1628 4550 virtutem
1652 4495 1993 4564 complexus.

2023 3261 2064 3318 C

2092 625 2304 689 attinet,
2333 625 2713 681 circumscribi
2744 641 2850 680 non
2884 634 3084 695 potest,
3110 637 3376 696 quantmn
3403 635 3586 680 autem
3605 629 3672 682 ad

2091 718 2280 774 orbem
2359 735 2544 782 suum,
2581 719 3030 788 circumscriptus
3083 728 3164 774 est
3203 735 3217 772 :
3269 719 3350 773 sic
3398 719 3674 783 Christus,

2091 822 2357 882 quantum
2413 812 2481 867 ad
2513 811 2856 867 divinitatem
2891 811 3042 866 nullo
3098 811 3259 866 modo
3297 811 3674 867 circumscribi

2091 918 2297 977 potest,
2361 917 2624 978 quantum
2673 908 2738 961 ad
2780 917 2985 976 partem
3050 907 3344 975 visibilem,
3384 908 3438 963 id
3472 918 3575 972 est,
3607 909 3675 962 ad

2092 1013 2337 1065 carnem,
2371 1000 2827 1070 circumscriptus
2849 1011 2949 1054 est.
2999 1001 3173 1070 Atque
3203 1001 3366 1054 etiam
3422 1000 3676 1056 Christus

2094 1090 2373 1145 benedicta
2401 1107 2602 1146 corona
2634 1092 2989 1163 benignitatis
3030 1101 3138 1157 est,
3162 1093 3318 1162 juxta
3357 1094 3487 1147 illud
3516 1093 3678 1148 Davi-

2092 1182 2274 1238 dicum
2299 1202 2312 1237 :
2341 1183 2626 1238 Benedices
2653 1202 2862 1240 corona:
2894 1187 3022 1239 anni
3056 1186 3389 1255 benignitatis
3426 1195 3530 1238 tua:
3558 1185 3599 1238 ⁸.
3633 1186 3677 1236 Α

2093 1275 2208 1328 εοΙε
2245 1275 2463 1345 quidem
2487 1290 2684 1335 annus.
2716 1276 2784 1331 ab
2821 1291 2968 1331 anno
3022 1284 3204 1330 autem
3239 1291 3436 1331 corona
3497 1286 3678 1330 trans-

2095 1377 2311 1438 sumpta
2334 1377 2414 1422 est
2441 1355 2878 1438 (quadripartitis
2904 1368 3048 1422 enim
3081 1369 3418 1438 temporibus
3438 1369 3677 1421 circulus

2095 1459 2224 1514 anni
2246 1461 2462 1514 cinctus
2493 1460 2598 1528 est)
2621 1476 2651 1514 a
2677 1475 2879 1514 corona
2913 1475 3103 1514 rursus
3120 1460 3402 1530 aequalitas
3432 1480 3444 1513 :
3471 1475 3677 1515 corona

2095 1553 2239 1606 enim
2279 1562 2499 1623 propter
2533 1553 2794 1608 circulum
2841 1553 3068 1622 aequalis
3097 1563 3197 1607 est.
3220 1553 3435 1608 Corona
3496 1555 3680 1624 itaque

2094 1645 2348 1701 Christus
2379 1653 2485 1709 est,
2535 1653 2724 1715 utpote
2769 1645 3108 1700 credentium
3157 1646 3372 1702 animos
3403 1662 3679 1703 exornans

2095 1747 2255 1807 atque
2273 1737 2670 1792 condecorans.
2733 1737 2926 1791 Annus
2945 1747 3125 1792 autem
3148 1737 3521 1808 benignitatis.
3543 1748 3683 1794 tem-

2096 1845 2198 1898 pus
2233 1828 2360 1882 illud
2394 1837 2532 1895 erat,
2565 1844 2676 1898 quo
2700 1829 2955 1884 Christus
2993 1829 3235 1885 bonitate
3269 1840 3470 1895 motus,
3502 1832 3678 1886 Evan-

2094 1922 2294 1993 gelium
2321 1923 2726 1992 promulgabat,
2771 1925 3236 1992 quemadmodum
3293 1925 3361 1979 de
3387 1941 3451 1979 eo
3507 1924 3678 1980 Isaias

2095 2014 2322 2084 inquit:
2380 2013 2766 2084 Evangeliaare
2819 2016 3136 2085 pauperibus
3176 2020 3316 2072 misit
3367 2035 3466 2085 me,
3493 2036 3682 2074 vocare

2093 2123 2292 2161 annum
2321 2106 2537 2161 Domini
2556 2108 2929 2175 acceptabilem
2952 2109 2994 2160 ⁸.
3026 2107 3167 2178 Ergo
3195 2125 3394 2164 corona
3420 2110 3571 2166 ωηηί
3613 2127 3680 2165 cx

2094 2209 2248 2267 parte
2268 2197 2371 2253 sibi
2393 2199 2618 2268 aequalis
2649 2207 2751 2252 est.
2773 2199 2985 2252 Etenim
3001 2199 3046 2254 si
3067 2202 3188 2270 quis
3212 2201 3407 2256 lineam
3427 2219 3457 2256 a
3483 2218 3680 2274 super-

2096 2304 2167 2344 na
2211 2289 2656 2344 circumferentia
2688 2290 2757 2344 ad
2779 2291 3093 2346 inferiorem
3127 2293 3374 2361 duxerit,
3399 2312 3460 2351 ac
3482 2312 3677 2352 rursus

2098 2383 2450 2436 transversim
2468 2381 2608 2436 idem
2633 2381 2844 2447 fecerit,
2864 2384 3091 2452 aequalia
3115 2385 3398 2441 intervalla
3425 2389 3680 2453 reperiet.

2100 2474 2307 2530 Similis
2337 2477 2464 2531 item
2518 2475 2618 2531 sibi
2669 2491 2874 2531 corona
2908 2486 3016 2543 est,
3052 2479 3179 2547 quia
3221 2483 3369 2535 omni
3407 2497 3470 2536 ex
3532 2493 3685 2551 parte

2103 2567 2298 2622 similis
2351 2567 2520 2638 ipsius
2557 2568 2729 2636 figura
2792 2571 3081 2623 cernitur:
3143 2572 3499 2643 uudtquaque
3533 2576 3680 2628 enim

2096 2659 2333 2714 rotunda
2365 2659 2870 2715 cernitur.Proinde
2901 2673 2954 2716 et
3005 2661 3282 2729 Christus,
3315 2674 3582 2733 quantum
3611 2667 3680 2720 ad

2103 2750 2524 2813 humanitatem,
2583 2752 2936 2822 benignitatis
2987 2769 3190 2809 corona
3243 2756 3463 2818 dicitur,
3502 2770 3559 2810 ut
3612 2774 3682 2814 cx

2100 2842 2354 2896 omnibus
2386 2841 2685 2898 virtutibus
2717 2844 3010 2908 conﬂatus,
3061 2861 3159 2900 nec
3191 2846 3359 2900 ullum
3418 2848 3682 2904 bonitatis

2092 2935 2428 3004 justitizeque
2461 2935 2621 2988 finem
2661 2936 2886 3004 habens,
2913 2937 3072 3006 cujus
3094 2937 3321 3008 justitia:
3354 2942 3570 3011 propria
3596 2950 3683 2995 est

2099 3026 2402 3095 aequalitas,
2440 3027 2490 3081 id
2524 3036 2627 3092 est,
2661 3037 2719 3081 nt
2744 3043 2841 3083 nec
2875 3031 3120 3094 excedat,
3149 3046 3248 3085 nec
3274 3031 3516 3088 deficiat.
3541 3032 3678 3087 Nam

2100 3133 2362 3172 excessus
2389 3129 2443 3174 et
2490 3119 2753 3184 defectus,
2782 3136 2887 3175 non
2930 3136 2959 3174 a
2998 3125 3196 3177 virtute
3230 3139 3330 3178 nec
3383 3140 3413 3179 a
3464 3125 3681 3194 justitia

2101 3209 2374 3274 oriuntur,
2407 3211 2498 3265 sed
2519 3226 2546 3264 a
2580 3211 2709 3266 vitio
2740 3221 2792 3266 et
2815 3213 3104 3281 injustitia.
3138 3214 3202 3269 Et
3223 3217 3682 3284 quemadmodum

2099 3306 2180 3360 sol
2223 3305 2536 3374 quantitate
2585 3306 2811 3374 mqualis
2834 3317 2937 3370 est,
2981 3315 3037 3360 ut
3106 3323 3205 3362 nec
3245 3325 3547 3377 augescens
3577 3326 3681 3364 nec

2097 3397 2446 3462 decrescens,
2467 3394 2726 3464 qualitate
2743 3396 2906 3450 etiam
2935 3395 3153 3462 similis,
3178 3406 3237 3452 ut
3254 3399 3347 3468 qui
3379 3413 3479 3454 nec
3499 3400 3683 3470 seipso

2099 3487 2349 3550 calidior,
2371 3503 2471 3542 nec
2504 3487 2750 3558 frigidior
2787 3490 2880 3542 tiat
2913 3504 2928 3541 :
2966 3490 3047 3544 sic
3072 3490 3256 3543 divina
3294 3491 3381 3544 illa
3410 3501 3462 3546 ct
3485 3491 3685 3546 immu-

2099 3579 2280 3634 tabilis
2311 3589 2502 3633 natura
2532 3595 2706 3649 neque
2728 3582 3033 3634 secundum
3073 3583 3458 3652 quantitatem,
3505 3599 3684 3654 neque

2098 3671 2399 3724 secundum
2423 3671 2766 3739 qualitatem,
2788 3685 2963 3740 neque
2990 3673 3288 3726 secundum
3320 3674 3484 3727 ullam
3515 3676 3678 3729 aliam

2097 3769 2281 3814 motus
2314 3761 2552 3830 speciem
2615 3769 2889 3815 movetur.
2932 3759 3171 3814 Proinde
3209 3772 3264 3816 ct
3327 3764 3552 3833 aequalis
3599 3776 3686 3820 est

2096 3852 2376 3916 Christus,
2417 3861 2477 3906 ut
2542 3864 2643 3905 nec
2683 3850 2748 3904 ad
2789 3864 3076 3905 excessum
3140 3850 3441 3915 declinans,
3482 3867 3580 3907 nec
3615 3854 3685 3908 ad

2097 3942 2393 4005 defectum,
2425 3941 2517 3996 sed
2551 3956 2768 3995 omnem
2797 3941 3017 3996 virtutis
3048 3943 3417 4010 aequalitatem
3444 3943 3680 4000 habens:

2097 4045 2152 4090 et
2183 4035 2310 4088 item
2358 4033 2608 4104 asqualis,
2676 4041 2736 4087 ut
2783 4033 2916 4086 nihil
2970 4034 3311 4088 contrarium
3383 4035 3438 4089 in
3495 4035 3678 4104 seipse

2097 4125 2414 4193 ostendens,
2449 4125 2681 4180 autaliis
2706 4139 3026 4194 suggerens,
3059 4140 3247 4180 verum
3277 4125 3477 4181 similia
3499 4129 3684 4182 omnia

2099 4228 2212 4274 tum
2245 4216 2468 4283 faciens,
2517 4227 2630 4271 tum
2679 4216 2906 4271 docens.
2944 4215 3056 4272 Nec
3093 4232 3223 4273 vero
3249 4217 3320 4272 ob
3352 4219 3450 4273 has
3483 4219 3685 4274 dunta-

2101 4320 2193 4366 xat
2223 4324 2420 4364 causas
2457 4308 2541 4364 sol
2568 4304 2824 4363 Christus
2849 4306 3074 4373 dicitur,
3111 4309 3206 4364 sed
3245 4310 3411 4364 etiam
3455 4320 3514 4365 ut
3572 4312 3685 4365 vir-

2100 4412 2276 4458 tutum
2305 4401 2573 4455 circulum
2602 4402 2952 4470 prOgignens.
2985 4397 3258 4455 Virtutum
3296 4403 3440 4456 cnim
3472 4404 3683 4458 semina

2103 4497 2310 4551 nostris
2365 4494 2563 4548 animis
2620 4494 2784 4550 insita
2815 4493 2980 4558 fovet,
3016 4501 3179 4565 atque
3221 4495 3288 4548 ad
3350 4495 3684 4550 fertilitatem

419 4595 512 4650 Vel
532 4595 658 4664 quia
681 4592 910 4664 justitia:
940 4589 1118 4645 omnis
1150 4587 1476 4643 mortalibus
1501 4595 1586 4641 est
1614 4593 1826 4651 auctor,
1853 4603 1996 4656 quo-
2030 4611 2074 4666 ο
2102 4596 2302 4648 movet,
2337 4602 2444 4640 non
2480 4600 2640 4642 secus
2672 4594 2837 4654 atque
2864 4586 2946 4640 sol
2976 4587 3256 4641 sensibilis
3287 4597 3526 4656 quatuor
3550 4590 3682 4640 anui

415 4688 560 4742 niam
586 4687 652 4741 ad
678 4701 802 4741 eum
831 4683 1176 4739 referendum
1197 4689 1281 4735 est
1308 4679 1569 4748 quidquid
1589 4678 1657 4732 ab
1679 4679 1994 4734 hominibus

416 4789 563 4835 recte
593 4794 657 4833 ac
684 4793 810 4832 cum
843 4775 1000 4830 laude
1031 4774 1254 4846 geritur.
1308 4770 1405 4826 Est
1436 4781 1490 4827 et
1523 4772 1626 4825 alia
1654 4786 1843 4834 causa,
1895 4785 2000 4846 cur

415 4873 668 4928 Christus
691 4871 772 4925 sol
795 4867 1115 4939 appelletur,
1140 4866 1399 4921 nimirum
1430 4873 1487 4919 ut
1517 4874 1818 4932 temporum
1839 4877 1994 4916 crea-

418 4977 526 5029 tor,
561 4960 1024 5034 quemadmodum
1072 4959 1164 5013 hic
1225 4972 1442 5027 quoque
1486 4956 1568 5010 sol
1624 4963 1812 5010 noster
1866 4954 1993 5007 anni

415 5060 636 5114 t-lTector
671 5067 779 5114 est.
826 5057 1006 5124 Atque
1037 5063 1098 5107 ut
1133 5054 1221 5108 hic
1265 5067 1409 5106 anno
1463 5060 1729 5114 vertente,
1753 5049 1818 5102 ad
1851 5049 1989 5102 idem

415 5162 701 5222 punctum,
727 5164 758 5203 a
818 5163 928 5218 quo
966 5160 1188 5200 cursum
1207 5145 1520 5212 auspicatus
1540 5139 1736 5202 fuerat,
1762 5138 1994 5193 revolvi-

420 5243 762 5298 turzeodem
809 5239 970 5294 modo
1015 5237 1270 5291 Christus
1319 5251 1348 5288 a
1397 5235 1580 5289 divina
1639 5232 1808 5302 gloria
1854 5233 1990 5284 citra

416 5336 785 5406 egressionem
843 5346 1119 5403 egressus,
1174 5327 1603 5397 dispensationis
1656 5340 1771 5380 suae
1822 5339 1990 5378 cursu

418 5437 662 5500 peracto,
683 5441 876 5480 rursus
901 5424 966 5477 ad
994 5423 1232 5490 seipsum
1263 5433 1515 5474 reversus
1545 5425 1650 5483 est,
1686 5417 1789 5469 hoc
1810 5427 1894 5469 est
1927 5415 1994 5468 ad

421 5521 706 5590 pristinam
732 5521 957 5586 gloriam
984 5525 1036 5570 et
1056 5514 1372 5584 potentiam.
1402 5509 1538 5564 Hinc
1556 5510 1718 5579 igitur
1742 5508 1996 5562 Christus

424 5611 704 5682 profectus
746 5619 848 5675 cst,
873 5620 1036 5676 atque
1065 5608 1171 5662 huc
1203 5605 1374 5667 venit,
1407 5604 1511 5658 hoc
1535 5611 1618 5657 est
1645 5616 1711 5655 ex
1756 5600 1917 5673 Patre
1946 5607 2001 5653 et

427 5706 588 5772 :dzlo,
615 5720 724 5776 quo
743 5703 991 5760 confecto
1008 5701 1202 5757 salutis
1220 5709 1420 5755 nostra‘
1452 5699 1686 5766 negotio,
1711 5708 1768 5748 se
1786 5694 1998 5761 recipit.

971 5859 991 5892 ⁸
1028 5857 1162 5916 Luc.
1219 5858 1376 5925 1,48.
1451 5858 1472 5889 δ
1498 5855 1726 5912 Malach.
1759 5871 1832 5922 tv,
1858 5856 1911 5908 ‘2.

495 5867 515 5896 ²
551 5868 657 5920 lsa.
689 5879 813 5931 vui,
840 5863 892 5916 '5.

2027 5849 2226 5906 l’Psal.
2287 5865 2436 5918 cxiv,
2495 5851 2575 5902 l2.

2101 4677 2439 4748 temporibus
2471 4676 2616 4732 vires
2643 4677 2908 4745 quasdam
2941 4676 3153 4740 inserit,
3193 4690 3291 4744 per
3317 4691 3454 4745 quas
3472 4676 3686 4732 fructus

2103 4781 2262 4824 terra:
2318 4776 2716 4832 maturescunt,
2775 4781 2840 4819 ac
2880 4766 3260 4833 perficiuntur.
3317 4767 3456 4824 lllud
3497 4781 3683 4826 autem
3771 4811 3777 4816 .

2103 4859 2426 4920 notandum,
2462 4857 2606 4924 quod
2635 4854 2932 4922 Gregorius
2959 4869 3068 4908 non
3101 4856 3241 4910 dixit
3262 4856 3431 4913 Deum
3451 4861 3686 4914 virtutes

2104 4965 2310 5015 creare,
2332 4949 2422 5003 sed
2443 4947 2754 5014 ζωογονεῖν,
2783 4945 2834 4998 id
2866 4953 2970 5011 est,
3003 4947 3350 5016 progignere,
3389 4950 3471 5004 vel
3503 4952 3630 5018 pati.
3657 4968 3684 5006 s

2103 5046 2169 5100 ad
2205 5043 2364 5096 vitam
2399 5041 2723 5109 producere,
2755 5047 2814 5091 ιιι
2850 5038 3218 5108 intelligamus
3271 5043 3526 5096 virtutem
3563 5047 3685 5113 qui-

2101 5138 2224 5192 dem
2265 5144 2458 5190 natura
2495 5131 2654 5187 nobis
2712 5131 2914 5194 inesse,
2943 5148 3130 5186 verum
3163 5150 3258 5204 per
3322 5137 3498 5204 ipsius
3525 5154 3684 5207 opem

2103 5239 2266 5299 atque
2295 5227 2558 5280 auxilium
2596 5226 2871 5296 progigni,
2909 5225 3014 5280 hoc
3034 5232 3138 5288 est,
3192 5225 3458 5296 impetum
3493 5245 3685 5298 quem-

2101 5323 2225 5374 dam
2264 5329 2318 5374 et
2352 5326 2559 5372 motum
2586 5319 2858 5388 accipere,
2917 5333 2982 5372 ac
3014 5319 3234 5374 tandem
3276 5319 3487 5388 perfici.
3515 5321 3686 5390 quue

2103 5429 2235 5468 sane
2269 5413 2480 5467 merito.
2541 5410 2675 5464 Nam
2744 5412 2790 5466 si
2823 5412 2976 5466 calor
3037 5411 3162 5466 vitae
3213 5427 3379 5467 causa
3413 5421 3516 5477 est,
3557 5429 3684 5467 cum

2103 5506 2356 5561 Christus
2380 5505 2462 5559 sol
2493 5504 2822 5569 nominetur,
2856 5505 2998 5559 idem
3026 5503 3266 5573 profecto
3286 5504 3514 5560 virtutes
3527 5505 3685 5561 nobis

2107 5597 2303 5653 insitas
2329 5597 2656 5652 calefaciens
2676 5608 2730 5651 et
2751 5595 3068 5661 confovens,
3093 5597 3243 5651 vivas
3272 5598 3504 5667 denique
3521 5609 3684 5667 atque

2110 5690 2398 5762 agitabiles
2454 5689 2651 5745 reddit.
2695 5688 2876 5756 Atque
2909 5697 2969 5742 ut
3012 5687 3143 5742 anni
3195 5696 3442 5757 tempora
3493 5689 3681 5745 lenith

2656 5850 2676 5880 °
2720 5848 2822 5904 lsa.
2857 5847 3019 5914 in,1
3058 5865 3072 5912 ;
3116 5847 3245 5902 Luc.
3300 5863 3371 5909 iv,
3436 5849 3518 5902 t8.
