4116 6476
467 423 604 486 15‘)

1887 413 2268 474 ADDENDA.

3592 414 3731 477 1310

463 536 607 590 inter
636 546 696 588 se
719 531 1165 588 commisccntur.
1205 525 1393 596 Neque
1429 524 1577 583 enim
1620 523 1804 580 subito
1829 522 1898 577 ab
1934 537 2043 576 uno
2072 525 2124 587 Α
2146 520 2359 577 culatus
2388 538 2560 593 agnus
2591 535 2695 589 cst,
2727 521 2819 594 qui
2852 521 2997 577 nulla
3024 522 3145 578 labe
3188 520 3428 590 vitiatus,
3461 538 3560 578 nec
3607 540 3733 577 Inn-

463 625 817 683 eontrarioad
837 623 1065 677 alterum
1088 621 1145 674 ﬁt
1165 618 1417 682 mutatio,
1439 632 1629 674 verum
1659 616 1822 687 quasi
1850 630 1947 687 per
1965 615 2045 669 in-

464 720 855 776 terveutioncm
882 726 936 771 et
962 712 1399 770 eonciliationem
1413 711 1707 782 quamdam
1736 705 2044 763 intermedii

462 806 945 881 temporis.Neqnc
966 805 1115 861 enim
1134 803 1315 860 statim
1352 804 1423 859 ab
1461 811 1650 860 aestate
1693 802 1759 860 ad
1809 801 2044 856 hiemem

461 904 780 969 transimus,
805 900 901 961 sed
929 915 1023 969 per
1046 898 1290 953 medium
1314 907 1639 954 autumnum
1662 893 1728 948 ad
1753 902 2047 961 utrumque

458 992 955 1054 assuescimus.Sic
990 1005 1092 1047 nec
1121 1005 1150 1045 a
1171 1005 1296 1047 vere
1325 988 1507 1045 Statim
1545 986 1612 1043 ad
1630 994 1954 1041 autumnum
1988 982 2046 1037 ﬁt

460 1089 692 1147 mutatio
703 1088 849 1159 (nam
867 1086 981 1141 haec
995 1098 1212 1154 quoque
1223 1082 1433 1139 interse
1444 1078 1729 1136 dissident.
1749 1075 1882 1134 Illud
1897 1075 2042 1130 enim

462 1196 552 1237 res
569 1193 667 1237 eas
683 1194 804 1249 quae
817 1182 1120 1233 nascuntur
1138 1179 1317 1229 movet
1337 1187 1351 1223 :
1377 1170 1456 1227 sic
1475 1168 1694 1225 easdem
1717 1165 1959 1236 corrupit
1980 1179 2045 1220 ac

463 1272 680 1343 perimit
698 1289 712 1326 :
728 1285 917 1326 verum
950 1278 1112 1323 aestas
1132 1264 1419 1334 interiecta
1441 1278 1503 1316 ea
1527 1262 1671 1317 inter
1688 1276 1746 1317 se
1763 1259 2044 1324 conciliat,

458 1365 678 1434 quippe,
724 1377 844 1431 qua:
872 1369 931 1414 ut
970 1368 1145 1414 motus
1194 1356 1339 1422 ﬁnis,
1386 1356 1459 1409 ita
1498 1353 1870 1422 corruptionis
1915 1352 2047 1406 inte-

461 1459 710 1525 ritusque
764 1451 1087 1523 principium
1113 1458 1216 1507 cst.
1236 1447 1381 1505 Idem
1415 1448 1471 1502 in
1503 1445 1796 1501 virtutibus
1830 1459 2045 1515 quoque

455 1545 891 1601 animadvertere
910 1544 1053 1598 licet:
1076 1556 1201 1598 nam
1224 1542 1307 1596 hae
1324 1539 1519 1594 blande
1538 1553 1603 1593 ac
1622 1536 1813 1595 leniter
1828 1536 1971 1593 inter
1987 1551 2047 1594 se

454 1638 883 1709 coniunguntur.
915 1633 1158 1704 Exempli
1183 1632 1380 1700 gratia,
1411 1630 1727 1689 fortitudini
1759 1629 2045 1685 adversari

456 1731 677 1801 quidem
708 1730 925 1785 videtur
956 1725 1272 1790 clementia,
1333 1733 1389 1781 et
1433 1732 1621 1779 tamen
1654 1722 2047 1794 longanimitas

457 1822 826 1879 interveniens
863 1831 1153 1889 utramque
1184 1832 1306 1873 cum
1341 1816 1511 1873 altera
1545 1814 1852 1886 coniungit.
1897 1814 2045 1868 Lon-

458 1876 753 1983 paiﬁinitas
789 1912 936 1967 enim
971 1876 1288 1965 dilationem
1343 1876 1783 1977 quamdam'ira;
1833 1904 2040 1977 signiﬁ-
2077 1876 2117 1931 Β

449 2018 584 2061 care
616 2002 857 2067 videtur,
909 2014 1211 2071 congruum
1254 1996 1553 2054 inferendae
1606 2012 1783 2069 poenae
1823 2006 2039 2066 tempus

444 2105 804 2168 exspectans.
848 2094 920 2151 At
972 2092 1260 2151 clementia
1295 2091 1575 2163 tranquilli
1610 2091 1783 2147 animi
1832 2098 2039 2147 statum

454 2207 521 2248 ac
549 2189 843 2261 perfectam
874 2187 971 2243 irae
1001 2185 1466 2256 compressionem
1503 2183 1728 2238 indicat.
1766 2186 1942 2254 Atque
1969 2182 2038 2239 ob

438 2296 576 2335 eam
598 2293 829 2336 causam
852 2277 1239 2348 longanimitas
1264 2274 1562 2344 prudentia:
1592 2272 1806 2327 laudem
1841 2272 2033 2326 habet:

456 2380 514 2429 at
543 2373 637 2443 qui
681 2370 1028 2429 clementiam
1054 2367 1327 2429 habuerit,
1356 2374 1414 2419 ut
1440 2364 1747 2419 absolutam
1782 2364 2041 2420 omnibus

457 2462 705 2520 numeris
766 2463 1021 2515 virtutem
1097 2467 1413 2522 assecutus,
1481 2455 1672 2508 beatus
1757 2463 2035 2510 censetur.

454 2555 658 2613 Eadem
688 2563 772 2609 est
813 2552 868 2606 iu
897 2548 1189 2621 prudentia
1220 2548 1377 2607 ratio.
1404 2546 1540 2602 Nam
1591 2556 1646 2601 ει
1693 2545 2033 2616 simplicitas,

453 2644 746 2704 rationalis
784 2642 981 2698 animre
1010 2642 1178 2711 partis
1214 2641 1385 2696 virtus
1417 2649 1522 2705 est,
1575 2649 1632 2695 et
1670 2639 1944 2695 calliditas
1968 2656 2037 2697 ac

448 2737 745 2812 sapientia.
776 2736 870 2792 liae
915 2744 1094 2790 autem
1134 2732 1530 2801 dijudicatricis
1584 2732 1801 2789 virtutis
1861 2733 2035 2789 inter-

445 2838 623 2888 ventu
668 2830 812 2887 inter
845 2844 905 2884 se
958 2827 1286 2898 junguntur.
1342 2826 1497 2892 Quod
1527 2825 1692 2881 etiam
1727 2825 1783 2881 in
1824 2826 2034 2882 caeteris

446 2924 696 2996 reperire
716 2932 820 2981 est.
845 2921 965 2978 Jam
1017 2936 1143 2978 vero
1178 2937 1289 2976 non
1312 2920 1491 2976 solum
1529 2919 1758 2977 virtutes
1788 2921 1934 2977 inter
1973 2937 2035 2979 se

447 3016 886 3087 coniunguntur,
953 3013 1048 3070 sed
1096 3013 1261 3068 etiam
1302 3020 1700 3081 temperantur,
1759 3013 1865 3068 hoc
1919 3022 2030 3077 est,

451 3117 581 3166 tota
603 3108 731 3165 totis
762 3105 1211 3163 commiscentur.
1248 3104 1428 3162 Petest
1459 3106 1605 3161 enim
1636 3106 1854 3170 ﬁeri,ut
1875 3105 2034 3176 quis-

452 3204 598 3272 piam
630 3199 820 3263 simul.
850 3207 906 3254 et
937 3198 1167 3269 simplex
1213 3198 1311 3262 sit,
1336 3204 1391 3253 ct
1420 3196 1673 3265 callidus,
1705 3197 1944 3255 clemens
1978 3207 2034 3255 et
2061 3235 2107 3292 ο

449 3294 790 3352 fortitudinis
857 3291 1072 3361 plenus,
1129 3289 1420 3346 continens
1508 3297 1564 3346 et
1617 3288 2030 3359 cupidissimus.

441 3385 873 3457 Coniunguntur
920 3397 1084 3452 porro
1112 3381 1231 3451 lege
1284 3379 1542 3435 amicitiae
1572 3389 1736 3451 atque
1769 3380 1982 3438 ordinis
2014 3398 2030 3435 :

440 3477 707 3533 amicitia:
736 3474 986 3543 quidem,
1008 3479 1229 3540 propter
1257 3469 1609 3529 concordiam
1639 3486 1654 3537 ;
1691 3471 1899 3528 ordinis
1928 3485 2032 3527 au-

437 3579 586 3633 um,
633 3566 765 3636 quia
793 3565 901 3620 alia
954 3563 1131 3634 prima
1165 3570 1272 3627 est,
1325 3561 1498 3616 altera
1553 3563 1817 3631 secunda,
1871 3572 1924 3619 et
1952 3564 2035 3621 sic

454 3659 745 3728 deinceps.
804 3654 943 3712 Nam
999 3665 1060 3711 ut
1122 3655 1178 3712 in
1226 3655 1357 3711 anni
1406 3656 1741 3726 temporibus
1783 3657 2032 3715 ordinem

452 3752 747 3822 quemdam
780 3748 1092 3821 perspicere
1113 3748 1257 3814 licet,
1299 3747 1381 3804 sic
1411 3748 1573 3805 etiam
1632 3750 1689 3805 in
1715 3750 2031 3809 virtutibus.

442 3842 833 3900 Communiter
856 3841 1002 3897 enim
1047 3840 1287 3897 murales
1316 3840 1677 3910 speculativas
1701 3844 2032 3913 praecedunt.

444 3935 800 4006 Atqueadeo
846 3934 903 3989 in
941 3932 1079 4004 ipsis
1101 3947 1323 4002 quoque
1350 3931 1652 3989 moralibus
1673 3948 2031 4006 permagnum

454 4030 729 4101 quoddam
777 4027 1080 4083 discrimen
1108 4034 1216 4092 est,
1254 4033 1312 4082 et
1353 4025 1585 4097 insignis
1629 4028 1786 4085 ordo.
1846 4025 2035 4083 Timor

452 4121 624 4185 enim,
686 4117 862 4187 magis
888 4125 991 4177 est
1042 4115 1474 4175 rudiiuentarius
1502 4134 1519 4169 :
1543 4117 1785 4173 claritas
1825 4128 2034 4185 autem,

456 4210 770 4283 perfectior.
800 4211 872 4264 At
900 4208 1169 4265 virtutum
1193 4208 1382 4265 urbem
1412 4208 1646 4265 intuere.
1680 4207 1870 4267 Timor
1894 4224 2033 4267 con-

455 4303 744 4357 tinentiam
787 4301 946 4370 parit,
1008 4298 1125 4355 hinc
1182 4298 1524 4369 patientiam,
1562 4301 1822 4370 patientia
1880 4316 2032 4371 spem

455 4393 873 4462 tranquillitatis
914 4402 1171 4457 matrem,
1199 4407 1271 4449 ea
1307 4408 1415 4464 qua
1448 4409 1643 4453 rursus
1687 4395 1852 4452 timor
1906 4410 2035 4465 pro-

454 4497 695 4543 creatur.
727 4484 939 4556 Duplex
958 4491 1045 4540 est
1072 4485 1218 4541 enim
1257 4486 1441 4553 timor,
1493 4486 1633 4544 alter
1662 4488 2031 4556 eieinentaris,

455 4582 549 4652 qui
579 4594 755 4651 pana
783 4587 930 4633 metu
967 4577 1308 4647 exprimitur,
1339 4578 1408 4633 de
1433 4594 1545 4648 quo
1577 4581 1655 4635 ait
1705 4579 1991 4651 Scriptura
2020 4599 2035 4636 :

458 4673 793 4744 Principiam
813 4671 1107 4741 rapientia,
1136 4670 1294 4724 timor
1329 4669 1547 4725 Domini
1563 4671 1582 4703 "
1606 4688 1623 4740 ;
1652 4680 1748 4729 et:
1800 4671 2043 4745 Perfecta

456 4767 693 4821 caerites
724 4765 872 4835 foras
915 4765 1083 4818 mittit
1135 4764 1378 4819 timorem
1405 4764 1450 4819 ⁸.
1471 4764 1625 4821 Alter
1663 4765 2040 4836 perfectrieetn

458 4861 569 4914 vim
594 4858 827 4925 habens,
862 4872 963 4913 nec
988 4857 1176 4913 sitiens
1216 4872 1319 4912 nos
1376 4872 1445 4912 ex
1476 4858 1770 4917 immodica
1822 4860 2041 4918 licentia

459 4950 517 5001 in
546 4955 929 5017 contetiiptuin
966 4946 1101 5003 labi.
1133 4946 1210 5003 De
1237 4962 1349 5018 quo
1395 4947 1480 5004 sic
1524 4948 1769 5018 loquitur
1820 4948 1993 5007 David
2024 4969 2039 5007 :
2074 5008 2075 5011 η

458 5035 647 5091 Timor
680 5036 899 5092 Domini
918 5047 1141 5092 sanctus
1162 5037 1204 5092 ⁸.
1246 5036 1312 5091 Ει
1348 5050 1542 5093 rursus
1573 5055 1589 5094 :
1613 5036 1735 5093 Non
1759 5049 1838 5097 est
1855 5040 2035 5110 inopia

462 5128 767 5183 timentibus
834 5145 952 5183 eum
1004 5128 1069 5182 ⁸⁸.
1094 5129 1237 5195 Quin
1272 5130 1439 5185 etiam
1474 5137 1712 5200 quatuor
1758 5131 2036 5201 generales

465 5220 716 5284 virtutes,
766 5217 1051 5286 fortitudo,
1089 5222 1403 5290 prudentia,
1439 5223 1804 5292 temperantia
1832 5231 1891 5279 et
1941 5223 2035 5291 ju-

461 5313 634 5378 stitia,
658 5312 959 5366 circulares
980 5327 1201 5382 quoque
1231 5313 1339 5369 diei
1362 5315 1577 5384 possint
1604 5332 1618 5370 :
1644 5315 1793 5385 quod
1819 5317 2029 5372 circum

457 5422 554 5463 eas
588 5414 852 5476 perpetuo
884 5420 1039 5460 utens
1088 5406 1407 5476 imperatrix
1443 5417 1717 5475 versetur,
1741 5408 1890 5478 ipsas
1922 5411 2035 5465 cir-

458 5499 707 5554 cumiens
734 5507 789 5551 et
804 5496 1286 5552 circumlustrans.
1307 5499 1481 5567 Atque
1505 5500 1620 5556 haec
1641 5500 1711 5557 ad
1732 5501 1919 5557 annuli
1938 5516 2035 5556 ca-

468 5589 815 5659 plicatiouem
844 5587 990 5643 dicta
1008 5587 1304 5645 sufﬁciant.
1325 5586 1479 5644 hunc
1500 5589 1703 5657 dicam,
1722 5605 1820 5647 cur
1833 5605 2032 5661 agnum

469 5685 881 5739 immaculatum
908 5691 969 5738 et
990 5682 1366 5754 incorruptum
1402 5696 1529 5739 esse
1542 5694 1812 5754 oporteat.
1836 5684 2038 5741 Imma-

444 5818 449 5821 Ι
534 5840 553 5870 ⁷
582 5837 706 5895 Psal

710 5856 843 5942 (cx,
880 5842 966 5900 10.
1043 5841 1064 5874 ⁸
1095 5839 1293 5898 lJoan.
1326 5856 1399 5909 tv,
1434 5842 1516 5896 18.
1597 5842 1781 5900 ’Psal.
1816 5858 1970 5909 tvm,
2002 5844 2085 5898 IO.

2146 614 2396 671 tilatione
2434 615 2667 671 foedatus
2716 626 2801 673 est
2834 633 2847 670 :
2881 616 3233 685 incorruptus
3276 624 3484 679 autem,
3519 617 3614 686 qui
3647 632 3738 671 re-

2148 706 2352 774 probus
2392 722 2501 762 non
2529 716 2635 773 cst,
2696 717 2792 763 aut
2820 708 2894 763 ob
2924 708 3087 762 aliam
3115 722 3342 763 causam
3380 707 3734 777 rejieiendus.

2151 798 2481 856 AtChristus
2520 815 2628 856 non
2662 801 2842 857 solum
2874 801 3257 855 immaculatus
3295 800 3409 869 ipse
3438 809 3546 867 est,
3572 812 3737 872 atque

2148 893 2519 964 incorruptus,
2551 893 2647 950 sed
2673 908 2772 949 nos
2795 893 2958 950 etiam
2979 892 3116 948 tales
3145 892 3332 949 efﬁcit.
3363 891 3524 949 Vitiis
3552 904 3736 949 autem

2148 1002 2213 1043 ac
2236 987 2494 1045 sordibus
2526 1002 2559 1043 a
2592 995 2823 1059 peccato
2858 986 3217 1043 manantibus
3264 985 3536 1042 medetur.
3565 988 3737 1041 Ελατ-

2146 1079 2375 1151 τὼματα
2401 1095 2589 1152 porro,
2621 1089 2752 1136 sunt
2783 1080 3005 1135 virtutis
3024 1079 3299 1135 defectus:
3334 1080 3525 1135 sordes
3549 1090 3733 1136 autem

2147 1172 2264 1228 vitii
2287 1173 2654 1232 accessiones.
2677 1173 2901 1230 Duobus
2925 1172 3070 1227 enim
3096 1172 3275 1228 modis
3302 1173 3353 1226 in
3370 1172 3503 1227 vitio
3518 1188 3734 1238 sumus,

2146 1265 2231 1319 vel
2261 1267 2385 1335 quia
2431 1268 2485 1321 in
2516 1268 2662 1322 bono
2691 1266 3000 1332 delicimus,
3027 1265 3109 1320 vel
3137 1265 3266 1335 quia
3300 1265 3504 1319 malum
3541 1267 3737 1334 adjun-

2147 1357 2327 1428 gimus
2366 1376 2379 1413 :
2421 1359 2884 1430 quemadmodum
2945 1366 3133 1413 contra
3182 1359 3380 1420 virtus,
3404 1355 3491 1411 vel
3522 1358 3571 1410 iu
3605 1358 3729 1412 mali

2147 1446 2533 1515 declinatione,
2553 1449 2632 1503 vel
2652 1449 2705 1502 in
2736 1450 2863 1504 boni
2883 1451 3205 1518 operatione
3222 1458 3494 1503 versatur.
3527 1449 3727 1513 Quam-

2149 1537 2230 1593 vis
2258 1537 2405 1594 enim
2439 1537 2704 1593 Dominus
2733 1546 2954 1608 peccata
2976 1545 3164 1593 nostra
3188 1539 3512 1607 susceperit,
3536 1554 3732 1609 quam-

2148 1631 2232 1687 τίς
2266 1632 2429 1687 ctiam
2458 1641 2680 1687 nostros
2727 1631 3043 1686 animorum
3102 1630 3325 1684 morbos
3357 1630 3536 1683 tulerit
3574 1647 3589 1696 ;
3619 1631 3735 1699 ipse

2149 1733 2329 1781 tamen
2373 1724 2509 1780 nihil
2542 1740 2782 1795 unquam
2844 1724 3122 1795 cogitavit,
3166 1739 3269 1779 nec
3299 1724 3546 1791 admisit,
3590 1724 3736 1795 quod

2149 1816 2477 1873 medicinam
2507 1816 2879 1874 desideraret:
2916 1816 3377 1888 quemadmodum
3414 1816 3461 1871 si
3491 1816 3735 1871 medicus

2150 1910 2219 1965 ab
2240 1915 2448 1983 aegroto
2471 1910 2722 1965 morbum
2748 1910 2933 1965 tollere
2950 1910 3141 1980 possit,
3174 1909 3289 1979 ipse
3317 1917 3500 1964 autem
3532 1925 3600 1964 eo
3628 1924 3736 1965 non

2148 2001 2507 2071 corripiatur.
2570 2000 2786 2056 Etenim
2825 2001 3090 2057 Dominus
3144 2001 3365 2072 quidem
3411 2017 3505 2070 per
3555 2006 3737 2057 omnia

2148 2099 2381 2147 imitatus
2407 2101 2509 2168 est,
2557 2092 2719 2160 juxta
2779 2092 3188 2147 similitudinem
3250 2102 3513 2158 nostram,
3553 2110 3735 2148 verum

2146 2184 2344 2256 absque
2368 2191 2590 2252 peccato
2625 2185 2689 2238 ιι.
2721 2182 2835 2239 Lux
2870 2186 3016 2240 enim
3052 2186 3105 2240 in
3143 2186 3388 2241 tenebris
3432 2185 3598 2251 lucet,
3632 2184 3737 2241 hoc

2144 2285 2250 2345 est,
2288 2275 2344 2331 in
2377 2276 2673 2348 caliginosa
2706 2276 2810 2333 hac
2843 2280 2973 2345 vita,
3002 2287 3057 2334 et
3082 2279 3250 2334 densa
3275 2278 3569 2334 aﬁeetuum
3597 2280 3734 2334 cali-

2144 2370 2269 2441 gine
2299 2369 2639 2428 circumfusa
2693 2389 2706 2426 :
2752 2383 2916 2441 atque
2960 2372 3291 2428 adversariae
3342 2373 3598 2437 tenebrae,
3629 2371 3736 2427 hoc

2142 2463 2362 2533 cstille,
2397 2464 2491 2534 qui
2544 2472 2761 2534 propter
2812 2465 3124 2534 superbiam
3159 2464 3338 2533 caligo
3388 2463 3571 2520 factus
3626 2477 3735 2533 est,

2141 2553 2428 2612 Christum
2458 2555 2681 2625 quidem
2743 2566 3065 2626 persecutus
3093 2566 3197 2622 est,
3259 2564 3424 2628 atque
3453 2556 3681 2612 tentavit
3714 2575 3729 2611 :

2142 2660 2333 2701 verum
2358 2662 2483 2703 eum
2512 2646 2980 2718 comprehendere
3009 2663 3073 2703 ac
3104 2663 3368 2717 superare
3398 2663 3506 2704 non
3530 2650 3732 2718 potuit,

2141 2737 2237 2796 sed
2269 2738 2447 2795 victus
2495 2746 2549 2793 et
2579 2739 2842 2795 confusus
2878 2740 3129 2794 recessit.

2209 2829 2329 2886 Col.
2370 2831 2476 2887 642
2504 2832 2566 2887 C.
2597 2830 2736 2899 Quid
2778 2835 3079 2903 praeterea?
3108 2830 3326 2904 ,Mensis
3369 2834 3583 2905 quidem
3619 2838 3736 2903 pri-

2140 2937 2286 2989 mus,
2314 2933 2417 2978 etc.
2451 2923 2629 2994 Atque
2676 2922 2791 2978 haec
2818 2923 2888 2978 de
2929 2938 3089 2990 agno,
3136 2923 3331 2993 inquit,
3363 2923 3521 2980 nobis
3550 2924 3735 2979 consi-

2141 3015 2327 3070 derata
2357 3025 2410 3069 et
2436 3029 2674 3085 expensa
2708 3014 2839 3070 sint.
2862 3013 3002 3082 Quid
3026 3023 3209 3071 autem
3242 3031 3341 3084 pra
3355 3024 3498 3071 terea
3527 3016 3735 3071 restat?

2143 3103 2348 3174 Nempe
2382 3113 2442 3159 ut
2475 3104 2870 3176 intelligamus,
2891 3107 3143 3175 quisnam
3178 3108 3382 3162 mensis
3411 3107 3502 3163 ille
3522 3110 3594 3164 sit
3623 3124 3733 3178 quo

2140 3213 2315 3267 agnus
2363 3197 2723 3251 sacrificatur.
2766 3195 3042 3267 Scriptum
3073 3204 3274 3268 quippe
3307 3209 3389 3254 est
3416 3201 3469 3253 in
3506 3199 3730 3254 Exodo:

2138 3286 2334 3342 Mensis
2358 3286 2445 3341 hic
2464 3286 2793 3356 principium
2831 3290 3109 3351 mensium,
3144 3288 3348 3355 primus
3373 3288 3473 3340 erit
3497 3288 3638 3341 vobis
3664 3289 3731 3354 ",

2140 3388 2250 3435 etc.
2308 3378 2554 3446 Quorum
2611 3377 2904 3433 verborum
2952 3378 3272 3449 allegoriam
3311 3380 3728 3449 perspiciamus.

2141 3469 2349 3530 Mensis
2403 3472 2570 3546 igitur
2597 3470 2904 3539 Paschalis,
2947 3471 3042 3541 qui
3071 3472 3213 3542 apud
3239 3470 3526 3543 Egyptios
3559 3474 3734 3528 Phar-

2142 3564 2300 3633 muti,
2348 3567 2488 3637 apud
2522 3563 2847 3621 Macedones
2909 3564 3236 3631 Xantichus,
3280 3566 3423 3635 apud
3474 3563 3733 3622 ﬂebmos

2139 3654 2332 3726 Nisan,
2369 3657 2514 3731 apud
2552 3658 2831 3717 Romanos
2877 3657 3105 3715 Martius
3131 3669 3375 3723 vocatur,
3407 3657 3495 3713 hic
3519 3659 3736 3729 primus

2143 3750 2199 3806 in
2239 3752 2523 3808 mensibus
2559 3750 2925 3807 introducitur
2946 3763 3112 3821 atque
3138 3750 3468 3818 decernitur,
3504 3767 3565 3806 ac
3582 3752 3736 3820 priu-

2141 3842 2344 3914 cipium
2380 3843 2651 3899 mensium
2690 3843 2842 3906 anni,
2892 3842 3128 3898 fortasse
3182 3842 3308 3913 quia
3354 3842 3468 3913 jam
3522 3844 3647 3899 inde
3701 3861 3731 3899 a

2141 3936 2412 4007 principio
2442 3934 2657 4004 primus
2694 3935 2887 3991 ordine
2943 3942 3086 3990 erat.
3145 3933 3396 3991 Arcanos
3454 3937 3598 3991 enim
3647 3938 3735 3993 hic

2140 4026 2285 4093 apud
2319 4023 2576 4079 Hebraeos
2606 4037 2792 4080 sermo
2840 4030 2949 4088 est,
3009 4021 3115 4077 hoc
3171 4032 3380 4093 tempus
3430 4039 3573 4089 esse,
3623 4041 3734 4096 quo

2142 4116 2292 4173 Deus
2337 4107 2651 4172 universam
2683 4132 2868 4172 rerum
2923 4118 3123 4173 molem
3176 4120 3439 4176 condidit.
3493 4121 3729 4177 Vernum

2147 4222 2313 4277 porro
2345 4207 2453 4262 hoe
2488 4216 2703 4278 tempus
2754 4218 2863 4274 est,
2895 4224 3005 4279 quo
3042 4217 3187 4264 terra
3253 4225 3475 4280 quoque
3534 4213 3735 4268 herbas

2145 4298 2540 4371 profert..Quo
2569 4302 2737 4356 etiam
2774 4310 3018 4373 tempore
3039 4301 3249 4358 Hebraei
3271 4319 3336 4359 ex
3363 4303 3601 4375 [Egypto
3648 4322 3737 4361 rc-

2143 4402 2449 4449 cesserunt.
2506 4391 2766 4449 Fortasse
2794 4395 2957 4449 etiam
2995 4392 3067 4449 ob
3102 4395 3239 4449 hanc
3271 4410 3492 4452 causam
3524 4397 3735 4467 primus

2142 4485 2233 4540 hic
2266 4487 2471 4543 mensis
2505 4486 2684 4542 dictus
2715 4494 2820 4553 est,
2852 4486 2981 4558 quia
3009 4486 3065 4541 in
3098 4486 3190 4542 illo
3219 4485 3500 4544 Paschatis
3526 4501 3686 4560 mysti
3706 4518 3736 4533 -

2147 4577 2291 4633 rium
2321 4576 2658 4634 celebratum
2692 4578 2783 4634 sit.
2810 4576 2867 4634 lu
2902 4579 3169 4650 principio
3198 4588 3376 4635 autem
3405 4580 3554 4645 anni,
3603 4582 3730 4636 etin

2146 4668 2327 4740 primo
2371 4682 2578 4736 mense,
2610 4669 2866 4725 sacriﬁcii
2897 4679 3112 4740 tempus
3137 4670 3508 4741 praiscribitur
3541 4689 3553 4725 :
3591 4687 3732 4741 quo-

2149 4762 2294 4816 niam
2332 4760 2580 4818 Christus
2608 4776 2827 4835 quoquo
2871 4763 3116 4819 omnium
3164 4778 3347 4818 rerum
3402 4764 3734 4834 principium

2127 4865 2252 4921 est,
2285 4868 2351 4909 ae
2381 4867 2490 4909 non
2514 4869 2726 4921 recens,
2760 4864 2980 4927 propter
3018 4855 3190 4927 ipsius
3221 4872 3287 4912 ex
3312 4857 3474 4913 Patre
3501 4872 3733 4929 genera-

2150 4948 2359 5005 tionem
2392 4948 2607 5007 saeculis
2632 4949 2891 5007 omnibus
2920 4951 3279 5020 superiorem.
3333 4949 3536 5007 Eodem
3570 4952 3733 5006 modo

2147 5042 2304 5097 nobis
2350 5057 2569 5112 quoque
2626 5043 2739 5098 veri
2780 5041 3076 5112 Paschalis
3126 5043 3460 5100 sacriﬁcium
3517 5054 3733 5101 aeterna:

2145 5133 2269 5189 vitae
2292 5134 2621 5205 principium
2651 5143 2756 5191 est.
2785 5135 2976 5192 Annus
3002 5135 3148 5192 enim
3179 5136 3437 5192 saeculum
3463 5139 3529 5192 de
3546 5139 3731 5207 .ignat,

2144 5224 2402 5294 quoniam
2438 5224 2491 5280 in
2523 5224 2710 5281 orbem
2742 5227 3101 5291 circumiens,
3122 5227 3176 5281 in
3210 5241 3332 5282 sese
3369 5241 3583 5297 semper
3614 5230 3733 5283 vol-

2147 5316 2312 5380 vitur,
2339 5331 2440 5373 nec
2474 5317 2581 5372 ullo
2614 5317 2721 5372 ﬁne
2748 5317 3107 5389 conquiescit.
3144 5318 3361 5372 Decima
3395 5334 3560 5389 porro
3581 5337 3737 5374 incn-

2149 5408 2228 5463 sis
2259 5423 2434 5477 agnus
2476 5409 2761 5476 accipitur,
2792 5410 2943 5479 .quia
2978 5408 3232 5464 denarius
3272 5410 3621 5477 plenissimus
3651 5423 3738 5466 est

2146 5515 2429 5565 numerus,
2490 5509 2547 5555 ut
2584 5500 2759 5572 ipsom
2806 5500 3044 5556 neminis
3089 5509 3305 5572 etymon
3335 5501 3522 5567 docet.
3564 5502 3736 5559 Ducas

2145 5594 2293 5648 enim
2322 5592 2543 5657 dicitur,
2571 5593 2645 5655 iii;
2675 5593 2896 5664 ὃεκτινὴ
2944 5591 3162 5646 πάντων
3208 5593 3318 5647 τῶν
3352 5595 3626 5665 ἀριθμῶν,
3678 5596 3731 5650 id

2142 5696 2249 5753 est,
2289 5690 2433 5755 quod
2464 5701 2654 5741 omnes
2685 5700 2942 5741 numeros
2969 5686 3165 5756 capiat.
3195 5685 3328 5741 Nam
3367 5704 3490 5741 cum
3514 5687 3583 5744 ad
3612 5703 3733 5742 eam

2168 5844 2208 5875 ⁸ο
2235 5844 2352 5898 Psa‘
2418 5859 2612 5909 χχχιιι,
2656 5841 2743 5896 10.
2774 5842 2813 5872 ¹¹
2842 5841 3004 5900 Hebr.
3034 5859 3108 5911 tv,
3140 5844 3227 5900 15.
3267 5843 3309 5876 ¹³
3340 5841 3512 5898 Exod.
3544 5856 3641 5910 xtl,
3674 5843 3711 5895 2
