4116 6442
483 370 611 429 1361

1435 366 1759 428 NICETAS
1808 366 1889 427 ΙΝ
1933 364 2158 425 ORAT.
2199 365 2365 426 XLII
2407 366 2470 429 S.
2513 366 2746 427 GREG.

3605 366 3745 431 1362

477 474 693 531 numeri
720 475 1083 545 pervenerint,
1139 477 1520 547 progrediendi
1555 480 1712 534 finem
1744 478 1970 544 faciunt,
2002 492 2066 533 ac
2097 486 2140 538 Δ
2170 479 2441 550 intelligas
2459 493 2802 550 nequaquam
2836 491 3025 534 recens
3041 490 3163 534 esse
3179 474 3384 533 Christi
3404 482 3741 550 mysterium.

478 568 732 638 deinceps
790 568 1055 623 iterantur
1116 570 1294 626 solum
1341 586 1406 627 ac
1467 571 1836 626 revolvuntur.
1894 570 2061 627 Decus

475 670 660 714 autem
689 660 861 728 prima
894 662 1075 717 unitas
1103 661 1363 731 perlecta,
1390 670 1445 719 et
1466 662 1812 733 perfectionis
1832 677 2061 733 genera-

478 749 585 803 trix
614 750 836 816 dicitur,
863 752 1125 820 quoniam
1151 759 1237 807 est
1257 752 1361 806 alia
1398 766 1611 823 quoque
1635 752 1837 815 unitas,
1862 766 2060 821 nempe

474 839 651 907 prima
682 841 893 897 unitas.
916 840 1115 897 Verum
1145 842 1237 897 illa
1268 843 1482 898 tametsi
1508 842 1834 913 principium
1868 858 2061 897 nume-

475 947 665 986 rorum
688 942 793 996 est,
815 947 1021 1003 eosque
1043 942 1321 1003 procreat,
1347 947 1690 1004 nequaquam
1717 943 1897 989 tamen
1930 948 2056 1004 per-

474 1021 617 1076 fecta
643 1031 749 1077 est.
775 1024 843 1076 At
864 1024 1037 1093 prima
1066 1024 1230 1077 decas
1262 1024 1360 1078 has
1382 1024 1520 1079 duas
1547 1025 1935 1094 praerogativas
1960 1023 2058 1078 ha-

474 1112 588 1178 bet,
606 1113 856 1182 alteram,
877 1115 1021 1184 quod
1045 1114 1286 1184 perfecta
1304 1124 1408 1181 est,
1431 1123 1696 1185 quatenus
1714 1115 1780 1170 ad
1806 1115 1945 1169 hanc
1964 1128 2059 1169 us~

474 1216 583 1269 que
619 1202 829 1256 numeri
864 1203 1314 1272 progrediuntur,
1337 1219 1401 1259 ac
1431 1218 1624 1258 rursus
1657 1204 2010 1259 revolvuntur
2041 1222 2056 1259 :

473 1294 700 1347 alteram
728 1294 875 1362 quod
904 1292 1258 1363 perfectionis
1288 1303 1374 1350 est
1397 1295 1752 1364 procreatrix.
1785 1294 2058 1350 Centena-

473 1383 618 1437 rium
639 1384 783 1439 enim
807 1400 1116 1449 numerum,
1143 1387 1236 1457 qui
1270 1386 1697 1457 perfectissimus
1718 1395 1826 1453 est,
1854 1387 2058 1458 produ-

472 1474 571 1528 cit.
598 1473 754 1542 Quod
793 1476 841 1531 si
870 1480 1150 1532 senarium
1185 1493 1404 1548 quoque
1436 1477 1739 1548 perfectum
1768 1494 2055 1534 numerum

470 1579 596 1621 esse
614 1566 913 1622 contendas
961 1583 978 1632 ;
1028 1567 1131 1623 hac
1188 1576 1366 1623 tamen
1430 1575 1581 1637 parte
1613 1568 1772 1624 cedet
1811 1569 2056 1636 denario,

470 1655 643 1726 quod,
665 1658 916 1727 quamvis
933 1658 1205 1729 perfectus
1220 1659 1314 1726 sit,
1327 1658 1715 1729 perfectionem
1744 1668 1929 1715 tamen
1945 1675 2056 1714 non

409 1786 412 1790 Α
473 1746 682 1817 gignat.
711 1746 980 1803 Caeterum
1020 1756 1291 1819 perl'eetus
1317 1765 1535 1820 quoque
1558 1750 1809 1806 senarius
1835 1751 2054 1817 dicitur,

2167 573 2259 629 sed
2312 588 2375 627 ex
2425 572 2602 627 Patris
2653 571 2991 643 praescientia
3045 571 3157 641 jam
3222 573 3348 628 inde
3399 587 3429 626 a
3475 575 3746 628 creatione

2164 664 2350 718 mundi
2379 673 2653 719 servatum
2681 678 2829 729 esse,
2854 678 3040 718 rerum
3077 665 3377 734 postremis
3408 664 3746 735 temporibus

2162 765 2351 809 nostra
2407 769 2571 809 causa
2598 765 2828 810 mortem
2892 754 3148 809 subiisse.
3204 752 3358 820 Quod
3400 755 3445 811 si
3477 756 3581 811 alia
3608 758 3746 811 ratio

2164 843 2491 913 proferenda
2523 853 2628 909 est,
2682 859 2784 899 cur
2827 844 3037 899 decima
3078 853 3281 914 quarta
3325 845 3525 900 mensis
3570 861 3745 916 agnus

2163 942 2446 1001 mactetur,
2477 934 2762 991 dicendem
2793 934 2997 989 ideirco
3034 933 3085 988 id
3150 932 3285 995 fieri,
3324 932 3581 1001 quoniam
3642 934 3745 988 hoc

2161 1027 2248 1081 die
2277 1025 2486 1081 lunaris
2515 1024 2756 1081 circulus
2791 1025 2939 1080 omni
2979 1039 3042 1079 ex
3071 1033 3221 1095 parte
3252 1023 3548 1092 perficitur,
3579 1031 3744 1092 atque

2160 1118 2310 1174 velut
2343 1118 2651 1174 adulterino
2677 1117 2917 1188 quodam
2970 1117 3177 1172 lumine
3203 1116 3391 1171 orbem
3429 1114 3739 1177 collustrat,

2157 1219 2411 1266 eteterum
2451 1208 2701 1264 imminui
2724 1224 2788 1264 ae
2803 1208 3052 1264 desinere
3079 1208 3264 1276 incipit
3291 1221 3311 1266 ε
3335 1218 3395 1262 ιιι
3423 1206 3549 1262 hinc
3581 1206 3740 1277 quasi

2162 1315 2228 1356 ex
2265 1300 2501 1370 imagine
2531 1297 2768 1369 quadam
2807 1298 3105 1369 intelligas,
3142 1297 3288 1368 quod
3332 1296 3585 1351 omnibus
3619 1296 3741 1364 qui-

2156 1391 2282 1448 dem
2321 1392 2470 1445 orbis
2510 1389 2761 1460 partibus
2804 1389 3156 1444 tenebrarum
3206 1388 3462 1459 princeps
3496 1385 3740 1441 celebra—

2159 1478 2320 1535 batur
2350 1479 2500 1547 (luna
2529 1478 2674 1532 enim
2709 1476 2762 1530 in
2788 1474 3153 1546 principatum
3198 1475 3378 1530 noctis
3420 1473 3596 1544 posita
3634 1477 3739 1540 est)

2159 1585 2225 1626 ac
2253 1570 2446 1625 mundi
2482 1569 2831 1640 sapientiam,
2876 1568 3024 1623 velut
3054 1567 3290 1622 fucatam
3321 1566 3619 1637 quamdam
3652 1565 3742 1620 lu~

2158 1678 2301 1728 cem,
2330 1661 2637 1718 errantium
2678 1660 2965 1717 hominum
3000 1659 3257 1715 cordibus
3296 1656 3609 1722 infundens,
3629 1657 3742 1728 ple-

2162 1754 2444 1810 nissimam
2467 1752 2572 1809 sibi
2594 1751 2824 1823 gloriam
2868 1750 3243 1822 comparabat.
3269 1749 3339 1805 At
3368 1765 3530 1805 verus
3566 1763 3741 1820 agnus

474 1854 583 1894 non
605 1842 750 1911 quod
780 1843 833 1896 in
861 1857 926 1896 eo
948 1846 1161 1897 nmneri
1196 1858 1227 1898 a
1252 1843 1629 1914 progressione
1644 1845 2053 1914 conquiescant,
2088 1826 2132 1882 θ
2161 1863 2259 1921 pro
2312 1846 2479 1902 nobis
2498 1846 2740 1900 moriens
2773 1844 2977 1899 diaboli
3013 1842 3244 1913 gloriam
3278 1840 3568 1911 Oppressit.
3609 1839 3737 1894 Eam

473 1934 618 1988 sicut
646 1935 699 1987 in
730 1934 953 1989 denario
981 1934 1210 2004 contigit
1239 1952 1255 1990 :
1284 1935 1380 1991 sed
1411 1935 1516 1990 alia
1547 1936 1763 1991 ratione
1784 1936 2056 2019 perfectus

475 2025 801 2095 appellatur,
855 2033 1041 2096 utpote
1072 2042 1135 2080 ex
1177 2027 1421 2096 partibus
1476 2027 1593 2083 suis
1625 2026 1910 2083 conflatus.
1963 2028 2055 2083 Di-

472 2114 640 2168 tnidia
673 2114 819 2169 enim
874 2130 1004 2185 pars
1058 2115 1281 2182 senarii,
1339 2125 1393 2169 et
1417 2117 1594 2182 tertia,
1655 2125 1711 2172 et
1770 2128 1943 2184 sexta,
2000 2119 2053 2173 in

471 2221 743 2261 summam
775 2207 1035 2273 collectis,
1088 2196 1364 2263 senarium
1420 2211 1736 2265 conficiunt.
1766 2209 1889 2266 Jam
1926 2226 2055 2267 vero

469 2312 645 2368 agnus
672 2299 725 2352 in
760 2299 1012 2368 quintum
1057 2300 1207 2355 diem
1249 2311 1583 2379 asservatur,
1623 2303 1725 2358 hoc
1755 2312 1861 2368 est,
1896 2320 1925 2358 a
1955 2304 2053 2359 de-

469 2391 610 2444 cima
664 2406 838 2460 usque
868 2391 936 2445 ad
969 2391 1239 2447 decimam
1298 2401 1550 2463 quartam
1583 2412 1597 2448 :
1631 2393 1866 2450 fortasse
1922 2397 2051 2467 quia

467 2481 719 2537 Christus
755 2481 976 2537 victima
1004 2492 1189 2537 nostra
1244 2485 1491 2553 quinque
1537 2493 1794 2541 externos
1853 2501 2049 2541 sensus

466 2583 663 2644 purgat
693 2588 711 2630 :
745 2574 826 2627 ha:
856 2576 1005 2629 enim
1035 2574 1231 2632 domus
1263 2577 1460 2630 anima:
1495 2575 1749 2633 fenestrae
1797 2586 1948 2644 sunt,
1980 2580 2049 2633 de

463 2664 666 2735 quibus
695 2666 770 2721 ait
806 2664 1069 2722 Jeremias
1094 2682 1110 2721 :
1149 2667 1394 2721 Ascendit
1425 2684 1565 2722 mors
1586 2683 1679 2739 per
1704 2668 1962 2738 fenestras
1982 2669 2046 2735 ",

467 2759 574 2813 hoc
597 2767 702 2823 est,
733 2773 831 2826 per
887 2774 1105 2826 sensus,
1149 2774 1180 2814 a
1234 2760 1432 2830 quibus
1487 2770 1772 2831 peccatum
1827 2762 2045 2831 prolici-

466 2851 660 2915 scitur,
699 2865 808 2905 non
837 2859 896 2904 ut
920 2851 1277 2907 efficientibus
1329 2851 1533 2918 causis,
1563 2852 1657 2908 sed
1691 2860 1750 2907 ut
1780 2852 2047 2923 adjuvano

468 2942 634 2996 tibus.
687 2940 753 2996 Et
782 2945 926 2997 circa
955 2957 1096 3011 quos
1148 2943 1346 2998 bellum
1407 2943 1788 3011 committitur,
1839 2948 2043 3016 peccati

470 3032 726 3099 sagittam
783 3032 1130 3088 extrinsecus
1180 3032 1508 3087 incidentem
1545 3033 1914 3090 admittentes.
1950 3032 2047 3091 Est

2157 1944 2301 1999 enim
2331 1941 2580 1996 desinere
2604 1939 2661 1995 in
2695 1947 2975 2009 posterum
3012 1946 3067 1991 et
3113 1937 3328 1991 absumi
3355 1947 3531 2004 coget.
3564 1933 3742 2002 Atque

2158 2034 2211 2090 id
2252 2032 2461 2088 scilicet
2490 2039 2630 2097 erat,
2671 2030 2814 2098 quod
2852 2028 2907 2083 in
2949 2025 3180 2082 Psalmis
3211 2026 3506 2081 cauebatur
3542 2042 3557 2079 :
3588 2022 3742 2079 Orie-

2157 2138 2247 2181 tur
2272 2128 2327 2181 in
2343 2124 2526 2180 diebus
2556 2124 2673 2194 ejus
2699 2122 2918 2191 iustitia
2943 2129 2993 2176 et
3013 2118 3346 2174 abundantia
3380 2118 3548 2188 pacis,
3572 2117 3737 2171 donec

2153 2221 2218 2274 de
2250 2220 2421 2274 medio
2446 2217 2681 2273 vicissim
2710 2215 2932 2270 tollatur
2969 2212 3188 2268 frma“.
3242 2211 3364 2279 Quo
3389 2210 3507 2265 loco
3545 2210 3734 2265 obser-
3784 2276 3796 2287 _

2152 2313 2391 2368 vandum
2424 2308 2675 2381 est,quod
2708 2323 2816 2361 non
2836 2305 3006 2362 dixit:
3030 2304 3296 2368 Toltatur,
3337 2302 3454 2367 sed,
3493 2300 3737 2356 Vicissim

2155 2405 2399 2461 tollatur.
2424 2403 2592 2471 Quasi
2621 2401 2767 2457 enim
2796 2399 3074 2455 hominem
3104 2397 3217 2468 jam
3242 2395 3547 2457 sustulerit,
3572 2395 3739 2449 vicis-

2151 2499 2257 2553 sim
2320 2496 2571 2552 diabolus
2609 2494 2726 2565 ipse
2769 2492 2837 2549 de
2869 2490 3050 2547 medio
3094 2489 3323 2545 tollitur.
3355 2488 3512 2556 Quod
3548 2488 3593 2543 si
3636 2487 3739 2542 hoe

2150 2588 2272 2643 loco
2307 2588 2493 2643 lunam
2563 2587 2618 2640 in
2659 2587 2855 2641 bonam
2886 2594 3094 2654 partem
3124 2583 3426 2652 intelligere
3455 2581 3612 2645 velis.
3656 2578 3739 2635 id-

2147 2677 2293 2734 circo
2308 2676 2376 2732 ad
2409 2675 2675 2731 decimam
2700 2681 2948 2745 quartam
2980 2678 3313 2742 spectamus,
3342 2668 3469 2739 quia
3493 2683 3588 2738 per
3615 2682 3736 2723 eam

2148 2770 2325 2824 lucem
2363 2780 2486 2836 quae
2523 2767 2578 2819 in
2613 2775 2891 2834 aspectum
2921 2762 3086 2827 cadit,
3128 2769 3186 2816 et
3229 2760 3456 2815 materia
3499 2766 3737 2822 constat,

2147 2875 2269 2916 eam
2303 2858 2541 2929 imagine
2583 2857 2820 2927 quadam
2853 2854 3255 2924 concipiamus,
3281 2866 3402 2923 qum
3439 2850 3739 2921 spiritualis

2153 2957 2261 3017 est,
2295 2948 2650 3018 materiaeque
2688 2960 2905 3015 expers,
2937 2955 2995 3000 ut
3026 2944 3081 2999 in
3105 2943 3342 3012 speciem
3384 2941 3606 3013 quidem
3649 2940 3737 2994 lu-

2159 3055 2285 3096 nam
2318 3039 2532 3111 pleuam
2565 3047 2905 3107 expetamus,
2944 3049 3067 3104 quae
3104 3034 3281 3089 lucem
3298 3047 3454 3087 suam
3490 3039 3607 3085 tota
3638 3044 3735 3084 uo-

467 3123 647 3177 etalia
695 3123 907 3178 occulta
961 3139 1150 3189 causa,
1197 3141 1297 3180 cur
1331 3141 1506 3193 agnus
1562 3126 1774 3181 decima
1824 3127 2042 3197 quidem

2157 3143 2239 3189 etc
2267 3132 2653 3204 perdurantem
2682 3127 2838 3183 nobis
2861 3127 3117 3197 prmbeat,
3150 3139 3342 3181 revera
3371 3131 3552 3178 autem
3574 3119 3735 3177 nobis

467 3213 789 3284 accipiatur,
841 3230 1029 3270 verum
1089 3217 1299 3273 decima
1353 3226 1550 3287 quarta
1606 3219 1711 3274 sub
1767 3234 2049 3289 vesperam

468 3298 795 3362 immolatur.
853 3308 991 3362 Nam
1032 3308 1178 3378 quod
1209 3324 1317 3365 non
1359 3310 1540 3380 prima
1569 3310 1679 3378 die,
1717 3311 1811 3366 sed
1843 3311 2053 3366 decima

467 3399 752 3469 accipitur,
793 3400 897 3456 hoc
920 3400 1145 3467 indicat,
1166 3402 1307 3471 quod
1336 3404 1496 3474 longa
1521 3416 1680 3458 erant
1708 3403 1904 3459 sarcula
1940 3405 2053 3471 illa,

466 3507 589 3561 qua:
618 3493 953 3547 creationem
990 3502 1232 3549 nostram
1260 3494 1659 3564 praecedebant,
1692 3497 1887 3565 quibus
1908 3510 2048 3548 sem-

468 3600 565 3651 per
594 3593 712 3639 erat
744 3585 927 3640 Deus:
962 3596 1082 3655 post
1109 3596 1290 3639 autem
1338 3586 1598 3640 saeculum
1643 3585 1748 3639 hoc
1796 3594 2045 3640 nostrum

468 3677 793 3747 ingreditur,
825 3678 996 3748 quod,
1022 3677 1168 3732 velut
1192 3693 1287 3748 per
1314 3679 1555 3747 quinque
1583 3675 1699 3731 dies
1734 3678 1786 3730 in
1815 3677 2056 3747 quinque

469 3776 713 3837 tempora
743 3767 1026 3833 dividitur,
1064 3767 1326 3822 nimirum
1364 3766 1417 3820 in
1441 3764 1568 3820 illud
1593 3767 1734 3836 quod
1762 3765 2056 3822 ahAdamo

473 3874 647 3928 usque
680 3859 747 3913 ad
779 3857 892 3913 Nee
918 3858 1095 3925 ﬂuxit,
1136 3859 1193 3913 in
1219 3857 1349 3914 illud
1386 3857 1531 3928 quod
1565 3872 1595 3912 a
1616 3856 1733 3913 Noe
1777 3873 1949 3928 usque
1988 3859 2053 3912 ad

470 3952 864 4016 Abrahamutn,
904 3953 959 4005 in
1003 3951 1132 4006 illud
1168 3952 1314 4021 quod
1351 3951 1421 4006 ab
1451 3949 1762 4006 Abrahamo
1788 3964 1961 4020 usque
1987 3949 2054 4004 ad

470 4041 682 4121 Mosen,
712 4043 766 4097 in
809 4041 938 4098 illud
965 4042 1111 4117 quod
1133 4056 1162 4097 a
1183 4042 1333 4099 Mosa
1385 4058 1560 4113 usque
1589 4043 1656 4098 ad
1682 4040 1885 4096 Christi
1919 4057 2056 4112 prte-

474 4136 736 4201 sentiam,
769 4146 1043 4205 postremo
1081 4135 1136 4188 in
1168 4133 1301 4189 illud
1344 4133 1523 4203 ipsum
1555 4134 1856 4203 praesentiae
1883 4133 2055 4203 ipsius

470 4239 708 4299 tempus,
733 4243 844 4299 quo
875 4243 973 4299 per
1007 4242 1263 4299 magnum
1296 4227 1427 4282 illud
1473 4228 1809 4283 sacriﬁcium
1853 4244 2055 4300 propo-

467 4323 573 4374 sita
596 4330 716 4375 erat
737 4319 996 4375 omnibus
1029 4319 1201 4375 salus.
1234 4316 1355 4374 1am
1382 4319 1437 4373 in
1472 4318 1714 4389 quinque
1743 4319 1906 4375 etiam
1934 4336 2057 4393 spa-

470 4415 542 4467 tia
565 4412 658 4467 illa
707 4411 879 4466 vinea:
911 4411 1164 4481 parabola
1208 4410 1354 4466 diem
1403 4410 1671 4467 distinxit.
1705 4410 1859 4467 Alios
1906 4406 2054 4466 enim

2158 3223 2290 3295 legis
2314 3223 2432 3278 vice
2462 3222 2535 3277 sit
2564 3221 2680 3276 haec
2703 3218 3045 3285 eaeremouia,
3063 3217 3288 3288 iubens,
3311 3222 3373 3270 ut
3405 3227 3570 3270 omne
3599 3221 3736 3269 tetu-

2157 3332 2283 3386 pus,
2323 3313 2540 3383 quodin
2583 3314 2726 3367 diem
2763 3327 2827 3367 ac
2862 3322 3072 3366 noctem
3107 3308 3389 3374 dividitur,
3419 3306 3576 3363 nobis
3615 3320 3734 3377 pcr-

2159 3419 2324 3480 petuo
2351 3408 2560 3461 clarum
2592 3406 2684 3472 sit,
2711 3420 2811 3460 nec
2840 3404 2948 3458 ulla
2976 3402 3277 3474 caliginosa
3304 3415 3466 3472 opera
3503 3398 3736 3455 admista

2158 3499 2378 3555 haheat.
2412 3497 2614 3553 Verum
2640 3497 2705 3551 ad
2734 3496 3022 3553 historiam
3063 3494 3370 3558 redeuntes,
3403 3505 3735 3562 quaeramus,

2157 3590 2287 3660 quid
2321 3605 2502 3645 causa:
2530 3592 2599 3645 sit
2625 3604 2727 3645 cur
2752 3603 2931 3658 agnus
2968 3601 3077 3641 non
3109 3585 3272 3640 modo
3317 3598 3383 3640 ex
3414 3582 3591 3654 agnis,
3643 3582 3737 3652 qui

2157 3682 2225 3736 ad
2260 3683 2510 3735 dextrum
2555 3680 2696 3734 latus
2743 3678 3083 3740 statuuntur,
3133 3675 3389 3746 eligatur,
3429 3671 3525 3727 sed
3560 3680 3614 3724 et
3669 3686 3737 3725 ex

2157 3771 2353 3836 haedis,
2382 3785 2521 3840 quos
2563 3770 2730 3839 judex
2784 3767 2854 3822 ad
2884 3767 3164 3823 sinistram
3228 3765 3419 3821 statuit
3452 3764 3513 3828 ¹⁶,
3550 3770 3739 3835 utpote

2158 3861 2365 3916 nullam
2395 3862 2643 3917 dextram
2672 3858 2942 3915 actionem
2983 3856 3270 3911 habentes.
3328 3853 3533 3910 Statuit
3566 3853 3734 3919 enim,

2157 3954 2355 4025 inquit,
2386 3968 2518 4009 oves
2546 3969 2574 4007 a
2594 3951 2823 4017 dextris,
2851 3948 3036 4004 haedos
3060 3957 3241 4002 autem
3267 3960 3298 4000 a
3328 3945 3586 4002 sinistris.
3605 3944 3738 4000 For-

2156 4056 2303 4102 tasse
2334 4046 2437 4100 hoc
2468 4045 2590 4100 ideo
2620 4044 2700 4111 fit,
2739 4043 2866 4113 quia
2897 4039 3148 4097 Christus
3178 4054 3275 4110 pro
3305 4036 3582 4104 omnibus,
3622 4044 3734 4092 tam

2157 4137 2321 4192 ovibu
2339 4153 2387 4199 s,
2418 4151 2583 4206 quam
2609 4133 2799 4200 haedis,
2833 4141 3085 4186 mortuus
3112 4139 3224 4203 est,
3239 4145 3304 4186 ac
3328 4145 3427 4201 pro
3460 4128 3547 4185 his
3573 4129 3735 4183 etiam

2156 4227 2531 4299 potissimum,
2590 4233 2775 4295 utpote
2816 4220 2914 4294 qui
2951 4220 3146 4291 majori
3177 4219 3551 4277 misericordia
3598 4233 3737 4289 opus

2156 4319 2395 4376 habeant
2437 4318 2697 4373 Fortasse
2724 4315 2888 4371 etiam
2924 4312 3054 4385 quia
3075 4313 3324 4370 Christus
3341 4326 3528 4368 revera
3549 4310 3737 4382 justus

2158 4421 2389 4468 mortem
2416 4409 2609 4476 subiit,
2643 4408 2762 4463 ideo
2806 4407 2874 4463 ad
2902 4404 3019 4477 ejus
3044 4405 3270 4475 ﬁguram
3311 4417 3489 4476 agnus
3537 4402 3739 4472 accipi-

469 4507 613 4561 circa
655 4506 887 4576 primam
953 4505 1143 4559 horam
1206 4512 1427 4560 vocatos
1479 4518 1604 4559 esse
1663 4512 1873 4569 narrat,
1916 4503 2055 4560 alios
2084 4488 2137 4548 υ
2162 4513 2250 4560 tur
2284 4522 2299 4560 :
2335 4503 2596 4574 quoniam
2619 4508 2800 4556 autem
2836 4497 3125 4554 hominum
3154 4495 3411 4567 opinione
3438 4502 3495 4550 ut
3525 4492 3738 4549 facino-

468 4604 615 4658 circa
651 4602 882 4667 tertiam,
902 4601 1039 4656 alios
1072 4601 1212 4657 circa
1239 4607 1466 4663 sextam,
1493 4598 1630 4653 alios
1665 4597 1809 4652 circa
1828 4592 2051 4661 nonam,

473 4695 607 4748 alios
642 4693 876 4763 denique
903 4692 1046 4747 circa
1079 4690 1440 4746 undecimam.
1474 4687 1593 4755 Quo
1619 4688 1783 4744 etiam
1813 4697 2055 4758 tempore

477 4799 686 4841 navata:
731 4799 911 4855 Operae
946 4800 1175 4852 merces,
1221 4785 1285 4840 iis
1322 4784 1414 4855 qui
1466 4785 1726 4854 postremi
1772 4790 2051 4846 venerant,

472 4879 649 4949 primo
678 4876 799 4933 loco
834 4877 1163 4947 persolvitur
1190 4878 1254 4931 ¹⁵.
1298 4877 1407 4933 Nos
1442 4875 1585 4931 enim
1628 4873 1789 4946 primi
1828 4888 2052 4944 regene-

473 4970 739 5025 rationem
788 4969 1108 5040 accipimus,
1157 4970 1356 5038 quibus
1402 4966 1652 5023 Christus
1714 4964 2050 5021 saerillcatus

473 5073 578 5129 est,
607 5072 772 5134 atque
793 5079 820 5115 a
846 5075 1019 5118 morte
1053 5073 1335 5117 revocatus
1372 5059 1801 5116 iunovandorum
1839 5056 2053 5111 animo-

476 5172 598 5210 rum
623 5162 938 5212 nostrorum
983 5170 1146 5209 causa
1202 5154 1404 5224 Spiritu
1461 5161 1652 5208 saneto
1694 5164 1795 5206 uos
1832 5146 2046 5203 afﬂavit.

476 5248 752 5316 Accipitur
786 5246 972 5315 itaque
1024 5261 1199 5315 agnus
1249 5246 1428 5316 primo
1470 5244 1558 5298 die
1605 5241 1767 5311 hujus
1815 5238 2051 5310 quinarii

473 5339 782 5404 dierurn,id
805 5348 912 5403 est,
945 5336 1160 5393 decium
1192 5336 1417 5402 mensis,
1461 5332 1709 5404 principii
1743 5333 1906 5403 hujus
1951 5346 2054 5386 sae-

472 5432 583 5485 culi
617 5431 847 5502 figuram
876 5431 1205 5494 continente,
1233 5437 1398 5498 atque
1424 5439 1737 5482 asservatus
1776 5435 2054 5496 postremo

478 5524 693 5579 tandem
738 5532 1002 5591 tempore,
1048 5522 1150 5577 hoc
1178 5530 1280 5584 est,
1316 5520 1522 5574 decima
1573 5527 1792 5588 quarta,
1828 5516 1895 5570 ad
1951 5530 2048 5568 ve-

477 5628 691 5683 speram
716 5623 1003 5668 mactatur.
1037 5613 1116 5667 Ad
1157 5626 1435 5682 Vesperam
1492 5609 1732 5680 inquam,
1770 5619 1829 5662 ut
1862 5622 2054 5662 rursus

556 5795 597 5827 ⁸³
619 5791 817 5850 Jetem.
856 5808 928 5856 tit,
956 5792 1045 5846 ειι.
1125 5793 1166 5823 ¹⁸
1189 5788 1381 5858 Matth,
1407 5806 1500 5858 xx,
1534 5790 1599 5844 ll)
1630 5805 1781 5858 seqq.

1864 5785 2074 5843 “Psal.
2137 5801 2286 5852 uxr,
2347 5783 2398 5838 7.

2160 4611 2322 4653 rosus
2336 4604 2604 4651 mactatus
2629 4600 2735 4659 est,
2755 4590 2960 4648 ideirco
2990 4590 3178 4646 haedus
3199 4602 3417 4659 quoque
3434 4586 3734 4657 jugulatur.

2162 4686 2575 4742 Immaculatum
2607 4694 2786 4740 autem
2837 4681 3163 4740 sacrificium
3195 4693 3365 4749 agnus
3396 4676 3735 4747 intelligitur,

2163 4778 2305 4852 legis
2366 4778 2682 4851 praescripto
2718 4777 2787 4832 ad
2836 4781 3097 4845 perpetua
3150 4769 3418 4826 sacrificia
3473 4768 3734 4822 dicatus:

2175 4871 2366 4926 haedus
2391 4884 2521 4924 vero
2547 4883 2643 4939 pro
2669 4866 2906 4938 peccatis
2934 4862 3178 4919 oli‘crtur.
3201 4860 3335 4926 Quae
3369 4858 3586 4929 quidem
3627 4858 3737 4913 duo

2158 4964 2212 5017 in
2240 4963 2461 5019 Christo
2491 4959 2745 5030 reperies.
2780 4957 2909 5011 Erat
2938 4955 3084 5011 enim
3117 4953 3281 5018 idem,
3303 4959 3359 5007 et
3388 4959 3445 5005 ut
3467 4952 3737 5004 immacu--

2159 5055 2265 5108 lata
2293 5052 2534 5118 victima,
2561 5050 2818 5104 nimirqu
2842 5047 2909 5102 ad
2931 5046 3157 5102 odorem
3177 5042 3465 5099 suavitatis
3491 5042 3732 5112 seipsum

2158 5146 2302 5201 Patri
2332 5144 2566 5219 offerens
2599 5159 2613 5197 :
2640 5152 2693 5197 et
2726 5149 2784 5196 ut
2808 5139 3022 5206 haedus,
3051 5139 3180 5194 dum
3224 5150 3324 5209 pro
3359 5134 3597 5204 peccatis
3631 5146 3735 5187 no-

2157 5239 2289 5295 stris
2311 5219 2659 5292 maetaretur.
2707 5231 2883 5303 Atque
2905 5239 2965 5286 ut
3004 5245 3116 5286 rem
3142 5228 3196 5284 in
3225 5242 3401 5298 pauca
3430 5224 3733 5283 conferam,

2157 5332 2274 5385 ovis
2302 5328 2548 5400 quidem,
2605 5323 2908 5382 secundum
2944 5320 3163 5384 Isaiam,
3206 5319 3488 5376 lenitatem
3530 5314 3732 5370 Christi

2156 5422 2405 5493 designat
2445 5436 2460 5474 :
2499 5418 2692 5473 haedus
2731 5426 2913 5470 autem
2944 5412 3245 5470 secundum
3286 5410 3465 5491 legem
3521 5404 3735 5461 sacrifi-

2158 5513 2300 5566 cium
2331 5519 2415 5564 est
2445 5524 2542 5578 pro
2572 5517 2818 5577 peccato.
2876 5502 3110 5559 Proinde
3138 5502 3350 5564 leniter,
3389 5498 3506 5552 ovis
3537 5496 3734 5560 instar,

2160 5602 2225 5657 ad
2260 5600 2581 5671 supplicium
2620 5598 2838 5663 ductus,
2866 5611 2963 5666 pro
2998 5605 3219 5665 peccato
3249 5591 3395 5645 velut
3427 5588 3615 5643 hircus
3647 5604 3734 5642 sa-

2480 5783 2521 5813 "
2579 5780 2768 5835 Matth.
2824 5793 2949 5845 xxv,
3003 5775 3095 5831 40.
