4116 6448
370 382 507 445 1⁰6ἶ

1800 379 2056 440 ADDEN
2060 378 2181 440 DA.

3512 378 3654 438 1364

366 502 649 555 eritieatus
682 507 785 562 est,
824 512 922 569 pro
965 495 1248 552 hominum
1287 492 1464 551 salute
1511 494 1751 564 seipsum
1795 491 1958 550 morti
1992 492 2039 548 Δ
2067 500 2322 555 vocatur,
2378 490 2524 558 quod
2553 473 2706 544 iu'ea
2743 488 2888 544 velut
2919 490 2973 543 in
3008 495 3187 554 nocte,
3222 495 3275 542 et
3316 485 3564 549 virtutes.
3607 500 3661 542 et

364 603 666 658 exponens.
685 591 812 655 Aut,
830 588 874 643 si
888 588 1084 652 mavis,
1103 596 1164 641 ut
1183 586 1375 642 haedus
1394 585 1448 640 in
1464 586 1571 640 alta
1588 586 1703 641 loca
1723 587 1955 656 prosilit,

368 684 451 737 sic
479 680 808 737 Christusin
830 681 1031 735 cmlum
1069 679 1338 744 ascendit,
1389 688 1552 749 teque
1590 678 1796 735 evehit.
1826 678 1961 731 Pro-

369 785 490 845 pter
518 783 570 828 te
601 773 744 827 enim
770 781 1152 838 mortuus-est,
1190 780 1249 828 ut
1280 786 1400 827 cum
1429 773 1547 842 ipso
1572 772 1746 828 vivas.
1793 771 1963 838 Quid-

370 883 498 920 nam
538 876 718 920 autem
753 866 855 922 sibi
884 867 998 921 vult
1033 866 1141 931 lex,
1173 865 1320 937 quod
1354 866 1591 920 maxime
1621 865 1837 934 quidem
1865 879 1965 935 per

373 960 618 1029 singulas
657 960 854 1015 domus
896 975 1098 1028 agnum
1154 958 1453 1016 sacriﬁcari
1480 958 1654 1028 jubet,
1694 957 1738 1011 si
1783 967 1963 1011 autem

369 1052 653 1106 domestici
689 1050 843 1121 pauci
871 1052 982 1106 sint
1003 1066 1067 1106 ac
1101 1065 1389 1121 pauperes,
1424 1050 1590 1105 simul
1631 1063 1852 1119 quoque
1886 1050 1966 1103 vi-

372 1143 529 1198 cinos
562 1144 955 1214 adesse,atque
985 1144 1060 1198 ita
1104 1159 1169 1199 ex
1200 1142 1604 1198 contributione
1640 1141 1968 1197 sacriﬁcium

367 1234 663 1302 compleri?
687 1233 955 1302 Quoniam
975 1235 1339 1306 prmstabilius
1359 1236 1408 1289 id
1433 1234 1647 1305 quidem
1672 1243 1777 1309 est,
1795 1241 1855 1289 ut
1869 1232 1971 1289 sibi

371 1325 608 1396 quisque
626 1326 692 1381 ad
714 1327 1101 1397 perfectionem
1134 1328 1387 1404 sufﬁciat,
1409 1336 1573 1398 atque
1609 1327 1843 1382 aliorum
1873 1342 1975 1397 ope

371 1425 427 1469 et
446 1415 671 1483 auxilio,
692 1417 754 1471 ad
773 1418 1027 1472 virtutem
1050 1433 1159 1473 non
1183 1416 1441 1488 indigeat,
1463 1417 1590 1488 quin
1610 1418 1811 1489 potius,
1828 1418 1974 1488 quod

371 1508 671 1578 Apostolus
698 1508 773 1564 ait
796 1509 861 1589 ν’,
896 1510 1140 1580 seipsum
1174 1510 1427 1565 exhibeat
1460 1510 1570 1566 Deo
1601 1511 1836 1566 hostiam
1867 1527 1974 1566 non

373 1599 694 1664 inanimem,
756 1600 936 1671 qualis
992 1609 1075 1656 est
1126 1601 1239 1666 illa,
1272 1618 1392 1671 qua:
1426 1617 1521 1673 per
1552 1602 1708 1658 bruta
1743 1602 1820 1667 ﬁt,
1858 1619 1979 1674 qua:

370 1699 658 1761 po.~tquam
675 1705 812 1747 caesa
838 1700 1004 1767 esset,
1019 1692 1128 1746 Deo
1151 1699 1280 1747 tunc
1296 1691 1641 1771 oﬂ'erebatur,
1669 1710 1853 1749 verum
1882 1696 1979 1749 ho-

377 1781 538 1835 stiam
570 1782 867 1846 viventem,
912 1791 971 1836 ut
1003 1791 1291 1860 martyres,
1319 1784 1411 1853 qui
1437 1783 1646 1855 seipsos
1684 1784 1833 1840 rivos
1859 1784 1971 1841 Deo

377 1870 701 1936 oﬁerebant,
755 1884 818 1925 ac
851 1870 1050 1925 deinde
1084 1885 1182 1939 pro
1222 1886 1287 1926 eo
1344 1882 1573 1928 mortem
1609 1874 1961 1943 oppetebant.

375 1958 561 2015 Talem
592 1960 824 2016 hostiam
858 1976 1311 2033 unumquemque
1356 1964 1596 2034 seipsum
1629 1964 1739 2018 Deo
1770 1964 1965 2020 oﬁ‘erre

376 2059 613 2127 oportet,
645 2061 698 2108 et
725 2067 961 2129 semper,
991 2062 1040 2108 et
1065 2068 1162 2123 per
1193 2069 1280 2109 res
1325 2070 1516 2110 omnes
1549 2055 1865 2111 sacriﬁcari.
1908 2055 1963 2110 ld

377 2153 561 2197 autem
601 2143 716 2211 ﬁet,
749 2143 795 2199 si
823 2145 1068 2200 membra
1102 2154 1292 2200 nostra
1323 2145 1387 2201 ad
1419 2145 1624 2217 peccati
1687 2158 1965 2217 perpetra-

376 2234 580 2286 tionem
606 2233 982 2302 opprimamus
1013 2249 1077 2289 ac
1106 2236 1523 2291 mortiﬁcemus.
1550 2235 1709 2301 Quod
1754 2237 1801 2291 si
1841 2238 1966 2308 quis

374 2337 473 2392 per
513 2337 572 2378 se
603 2338 666 2378 ac
687 2323 859 2391 solus,
900 2324 972 2379 ob
1020 2326 1222 2382 mentis
1256 2328 1495 2397 inopiam
1531 2337 1587 2383 et
1618 2329 1963 2386 imbecillita-

379 2425 487 2470 tem
521 2415 869 2486 intelligendo
894 2416 1096 2471 Christi
1131 2419 1388 2488 mysterio
1419 2434 1518 2487 par
1549 2435 1671 2476 esse
1696 2433 1964 2499 nequeat,

381 2509 565 2564 socios
611 2516 775 2578 atque
818 2507 1099 2578 adjutores
1134 2509 1238 2565 sibi
1284 2512 1538 2586 asciscet,
1572 2527 1664 2565 eos
1721 2513 1971 2568 videlicet

380 2601 678 2679 accipiens,
699 2603 789 2671 qui
823 2601 1008 2657 eadem
1038 2600 1142 2657 ﬁ'ie
1160 2603 1366 2673 praditi
1388 2614 1534 2659 sunt.
1560 2604 1964 2676 Nonnunquam

378 2695 525 2750 enim
586 2703 773 2749 mutua
813 2708 977 2764 opera
1032 2694 1100 2749 ad
1163 2693 1512 2752 sublimiores
1563 2696 1967 2767 speculationcs

378 2786 739 2864 assurgimus,
776 2789 958 2843 socios
999 2802 1097 2844 eos
1129 2796 1493 2865 assumentes,
1529 2790 1622 2860 qui
1678 2791 1965 2847 nobiscum

374 2879 579 2935 virtute
596 2894 754 2950 pares
785 2894 849 2935 ac
871 2879 1035 2935 vicini
1070 2889 1216 2935 sunt.
1251 2878 1445 2936 Verum
1469 2881 1780 2956 hic_merito
1808 2885 1963 2954 quis-

379 2972 526 3042 piam
560 2981 965 3049 percunetetur,
988 2973 1257 3044 siquidem
1294 2990 1437 3032 unus
1460 2984 1544 3030 est
1566 2974 1842 3050 Christus,
1872 2973 1965 3048 qui

375 3081 476 3136 per
506 3066 678 3137 legem
721 3077 773 3123 et
803 3068 1118 3138 prophetas,
1179 3077 1340 3139 atque
1386 3070 1522 3126 adeo
1563 3078 1662 3141 per
1690 3083 1969 3127 creaturas

2066 584 2195 638 vitia
2233 584 2287 637 in
2315 583 2554 638 obscuro
2597 582 2727 647 sint,
2764 590 2929 652 atque
2969 581 3134 636 etiam
3162 587 3402 651 ,propter
3427 579 3660 633 oﬂ‘usam

2066 675 2120 728 iu
2154 687 2215 728 ea
2249 674 2636 744 ignorantiam,
2663 682 2718 727 et
2747 686 3012 735 errorem,
3064 686 3127 725 ac
3173 678 3481 744 peceatum,
3515 669 3661 738 quod

2067 767 2122 821 in
2152 780 2342 820 omnes
2370 764 2549 822 fusum
2592 780 2657 820 ac
2688 773 3044 834 propagatum
3089 773 3193 826 est,
3228 776 3529 830 omnesque
3557 762 3663 814 im-

2068 859 2219 929 perio
2248 859 2465 928 premit.
2513 856 2798 925 Quomodo
2825 866 3005 912 autem
3031 856 3210 910 divina
3241 856 3330 908 illa
3361 869 3494 917 nox,
3552 869 3660 924 qua

2068 950 2291 1005 Christo
2316 950 2657 1004 moriendum
2690 958 2831 1010 erat,
2863 946 3038 1001 noctis
3070 945 3275 1015 peccati
3312 944 3487 998 hostis
3519 954 3661 1000 erat.

2072 1043 2274 1114 accipe.
2305 1040 2778 1108 Quemadmodum
2836 1041 2889 1093 in
2927 1039 3112 1092 mundi
3146 1037 3423 1093 creatione
3481 1036 3664 1090 sensi-

2073 1137 2167 1191 bili
2201 1137 2320 1191 luce
2352 1135 2618 1205 producta
2644 1134 2907 1189 discussa:
2942 1140 3071 1186 sunt
3103 1129 3364 1202 tenebrae,
3402 1143 3524 1196 quae
3553 1127 3663 1196 pri-

2074 1228 2609 1296 migeuaedicuntur,
2653 1240 2761 1280 non
2787 1225 2928 1294 quod
2961 1221 3266 1279 substantia
3311 1222 3548 1291 praeditas
3596 1234 3661 1273 ac

2078 1332 2273 1377 ert-aue
2311 1320 2442 1384 sint,
2484 1319 2575 1375 sed
2631 1318 2761 1387 quia
2809 1316 2949 1372 caelo
2997 1331 3061 1370 ac
3090 1323 3273 1390 terrae,
3312 1313 3474 1368 rebus
3527 1312 3656 1367 sub-

2081 1414 2281 1469 stantia
2338 1412 2604 1483 prteditis,
2643 1409 2802 1480 quasi
2858 1408 3240 1464 subsisterent.
3298 1403 3483 1475 Neque
3512 1405 3655 1458 enim

2084 1507 2428 1562 tenebrarum
2463 1505 2568 1558 ulla
2588 1513 2673 1558 est
2697 1502 2934 1558 essentia
2960 1508 3014 1556 et
3050 1499 3401 1556 subsistentia
3431 1510 3659 1554 :verutu

2080 1614 2178 1668 per
2214 1595 2642 1651 obstructionem
2694 1602 2859 1663 atque
2911 1590 3252 1647 obstaculum
3292 1588 3450 1652 ﬁunt,
3498 1595 3663 1656 atque

2084 1690 2380 1747 accidentis
2408 1687 2672 1742 rationem
2706 1686 2926 1761 habent,
2959 1700 3063 1739 non
3094 1683 3436 1738 substantizu.
3469 1678 3669 1746 Quem-

2085 1784 2378 1839 admodum
2418 1781 2580 1852 igitur
2607 1789 2731 1850 post
2781 1786 3023 1833 creatam
3082 1777 3254 1830 lucem
3309 1773 3666 1840 tenebrasque

2074 1876 2359 1933 submutas
2414 1884 2560 1927 terra
2594 1871 2765 1926 videri
2817 1870 3004 1946 coepit,
3049 1876 3214 1937 atque
3261 1865 3661 1921 elementorum

2070 1968 2204 2023 ordo
2231 1966 2523 2022 distinctus
2582 1971 2688 2040 est,
2722 1961 3016 2031 omniaque
3073 1956 3366 2012 informata
3405 1965 3556 2018 sunt,
3596 1970 3662 2009 ac

2074 2060 2277 2116 coelum
2339 2065 2592 2113 ornatum
2642 2070 2801 2110 suum
2869 2052 3098 2127 accepit,
3162 2058 3419 2119 terraque
3476 2048 3661 2103 itidem

2072 2165 2257 2211 suum.
2305 2158 2472 2218 atque
2513 2146 2579 2201 ad
2617 2145 2766 2199 hunc
2823 2143 3045 2198 modum
3091 2141 3181 2196 illa
3227 2140 3379 2211 prius
3411 2138 3664 2193 informis

2071 2241 2295 2296 materia
2340 2238 2531 2295 formis
2599 2238 2863 2291 adornata
2906 2244 2991 2289 est
3039 2252 3055 2290 :
3108 2233 3188 2289 sic
3243 2232 3406 2288 etiam
3465 2231 3518 2286 in
3560 2232 3663 2285 hac

2070 2341 2420 2390 sacrosancta
2477 2339 2657 2405 nocte,
2717 2343 2821 2400 qua
2887 2326 3147 2383 Christus
3212 2325 3405 2380 salutis
3461 2336 3661 2379 nostrae

2072 2441 2240 2483 causa
2325 2430 2557 2479 mortem
2629 2421 2845 2492 excepit
2908 2435 2973 2475 ac
3029 2418 3275 2495 sustulit,
3344 2415 3653 2487 ignorantia

2070 2529 2125 2575 et
2182 2518 2388 2573 malitia
2465 2516 2519 2571 in
2581 2515 2742 2570 nobis
2814 2513 3049 2588 haerens,
3117 2526 3181 2567 ac
3237 2509 3419 2565 noctis
3494 2507 3660 2563 ratio-

2072 2630 2196 2670 netu
2249 2613 2476 2676 habens,
2534 2608 2813 2680 profligata
2843 2618 2895 2662 et
2918 2606 3181 2661 dissoluta
3232 2613 3315 2658 est
3346 2620 3361 2659 :
3396 2612 3560 2673 atque
3584 2601 3659 2655 ita

2072 2712 2297 2759 mutatae
2329 2710 2459 2758 sunt
2489 2715 2670 2755 rerum
2703 2700 2869 2761 vices,
2896 2706 2954 2753 ut
2985 2711 3084 2767 pro
3113 2697 3304 2750 umbra
3332 2685 3533 2750 veritas
3561 2708 3660 2747 no-

2072 2797 2157 2853 bis
2182 2794 2447 2860 illuxerit,
2478 2808 2577 2865 pro
2615 2791 2925 2864 ignorantia
2962 2788 3224 2860 cognitio,
3263 2803 3360 2857 pro
3402 2785 3659 2840 incredu-

2074 2889 2221 2944 litate
2253 2887 2406 2954 fides,
2466 2901 2568 2957 pro
2604 2893 2826 2956 peccato
2855 2883 3092 2955 justitia.
3132 2880 3320 2936 Potest
3369 2880 3459 2935 hic
3495 2878 3659 2934 etiam

2071 2996 2168 3053 per
2203 2980 2536 3051 primigenas
2570 2978 2820 3035 tenebras
2870 2977 3173 3048 primorum
3202 2983 3488 3046 parentum
3529 2985 3657 3042 pec-

2073 3083 2251 3129 catum
2326 3072 2573 3142 intelligi,
2641 3085 2739 3142 per
2793 3069 2938 3141 quod
2985 3069 3170 3124 omnia
3232 3068 3545 3139 perturbata
3603 3074 3659 3121 et

378 3157 729 3228 przedicatur,
762 3159 851 3229 qui
888 3158 998 3223 ﬁet,
1033 3170 1091 3214 ut
1142 3159 1248 3226 lex,
1283 3161 1486 3217 Christi
1544 3161 1772 3232 ﬁguram
1822 3162 1960 3219 cele-
1990 3165 2036 3227 C
2067 3181 2254 3222 eversa
2285 3176 2433 3219 sunt.
2476 3161 2683 3217 Verum
2741 3161 2795 3217 in
2850 3161 3094 3226 Christo,
3142 3174 3271 3215 vero
3316 3159 3543 3233 lumine,
3578 3157 3662 3212 lite

376 3251 566 3316 brans,
601 3266 696 3320 per
730 3250 922 3305 domos
960 3249 1286 3307 familiarum
1326 3255 1637 3325 complures
1666 3270 1838 3328 agnos
1870 3269 1962 3311 sa-

375 3339 608 3396 criﬁcari
627 3341 851 3412 jubeat?
881 3344 958 3397 Ad
994 3359 1153 3415 quem
1192 3346 1273 3402 sic
1320 3348 1665 3419 respondeo:
1697 3358 1972 3419 quemad-

376 3432 603 3487 modum
644 3430 1017 3505 unusquisque
1036 3451 1252 3502 eorum,
1282 3437 1375 3508 qui
1407 3437 1686 3494 Christum
1710 3439 1974 3495 ﬁdecom-

382 3520 521 3587 plexi
574 3529 729 3588 sunt,
759 3535 857 3590 pro
884 3522 1077 3577 virium
1126 3539 1351 3580 suarum
1411 3526 1633 3582 modulo
1656 3530 1974 3598 spiritaliter

378 3608 599 3666 Christo
620 3612 974 3683 cruciﬁgitur,
1008 3614 1147 3672 alius
1175 3616 1433 3671 nimirum
1486 3628 1748 3688 quantum
1794 3621 1860 3677 ad
1887 3639 1974 3678 ac-

383 3702 534 3757 tuale
559 3714 838 3773 peccatum
862 3705 1379 3778 duntaxatjseipsum
1406 3710 1554 3766 cruci
1580 3710 1971 3784 afﬁgens,alitts

378 3803 643 3863 quantum
660 3797 726 3850 ad
754 3797 899 3866 ipsas
923 3813 1138 3868 quoque
1154 3799 1321 3854 animi
1345 3801 1806 3872 perturbationes,
1830 3805 1970 3863 alius

378 3886 542 3941 etiam
578 3887 757 3959 quoad
787 3888 935 3958 ipsas
982 3889 1272 3945 affectuum
1329 3893 1766 3965 imaginationes,
1826 3897 1968 3953 alius

379 3977 615 4049 denique
643 3990 907 4049 quantum
939 3981 1006 4037 ad
1036 3982 1180 4053 ipsas
1210 3999 1428 4056 quoque
1446 3986 1741 4043 affectuum
1761 3990 1967 4059 cogita-

379 4072 558 4128 tiones
585 4089 598 4126 :
639 4075 720 4129 sic
751 4075 1128 4145 unusquisque
1160 4086 1407 4133 nostrum
1429 4080 1481 4134 in
1508 4085 1829 4152 congruenti
1862 4084 1965 4140 sibi

378 4166 603 4222 virtutis
634 4167 802 4238 gradu
819 4174 984 4239 atque
1004 4169 1218 4236 ordine,
1251 4172 1407 4241 quasi
1435 4171 1488 4226 in
1518 4173 1682 4228 domo
1727 4178 1963 4245 quadam

377 4273 577 4328 agnum
614 4259 882 4323 immolat,
929 4260 1221 4332 carnisque
1258 4262 1432 4333 ipsius
1476 4267 1745 4337 particeps
1787 4267 1866 4331 ﬁt,
1902 4284 1965 4324 ac

376 4348 614 4403 Domino
641 4347 767 4404 Jcsu
795 4352 861 4405 ad
894 4352 1201 4408 satietatem
1254 4354 1521 4423 expletur.
1575 4356 1787 4412 Etenim
1831 4375 1961 4431 pro-

375 4437 532 4508 prius
560 4439 992 4509 uniuscujusque
1037 4456 1211 4512 agnus
1237 4441 1471 4499 efﬁcitur
1498 4442 1657 4502 Jesus
1686 4445 1957 4515 Christus,

2076 3258 2284 3330 peccati
2320 3255 2560 3311 tenebrae
2598 3255 2790 3311 soluta:
2837 3266 3175 3323 prorsusque
3231 3250 3460 3306 sublata:
3498 3256 3651 3324 sunt,

2076 3365 2184 3404 non
2213 3358 2391 3404 autem
2414 3353 2788 3411 excesserunt,
2821 3352 2913 3399 aut
2936 3343 3042 3398 alio
3073 3351 3415 3397 τθοθεεθιυιιι
3444 3359 3457 3395 ε
3489 3350 3652 3410 atque

2075 3440 2258 3495 omnia
2283 3439 2629 3496 collustravit
2651 3439 2719 3516 is,
2750 3436 2842 3508 qui
2866 3435 3003 3491 dixit
3025 3443 3086 3490 ut
3115 3435 3183 3489 de
3205 3433 3443 3489 tenebris
3475 3433 3657 3487 lumen

2077 3534 2507 3604 splendesceret,
2546 3542 2711 3603 atque
2746 3546 2808 3586 ea
2837 3545 2956 3600 quae
2978 3530 3130 3600 prius
3165 3526 3337 3583 forma
3375 3527 3656 3589 carebant,

2075 3626 2524 3692 informarentur;
2562 3625 2676 3700 ille,
2738 3624 2984 3699 inquam,
3041 3637 3184 3678 vera:
3220 3618 3651 3691 pulchritudinis

2076 3719 2337 3775 virtutum
2370 3718 2706 3773 architectus
2749 3724 2803 3771 et
2833 3714 3146 3791 fabricator,
3181 3713 3272 3783 qui
3318 3727 3403 3767 res
3439 3720 3656 3767 nostras

2072 3808 2431 3865 immoderate
2492 3805 2724 3875 agitatas
2752 3817 2815 3858 ac
2844 3800 3167 3858 ﬁuctuantes
3203 3801 3455 3879 intuitus,
3485 3815 3545 3854 ex
3572 3799 3655 3853 iu-

2071 3898 2340 3955 ordinatis
2370 3911 2467 3951 eas
2500 3896 2554 3950 in
2594 3895 2844 3950 ordinem
2885 3893 3130 3949 adduxit.
3155 3891 3271 3948 Lux
3299 3893 3467 3969 enim,
3490 3902 3543 3947 et
3563 3908 3658 3946 or-

2070 4000 2253 4056 natus,
2278 3995 2334 4044 et
2361 3988 2516 4062 ordo,
2547 3985 2912 4056 cognitionem
2946 3994 2999 4040 et
3025 3985 3278 4039 virtutem
3309 3984 3652 4056 signiﬁcant:

2069 4081 2305 4136 tenebrae
2347 4084 2538 4133 contra
2582 4085 2636 4131 et
2666 4073 2941 4143 confusio,
2992 4090 3113 4145 qua:
3145 4074 3311 4128 vitam
3352 4076 3651 4129 humanam

2066 4173 2220 4242 prius
2249 4170 2595 4249 obsidebant,
2628 4167 2818 4223 vitium
2861 4176 3025 4237 atque
3082 4165 3458 4238 ignorantiam
3484 4166 3653 4249 desi—

2065 4271 2256 4335 gnant.

2135 4355 2250 4412 Col.
2288 4356 2392 4412 645
2430 4356 2493 4410 Δ.
2559 4353 2694 4409 Hinc
2740 4353 3037 4426 Egyptum
3090 4354 3344 4425 fugimus,
3400 4354 3495 4406 hoc
3548 4363 3650 4416 est,

2071 4449 2219 4502 triste
2257 4457 2364 4503 etc.
2395 4446 2665 4512 Posthaec,
2701 4447 2904 4518 inquit,
2947 4454 3234 4518 peccatum
3308 4447 3455 4500 velut
3485 4443 3656 4518 ,Εεν-

376 4537 545 4596 atque
577 4536 749 4597 totus,
778 4538 831 4584 et
870 4531 989 4597 toti,
1020 4540 1073 4586 et
1098 4534 1351 4590 omnibus
1383 4536 1566 4589 omnia
1594 4540 1669 4591 tit.
1710 4538 1811 4593 Per
1832 4539 1962 4595 vici-
1994 4515 2048 4576 θ
2072 4551 2223 4611 ptum
2259 4540 2548 4611 quamdam
2602 4515 2878 4612 fugimus,
2928 4515 3074 4610 quod
3109 4538 3327 4610 quidem
3372 4539 3526 4592 triste
3556 4515 3652 4592 vo-

377 4636 510 4675 num
544 4622 732 4686 etiam,
768 4623 859 4692 qui
897 4622 962 4677 ad
1003 4624 1126 4695 agni
1161 4638 1315 4680 esum
1362 4627 1684 4694 assumitur,
1737 4631 1965 4699 gentiles

377 4714 677 4785 signiﬁcari
739 4727 995 4787 possunt.
1045 4718 1314 4784 Quoniam
1369 4720 1514 4774 enim
1548 4718 1718 4788 Judaei
1750 4734 1967 4794 propter

377 4806 546 4861 animi
569 4817 939 4879 paupertatem
974 4812 1294 4882 mysterium
1332 4811 1435 4867 hoc
1461 4813 1747 4884 concipere
1770 4816 1966 4885 nequi-

378 4908 579 4953 verunt
611 4916 626 4954 :
665 4899 869 4954 idcirco
899 4899 967 4955 ad
1007 4901 1259 4957 sacriﬁcii
1291 4903 1610 4958 societatem
1644 4913 1696 4957 et
1734 4919 1963 4960 consor—

380 4988 516 5043 tium
538 4990 738 5044 ethnici
783 4991 1008 5061 insuper
1036 4994 1300 5063 assumpti
1329 5003 1479 5050 sunt.
1534 4993 1704 5051 Porro
1736 4995 1788 5050 in
1822 5011 1963 5053 una-

381 5094 605 5149 quaque
627 5082 792 5136 domo
824 5082 1100 5152 perfectus
1129 5097 1246 5141 erat
1278 5101 1476 5157 agnus,
1509 5102 1610 5143 nec
1637 5087 1691 5141 in
1718 5087 1964 5143 diversas

382 5173 580 5227 domos
637 5172 999 5232 dividebatur.
1057 5177 1208 5233 Unus
1251 5180 1396 5234 enim
1441 5187 1604 5251 atque
1654 5180 1967 5238 individuus

379 5261 632 5317 Christus
661 5273 759 5330 est,
792 5280 855 5319 ac
887 5265 1020 5322 ﬁdes
1054 5283 1182 5322 una.

453 5356 572 5413 Col.
606 5356 711 5412 645
746 5358 809 5413 Α.
846 5357 987 5414 Hinc
1015 5378 1171 5416 sacra
1202 5379 1304 5417 nox
1326 5376 1373 5418 et
1403 5367 1677 5435 praesentis
1703 5370 1840 5435 vim,
1873 5369 1967 5425 hac

381 5458 483 5512 est,
518 5458 625 5504 etc.
658 5449 946 5523 Deinceps,
990 5453 1186 5524 ittquit,
1214 5465 1377 5527 atque
1422 5458 1613 5513 ordine
1652 5460 1877 5530 mystica
1912 5471 1967 5516 et

383 5548 437 5590 et
471 5549 820 5597 sacrosancta
853 5557 957 5597 nox
993 5543 1230 5609 advenit,
1272 5545 1488 5601 inimica
1531 5557 1585 5603 et
1616 5550 1787 5604 hostis
1817 5559 1966 5612 tenes

382 5629 556 5686 brosa:
582 5633 744 5703 hujus
779 5636 923 5702 vitae,
978 5652 1101 5706 qua:
1148 5653 1249 5691 nox
1307 5639 1466 5694 etiam
1494 5640 1563 5696 ob
1590 5658 1707 5698 eam
1739 5658 1958 5700 causam

457 5807 499 5841 "
534 5806 690 5866 Rom.
727 5829 822 5877 κη.
853 5815 884 5870 4

2075 4632 2313 4687 candum
2350 4640 2454 4698 est,
2489 4640 2550 4687 ut
2582 4632 2817 4687 tristitia:
2868 4646 3091 4687 causam
3128 4630 3383 4696 aﬁ‘ereus,
3455 4631 3652 4684 acerbe

2076 4736 2259 4781 autem
2294 4740 2655 4796 persequens,
2685 4735 2744 4781 ut
2771 4725 2829 4780 in
2859 4724 3100 4780 hominis
3134 4723 3427 4791 perniciem
3451 4735 3648 4774 excur-

2076 4817 2263 4873 siones
2296 4817 2523 4874 faciens.
2560 4816 2887 4889 Quanquam
2926 4817 3091 4871 etiam
3117 4815 3322 4885 alioqui
3358 4813 3648 4884 ngyptus,

2070 4909 2117 4964 si
2158 4906 2563 4979 interpreteris,
2605 4911 2858 4965 tenebras
2883 4916 3047 4966 sonat
3084 4925 3096 4960 :
3126 4907 3210 4962 ha.-
3252 4914 3433 4961 autem
3465 4907 3649 4960 tristes

2069 5008 2219 5056 sunt.
2251 4998 2495 5071 Egyptii
2532 5010 2713 5056 autem
2748 5000 3024 5057 lsraelitas
3057 4999 3553 5072 persequebantur,
3586 5005 3651 5051 ut

2071 5110 2167 5151 eos
2220 5095 2772 5166 comprehenderent.
2825 5093 2938 5150 Nec
2986 5108 3120 5149 vero
3174 5093 3410 5147 tristitiae
3450 5103 3651 5161 parens

2072 5194 2353 5258 peccatum
2386 5187 2565 5243 solum
2604 5186 2866 5258 fugimus,
2898 5199 3088 5240 verum
3122 5184 3285 5239 etiam
3313 5181 3647 5250 caliginoso-

2072 5294 2195 5333 rum
2226 5279 2535 5335 daemonum
2588 5278 2889 5349 principem
2929 5275 3153 5333 servilia
3201 5288 3388 5343 opera,
3447 5274 3649 5342 quibus

2071 5371 2285 5427 animus
2309 5370 2657 5441 opprimitur;
2681 5372 3061 5442 imperantem,
3089 5382 3154 5421 ac
3178 5366 3451 5420 daemones
3481 5363 3645 5419 etiam

2068 5464 2219 5534 ipsos
2270 5480 2551 5535 nunquam
2584 5479 2696 5520 non
2751 5465 3043 5528 instantes,
3089 5469 3257 5531 atque
3309 5457 3375 5513 ad
3433 5454 3645 5527 peccati

2068 5571 2209 5627 opus
2246 5556 2384 5612 dure
2444 5558 2749 5628 acerbeque
2809 5555 3150 5626 impellentes
3198 5560 3254 5608 et
3291 5551 3643 5619 adurgentes,

2066 5657 2230 5718 atque
2263 5649 2451 5704 eadem
2499 5664 2665 5705 causa
2700 5661 2924 5719 Operam
2984 5644 3269 5718 praefectos
3324 5642 3639 5714 appellatos.
