4116 6456
488 374 625 439 ι’ξοδ

1437 368 1765 432 NICETAS
1802 367 1885 428 IN
1926 364 2151 428 ORAT.
2194 366 2363 429 XLII
2404 365 2462 427 S.
2509 364 2741 429 GHEG.

3602 369 3736 432 19.66

482 482 958 554 Quemadmodum
1006 490 1189 538 autem
1249 482 1506 539 lsraelitaa
1560 482 1628 538 ad
1682 479 2061 552 promissionis
2094 487 2136 540 Α
2167 480 2268 534 hoc
2300 488 2402 542 est,
2432 478 2633 533 Christi
2671 477 2957 549 sanguine,
3006 478 3327 550 obsignandi
3355 489 3504 544 sunt,
3550 470 3736 537 unum

488 589 714 640 terram,
755 576 838 630 sic
861 590 961 630 nos
989 590 1208 644 quoque
1242 575 1308 629 ad
1333 589 1630 645 supernum
1657 573 1922 628 mundum
1951 572 2059 627 mi-

486 684 730 739 gratnns.
758 667 937 737 Atque
968 676 1025 723 ut
1056 667 1132 721 illi
1180 667 1295 722 luto
1331 677 1384 722 et
1428 668 1661 722 laterum
1695 665 2060 729 confectione,

486 763 682 817 eodem
722 764 886 817 modo
917 775 1019 817 nos
1070 760 1237 818 etiam
1273 760 1484 815 lubrica
1514 768 1569 814 et
1616 758 1783 813 infida
1815 758 2066 828 corporis

487 855 654 921 huius
714 853 1094 924 compactione
1150 853 1451 908 liberamur
1488 891 1503 916 ,
1570 851 1721 921 quod
1793 865 1860 904 ex
1919 859 2062 905 terra

485 956 932 1020 coagmentatum
999 957 1126 1012 est,
1184 948 1332 1003 unde
1390 957 1444 1002 et
1496 946 1694 1001 lateres
1751 956 1806 1001 et
1864 946 2060 999 lutum.

489 1040 662 1095 Porro
712 1056 1004 1110 compages
1053 1041 1166 1109 ipsa
1199 1040 1444 1110 corporis
1468 1078 1484 1103 ,
1524 1047 1716 1108 suapte
1749 1048 1941 1092 natura
1995 1037 2060 1091 ad

488 1134 846 1189 olfensionem
892 1141 949 1187 et
1003 1141 1286 1201 peccatum
1336 1130 1620 1200 proclivis,
1676 1131 1818 1198 apud
1863 1128 2065 1183 multos

488 1219 743 1278 homines
767 1232 929 1293 atque
961 1223 1253 1278 interiores
1277 1230 1331 1277 et
1368 1221 1679 1292 ignaviores
1712 1221 1780 1275 ad
1817 1221 2062 1289 volupta-

499 1324 582 1369 tes
605 1316 676 1369 ita
733 1315 893 1369 facile
929 1314 1183 1379 solvitur,
1229 1322 1284 1369 et
1314 1313 1581 1368 effrenato
1612 1314 1815 1381 impetu
1866 1313 2061 1375 fertur,

490 1414 552 1460 ut
573 1421 641 1461 ne
673 1405 1217 1476 palearibusquidem
1250 1405 1577 1466 rationibus,
1598 1405 1699 1459 hoc
1724 1412 1826 1470 est,
1853 1404 2063 1471 exiguis

482 1507 542 1553 et
590 1498 800 1553 levibus
839 1505 1158 1553 coerceatur
1218 1505 1273 1551 et
1323 1497 1754 1565 constringatur,
1802 1495 2063 1566 quemad-

488 1590 708 1643 modum
755 1590 955 1645 lateres
1008 1588 1183 1659 paleis
1212 1605 1229 1643 :
1257 1604 1446 1643 verum
1481 1588 1581 1642 luti
1635 1588 1811 1643 instar
1862 1587 1930 1642 ad
1963 1603 2062 1642 vo-

463 1682 723 1750 .iuptates
753 1681 966 1734 laxetur
1000 1695 1066 1735 ac
1107 1679 1471 1735 diﬂ‘undatur.
1521 1678 1736 1733 Etenim
1765 1679 2060 1734 convenie-

488 1775 582 1828 bat
618 1788 739 1840 nos,
779 1774 966 1829 densis
996 1788 1061 1830 ae
1097 1773 1290 1830 solidis
1329 1782 1385 1828 et
1415 1773 1799 1844 spiritualibus
1832 1775 2060 1829 rationi-

486 1868 588 1923 bus
615 1877 999 1933 construclos,.
1037 1882 1068 1922 a
1100 1866 1262 1922 fmdis
1292 1867 1669 1937 voluptatibus
1699 1877 1923 1938 propter
1960 1868 2052 1922 Dei

484 1972 726 2013 amorem
778 1959 1054 2029 restringi.
1101 1960 1174 2012 At
1204 1974 1350 2013 nunc
1401 1959 1799 2029 improbissimi
1849 1959 2055 2030 quique

483 2065 554 2104 ne
591 2049 974 2105 subventaneis
1003 2049 1221 2119 quidem
1274 2057 1327 2103 et
1377 2049 1590 2104 levibus
1625 2050 1933 2105 rationibus
1975 2061 2057 2106 te-

487 2149 687 2196 nentur
719 2156 784 2196 ae
829 2141 1199 2212 reperiuntur.
1237 2150 1297 2197 ut
1347 2141 1394 2198 si
1449 2157 1555 2196 non
1589 2153 1812 2212 propter
1858 2142 2052 2207 Deum,

482 2234 676 2288 saltem
711 2234 778 2290 ad
811 2233 1026 2290 laudem
1075 2233 1363 2289 hominum
1397 2235 1747 2292 emerendam
1780 2251 1809 2290 a
1841 2236 2061 2307 flagitiis

483 2326 818 2383 abstineant.

555 2414 687 2470 lbid.
729 2413 790 2468 Β.
822 2413 962 2470 Hinc
998 2432 1164 2489 agnus
1189 2425 1489 2484 mactatur,
1543 2429 1706 2489 atque
1758 2422 1921 2487 actio,
1948 2430 2055 2476 etc.

480 2506 621 2560 Cum
685 2507 1015 2576 tripartitam
1063 2510 1243 2564 anima
1302 2517 1490 2564 nostra
1540 2511 1811 2566 rationem
1865 2513 2061 2569 habeat

482 2593 768 2663 (dividitur
827 2594 994 2665 enim)
1045 2597 1405 2664 rationalem,
1473 2584 1956 2668 concupiscibilem
2005 2612 2060 2657 et

483 2684 839 2753 irascibilem,
895 2687 1144 2755 postibus
1216 2689 1439 2759 quidem
1473 2692 1779 2761 comparari
1826 2704 2059 2762 possunt

483 2778 563 2832 ira
591 2786 646 2831 et
673 2778 1155 2847 concupiscentia;
1194 2780 1367 2835 limini
1410 2790 1593 2836 autem
1640 2783 1980 2849 conciliatrix
2006 2795 2061 2841 et

483 2869 762 2925 eollectrix
790 2885 980 2925 earum
1019 2871 1161 2927 ratio
1188 2874 1407 2943 utrique
1435 2876 1754 2945 conjuncta,
1795 2885 1962 2947 atque
1989 2878 2058 2933 ab

485 2970 719 3032 utraque
760 2972 1089 3020 sustentata.
1142 2965 1223 3021 Ad
1255 2965 1635 3023 fortitudinem
1684 2970 1830 3024 enim
1869 2971 1940 3026 ab
1979 2972 2058 3025 ira

482 3053 849 3123 obfirmatur.,:
883 3058 949 3111 ad
980 3059 1321 3113 consortium
1351 3070 1531 3115 autem
1567 3064 1768 3116 summi
1800 3064 1929 3119 boui
1964 3080 2059 3135 per

2164 570 2507 631 claudantur,
2536 585 2596 623 ac
2628 570 2759 624 nihil
2785 579 2968 639 agant,
3002 586 3190 625 verum
3234 581 3295 627 ut
3336 573 3737 643 insculpantur.

2169 670 2338 732 atque
2397 661 2714 732 huiusmodi
2766 663 2983 732 signum
3020 671 3074 717 et
3104 664 3444 734 exemplares
3478 674 3635 720 notas
3686 666 3739 718 in

2165 754 2365 823 seipsis
2416 754 2657 825 integras
2713 764 2955 810 servent.
2994 753 3088 809 Vel
3120 755 3286 810 etiam
3332 766 3394 810 ut
3450 756 3741 812 hostilibus

2165 846 2339 916 copiis
2370 853 2633 902 terrorem
2695 846 2946 912 afferant,
3005 848 3474 917 quemadmodum
3525 850 3735 920 regium

2166 940 2387 1009 signum
2423 939 2837 996 formidolosum
2869 955 2991 995 esse
3023 941 3180 996 solet.

2238 1031 2372 1085 lbid.
2410 1030 2547 1086 [line
2572 1042 2858 1100 postrema,
2897 1043 2946 1087 et
2975 1034 3395 1102 persecutoribus
3422 1036 3739 1106 gravissima

2163 1125 2344 1195 plaga,
2388 1135 2492 1181 etc.
2558 1125 2751 1181 Decem
2782 1126 2972 1195 plagas
3012 1128 3066 1180 in
3127 1126 3476 1181 Hebraeorum
3504 1129 3735 1197 gratiam

2168 1214 2430 1270 Dominus
2455 1214 2728 1287 IEgyptiis
2777 1216 2993 1272 indixit.
3022 1216 3206 1271 Prima
3246 1218 3347 1273 fuit
3379 1219 3604 1288 sanguis
3628 1220 3735 1284 ille,

2165 1308 2256 1375 qui
2308 1321 2380 1361 ex
2437 1322 2703 1377 aquarum
2753 1309 3175 1380 congregatione
3223 1310 3617 1377 hauriebatur;
3653 1328 3739 1367 se-

2163 1399 2339 1454 cunda
2396 1415 2563 1466 ranae;
2626 1401 2784 1456 tertia
2820 1402 3096 1472 ciniphes;
3146 1412 3342 1474 quarta
3408 1406 3738 1476 cynomyia;

2163 1492 2352 1560 quinta
2416 1492 3197 1563 quadrupedum.interitus;
3266 1505 3420 1553 sexta
3505 1500 3735 1564 vesicas;

2163 1584 2396 1654 septima
2426 1586 2634 1655 grando
2658 1586 2898 1643 triticum
2922 1597 3247 1656 conterens;
3296 1599 3486 1646 octava
3517 1591 3740 1648 locusta:

2164 1673 2356 1730 viridia
2381 1677 2567 1732 omnia
2590 1678 2951 1749 populantes;
2986 1694 3127 1735 nona
3155 1680 3457 1750 palpabiles
3479 1682 3737 1747 tenebrae;

2163 1768 2375 1825 decima
2451 1770 2910 1842 primognitorum
2985 1774 3292 1843 oppressio.
3372 1774 3550 1845 Atque
3623 1776 3738 1831 hac

2162 1861 2317 1932 plaga
2355 1863 2546 1919 ordine
2567 1865 2786 1934 quidem
2812 1874 3085 1935 postrema
3113 1875 3251 1931 erat,
3275 1869 3523 1938 supplicii
3555 1876 3737 1924 autem

2161 1953 2425 2022 gravitate
2450 1954 2854 2027 prima.Neque
2883 1959 3030 2013 enim
3062 1973 3184 2013 eam
3214 1957 3458 2031 Egyptii
3486 1963 3736 2031 perferre

2161 2054 2474 2115 potuerunt,
2495 2048 2587 2104 sed
2610 2059 2735 2105 tune
2767 2049 3030 2106 lsraelitis
3065 2050 3380 2108 discedendi
3409 2060 3731 2123 potestatem

2163 2136 2429 2195 fecerunt.
2471 2139 2674 2195 Eodem
2709 2143 2873 2197 modo
2898 2142 3240 2199 daemonibus
3260 2158 3500 2214 quoque,
3520 2144 3702 2199 anima
3723 2172 3737 2186 -

2162 2245 2282 2285 rum
2337 2240 2651 2288 nostrarum
2707 2235 3174 2304 persecutoribus,
3230 2234 3552 2306 gravissima
3623 2236 3737 2292 haec

2161 2333 2322 2391 poena
2355 2323 2613 2390 .videtur,
2647 2325 2867 2395 quando
2916 2325 2969 2379 in
3012 2326 3196 2380 animo
3227 2324 3296 2380 ab
3326 2326 3479 2381 omni
3505 2334 3740 2382 ostenta-

2162 2414 2311 2470 tione
2341 2415 2520 2470 alieno
2544 2424 2709 2487 atque
2736 2417 2925 2471 humili
2950 2426 3009 2473 et
3034 2416 3268 2486 abjecto,
3296 2418 3457 2488 quasi
3485 2419 3540 2472 in
3571 2427 3735 2474 nocte

2160 2506 2420 2576 quadam,
2452 2506 2816 2577 primogenita
2848 2507 3079 2578 peccati,
3145 2507 3249 2563 hoc
3303 2515 3388 2563 est
3412 2507 3588 2578 prima
3622 2507 3736 2562 vitii

2162 2597 2313 2667 origo
2381 2607 2431 2652 et
2494 2597 2871 2668 principium,
2949 2613 2977 2651 a
3045 2597 3206 2653 nobis
3257 2599 3734 2670 exstinguuntur:

2160 2687 2619 2757 quemadmodum
2654 2688 2707 2742 in
2739 2686 3035 2759 Evangelia
3055 2688 3308 2745 Christus
3348 2689 3574 2755 docet",
3609 2704 3734 2745 cum

2159 2780 2312 2849 iubet
2344 2794 2446 2833 nos
2493 2779 2793 2848 cupiditate
2851 2787 3019 2850 atque
3078 2780 3159 2835 ira
3210 2783 3541 2851 compressis
3572 2791 3737 2852 atque

2161 2872 2392 2928 sublatis
2422 2872 2689 2942 intrepido
2719 2873 2904 2929 animo
2933 2888 3077 2938 esse,
3113 2888 3215 2929 nec
3238 2874 3352 2945 jam
3391 2874 3471 2929 vel
3518 2875 3735 2932 adulte-

2167 2964 2234 3019 rii
2264 2964 2465 3030 scelus,
2491 2964 2574 3021 vel
2621 2964 2787 3022 caedis
2822 2965 3100 3035 piaculum
3130 2966 3536 3037 pertimescere.
3584 2966 3732 3021 Neu-

2164 3067 2306 3111 trum
2338 3056 2481 3111 enim
2517 3057 2710 3111 horum
2758 3071 2787 3112 a
2839 3057 3020 3128 seipse
3052 3058 3353 3113 consistere
3391 3073 3573 3128 posse,
3625 3059 3734 3115 nisi

485 3147 996 3216 concupiscentiam
1066 3149 1407 3205 subvehitur.
1462 3152 1617 3207 Caeso
1676 3153 1843 3223 igitur
1894 3170 2054 3224 agno,
2086 3174 2128 3232 ε
2161 3151 2361 3206 eaedem
2398 3150 2703 3216 iracundia,
2750 3149 3076 3204 adulterium
3108 3150 3554 3221 concupiscentia
3603 3167 3734 3222 pro~

482 3242 772 3295 domorum
812 3251 996 3312 postes
1024 3244 1199 3313 ipsius
1233 3260 1431 3299 cruore
1466 3246 1634 3300 imbui
1669 3248 1750 3300 lex
1788 3250 2052 3320 prtecipit.

481 3332 697 3398 Quibus
753 3334 1052 3404 significari
1110 3348 1341 3405 possunt
1372 3338 1514 3392 actio
1547 3349 1600 3392 et
1642 3341 2052 3410 contemplatio.

481 3423 937 3494 Quandoquidem
976 3426 1177 3496 duplex
1214 3442 1433 3497 quoque
1475 3439 1661 3484 nostra
1709 3431 2053 3501 phil050phia

481 3512 589 3576 rst',
627 3513 803 3568 activa
857 3523 915 3570 et
973 3515 1331 3584 speculativa,
1385 3518 1500 3573 sive
1539 3519 1757 3575 habitus
1791 3533 1843 3575 et
1877 3533 2053 3579 actus.

484 3605 885 3675 Philosophiam
940 3621 1106 3676 porro
1156 3615 1395 3661 nostram
1449 3623 1567 3662 eam
1607 3610 1728 3665 vita:
1782 3615 2052 3669 rationem

484 3711 640 3759 voco,
673 3713 793 3767 qua:
816 3698 1115 3753 secundum
1150 3698 1353 3753 Cltristi
1380 3699 1686 3755 doctrinam
1726 3702 2050 3760 instituitur.

486 3790 551 3842 Et
571 3790 793 3859 quidem
831 3790 1009 3845 activa
1049 3789 1394 3860 philosophia
1432 3805 1495 3845 ea
1525 3792 1629 3847 vita
1662 3799 1767 3859 est,
1803 3794 1856 3849 in
1888 3810 2052 3866 quam

481 3879 631 3934 nulla
684 3881 1034 3951 reprehensio
1074 3881 1262 3936 cadit:
1296 3876 1632 3951 speculativa
1691 3892 1914 3949 autem,
1969 3896 2054 3942 est

483 3980 632 4027 recta
673 3972 937 4027 doctrinae
975 3972 1103 4029 ﬁdei
1131 3973 1428 4030 sententia.
1458 3973 1670 4031 Rursus
1698 3976 1914 4033 habitus
1943 3991 2049 4044 est,

480 4060 741 4116 diuturna
790 4064 856 4118 ad
917 4064 1171 4119 virtutem
1203 4068 1371 4122 animi
1430 4069 1671 4136 affectio,
1711 4078 1872 4138 atque
1906 4068 2069 4140 ejus-g

489 4154 655 4219 modi,
703 4162 763 4209 ut
783 4155 876 4209 vix
912 4155 1093 4210 excuti
1125 4159 1296 4226 possit
1327 4175 1342 4213 :
1375 4168 1534 4215 actus
1558 4171 1763 4226 autem,
1813 4161 1927 4232 ipsa
1972 4170 2054 4215 est

476 4245 645 4299 actio.
690 4244 810 4300 1am
855 4260 988 4301 vero
1029 4248 1169 4302 ostia
1225 4248 1328 4304 hoc
1383 4249 1505 4306 loco
1555 4252 1811 4307 dicuntur
1856 4252 2054 4308 mentis

478 4336 805 4406 agitationes
850 4347 904 4393 et
926 4339 1203 4410 dogmata,
1263 4343 1591 4413 agitationes
1620 4346 1864 4415 quidem,
1926 4362 2049 4400 cum

480 4443 637 4483 mens
688 4429 892 4499 aliquid
925 4433 1172 4501 exquirit
1201 4447 1266 4487 ac
1299 4438 1496 4489 secum
1561 4445 1764 4500 versat,
1799 4438 2049 4508 dogmata

2164 3242 2366 3298 tulerit.
2401 3242 2669 3308 Quocirca
2726 3258 2850 3297 cum
2903 3241 2950 3296 is
3006 3243 3097 3311 qui
3134 3243 3362 3299 vitiosos
3419 3243 3562 3300 fetus
3598 3244 3731 3311 edit,

2162 3342 2289 3388 ante
2345 3331 2675 3387 adulterium
2741 3332 3283 3402 concupiscentiam,
3339 3342 3467 3390 ante
3527 3333 3732 3390 easdem

2162 3423 2498 3479 iracundiam
2536 3424 2732 3494 pariat,
2778 3426 2823 3479 si
2873 3425 3096 3495 quidem
3132 3426 3554 3496 primogenitum
3601 3441 3729 3481 sus-

2164 3515 2389 3583 tulerit,
2453 3516 2595 3571 haud
2636 3517 2800 3572 dubie
2861 3516 3030 3572 fetum
3094 3532 3317 3589 quoque
3372 3519 3732 3590 primogenita

2160 3609 2541 3664 succedentem
2597 3608 2898 3664 sustulerit.
2958 3608 3062 3664 Sed
3114 3609 3397 3665 videamus
3442 3626 3564 3679 quae
3624 3611 3734 3665 sint

2158 3699 2547 3769 cogitationum
2620 3699 3005 3768 primogenita,
3066 3713 3188 3769 qua;
3245 3700 3372 3756 item
3419 3701 3724 3761 actionum.

2158 3807 2301 3860 quae,
2339 3800 2398 3845 ut
2427 3792 2733 3860 pereuntia,
2789 3793 2944 3846 luctu
2983 3794 3337 3863 prosequitur
3356 3791 3655 3862 IEgyptus,
3678 3794 3731 3848 id

2156 3890 2262 3944 cst,
2314 3890 2620 3951 peccatum.
2661 3879 2877 3950 Turpes
2930 3894 2996 3934 ac
3049 3879 3209 3935 foedae
3264 3880 3624 3950 cogitationes
3676 3880 3729 3933 in

2158 3974 2271 4028 haec
2302 3972 2404 4026 tria
2440 3971 2805 4027 dividuntur:
2842 3971 2896 4026 in
2936 3971 3326 4036 intentionem,
3369 3971 3422 4026 in
3469 3986 3734 4042 congres-

2157 4064 2391 4128 sionem,
2416 4077 2539 4132 qua:
2570 4069 2625 4118 et
2655 4061 2800 4116 lucta
2847 4061 3184 4128 nominatur,
3229 4070 3287 4118 et
3322 4063 3378 4116 in
3404 4062 3727 4119 consensio-

2157 4171 2303 4210 nem.
2339 4153 2479 4225 Ergo
2510 4152 2813 4223 primigena
2856 4152 3113 4225 cogitatio
3154 4152 3261 4207 dici
3306 4153 3501 4224 possit,
3548 4155 3724 4224 prima

2155 4257 2211 4302 et
2257 4245 2542 4301 affectibus
2575 4245 2894 4315 perturbata
2931 4245 3195 4309 intentio,
3241 4253 3407 4315 atque
3435 4247 3719 4315 appetitio.

2154 4339 2446 4394 Aetionum
2473 4346 2655 4392 autem
2680 4335 3063 4408 primogenita,
3094 4336 3306 4392 vitiosa
3334 4337 3720 4392 ratiocinatioa

2157 4446 2253 4487 nes
2282 4438 2336 4486 et
2363 4428 2742 4498 cogitationes,
2775 4442 2806 4481 a
2839 4426 3041 4497 quibus
3072 4435 3354 4497 peceatum
3398 4426 3554 4492 illud,
3581 4428 3725 4496 quod

478 4530 686 4586 autem,
716 4537 840 4576 cum
876 4522 1098 4580 notitias
1140 4527 1406 4595 quasdam
1435 4543 1532 4597 per
1561 4543 1622 4583 se
1654 4528 1814 4584 fidem
1840 4529 2041 4586 faeien—
2084 4522 2126 4576 Ι)
2157 4521 2325 4577 animi
2371 4519 2692 4575 aSSCﬂSione
2744 4528 3027 4587 Pa‘ramus
3061 4556 3076 4583 ν
3127 4518 3195 4572 ad
3251 4527 3434 4572 30mm
3505 4517 3723 4571 ιείηίΙειιὶ

480 4625 583 4680 tes,
607 4626 660 4671 ct
689 4625 837 4673 ratas
867 4618 1163 4689 firmasque
1188 4617 1495 4691 dogmatice
1524 4622 1738 4677 retinet.
1778 4624 2050 4692 Aperiun-

481 4718 570 4761 tur
616 4723 779 4778 porro
832 4709 1150 4778 huiusmodi
1202 4712 1570 4781 agitationes,
1621 4713 1841 4781 quoties
1895 4730 2051 4770 mens

478 4803 726 4868 qumdam
770 4802 1043 4858 invenerit
1074 4807 1140 4858 ad
1174 4805 1297 4874 ejus
1326 4805 1693 4876 cognitionem
1743 4809 2047 4876 perceptio—

481 4907 716 4960 ncmque
733 4893 1027 4957 venientia,
1047 4909 1222 4960 eaque
1247 4905 1540 4964 exceptura
1558 4906 1642 4950 est
1675 4914 1689 4950 :
1723 4896 2052 4951 clauduntur

482 4991 692 5048 autem,
738 4996 864 5037 cum
898 4982 972 5047 id,
1006 4983 1150 5051 quod
1187 4984 1512 5054 exquiritur,
1548 4985 1719 5056 ipsius
1747 4985 2055 5056 intelligen-

480 5073 611 5124 tiam
666 5081 908 5143 superat.
970 5073 1430 5145 Quandoquidem
1491 5076 2045 5145 comprehensionum

475 5176 696 5232 quoque
730 5162 899 5216 animi
935 5164 1126 5217 modus
1178 5164 1401 5234 quidam
1429 5174 1533 5222 est.
1580 5166 1713 5222 Nam
1752 5175 1807 5222 et
1839 5168 2042 5223 mentis

474 5253 992 5322 comprehensiones
1024 5255 1247 5309 modum
1283 5272 1442 5311 suum
1484 5257 1722 5323 habent,
1783 5267 1947 5326 atque
1981 5273 2044 5313 ea

482 5344 713 5413 percipit
746 5358 919 5411 mens,
979 5361 1102 5414 quae
1137 5345 1238 5414 ipsi
1301 5349 1523 5415 assequi
1571 5348 1715 5402 licet.
1766 5348 2043 5403 Interdum

473 5444 656 5487 autem
707 5448 862 5490 mens
927 5447 1114 5505 portas
1164 5452 1295 5493 suas
1350 5438 1656 5505 claudens,
1719 5439 2046 5509 agitationes

475 5525 711 5592 rrpellil,
743 5534 798 5579 et
822 5541 853 5579 a
885 5541 944 5580 se
976 5530 1249 5583 amolitur.
1286 5529 1539 5594 Proinde,
1568 5540 1623 5584 et
1661 5530 1804 5584 actio
1832 5539 2043 5596 nostra,

469 5628 523 5672 ct
551 5617 961 5686 contemplatio,
998 5630 1051 5675 ct
1084 5621 1324 5687 habittts,
1378 5632 1431 5678 et
1461 5633 1635 5689 actus,
1682 5624 1830 5694 regio
1865 5623 2044 5692 signo,

543 5793 585 5823 ¹⁸
624 5793 811 5848 Matth.
844 5810 894 5860 ν,
940 5794 958 5847 Ι
999 5811 1151 5866 seqq.

2152 4613 2513 4685 progreditur.
2549 4610 2875 4682 Huiusmodi
2932 4611 3101 4683 igitur
3143 4610 3316 4680 plaga.
3351 4616 3519 4683 nocte.
3560 4609 3721 4679 digna

2150 4714 2254 4759 est.
2286 4701 2472 4758 Noctis
2502 4701 2649 4758 enim
2678 4717 2741 4756 ac
2769 4699 3054 4756 dedecoris
3075 4703 3141 4754 tet
3192 4698 3505 4768 ignominiae
3534 4712 3722 4767 opera,

2152 4795 2315 4867 digna
2374 4803 2503 4851 sunt
2553 4809 2673 4864 qua:
2710 4801 2868 4846 nocte
2916 4799 3082 4860 atque
3120 4789 3458 4845 obscuritate
3488 4798 3544 4844 et
3585 4790 3725 4844 obli-

2153 4888 2314 4942 vione
2342 4886 2672 4942 obruantur.
2700 4884 2989 4939 Enimvero
3025 4882 3140 4937 haec
3170 4882 3529 4952 primogenita
3552 4883 3722 4939 Isaias

2166 4994 2353 5034 semen
2386 4977 2739 5033 Chaldaicum
2777 4975 3031 5045 appellat,
3066 4974 3230 5028 Deum
3262 4972 3528 5028 inducens
3549 4972 3722 5030 Israe-

2146 5074 2356 5129 liticum
2408 5072 2668 5141 populum
2729 5070 2809 5125 sic
2882 5069 3254 5139 alloquentem
3293 5085 3306 5121 :
3344 5066 3587 5137 Diligens
3646 5077 3718 5133 te,

2148 5165 2484 5220 voluntatem
2542 5169 2692 5217 tuam
2746 5160 2957 5231 explevi
3014 5175 3180 5230 super
3226 5159 3557 5231 Babylonem
3588 5199 3604 5226 ,
3659 5170 3718 5215 ut

2145 5256 2527 5313 Chaldaeorum
2589 5270 2772 5310 semen
2826 5255 3093 5309 tollerem.
3123 5251 3367 5319 Quorum
3428 5254 3718 5308 verborum

2146 5349 2262 5404 haec
2310 5347 2582 5401 sententia
2605 5354 2688 5401 est
2722 5363 2739 5397 :
2770 5345 3066 5414 Cupiebas,
3103 5358 3137 5399 o
3178 5343 3365 5409 lsrael,
3423 5344 3492 5399 de
3543 5343 3720 5397 medio

2148 5437 2258 5493 tolli
2315 5435 2671 5504 funditusque
2706 5433 2875 5489 deleri
2931 5433 3217 5488 Chaldaeos
3260 5441 3315 5487 et
3367 5430 3717 5502 Babylonios,

2145 5527 2236 5597 qui
2266 5535 2317 5580 te
2343 5525 2483 5579 bello
2511 5524 2869 5579 lacessebant.
2891 5525 3068 5594 Atque
3092 5528 3167 5578 ita
3200 5521 3322 5578 feci.
3346 5519 3711 5587 Quamobrem

2148 5618 2191 5675 si
2232 5617 2333 5689 ipsi
2367 5631 2587 5687 quoque
2623 5614 3003 5671 confusionem
3055 5632 3173 5672 eam
3228 5630 3332 5685 qua
3393 5615 3715 5685 premimur,
