4116 6454
393 361 529 424 1367

1808 363 2191 424 ADDENDA.

3516 358 3539 424 1
3550 360 3652 426 368

392 475 446 530 id
477 474 622 528 enim
668 473 908 544 Banyton
943 474 1237 542 signiﬁcat,
1275 488 1304 527 a
1337 473 1494 527 nobis
1537 471 1738 526 auferri
1781 473 1968 542 cupie—
2001 479 2046 534 Α
2076 487 2264 527 verum
2331 486 2532 541 agnum
2569 470 2859 527 avertitur.
2893 471 3086 541 Neque
3138 471 3284 527 enim
3345 470 3654 540 ingressum

395 567 590 629 rimus,
624 565 964 619 inveniemus
991 564 1158 618 Deum
1201 564 1468 618 voluntati
1510 574 1713 617 nostra:
1745 563 1969 619 satisfa-

392 659 648 723 cientem,
679 673 743 712 ac
773 669 957 727 turpes
977 666 1030 711 et
1053 657 1295 727 impuras
1320 657 1701 726 cogitationes,
1727 658 1970 711 nondum

392 752 626 815 adultas,
673 750 766 805 sed
813 758 1032 803 teneras
1083 748 1262 803 adhuc
1298 749 1636 816 seminisque
1697 747 1969 802 rationem

394 845 655 898 habentes
699 843 1174 897 exterminantem.
1217 841 1384 895 David
1442 851 1623 895 autem
1659 841 1972 912 huiusmodi

393 937 596 1005 peccati
631 935 899 1006 principia
923 945 976 988 et
999 935 1208 991 radices
1243 936 1494 1005 parvulos
1528 935 1854 1006 Babylonios
1879 951 1974 990 vo-

391 1037 497 1086 rat,
532 1027 722 1080 dicetis
746 1044 758 1080 :
781 1024 923 1078 Filia
943 1025 1234 1095 Babylonis
1274 1026 1488 1090 misera,
1510 1026 1695 1078 beatus
1714 1026 1974 1096 quiretri-

391 1121 507 1171 buel
532 1117 624 1170 tibi
646 1117 1048 1171 retributionem
1083 1125 1250 1182 tuam,
1275 1133 1437 1186 quam
1475 1118 1768 1171 retribuisti
1802 1117 1970 1171 nobis.

396 1211 612 1278 Beatus,
629 1211 719 1280 qui
737 1211 1004 1271 tenebit,et
1019 1209 1202 1262 allidet
1218 1209 1464 1277 parvulos
1481 1218 1595 1262 tuos
1613 1209 1683 1262 ad
1698 1209 1972 1277 petram".

393 1304 664 1368 Quoniam
692 1304 837 1356 enim
859 1302 1014 1371 juxta
1055 1301 1375 1357 historicum
1417 1317 1638 1356 sensum
1670 1301 1974 1372 Babylonii,

393 1397 611 1452 Judaeos
652 1397 796 1451 bello
846 1396 1086 1468 aggressi
1109 1436 1124 1457 ,
1159 1395 1478 1465 captivitate
1503 1409 1598 1450 eos
1633 1405 1973 1465 presserunt,

393 1505 457 1544 ac
493 1489 820 1562 Babylonem
859 1490 1226 1552 abduxerunt,
1252 1489 1572 1559 multosque
1605 1487 1974 1544 lsraelitarum

395 1582 654 1650 puerulos
685 1581 802 1637 solo
831 1581 1018 1636 allisos
1041 1582 1462 1637 obtruncarunt.
1488 1580 1761 1650 Propheta
1788 1581 1976 1636 beatos

393 1684 492 1723 eos
527 1671 865 1738 pronuntiat,
900 1671 996 1739 qui
1035 1669 1224 1725 eadem
1255 1669 1596 1724 crudelitatis
1629 1669 1878 1738 exempla
1918 1670 1972 1722 in

399 1761 726 1832 Babylonios
762 1761 924 1818 edere
959 1770 1237 1832 poterunt.
1272 1759 1436 1816 Juxta
1485 1761 1843 1830 allegoricnm
1877 1777 1974 1816 au-

394 1862 503 1907 tem
544 1868 792 1919 sensum,
847 1852 1092 1924 Babylon
1122 1852 1376 1909 confusio
1423 1863 1532 1908 est.
1614 1851 1791 1923 Hujus
1840 1854 1972 1918 ﬁlia,

398 1945 706 2013 iniquitas,
765 1959 928 2015 quam
993 1945 1216 2014 quidem
1273 1945 1441 2000 etiam
1503 1945 1762 2000 miseram
1816 1953 1975 2000 vocat

395 2035 685 2103 Propheta,
729 2045 916 2106 utpote
948 2037 1097 2105 quod
1139 2052 1246 2091 non
1295 2036 1386 2101 sit,
1422 2051 1524 2092 nec
1555 2037 1844 2103 subsistat,
1875 2037 1973 2092 sed

393 2127 606 2182 incuria
647 2139 838 2184 nostra
868 2143 935 2183 ex
988 2128 1162 2184 nihilo
1189 2131 1459 2186 conﬁetur
1488 2139 1653 2200 atque
1686 2130 1972 2196 subsistat,

393 2237 458 2274 ac
489 2236 680 2277 rursus
708 2236 806 2290 per
835 2222 1091 2276 virtutem
1123 2230 1366 2278 nostram
1390 2232 1445 2278 et
1461 2234 1606 2278 recte
1630 2223 1772 2278 facta
1805 2224 1976 2277 inter-

393 2321 504 2377 eat,
541 2321 702 2380 atjue
734 2315 788 2368 in
820 2314 1050 2369 nihilum
1088 2315 1296 2368 redeat.
1357 2315 1440 2369 Ad
1493 2316 1635 2370 hanc
1689 2315 1856 2385 igitur
1895 2318 1976 2371 sic

394 2405 636 2472 loquitur
662 2402 930 2473 Propheta
963 2403 1196 2460 :Beatus
1227 2405 1316 2461 ille
1355 2406 1570 2460 futurus
1601 2407 1980 2476 est,quiretri-

393 2492 514 2544 buet
565 2493 660 2545 tibi
701 2494 1101 2547 retributionem
1141 2503 1496 2563 tuam,quam
1538 2495 1834 2550 retribuisti
1868 2513 1977 2550 na—

394 2583 557 2636 bis“.
607 2582 744 2648 Quid
777 2595 959 2638 autem
1002 2585 1300 2640 dedimus?
1344 2586 1680 2642 voluntatem
1705 2598 1974 2654 nostram,

398 2675 502 2728 hoc
545 2685 652 2738 est,
704 2674 1008 2729 libertatem
1040 2691 1054 2727 :
1087 2690 1187 2730 nec
1215 2677 1358 2730 enim
1408 2691 1606 2732 servus
1639 2678 1974 2732 voluntatem

394 2766 579 2820 habet.
610 2765 749 2831 Quid
803 2781 968 2835 porro
1029 2767 1380 2836 recepimus?
1438 2777 1743 2835 peccatum.
1795 2768 1976 2834 Quare

400 2855 538 2910 illud
565 2857 898 2911 reddendum
941 2865 1046 2912 est.
1087 2855 1336 2910 Reddere
1389 2866 1596 2922 autem,
1651 2857 1786 2911 nihil
1830 2857 1974 2912 aliud

393 2957 499 3011 est,
528 2963 689 3018 quam
738 2949 790 3001 in
842 2958 1118 3018 posterum
1150 2948 1282 3003 il‘ud
1314 2965 1422 3002 non
1446 2950 1752 3004 admittere.
1781 2949 1976 3005 Beatus

393 3040 584 3102 etiam,
620 3041 804 3110 inquit
852 3041 967 3104 ille,
998 3041 1092 3111 qui
1147 3056 1346 3103 pravas
1381 3042 1744 3114 cogitationes
1793 3043 1975 3096 adhuc

2077 564 2560 619 exterminatorem
2599 572 2717 618 arte
2751 573 2805 619 et
2839 564 3072 618 consilio
3115 564 3440 633 expellimus
3483 575 3653 634 atque

2073 656 2454 723 exturbamus,
2489 656 2609 722 sed,
2646 671 2712 712 ne
2747 656 3054 710 ullo‘modo
3090 656 3144 710 in
3184 657 3399 711 animos
3431 666 3653 713 nostros

2078 749 2307 818 irrepat,
2344 763 2604 804 cavemus
2630 757 2794 818 atque
2830 748 3204 818 providemus.
3251 749 3447 801 Cautio
3474 759 3656 803 autem

2079 838 2197 892 hmc
2231 838 2286 891 in
2343 839 2609 894 unctione
2645 847 2700 894 et
2759 839 3147 908 obsignatione
3196 839 3472 894 consistit.
3510 839 3662 895 lianc

2076 931 2222 984 enim
2258 930 2312 985 in
2364 930 2525 987 nobis
2583 931 2975 1000 exterminator
3011 921 3318 1001 reperiens,
3376 942 3660 988 reveretur

2077 1033 2241 1089 atque
2263 1022 2574 1077 extimescit
2617 1031 2671 1077 et
2699 1021 2923 1088 recedit,
2951 1038 3016 1078 ac
3048 1038 3197 1077 mors
3233 1023 3376 1077 ultra
3418 1025 3657 1092 prosilit.

2076 1116 2351 1181 Quoniam
2380 1125 2564 1170 autem
2613 1116 2810 1186 duplex
2842 1116 3006 1170 morti
3059 1117 3126 1171 ad
3163 1130 3262 1171 nos
3295 1116 3480 1171 aditus
3510 1125 3659 1185 patet

2079 1209 2197 1278 (aut
2236 1209 2383 1263 enim
2439 1207 2653 1278 judicio
2708 1223 2773 1262 ac
2827 1208 3040 1263 ratione
3092 1222 3409 1277 peccamus,
3446 1217 3505 1262 ut
3531 1224 3655 1263 cum

2078 1317 2176 1356 nec
2209 1317 2341 1356 sana
2374 1316 2472 1357 nec
2525 1310 2675 1356 recta
2728 1301 3160 1365 ratiocinamur,
3219 1309 3315 1354 aut
3368 1299 3653 1355 aﬁeetibus

2077 1392 2298 1462 impulsi
2330 1392 2586 1457 labimur,
2621 1401 2682 1446 ut
2715 1405 2841 1447 cum
2876 1401 3079 1447 temere
3117 1391 3422 1446 irascimur
3456 1401 3509 1444 et
3524 1405 3654 1446 con-

2077 1485 2439 1554 enpiscimus)
2509 1485 2581 1540 ob
2629 1500 2752 1540 eam
2815 1500 3040 1539 causam
3105 1485 3390 1553 sanguinis
3441 1498 3660 1554 quoque

2077 1573 2272 1644 duplex
2311 1583 2396 1629 est
2448 1576 2690 1646 signum.
2731 1575 2796 1629 Et
2827 1575 2968 1629 ratio
3003 1575 3252 1645 quidem,
3285 1583 3472 1644 utpote
3511 1575 3664 1642 priu-

2078 1681 2229 1736 ceps,
2257 1667 2414 1735 quasi
2473 1667 2728 1737 superius
2787 1667 2957 1722 limen
3010 1666 3401 1721 estzaﬁ‘ectus
3453 1673 3664 1732 autem,

2083 1760 2229 1814 velut
2252 1759 2445 1828 postis,
2481 1759 2750 1828 superiori
2786 1759 2964 1813 limini
3005 1745 3318 1829 subjicitur.

2147 1850 2267 1905 Col.
2301 1849 2408 1904 645
2439 1850 2504 1905 C.
2542 1849 2682 1903 Hinc
2716 1850 3033 1918 fermentum
3061 1859 3258 1919 septem
3297 1849 3502 1903 dierum
3538 1863 3665 1917 spa-

2079 1943 2177 2007 tio,
2213 1951 2320 1998 etc.
2357 1942 2638 2011 Scriptum
2663 1951 2747 1998 est
2770 1942 2824 1996 in
2861 1942 3044 1997 Exodo
3082 1960 3095 1996 :
3122 1941 3333 2010 Septem
3355 1941 3537 1996 diebus
3555 1942 3666 2011 [er-

2078 2043 2310 2088 mentum
2344 2050 2447 2088 non
2475 2033 2766 2088 invenietur
2785 2035 2837 2088 in
2868 2035 3111 2088 domibus
3136 2035 3324 2088 vestris
3345 2035 3412 2089 “.
3455 2032 3659 2089 Verum

2078 2126 2185 2181 hoc
2214 2125 2280 2179 ad
2305 2124 2522 2182 Judteos
2554 2126 2881 2195 pertinebat.
2925 2125 2995 2180 At
3037 2126 3194 2180 nobis
3217 2126 3413 2180 vitium
3446 2135 3658 2196 septem

2077 2216 2268 2271 diebus
2319 2217 2754 2271 submovendum
2811 2227 2919 2280 est.
2975 2215 3078 2270 hoc
3132 2225 3254 2281 est,
3310 2230 3406 2284 per
3435 2229 3656 2270 omnem

2080 2313 2245 2383 hujus
2285 2313 2407 2369 vitae
2448 2311 2868 2367 hebdomadem.
2904 2313 3018 2383 (21)
3049 2310 3326 2367 Numerus
3373 2312 3519 2366 enim
3575 2325 3661 2366 se-

2080 2416 2225 2473 ptem
2262 2403 2476 2460 dierum
2514 2405 2717 2459 ﬁuxum
2755 2406 2860 2460 hoc
2911 2414 3130 2475 tempus
3168 2403 3464 2474 signiﬁcat,
3502 2403 3654 2473 quod

2079 2512 2176 2566 per
2232 2495 2604 2551 hebdomadas
2645 2496 2966 2552 revolvitur.
3025 2495 3203 2565 Atque
3249 2494 3338 2548 hic
3393 2508 3661 2550 numerus

2080 2588 2345 2658 mysticus
2381 2587 2600 2656 quidem
2633 2595 2739 2651 est,
2765 2597 2952 2658 utpote
2989 2587 3162 2657 virgo,
3197 2601 3260 2642 ac
3292 2587 3657 2656 virginitatem

2079 2681 2363 2750 vitamque
2419 2681 2730 2751 angelicam
2789 2680 3087 2749 designans
3159 2679 3335 2750 (solus
3392 2679 3540 2734 enim
3571 2678 3661 2733 hic

2088 2789 2398 2836 numerus,
2473 2783 2535 2827 ut
2595 2772 2931 2828 arithmetici
2997 2773 3232 2834 docent.
3282 2785 3351 2824 ex
3404 2770 3664 2826 omnibus

2090 2863 2363 2927 numeris,
2400 2863 2493 2932 qui
2527 2863 2754 2918 denario
2788 2861 3182 2928 includuntur,
3215 2876 3315 2918 nec
3334 2861 3524 2934 gignit,
3561 2877 3663 2918 nec

2079 2955 2340 3026 gignitur,
2375 2965 2539 3025 atque
2575 2956 2740 3010 etiam
2796 2963 2856 3009 ut
2909 2955 3324 3024 quaternarium
3383 2963 3437 3009 et
3485 2963 3664 3008 terna-

2081 3050 2224 3103 rium
2264 3049 2316 3102 in
2371 3064 2428 3103 se
2456 3048 2766 3102 continens.
2803 3046 3051 3113 Quatuor
3098 3047 3243 3102 enim
3282 3056 3412 3101 sunt
3469 3045 3658 3100 mundi

396 3143 609 3186 teneras
643 3142 697 3185 ct
727 3131 1100 3202 imperfectas,
1134 3141 1433 3203 antequam
1465 3133 1519 3188 in
1579 3133 1754 3203 ipsius
1791 3136 1977 3204 perni-
2004 3155 2046 3212 ο
2079 3141 2351 3196 elementa
2379 3149 2434 3193 et
2465 3139 2707 3193 Trinitas
2739 3139 2932 3192 horum
2967 3136 3307 3193 fabricatrix.
3350 3137 3655 3192 Consocia-

393 3225 530 3276 ciem
586 3225 908 3278 nutriantur
937 3233 990 3278 et
1031 3225 1374 3291 adolescant,
1429 3226 1656 3290 tenebit,
1711 3235 1875 3295 atque
1916 3226 1970 3279 in

393 3323 716 3384 potestatem
753 3316 1003 3371 redactas
1055 3316 1352 3384 interimet,
1400 3317 1660 3372 nimirum
1694 3317 1760 3372 ad
1815 3318 1974 3372 Chri-

393 3414 539 3459 stum
592 3407 821 3473 ejusque
879 3407 1144 3460 auxilium
1204 3406 1598 3477 confugiendo.
1658 3407 1779 3476 Ipse
1825 3407 1972 3460 enim

393 3506 548 3564 petra
579 3506 682 3560 est,
719 3510 812 3564 per
848 3511 1012 3566 quam
1063 3498 1220 3553 malae
1251 3498 1610 3564 cogitationes
1661 3499 1971 3553 solvuntur.

397 3589 448 3640 ls
479 3600 642 3656 porro
673 3587 951 3641 nascentia
982 3605 1047 3642 ex
1080 3589 1512 3659 cogitationibus
1542 3599 1706 3659 atque
1737 3589 1975 3644 actioni-

397 3678 499 3730 bus
529 3684 750 3744 peccata
773 3677 838 3730 ad
871 3677 1149 3734 Christum
1189 3679 1388 3744 allidit,
1421 3679 1514 3750 qui
1559 3695 1624 3734 ea
1659 3680 1972 3736 conﬁtetur.

394 3770 476 3822 Ac
501 3767 756 3838 quisquis
783 3784 1038 3838 perversa
1057 3772 1336 3842 dogmata,
1372 3788 1495 3843 qua:
1527 3774 1769 3827 animum
1805 3773 1973 3839 illius,

394 3875 424 3913 a
459 3873 571 3929 quo
601 3860 988 3927 admittuntur,
1016 3865 1433 3932 perturbatione
1457 3863 1723 3932 alliciunt,
1759 3866 1968 3920 verita-

396 3953 466 4006 tis
498 3952 748 4007 doctrina
780 3955 1048 4021 concutit,
1102 3963 1268 4024 atque
1298 3957 1351 4010 in
1390 3957 1611 4012 Christo
1658 3959 1879 4027 perimit
1919 3970 1973 4015 et

393 4047 713 4118 exstinguit,
761 4063 862 4103 nec
912 4063 973 4103 ea
1037 4063 1288 4103 crescere
1336 4059 1387 4104 et
1443 4051 1758 4107 adolescere
1822 4052 1976 4118 sinit,

393 4153 584 4192 verum
608 4136 852 4194 confusae
875 4153 939 4192 ac
973 4140 1302 4207 perturbatae
1337 4142 1538 4196 mentis
1567 4141 1740 4197 fetum
1758 4144 1978 4213 sapien-

397 4230 470 4284 tia
519 4245 621 4286 sua
655 4239 900 4300 superat,
963 4245 1027 4284 ac
1080 4231 1278 4285 deinde
1338 4233 1402 4287 ad
1453 4232 1736 4288 Christum
1793 4251 1976 4290 veram

394 4331 603 4390 petram
641 4322 836 4388 allidit,
869 4324 956 4376 hic
998 4332 1082 4378 cst
1115 4323 1210 4391 qui
1245 4322 1534 4396 Babylonis
1583 4342 1782 4396 pueros
1813 4337 1980 4397 petra:

395 4417 724 4471 allidit.'Sed
745 4417 810 4469 ad
835 4415 1195 4486 primogenita
1222 4434 1412 4474 rursus
1443 4424 1622 4476 oratio
1647 4424 1976 4480 conferenda

2079 3243 2167 3288 tus
2200 3243 2381 3287 autem
2444 3231 2651 3285 mundo
2686 3231 2890 3284 dicitur
2947 3238 3001 3284 et
3035 3244 3392 3293 concurrens,
3446 3229 3497 3282 id
3553 3236 3660 3294 est,

2077 3339 2264 3378 comes
2292 3332 2343 3376 et
2363 3331 2666 3377 asscctator
2701 3321 2893 3390 ipsius,
2922 3331 3034 3374 tum
3067 3321 3196 3390 quia
3219 3329 3422 3390 septem
3449 3320 3659 3375 dierum

2077 3419 2259 3488 spatio
2294 3416 2535 3470 mundus
2598 3415 2856 3468 omnibus
2908 3412 3025 3468 suis
3078 3412 3320 3467 numeris
3376 3413 3663 3468 absolutus

2077 3519 2183 3576 est,
2217 3518 2332 3564 tum
2377 3507 2505 3576 quia
2547 3504 2779 3575 expletis
2827 3513 3036 3572 septem
3094 3518 3367 3557 annorum
3417 3504 3664 3558 millibus

2080 3601 2270 3656 mundi
2308 3599 2431 3654 ﬁnis
2465 3598 2684 3652 futurus
2715 3607 2820 3652 est.
2857 3595 3131 3662 Quoniam
3186 3605 3366 3649 autem
3405 3594 3659 3649 fermenti

2079 3692 2467 3764 proprietates,
2524 3689 2567 3743 si
2610 3686 2833 3758 quidem
2885 3688 3076 3742 vitium
3132 3694 3473 3756 spectemus,
3531 3695 3660 3740 sunt

2080 3793 2324 3840 vetustas
2387 3790 2442 3838 et
2495 3780 2768 3836 aciditas:
2802 3779 2884 3835 sin
2940 3787 3127 3834 autem
3183 3780 3441 3834 virtutem
3502 3779 3659 3834 nobis

2080 3891 2476 3948 proponamus,
2506 3874 2664 3943 panis
2686 3872 2957 3928 confectio
2977 3881 3032 3927 et
3059 3871 3143 3926 vis
3178 3872 3356 3928 vitalis
3389 3871 3661 3942 (calefacit

2080 3969 2226 4023 enim
2275 3967 2628 4027 fermentum,
2671 3978 2737 4019 ac
2768 3961 3001 4018 farinam
3040 3963 3307 4027 sublevat,
3344 3974 3509 4034 atque
3557 3964 3660 4018 hoc

2080 4059 2249 4112 vitam
2285 4056 2471 4110 fovere
2505 4051 2741 4123 videtur)
2772 4070 2786 4107 :
2817 4051 2888 4107 ob
2915 4067 3035 4107 eam
3065 4067 3291 4108 causam
3322 4053 3660 4121 submoveri,

2083 4155 2246 4217 atque
2309 4143 2432 4213 ejici
2491 4142 2753 4197 malitiam
2809 4142 2923 4208 ait,
2959 4157 3083 4212 qua:
3134 4141 3364 4197 vitiosas
3405 4140 3657 4196 fermenli

2081 4237 2446 4308 proprietates
2478 4233 2643 4289 habet
2676 4251 2691 4288 :
2730 4248 2837 4288 non
2866 4233 2994 4288 item
3023 4233 3301 4297 virtutem,
3338 4231 3427 4286 cui
3469 4231 3661 4288 melio-

2083 4346 2171 4386 res
2228 4329 2484 4384 l'ermenti
2540 4327 2903 4397 proprietates
2939 4327 3127 4382 insunt
3159 4343 3174 4381 :
3205 4326 3291 4380 cui
3351 4324 3516 4381 etiam
3574 4340 3662 4380 re-

2083 4441 2248 4496 gnum
2320 4423 2587 4479 cmlorum
2643 4429 3017 4490 comparatur.
3085 4419 3160 4475 De
3219 4420 3420 4474 vitioso
3478 4429 3658 4474 autem

391 4517 495 4573 est,
512 4507 714 4578 quibus
733 4508 1084 4576 pereuntibus
1115 4511 1353 4564 clamore
1381 4519 1545 4580 atque
1581 4514 1785 4583 ejulatu
1853 4531 1973 4569 om—
2009 4497 2053 4552 Ῑ)
2085 4517 2351 4572 fermento
2382 4516 2437 4569 in
2471 4513 2764 4583 Evangelio
2794 4513 2996 4568 dicitur
3031 4531 3044 4568 :
3085 4511 3263 4568 Videte
3306 4521 3356 4566 et
3400 4511 3660 4566 attendite

395 4599 484 4654 nia
522 4599 664 4668 apud
695 4598 982 4670 Egyptios
1011 4613 1325 4667 personant.
1377 4602 1591 4674 Lugent
1622 4605 1765 4660 enim
1809 4617 1974 4677 atque

393 4693 1093 4762 ingemiscuntdtemoncs,
1146 4708 1270 4748 cum
1298 4695 1524 4751 vitiosas
1590 4697 1972 4766 cogitationes,

396 4783 713 4854 priusquam
752 4786 1053 4850 creverint,
1110 4787 1163 4840 in
1213 4787 1368 4842 nobis
1405 4781 1681 4858 exstingui
1714 4802 1969 4856 cernunt,

395 4877 673 4946 animique
750 4879 1194 4947 perturbationes
1263 4881 1446 4935 adhuc
1506 4891 1752 4936 recentes
1811 4885 1968 4939 evelli

394 4975 556 5035 atque
594 4969 859 5023 exscindi.
893 4969 1034 5040 Ergo
1073 4971 1376 5042 Egyptiaci
1403 4974 1608 5043 peccati
1632 4973 1796 5040 fetus,
1822 4986 1977 5032 ante-

395 5072 559 5125 quam
584 5058 638 5111 in
685 5061 830 5113 malo
864 5071 1255 5126 maturescant,
1288 5074 1558 5118 necantur
1598 5084 1610 5120 :
1651 5066 1967 5122 Israeliticae

400 5157 580 5201 autem
610 5163 673 5202 ac
705 5152 890 5219 probae
928 5157 1289 5223 cogitationes
1319 5157 1604 5228 sanguinis
1655 5158 1972 5227 profusione

399 5241 753 5308 muniuntur,
819 5253 876 5297 ut
931 5246 1106 5302 virtus
1143 5249 1209 5301 ad
1270 5251 1639 5306 maturitatem
1670 5255 1971 5322 perveniat.

397 5333 576 5400 Atque
610 5333 720 5387 illic
757 5335 975 5400 quidem
1013 5339 1224 5406 primus
1273 5343 1482 5409 peccati
1527 5343 1766 5410 impetus
1815 5345 1970 5400 fran-

399 5427 545 5492 gitur
585 5444 598 5480 :
634 5425 727 5480 hic
785 5437 966 5481 autem
1011 5431 1220 5498 primus
1272 5435 1478 5498 peccati
1534 5437 1818 5505 ingressus
1878 5453 1976 5507 per

471 5585 513 5619 "
564 5584 704 5640 Psal.
765 5603 984 5656 cxxxvt,
1018 5589 1071 5646 8_
1124 5588 1178 5642 9.
1211 5588 1255 5618 ’°
1289 5589 1417 5643 ibid.
1445 5591 1497 5645 8.
1559 5593 1600 5624 ³⁸
1632 5593 1803 5651 Exod.
1842 5611 1936 5662 xu,
1969 5595 2032 5650 l9

473 5722 582 5797 (2i)
616 5723 747 5778 Vide
778 5725 1001 5794 August.
1037 5727 1131 5780 ltb.
1169 5742 1227 5790 tt,
1274 5742 1390 5797 cap.
1421 5727 1507 5789 5|,
1547 5727 1616 5781 De
1647 5731 1790 5786 civit.
1841 5732 1958 5797 Dei,

399 5792 487 5847 ubi
521 5794 594 5846 ait
621 5792 985 5855 scptenarium
1025 5792 1488 5866 numerum-quia
1518 5813 1584 5853 ex
1614 5811 1726 5856 toto
1759 5792 1966 5864 impure

2082 4629 2113 4665 a
2144 4610 2398 4680 fermento
2433 4607 2744 4663 Scribarum
2788 4617 2838 4664 et
2859 4605 3357 4671 Pharisaeorum“,
3399 4604 3504 4658 hoc
3554 4612 3658 4665 est,

2083 4720 2113 4758 a
2146 4702 2396 4758 doctrina
2427 4743 2443 4767 ,
2485 4717 2649 4771 quam
2690 4701 2933 4770 inopiam
2977 4697 3293 4767 Theologus
3344 4696 3496 4759 dicit,
3531 4693 3660 4761 quia

2083 4795 2294 4866 plebem
2329 4795 2798 4856 dehortabantur,
2859 4806 2928 4847 ne
2979 4790 3034 4846 in
3082 4788 3357 4845 Christum
3389 4785 3658 4847 crederet,

2083 4901 2147 4940 ac
2180 4901 2274 4955 per
2303 4883 2426 4940 Filii
2455 4892 2827 4954 contemptum
2853 4883 3070 4939 Patrem
3112 4895 3331 4952 quoque
3360 4877 3658 4948 ignominia

2081 4979 2372 5033 notabant.

2147 5069 2266 5125 Col.
2325 5068 2430 5124 645
2482 5070 2543 5123 C.
2601 5069 2768 5138 Atque
2819 5068 2903 5122 illi
2952 5067 3161 5138 quidem
3217 5065 3432 5135 lugeant
3480 5077 3499 5115 :
3549 5069 3656 5115 etc.

2082 5163 2392 5227 Daemones,
2425 5163 2620 5232 inquit,
2668 5162 2913 5232 lugeant,
2953 5161 3069 5215 suis
3099 5158 3352 5214 videlicet
3389 5155 3662 5226 primOge-

2082 5256 2213 5311 nitis
2257 5257 2457 5311 orbati.
2493 5254 2606 5312 Nos
2635 5263 2842 5322 autem,
2899 5254 3157 5310 unctione
3189 5251 3412 5321 signati,
3459 5264 3658 5319 agnum

2081 5349 2457 5403 comedemus.
2509 5349 2586 5402 Ac
2655 5349 2851 5403 merito
2923 5347 3240 5403 unctionem
3310 5342 3660 5398 manducatio

2088 5440 2358 5510 sequitur.
2391 5427 2528 5496 Nam
2566 5455 2664 5495 nos
2700 5455 2941 5511 quoque,
2977 5446 3332 5509 posteaquam
3370 5435 3657 5490 Dominum

2143 5598 2189 5630 "
2226 5597 2416 5655 Matth.
2447 5614 2557 5666 xvn,
2587 5599 2642 5654 6.

2072 5735 2316 5790 ternario
2370 5745 2422 5791 et
2464 5746 2582 5818 toto
2629 5751 2758 5805 pare
2784 5737 3145 5817 quaternario
3190 5734 3495 5797 conﬁcitur,
3535 5733 3654 5786 ideo

2075 5820 2217 5870 saepe
2250 5822 2345 5862 DI'O
2385 5823 2642 5862 UHIVCI'SO
2680 5822 2879 5872 aCClpl.
