4116 6444
419 367 555 434 136.)

1371 371 1695 434 NICETAS
1733 371 1812 430 IN
1853 371 2078 432 ORAT.
2122 371 2288 432 XLII
2331 371 2389 433 S.
2435 371 2666 435 GREG.

3547 368 3687 432 1370

417 501 664 544 nostrum
691 485 874 542 Jesum
899 487 1178 545 Christum
1207 503 1301 558 per
1324 488 1661 558 baptismum
1691 489 1992 556 induimus,
2025 507 2071 553 Α
2102 502 2265 560 atque
2303 490 2492 545 eodem
2548 488 2711 544 modo
2773 487 2971 541 factam
3031 487 3202 544 fuisse
3242 487 3445 544 Christi
3487 503 3687 544 conce-

413 581 659 635 divinum
697 580 868 649 ipsius
895 596 1090 650 corpus
1137 581 1462 650 accipimus.
1512 582 1711 637 Verum
1744 597 1831 645 ea,
1875 598 1999 652 quae

419 673 473 726 in
500 669 690 726 Exodo
713 672 780 726 de
803 688 942 741 agno
970 673 1169 741 scripta
1198 682 1347 735 sunt,
1377 688 1567 728 rursus
1597 673 1952 742 inspiciamus
1979 691 1994 730 :

414 761 486 815 Et
519 761 815 815 immolabit
844 777 982 824 eum,
1026 763 1223 828 inquit,
1253 764 1422 816 omnis
1462 763 1744 818 multitudo
1782 781 1997 836 congre-

412 853 643 922 gationis
683 852 916 920 ﬁliorum
957 849 1132 906 Israel
1178 851 1247 904 ad
1295 868 1562 921 vesperam
1603 854 1668 910 ³³.
1723 853 1792 908 Et
1835 855 1997 925 paulo

414 941 646 996 inferius
682 958 696 996 :
733 941 853 995 Non
888 943 1168 995 comedetis
1201 958 1357 1008 ex_eo
1386 943 1632 1008 crudum,
1669 962 1762 1000 nec
1790 957 1996 1002 coctum

413 1049 576 1102 aqua,
627 1031 718 1085 sed
772 1049 952 1086 assunt
1011 1033 1130 1102 igne
1167 1033 1233 1091 ".
1285 1034 1525 1104 Vespera
1572 1035 1758 1106 igitur,
1808 1048 1996 1109 utpote

411 1125 519 1179 dici
545 1125 686 1187 linis,
715 1125 1042 1180 surculorum
1081 1127 1243 1180 linem
1275 1126 1584 1194 adumbrat,
1608 1143 1719 1196 quo
1741 1129 1995 1186 Christus

410 1231 631 1287 quoque
667 1229 854 1272 nostra
891 1232 1052 1272 causa
1088 1219 1158 1271 ah
1204 1220 1352 1272 omni
1400 1234 1672 1291 synagoga
1723 1233 1994 1280 mactatus

409 1319 512 1375 est,
551 1319 714 1379 atque
752 1310 1013 1364 accubuit
1041 1310 1122 1364 sol
1155 1309 1400 1366 Creatori
1431 1327 1535 1367 suo
1577 1313 1991 1373 conualescens.

409 1400 553 1466 Quin
581 1403 697 1470 ipse
725 1400 890 1455 etiam
914 1399 1170 1457 Christus
1203 1404 1488 1473 mysticam
1522 1419 1737 1460 caenam
1764 1421 1993 1478 vespere

410 1495 696 1562 discipulis
750 1493 1034 1563 porrexit,
1097 1503 1156 1548 ut
1207 1497 1433 1566 liguram
1491 1497 1744 1567 impleret
1803 1500 1992 1569 (juxta

411 1587 583 1656 legem
635 1587 780 1639 enim
834 1587 901 1641 ad
959 1602 1241 1656 vesperam
1295 1603 1470 1658 agnus
1520 1590 1891 1661 medebatur),
1928 1608 1994 1648 ac

409 1692 650 1732 crassam
692 1679 900 1746 peccati
950 1679 1239 1750 caliginem
1301 1681 1635 1751 depelleret,
1688 1683 1888 1739 illustri
1939 1693 1995 1740 et

412 1771 766 1826 sanctissimo
833 1773 1097 1842 mysterio
1163 1773 1457 1848 patefacto.
1516 1776 1811 1833 Enimvero
1857 1793 1990 1833 san-

411 1873 555 1919 ctam
592 1863 743 1918 illam
785 1880 968 1920 escam
1001 1867 1227 1921 crudam
1271 1845 1494 1938 accipit,
1526 1871 1618 1940 qui
1653 1870 1813 1926 ﬁdem
1847 1871 1995 1927 iner-
2023 1837 2070 1896 Β

413 1963 522 2009 tem
556 1963 610 2009 et
644 1954 891 2026 frigidam
939 1957 1121 2023 habet,
1153 1973 1251 2013 nec
1286 1973 1407 2013 eam
1452 1962 1784 2030 optirnarum
1819 1964 1994 2018 actio—

412 2061 542 2098 num
594 2047 788 2116 pennis
835 2048 1078 2115 instruit,
1129 2065 1231 2105 nec
1278 2051 1650 2108 Christianam
1687 2054 1994 2111 doctrinam

412 2151 508 2204 per
539 2146 848 2190 accuratam
894 2136 1302 2209 indagationem
1351 2151 1620 2207 attenuat,
1649 2146 1999 2217 quandoqui-

411 2228 533 2282 dem
569 2229 661 2296 qui
713 2231 911 2285 crudos
948 2233 1101 2288 cibos
1149 2234 1409 2298 comedit,
1461 2235 1544 2289 his
1594 2240 1997 2308 concoquendis

413 2333 512 2388 par
541 2335 663 2375 esse
702 2337 810 2374 non
847 2331 1047 2391 potest,
1092 2325 1204 2388 imo
1253 2340 1356 2381 nec
1399 2325 1658 2383 dentibus
1693 2330 1804 2384 ullo
1834 2332 1997 2386 modo

411 2412 555 2466 cedit
595 2413 909 2483 hujusmodi
951 2415 1298 2472 alimentum.
1345 2419 1440 2473 llle
1477 2428 1664 2474 autem
1707 2435 1999 2478 sacrosan-

410 2514 555 2559 ctam
591 2521 773 2560 escam
820 2507 1018 2562 elixam
1066 2509 1199 2575 edit,
1248 2512 1343 2582 qui
1391 2513 1765 2581 voluptatibus
1801 2519 1992 2574 servit.

410 2596 546 2651 Nam
599 2614 722 2668 qua:
777 2600 1074 2668 elixantur,
1140 2602 1461 2658 varietatem
1534 2612 1590 2658 et
1645 2608 1995 2662 condimenta

411 2691 740 2756 desiderant,
792 2693 1124 2762 mollemque
1170 2696 1338 2749 vitam
1387 2712 1451 2752 ac
1486 2697 1616 2753 luxu
1661 2699 1993 2755 dilliuentem

412 2782 676 2848 indicant,
711 2793 874 2855 atque
904 2787 1223 2842 alimentum
1258 2789 1574 2844 diuturnam
1622 2793 1675 2846 in
1714 2793 1996 2849 stomacho

411 2892 622 2932 moram
661 2879 910 2934 trahens.
944 2880 1013 2933 At
1061 2896 1188 2935 vero
1222 2897 1404 2936 assam
1448 2883 1589 2938 hanc
1632 2887 1854 2955 accipit,
1903 2887 1995 2957 qui

413 2971 578 3024 animi
609 2971 892 3026 alacritate
923 2981 978 3027 et
1010 2975 1281 3042 probitate
1323 2977 1563 3042 excellit,
1596 2993 1700 3032 nec
1742 2979 1996 3035 obscena:

411 3065 708 3135 voluptatis
737 3068 1089 3123 condimenta
1126 3071 1313 3124 virtuti
1350 3071 1637 3128 admiscet.
1675 3074 1810 3128 Nam
1846 3075 1990 3144 quod

2106 583 2349 652 ptionem
2391 583 2710 645 arbitratur,
2752 590 2812 634 ut
2853 589 2907 636 et
2947 582 3180 636 aliorum
3230 582 3514 636 hominum
3541 620 3570 643 ,τ
3600 581 3689 635 ille

2100 677 2247 743 quod
2281 673 2638 728 excellentius
2677 681 2760 725 cst
2789 673 2820 726 εἰ
2863 673 3120 727 deteriori
3166 688 3274 726 non
3318 675 3576 728 secernit.
3620 675 3686 728 At

2100 776 2201 819 nos
2241 765 2351 830 bis,
2390 765 2486 835 qui
2526 780 2728 836 agnum
2773 772 3018 829 torrent,
3061 766 3447 834 adjungamur,
3488 765 3684 834 spiritu

2097 857 2354 912 videlicet
2412 857 2716 926 ferventes,
2778 857 3239 928 quemadmodum
3300 854 3500 910 Paulus
3556 857 3686 912 hor-

2100 957 2244 1004 tatur
2283 950 2351 1004 ’⁸.
3437 1014 3450 1029 ι

2171 1039 2240 1094 Ut
2289 1041 2436 1094 bonis
2482 1041 2592 1095 illis
2645 1039 2999 1106 carbonibus,
3053 1038 3376 1093 intellectura
3432 1048 3678 1092 nostrum

2097 1129 2503 1184 accendentibus
2559 1137 2608 1184 et
2662 1129 3055 1199 purgantibus,
3111 1128 3174 1181 ab
3229 1143 3288 1181 eo
3348 1126 3683 1196 adjuvantur.

2096 1222 2324 1279 Brevem
2366 1224 2512 1278 illam
2555 1223 2801 1293 quidem,
2837 1223 2932 1278 sed
2973 1221 3367 1276 sententiarum
3407 1223 3563 1291 copia
3601 1237 3688 1277 re-

2097 1313 2289 1370 fertam
2328 1315 2590 1387 Theologi
2633 1315 2936 1370 orationem
2978 1315 3114 1368 satis
3153 1314 3413 1368 admirari
3449 1330 3512 1368 ac
3551 1329 3691 1384 prte—

2103 1407 2291 1461 dicare
2327 1421 2565 1476 nequeo.
2599 1406 2780 1476 Papae,
2811 1412 2947 1475 quot
2981 1403 3279 1474 Scriptura:
3316 1403 3466 1459 locos
3498 1392 3554 1458 in
3585 1405 3688 1459 hac

2095 1501 2395 1556 carbonum
2437 1499 2968 1556 commemoratione
3007 1499 3161 1553 brevi
3203 1498 3525 1566 complexus
3561 1499 3678 1552 est!

2094 1589 2230 1648 Nam
2275 1598 2411 1662 quot
2453 1590 2599 1660 apud
2648 1591 2795 1644 hunc
2847 1587 3067 1643 Patrem
3109 1587 3417 1649 dictiones,
3459 1587 3686 1642 totidem

2095 1699 2319 1754 quoque
2374 1681 2675 1753 Scriptura:
2729 1680 3044 1738 testimonia
3101 1680 3559 1735 numerabuntur.
3609 1679 3687 1734 Ac
3747 1670 3750 1673 ’

2104 1777 2278 1832 bonos
2317 1777 2538 1847 quidem
2580 1775 2847 1832 carbones
2885 1774 3067 1840 dixit,
3124 1784 3185 1828 ut
3221 1788 3250 1827 a
3293 1773 3454 1827 malis
3489 1771 3686 1827 distin-

2099 1879 2327 1941 gueret,
2384 1883 2526 1938 quos
2568 1867 2928 1924 desolatorios
2981 1865 3150 1921 David
3209 1865 3445 1935 appellat
3475 1864 3542 1929 ",
3587 1864 3689 1918 hoc

2099 1971 2203 2027 est,
2235 1961 2506 2015 vindices.
2555 1959 2711 2026 Quod
2742 1969 2924 2014 autem
2971 1958 3047 2013 ait
3081 1977 3094 2012 :
3129 1957 3488 2026 Adjuvemur,
3524 1955 3690 2022 hujus

2099 2057 2247 2111 verhi
2290 2069 2481 2110 ansam
2514 2053 2580 2107 ab
2612 2052 2752 2108 Isaia
2785 2051 3018 2122 accepit,
3051 2049 3129 2106 sic
3172 2050 3428 2118 loquente
3460 2065 3472 2100 :
3512 2046 3688 2102 Habes

2097 2149 2348 2202 carbones
2406 2148 2582 2218 ignis,
2637 2147 2756 2201 sede
2809 2161 2968 2214 super
3019 2160 3105 2198 eos
3147 2143 3214 2197 ’⁷.
3271 2141 3337 2196 Hi
3389 2151 3551 2196 erunt
3591 2139 3688 2194 tibi

2098 2243 2331 2297 auxilio.
2373 2241 2508 2296 Illud
2549 2249 2734 2295 autem
2777 2255 2793 2294 :
2839 2237 3177 2292 Intellectum
3227 2226 3686 2297 accendentibus,

2099 2351 2163 2391 ex
2219 2335 2516 2390 Salomone
2583 2331 2852 2404 sumpsit,
2922 2340 3088 2400 atque
3156 2337 3318 2382 acute
3369 2334 3426 2381 et
3474 2323 3689 2380 erudite

2098 2430 2374 2499 exposuit.
2437 2426 2530 2482 Sic
2587 2426 2734 2481 enim
2801 2423 3044 2494 quodam
3105 2421 3227 2477 loco
3295 2419 3486 2476 scribit
3548 2436 3563 2472 :
3625 2416 3690 2472 Si

2097 2521 2341 2576 esurierit
2379 2519 2625 2572 inimicus
2656 2526 2800 2581 tuus,
2831 2517 2951 2570 ciba
2980 2515 3156 2580 illum,
3181 2522 3232 2567 et
3260 2513 3308 2566 si
3338 2512 3476 2571 sitit,
3505 2519 3690 2578 potum

2097 2613 2168 2666 da
2194 2614 2243 2666 ei
2273 2629 2292 2666 :
2329 2613 2425 2664 hoc
2459 2611 2601 2665 enim
2638 2609 2839 2678 faciens
2881 2606 3135 2661 carbones
3169 2619 3414 2673 congeres
3447 2603 3502 2654 in
3531 2610 3689 2670 caput

2095 2707 2210 2774 ejus
2253 2705 2320 2760 ’⁸.
2365 2703 2464 2758 llic
2502 2713 2686 2757 autem
2750 2717 2845 2770 per
2886 2700 2984 2753 hos
3022 2697 3329 2761 carbones,
3381 2694 3596 2749 divinas
3633 2703 3690 2748 et

2097 2796 2413 2863 spirituales
2471 2795 2833 2867 cogitationes
2894 2791 3206 2856 intellexit,
3266 2803 3389 2858 quae
3447 2795 3686 2841 mentem

2097 2889 2279 2944 calore
2334 2888 2584 2943 alliciunt.
2639 2898 2805 2958 atque
2856 2883 3188 2940 accendunt.
3245 2880 3398 2936 Hanc
3448 2881 3688 2949 denique

2098 2997 2322 3047 vocem,
2374 2979 2780 3051 l‘urgantibus,
2831 2977 3072 3047 adjecit,
3128 2974 3386 3029 carbonis
3442 2973 3588 3027 illius
3633 2979 3691 3027 et

2100 3073 2429 3142 Seraphim,
2492 3081 2656 3141 atque
2713 3070 2840 3123 hinc
2894 3076 3225 3137 comparatae
3283 3073 3475 3121 sancto
3530 3063 3690 3120 Isaia:

411 3156 536 3227 igne
554 3167 960 3229 torretur,pure
975 3161 1337 3234 acfrugaliter
1353 3166 1828 3234 apparatur.Quod
1848 3167 1992 3221 enim
2024 3187 2069 3246 ρ
2102 3162 2447 3232 purgationis
2479 3159 2824 3214 recordatus.
2851 3156 3010 3211 Tales
3041 3156 3311 3211 carbones
3343 3154 3502 3209 nobis
3532 3152 3691 3207 auxi-

411 3251 668 3317 clixatur,
687 3266 840 3321 aquae
861 3268 1023 3322 opera
1048 3258 1395 3325 excoquitur,
1418 3273 1482 3312 ac
1508 3259 1735 3327 proinde
1758 3262 1995 3332 perspici

411 3359 520 3398 non
543 3353 740 3413 potest,
764 3353 948 3415 utpote
970 3347 1023 3400 in
1041 3363 1183 3417 aqua
1209 3348 1590 3405 absconditum
1614 3370 1626 3406 :
1649 3361 1810 3422 atque
1830 3355 1994 3409 etiam

412 3449 679 3505 aquosum
699 3446 782 3491 est
801 3435 1071 3506 facileque
1090 3439 1432 3495 dissolvitur.
1453 3440 1506 3495 ld
1526 3451 1706 3497 autem
1727 3445 1872 3512 quod
1892 3453 1999 3499 tor-

411 3535 588 3590 retur,
619 3526 926 3581 immediate
962 3543 1056 3597 per
1092 3529 1271 3598 ignem
1311 3539 1572 3598 torretur,
1595 3543 1761 3603 atque
1782 3536 1853 3590 ob
1875 3552 1994 3591 eam

413 3632 635 3674 causam
655 3619 1056 3674 illuminaturet
1070 3621 1404 3690 exsiccatur,
1418 3637 1582 3696 atque
1600 3629 1993 3684 condensatur.

415 3711 524 3766 Lex
547 3712 727 3782 itaque
745 3715 998 3783 prohibet
1013 3731 1079 3770 ne
1090 3732 1265 3787 agnus
1279 3727 1468 3773 coctus
1487 3734 1628 3788 aqua
1644 3722 1994 3787 comedatur,

414 3803 519 3858 hoc
567 3813 675 3870 est,
728 3819 935 3875 aquosa
984 3816 1036 3862 et
1087 3809 1352 3864 dissoluta
1406 3810 1475 3866 de
1530 3812 1752 3867 Christo
1805 3813 1996 3882 opinio

414 3905 578 3964 atque
612 3897 903 3964 sententia,
935 3899 1293 3957 subindicans
1325 3901 1643 3971 hujusmodi
1676 3886 1858 3958 cibum
1891 3903 1997 3960 fide

413 3985 656 4055 praeditis
687 3989 1002 4045 hominibus
1035 3991 1261 4047 minime
1307 3995 1584 4049 salubrem
1636 3993 1773 4049 fore.
1815 3993 1996 4051 Veluti

415 4081 460 4133 si
493 4081 616 4150 quis
644 4082 923 4138 Christum
957 4095 1150 4140 natura
1182 4085 1351 4140 Deum
1385 4103 1494 4155 non
1527 4103 1650 4142 esse
1673 4087 1946 4143 existimet
1979 4106 1992 4143 :

417 4172 521 4227 hoc
566 4175 711 4228 enim
761 4176 950 4231 solidae
997 4187 1051 4231 et
1102 4179 1408 4234 constantis
1452 4195 1516 4234 ac
1555 4189 1823 4248 provectae
1871 4180 1997 4236 ﬁdei

415 4281 524 4320 non
556 4277 640 4321 est
672 4286 685 4321 :
718 4267 847 4323 item
878 4268 922 4323 si
951 4285 1096 4333 eum,
1129 4279 1186 4324 ut
1225 4269 1418 4337 Deum,
1454 4273 1638 4326 omnia
1687 4287 1808 4343 quae
1843 4273 1995 4338 velit,

414 4357 598 4413 facere.
638 4374 799 4428 posse
833 4370 1012 4431 neget.
1048 4360 1171 4416 llaec
1211 4363 1356 4417 enim
1389 4363 1576 4432 Opinio
1621 4378 1721 4434 per
1757 4365 1997 4436 Spiritus

415 4453 590 4521 ignem
644 4453 870 4520 probata
921 4462 973 4507 et
1025 4453 1308 4522 explorata
1360 4469 1469 4509 non
1525 4464 1629 4521 cst,
1684 4472 1784 4511 nec
1834 4471 1993 4522 eam,

3352 3243 3375 3296 Ι
3384 3259 3534 3314 gnem
3572 3241 3689 3296 veni

3542 3334 3682 3386 t“?

2101 3255 2158 3308 lii
2201 3267 2368 3308 causa
2423 3251 2682 3306 Christus
2744 3248 3014 3318 porrigit,
3057 3247 3249 3301 dicens
3293 3262 3307 3298 :

2101 3349 2308 3400 mittere
2341 3347 2396 3398 in
2436 3355 2670 3408 terram,
2706 3353 2753 3395 et
2786 3341 2912 3412 quid
2954 3339 3100 3404 volo,
3143 3338 3247 3392 nisi
3280 3346 3336 3389 ut
3374 3335 3534 3388 ardea

2100 3441 2219 3506 Quo
2261 3439 2382 3493 loco
2422 3437 2595 3508 ignis,
2639 3434 2881 3504 Spiritus
2939 3432 3209 3486 fervorem
3252 3428 3560 3498 signiﬁcat,
3602 3425 3688 3480 vel

2100 3530 2402 3601 spiritualis
2425 3530 2552 3583 vita:
2575 3525 2939 3582 acrimoniam
2966 3533 3020 3578 et
3038 3521 3350 3591 evangelica
3390 3526 3686 3590 praecepta,

2100 3641 2130 3680 a
2159 3626 2361 3694 quibus
2390 3621 2574 3678 omnis
2605 3620 2814 3675 vitiosa:
2841 3619 3037 3673 animae
3069 3616 3336 3671 habitudo
3370 3616 3424 3669 in
3453 3615 3688 3668 cinerem

2101 3717 2365 3786 redigitur
2393 3723 2560 3784 atque
2587 3711 2922 3776 absumitur,
2963 3709 3196 3779 proinde
3234 3723 3360 3763 cum
3401 3703 3686 3777 quampri-

2099 3823 2248 3861 mum
2303 3805 2534 3861 accendi
2573 3803 2726 3872 cupit
2781 3803 3082 3866 Dominus,
3123 3808 3184 3854 ut
3222 3798 3581 3862 benelicium,
3623 3810 3688 3850 ac

2098 3915 2209 3955 non
2249 3899 2525 3953 vindicem
2567 3908 2621 3952 et
2658 3896 3019 3952 cruciantem.

2170 3992 2290 4047 Col.
2331 3990 2437 4046 646
2490 3991 2556 4046 Α.
2601 3987 2869 4060 Quidquid
2923 4001 3084 4054 porro
3140 3999 3390 4038 carneum
3436 3994 3486 4036 et
3537 3997 3688 4036 escu-

2101 4088 2301 4140 lentum
2355 4084 2507 4138 habet
2557 4083 2842 4147 doctrina,
2885 4089 2991 4134 etc.
3036 4077 3314 4147 Scriptum
3371 4090 3566 4130 rursus
3603 4083 3692 4129 est

2101 4180 2157 4234 in
2210 4178 2394 4232 Exodo
2451 4192 2465 4229 :
2522 4174 2588 4228 Et
2644 4172 2913 4228 comedent
2961 4186 3148 4223 carnes
3201 4169 3300 4221 hac
3351 4179 3496 4220 nocte
3542 4181 3690 4218 assas

2100 4275 2236 4342 igne,
2269 4279 2428 4341 caput
2462 4285 2580 4322 cum
2625 4267 2843 4336 pedibus
2886 4275 2935 4318 et
2983 4263 3248 4318 intestinis
3278 4261 3346 4313 ³ο.
3380 4258 3691 4325 Theologus

2102 4373 2280 4418 autem
2315 4361 2384 4415 ab
2419 4359 2648 4413 historia
2679 4357 2745 4410 ad
2779 4355 3096 4425 allegoriam
3133 4349 3438 4406 ascendens
3473 4365 3486 4403 :
3517 4347 3690 4413 Quid-

2102 4455 2234 4525 quid
2274 4461 2391 4515 est,
2436 4452 2652 4522 inquit,
2697 4451 2750 4504 in
2793 4451 2897 4504 lidc
2937 4463 3002 4503 ac
3041 4444 3292 4502 doctrina
3344 4450 3532 4498 nostra
3571 4455 3692 4495 car-

414 4557 579 4612 quam
610 4544 992 4608 coniteniebat,
1034 4546 1464 4614 speculationem
1513 4555 1787 4602 assecuta.
1819 4548 1997 4618 Atque
2025 4545 2078 4604 D
2108 4561 2293 4613 neum,
2337 4547 2438 4599 hoc
2476 4554 2577 4609 est,
2620 4543 2985 4608 esculentum,
3029 4538 3369 4595 comedetur.
3411 4536 3588 4602 Atque
3629 4539 3690 4585 ut

413 4633 620 4690 idcirco
647 4650 748 4690 nec
787 4647 1071 4706 compacta
1113 4653 1211 4691 nec
1254 4655 1562 4708 compressa
1594 4647 1648 4694 et
1689 4640 1858 4695 solida
1890 4649 1993 4705 est,

414 4743 603 4782 verum
640 4743 669 4782 e
701 4730 981 4782 contrario
1021 4730 1346 4798 improbata,
1400 4731 1705 4786 indiscussa
1739 4741 1794 4786 et
1827 4731 1993 4786 ﬂuida

413 4837 479 4875 ac
513 4821 786 4876 solubilis.
822 4821 956 4876 Nam
992 4824 1082 4892 qui
1127 4825 1363 4878 naturali
1417 4826 1579 4880 modo
1624 4825 1830 4880 Christi
1863 4841 1997 4881 con-

414 4913 721 4981 ceptionem
769 4927 832 4966 ac
866 4914 1270 4983 generationem
1321 4925 1646 4986 caeteraque,
1693 4915 1856 4986 hujus
1901 4931 1996 4985 ge-

414 5004 562 5057 neris
609 5004 859 5073 inquirit,
909 5004 956 5059 is
997 5007 1348 5075 praestantius
1392 5022 1423 5061 a
1462 5007 1719 5062 deteriori
1764 5008 1995 5062 minime

414 5097 738 5166 distinguit,
787 5097 1248 5167 quemadmodum
1304 5099 1446 5167 ignis
1495 5115 1691 5154 aurum
1749 5101 1817 5155 ab
1869 5101 1992 5155 aliis

416 5188 678 5253 materiis.
713 5203 815 5242 nec
853 5189 1153 5243 doctrinam
1181 5189 1250 5244 ab
1280 5191 1429 5244 omni
1461 5205 1648 5246 crassa
1680 5201 1736 5246 et
1765 5192 1987 5262 indigna

415 5279 744 5349 cogitatione
785 5296 976 5351 puram
1017 5295 1080 5334 ac
1120 5281 1346 5335 liberam
1398 5281 1560 5336 elﬁcit
1587 5320 1603 5345 ,
1653 5281 1797 5344 sicut
1845 5282 1988 5352 ignis

414 5373 715 5428 similitudo
756 5375 1012 5442 postulat,
1048 5373 1142 5443 qui
1184 5374 1465 5428 materiam
1507 5375 1726 5444 quidem
1757 5385 1810 5430 et
1839 5390 1992 5430 cras-

416 5463 594 5520 sitietn
623 5465 884 5526 absumit,
913 5481 1106 5520 aurum
1132 5475 1312 5519 autem
1341 5467 1567 5535 probum
1593 5475 1646 5520 et
1670 5467 1992 5521 deimcatum

415 5556 610 5612 reddit.
652 5555 788 5611 Nam
829 5559 922 5628 qui
965 5560 1214 5613 humana:
1257 5569 1466 5612 natura:
1507 5558 1748 5628 vestigiis
1791 5559 1992 5620 hcerct,

486 5742 532 5773 ³³
568 5740 739 5797 Exod.
784 5758 880 5807 xn,
913 5743 967 5797 6.
1065 5743 1112 5776 ”
1145 5744 1278 5798 ibid.
1319 5745 1373 5798 9.

1474 5745 1518 5776 ’³
1568 5747 1726 5800 Rom.
1781 5765 1875 5816 xu,
1913 5749 2000 5803 H.

417 5812 506 5864 2t).
586 5815 628 5845 ³⁸
673 5812 807 5869 Luc.
861 5829 957 5881 xtt,
1002 5815 1090 5869 49.

1171 5817 1213 5847 ³ο
1257 5815 1428 5872 Exod.
1477 5832 1570 5883 λη,
1617 5819 1670 5873 8.

2107 4641 2301 4695 horum
2344 4639 2638 4693 verborum
2692 4651 2915 4692 sensum
2958 4635 3330 4703 explicemus,
3375 4625 3693 4697 hujusmodi

2104 4733 2366 4804 quiddam
2396 4732 2479 4786 vir
2513 4729 2865 4785 doctissimus
2911 4727 3093 4781 dicere
3139 4723 3376 4778 videtur.
3409 4719 3598 4772 Omnis
3629 4733 3692 4779 ea

2103 4821 2407 4878 divinitatis
2475 4828 2638 4888 atque
2709 4815 3066 4872 humanitatis
3123 4811 3330 4867 Christi
3389 4808 3688 4870 doctrina,

2104 4929 2245 4985 quae,
2284 4921 2343 4968 ut
2380 4927 2510 4967 caro
2549 4911 2832 4980 corporeis
2873 4908 3152 4970 dentibus,
3193 4907 3268 4960 ita
3309 4901 3692 4974 spiritualibus

2104 5011 2283 5069 cedit,
2340 5023 2403 5062 ac
2461 5008 2506 5061 si
2568 5014 2715 5060 recte
2774 5004 3146 5073 intelligatur,
3211 5002 3450 5055 animam
3511 5000 3693 5066 alere,
3743 4991 3750 5001 ’

2102 5103 2260 5172 eique
2301 5102 2562 5170 prodesse
2601 5107 2778 5168 potest
2819 5115 2835 5153 :
2879 5098 3034 5161 hzec,
3078 5097 3329 5166 inquam,
3373 5094 3556 5149 omnis
3597 5095 3694 5152 do-

2098 5192 2300 5255 ctrina,
2343 5199 2403 5244 ut
2442 5190 2497 5243 in
2540 5189 2912 5260 cognitionem
2954 5197 3203 5244 nostram
3243 5186 3465 5250 cadens,
3509 5193 3696 5240 meatu

2091 5284 2429 5348 comedetur,
2464 5283 2679 5354 ipsique
2708 5282 3234 5346 accommodabitur,
3268 5289 3433 5349 atque
3465 5278 3530 5332 ad
3581 5279 3694 5345 spi-

2094 5374 2306 5429 ritalem
2344 5377 2760 5430 concoctionem
2799 5374 3176 5429 distribuetur.
3223 5371 3297 5426 Ita
3334 5371 3448 5432 ﬁet,
3483 5377 3540 5421 ut
3592 5368 3687 5435 qui

2095 5482 2214 5522 eam
2262 5467 2596 5537 percipiunt,
2629 5467 2683 5520 in
2715 5467 2789 5531 id,
2823 5466 2972 5536 quod
3020 5470 3406 5536 perceperunt,
3439 5474 3688 5515 commn-

2099 5568 2305 5624 tcntur,
2339 5570 2504 5631 atque
2543 5560 2925 5631 unusquisque
2957 5560 3023 5614 ad
3055 5555 3285 5612 membri
3320 5555 3388 5609 ab
3417 5567 3484 5607 eo
3517 5551 3684 5620 spiri-

3285 5743 3329 5776 ³⁵
3362 5741 3524 5799 Prov.
3554 5753 3680 5805 xxv,

2106 5749 2149 5779 ³⁵
2177 5745 2322 5802 Psal.
2358 5763 2505 5814 cxtx,
2540 5750 2594 5802 4.
2711 5747 2752 5779 ³⁷
2781 5745 2886 5802 lsa.
2923 5759 3086 5815 XLVII,
3122 5745 3207 5800 Η.
