4116 6462
454 383 586 450 1371

1873 390 2254 455 ADDENDA.

3590 383 3733 449 1372

454 499 677 553 tualiter
710 500 911 554 comesi
956 502 1134 556 locum
1177 502 1491 559 inducatur.
1523 501 1700 558 Divini
1733 505 1881 559 enim
1912 505 2036 575 agni
2069 507 2112 564 Α
2143 511 2345 573 aperta
2392 508 2556 573 atque
2608 501 2662 555 in
2713 500 2884 557 oculis
2929 500 3118 571 posita!
3148 514 3163 555 :
3205 498 3497 567 Quocirca,
3529 499 3731 567 inquit,

453 598 519 665 ac
546 590 706 647 Verbi
737 596 1034 648 secundum
1062 595 1332 666 cujusque
1360 598 1592 653 membri
1618 599 2039 666 conceptionem

454 684 836 755 unusquisque
888 702 986 756 pro
1025 688 1224 744 virium
1266 705 1488 746 suarum
1515 731 1530 755 ,
1589 700 1754 763 atque
1793 693 2040 758 ordinis,

457 774 754 843 gratiaque
806 774 1044 843 Spiritus
1081 779 1146 833 ad
1199 794 1258 835 se
1292 783 1638 851 pertinentis,
1687 785 1919 841 rationis
1952 785 2044 841 lict

454 866 746 936 particeps.
791 867 951 923 Verbi
1011 873 1188 941 gratia
1213 914 1228 937 ,
1271 884 1436 945 caput
1476 876 1569 931 ille
1608 877 1909 947 percipiet,
1948 880 2041 946 qui

454 971 522 1011 ex
559 959 881 1027 improbatis
920 962 1206 1035 principiis
1238 967 1423 1030 tidem,
1455 969 1776 1041 theologica:
1807 972 2042 1028 rationis

452 1049 762 1105 doctrinam
810 1069 1043 1123 prorsus
1093 1058 1319 1113 missam
1362 1060 1677 1126 facientem,
1714 1074 2044 1121 consecutus

456 1139 643 1196 fuerit.
682 1144 856 1200 Aures
910 1156 1130 1213 autem,
1183 1152 1274 1218 qui
1328 1168 1612 1211 sermones
1652 1156 1869 1213 divinos
1908 1159 2044 1214 scite

455 1234 677 1303 accipit,
704 1245 757 1292 et
784 1252 878 1307 per
904 1254 998 1295 eos
1026 1241 1092 1296 ad
1123 1250 1353 1299 mortem
1385 1261 1559 1316 usque
1590 1247 1698 1303 Deo
1729 1250 2039 1318 subjicitur.

453 1323 696 1395 Oculos,
755 1330 849 1400 qui
901 1347 990 1386 res
1042 1343 1258 1391 creatas
1310 1339 1627 1408 spiritaliter
1680 1344 2039 1412 considerat,

455 1427 620 1489 atque
679 1435 870 1479 omnes
939 1425 1204 1484 doctrinae
1261 1445 1501 1501 sensus,
1567 1443 1676 1491 tam
1737 1437 2042 1506 litterales,

455 1526 620 1580 quam
676 1516 1029 1587 allegoricos,
1081 1524 1231 1578 omni
1286 1525 1619 1585 oﬂ‘endiculo
1679 1542 1935 1589 vacantes
1974 1536 2041 1589 ad

455 1602 627 1656 solam
683 1604 774 1660 Dei
831 1608 1061 1678 gloriam
1114 1613 1170 1668 in
1224 1630 1393 1670 unum
1446 1617 1675 1689 colligit.
1736 1619 1855 1677 Jam
1913 1638 2043 1679 vero

455 1696 693 1762 pectoris
744 1701 1020 1771 particeps
1066 1704 1158 1771 lit,
1210 1708 1301 1776 qui
1354 1724 1450 1764 cor
1507 1725 1666 1765 suum
1725 1713 2042 1785 theologicis

455 1788 931 1855 speculationibus
968 1809 1032 1851 ac
1064 1797 1330 1855 doctrinis
1378 1802 1642 1872 implevit.
1691 1804 1910 1862 Manum
1948 1826 2049 1864 au-

459 1888 590 1944 tem,
627 1883 719 1951 qui
766 1886 974 1959 nullum
1018 1904 1155 1959 opus
1190 1906 1253 1947 ex
1290 1893 1376 1949 his
1409 1911 1530 1965 quae
1562 1897 1748 1955 divino
1782 1901 2041 1957 mandato

458 1974 763 2043 proscripta
806 1987 954 2045 sunt,
1005 1982 1197 2054 ignave
1227 2000 1292 2040 ac
1324 1989 1663 2060 negligenter
1696 1995 2039 2064 exsequitur,

457 2078 645 2119 verum
680 2074 846 2125 totam
875 2086 994 2127 eam
1033 2077 1141 2130 vim
1176 2078 1396 2145 animae,
1426 2095 1546 2150 qua:
1582 2082 1641 2139 in
1670 2085 1888 2142 actione
1917 2104 2042 2142 vcr-

454 2164 632 2223 satur,
682 2160 748 2214 ad
800 2162 1107 2221 divinatum
1156 2166 1336 2239 legum
1379 2173 1742 2243 expletlonem
1794 2186 2038 2247 paratam

456 2255 620 2312 atque
670 2250 939 2310 intensam
977 2258 1165 2314 habet.
1213 2261 1333 2317 Alvi
1377 2279 1563 2334 porro,
1613 2267 1707 2338 qui
1748 2268 2038 2339 genitalem

457 2339 657 2433 anima:
688 2353 897 2412 partem
936 2360 1200 2420 perpetuo
1232 2357 1623 2413 scaturientem
1666 2359 1852 2425 habet,
1882 2363 2043 2433 spiri-

457 2432 808 2526 tualibusque
849 2444 1407 2514 eontemplationibus
1461 2451 1795 2519 amuentem,
1838 2432 2042 2526 quique

458 2524 848 2583 ardentissimo
906 2541 1070 2602 atque
1139 2536 1451 2609 inexplebili
1511 2542 1803 2613 omnisque
1858 2524 2040 2604 vitiosi

456 2612 683 2670 affectus
717 2621 927 2688 experti
978 2624 1243 2683 Dominici
1297 2645 1628 2702 congressus
1676 2612 1954 2692 desiderio
1987 2648 2042 2695 et

456 2718 644 2801 amore
675 2722 963 2801 correptus
1011 2724 1115 2773 cst.
1161 2719 1229 2774 At
1272 2737 1402 2778 vero
1452 2724 1713 2781 intestina
1756 2728 1891 2793 edit,
1944 2730 2038 2801 qui

456 2799 796 2857 abstrusiore
831 2807 1029 2863 mentis
1059 2812 1462 2881 conquisitione
1494 2818 1761 2887 profunda
1791 2819 1885 2876 Dei
1918 2799 2040 2891 per-

455 2901 754 2959 scrutatur,
799 2907 963 2968 atque
1007 2903 1224 2959 areanis
1276 2910 1552 2977 mysteriis
1602 2912 1751 2968 velut
1795 2915 2039 2987 ingurgi-

454 2991 626 3040 tatur.
655 2986 828 3045 Crura
861 3005 1066 3057 autem,
1100 2999 1192 3066 qui
1229 3001 1520 3068 rationem,
1564 3004 1613 3059 ei
1645 3006 1842 3063 animm
1875 2986 2036 3079 parti,

454 3093 579 3147 quae
622 3079 906 3139 ali‘ectihus
956 3088 1217 3157 agitatur,
1268 3092 1675 3152 incumbentem
1731 3098 1923 3165 habet,
1975 3117 2040 3158 ac

457 3169 620 3223 veluti
649 3174 929 3243 superiore
957 3176 1075 3232 loco
1107 3181 1362 3248 positam,
1393 3201 1598 3255 easque
1629 3189 1824 3243 anima:
1855 3202 2040 3260 partes
2069 3208 2111 3264 ο

453 3262 510 3316 in
547 3265 749 3334 quibus
784 3270 1226 3337 perturbationes
1263 3277 1554 3344 exsistunt,
1588 3278 1817 3349 imperio
1848 3290 2039 3338 tenen-

454 3364 588 3420 tem,
631 3358 835 3428 quique
865 3376 1082 3417 omnem
1130 3379 1381 3420 crassum
1415 3378 1467 3421 et
1500 3379 1777 3425 terrenum
1829 3382 2037 3428 motum

455 3449 523 3502 ab
560 3465 624 3502 ea
670 3452 875 3507 evellit.
913 3454 1156 3511 Genihus
1205 3473 1334 3512 vero
1382 3462 1647 3529 pascitur,
1700 3464 1792 3533 qui
1841 3466 1909 3522 ad
1952 3468 2041 3537 ja-

455 3549 665 3603 ccntcs,
711 3550 767 3597 et
803 3543 1019 3599 infirma
1067 3546 1170 3602 lide
1212 3550 1491 3619 praeditos,
1540 3555 2042 3616 commiserationis

457 3632 650 3688 al'l'cctn
692 3633 759 3690 de
804 3636 1075 3694 industria
1125 3656 1184 3696 se
1230 3641 1487 3713 demittit,
1520 3661 1585 3702 ac
1616 3644 1779 3704 Verbi
1828 3651 1894 3705 ad
1941 3666 2042 3708 nos

456 3724 815 3795 dejectionem
850 3730 1161 3789 aemulatur.
1197 3733 1484 3791 Postremo
1526 3736 1677 3795 tibiis
1719 3747 1772 3794 et
1812 3741 2042 3810 pedibus

455 3817 717 3881 vescitur,
768 3820 859 3889 qui
909 3821 964 3875 in
1010 3823 1112 3878 lide
1159 3834 1215 3880 et
1266 3826 1466 3883 virtute
1518 3838 1684 3900 atque
1732 3834 2042 3905 cognitione

457 3910 595 3965 ﬁxos
626 3918 682 3964 et
718 3911 1027 3970 immobiles
1066 3916 1264 3970 animae
1294 3933 1514 3988 gressus
1560 3920 1744 3978 habet.
1780 3924 1859 3979 Ad
1897 3925 2039 3980 hunc

457 4002 680 4057 modum
719 4002 809 4059 ille
843 4005 1031 4075 Agnus
1065 4008 1158 4064 Dei
1197 4009 1266 4064 ab
1307 4012 1569 4068 onmihus
1599 4015 1686 4069 edi
1732 4030 1797 4071 ac
1833 4017 2038 4087 percipi

455 4104 657 4163 potest,
691 4111 897 4168 eosque
934 4113 965 4154 a
1004 4101 1205 4170 quibus
1250 4103 1575 4174 percipitur,
1606 4105 1845 4176 Spiritus
1875 4124 2041 4179 opera

456 4186 511 4240 in
563 4202 685 4244 sese
730 4197 1085 4245 transmutat.
1135 4191 1402 4249 Caeterum
1458 4196 1561 4251 hoc
1613 4197 1907 4253 observata
1955 4200 2040 4255 di-

456 4294 621 4345 gnum
658 4291 762 4345 est,
795 4283 942 4351 quod
985 4282 1298 4355 Theologus
1333 4294 1541 4351 noster,
1584 4288 1629 4343 si
1669 4290 1890 4359 quando
1918 4305 2042 4345 ver-

456 4370 586 4425 bum
635 4372 854 4441 aliquod
923 4374 1253 4443 obscurius,
1322 4393 1487 4448 quam
1540 4388 1598 4433 ut
1647 4397 1675 4435 a
1725 4366 2040 4441 rudioribus

462 4463 691 4534 intelligi
726 4475 909 4532 queat,
938 4468 1212 4535 extulerit,
1243 4468 1372 4525 illud
1402 4472 1587 4526 statim
1621 4488 1716 4541 per
1746 4475 2038 4532 dilucidius

2146 612 2254 651 non
2299 596 2462 651 modo
2512 595 2565 650 id
2613 603 2870 649 excutere
2916 595 3215 654 debemus.
3266 593 3413 663 quod
3469 607 3732 647 carneum

2145 694 2250 749 est,
2301 686 2352 741 id
2404 694 2510 750 est,
2549 686 2830 741 intellectu
2887 685 3093 749 facile;
3163 700 3352 740 verum
3405 685 3633 755 insuper
3680 693 3736 738 ct

2146 780 2329 834 abdita
2367 780 2587 844 mentis,
2640 779 2741 833 hoc
2786 786 2894 840 est,
2932 778 3160 847 mystica
3212 778 3301 831 illa
3354 777 3731 846 pervestigare

2145 872 2422 937 convenit,
2458 886 2579 936 quae
2616 885 2770 925 mens
2814 879 2999 924 nostra
3050 886 3077 923 a
3128 867 3501 924 erassioribus
3557 867 3736 920 homi-

2145 964 2310 1019 nihus
2342 963 2562 1018 interim
2596 962 2990 1017 abscondedat.

2213 1056 2520 1111 Possumus
2563 1054 2727 1109 etiam
2781 1053 3016 1109 fortasse
3047 1053 3113 1108 ad
3163 1053 3311 1108 hunc
3358 1053 3580 1107 modum
3619 1051 3734 1107 hrrc

2144 1163 2439 1219 exponere.
2481 1146 2939 1217 Quandoquidem
2974 1144 3209 1217 duplicis
3246 1156 3455 1201 natura:
3479 1146 3733 1202 Christus

2143 1250 2249 1305 est,
2277 1239 2535 1294 nimirum
2565 1239 2707 1294 Dens
2736 1240 2900 1294 simul
2926 1249 2980 1293 et
3006 1239 3195 1302 homo,
3231 1238 3539 1293 faciendum
3573 1238 3731 1295 nobis

2144 1340 2250 1399 est,
2279 1332 2479 1402 inquit,
2507 1338 2567 1386 ut
2594 1344 2702 1385 non
2732 1331 2898 1385 modo
2922 1330 3279 1399 conspicuam
3311 1330 3483 1399 ipsius
3507 1345 3724 1383 carnem

2146 1424 2483 1490 intueantur,
2509 1425 2603 1479 sed
2625 1433 2679 1478 et
2701 1423 2902 1479 mentis
2926 1423 3130 1483 abdita.
3156 1423 3261 1478 hoc
3283 1432 3386 1488 est,
3407 1422 3726 1487 divinitatis,

2146 1518 2517 1589 speculemur.
2550 1518 2627 1571 Ac
2657 1531 2725 1571 ne
2767 1524 2930 1587 caput
2963 1524 3017 1571 et
3049 1515 3215 1586 pedes
3250 1515 3325 1584 (id
3357 1524 3462 1576 est,
3497 1523 3550 1569 et
3576 1514 3725 1583 ejus-

2145 1610 2290 1664 modi
2336 1609 2404 1665 de
2455 1616 2694 1679 ungcnte
2746 1608 3031 1663 divinitate
3083 1607 3485 1677 cogitationes,
3528 1620 3650 1675 quae
3698 1621 3728 1659 a

2146 1702 2260 1758 Deo
2284 1717 2395 1757 non
2425 1702 2776 1764 abhorreant,
2807 1710 2861 1756 et
2887 1715 3080 1756 rursus
3113 1700 3382 1770 ejusmodi
3410 1701 3479 1754 de
3507 1701 3733 1753 inuncta

2147 1792 2487 1847 humanitate
2541 1792 2962 1857 meditationes,
3028 1807 3150 1861 quae
3220 1792 3474 1845 humana:
3524 1799 3736 1844 natura:

2147 1886 2495 1951 conveniant,
2537 1886 2772 1940 intactos
2816 1884 3212 1952 relinquamus.
3262 1884 3317 1938 Id
3366 1891 3547 1937 autem
3584 1898 3738 1937 assc-

2149 1993 2403 2049 quemur,
2451 1978 2496 2033 si
2547 1977 2852 2043 Christum,
2896 1992 2925 2031 a
2957 1977 3134 2046 capite
3167 1977 3386 2047 quidem
3428 1975 3592 2031 Deum
3632 1990 3734 2030 sac-

2147 2068 2285 2125 culis
2314 2068 2571 2123 omnibus
2596 2067 2965 2139 antiquiorem
2990 2082 3419 2136 cognoscamus,
3447 2081 3476 2121 a
3507 2066 3735 2135 pedibus

2149 2175 2282 2216 vero
2320 2160 2621 2225 hominem,
2667 2160 2962 2231 postremis
3009 2159 3348 2229 temporibus
3392 2157 3618 2223 factum,
3667 2161 3737 2214 ab

2149 2253 2426 2308 intestinis
2455 2252 2713 2314 denique,
2746 2251 2874 2322 quia
2909 2250 3092 2305 divina
3127 2250 3367 2321 potentia
3396 2265 3561 2305 carne
3594 2259 3734 2305 tecta

2149 2352 2314 2414 atque
2370 2344 2636 2399 abscousa
2686 2341 2808 2397 fuit.
2848 2340 3159 2397 VeLetiam
3200 2339 3432 2397 fortasse
3479 2341 3530 2395 id
3567 2349 3735 2410 caput

2148 2436 2573 2493 existimandum
2610 2443 2715 2501 est,
2757 2435 3019 2491 nimirum
3070 2435 3236 2501 scire,
3292 2434 3435 2505 quod
3473 2434 3735 2500 Verbum,

2150 2538 2338 2601 utpote
2388 2527 2556 2594 Deus,
2606 2529 2661 2583 in
2713 2528 3010 2601 principio,
3064 2527 3168 2582 hoc
3216 2535 3320 2592 est,
3373 2526 3427 2580 in
3474 2524 3634 2581 Patre
3683 2536 3737 2579 et

2147 2638 2274 2678 cum
2319 2622 2525 2693 Spiritu
2559 2633 2697 2676 erat.
2743 2619 2917 2676 Pedes
2958 2630 3162 2687 autem,
3196 2620 3331 2674 illud
3379 2620 3736 2690 persuasissi-

2147 2731 2299 2770 mum
2347 2713 2569 2779 habere,
2616 2713 2759 2784 quod
2816 2712 2955 2768 Deus
3014 2712 3173 2766 etiam
3226 2709 3520 2776 exsistens,
3563 2711 3730 2780 jtulex

2147 2823 2342 2863 rursus
2373 2808 2439 2862 ad
2469 2822 2571 2861 nos
2602 2807 2885 2861 rediturus
2911 2815 3018 2867 est,
3051 2810 3306 2859 humanae
3336 2803 3732 2874 dispensationi

2147 2912 2312 2971 atque
2378 2899 2765 2970 gubernationi
2840 2897 3001 2953 linem
3071 2898 3453 2968 impositurus.
3519 2897 3576 2949 In
3631 2898 3737 2949 line

2145 2993 2295 3048 enim
2346 3000 2511 3063 atque
2555 3000 2805 3047 extremo
2856 2990 3025 3045 totius
3076 2990 3326 3060 corporis
3377 2989 3538 3059 pedes
3583 2997 3731 3043 Sunt.

2149 3082 2410 3139 intestina
2443 3095 2750 3152 postremo,
2795 3082 3115 3138 abscondita
3150 3083 3239 3136 illa
3270 3092 3323 3136 et
3352 3082 3516 3136 veluti
3559 3081 3735 3135 media

2146 3182 2205 3229 et
2251 3172 2511 3228 intestina
2564 3173 2928 3228 humanitatis
2977 3183 3277 3244 assuntptae
3330 3173 3576 3227 doctrina
3621 3192 3635 3228 :
3678 3183 3739 3227 ut

2144 3267 2276 3322 hinc
2329 3268 2496 3321 trium
2547 3275 2851 3336 temporum
2908 3266 3289 3336 complexione
3339 3266 3735 3334 sempiternum

2143 3357 2426 3413 Christum
2468 3372 2593 3412 esse
2635 3357 3029 3427 intelligamus,
3079 3372 3143 3413 ac
3193 3372 3287 3426 per
3322 3365 3482 3428 caput
3512 3358 3732 3427 quidem

2145 3452 2198 3505 in
2235 3451 2393 3507 nobis
2437 3449 2772 3515 declaretur,
2811 3449 2959 3520 quod
3006 3460 3146 3515 erat,
3202 3465 3299 3518 per
3334 3451 3497 3519 pedes
3546 3460 3731 3504 autem

2145 3541 2292 3612 quod
2325 3541 2453 3609 erit,
2486 3556 2585 3612 per
2628 3541 2891 3596 intestina
2939 3541 3179 3612 denique
3210 3542 3353 3611 quod
3387 3557 3601 3610 semper
3625 3553 3727 3595 est.

2144 3634 2222 3691 De
2254 3650 2366 3707 quo
2394 3633 2635 3690 Joannes
2665 3649 2888 3705 quoque
2924 3634 3057 3689 mihi
3091 3635 3309 3690 locutus
3340 3634 3576 3698 videtur,
3607 3650 3731 3689 cum

2141 3728 2280 3784 dixit
2309 3745 2324 3783 :
2355 3727 2460 3794 Qui
2503 3738 2603 3792 est,
2634 3729 2726 3798 qui
2771 3736 2907 3792 erat,
2939 3729 3032 3796 qui
3072 3736 3322 3782 venturus
3359 3736 3438 3781 est
3472 3728 3536 3788 ",
3576 3727 3727 3798 prin-

2143 3824 2350 3894 cipium
2382 3823 2634 3879 videlicet
2680 3837 2745 3877 ac
2779 3823 3018 3877 medium
3056 3831 3110 3879 ct
3140 3825 3300 3877 linem
3353 3823 3515 3877 simul
3568 3837 3720 3877 com-

2144 3918 2421 3988 plectens.

2211 4009 2471 4065 Psenws.
2519 4007 2960 4079 Quandoquidem
3004 4008 3134 4062 mihi
3180 4024 3384 4078 quoque
3431 4019 3546 4079 post
3599 4010 3731 4065 Cre-

2140 4099 2346 4169 gorium
2375 4097 2611 4153 historice
2639 4098 2800 4167 hujus
2828 4099 3167 4161 enarrandw,
3197 4115 3258 4151 ac
3285 4099 3597 4153 decernendi
3629 4118 3731 4170 quo

2141 4200 2296 4262 pacto
2365 4189 2592 4245 Verbum
2647 4191 2905 4245 edendum
2957 4193 3066 4257 sit,
3132 4201 3365 4261 potestas
3419 4194 3564 4263 facta
3614 4204 3731 4262 est,

2141 4283 2495 4349 subtiliorem,
2533 4299 2693 4353 quam
2724 4283 2835 4350 ipse
2866 4283 3072 4354 fecerit,
3104 4283 3411 4338 divisionem
3445 4286 3732 4355 proferam,

2143 4374 2427 4445 sigillatim
2461 4375 2816 4429 membrorum
2848 4375 2972 4446 agni
3006 4376 3320 4429 mentionem
3360 4376 3582 4444 faciens,
3614 4392 3735 4430 cor-

2141 4467 2385 4536 porisque
2436 4468 2746 4537 figmentum
2801 4476 2851 4521 et
2911 4470 3235 4522 creationem
3286 4469 3354 4521 ad
3399 4468 3733 4538 spiritualem

457 4554 606 4609 aliud
635 4556 957 4611 vocabulum
990 4557 1334 4628 interpretari
1365 4561 1541 4616 solet:
1571 4567 2031 4645 quemadmodum
2068 4563 2109 4618 D
2138 4560 2551 4629 speculationem
2595 4560 2945 4630 transferens.
2989 4559 3161 4629 Caput
3207 4561 3371 4629 igitur
3406 4562 3637 4629 priorem
3678 4563 3734 4616 in

456 4647 545 4702 hic
576 4663 796 4719 quoque
840 4648 990 4706 facit.
1036 4650 1247 4706 Etenim
1299 4668 1424 4708 cum
1468 4654 1731 4712 dixisset:
1764 4657 2037 4729 Quidquid

454 4755 748 4804 carneum,
800 4742 1051 4812 adiunxit
1087 4742 1197 4798 :Et
1246 4745 1629 4813 esculentum,
1686 4750 2033 4817 perspicuum

456 4833 663 4890 faciens
695 4848 755 4888 se
789 4849 1047 4889 carnettm
1087 4835 1428 4891 esculentum
1471 4838 1777 4894 nominare.
1818 4839 2033 4896 Rursus

455 4944 578 4983 cum
604 4928 849 4985 dixisset:
877 4927 951 4983 Ex
980 4929 1275 4995 intestinis,
1298 4931 1551 5002 protinus
1575 4932 1780 5002 liquido
1795 4933 2034 4988 υειιιιιάῑι

455 5034 515 5075 se
552 5036 617 5076 co
656 5021 875 5077 nomine
921 5024 1135 5078 occulta
1178 5030 1232 5077 et
1277 5024 1556 5081 recondita
1604 5041 1825 5081 Vocare.
1874 5024 2029 5093 Quod

456 5122 635 5167 autem
671 5129 767 5182 per
801 5128 1060 5170 carncum
1097 5124 1152 5171 et
1182 5116 1366 5171 abdita
1410 5116 1654 5173 indicare
1693 5119 1808 5172 vult
1850 5116 2032 5174 Theo-

456 5200 634 5272 logus,
663 5203 831 5267 hunc,
858 5214 918 5258 ut
947 5205 1164 5274 opinor,
1198 5221 1418 5261 sensum
1448 5208 1634 5263 habet.
1666 5206 2036 5274 Quemadmo-

458 5294 587 5348 dum
629 5293 751 5363 agni
794 5282 1002 5349 viscera
1056 5296 1312 5353 interitus
1356 5298 1788 5364 absconduutur,
1841 5315 2036 5355 carnes

457 5396 640 5442 autem
676 5388 729 5440 in
761 5387 1015 5442 exteriori
1067 5398 1221 5458 parte
1267 5400 1442 5446 sunt:
1486 5391 1565 5447 sic
1597 5393 1759 5447 etiam
1808 5393 1863 5447 in
1912 5392 2035 5447 lidei

458 5489 659 5534 nostra:
688 5489 740 5534 et
772 5480 1036 5535 doctrinae
1071 5480 1366 5551 dogmatis,
1399 5483 1504 5537 alia
1543 5484 1714 5555 magis
1752 5499 1952 5540 arcana
1982 5495 2038 5539 et

458 5573 710 5626 abstrusa
746 5583 895 5637 sunt,
945 5572 1051 5628 alia
1092 5572 1266 5643 magis
1302 5576 1459 5628 obvia
1491 5585 1544 5629 et
1574 5577 1883 5647 perspicua,
1925 5592 2034 5631 non

459 5677 618 5717 secus
664 5673 827 5733 atque
870 5663 980 5719 illic
1020 5664 1233 5720 viscera
1265 5664 1477 5721 occulta
1508 5677 1656 5735 sunt,
1686 5682 1879 5723 carnes
1907 5682 2036 5723 vero

536 5838 575 5869 ³⁸
622 5839 785 5907 Apoc.
818 5859 865 5907 ι,
911 5840 963 5897 4.

2142 4671 2281 4725 agno
2310 4654 2481 4708 locum
2512 4654 2685 4719 habet,
2716 4672 2835 4708 cum
2864 4655 2976 4709 suis
3002 4654 3266 4724 partibus.
3308 4653 3509 4708 Deinde
3537 4655 3730 4709 collum

2140 4745 2389 4798 vertebris
2437 4745 2785 4814 interseptum
2832 4755 2978 4798 recta
3018 4744 3352 4812 protensione
3396 4745 3450 4797 in
3487 4745 3728 4799 humeros

2137 4839 2376 4904 desinit,
2431 4856 2464 4893 a
2523 4837 2711 4906 quibus
2768 4838 3058 4891 anteriores
3112 4841 3267 4901 pedes
3326 4837 3726 4908 fabricationem

2135 4931 2309 4983 sortiti
2342 4938 2485 4983 sunt.
2539 4928 2661 4983 Post
2690 4931 2782 4982 hos
2815 4931 2867 4983 in
2897 4930 3157 4997 superiori
3187 4931 3395 4998 quidem
3426 4940 3573 4998 parte
3605 4930 3729 4982 dor-

2140 5036 2257 5073 sum
2295 5036 2358 5073 ac
2392 5021 2536 5072 dorsi
2584 5020 2737 5088 spina
2780 5019 3123 5083 distenditur,
3172 5021 3229 5073 in
3277 5020 3519 5088 inferiori
3553 5029 3729 5073 autem

2140 5116 2334 5168 ventris
2369 5129 2655 5166 concavum
2687 5113 2907 5182 effictam
2938 5125 3037 5169 est.
3076 5112 3384 5183 Sequuntur
3412 5112 3727 5181 posteriores

2143 5205 2296 5275 pedes
2327 5205 2381 5259 in
2411 5207 2639 5258 caudam
2671 5205 2989 5258 desinentes.
3033 5203 3184 5258 Inter
3212 5204 3308 5256 has
3344 5213 3520 5257 autem
3553 5211 3728 5271 partes

2143 5296 2422 5351 sublimius
2468 5306 2545 5351 est
2589 5305 2775 5366 caput,
2808 5300 2907 5360 uel,
2958 5306 3016 5349 ut
3064 5296 3240 5365 aptius
3289 5295 3498 5364 loquar,
3547 5311 3728 5362 procc-

2143 5392 2279 5445 ctius
2327 5407 2390 5444 ac
2428 5392 2834 5462 prominentius.
2881 5388 3025 5443 Nam
3076 5389 3246 5443 altum
3293 5397 3341 5442 et
3391 5389 3631 5452 sublime,
3664 5391 3729 5441 de

2145 5486 2370 5539 hominis
2410 5486 2731 5554 formatione
2768 5485 3057 5554 prwdicari
3090 5481 3403 5536 Aristoteles
3434 5482 3489 5534 in
3520 5479 3614 5533 lib.
3653 5478 3727 5532 De

2144 5576 2384 5644 partibus
2442 5578 2756 5632 animalium
2816 5578 3028 5631 asserit.
3098 5573 3263 5629 Pedes
3323 5590 3441 5628 vero
3504 5572 3724 5641 inferius

2148 5685 2208 5721 ac
2256 5669 2396 5723 circa
2444 5679 2637 5724 terram
2677 5685 2910 5740 gressum
2960 5667 3150 5737 ﬁgunt.
3197 5664 3517 5736 llujusmodi
3565 5665 3727 5734 igitur
