4116 6434
397 356 532 422 1273

1346 366 1670 429 ΝΙΟΕΤΑΞ
1711 369 1793 430 IN
1833 369 2059 432 ORAT.
2102 373 2267 433 XLII
2306 374 2368 438 S.
2413 376 2644 440 GREG.

3522 378 3659 436 ΒΜ

392 484 600 540 divinus
654 497 854 553 quoque
905 499 1070 554 agnus
1125 494 1244 551 est,
1313 503 1376 541 ex
1427 488 1598 556 capite
1653 494 1703 542 et
1759 487 1976 555 pedibus
2008 494 2197 561 Aqua:
2232 493 2342 548 illis
2390 498 2724 563 operiuntur,
2776 495 3019 565 supernis
3074 492 3333 548 thesauris
3390 491 3503 546 sine
3546 490 3657 544 ulla

393 587 667 638 constans,
715 574 770 627 id
821 584 935 641 est,
986 578 1262 632 divinitate
1310 586 1361 632 et
1409 577 1776 644 humanitate,
1824 596 1976 649 quem

392 668 590 735 partim
639 666 755 720 sola
808 669 1129 736 cogitatione
1181 670 1456 734 dividens,
1508 671 1708 740 partim
1758 672 1974 735 aniens,

392 766 549 826 atque
579 760 875 827 comedens,
913 759 983 812 ad
1014 761 1210 813 animat
1236 762 1619 831 susceptione»:
1650 772 1770 830 apte
1804 769 1977 815 trans-

394 849 562 902 mitte.
598 847 875 917 Susceptio
921 868 983 904 an
998 859 1098 904 tem
1133 853 1353 916 animm,
1396 852 1470 906 vis
1498 861 1573 906 est
1609 852 1974 922 spiritualium

393 940 819 1010 speculationum
871 944 1195 1012 susceptrix,
1243 960 1363 1016 qnte
1408 944 1620 1013 quidem
1673 944 1974 999 doctrinam

392 1031 567 1085 divisa
599 1032 813 1101 facilem
841 1037 1127 1105 accipiens,
1153 1038 1475 1111 spiritusque
1501 1040 1702 1108 fervore
1729 1037 1973 1092 concale-

392 1123 613 1190 faciens,
661 1132 818 1194 atque
858 1125 1113 1193 alterans,
1158 1143 1274 1183 eam
1317 1129 1387 1182 ad
1428 1129 1720 1183 coctionem
1760 1128 1972 1198 digerit,

391 1216 450 1269 in
497 1231 756 1285 suamque
810 1219 1092 1274 essentiam
1150 1220 1507 1289 transfundit.
1570 1220 1763 1276 Vertea:
1807 1222 1974 1291 igitur

389 1308 561 1362 divini
602 1311 774 1364 nostri
820 1313 1032 1381 capitis,
1085 1313 1181 1367 hoc
1211 1321 1312 1377 est,
1354 1313 1523 1368 divini
1576 1313 1755 1378 Verbi,
1809 1314 1973 1369 Pater

389 1409 508 1463 est,
573 1416 605 1453 a
673 1416 777 1470 quo
829 1402 1138 1473 incorporeo
1191 1413 1347 1474 atque
1402 1405 1762 1474 inexplicabili
1815 1404 1970 1458 modo

392 1489 603 1558 genitus
635 1499 734 1545 est.
766 1490 1000 1546 Proinde
1039 1494 1287 1548 verticem
1317 1495 1478 1548 etiam
1506 1495 1657 1549 edere
1699 1494 1968 1561 debemus,

391 1582 491 1637 hoc
520 1591 624 1649 est,
656 1583 949 1656 intelligere
975 1602 1305 1658 nequaquam
1327 1588 1662 1659 productioni
1695 1604 1971 1658 corporum

390 1674 529 1728 hanc
562 1677 952 1743 generationem
988 1678 1214 1733 similem
1258 1696 1392 1735 esse.
1436 1679 1574 1735 Item
1601 1681 1742 1751 quod
1785 1696 1849 1734 ea:
1876 1677 1971 1732 illo

391 1764 605 1835 quidem
636 1767 858 1821 Verbum
887 1776 990 1831 est,
1033 1770 1123 1824 sed
1163 1786 1264 1824 non
1293 1781 1413 1838 post
1458 1771 1635 1826 illum.
1676 1771 1969 1833 Postremo,

389 1855 530 1924 quod
572 1866 830 1927 quantum
879 1858 948 1911 ad
984 1876 1206 1914 causam
1248 1860 1409 1915 Pater
1457 1860 1603 1916 Filio
1654 1863 1825 1932 major
1871 1869 1970 1919 est.

393 1943 658 2010 Quoniam
690 1956 866 2000 autem
904 1950 1073 2003 crines
1103 1950 1261 2004 etiam
1306 1950 1545 2004 verticem
1587 1952 1969 2023 oircumtegunt

392 2034 511 2104 (hoc
568 2045 670 2100 est,
723 2036 896 2107 caligo
934 2036 1032 2091 illa
1090 2054 1122 2091 a
1170 2037 1526 2105 speculatione
1574 2050 1803 2097 remota.
1857 2055 1973 2111 qua:

392 2134 670 2194 paternam
701 2127 1058 2182 substantiam
1091 2128 1308 2199 obtegit)
1340 2130 1433 2184 hos
1465 2147 1667 2202 quoque
1714 2146 1972 2203 quantum

392 2233 473 2272 res
500 2217 754 2285 postulat,
790 2219 1022 2274 dividere
1047 2237 1253 2275 necesse
1276 2221 1552 2287 habemus,
1581 2234 1738 2295 atque
1768 2228 1845 2281 ita
1868 2229 1971 2283 vim

392 2308 586 2362 anima:
620 2308 837 2378 injicere
884 2309 954 2364 ad
986 2326 1054 2365 ea
1109 2312 1443 2384 attingenda,
1489 2331 1606 2381 qua:
1635 2326 1686 2371 et
1736 2335 1975 2376 sermone

391 2401 668 2470 superiora
698 2411 844 2463 sunt,
891 2412 942 2456 et
981 2403 1321 2473 cogitatione.
1368 2402 1495 2469 1am
1544 2406 1754 2462 divinas
1809 2388 1975 2465 etiam

392 2509 549 2547 aures
598 2494 724 2562 agni
771 2495 937 2549 divini
980 2497 1339 2562 comedamus,
1375 2514 1577 2568 nempe,
1622 2502 1977 2568 spiritualiter

392 2584 691 2650 audientes,
736 2586 877 2654 quod
923 2587 1235 2641 incarnatus
1282 2589 1378 2654 sit,
1407 2589 1544 2658 quod
1580 2590 1804 2645 Verbum
1847 2609 1972 2646 caro

392 2676 594 2745 factum
628 2680 717 2731 sit.
757 2676 942 2745 Neque
963 2679 1101 2732 enim
1131 2678 1356 2734 Verbum
1393 2681 1446 2734 in
1475 2698 1683 2734 carnem
1710 2692 1972 2737 mutatum

391 2782 524 2831 esse,
559 2783 650 2821 nec
706 2768 1070 2836 incorporeum
1122 2770 1287 2837 ipsius
1336 2772 1621 2825 essentiam
1663 2773 1717 2825 in
1761 2789 1972 2827 carnem

392 2860 717 2913 concrevisse
746 2860 1122 2930 praedicamus,
1157 2879 1335 2917 verum
1362 2862 1417 2916 id
1444 2864 1656 2933 quidem
1693 2866 1967 2930 mansisse,

390 2949 532 3018 quod
573 2961 710 3011 erat,
746 2949 800 3003 id
849 2960 1048 3016 autem,
1083 2953 1221 3022 quod
1272 2969 1374 3007 non
1422 2962 1557 3016 erat,
1602 2956 1970 3023 assumpsisse.

395 3040 593 3097 Oculos
630 3042 846 3112 insuper
877 3045 1236 3110 comedamus,
1275 3046 1638 3116 spiritualiter
1679 3057 1969 3113 cernentes,

390 3153 485 3191 nec
513 3155 689 3192 rerum
728 3156 936 3206 earum,
970 3158 1086 3209 qua:
1120 3146 1215 3195 sub
1245 3152 1513 3210 aspectum
1538 3145 1755 3209 cadunt,
1784 3160 1971 3213 corpo-

391 3229 535 3283 ribus
564 3230 860 3299 interseptt',
894 3247 1072 3285 verum
1105 3232 1452 3287 intellectuali
1483 3233 1635 3286 modo
1674 3234 1726 3287 in
1761 3234 1970 3289 divinas

390 3321 808 3378 illuminationes
833 3334 1189 3392 penetrantes.
1219 3324 1302 3380 Ne
1326 3327 1730 3397 superciliorum
1758 3327 1971 3397 quidem

388 3421 595 3481 partem
647 3415 908 3470 intactam
954 3416 1342 3487 relinquamus,
1369 3407 1723 3488 perspicacem
1767 3420 1970 3474 scilicet

389 3504 581 3559 anima:
609 3507 710 3559 vim
735 3513 1050 3577 obtegentes,
1093 3524 1156 3562 ne
1183 3525 1407 3578 superne
1444 3510 1694 3564 alicunde
1740 3510 1888 3565 salsa
1919 3519 1969 3564 et

390 3611 579 3650 amara
621 3600 908 3666 spirituum
957 3616 1228 3654 aereorum
1287 3601 1459 3669 ﬂuuio
1497 3602 1699 3670 infusa,
1758 3603 1970 3655 oculum

389 3691 563 3759 ipsum
625 3689 807 3744 la'dat.
871 3691 1010 3756 Quid
1063 3692 1221 3745 vero?
1267 3708 1367 3745 non
1419 3694 1581 3746 etiam
1618 3708 1774 3746 nares
1825 3693 1968 3758 ipsas

390 3782 730 3849 attingemus,
786 3781 1039 3835 nimirum
1069 3781 1304 3834 divinum
1354 3789 1681 3851 unguentum
1729 3780 1970 3834 redolen-

391 3883 489 3936 tes,
514 3889 617 3942 quo
647 3872 758 3942 ipse
784 3890 988 3944 quoque
1014 3873 1272 3928 Dominus
1304 3883 1429 3928 ante
1454 3876 1747 3943 passionem
1780 3882 1967 3926 unctus

388 3968 504 4021 est?
535 3966 716 4022 Bonus
745 3970 881 4022 enim
913 3969 1046 4022 odor
1091 3968 1391 4039 spiritualis
1424 3986 1607 4022 sumus
1640 3968 1800 4038 juxta
1828 3967 1968 4036 Apo-

388 4058 583 4113 stolum
610 4060 676 4114 ³².
725 4060 908 4113 Omnis
948 4062 1117 4130 igitur
1161 4062 1584 4128 speculationum
1630 4062 1838 4130 puritas
1878 4076 1970 4129 per

389 4152 739 4206 aura/tentem
776 4154 968 4207 anima:
1009 4153 1346 4222 facultatem,
1394 4157 1546 4224 quasi
1590 4170 1684 4222 per
1712 4154 1969 4224 quasdam

391 4260 568 4311 nares,
614 4244 762 4298 nobis
803 4243 1098 4298 haurienda
1142 4254 1219 4300 est
1250 4261 1268 4299 :
1297 4244 1554 4315 quidquid
1595 4253 1772 4299 autem
1815 4246 1871 4298 in
1905 4246 1969 4300 iis

390 4336 631 4391 nebulosi
687 4346 736 4390 et
799 4337 1080 4403 caliginosi
1135 4345 1256 4404 est,
1325 4338 1459 4406 foris
1516 4336 1965 4407 relinquendum,

389 4445 648 4499 naresque
679 4428 1031 4495 continendae,
1057 4446 1122 4483 ne
1153 4430 1447 4483 crassitiem
1489 4431 1625 4483 hanc
1659 4428 1968 4485 nebulosam

389 4525 690 4577 attrahunt.
738 4521 819 4576 Ne
851 4522 934 4575 ori
982 4523 1194 4593 quidem
1244 4539 1552 4594 parcamus,
1585 4524 1724 4591 quod
1754 4523 1963 4593 quidem
2003 4546 2048 4603 ι)

388 4623 469 4670 εει
504 4615 619 4683 fons
659 4615 752 4670 ille
799 4617 917 4670 vita:
964 4627 1015 4670 et
1068 4616 1518 4692 immortalitatis,
1551 4618 1620 4671 ad
1677 4632 1831 4684 quem
1877 4619 1967 4685 qui

391 4706 543 4760 labra
583 4707 897 4770 admoverit,
929 4707 1133 4762 divinos
1168 4707 1352 4762 latices
1395 4708 1601 4762 hauriet
1631 4723 1649 4762 :
1680 4723 1861 4761 verum
1897 4706 1967 4759 ad

389 4801 604 4855 laticem
637 4802 788 4854 illum
816 4818 1145 4872 nequaquam
1180 4803 1461 4857 temerario
1486 4803 1681 4871 impetu
1708 4800 1966 4872 prosiliao

389 4909 531 4957 mus,
588 4894 680 4948 sed
725 4893 871 4948 labia
915 4896 1063 4963 prius
1114 4894 1526 4963 distinguamus,
1578 4903 1639 4947 ut
1699 4895 1775 4947 sic
1828 4892 1967 4963 fonti

387 4985 738 5053 perspicuitas
803 5003 903 5040 sua
962 4994 1184 5041 constet.
1258 4985 1411 5051 Quod
1476 5002 1594 5039 vero
1655 4983 1725 5038 ad
1785 4983 1968 5038 dentes

389 5077 600 5137 attinet,
632 5094 749 5131 eam
791 5079 1054 5131 rationem
1092 5079 1357 5144 ineamus,
1378 5088 1460 5134 .ut
1491 5097 1578 5134 eos
1605 5079 1816 5149 quidem
1844 5095 1970 5132 con-

388 5168 675 5235 spicemur,
726 5170 940 5223 minime
995 5179 1171 5226 tamen
1223 5174 1640 5243 confringamus.
1698 5172 1967 5237 Quoniam

390 5268 567 5311 autem
607 5258 726 5327 fieri
766 5276 869 5313 non
913 5270 1105 5329 potest,
1157 5268 1215 5312 ut
1271 5261 1486 5315 Patrem
1540 5263 1620 5317 ita
1665 5260 1968 5315 dividamus

392 5357 550 5418 atque
572 5348 951 5420 intelligamus,
982 5351 1424 5421 quemadmodum
1451 5353 1661 5407 divinus
1689 5354 1773 5406 hic
1803 5368 1968 5421 agnus

389 5439 613 5507 (idcirco
647 5442 786 5494 enim
810 5444 864 5495 in
888 5442 1112 5497 obscura
1139 5459 1341 5514 quoque
1366 5444 1485 5498 sede
1511 5444 1693 5498 dentes
1720 5444 1969 5498 collocati

390 5538 559 5594 sunt,
626 5540 852 5601 utraque
914 5533 1154 5588 videlicet
1214 5534 1359 5588 mala
1413 5544 1462 5589 et
1519 5535 1681 5590 labiis
1749 5533 1966 5604 obtecti)

389 5622 717 5687 operimenta
770 5623 981 5693 quidem
1028 5640 1188 5695 parce
1232 5626 1598 5696 attingamus,
1664 5643 1726 5681 ea
1784 5639 1963 5681 autem

465 5799 509 5831 ³¹
542 5796 584 5854 ll
612 5799 741 5856 Cor.
781 5816 839 5871 ιι,
876 5803 961 5858 15.

2076 589 2492 656 perscrutatione
2555 588 2936 659 relinquamus.
3014 584 3101 640 Ne
3155 583 3374 639 cervicis
3447 582 3653 652 quidem

2078 691 2316 750 expertes
2354 683 2542 749 simus,
2577 682 2812 736 divinum
2844 680 3098 734 nimirum
3122 678 3315 747 jugum
3344 674 3611 729 trahentes
3638 687 3660 728 :

2077 772 2283 827 divinos
2339 775 2552 843 insuper
2611 774 2853 827 humeros
2901 770 3268 839 accipiamus,
3328 765 3659 819 orationibus

2078 864 2317 917 videlicet
2343 863 2412 917 iis
2442 865 2679 916 animum
2712 863 2779 915 ad
2780 861 3043 928 jicientes.
3077 875 3193 929 qua:
3222 857 3290 911 ad
3319 854 3658 926 perferendos

2078 955 2328 1010 adversos
2360 970 2516 1009 casus
2562 954 2864 1008 hortantur.
2898 951 3300 1007 Corrodendum
3351 948 3498 1002 nobis
3525 962 3658 1015 quo-

2077 1064 2173 1118 que
2202 1062 2281 1102 est
2309 1048 2710 1117 cartilagineum
2743 1047 2879 1100 illud
2913 1046 3145 1106 arterice,
3176 1058 3294 1112 qua,
3322 1042 3390 1095 ad
3418 1040 3659 1094 anterio-

2076 1154 2187 1193 rem
2242 1148 2450 1207 partem
2511 1138 2657 1200 sita,
2731 1137 3020 1191 anhelitum
3096 1134 3259 1188 ducit.
3317 1131 3446 1186 Haec
3498 1145 3655 1200 porro

2075 1230 2404 1300 spiritualem
2455 1246 2730 1284 ascensum
2785 1230 3078 1299 significat,
3127 1242 3219 1296 per
3249 1240 3399 1295 quem
3449 1221 3658 1276 intelle-

2078 1322 2254 1377 ctilent
2287 1339 2461 1377 aerem
2506 1323 2811 1377 haurientes
2841 1320 3109 1391 penetrale
3152 1320 3344 1373 anima:
3372 1314 3655 1386 perﬂamus

2079 1429 2141 1467 ac
2167 1413 2326 1467 veluti
2361 1413 2821 1481 circumforemus.
2879 1411 3023 1477 Quin
3061 1419 3228 1464 totum
3273 1408 3434 1462 etiam
3474 1412 3654 1473 pectus

2075 1512 2126 1558 et
2168 1503 2437 1558 thoracem
2491 1503 2799 1558 credamus.
2842 1500 2983 1555 Nam
3038 1501 3148 1554 ha'c
3178 1515 3305 1569 pars
3354 1513 3447 1552 cor
3496 1493 3655 1549 vitale

2073 1597 2406 1667 potissimum
2435 1595 2783 1665 circumtegit,
2820 1594 2918 1647 hoc
2947 1600 3047 1658 est,
3088 1607 3293 1645 omnem
3323 1586 3654 1658 spiritualent

2074 1686 2509 1756 speculationem,
2553 1701 2672 1757 qute
2696 1684 2904 1755 quidem
2935 1684 3012 1737 vel
3047 1685 3276 1736 maxime
3320 1676 3652 1749 spiritualem

2074 1777 2246 1831 cibum
2282 1776 2616 1845 excalefacit,
2668 1785 2823 1845 atque
2872 1773 2942 1828 ad
2979 1773 3266 1842 ﬂuxionem
3319 1771 3447 1822 mire
3484 1766 3656 1820 lubri-

2075 1887 2191 1924 cam
2237 1880 2287 1924 et
2337 1869 2579 1922 mobilem
2620 1869 2896 1929 immutat,
2943 1866 3205 1935 talemque
3257 1860 3451 1926 reddit,
3500 1868 3556 1910 ut
3599 1858 3654 1909 in

2073 1962 2280 2016 div.'nos
2305 1960 2540 2023 canales,
2566 1976 2657 2029 per
2679 1975 2808 2029 quos
2837 1957 3069 2027 Spiritus
3097 1955 3338 2024 irrigatio
3361 1951 3430 2004 ad
3461 1949 3656 2003 animt:

2072 2064 2248 2124 partes
2281 2053 2690 2114 transmittitur,
2717 2048 2867 2119 facili
2890 2049 3055 2101 ductu
3086 2046 3300 2115 influat.
3331 2041 3414 2096 Ne
3442 2038 3663 2094 intesti~

2075 2147 2155 2201 nis
2183 2148 2392 2217 quidem
2421 2144 2553 2207 ipsis
2579 2157 2886 2212 parcamus,
2914 2154 3090 2194 verum
3118 2152 3206 2190 cor
3235 2138 3405 2204 ipsum
3422 2131 3654 2201 primum

2074 2238 2314 2300 edamus,
2365 2235 2623 2288 nimirum
2658 2240 2874 2302 propter
2919 2243 3038 2281 eum
3085 2225 3175 2296 qui
3221 2222 3414 2277 salutis
3459 2228 3654 2273 nostrte

2074 2345 2240 2383 causa
2271 2327 2505 2396 seipsum
2535 2323 2743 2391 dejecit,
2776 2336 2868 2375 cor
2897 2328 3158 2381 nostrum,
3186 2311 3362 2386 quoad
3387 2312 3502 2380 ejus
3541 2309 3656 2378 ﬁeri

2074 2419 2303 2491 poterit,
2364 2424 2689 2471 conterentes
2750 2421 2801 2466 et
2847 2411 3185 2480 dejicientes,
3251 2421 3312 2459 ac
3365 2402 3654 2472 principem

2076 2515 2270 2569 animm
2297 2520 2500 2579 partem
2528 2513 2925 2577 perpurgantes,
2959 2517 3050 2555 nec
3078 2516 3167 2554 eas
3196 2496 3653 2553 ratiocinationes,

2072 2619 2188 2674 qua:
2223 2618 2256 2655 a
2290 2610 2433 2654 terra
2476 2601 2529 2652 in
2567 2606 2747 2667 pectus
2779 2594 3073 2649 ascendunt
3118 2590 3475 2643 admittentes.
3509 2583 3655 2648 Quo—

2074 2698 2212 2749 niam
2262 2703 2437 2747 autem
2492 2708 2582 2745 cor
2619 2689 2688 2743 ad
2740 2690 2896 2743 vitam
2947 2685 3162 2738 minime
3204 2679 3390 2749 sufficit
3417 2717 3434 2743 ,
3471 2683 3654 2742 utpote

2073 2784 2357 2842 immodico
2389 2785 2508 2854 igne
2539 2780 2865 2844 redundans,
2901 2777 3006 2831 nisi
3039 2793 3071 2829 a
3103 2775 3351 2843 pulmone
3377 2768 3651 2839 per/ietur,

2071 2880 2163 2949 qui
2210 2877 2421 2948 quidem
2484 2890 2675 2943 corpus
2739 2869 2895 2924 molle
2944 2877 3101 2938 atque
3154 2867 3435 2930 absumptu
3496 2855 3653 2927 facile

2071 2983 2261 3039 suapte
2315 2975 2509 3021 natura
2556 2973 2655 3031 est,
2696 2962 2998 3033 pulmonem
3039 2973 3242 3029 quoque
3290 2951 3651 3009 comedamus,

2073 3063 2169 3117 hoc
2208 3069 2288 3114 est
2336 3060 2571 3113 rationes
2623 3056 2861 3109 animam
2914 3060 3150 3106 nostram
3185 3048 3444 3115 integram
3496 3050 3652 3109 atque

2073 3156 2434 3220 incorruptam
2500 3155 2891 3202 conservantes.
2956 3144 3199 3198 Ventrem
3250 3139 3414 3194 etiam
3478 3135 3651 3203 ipsum

2079 3255 2234 3317 atque
2268 3243 2520 3298 intestina
2558 3240 2910 3303 accipiamus,
2943 3234 3234 3303 simplicem
3262 3231 3438 3300 ipsum
3467 3233 3651 3279 custo-

2080 3338 2303 3401 dientes,
2334 3352 2426 3390 nec
2466 3335 2703 3388 ciborum
2740 3327 3084 3383 multitudine
3123 3329 3437 3392 prementes,
3472 3334 3502 3369 a
3529 3332 3653 3386 qut-

2079 3434 2176 3485 bus
2195 3446 2353 3499 vapor
2375 3427 2695 3498 [uliginosus
2720 3425 2776 3478 in
2805 3421 3073 3477 cerebrum
3093 3416 3353 3480 ascendit,
3382 3412 3652 3481 ipsiusque

2079 3521 2439 3574 membranam
2469 3525 2604 3570 tetra
2628 3514 2852 3584 caligine
2879 3511 3079 3581 implet,
3113 3517 3269 3577 atque
3295 3505 3358 3557 ab
3385 3519 3444 3556 ea
3469 3513 3654 3553 rursus

2078 3611 2289 3680 oppleta
2328 3611 2697 3662 intercutanea
2737 3614 2960 3659 mentem
3001 3606 3237 3653 nostram
3281 3590 3653 3662 tumefaciuut,

2076 3703 2313 3773 ﬂatuque
2356 3698 2690 3761 discindunt,
2742 3712 2805 3749 ac
2853 3692 3151 3762 praesertim
3200 3695 3412 3758 propter
3459 3695 3654 3737 ca’cum

2077 3795 2410 3857 intestinum,
2461 3793 2556 3847 hoc
2604 3797 2706 3853 est,
2739 3799 3041 3857 perversam
3093 3780 3488 3851 cogitationem,
3539 3787 3659 3844 qua:

2077 3884 2199 3938 hinc
2227 3883 2593 3952 impuritatem
2615 3887 2663 3931 et
2688 3872 3089 3930 immunditiam
3116 3868 3338 3936 excipit,
3365 3866 3657 3931 animmque

2076 3978 2324 4033 vitiosam
2356 3971 2719 4043 habitudinem
2755 3967 2932 4036 affert.
2964 3963 3085 4018 Jam
3112 3964 3275 4029 hepar
3306 3971 3508 4026 quoque
3534 3968 3654 4007 cum

2076 4070 2226 4125 simis
2255 4085 2315 4122 ac
2347 4066 2512 4137 gibbis
2544 4065 2786 4125 edamus,
2818 4073 2956 4113 nunc
2983 4070 3139 4123 super
3173 4052 3287 4107 alta
3320 4059 3369 4105 et
3400 4046 3655 4102 sublimia

2077 4161 2427 4233 cupiditatem
2461 4156 2819 4217 extendentes,
2855 4164 2993 4204 nunc
3023 4147 3091 4201 ad
3121 4163 3203 4211 ea,
3239 4161 3357 4215 quia
3387 4140 3655 4233 inferioris

2077 4230 2395 4325 cognitionis
2443 4258 2587 4311 sunt,
2640 4245 2736 4299 hoc
2790 4252 2890 4308 est,
2944 4239 3012 4293 ad
3045 4240 3247 4309 primas
3296 4247 3343 4289 et
3393 4230 3654 4288 secundas

2078 4355 2322 4400 naturas.
2356 4341 2567 4394 Lienem
2607 4340 2819 4405 insuper
2848 4333 3049 4387 modice
3077 4346 3139 4383 ac
3184 4328 3373 4382 leniter
3405 4332 3649 4378 attreste-

2081 4453 2217 4500 mus,
2258 4435 2362 4489 vim
2401 4449 2538 4498 eam,
2569 4445 2686 4500 qua:
2733 4445 2767 4481 a
2820 4427 3027 4480 ratione
3073 4437 3260 4476 aversa
3314 4427 3415 4483 est,
3452 4431 3653 4486 ηραν-

2076 4540 2278 4601 gantes,
2308 4527 2364 4580 in
2392 4541 2495 4594 qua
2533 4521 2825 4577 sceleratus
2854 4518 3084 4581 damon,
3125 4513 3263 4568 velut
3298 4520 3410 4564 ater
3433 4506 3651 4601 quidam

2073 4597 2285 4686 humor,
2325 4618 2540 4683 insidet,
2571 4622 2725 4684 atque
2751 4611 2972 4666 occultis
2997 4620 3045 4662 et
3073 4605 3337 4677 pestiferis
3366 4597 3652 4656 seminibus

2074 4709 2332 4776 iuspersis
2364 4710 2557 4763 animte
2585 4707 2876 4774 puritatem
2913 4702 3102 4770 inﬁcit.
3139 4698 3417 4750 Postremo
3449 4700 3653 4762 partem

2071 4803 2235 4856 etiam
2265 4801 2490 4854 rationis
2523 4805 2785 4866 expertem
2818 4797 2898 4847 ita
2933 4792 3301 4850 instituamus,
3333 4797 3393 4840 ut
3424 4784 3652 4840 rationis

2073 4890 2347 4963 praeceptis
2380 4896 2587 4957 pareat.
2627 4884 2714 4938 Ita
2748 4885 2840 4953 ﬁet
2878 4894 2933 4937 ut
2972 4900 3034 4936 ne
3060 4883 3169 4950 ipse
3202 4880 3410 4950 quidem
3446 4894 3478 4930 a
3505 4876 3653 4931 nobis

2077 4986 2308 5039 intactus
2363 4981 2717 5049 relinquatur.
2775 4976 2945 5045 Atque
3002 4975 3152 5041 htvc,
3216 4984 3474 5042 quantum
3533 4970 3654 5035 ﬁeri

2066 5074 2280 5144 poterit,
2313 5073 2585 5135 esitantes,
2639 5069 2871 5122 animam
2921 5076 3159 5120 nostram
3215 5063 3447 5117 alamus.
3499 5060 3677 5116 Illud“

2067 5184 2186 5222 vero
2220 5166 2532 5229 cavendum,
2565 5180 2627 5217 ne
2655 5162 2711 5215 in
2742 5178 2865 5216 ossa
2891 5159 3072 5213 dentes
3100 5158 3432 5225 injiciamus.
3468 5153 3655 5225 Neque

2069 5262 2205 5316 enim
2237 5275 2301 5313 ea
2332 5258 2446 5311 sine
2485 5272 2692 5310 summa
2719 5252 3030 5324 difficultate
3061 5250 3251 5319 conﬁci
3282 5257 3522 5317 possunt,
3559 5263 3651 5300 nec

2068 5354 2124 5406 in
2159 5351 2471 5404 alimentum
2495 5342 2872 5400 admittuntur.
2907 5343 3055 5409 Quod
3086 5352 3259 5396 tamen
3285 5357 3387 5394 non
3416 5341 3650 5408 ipsorum

2068 5455 2298 5504 naturae,
2326 5441 2416 5495 sed
2448 5449 2643 5493 nostra:
2673 5438 2981 5508 infirmitati
3013 5435 3353 5490 tribuendum
3381 5440 3477 5486 est.
3510 5429 3650 5485 Ossa

2066 5550 2224 5604 porro
2285 5531 2462 5597 Verbi,
2514 5546 2713 5583 arcana
2762 5528 2859 5581 illa
2906 5527 3205 5582 divinitatis
3251 5523 3495 5578 doctrina
3547 5532 3649 5586 est,

2066 5637 2220 5696 atque
2252 5633 2538 5694 assumpta:
2577 5621 2932 5676 humanitatis
2971 5617 3223 5685 consilia,
3253 5617 3331 5669 ita
3368 5628 3570 5669 arcana
3596 5623 3649 5669 et
