4116 6450
505 383 642 448 1375
1924 386 2180 447 ADDEN
2190 385 2309 448 DA.
3632 384 3805 452 1376

503 492 750 556 obscura,
787 502 842 546 ut
878 492 1026 547 nulla
1059 495 1301 549 oratione
1329 494 1588 564 explicari
1613 503 1825 565 queant.
2105 504 2150 560 Α
2181 494 2446 568 diximus)
2478 512 2587 554 non
2617 498 2812 569 ignave
2841 514 2905 556 ac
2925 498 3089 556 veluti
3120 507 3305 556 coaete
3355 507 3789 567 consectemur,

575 586 693 642 Col.
738 585 841 640 646
888 587 956 641 Δ.
1000 584 1112 639 Nec
1159 603 1276 641 vero
1313 588 1599 658 quidquam
1642 588 1938 657 efferamus,
1968 598 2072 644 etc.
2186 592 2283 646 sed
2316 599 2576 663 tanquam
2607 591 2845 648 famelici
2875 607 3093 648 summa
3122 606 3246 648 cum
3279 592 3538 647 aviditate
3565 608 3788 662 propo—

504 677 632 732 llzec
659 691 880 746 quoque
910 677 977 731 de
1012 691 1154 746 agno
1192 677 1245 732 in
1277 677 1467 733 Exodo
1498 679 1699 749 scripta
1747 689 1875 735 sunt
1905 698 1923 736 :
1955 680 2079 735 Non
2177 682 2300 739 sitis
2350 683 2487 740 cibis
2534 682 2783 739 animum
2823 684 3141 755 expleamus
3174 703 3187 739 :
3226 698 3321 739 eas
3361 693 3541 740 autem
3577 701 3793 755 specu-

503 769 726 837 επεν-διεδ
768 783 833 823 ex
868 769 1025 822 dante
1064 771 1351 839 quidquam
1395 771 1637 824 carnium
1662 770 1832 835 foras,
1858 780 1911 826 et
1965 788 2074 828 non
2177 771 2413 828 lationes
2439 813 2455 838 ,
2507 788 2744 843 quarum
2799 774 2941 829 ratio
2997 774 3068 829 ab
3101 773 3386 828 hominum
3445 775 3787 844 cognitione

503 861 806 928 relinquetis
842 875 909 914 ea:
944 875 1005 914 eo
1051 876 1215 931 usque
1266 861 1339 915 ad
1379 877 1534 917 mane
1557 862 1622 917 ⁸⁸.
1654 863 1731 917 Ex
1775 877 1844 918 eo
1890 878 2077 935 porro,
2177 871 2389 918 remota
2427 873 2534 929 εει,
2584 863 2733 919 velut
2768 878 3017 935 quaerere
3068 879 3191 934 quae
3235 863 3331 917 Dei
3378 866 3621 919 essentia
3684 865 3803 928 sit,

505 951 652 1020 quod
683 952 985 1022 quidquam
1021 951 1171 1009 foras
1198 954 1502 1024 exportari,
1529 954 1613 1010 lex
1643 955 1918 1025 prohibet,
1947 956 2080 1013 illud
2180 953 2310 1024 quid
2349 964 2477 1010 ante
2518 970 2701 1010 rerum
2750 955 3088 1011 creationem
3137 965 3278 1020 erat,
3323 954 3455 1025 quid
3506 966 3669 1010 extra
3710 969 3784 1011 ea

502 1046 789 1109 docemur,
821 1045 1090 1109 externis,
1126 1046 1229 1101 hoc
1271 1054 1378 1113 εει,
1417 1045 1545 1102 ﬁdei
1588 1058 1791 1104 nostra:
1825 1048 2084 1104 adversa-
2180 1062 2302 1118 qua:
2351 1047 2526 1105 oculis
2581 1056 2924 1115 cernuntur,
2982 1062 3108 1119 qua:
3195 1061 3387 1103 eorum
3447 1061 3570 1117 quae
3638 1046 3794 1102 ﬁunt

503 1134 605 1189 riis
635 1149 700 1191 ac
722 1136 979 1205 dogmata
1005 1145 1192 1191 nostra
1217 1137 1635 1209 suggillantihus
1663 1140 2081 1210 impertiendum
2181 1138 2519 1204 necessitas,
2579 1145 2637 1193 et
2691 1153 2814 1209 qua:
2869 1138 2927 1193 in
2977 1137 3167 1193 eodem
3227 1152 3430 1207 genere
3477 1138 3706 1207 posita,
3754 1153 3798 1192 ε

509 1242 618 1284 non
663 1244 786 1285 esse
836 1230 959 1285 ﬁdei
1020 1240 1225 1287 nostra:
1271 1234 1616 1304 mysterium.
1665 1232 1746 1289 Ex
1786 1249 1856 1290 eo
1901 1244 2083 1291 autem
2183 1228 2423 1285 curiosis
2472 1229 2793 1285 hominibus
2845 1229 3229 1298 inquiruntur,
3286 1243 3352 1285 ea
3401 1229 3504 1285 solt
3539 1229 3791 1298 Spiritui

504 1320 651 1389 quod
704 1321 1018 1388 interdicit,
1074 1337 1145 1378 ne
1204 1323 1340 1394 quid
1392 1326 1460 1380 ad
1515 1326 1847 1382 matutinum
1902 1341 2085 1398 usque
2185 1328 2403 1385 sancto.
2462 1318 2580 1390 qui.
2620 1330 2684 1377 ut
2727 1331 2813 1376 est
2848 1320 2993 1392 apud
3044 1320 3302 1388 Paulum.
3351 1320 3445 1376 Dei
3498 1319 3784 1391 profunda

505 1413 894 1483 relinquatur,
954 1414 1059 1471 hoc
1113 1415 1274 1473 nobis
1330 1415 1709 1489 signiﬁcatur,
1763 1427 1886 1489 post
1943 1422 2086 1475 hanc
2184 1412 2557 1476 scrutatur".
2590 1413 2977 1485 cognoscenda
3016 1413 3417 1483 relinquamus.
3454 1411 3600 1467 Idem
3628 1428 3784 1482 ιιι-εε-

506 1506 697 1574 vitam,
730 1521 854 1576 quae
887 1507 1068 1562 noctis
1113 1522 1178 1564 ac
1212 1510 1558 1565 tenebrarum
1593 1512 1817 1567 nomine
1848 1511 2088 1582 appella-
2189 1512 2411 1574 ceptum
2444 1504 2603 1559 nobis
2650 1502 2928 1575 Sapientia
2960 1518 3182 1574 quoque
3222 1503 3309 1559 his
3354 1504 3543 1559 verbis
3590 1504 3788 1559 incul-

509 1606 620 1659 tur,
658 1595 866 1650 nullam
910 1596 967 1650 in
1005 1595 1191 1652 futuro
1243 1598 1510 1655 matutino
1537 1601 1917 1671 purgationem
1952 1603 2086 1657 reli-
2186 1605 2322 1652 cat:
2394 1594 2653 1650 Fortiora
2693 1606 2741 1650 te
2801 1612 2865 1650 ne
2910 1596 3161 1649 act-uteris
3183 1592 3265 1658 ".
3313 1593 3419 1650 hoc
3467 1602 3592 1661 est.
3650 1611 3795 1652 0853

506 1696 675 1753 quam
709 1685 844 1739 fore.
883 1686 1133 1741 Prmsens
1156 1686 1306 1742 enim
1350 1689 1457 1745 hoc
1499 1697 1714 1761 tempus
1757 1692 1992 1748 actionis
2033 1702 2089 1748 et
2188 1684 2353 1744 Verbi
2394 1702 2464 1744 ne
2506 1687 2871 1758 coniringas;
2932 1703 3111 1757 neque
3160 1687 3307 1742 enim
3359 1702 3499 1757 opus
3539 1695 3631 1743 εει
3684 1687 3793 1742 tibi

510 1774 716 1832 laboris
765 1788 888 1845 est,
943 1779 1190 1835 futurum
1227 1783 1649 1852 persolutionis.
1697 1785 1899 1839 Adhzec
1934 1785 2087 1841 (ἥσθ-
2193 1778 2453 1835 occultis.
2487 1780 2561 1834 Ea
2593 1794 2784 1850 porro,
2817 1789 3084 1849 quantum
3130 1779 3183 1832 in
3218 1777 3353 1848 ipsis
3394 1786 3500 1843 est,
3527 1778 3797 1834 confrin-

470 1895 474 1899 ι
512 1867 745 1922 rendam
774 1882 887 1923 non
913 1883 1060 1935 esse,
1089 1884 1191 1926 nec
1219 1871 1274 1925 in
1302 1872 1450 1927 aliud
1490 1881 1704 1943 tempus
1733 1874 2086 1943 rejiciendam
2116 1858 2164 1919 Β
2192 1881 2327 1942 gunt
2369 1870 2635 1937 hteretiei,
2687 1879 2838 1925 recta
2871 1870 3128 1943 dogmata
3157 1870 3522 1938 depravantes
3555 1884 3627 1925 ac
3656 1884 3798 1938 per-

509 1974 694 2013 veram
720 1971 886 2031 atque
910 1962 1207 2030 perfectam
1236 1964 1675 2037 mysteriihujus
1696 1966 2087 2038 cognitionem,
2191 1971 2488 2020 vertentes.
2542 1966 2719 2033 Atque
2784 1964 2876 2020 hic
2927 1976 3149 2034 quoque
3199 1958 3512 2031 Theologus
3567 1977 3801 2017 morem

461 2046 475 2063 '
511 2064 615 2105 nec
646 2051 714 2107 iis
745 2051 841 2121 qui
874 2053 1044 2108 semel
1084 2054 1232 2111 illius
1271 2055 1566 2126 participes
1605 2054 1735 2112 iacti
1767 2056 1902 2122 sint,
1934 2071 2091 2113 com-
2192 2069 2353 2112 suum
2377 2053 2743 2111 retinentium
2766 2071 2889 2112 cum
2912 2055 3140 2111 dixisset
3168 2072 3183 2110 :
3215 2052 3490 2122 Quidquid
3526 2068 3793 2119 osseum,

510 2142 831 2196 mittendam
864 2157 1013 2210 esse,
1046 2152 1110 2199 ut
1139 2145 1357 2216 plenam
1407 2157 1573 2218 atque
1619 2147 1929 2204 absolutam
1966 2163 2091 2220 per-
2192 2145 2261 2201 ad
2295 2145 2460 2215 hujus
2500 2144 2650 2199 verbi
2680 2144 3107 2199 declarationem
3139 2142 3447 2213 subiunxit:
3490 2140 3660 2209 Quod
3695 2144 3791 2198 edi

511 2231 818 2302 captionem
843 2235 950 2290 sibi
978 2235 1113 2306 ipsis
1147 2236 1200 2292 in
1228 2237 1396 2293 nimis
1426 2253 1616 2296 serum
1653 2239 1845 2308 gratia:
1871 2248 2089 2312 tempus

2193 2233 2430 2304 nequit;
2490 2233 2654 2305 idque
2718 2234 2885 2290 etiam
2950 2250 3148 2291 rursus
3203 2235 3601 2304 interpretatus
3663 2244 3800 2302 est,

511 2334 813 2381 reservent.
868 2326 928 2382 id
976 2336 1159 2383 autem
1203 2327 1438 2395 iaciunt,
1472 2328 1569 2399 qui
1599 2344 1697 2399 per
1746 2331 2093 2389 rudimenta-
2192 2324 2546 2382 subnectens:
2576 2324 2687 2381 Nec
2721 2327 2900 2383 oculis
2931 2326 3129 2381 mentis
3162 2325 3458 2397 pervideri.
3494 2326 3798 2393 Quaecun-

509 2417 652 2472 riam
720 2419 938 2489 quidem
1002 2419 1400 2476 institutionem
1459 2421 1791 2479 Christiana
1875 2424 2093 2495 pietatis
2192 2429 2302 2486 (1⁸³⁸
2337 2414 2528 2486 igitur.
2564 2415 2769 2487 ῑιιίιιιῖιν
2799 2418 3053 2488 ἀθεωεηει
3098 2418 3300 2472 mentis
3351 2427 3569 2487 εθῐηυηι
3606 2432 3790 2474 θιοο·

519 2509 775 2581 dogmata
834 2511 1240 2583 degustarnnt,
1298 2521 1556 2570 caeterum
1614 2516 1896 2586 splendori
1968 2517 2045 2572 ini
2072 2558 2088 2585 ,
2192 2506 2356 2575 dunt,
2397 2522 2463 2562 ae
2503 2507 2682 2563 solida
2710 2515 2765 2563 et
2813 2508 3030 2564 occulta
3077 2519 3231 2575 sunt,
3265 2524 3328 2563 ea
3370 2523 3479 2563 non
3522 2507 3796 2565 confrin-

519 2616 684 2671 qucm
717 2602 1020 2672 haptismus
1048 2604 1228 2672 affert,
1263 2605 1498 2661 nimium
1526 2605 1717 2679 longas
1743 2621 1927 2662 moras
1959 2622 2088 2677 pro.
2194 2609 2394 2673 gentur
2425 2601 2864 2675 (eonfringentur
2899 2610 3109 2668 autem,
3156 2601 3202 2657 si
3235 2601 3379 2657 male
3425 2601 3793 2668 dividantur,

517 2691 747 2758 ducunt,
796 2684 899 2747 hec
932 2702 1038 2759 est,
1080 2693 1149 2749 ad
1197 2700 1534 2749 senectutem
1582 2692 1858 2763 rejiciunt.
1906 2692 2092 2759 Quare
2195 2693 2304 2750 hoc
2352 2702 2459 2757 est,
2505 2691 2942 2766 intelligantur);
2972 2700 3141 2762 atque
3193 2690 3332 2748 adeo
3375 2707 3476 2748 nec
3528 2692 3791 2763 indignis

516 2784 948 2855 haudquaquam
1002 2786 1283 2856 probanda
1344 2796 1434 2843 est
1482 2785 1568 2843 his
1595 2824 1612 2850 ,
1663 2786 1759 2857 qui
1803 2801 1951 2842 verae
1996 2785 2094 2841 do-
2193 2783 2515 2841 hominibus
2543 2785 2611 2841 ad
2634 2783 3087 2854 dijudicationem
3119 2785 3489 2856 porrigentur,
3520 2783 3797 2850 aquibus

516 2877 709 2930 ctrina:
740 2877 1036 2948 participes
1086 2888 1233 2943 sunt,
1286 2877 1603 2950 huiusmodi
1632 2878 1852 2934 dilatio.
1891 2877 2090 2934 Verum
2194 2876 2593 2945 distrahentur,
2644 2893 2751 2934 non
2798 2892 2959 2935 secus
3008 2885 3174 2948 atque
3223 2890 3306 2941 os.
3356 2877 3500 2948 quod
3546 2877 3795 2933 canibus

516 2967 976 3037 quemadmodum
1012 2970 1099 3025 lex
1133 2970 1361 3039 Christi,
1394 2970 1511 3027 vult
1552 2971 1649 3027 illa
1691 2971 1912 3043 quidem
1948 2983 2094 3041 ιιι-ιε-
2193 2971 2524 3042 projicitur,
2592 2970 3055 3040 quemadmodum
3112 2971 3188 3025 ait
3238 2969 3536 3025 Christus:
3597 2967 3797 3026 Nolite

519 3060 682 3129 cipue
733 3074 834 3116 nos
882 3061 1109 3117 omnino
1164 3076 1274 3117 non
1323 3061 1490 3118 irasci
1537 3063 1668 3132 (hoc
1728 3063 1872 3118 enim
1932 3062 2093 3133 longe
2195 3063 2325 3117 dare
2357 3076 2599 3120 sanctum
2631 3065 2871 3129 canibus,
2902 3080 3000 3120 nec
3031 3064 3277 3135 projicite
3306 3066 3636 3136 margaritas
3662 3073 3794 3119 ante

522 3151 861 3209 tutissimum
894 3154 1000 3223 est)
1030 3153 1118 3208 sin
1150 3164 1331 3208 autem
1358 3155 1413 3209 in
1444 3167 1566 3209 eam
1606 3153 1775 3208 animi
1800 3153 2094 3224 perturba-
2120 3203 2170 3227 ,,
2196 3172 2386 3225 porcos
2408 3156 2477 3222 ⁸³,
2504 3156 2611 3213 hoc
2637 3165 2743 3219 est,
2779 3155 2858 3212 Ne
2894 3156 3019 3211 iidei
3058 3157 3316 3227 mysteria
3342 3156 3795 3225 discerptorihus

525 3203 860 3209 ---ηψπ-η.
900 3203 998 3223 -_-,
1034 3203 1116 3208 ____
1151 3203 1331 3208 __--__
1449 3203 1566 3209 ---η
1802 3203 2061 3224 ,-------
2236 3203 2385 3212 -.-η
2463 3203 2477 3222 ,
2507 3203 2611 3213 ..-ν
2641 3203 2743 3219 ---,
2779 3203 2857 3212 ---
2894 3203 3019 3211 η---
3058 3203 3108 3211 ,η
3153 3203 3316 3211 -----_
3344 3203 3795 3225 *φηγ----η-

515 3244 723 3299 tionem
754 3243 992 3315 prolapsi
1022 3241 1314 3310 fuerimus,
1345 3255 1405 3300 ut
1434 3253 1562 3300 ante
1582 3259 1868 3316 vesperam
1895 3245 2087 3301 saltem
2120 3203 2170 3269 ο
2196 3203 2471 3305 ῐιωτειὶεἰε
2500 3248 2876 3313 committatis,
2909 3261 3013 3301 nec
3047 3203 3383 3301 luculentam
3420 3261 3486 3300 ac
3531 3245 3797 3303 divinam

518 3335 763 3391 furorem
819 3336 1251 3406 comprimamus
1304 3336 1409 3406 (sol
1474 3336 1665 3403 enim,
1716 3336 1929 3407 inquit,
1986 3351 2091 3391 non
2194 3341 2502 3401 doctrinam
2536 3340 2605 3396 iis
2654 3340 2747 3410 qui
2794 3340 3041 3410 turpium
3084 3337 3374 3392 aﬁectuum
3419 3352 3579 3393 caeno
3616 3341 3790 3409 quasi

518 3427 727 3482 occidat
770 3443 928 3496 super
969 3426 1315 3481 iracundiam
1361 3434 1587 3481 uestram
1614 3426 1686 3493 “,
1721 3426 2093 3496 temporaliter

2194 3435 2330 3491 setis
2358 3433 2653 3490 convesﬁti
2704 3440 2836 3489 sunt
2870 3450 2885 3488 :
2921 3446 3114 3487 verum
3166 3429 3488 3500 huiusmodi
3520 3433 3789 3501 specula-

520 3520 747 3591 quidem
809 3519 902 3574 hie
959 3519 1043 3574 sol
1101 3533 1323 3574 sensum
1370 3532 1632 3584 movens,
1682 3516 1776 3589 qui
1830 3517 2095 3588 temporis
2196 3527 2374 3583 tiones
2404 3533 2458 3582 et
2495 3526 2776 3598 dogmata,
2829 3539 3065 3596 quorum
3114 3522 3348 3579 ﬁrmitas
3377 3532 3619 3579 mentem
3681 3540 3793 3580 ηο-

522 3625 784 3666 mensura
815 3618 898 3665 est
928 3626 943 3663 :
976 3609 1269 3680 allegorice
1302 3615 1486 3664 autem
1516 3623 1682 3665 sensu
1718 3607 1811 3663 Sol
1840 3610 2088 3677 iustitia.
2196 3625 2368 3674 suam
2421 3626 2669 3687 superat,
2716 3615 2843 3686 igne
2887 3615 3271 3675 absumentur,
3320 3627 3427 3667 non
3478 3614 3791 3680 materiali,

521 3700 617 3755 me
650 3699 799 3755 enim
824 3699 892 3756 iis
928 3698 1024 3771 (ιυί
1054 3699 1256 3756 "mnis
1283 3713 1478 3756 οποΐθ
1502 3696 1840 3763 “ﬁcium”:
1871 3698 2095 3763 θεοίάίιν
2199 3708 2295 3766 sed
2342 3707 2551 3773 divino,
2608 3722 2719 3778 quo
2774 3706 2939 3763 etiam
2993 3706 3310 3759 holocausta
3356 3711 3790 3760 consumuntur.

521 3801 584 3846 ιιι
617 3800 804 3848 contra
832 3792 1041 3863 optimo
1064 3806 1130 3847 ac
1166 3791 1627 3875 praestantissimo
1657 3791 1859 3862 cuique
1903 3791 2099 3845 illuue-
2198 3798 2335 3868 Quis
2371 3807 2552 3855 autem
2580 3806 2664 3854 est
2698 3799 2785 3854 hic
2812 3798 2991 3869 ignis?
3023 3797 3260 3869 Spiritus
3312 3810 3561 3863 sanctus,
3590 3797 3695 3869 qui
3732 3798 3789 3853 in
3884 3792 3893 3799 ’

522 3884 689 3958 scit);
746 3884 815 3940 ad
859 3884 1008 3940 hunc
1071 3899 1289 3955 quoque
1340 3883 1568 3940 modum
1622 3884 1739 3939 haec
1785 3881 2093 3954 spiritualis

2198 3890 2378 3948 forma
2429 3889 2573 3962 ignis
2618 3889 2687 3944 ad
2739 3890 3019 3960 apostolos
3069 3891 3391 3956 accessit”,
3440 3888 3532 3960 qui
3597 3888 3788 3943 omnia

519 3994 680 4047 esca,
727 3978 780 4035 id
823 3986 938 4045 est,
1014 3978 1328 4035 Christiana
1379 3978 1664 4042 doctrina,
1711 3978 1767 4032 in
1816 3985 2098 4044 posterum

2200 3995 2500 4045 scrutatur,
2537 3997 2602 4037 ac
2627 3984 2798 4037 novit.
2829 3984 3078 4048 Quonam
3108 3996 3240 4036 vero
3261 3982 3421 4037 modo
3446 3980 3789 4037 solidissima

522 4072 670 4127 diem
703 4071 931 4126 minime
961 4071 1293 4127 reservanda
1325 4078 1434 4135 θεῖ,
1480 4083 1672 4125 verum
1710 4067 1860 4122 ἱιιίοο
1900 4065 2099 4122 admit-
2201 4073 2292 4130 illa
2323 4073 2579 4145 dogmata
2616 4088 2646 4128 a
2671 4071 2883 4142 Spiritu
2915 4081 3107 4128 sancto
3132 4082 3549 4135 consumentur,
3590 4070 3647 4127 id
3680 4080 3789 4136 est,

522 4163 709 4219 tenda.
766 4163 936 4219 Porro
984 4164 1100 4218 hac
1139 4163 1302 4218 verba
1339 4179 1354 4217 :
1393 4160 1519 4216 Non
1575 4159 1882 4230 relinquetis
1928 4174 1994 4213 επ
2041 4174 2101 4212 εο
2202 4165 2618 4236 intelligentur?
2676 4165 2934 4219 nimirum
2989 4164 3037 4220 si
3087 4173 3461 4229 attenuentur,
3520 4164 3626 4217 hoc
3666 4173 3788 4229 -εεῑ,

522 4273 684 4328 usque
716 4257 964 4323 mane,D.
992 4256 1196 4312 Paulus
1221 4254 1685 4311 excellentissime
1713 4255 2102 4321 interpretatur

2202 4259 2528 4315 tenuissima
2595 4270 2650 4313 et
2709 4257 3069 4314 subtilissima
3135 4265 3301 4326 atque
3365 4255 3788 4311 accuratissima

523 4349 736 4413 dicens,
776 4347 1072 4403 Dominicaa
1112 4346 1386 4417 passionis
1430 4342 2009 4401 commemorationem
2052 4355 2101 4395 -a
2205 4350 2581 4422 speculatione
2623 4351 2789 4420 digna
2832 4350 3158 4412 habeantur,
3209 4358 3374 4417 atque
3404 4345 3545 4416 apud
3580 4346 3791 4416 ipsum,

527 4440 687 4493 nubis
727 4439 866 4504 ﬁeri.
902 4438 1079 4493 donec
1103 4438 1290 4493 νθηῖθι
1310 4439 1381 4503 ³⁸,
1415 4437 1521 4491 ιιοο
1546 4444 1655 4500 εει,
1684 4449 1786 4488 "05
1828 4430 2100 4502 δπβιίῑπί
2206 4452 2580 4498 attenuautem
2621 4456 2815 4511 nempe
2861 4439 3124 4510 Spiritum
3173 4445 3446 4502 sanctum,
3497 4445 3790 4492 serventur

525 4530 725 4585 debere
752 4543 817 4584 ac
854 4540 1083 4585 mortem
1115 4529 1325 4586 Domini
1385 4527 1703 4598 praedicare,
1750 4525 1990 4593 quaudiu
2042 4525 2094 4577 in
2124 4553 2150 4613 Ι

2162 4557 2180 4612 ι
2206 4547 2260 4593 ει
2288 4537 2686 4600 custodiantur,
2724 4550 2832 4589 non
2864 4543 3046 4588 autem
3078 4542 3322 4602 pereant,
3353 4546 3455 4585 nec
3498 4531 3552 4582 in
3583 4544 3787 4599 aquam

526 4622 629 4677 hac
659 4621 771 4676 V'Ila
822 4637 1034 4677 smnus.
1080 4621 1224 4678 Mors
1254 4621 1400 4677 enim
1428 4618 1634 4674 Chriﬁii
1688 4618 1742 4671 in
1773 4617 1875 4673 hac
1911 4625 2097 4681 ηοοιθο
2203 4637 2555 4699 spargantur,
2618 4628 2766 4681 velut
2820 4626 2911 4679 ille
2964 4624 3174 4678 vitulus
3215 4636 3419 4677 aureus
3465 4619 3787 4681 conﬂatilis,

525 4714 632 4767 hoc
677 4721 802 4780 est,
852 4713 908 4768 iu
964 4712 1221 4783 praesenti
1264 4710 1465 4767 sarculo
1517 4717 2002 4774 commemoratur,
2046 4708 2101 4761 in
2205 4718 2298 4790 qui
2330 4730 2531 4774 [emere
2563 4727 2616 4771 ει
2652 4715 2881 4770 (onum,
2916 4716 2970 4768 in
3006 4712 3319 4783 huiusmodi
3345 4712 3581 4781 speciem
3614 4711 3790 4765 ίηῖοτ-

527 4804 713 4861 tum"!
757 4813 940 4861 autem
974 4806 1083 4860 νῖιθ
1131 4805 1396 4870 cernitur.
1433 4801 1697 4857 nimirum
1754 4799 1808 4853 Ῐιι
1859 4798 2103 4854 secunda
2204 4819 2386 4865 matus
2413 4815 2520 4870 est,
2553 4815 2615 4861 ut
2638 4805 2954 4861 Judteorum
2980 4800 3387 4859 contumaciam
3415 4799 3789 4868 duritiamque

526 4896 701 4967 ἱρεῖυε
730 4895 1039 4965 praesentia.
2202 4902 2546 4968 coargueret.
2592 4895 2675 4949 0b
2706 4895 2849 4948 hanc
2893 4892 3037 4947 enim
3092 4905 3314 4946 causam
3346 4888 3524 4953 bovis,
3572 4895 3628 4941 et
3678 4902 3787 4941 non

596 4988 713 5043 CGL
752 4987 857 5042 646
906 4987 967 5042 Βο
1032 4986 1303 5057 Quidquid
1357 4994 1534 5042 autem
1580 4999 1827 5048 osseum.
1880 4994 1989 5037 αθ·
2043 4979 2101 5035 ld
2206 4990 2349 5045 alius
2390 4988 2677 5057 cujusdam
2728 4985 2985 5039 animalis
3016 4984 3194 5037 forma
3231 4984 3356 5054 igne
3391 4979 3627 5035 conﬂata
3676 4985 3785 5041 est,

527 5093 745 5151 quoque
789 5080 856 5135 de
893 5094 1035 5151 agno
1081 5080 1135 5133 in
1180 5077 1348 5134 Exodi
1393 5080 1535 5135 libro
1560 5078 1818 5134 habetur.
1870 5074 1949 5132 Os
1988 5088 2098 5127 non
2207 5079 2470 5149 quoniam
2506 5077 2612 5131 hoc
2659 5074 2863 5129 animal
2894 5083 2948 5129 et
2999 5073 3138 5127 dura
3169 5086 3335 5125 carne
3384 5077 3490 5133 est,
3522 5076 3578 5123 et
3608 5066 3789 5122 nervis

484 5158 489 5163 ’
527 5173 890 5243 confringetis
920 5189 985 5228 ex
1019 5186 1106 5235 co,
1163 5172 1258 5228 sed
1285 5185 1405 5243 qua
1432 5171 1654 5228 residua
1707 5180 1873 5228 erunt
1901 5188 1969 5228 ex
2010 5184 2099 5239 eo,
2208 5180 2265 5225 et
2299 5169 2545 5231 ossibus,
2573 5164 3040 5237 quemadmodum
3066 5174 3122 5217 et
3155 5161 3366 5217 Hebra‘i
3406 5160 3593 5214 animo
3639 5157 3783 5213 dul‘i-

528 5265 655 5335 igne
678 5264 1039 5319 comburetis.
1079 5263 1212 5329 Quae
1239 5264 1406 5318 verba
1450 5264 1749 5333 allegorico
1802 5278 1970 5320 sensu
2023 5265 2099 5319 ita
2213 5261 2415 5318 Verum
2443 5261 2608 5331 hujus
2638 5258 2795 5315 vituli
2828 5257 3120 5313 historiam
3154 5254 3391 5308 breviter
3421 5263 3784 5322 exponamus.

528 5352 855 5423 exponenda
891 5359 1043 5406 sunt.
1090 5351 1149 5405 in
1181 5353 1468 5422 prteceptis
1512 5354 1714 5409 divinis
1764 5368 1886 5409 eam
1933 5356 2102 5409 ratio-
2208 5356 2355 5411 Cum
2395 5352 2576 5409 Moses
2623 5352 2688 5406 ad
2724 5348 3069 5420 accipiendas
3105 5344 3238 5414 legis
3270 5343 3486 5398 tabulas
3532 5345 3587 5396 in
3627 5354 3786 5394 mon-

531 5461 652 5498 nem
692 5444 834 5497 inire
881 5441 1162 5509 convenit,
1193 5451 1253 5496 ut
1284 5457 1346 5497 ea
1391 5459 1509 5513 qua:
1557 5454 1805 5515 prompte
1838 5461 1903 5501 ac
1934 5445 2096 5501 facile
2215 5454 2323 5502 tem
2386 5442 2761 5507 ascendisset,
2815 5438 3179 5510 quadraginta
3232 5436 3351 5490 dies
3414 5434 3529 5489 illic
3584 5429 3785 5501 6mg“.-

531 5536 757 5607 iutelligi
790 5544 1020 5606 possunt
1048 5534 1176 5605 (hoc
1208 5537 1351 5592 enim
1384 5552 1479 5596 uer
1505 5553 1763 5595 carneum
1800 5539 2098 5610 signiﬁcari
2215 5537 2418 5592 Interea
2462 5535 2674 5592 Hebraei
2729 5531 3137 5603 conspiratione
3191 5528 3456 5583 adversus
3516 5526 3785 5579 Aaroncm

608 5736 848 5813 “Exod.
881 5754 977 5813 xu,
1019 5738 1103 5795 l0.
1205 5741 1248 5773 ³³
1274 5742 1469 5812 Ephes.
1502 5763 1575 5811 :v,
1604 5748 1673 5803 9.6
1798 5747 1887 5803 "'l
1916 5747 2043 5803 Cor.
2080 5761 2156 5813 χι,
2190 5746 2233 5800 2|

2190 5745 2279 5801 26.
2386 5746 2477 5799 "l
2512 5744 2641 5801 Cor.
2675 5759 2735 5807 tt,
2774 5743 2856 5798 l0.
2962 5740 3007 5772 ³⁷
3033 5735 3201 5795 Eccli.
3238 5751 3318 5803 ιιι,
3359 5731 3450 5787 εε.
3529 5726 3573 5762 ³⁸
3597 5725 3785 5785 Matth.

538 5820 640 5874 vn,
666 5808 721 5867 6.
800 5811 842 5842 ³³
872 5812 990 5866 Act.
1025 5826 1086 5872 ιι,
1122 5813 1145 5867 1
1178 5808 1329 5884 seqq.
