4116 6438
364 390 504 454 1377

1318 376 1651 442 NICETAS
1690 376 1775 438 IN
1814 378 2042 442 ORAT.
2082 380 2250 442 XLII
2291 382 2351 445 S.
2392 380 2618 444 GREG.

3484 372 3647 448 ’1378

366 499 505 553 inita
535 496 674 551 deos
699 492 809 549 sibi
844 491 1125 563 petebant,
1154 490 1249 560 qui
1286 490 1343 544 in
1368 490 1571 545 itinere
1610 505 1708 545 eos
1744 505 1955 560 ιιι-ποθ·
1984 498 2027 555 Α
2061 508 2162 549 nec
2201 494 2255 550 in
2285 494 2586 551 virtutibus
2637 490 2928 547 remissum
2975 506 3043 547 ac
3085 493 3425 565 languidum,
3458 511 3648 552 verum

357 588 581 644 tierent.
623 586 727 651 Qui
766 585 875 640 vim
919 593 1090 655 atque
1136 582 1427 639 audaciam
1461 582 1646 653 populi
1682 582 1949 653 pertinue-

367 694 554 745 seens,
605 692 771 733 aurea
826 676 1117 732 mulierum
1171 683 1494 731 ornamenta
1547 675 1614 729 ad
1666 689 1725 729 se
1776 673 1955 728 ἥκει·τί

364 772 556 843 jussit.
581 769 714 835 Quae
752 785 878 825 cum
909 769 1074 823 allata
1097 774 1307 829 essent,
1332 767 1388 821 in
1429 766 1609 836 ignem
1640 779 1705 821 ea
1742 765 1952 834 iniecit,

368 876 440 916 ac
490 860 675 915 statim
725 872 795 914 ex
847 860 915 914 iis
961 858 1117 915 vituli
1156 857 1333 911 forma
1372 855 1607 911 conflata
1659 863 1744 909 est
1792 862 1959 924 atque

375 952 527 1007 hunc
558 950 790 1004 vitulum
841 948 1104 1003 vecordes
1150 946 1365 1002 Hebraei
1413 946 1617 1001 divinis
1655 943 1959 1000 honoribus

372 1043 653 1114 prosecuti
697 1051 851 1095 sunt.
892 1041 1241 1095 Descendens
1271 1047 1457 1093 autem
1486 1035 1667 1092 Moses
1692 1045 1858 1107 atque
1887 1035 1959 1091 ob

377 1138 524 1188 hanc
552 1133 713 1188 vituli
757 1131 1156 1187 confectionem
1191 1133 1275 1187 ira
1304 1129 1703 1194 inﬂammatus,
1738 1128 1958 1183 tabulas

369 1225 539 1289 illas,
599 1240 737 1295 quas
797 1224 853 1278 in
919 1231 1103 1278 monte
1156 1231 1479 1292 acceperat,
1530 1220 1834 1290 confregit,
1895 1234 1961 1273 ac

375 1319 648 1381 vitulum,
706 1331 867 1385 quem
929 1314 1191 1380 fecerant,
1226 1315 1349 1385 igne
1406 1313 1749 1379 combussit,
1790 1321 1847 1368 et
1901 1314 1957 1366 in

381 1410 630 1464 minutas
680 1417 865 1479 partes
895 1409 1181 1473 contrivit,
1233 1416 1287 1461 et
1339 1407 1391 1460 in
1424 1421 1625 1475 aquam
1674 1405 1955 1474 dispersit.

378 1502 559 1568 Atque
595 1499 710 1553 Inec
742 1498 917 1552 obiter
966 1500 1021 1552 in
1072 1506 1309 1552 mentem
1364 1495 1641 1566 The010go
1670 1501 1960 1558 venerunt,

378 1594 674 1649 occasione
723 1601 949 1660 accepta
991 1607 1056 1647 ex
1092 1607 1206 1645 uno
1248 1591 1356 1645 hoc
1399 1591 1722 1646 attenuandi
1767 1588 1956 1644 verbo.

380 1686 581 1756 Igitur,
633 1695 693 1741 ut
742 1685 812 1740 ad
864 1699 981 1740 rem
1026 1684 1335 1749 redeamus,
1382 1684 1508 1754 agni
1560 1699 1687 1739 ossa
1737 1692 1961 1753 propter

2060 584 2134 640 ita
2170 586 2357 640 animo
2408 587 2688 651 allectum,
2752 594 2813 639 ut
2866 594 3118 656 prompte
3166 596 3221 642 et
3275 588 3530 641 alacriter
3583 588 3651 641 ad

2061 677 2155 732 Dei
2191 678 2460 748 promissa
2487 685 2698 745 currat,
2731 686 2897 748 atque
2922 691 3112 732 eorum
3147 694 3273 749 quae
3298 689 3449 733 retro
3478 688 3608 734 sunt
3632 719 3648 745 ,

2060 769 2266 824 oblitus
2305 768 2371 823 ad
2407 784 2469 824 ea
2503 783 2626 839 quae
2670 782 2701 822 a
2746 768 2931 822 fronte
2972 778 3125 835 sunt,
3173 769 3413 838 seipsum
3456 778 3654 824 extet-

2061 859 2156 915 dat
2185 861 2259 926 “,
2292 861 2595 930 omniaque
2646 859 2812 930 huius
2846 860 2971 914 vita:
3016 860 3305 915 commoda
3366 877 3463 929 pro
3497 861 3653 916 falsis

2060 954 2294 1019 ducens,
2328 952 2568 1007 futuram
2602 967 2789 1007 rerum
2820 952 3107 1007 veritatem
3135 952 3391 1021 exquirat
3414 966 3482 1007 ne
3511 953 3564 1006 id
3595 953 3649 1006 in

2063 1045 2227 1100 nobis
2257 1045 2562 1114 contingat,
2591 1043 2740 1115 quod
2773 1042 2955 1099 facere
2977 1044 3180 1098 vetitus
3200 1054 3284 1098 est
3316 1042 3421 1098 Lot
3452 1059 3481 1098 a
3511 1046 3653 1099 duo-

2063 1138 2169 1194 bus
2203 1137 2312 1193 illis
2346 1136 2579 1206 angelis,
2639 1149 2779 1206 quos
2814 1135 3058 1205 hospitio
3097 1143 3442 1206 susceperat.
3496 1134 3655 1189 Hunc

2061 1230 2207 1285 enim
2238 1229 2311 1283 ita
2361 1227 2618 1283 Sodomis
2648 1228 2834 1297 fugere
2861 1226 3167 1297 jusserunt,
3202 1239 3262 1282 ut
3295 1243 3326 1280 a
3360 1237 3513 1296 tergo
3546 1242 3652 1281 non

2068 1320 2389 1390 respiceret,
2427 1334 2527 1373 nec
2558 1318 2611 1372 in
2643 1318 2794 1371 omni
2837 1316 3264 1386 eireumjacente
3290 1317 3512 1386 regione
3541 1327 3654 1371 sta-

2062 1421 2166 1475 ret,
2203 1412 2299 1467 sed
2338 1413 2391 1465 in
2429 1418 2673 1465 montem
2727 1410 2923 1463 salutis
2954 1423 3120 1464 causa
3169 1424 3227 1463 se
3276 1406 3555 1462 conferret
3584 1407 3652 1459 ⁸⁸.

2068 1503 2274 1559 Eodem
2328 1503 2493 1573 igitur
2540 1519 2642 1559 nos
2674 1503 2837 1556 modo
2868 1501 3159 1556 faciamus.
3214 1500 3294 1555 Ne
3320 1501 3655 1569 circumspi-

2064 1597 2278 1652 ciamus
2310 1596 2588 1665 (curiosus
2621 1596 2765 1650 enim
2809 1596 2876 1649 ad
2919 1595 3254 1665 voluptatem
3287 1603 3343 1648 et
3388 1594 3654 1664 concupi-

2068 1688 2338 1743 scentiam
2398 1696 2658 1756 aspectus
2722 1685 2883 1739 nobis
2945 1685 3240 1754 perniciem
3309 1681 3487 1749 aﬂ'crt)
3555 1697 3658 1735 nec

383 1777 527 1833 IIIIH‘
559 1792 808 1841 causam.
841 1790 1007 1847 quam
1056 1776 1505 1842 commemora“.
1555 1792 1664 1831 ηοιι
1712 1775 1960 1831 (τοιιίτὶιιο
1988 1841 2027 1847 _
2063 1779 2232 1835 semel
2255 1779 2322 1833 ad
2347 1779 2845 1833 virtntcmeurrere
2864 1776 3201 1847 aggressi,in
3221 1776 3429 1846 peccati
3451 1774 3655 1832 ﬁnibus

372 1879 600 1940 genter.
639 1868 832 1923 Dicere
881 1868 1028 1923 enim
1062 1868 1444 1939 praetermitto,
1494 1869 1639 1938 quod
1688 1882 1757 1922 ne
1787 1869 1959 1922 bisto-
1988 1841 2036 1902 Β
2063 1871 2459 1935 consistamus,
2490 1885 2678 1924 verum
2710 1870 2777 1925 ad
2808 1841 3071 1934 moniem,
3104 1841 3337 1934 hoc'est,
3373 1871 3439 1922 ad
3479 1866 3657 1921 virtu-

380 1963 501 2017 ricu
559 1961 778 2032 quidem
834 1974 1005 2016 sensu
1069 1975 1233 2016 crura
1262 1959 1391 2015 Jesu
1456 1961 1735 2016 confracta
1791 1970 1917 2016 sunt
1945 2000 1961 2026 ,

370 2057 598 2112 etiamsi
659 2055 834 2111 ιιιύωὶ
902 2054 1080 2126 ipsius
1136 2064 1371 2110 mortem
1431 2055 1783 2125 adut-gerent.
1854 2052 1965 2108 Lex

382 2148 532 2201 enim
575 2145 790 2201 dicebat
821 2160 836 2199 :
866 2142 927 2200 Si
959 2144 1119 2214 fuerit
1140 2145 1201 2198 in
1225 2143 1457 2215 quodam
1479 2143 1687 2197 homine
1702 2143 1965 2211 judicium

374 2239 596 2302 mortis,
626 2254 689 2291 ac
724 2238 1106 2307 suspenderitis
1127 2253 1246 2291 eum
1274 2238 1330 2291 ia
1354 2236 1524 2306 ligno,
1550 2251 1657 2290 non
1688 2245 1968 2304 pernocta-

380 2333 463 2388 bit
492 2348 680 2403 corpus
728 2331 845 2401 ejus
876 2332 933 2386 in
981 2332 1147 2402 ligno,
1192 2330 1285 2385 sed
1332 2331 1519 2385 eadem
1570 2333 1657 2385 die
1703 2329 1966 2400 sepslietis

370 2428 592 2484 eum“.
647 2425 818 2482 ιιιᾱεὶ
856 2428 1060 2496 itaque,
1112 2441 1181 2480 ne
1207 2426 1262 2480 in
1295 2439 1461 2480 cruce
1505 2439 1737 2493 corpora
1784 2436 1968 2479 rema-

384 2528 605 2585 nerent,
661 2529 777 2576 tum
822 2521 960 2592 legis
1001 2518 1183 2575 edicto
1235 2518 1495 2588 permoti,
1547 2528 1663 2572 tum
1712 2516 1857 2588 quod
1900 2530 1966 2570 ea

382 2611 713 2669 Parascevaa
742 2625 971 2683 vespera
998 2618 1166 2675 esset,
1194 2625 1259 2666 ac
1285 2609 1587 2666 Sabbatum
1630 2609 1789 2674 illud,
1818 2608 1963 2677 quod

375 2703 456 2759 ab
510 2703 579 2759 iis
628 2703 885 2771 religiose
913 2702 1228 2769 colebatur,
1280 2702 1534 2767 instaret,
1581 2714 1613 2755 a
1663 2699 1840 2754 Pilato
1868 2713 1966 2769 po-

382 2795 665 2852 stularunt
687 2802 748 2849 ut
769 2809 964 2851 eorum
992 2794 1089 2867 qui
1122 2794 1178 2850 in
1216 2807 1435 2850 crucem
1467 2792 1665 2849 sublati
1700 2790 1961 2855 fuerant,

380 2900 552 2944 crura
613 2884 1034 2957 frangerentur,
1090 2901 1155 2943 se
1201 2886 1544 2942 tollerentur.
1606 2884 1806 2940 Milites
1864 2898 1967 2938 au-

381 2987 498 3035 tem
553 2978 827 3034 latronum
884 2977 1144 3048 quidem,
1206 2977 1468 3048 quoniam
1530 2990 1627 3032 eos
1693 2975 1967 3046 spirantes

382 3072 567 3129 adhuc
610 3071 977 3138 offenderant,
1023 3086 1187 3127 crura
1234 3070 1536 3139 fregerunt.
1593 3070 1729 3125 Cum
1781 3078 1963 3124 autem

2067 1963 2138 2018 tis
2167 1978 2430 2018 cacumen
2457 1977 2841 2028 excurramus,
2872 1977 2939 2016 ne
2975 1959 3114 2016 forte
3141 1976 3240 2016 nos
3261 1961 3402 2031 ignis
3423 1961 3650 2023 vindex,

2065 2064 2122 2109 et
2162 2069 2193 2109 a
2229 2061 2419 2109 nostro
2472 2054 2598 2122 igne
2640 2054 2894 2115 alienus,
2939 2052 3206 2108 inusitato
3243 2062 3300 2106 et
3332 2051 3655 2106 admirando

2066 2150 2270 2221 impetu
2300 2162 2465 2205 ruens
2499 2148 2747 2220 arripiat.
2788 2147 2922 2203 Nam
2960 2163 3085 2205 cum
3147 2147 3331 2204 omnis
3364 2146 3507 2218 ignis
3556 2161 3661 2201 na-

2069 2252 2192 2299 tura
2220 2256 2442 2298 sursum
2478 2240 2722 2306 l'eratur,
2759 2240 2902 2311 ignis
2938 2248 3125 2296 tamen
3166 2240 3279 2307 ille,
3311 2254 3420 2308 quo
3474 2236 3662 2294 θρόος

2069 2350 2291 2391 morum
2362 2334 2497 2390 urbs
2559 2332 2946 2403 conflagravit,
2993 2331 3192 2401 pluvia:
3247 2331 3479 2385 instare
3513 2327 3657 2386 uelo

2066 2426 2322 2482 deorsum
2349 2423 2645 2481 ferebatur.
2665 2423 2784 2480 Nec
2813 2423 2871 2478 in
2904 2429 3143 2478 statuam
3172 2422 3304 2477 salis
3324 2434 3657 2477 concresca-

2067 2533 2216 2586 mus,
2258 2517 2363 2573 hoc
2419 2524 2526 2583 est,
2583 2515 2717 2572 salis
2764 2514 2822 2569 in
2884 2513 3050 2569 modo
3090 2512 3449 2577 int'atuemur,
3505 2512 3658 2576 aliis-

2065 2625 2174 2681 que
2224 2610 2282 2664 in
2335 2616 2575 2664 statuam
2647 2607 2702 2662 in
2748 2605 3165 2676 eoargutioncm
3235 2613 3290 2660 et
3346 2605 3658 2661 accusatio-

2068 2716 2193 2758 nem
2257 2715 2322 2756 ac
2379 2698 2720 2771 triumphum
2780 2711 3180 2767 proponamur.
3235 2695 3392 2753 Tunc
3465 2705 3652 2751 autem

2066 2795 2201 2851 salis
2254 2804 2435 2848 statua
2489 2791 2767 2863 quispiam
2815 2789 3066 2856 ellicitur,
3107 2803 3235 2844 cum
3278 2790 3344 2843 ad
3381 2788 3657 2844 deteriora

2071 2886 2387 2952 revertitur,
2422 2896 2586 2956 atque
2617 2884 2686 2939 ad
2726 2893 3038 2955 peccatum,
3074 2883 3220 2954 quod
3253 2897 3353 2953 pro
3392 2882 3659 2939 derelicto

2068 2980 2329 3035 habuisse
2353 2978 2665 3044 videbatur,
2686 2976 3057 3047 perniciosam
3091 2976 3237 3031 enim
3264 2976 3407 3030 hanc
3425 2989 3627 3030 conver
3641 3005 3662 3018 -

2068 3073 2278 3129 sionem
2294 3071 2574 3127 cunctatio
2591 3070 2752 3140 parit.
2773 3067 2906 3123 Nam
2927 3083 3053 3124 cum
3076 3068 3224 3123 circa
3254 3069 3510 3122 virtutem
3537 3082 3661 3138 pro-

376 3165 454 3220 ad
478 3163 668 3221 Jesum
725 3165 1031 3231 venissent,
1085 3173 1146 3218 ut
1206 3162 1460 3218 viderunt
1490 3178 1616 3219 cum
1658 3163 1770 3233 jam
1816 3177 1964 3217 mor-
1989 3193 2033 3250 ο
2068 3165 2458 3231 erastinamus,
2493 3163 2546 3216 in
2565 3161 2761 3217 vitiu‘m
2800 3174 2898 3214 nos
2923 3158 3154 3230 prolabi,
3179 3165 3345 3228 atque
3376 3158 3442 3212 ad
3468 3158 3660 3228 pristi-

381 3263 568 3321 tuum,
625 3254 747 3326 ejus
797 3268 962 3310 crura
1021 3267 1132 3309 non
1193 3252 1497 3326 fregerunt,
1549 3261 1613 3309 ut
1676 3253 1963 3325 Scriptura

387 3348 708 3418 impleretur
732 3364 750 3403 :
781 3346 857 3402 0s
896 3363 1000 3402 non
1025 3348 1397 3402 comminuetis
1423 3364 1489 3402 ea;
1515 3363 1577 3403 eo
1596 3348 1666 3402 ⁸⁸.
1692 3346 1804 3403 Nec
1835 3359 1968 3402 vero

376 3452 647 3509 corporea
698 3447 910 3495 tantum
972 3439 1186 3494 ratione
1231 3439 1437 3494 Christi
1491 3454 1621 3496 ossa
1681 3438 1966 3495 confracta

384 3544 502 3585 non
532 3539 682 3598 sunt,
708 3530 805 3586 sed
837 3545 907 3585 ne
936 3530 1297 3601 spiritualiter
1329 3529 1552 3600 quidem
1595 3540 1649 3586 et
1672 3531 1965 3603 allegorice

383 3618 842 3692 perfringentur:
883 3620 1147 3692 quoniam
1195 3621 1368 3677 robur
1415 3621 1570 3688 illud,
1623 3622 1769 3692 quod
1806 3622 1862 3677 in
1898 3637 1966 3679 eo

379 3718 537 3779 erat,
554 3711 822 3768 invictum
855 3712 1179 3784 permansit,
1207 3712 1543 3782 minimeque
1574 3712 1640 3767 ad
1679 3720 1964 3782 peccatum

377 3802 600 3861 cessit:
636 3804 749 3859 imo
800 3819 904 3861 nec
946 3805 1124 3877 ipsius
1176 3819 1330 3875 caro,
1390 3807 1522 3878 quia
1568 3821 1679 3863 non
1730 3807 1965 3874 carnali,

380 3893 486 3951 sed
540 3894 729 3952 divino
787 3896 994 3965 modo,
1080 3907 1271 3955 creata
1317 3909 1494 3967 esset,
1553 3899 1965 3971 corruptionem

384 3987 525 4045 vidit
542 3987 612 4044 “.

455 4081 578 4135 Col.
606 4080 715 4137 6&6
733 4080 796 4138 C.
830 4078 917 4137 Ns
942 4083 1130 4137 modus
1144 4083 1358 4153 quidem
1383 4083 1838 4153 manducationis,
1859 4097 1967 4146 etc.

382 4170 468 4229 Ne
511 4173 736 4229 modum
782 4172 1029 4245 quidem,
1082 4173 1282 4243 inquit,
1341 4175 1781 4233 manduestionis
1843 4180 1967 4249 agni

384 4272 784 4334 praetereamus
813 4283 827 4319 :
857 4264 1303 4335 quandoquidem
1337 4279 1436 4322 nec
1465 4267 1548 4321 lex
1580 4283 1705 4322 eum
1738 4281 1968 4340 praster-

389 4356 716 4410 snittendum
746 4356 985 4422 censuit,
1015 4371 1206 4411 verum
1228 4357 1419 4422 etiam,
1448 4370 1623 4428 usque
1647 4362 1715 4414 ad
1744 4362 1966 4416 modum

384 4446 598 4515 ipsum,
648 4448 1043 4513 narrationem,
1107 4462 1235 4518 quas
1284 4449 1339 4503 in
1397 4450 1579 4504 littera
1634 4454 1966 4521 continetur,

2070 3273 2198 3314 num
2212 3267 2461 3313 nostrum
2488 3255 2753 3311 vomitum
2785 3268 3004 3307 rursum
3041 3251 3524 3307 convcrtineecsse
3548 3259 3661 3308 est.-

2146 3350 2283 3405 lbid.
2347 3348 2482 3416 Cum
2516 3347 2743 3401 lactucis
2775 3355 2951 3400 autem
2993 3344 3314 3415 agrestibus,
3346 3353 3453 3398 etc.
3499 3342 3659 3408 Quod

2070 3452 2281 3514 septem
2331 3441 2526 3497 diebus
2555 3453 2754 3510 panem
2783 3437 3038 3493 fermenti
3066 3444 3347 3505 expertem
3377 3434 3540 3491 edere
3564 3434 3653 3490 lex

2065 3537 2245 3608 jubet,
2283 3535 2337 3591 id
2372 3535 2536 3590 nobis
2578 3533 2916 3589 documento
2967 3539 3072 3596 est,
3106 3538 3169 3584 ut
3212 3530 3363 3584 omni
3394 3527 3517 3583 vitae
3555 3541 3659 3581 no-

2067 3639 2199 3692 stra:
2231 3637 2482 3697 tempore
2520 3626 2575 3681 in
2607 3624 2963 3695 simplicitate
2996 3635 3062 3676 ac
3112 3625 3352 3691 puritate
3383 3620 3656 3674 vivamus.

2071 3720 2175 3778 Per
2214 3729 2465 3789 agrestes
2491 3726 2678 3773 autem
2712 3716 2980 3779 lactucas.
3022 3714 3133 3768 vita
3160 3714 3299 3769 dura
3329 3722 3385 3768 et
3412 3712 3662 3780 volupta-

2071 3823 2185 3867 tum
2225 3808 2513 3874 domitrix,
2544 3816 2711 3877 atque
2753 3804 3095 3875 huiusmodi,
3133 3813 3194 3857 ut
3224 3801 3479 3858 sensibus
3520 3800 3660 3856 ditii-

2070 3901 2254 3957 cultcr
2287 3900 2411 3970 capi
2447 3898 2644 3969 possit,
2694 3894 2855 3952 nobis
2904 3895 3271 3963 signiﬁcatur.
3301 3890 3659 3960 Quandoqui-

2071 3998 2193 4052 dem
2218 3996 2409 4051 omnis
2432 3992 2727 4062 disciplina
2757 3990 2812 4045 in
2847 3989 3105 4060 praesenti
3137 4003 3247 4042 non
3290 3987 3504 4040 videtur
3531 3998 3656 4041 esse

2071 4088 2282 4158 gaudii,
2311 4086 2403 4142 sed
2438 4084 2714 4140 mmroris.
2743 4082 2950 4136 Acerba
2996 4093 3220 4150 quoque
3262 4075 3655 4148 incipientibus

2072 4196 2138 4238 ea
2166 4180 2290 4235 vitae
2328 4178 2468 4233 ratio
2514 4187 2621 4244 est,
2652 4188 2776 4244 quae
2830 4173 2898 4229 ad
2955 4171 3158 4227 divinae
3217 4171 3354 4242 legis
3386 4170 3655 4225 amussim

2072 4272 2331 4344 exigitur.
2365 4269 2693 4339 Quanquam
2725 4268 2871 4322 enim
2905 4267 3183 4324 Christum
3237 4268 3517 4322 dicentem
3554 4280 3657 4320 au-

2073 4364 2160 4419 dis
2197 4379 2213 4417 :
2241 4362 2436 4433 Iugum
2464 4375 2639 4414 meum
2670 4374 2830 4412 suasa
2860 4368 2962 4424 est,
2984 4365 3035 4411 ct
3061 4372 3194 4411 onus
3227 4372 3402 4410 meum
3434 4355 3540 4411 leue
3568 4354 3615 4387 ⁸⁸
3641 4374 3658 4425 ;

2078 4457 2134 4511 id
2170 4463 2354 4510 tamen
2380 4467 2491 4509 non
2517 4466 2587 4509 eo
2606 4452 2829 4518 dicitur,
2850 4452 2996 4522 quod
3015 4451 3150 4507 lovis
3177 4452 3250 4507 sit
3270 4451 3388 4506 haec
3411 4450 3658 4515 sarcina,

384 4545 645 4595 accurate
696 4546 753 4592 ct
794 4537 1086 4608 diligenter
1139 4540 1417 4610 exposuit,
1468 4550 1656 4611 utpote
1707 4544 1967 4613 quiddam
2005 4557 2049 4612 ι)
2079 4547 2177 4602 sed
2212 4544 2423 4616 praemii
2457 4557 2523 4598 ac
2567 4541 2844 4597 mercedis
2870 4540 3082 4594 ratione
3111 4540 3235 4594 talis
3262 4537 3513 4593 eﬂicitur.
3549 4533 3661 4591 Nec

386 4628 556 4685 etiam
580 4629 919 4699 profundius
942 4631 1421 4702 complectentem,
1457 4649 1623 4705 quam
1653 4635 1825 4705 ipsius
1851 4651 1973 4692 cor-

384 4730 478 4777 tex
507 4737 618 4793 prie
651 4739 711 4779 se
744 4721 907 4778 lerat.
942 4721 1072 4780 Haec
1112 4726 1258 4780 enim
1289 4726 1426 4796 lcgis
1476 4729 1639 4782 verba
1667 4736 1797 4784 sunt
1829 4744 1844 4782 :
1880 4725 1972 4783 Sic

383 4815 673 4870 comedetis
709 4830 830 4870 eum
860 4828 883 4869 :
909 4812 1029 4870 Sint
1059 4815 1229 4871 lumbi
1260 4818 1420 4872 uestri
1448 4819 1724 4887 succincti,
1771 4826 1824 4873 et
1853 4820 1969 4873 cal-

385 4914 658 4963 mmcuta
685 4907 740 4961 in
780 4906 1005 4976 pedibus
1027 4947 1044 4974 ,
1079 4918 1131 4962 et
1163 4907 1341 4963 baculi
1372 4910 1433 4963 in
1473 4910 1718 4964 manibus
1758 4909 1964 4966 vestris.

386 4996 686 5054 Comedetis
712 5015 835 5053 eum
859 5014 978 5052 cum
1000 4998 1358 5069 festinatione,
1383 5016 1574 5072 azyma
1599 5016 1718 5055 cum
1746 5000 1965 5057 lactucis

386 5092 685 5159 agrestibus
698 5093 1002 5146 comedetis.
1016 5090 1227 5146 Pascha
1247 5091 1478 5148 Domino
1499 5101 1577 5148 est
1591 5092 1840 5165 “.Atque
1853 5094 1970 5151 haec

2074 4639 2221 4694 enim
2251 4636 2528 4707 condigna
2556 4645 2678 4691 sunt
2709 4634 2983 4703 passiones
3009 4632 3168 4701 hujus
3198 4629 3385 4685 saeculi
3414 4629 3485 4682 ad
3509 4627 3661 4699 [utu-

2073 4744 2193 4783 ram
2223 4728 2476 4800 gloriam,
2514 4742 2633 4797 qua
2664 4724 2985 4780 revelabitur
3025 4725 3081 4775 in
3114 4721 3289 4785 nobis,
3329 4729 3390 4774 ut
3420 4720 3658 4790 aitApo-

2071 4821 2252 4876 stulus
2278 4819 2353 4874 "'.
2384 4817 2454 4873 Et
2485 4819 2596 4871 alio
2623 4817 2746 4871 loco
2768 4833 2782 4869 :
2805 4814 2872 4869 Id
2901 4815 3040 4885 quod
3064 4813 3119 4866 in
3154 4811 3658 4881 prasentimomcn-

2068 4925 2282 4970 taneum
2295 4920 2375 4968 est
2388 4909 2751 4965 tribulationis
2763 4915 2981 4971 nostra,
2994 4920 3159 4976 supra
3174 4903 3389 4957 modum
3402 4912 3659 4959 aeternum

2076 5005 2261 5077 gloria:
2277 5003 2482 5073 pondus
2507 5000 2827 5070 operaturin
2849 4997 3020 5063 nobis,
3041 5012 3145 5050 non
3175 4994 3536 5065 spectantibus
3557 5011 3656 5049 no-

2078 5095 2157 5149 bis
2178 5110 2262 5160 ea,
2282 5107 2401 5165 qua!
2418 5090 2684 5155 videntur,
2717 5091 2807 5144 scd
2821 5103 2940 5159 qua
2955 5104 3060 5141 non
3077 5087 3345 5143 uidentur.
3366 5085 3501 5152 Qui:
3514 5088 3656 5141 enim

386 5182 526 5252 legis
554 5183 718 5237 verba
748 5193 900 5246 sunt,
952 5182 1422 5252 mandueatfunis,
1457 5187 1681 5241 modum
1714 5188 1973 5256 praescri-
2076 5189 2342 5253 oidentur,
2385 5183 2703 5254 temporaria
2733 5191 2888 5236 sunt:
2916 5196 3034 5252 qua:
3060 5190 3237 5235 autem
3270 5197 3372 5235 non
3389 5180 3653 5246 ridentur,

387 5274 590 5330 beatis.
621 5271 918 5330 Videamus
959 5275 1077 5344 iam
1126 5275 1258 5345 quid
1292 5280 1725 5348 unumquodque
1766 5279 1962 5333 horum
2071 5273 2772 5347 sidentur,‘a:terna“.llac
2793 5276 3008 5328 ratione
3041 5272 3219 5329 facilia
3242 5277 3653 5342 suntprwcepta

386 5366 674 5437 signiﬁcet.
693 5366 850 5434 Quod
884 5368 1052 5439 igitur
1076 5368 1540 5426 festinanteresse
1559 5370 1963 5427 comedendum
2065 5372 2397 5441 evangelica.
2416 5368 2637 5439 Alioqui
2697 5367 3074 5438 evangelicum
3121 5365 3385 5438 legalibus
3442 5362 3641 5418 ediciis

385 5458 489 5522 ait,
521 5459 629 5513 hoc
680 5459 841 5514 nobis
891 5459 1100 5514 indicat
1146 5472 1296 5526 eum,
1346 5461 1440 5531 qui
1498 5461 1624 5531 agni
1687 5461 1963 5532 particeps
2066 5442 3701 5532 mrumnosiusatquelahoriosiusssr.Siquitemlex«rua-7

387 5548 607 5607 futurus
632 5551 727 5618 sit,
759 5566 980 5622 segnem
1009 5566 1076 5609 ac
1102 5554 1389 5609 socordem
1431 5567 1554 5609 esse
1597 5569 1706 5608 non
1738 5553 1959 5620 debere,
2002 5543 2011 5555 ’
2068 5562 2220 5610 taxat
2241 5563 2586 5625 peccatorum
2622 5553 2758 5611 ﬁnes
2777 5553 3075 5620 prohibet;
3114 5561 3169 5605 at
3199 5549 3453 5605 Christus
3482 5547 3539 5602 in
3578 5543 3652 5599 E—

482 5731 527 5764 ⁸⁰
557 5731 711 5788 Deut.
743 5748 857 5797 xxi,
890 5734 979 5788 25.
1083 5734 1126 5766 “
1148 5734 1309 5790 Joan.
1341 5750 1454 5803 xIx,
1483 5735 1685 5801 31-55;
1713 5733 1885 5790 Exod.
1916 5750 2017 5800 ιιι,
2046 5734 2137 5791 46.

2251 5734 2298 5767 ⁵⁸
2327 5735 2471 5793 Psal.
2504 5752 2595 5803 xv,
2627 5737 2717 5793 l0.
2797 5735 2844 5767 “
2875 5733 3047 5789 Exod.
3077 5746 3175 5794 xu,
3201 5729 3352 5796 8,“.
3390 5802 3397 5803 ί
3427 5728 3474 5760 ⁸⁵
3508 5730 3641 5792 Phi-

391 5804 522 5874 lipp.
570 5819 651 5868 ut,
686 5803 774 5858 l3.
850 5804 895 5836 ’⁵⁸
923 5805 1184 5872 Gen.x|x,
1217 5809 1241 5860 1
1275 5822 1431 5877 seqq.
1509 5807 1555 5839 “
1586 5804 1777 5860 Matth.
1824 5821 1901 5874 xl,
1940 5808 2030 5862 50.

2144 5804 2190 5839 ι’
2228 5805 2387 5862 Rom.
2420 5823 2552 5877 .vm,
2594 5810 2682 5865 18.
2790 5806 2839 5838 "
2869 5806 2913 5858 ll
2952 5805 3078 5859 Cor.
3111 5819 3184 5870 tv,
3222 5803 3310 5868 Π,
3343 5802 3429 5858 l8.
