4116 6474
489 376 624 441 1379

1908 367 1949 425 Α
1959 364 2160 426 DDEN
2169 365 2259 424 DA
2270 409 2288 427 .

3603 366 3743 433 1380

481 492 736 564 vangelio
764 504 963 548 causas
991 502 1211 560 quoque
1242 487 1392 556 ipsas
1421 484 1577 555 quasi
1616 482 1751 538 ﬁnes
1774 481 2067 536 interdicit.
2096 486 2146 547 Α
2174 489 2379 544 serunt,
2408 481 2771 552 unusquisque
2796 484 2865 536 ad
2898 497 3116 536 uxorem
3144 482 3375 551 proximi
3411 483 3496 537 sui
3539 482 3736 539 hinnie-

486 580 551 636 Et
583 595 738 643 sane,
762 579 856 649 qui
878 577 929 631 id
955 576 1099 647 quod
1124 576 1357 646 primum
1377 580 1462 627 est
1482 569 2060 642 prohibet.sccundum

483 683 590 721 non
623 665 857 734 reliquit;
881 666 970 731 qui
1004 661 1150 716 enim
1176 675 1361 714 semen
1395 660 1537 714 tollit
1562 668 1723 728 atque
1741 657 2066 724 evellitpro-

485 755 867 823 hibetquoque
894 765 959 803 ue
976 764 1132 818 seges
1156 749 1364 802 oriatur
1388 765 1401 801 :
1427 747 1660 803 sublatis
1686 745 1885 799 etenim
1914 742 2065 812 prin-

482 844 641 914 cipiis
662 843 794 897 nihil
813 841 937 895 mali
969 840 1215 895 exsistet.
1238 840 1316 893 Ac
1341 838 1570 909 proinde
1597 838 1689 906 qui
1714 852 1775 891 ea
1803 849 1909 890 non
1943 849 2064 904 per-

483 938 671 1001 mittit,
694 935 789 990 sed
809 948 1032 988 causam
1051 933 1105 986 in
1129 933 1318 987 eodem
1342 931 1453 986 fere
1473 930 1724 986 criminis
1738 930 1931 999 gradu,
1953 940 2064 996 quo

484 1020 1162 1086 finem,constituit,multo
1194 1020 1381 1086 utique
1412 1017 1586 1085 magis
1610 1031 1795 1071 carum
1832 1014 2060 1069 effectus

485 1108 726 1163 sustulit.
759 1105 878 1160 Non
907 1106 1234 1160 adulterium
1254 1104 1770 1173 conttuittes,inquit
1798 1102 1930 1156 lex"
1962 1119 1977 1156 :
2002 1116 2064 1156 ac

482 1206 540 1248 tu
588 1210 655 1248 ne
695 1195 1051 1264 concupisces
1103 1192 1347 1263 quidem,
1406 1206 1507 1246 nec
1559 1191 1702 1260 turpi
1755 1200 1919 1259 atque
1965 1189 2065 1243 ob-

476 1299 643 1339 sceno
695 1293 921 1351 aspectu
975 1283 1259 1337 mulierem
1314 1281 1636 1350 perspicies,
1691 1295 1793 1335 nec
1868 1279 2063 1333 aliena:

478 1371 669 1425 formae
704 1369 1173 1438 pulchritudinem
1224 1369 1468 1423 curiosis
1523 1368 1697 1422 oculis
1734 1365 2060 1429 intueberis,

477 1468 537 1513 ut
594 1459 784 1513 sedqu
829 1466 993 1526 atque
1028 1455 1190 1511 anxio
1229 1466 1458 1525 aspectu
1518 1456 1727 1510 amoris
1783 1452 2059 1506 flammam

476 1548 765 1602 accendas.
804 1544 929 1600 ilice
979 1546 1124 1599 enim
1160 1544 1416 1598 adulterii
1456 1558 1624 1598 causa
1657 1552 1759 1598 est.
1797 1541 2011 1596 Rursus
2044 1556 2059 1595 :

480 1636 598 1693 Non
619 1638 820 1691 caedem
848 1636 1209 1706 perpetraliis,
1245 1637 1321 1690 ait
1346 1638 1428 1689 lcx
1455 1636 1523 1700 ⁸⁰;
1560 1643 1614 1689 at
1640 1634 1893 1689 Christus
1922 1633 2058 1687 iram

482 1746 703 1799 quoque
742 1731 937 1799 ipsam,
982 1745 1047 1783 ex
1076 1743 1183 1797 qua
1222 1729 1398 1783 caadcs
1429 1729 1694 1793 nascitur,
1735 1726 2056 1781 interdixit:

480 1817 593 1888 Ego
622 1819 761 1872 enim
786 1820 902 1872 dico
945 1819 1108 1884 vobis,
1141 1820 1338 1888 inquit,
1372 1826 1429 1871 ut
1462 1833 1562 1870 non
1594 1816 1860 1869 resistatis
1893 1815 2058 1877 malo,
2094 1825 2138 1880 Β

481 1912 691 1964 homini
744 1912 988 1975 scilicet;
1031 1909 1121 1964 sed
1165 1910 1212 1965 si
1251 1910 1368 1979 quis
1408 1910 1460 1962 in
1502 1909 1746 1962 dextram
1778 1907 2069 1975 maxillam

480 2002 759 2071 colaphum
797 2003 892 2055 tibi
918 2000 1213 2070 impegerit,
1251 2009 1492 2053 converte
1535 1998 1621 2052 illi
1653 2008 1701 2053 et
1730 1999 1956 2053 alterunt
1992 1997 2058 2050 ".

480 2092 694 2147 Rursus
732 2108 747 2145 :
782 2091 993 2145 Dictum
1026 2101 1102 2143 est
1139 2090 1411 2160 antiquis:
1448 2087 1569 2142 Non
1599 2088 1883 2157 pejerabis.
1947 2086 2060 2157 Ego

480 2195 657 2237 autem
688 2183 807 2236 dico
840 2182 1000 2248 vobis,
1040 2198 1104 2237 ne
1134 2199 1164 2235 a
1192 2182 1455 2250 principio
1483 2181 1693 2251 quidem
1723 2182 1939 2234 omnino
1978 2178 2064 2242 iu-

481 2272 608 2324 retis
638 2270 708 2323 ".
745 2268 821 2322 Ex
852 2269 1046 2324 crebro
1077 2269 1224 2323 enim
1255 2276 1309 2322 ct
1340 2266 1601 2320 familiari
1629 2266 1927 2336 juramenti
1958 2281 2059 2320 usu

482 2354 781 2431 perjurium
802 2360 996 2415 oritur.
1023 2360 1234 2414 Dictum
1256 2368 1341 2415 est
1368 2373 1564 2413 rursus
1582 2373 1673 2427 per
1696 2358 1890 2412 Isaiam
1918 2355 2058 2419 εγω,

479 2453 576 2523 qui
603 2452 927 2523 conjungnnt
958 2453 1171 2504 domum
1229 2467 1345 2504 cum
1389 2451 1567 2515 domo,
1628 2462 1676 2504 et
1718 2466 1902 2519 agrum
1942 2465 2061 2502 cum

481 2560 633 2614 agro,
684 2554 741 2597 ut
784 2545 1026 2612 proximo
1066 2544 1270 2614 aliquid
1314 2543 1542 2612 eripiant
1589 2543 1658 2597 ⁵³.
1697 2542 1765 2595 At
1800 2544 1852 2595 in
1887 2542 2062 2595 diver-

486 2653 607 2692 sum
653 2635 909 2691 Christus
970 2638 1112 2705 apud
1160 2637 1403 2688 Marcum
1455 2635 1527 2688 ita
1586 2634 1864 2703 loquitur:
1898 2633 2056 2698 Vade,

478 2724 638 2779 renda
671 2738 990 2795 quarumque
1018 2722 1198 2786 habes,
1242 2731 1293 2776 et
1327 2723 1397 2775 da
1429 2721 1771 2790 pauperibus,
1815 2730 1865 2775 et
1904 2722 2062 2775 habe-

478 2815 557 2869 bis
582 2814 889 2868 thesaurum
915 2813 968 2867 in
997 2812 1161 2878 oculis,
1186 2823 1235 2867 et
1259 2814 1395 2876 veni,
1415 2822 1462 2866 et
1500 2811 1624 2865 totle
1647 2826 1852 2865 crucem
1888 2820 2056 2875 tuam,

476 2914 524 2956 et
555 2918 766 2973 sequere
798 2918 879 2956 me
933 2901 1001 2955 “.
1048 2902 1166 2968 Que
1214 2901 1336 2957 loco
1370 2916 1504 2955 crux
1551 2900 1792 2955 carnalis
1831 2899 2058 2956 affectus

477 2998 915 3068 Oppressionem,
957 2997 1226 3066 ftedaaque
1258 2996 1551 3064 voluptatis
1584 2994 1971 3065 abjectionetn,
1999 3004 2056 3051 et

476 3092 683 3147 doloris
728 3105 852 3145 cum
884 3091 1085 3143 virtute
1117 3089 1398 3158 conjuncti
1436 3104 1682 3156 sensum,
1717 3088 1997 3160 animique
2022 3103 2053 3143 a

480 3181 715 3236 terrenis
750 3181 914 3235 rebus
947 3180 1281 3234 evectionem
1319 3179 1610 3249 signiﬁcat.

476 3270 642 3338 hujus
671 3268 802 3324 dicti
850 3268 967 3323 haec
1008 3269 1282 3322 sententia
1317 3277 1403 3323 est
1439 3283 1453 3321 :
1490 3266 1724 3323 Tantum
1772 3269 1949 3335 absit,
1997 3275 2057 3323 ut

479 3356 675 3415 alienis
726 3363 894 3414 rebus
942 3374 1163 3413 manum
1223 3356 1457 3428 injicias,
1514 3370 1661 3414 utea
1717 3361 1881 3415 etiam
1934 3375 2058 3430 quin

481 3450 728 3505 honestis
754 3449 1057 3504 rationibus
1091 3451 1420 3519 qttaesivisti,
1462 3451 1793 3520 pauperibus
1811 3451 2057 3508 elfundas

483 3554 651 3613 atque
667 3544 971 3612 dispergas,
991 3552 1048 3596 ut
1069 3556 1284 3597 crucem
1309 3541 1464 3596 facile
1480 3545 1725 3614 perferas
1739 3544 2057 3615 (paupertas

476 3635 626 3686 enim
655 3631 843 3695 efﬁcit,
872 3639 932 3684 ut
963 3631 1272 3685 aﬂlictionis
1303 3646 1444 3686 onus
1465 3631 1653 3685 leviter
1682 3630 1965 3702 feramus),
1995 3646 2059 3687 ac

478 3740 578 3796 pro
628 3724 791 3777 rebus
845 3722 1070 3778 caducis
1124 3730 1178 3776 et
1228 3721 1332 3775 sub
1385 3735 1669 3791 aspectum
1735 3723 2058 3777 cadentibus

478 3810 913 3880 incorruptibilia
943 3817 998 3863 et
1027 3810 1362 3878 sempiterna
1396 3810 1536 3864 bona
1568 3811 1957 3878 consequaris.

546 3900 668 3955 Col.
711 3900 816 3954 647
844 3898 907 3955 C.
951 3897 1078 3952 lam
1108 3899 1296 3966 iambi,
1328 3899 1489 3952 mutis
1510 3899 1723 3969 quidem
1762 3901 2057 3953 animanti-

481 3990 600 4052 bus,
633 3997 736 4042 etc.
763 3985 920 4040 Nunc
943 3985 1074 4040 illud
1108 3989 1500 4056 interpretatur
1526 4003 1541 4040 :
1566 3985 1685 4040 Sint
1711 3986 1875 4041 lumbi
1898 3988 2058 4042 vestri

478 4074 757 4145 przcincti
808 4073 878 4141 ⁸³,
905 4074 1088 4143 aitque
1123 4090 1136 4125 :
1177 4073 1361 4129 Brutis
1408 4074 1629 4143 quidem
1686 4078 2058 4132 animantibus

479 4167 674 4232 lumbi,
698 4168 801 4222 hoc
823 4176 928 4231 est,
955 4182 1081 4236 pars
1101 4180 1164 4220 ea
1214 4182 1333 4234 quae
1369 4168 1651 4237 voluptate
1679 4168 1864 4235 alitur,
1891 4170 2056 4225 soluti

481 4260 594 4313 sint
629 4259 966 4328 minimeque
995 4259 1297 4327 compressi
1327 4274 1392 4314 ac
1417 4259 1646 4314 frenati:
1667 4262 1929 4329 quoniam
1969 4276 2058 4315 ra-

483 4352 670 4414 tionis,
702 4364 823 4417 quae
854 4350 1115 4403 adversus
1167 4349 1381 4403 brutam
1418 4351 1753 4419 voluptatem
1795 4362 1852 4406 et
1902 4368 1933 4407 a
1968 4367 2058 4407 ra-

485 4441 633 4492 tione
667 4453 914 4492 aversam
947 4438 1233 4506 imperium
1268 4440 1451 4506 habet,
1492 4445 1737 4512 expertia
1778 4451 1926 4511 sunt,
1960 4458 2061 4499 nec

484 4532 693 4601 judicio
717 4531 1191 4599 perturbationum
1210 4532 1377 4585 animi
1397 4533 1640 4604 principe
1661 4536 2059 4604 gubernantur.

398 4624 411 4631 ”
482 4621 596 4677 Nec
623 4622 769 4675 enim
817 4619 1025 4674 arbitrii
1075 4620 1327 4676 libertate
1359 4622 1561 4676 donata
1610 4632 1761 4686 sunt,
1798 4625 1904 4678 nisi
1938 4624 2062 4693 quis

485 4715 707 4779 dixerit,
737 4728 927 4768 eorum
958 4727 1177 4782 quoque
1207 4712 1475 4781 permulta
1507 4712 1778 4788 naturalis
1800 4714 1867 4768 ad
1905 4728 2064 4769 vene-

485 4818 640 4860 reum
695 4818 1050 4871 congressum
1109 4812 1289 4857 motus
1339 4812 1503 4873 atque
1573 4804 1809 4872 impetus
1838 4806 2060 4860 modum

486 4907 668 4947 nosse.
735 4892 979 4945 Lutnbus
1033 4892 1177 4945 enim
1226 4892 1614 4961 appetitionem
1660 4908 1785 4947 eum
1855 4892 2059 4949 femina

487 4985 718 5039 coeundi
775 4984 1069 5054 signiﬁcat.
1109 4982 1230 5038 Tibi
1287 4994 1493 5047 autem,
1532 4987 1627 5054 qui
1684 4995 1875 5053 praeter
1910 4986 2059 5040 arbi-

493 5079 579 5132 trii
614 5079 917 5143 libertatem
958 5076 1188 5133 rationis
1218 5093 1438 5148 quoque
1469 5094 1624 5133 usum
1662 5079 1942 5148 accepisti,
1977 5078 2059 5132 fa-

491 5167 743 5222 ciendum
785 5175 893 5231 est,
933 5175 992 5219 ut
1024 5168 1407 5234 temperantia,
1439 5165 1605 5219 veluti
1636 5181 1771 5218 zona
1800 5165 2056 5235 quadam,

489 5266 702 5327 turpem
744 5268 798 5310 et
833 5271 1087 5311 vesanam
1119 5257 1470 5325 cupiditatem
1509 5271 1574 5309 ac
1607 5256 1907 5322 libidinem,
1946 5270 2069 5325 qua:

490 5362 586 5418 per
630 5344 846 5400 lumbos
903 5346 1264 5415 signiﬁcatur,
1325 5347 1696 5417 constringas.
1745 5350 1923 5414 Quam
1980 5351 2069 5401 in~

489 5444 709 5491 sectans
737 5442 905 5502 atque
926 5434 1286 5503 proscindens
1335 5433 1629 5501 Jeremias,
1663 5437 1935 5491 hinnitum
1970 5452 2067 5505 ap-

491 5521 673 5591 pellat,
704 5521 894 5576 dicens
922 5538 936 5574 :
963 5516 1323 5588 Equi.insano
1350 5521 1671 5590 feminarum
1701 5540 1880 5577 amore
1908 5540 2068 5577 exar-

558 5700 604 5734 ”
632 5701 799 5757 Exod.
836 5717 930 5770 xx,
955 5702 1042 5756 H.
1118 5701 1163 5734 ⁵⁸
1192 5702 1320 5757 ibid.
1352 5703 1439 5757 15.
1509 5704 1766 5762 “Matth.
1807 5722 1861 5771 ν,
1895 5708 1990 5760 59.

491 5787 591 5839 xu,
646 5773 715 5826 5³5
810 5772 1080 5829 "Jercm.
1117 5790 1168 5840 v,
1196 5777 1248 5826 8.
1324 5774 1366 5805 ⁵⁷
1392 5773 1708 5845 υοιθεδ.ιιι,
1734 5778 1785 5831 5.

2066 5708 2114 5738 ⁵⁵
2145 5709 2276 5763 ibid.
2302 5709 2392 5774 5'5,
2418 5710 2509 5764 54.

1863 5780 1908 5809 ⁸⁸
1934 5779 2034 5834 Job
2092 5794 2324 5835 xxxvttt.

2166 572 2257 626 bat
2286 573 2354 628 ⁵⁸.
2385 572 2601 628 Etenim
2636 577 2708 629 ita
2733 576 2951 630 demum
2980 576 3184 631 Pascha
3218 577 3384 647 digne
3415 577 3744 644 comederis,

2164 666 2212 721 si
2260 666 2659 736 voluptuariam
2706 683 2898 722 earum
2959 683 3165 732 rerum,
3226 685 3346 739 qua:
3398 671 3451 723 in
3500 670 3601 726 hac
3632 673 3743 726 vita

2162 758 2407 813 studiose
2419 760 3123 828 expetuntur,latitudinem
3147 762 3302 829 quasi
3324 772 3526 818 vestem
3550 780 3745 834 quam.

2163 847 2287 902 dam
2319 849 2387 902 ad
2425 849 2593 919 pedes
2625 851 2919 906 demissam
2947 862 3000 907 et
3028 852 3445 919 circumfusam,
3483 872 3578 923 per
3609 867 3746 911 tem-

2165 941 2468 1009 perantiam
2500 942 2845 997 contraxeris
2889 958 2954 997 ac
3006 946 3377 999 restrinxeris.
3431 945 3566 1000 Nam
3599 949 3745 1016 quod

2164 1045 2301 1086 zona
2333 1034 2746 1099 temperantiam
2777 1032 3048 1104 designet,
3104 1037 3257 1091 locus
3293 1038 3403 1100 ille,
3454 1041 3540 1093 cui
3574 1055 3745 1109 appo-

2164 1122 2333 1187 nitur,
2364 1124 2500 1179 satis
2527 1124 2838 1178 conﬁrmat.
2870 1122 3006 1178 Tum
3056 1127 3128 1190 si,
3181 1126 3337 1195 juxta
3372 1127 3522 1183 Pauli
3560 1131 3745 1184 consi-

2166 1214 2298 1269 lium
2335 1214 2405 1280 3",
2434 1216 2705 1282 membra,
2739 1233 2861 1287 qum
2891 1228 3020 1273 sunt
3054 1234 3219 1289 super
3251 1229 3471 1285 terram,
3512 1223 3771 1276 mortiti--

2164 1308 2399 1361 caveris.
2429 1304 2549 1359 Non
2578 1306 2737 1372 dixit,
2772 1311 3021 1377 corporis
3074 1310 3263 1378 (hujus
3313 1313 3459 1365 enim
3502 1315 3742 1367 membra

2164 1402 2294 1447 sunt
2324 1403 2511 1463 caput,
2564 1410 2782 1461 manus,
2829 1398 3016 1467 pedes,
3073 1409 3129 1453 et
3192 1401 3297 1454 alia
3381 1402 3740 1471 hujusmodi),

2165 1499 2353 1540 verum
2387 1501 2450 1541 ea
2505 1501 2623 1556 qum
2670 1499 2791 1540 sunt
2845 1503 3004 1555 super
3048 1497 3266 1554 terram,
3300 1490 3352 1544 id
3385 1502 3488 1556 est,
3542 1494 3743 1545 terreni

2161 1577 2391 1633 aﬂectus
2422 1579 2688 1645 membra,
2749 1580 3008 1634 nimirum
3050 1582 3467 1646 scortationem,
3504 1564 3747 1637 inminu-

2162 1670 2378 1736 ditiatn,
2414 1670 2720 1736 libidinem,
2758 1672 3263 1741 concupiscentiam
3317 1678 3544 1730 malam.
3585 1678 3748 1731 Deni-

2163 1776 2270 1832 que
2299 1764 2346 1817 si
2373 1762 2604 1818 Joannis
2635 1779 2829 1818 zonatn
2862 1766 3118 1821 imiteris.
3160 1766 3315 1823 Hanc
3344 1780 3525 1823 autem
3562 1773 3748 1825 imita-

2167 1862 2275 1917 tur,
2303 1855 2551 1922 quisquis
2582 1854 2932 1910 continentiae
2970 1871 3072 1925 ope
3107 1872 3172 1912 ac
3198 1859 3408 1913 viribus
3443 1863 3741 1930 genitalem
3800 1902 3813 1911 .

2162 1945 2360 1999 animae
2388 1944 2700 2001 facultatem
2726 1947 2907 2016 rcipsa
2941 1964 3037 2017 per
3064 1951 3431 2019 cognitionem
3465 1956 3744 2008 constrin-

2161 2037 2239 2107 git
2287 2047 2451 2107 atque
2502 2038 2575 2092 ita
2632 2040 2894 2103 custodit,
2956 2050 3016 2095 ut
3070 2043 3138 2096 ad
3183 2052 3526 2099 terrenarum
3560 2062 3745 2101 rerum

2161 2144 2520 2198 congressum
2570 2130 2801 2185 diﬁ‘undi
2835 2142 3074 2202 nequeat
3111 2172 3127 2197 ,
3162 2136 3213 2188 id
3243 2144 3347 2201 est,
3380 2138 3471 2206 qui
3506 2140 3745 2208 turpium

2163 2214 2502 2290 voluptatum
2543 2223 2899 2291 cupiditatem
2937 2227 3222 2283 exstinxit.
3282 2226 3399 2284 Hoc
3455 2230 3744 2301 genitatem

2161 2313 2361 2367 animae
2394 2313 2500 2366 vim
2540 2325 2595 2368 et
2631 2315 2944 2370 facultatem
2994 2328 3170 2382 vocat,
3222 2334 3385 2388 quam
3417 2322 3557 2376 ratio
3586 2325 3746 2379 nouis

2164 2402 2347 2463 insita.
2383 2403 2436 2457 id
2472 2413 2577 2469 est,
2612 2405 2692 2460 vis
2724 2406 3034 2472 rationalis,
3071 2412 3399 2481 constringit
3426 2427 3441 2465 :
3465 2422 3631 2483 atque
3658 2415 3744 2468 in-

2161 2496 2567 2564 dissolubilem,
2603 2498 2710 2553 hoc
2739 2510 2846 2565 est,
2878 2502 2944 2555 ad
2984 2517 3167 2556 rerum
3216 2508 3441 2559 materia
3485 2515 3746 2562 constan-

2163 2589 2297 2642 tium
2330 2604 2576 2645 amorem
2623 2591 2851 2647 minime
2885 2608 3110 2661 pronam
3145 2605 3201 2649 et
3241 2582 3535 2664 proclivem
3562 2608 3748 2652 custo-

2159 2680 2257 2735 dit.
2290 2679 2534 2737 Joannes
2564 2683 2710 2736 enint
2747 2684 2908 2751 ,circa
2956 2683 3174 2740 lumbos
3223 2688 3506 2755 pellieeam
3542 2704 3738 2743 zonam

2161 2773 2417 2829 habebat.
2449 2774 2611 2830 Pellis
2641 2790 2807 2845 porro
2828 2786 3043 2831 mortua
3071 2788 3173 2843 est,
3206 2793 3271 2834 ac
3297 2795 3410 2835 rem
3431 2791 3739 2841 emortuam

2159 2867 2433 2937 designat.
2501 2868 2620 2923 Jam
2684 2884 2816 2924 vero
2865 2871 3147 2926 solitarius
3207 2873 3316 2928 dici
3386 2876 3593 2944 possit,
3646 2877 3745 2946 qui

2161 2961 2329 3015 animi
2379 2960 2626 3016 habitum
2675 2961 2746 3015 ab
2780 2962 2931 3016 omni
2983 2964 3299 3019 turbulento
3355 2976 3501 3020 motu
3545 2984 3744 3038 purum

2159 3053 2521 3121 comparavit.
2548 3050 2865 3108 Praecursor
2882 3064 3090 3118 autem,
3114 3056 3209 3125 qui
3233 3070 3329 3124 per
3346 3072 3528 3111 veram
3549 3067 3605 3114 et
3628 3060 3749 3115 sin-

1648 3144 1843 3235 .l'mius
1876 3144 2058 3235 a'ulem
2085 3172 2131 3236 ο
2164 3155 2347 3196 ceram
2385 3144 2789 3211 paenitentiam,
2821 3144 3092 3213 justitiam
3136 3148 3312 3215 ipsius
3346 3151 3634 3217 asseclam,
3678 3167 3745 3209 ac

2163 3247 2258 3301 per
2289 3232 2544 3287 virtutem
2576 3234 2629 3286 in
2656 3235 2905 3288 omnium
2957 3236 3134 3290 oculis
3181 3237 3487 3307 lucentem,
3520 3244 3749 3310 propin-3

2160 3339 2328 3393 quum
2347 3325 2585 3380 scientia
2603 3325 2894 3379 adventum
2920 3327 3270 3395 praenuntiat.
3289 3328 3516 3399 Magnus
3530 3345 3747 3401 postre-

2160 3429 2249 3467 mo
2283 3415 2532 3469 veritatis
2561 3429 2761 3484 praeco,
2814 3417 2907 3486 qui
2953 3418 3201 3473 veritatis
3251 3421 3542 3488 doctrinae,
3575 3438 3743 3493 quam

2162 3519 2296 3560 voce
2326 3506 2587 3575 praedicat
2644 3521 2741 3577 per
2789 3508 2916 3563 vita:
2949 3510 3241 3578 puritatem
3274 3512 3433 3566 ﬁdem
3470 3516 3692 3570 astruit.

2231 3594 2351 3651 Col.
2387 3597 2489 3650 647
2526 3597 2588 3653 C.
2623 3599 2731 3653 Sed
2759 3608 2810 3654 et
2851 3600 3019 3654 aliam
3064 3618 3255 3655 zonam
3302 3605 3440 3669 noui,
3473 3614 3578 3662 etc.
3629 3606 3743 3661 Du-

2160 3689 2307 3758 plex,
2346 3691 2546 3761 inquit,
2580 3707 2736 3746 zona:
2773 3708 2949 3763 genus
2976 3695 3127 3760 novi,
3155 3695 3385 3751 alterum
3417 3713 3527 3767 quo
3557 3700 3743 3754 tunica

2164 3783 2461 3839 immodice
2496 3800 2741 3854 expansa
2778 3786 3157 3858 restringitur,
3195 3804 3301 3857 qua
3346 3790 3744 3860 signiﬁcatione

2160 3875 2255 3945 qui
2300 3874 2511 3930 Pascha
2544 3878 2862 3943 comedunt,
2894 3878 3109 3934 lumbos
3144 3881 3458 3951 accingunt,
3506 3884 3608 3939 hoc
3633 3896 3739 3952 est,

2160 3967 2473 4036 superﬂuas
2507 3970 2837 4036 cupiditates
2894 3974 3251 4028 contrahunt.
3301 3976 3549 4031 Alterum
3596 3977 3743 4031 milio

2160 4069 2298 4124 tare,
2332 4074 2364 4113 a
2405 4075 2517 4129 quo
2577 4061 2632 4114 in
2681 4061 2824 4117 libro
2859 4062 3069 4135 Regum
3103 4068 3368 4136 quosdam
3405 4070 3610 4125 milites
3642 4071 3735 4125 in-

2161 4152 2319 4205 venio
2343 4166 2588 4208 euzonos
2612 4166 2666 4209 et
2697 4169 3038 4213 monozonos
3066 4169 3324 4228 vocatos;
3354 4176 3595 4219 euzonos
3623 4165 3746 4232 qui-

2160 4242 2310 4307 dem,
2344 4245 2494 4313 quod
2528 4245 2679 4300 leves
2712 4248 2826 4301 sint
2853 4257 2908 4301 et
2943 4251 3205 4318 expediti.
3238 4248 3398 4307 Tales
3443 4254 3590 4307 enim
3622 4269 3744 4324 pro-

2161 4333 2249 4389 cul
2307 4334 2477 4390 dubio
2516 4347 2648 4393 sunt
2716 4338 2921 4394 milites
2972 4342 3065 4409 qui
3116 4342 3306 4398 leviter
3361 4345 3742 4416 accinguntur,

2162 4432 2329 4492 atque
2355 4425 2575 4481 unicam
2603 4436 2807 4483 vestem
2838 4430 3241 4501 substringunt,
3271 4448 3335 4488 ac
3368 4436 3597 4503 proinde
3630 4452 3749 4491 mo-

2159 4517 2369 4569 nozoni.
2391 4517 2730 4587 frequentius
2767 4521 3133 4591 appellantur,
3184 4532 3244 4578 ut
3297 4534 3516 4595 propter
3570 4542 3741 4581 unam

2162 4617 2364 4661 vestem
2444 4624 2583 4665 zona
2632 4627 2740 4666 una
2804 4622 3039 4669 utentes.
3095 4616 3275 4684 Atque
3325 4617 3488 4670 etiam
3542 4615 3742 4672 Jobum

2160 4699 2337 4769 ipsum
2392 4700 2538 4756 Deus
2573 4703 2878 4773 alloquens,
2931 4707 3150 4761 dicebat
3180 4724 3196 4760 :
3228 4707 3326 4775 Ne,
3384 4711 3487 4765 hoc
3519 4714 3642 4776 est,
3678 4728 3749 4768 ne

2162 4791 2436 4847 silentium
2495 4801 2705 4861 teneas,
2756 4811 2946 4851 verum
2999 4798 3350 4865 conﬁrmare,
3402 4817 3467 4855 ac
3517 4813 3747 4858 strenue

2167 4885 2461 4953 responde.
2495 4884 2613 4942 Hoc
2641 4888 2787 4944 enim
2824 4890 3260 4959 sigmﬁcatquod
3292 4893 3368 4947 ait
3394 4909 3408 4945 :
3438 4894 3662 4964 Acciuge
3688 4904 3748 4947 ut

2167 4976 2247 5029 uir
2288 4977 2495 5032 lumbos
2528 4989 2646 5033 tuos
2673 4979 2742 5034 ⁵⁸.
2773 4980 2913 5050 Ergo
2934 4982 3086 5049 juxta
3110 4984 3565 5051 significationem
3595 5000 3749 5039 zona:

2168 5067 2424 5121 militaris
2472 5066 2639 5123 David
2683 5084 2903 5138 quoque
2958 5072 3026 5125 ad
3077 5071 3247 5126 Deum
3302 5074 3749 5127 aitzAccinxisti

2168 5175 2248 5212 me
2270 5161 2462 5213 virtute
2516 5161 2585 5214 ad
2638 5162 2832 5214 bellum
2857 5165 2925 5217 '9.
2967 5163 3029 5217 Et
3058 5166 3126 5219 de
3151 5166 3259 5218 Deo
3296 5168 3454 5219 verba
3492 5166 3743 5222 faciens:

2168 5249 2399 5306 Indutus
2453 5262 2529 5305 est
2581 5252 2839 5307 Dominus
2899 5256 3264 5323 fortitudinem
3352 5272 3415 5309 ac
3463 5259 3746 5325 prwcinxit

2168 5360 2222 5397 se
2277 5344 2347 5410 5°,
2392 5349 2658 5401 adversus
2710 5347 2910 5416 impios
2964 5348 3171 5403 scilicet
3231 5347 3474 5413 seipsum
3522 5366 3745 5406 armans

2166 5435 2284 5491 Nisi
2315 5438 2453 5491 forte
2480 5438 2751 5507 quispiam
2803 5439 2953 5493 dicat
2997 5438 3083 5493 bis
3114 5439 3295 5493 verbis
3327 5439 3605 5496 :Accinxit
3637 5443 3746 5496 uir-

2171 5535 2355 5588 tutem,
2413 5529 2515 5581 hoc
2585 5528 2906 5597 significari,
2972 5526 3141 5582 Deum
3198 5545 3541 5599 nequaquam
3593 5533 3745 5587 οωιὶ

2592 5710 2639 5740 ⁵³
2681 5708 2788 5765 lsa.
2825 5725 2874 5771 ν,
2899 5709 2952 5761 8.
3017 5710 3061 5741 ’δ
3086 5708 3250 5763 Marc.
3282 5725 3336 5772 x,
3370 5709 3459 5765 2|.

2437 5784 2483 5814 ’ν
2513 5780 2662 5835 Psal.
2696 5796 2824 5845 xvtt,
2859 5782 2948 5834 40.

3536 5712 3583 5742 ⁵³
3610 5711 3742 5767 Luc.

3043 5780 3088 5809 6°
3124 5782 3266 5835 Paul.
3329 5798 3455 5848 λιιι,
3491 5781 3538 5834 1.
