4116 6418
366 363 493 425 12:31

1314 357 1632 424 NICETAS
1676 361 1754 422 1N
1795 360 2018 422 ORAT.
2070 359 2237 420 XLII
2273 360 2332 419 S.
2379 361 2606 420 GllEG.

3490 357 3624 421 1332

362 472 606 544 potentia
640 486 735 525 sua
761 475 1025 527 adversus
1057 475 1252 544 impios
1288 490 1446 530 usum
1478 489 1599 529 esse
1629 473 1774 545 (quis
1800 473 1943 528 enim
1976 482 2022 536 Α
2054 473 2196 542 puli,
2229 473 2343 527 haec
2373 473 2452 528 eis
2482 473 2729 527 doctrina
2759 471 3156 542 praescribitur,
3195 482 3254 526 ut
3313 471 3449 526 nihil
3479 487 3625 526 mor-

359 575 483 617 eam
523 560 794 614 sustinuere
832 562 1053 629 queat?)
1108 577 1296 616 verum
1331 562 1500 631 ipsius
1551 563 1941 615 cxubcrantcm

360 666 426 704 ac
480 651 874 705 redundantem
923 651 1136 720 copiam
1202 652 1623 721 compressisse.
1686 651 1940 718 Ejusdem

358 759 582 815 quoque
615 743 833 812 generis
870 755 951 798 est
978 745 1111 799 illud
1147 745 1368 800 Davidis
1425 764 1438 800 :
1468 747 1709 800 Amictus
1747 745 1942 798 lumine

359 837 496 887 sicut
534 837 847 889 vestimento
882 838 948 901 ⁸⁸,
1002 838 1051 890 id
1085 847 1169 892 est
1217 837 1448 893 induens
1497 854 1560 892 ac
1607 838 1942 906 restringcns

361 929 587 982 luminis
615 929 1008 982 cxuberantem
1037 930 1276 999 copiam,
1316 946 1424 984 non
1457 945 1615 984 secus
1648 945 1711 985 ac
1734 939 1939 983 vestem

359 1018 656 1087 quamdam
683 1024 748 1072 ad
776 1021 914 1074 talos
934 1035 1107 1090 usque
1126 1021 1440 1076 demissam.
1464 1021 1675 1075 Etenim
1697 1022 1939 1090 potentia

358 1112 450 1166 Dei
481 1124 536 1166 et
584 1111 800 1178 lumen,
860 1114 963 1168 nisi
1005 1114 1426 1178 contrahantur,
1482 1129 1636 1183 teque
1685 1113 1940 1168 omnibus

357 1207 725 1259 intolerabilia
762 1216 912 1260 sunt.

427 1301 546 1354 Col.
609 1302 714 1355 650
756 1303 819 1356 Α.
863 1302 1058 1366 Quer
1097 1305 1222 1372 quid
1299 1304 1491 1358 lumbis
1545 1321 1664 1357 cum
1722 1306 1940 1358 veritate

354 1409 631 1446 commune
660 1397 766 1460 sit,
799 1406 905 1450 etc.
943 1396 1276 1451 Lumborum
1300 1399 1720 1468 explicaionem
1749 1415 1938 1467 prose-

353 1483 544 1552 quitur
584 1484 916 1552 'fheologus,
968 1501 1032 1539 ac
1080 1488 1338 1555 quoniam
1391 1487 1616 1541 Paulum
1651 1489 1804 1542 audit
1861 1490 1940 1541 sic

358 1574 609 1643 Ephesiis
642 1578 972 1632 scribentem
1004 1595 1019 1632 :
1055 1578 1209 1633 State
1246 1581 1410 1650 igitur
1438 1581 1694 1634 succincti
1731 1581 1936 1634 lumbos

354 1681 550 1721 vestros
584 1670 637 1722 in
672 1671 894 1724 veritate
949 1671 1016 1735 ",
1059 1673 1252 1740 qumrit
1279 1673 1407 1741 quid
1444 1673 1662 1727 lumbus
1696 1689 1818 1727 cum
1852 1691 1940 1725 ve-

355 1761 516 1814 ritate
544 1777 836 1817 commune
861 1764 1080 1824 habeat.
1121 1775 1286 1834 atque
1315 1766 1366 1818 id
1401 1766 1628 1818 invenit.
1659 1767 1932 1830 Quoniam

355 1854 502 1906 enim
536 1853 590 1906 in
617 1855 818 1910 lumbis
853 1871 1009 1912 renes
1039 1866 1187 1921 sunt,
1223 1858 1274 1912 id
1306 1866 1411 1923 est,
1449 1869 1596 1912 retro
1628 1859 1843 1914 lumbos
1867 1861 1932 1912 ad

362 1947 576 2016 spinam
634 1947 807 2014 dorsi,
843 1950 989 2003 circa
1020 1965 1177 2006 renes
1219 1959 1397 2006 autem
1431 1967 1556 2020 pars
1589 1954 1934 2022 concupisci-

356 2040 482 2093 hilis
507 2042 610 2094 sita
637 2049 742 2108 est,
783 2042 987 2097 idcirco
1019 2059 1047 2095 a
1092 2044 1212 2098 loco
1254 2045 1759 2114 concupiscentiam
1796 2048 1938 2100 lum:

355 2129 546 2182 borum
581 2131 802 2186 nomine
860 2134 1154 2202 appellavit
1191 2134 1505 2203 Apostolus.
1564 2133 1773 2189 Rursus
1809 2137 1932 2204 quia

356 2223 586 2278 facultas
609 2241 673 2279 ea
705 2241 810 2294 qua
835 2227 1302 2296 contemplamur,
1334 2227 1482 2282 circa
1512 2228 1793 2282 veritatem
1820 2245 1934 2281 ver-

353 2325 533 2376 satur,
565 2329 629 2368 ea
685 2331 808 2384 quae
851 2331 978 2369 vere
1008 2325 1135 2370 sunt
1190 2316 1554 2384 investigatis,
1613 2317 1732 2370 ideo
1765 2318 1831 2369 ab
1872 2331 1936 2369 co

353 2407 500 2474 quod
546 2409 834 2476 quaeritur,
887 2406 1237 2475 Speculatrici
1281 2404 1522 2458 facultati
1562 2406 1803 2458 veritatis
1832 2418 1936 2457 no-

350 2513 480 2550 men
519 2499 803 2566 imposuit.
835 2496 946 2552 lloc
972 2513 1097 2551 cum
1123 2512 1153 2550 a
1181 2495 1461 2565 Tlteologo
1491 2497 1933 2550 animadversum

352 2600 522 2655 esset,
592 2591 674 2645 sic
733 2592 1123 2659 interpretatur
1193 2591 1370 2644 locum
1429 2589 1574 2642 hunc
1613 2607 1626 2641 :
1668 2588 1936 2643 Succincti

350 2681 558 2735 lumbos
610 2682 665 2734 iu
696 2683 936 2750 veritate,
979 2682 1082 2736 hoc
1135 2693 1236 2748 est,
1287 2681 1488 2735 Christi
1550 2682 1936 2749 contemplatio

354 2773 598 2828 lu:|.l)tlm
662 2785 914 2828 nostrum
954 2781 1009 2827 ct
1043 2771 1542 2843 concupiscentiam
1570 2771 1931 2840 constringit,

349 2879 584 2934 eamque
611 2872 776 2918 totam
806 2865 871 2918 ad
906 2879 1088 2918 rerum
1125 2865 1434 2917 divinarum
1467 2877 1710 2915 antorem
1753 2870 1934 2916 trans-

353 2955 530 3009 fusam
570 2967 624 3008 et
670 2957 970 3010 derivatum
1018 2956 1248 3010 diﬂundi
1280 2973 1343 3010 ac
1372 2954 1606 3024 dispergi
1641 2969 1747 3008 non
1782 2956 1934 3008 sinit.

352 3044 467 3101 Nec
497 3048 642 3100 enim
677 3049 768 3116 qtti
827 3047 1063 3116 alicujus
1109 3047 1186 3100 rei
1227 3060 1414 3100 amore
1463 3043 1785 3108 inardescit,
1810 3057 1936 3112 erga

360 3140 468 3192 alia
505 3138 696 3192 eodem
730 3141 893 3192 modo
928 3139 1066 3194 allici
1104 3146 1302 3208 potest.

430 3232 568 3284 Ibid.
599 3233 654 3282 ll.
678 3229 806 3283 lam
836 3232 926 3300 qui
963 3240 1160 3284 terram
1201 3239 1442 3284 sanctam
1477 3247 1540 3282 ac
1568 3230 1755 3284 divinis
1789 3229 1940 3282 vesti-

349 3324 449 3392 giis
477 3325 809 3391 impressam,
835 3336 942 3378 etc.
969 3325 1350 3377 Calceamcnta
1414 3336 1806 3388 notmunqnam
1843 3334 1939 3387 pro

349 3418 545 3470 vitiosa
579 3417 1001 3472 mortilicatione
1052 3415 1393 3483 aecipiuntur
1424 3419 1572 3484 (nam
1622 3431 1684 3466 ex
1720 3422 1938 3465 mortua

349 3528 573 3582 quoque
609 3511 751 3581 pelle
787 3526 849 3563 ea
888 3509 1275 3577 centieiuntur)
1334 3507 1607 3560 interdum
1647 3507 1811 3558 etiam
1841 3520 1939 3572 pro

349 3602 608 3657 cautione
634 3615 700 3654 ac
726 3600 913 3654 tutela.
938 3595 1073 3651 Nam
1109 3599 1221 3650 lucc
1251 3595 1412 3648 etiam
1445 3593 1702 3663 injuri-am
1729 3609 1758 3646 a
1788 3593 1938 3661 pedi-

349 3698 452 3748 bus
487 3701 700 3747 arcent.
733 3694 810 3745 Δις
846 3690 1024 3744 Moses
1058 3689 1277 3759 quidem
1309 3689 1360 3739 in
1413 3695 1597 3739 monte
1624 3686 1815 3738 audit:
1852 3683 1936 3735 Ne

351 3788 452 3839 huc
487 3785 793 3848 accesseris,
843 3781 986 3837 solve
1047 3781 1407 3834 calceamcnta
1449 3779 1513 3831 de
1558 3777 1776 3846 pedibus
1806 3777 1932 3828 tuis.

348 3882 522 3935 Locus
550 3882 712 3944 enim,
743 3879 803 3931 in
831 3894 933 3948 quo
973 3887 1110 3938 stas,
1152 3887 1296 3930 terra
1344 3886 1528 3926 sancta
1561 3882 1636 3924 est
1682 3871 1748 3924 “.
1804 3869 1936 3934 Qua:

349 3976 512 4029 verba
549 3975 650 4028 hoc
710 3973 866 4026 nobis
913 3971 1248 4039 signiﬁcant,
1290 3981 1444 4030 eum,
1473 3964 1565 4032 qui
1596 3963 1834 4014 animam
1867 3958 1935 4012 ad

351 4063 875 4132 contemplationem
908 4059 1136 4128 adjiciat
1175 4059 1314 4124 (haec
1347 4071 1516 4117 cnim,
1553 4052 1718 4105 Terra
1750 4060 1935 4103 sancta

351 4170 454 4221 cst,
495 4159 546 4209 in
579 4170 686 4224 qua
722 4154 868 4207 Deus
899 4166 994 4221 per
1025 4149 1318 4218 imaginem
1347 4145 1594 4214 apparet)
1628 4142 1937 4195 mundanas

355 4265 542 4315 curas,
577 4256 638 4302 ut
670 4258 934 4309 mortuas,
973 4252 1025 4297 et
1077 4238 1453 4308 inl'rugiferas,
1504 4245 1668 4304 atque
1728 4234 1936 4287 aditum

355 4343 424 4396 ad
459 4341 625 4395 Deum
661 4335 1100 4405 intersepientes,
1129 4329 1367 4395 abjicere
1392 4327 1612 4382 debere.
1653 4325 1935 4378 Consinnli

354 4434 518 4488 modo
553 4434 598 4486 is
637 4443 874 4502 quoque,
908 4425 1001 4497 qui
1031 4425 1101 4478 ad
1130 4420 1538 4494 prazdicandum
1585 4415 1934 4486 Evangelium

1972 1826 2010 1879 Β

1966 3172 2007 3228 C

2048 575 2202 617 tuum
2233 564 2410 617 ferant
2445 582 2459 616 :
2493 573 2551 617 ut
2600 564 2890 632 implentur
2936 563 3068 616 illud
3129 563 3302 631 Isaiae,
3349 563 3622 617 dicentis:

2047 655 2221 718 Quam
2268 654 2476 722 pulchri
2531 663 2653 706 sunt
2690 655 2842 722 pedes
2893 655 3328 707 annuntiantium
3361 669 3542 720 pacem
3574 663 3625 706 et

2046 747 2183 800 bona
2226 748 2296 812 ⁸⁸,
2323 746 2376 801 id
2407 758 2511 812 est,
2535 759 2591 801 ut
2634 763 2854 818 gressus
2905 763 3094 800 eorum
3127 747 3220 816 qui
3268 749 3418 815 pacis
3447 746 3628 799 Evan-

2045 840 2242 908 gelium
2286 841 2637 902 annuutiant,
2697 841 2816 909 puri
2877 840 2946 893 ab
3001 840 3153 892 omni
3204 839 3626 906 reprehensione

2043 939 2362 1000 appareant.
2397 932 2570 985 Moses
2594 932 2778 1000 igitur,
2801 931 3044 985 divinam
3071 940 3269 985 terram
3296 929 3534 993 calcans,
3562 943 3625 981 ae

2042 1024 2375 1094 discipulus,
2405 1023 2498 1092 qui
2525 1024 2592 1076 ad
2623 1023 2954 1092 praedicandi
2989 1021 3328 1092 provinciam
3367 1019 3621 1081 mittitur,

2040 1119 2301 1173 vitiosum
2334 1133 2396 1171 ac
2423 1127 2701 1170 mortuum
2733 1117 3168 1170 calceamentum
3199 1114 3395 1167 solvat.
3438 1111 3505 1164 At
3529 1114 3623 1178 qui

2042 1209 2335 1279 tEgypmm
2365 1219 2419 1262 et
2449 1208 2670 1278 [Egypti
2709 1224 2793 1262 res
2843 1207 3004 1276 fugit,
3045 1207 3095 1259 id
3127 1213 3229 1270 est,
3258 1212 3538 1272 peccatum
3571 1210 3625 1253 ct

2041 1303 2163 1371 ejus
2196 1302 2361 1365 fctus,
2399 1318 2466 1355 nc
2503 1304 2666 1370 hujus
2694 1302 2814 1354 vita:
2841 1299 3026 1370 :spinis
3076 1298 3202 1368 (hoc
3248 1307 3351 1364 est,
3386 1297 3622 1364 peccatis

2041 1411 2163 1464 quae
2211 1395 2373 1448 nudis
2427 1405 2483 1448 et
2542 1393 2847 1447 imminutis
2899 1402 3064 1461 atque
3105 1391 3341 1445 incautis
3392 1389 3622 1457 pedibus

2041 1489 2327 1556 spinarum
2365 1486 2486 1538 loco
2517 1501 2638 1538 esse
2668 1485 2894 1554 queant)
2923 1483 3253 1546 ollendatur,
3285 1483 3623 1536 calceamen-

2043 1588 2224 1631 torum
2259 1577 2518 1630 ﬁrmitate
2550 1578 2715 1646 pedcs
2754 1576 3111 1631 communiat.
3144 1573 3268 1628 llaac
3303 1585 3482 1626 autem
3513 1571 3624 1624 cal-

2041 1681 2324 1724 ceamenta
2369 1670 2504 1723 nihil
2537 1669 2683 1722 aliud
2715 1679 2866 1734 sunt,
2899 1683 3062 1737 quam
3095 1668 3204 1720 vita
3251 1665 3538 1720 continens
3570 1672 3623 1715 et

2040 1777 2261 1832 aspera,
2294 1779 2415 1832 quae
2449 1763 2733 1832 spinarum
2767 1761 3050 1829 cuspidem
3085 1758 3371 1826 perfringit
3397 1772 3460 1808 ac
3490 1769 3624 1808 con-

2041 1858 2188 1921 terit,
2221 1867 2386 1924 atque
2415 1855 2666 1922 impedit,
2703 1869 2770 1907 ne
2823 1859 3108 1922 peceatum
3143 1866 3209 1904 ex
3240 1848 3391 1903 tenui
3443 1857 3496 1901 et
3525 1848 3624 1900 ob-

2039 1965 2204 2004 scuro
2232 1949 2501 2018 principio
2533 1949 2598 2002 ad
2652 1947 2913 1999 interiora
2948 1944 3152 1998 sensim
3197 1941 3471 1995 illahatur.
3512 1936 3623 1992 Nec

2041 2056 2169 2094 vero
2196 2049 2416 2109 propter
2447 2039 2635 2108 spinas
2663 2038 2931 2092 duntaxat
2965 2036 3162 2088 calceis
3195 2043 3400 2097 utatur,
3438 2032 3532 2086 sed
3569 2039 3622 2083 ct

2040 2143 2263 2204 propter
2311 2135 2610 2198 daemones,
2643 2131 2734 2201 qui
2790 2130 2988 2184 callide
3030 2138 3085 2183 et
3141 2129 3400 2181 scelerate
3461 2134 3622 2193 atque

2039 2227 2254 2281 occulte
2286 2226 2514 2281 insidias
2544 2233 2788 2288 struunt,
2830 2238 2971 2292 quos
3023 2237 3224 2290 magno
3258 2236 3332 2273 nu
3361 2233 3489 2273 ~..cro
3521 2217 3619 2269 alit

2041 2329 2347 2388 peccatum.
2393 2319 2470 2373 De
2499 2319 2703 2388 quibus
2753 2319 2808 2371 in
2848 2315 3149 2384 Evangelio
3193 2314 3268 2366 ait
3307 2312 3570 2364 Dominus
3607 2329 3619 2362 :

2041 2411 2176 2465 Ecce
2203 2412 2344 2473 dedi,
2370 2411 2513 2464 vobis
2543 2420 2854 2480 potestatem
2886 2407 3128 2460 calcaudi
3173 2421 3328 2473 super
3360 2409 3622 2469 serpentes

2038 2515 2089 2557 et
2123 2504 2424 2572 scorpiones
2457 2504 2528 2556 ".
2589 2502 2709 2567 Quo
2737 2501 2856 2554 loco
2894 2508 3175 2567 serpentes
3224 2496 3459 2550 fortasse
3492 2509 3621 2560 pec-

2039 2604 2158 2647 cata
2197 2608 2262 2646 ea
2292 2594 2577 2656 dicuntur,
2602 2607 2724 2660 qua:
2754 2589 3038 2659 perSpicue
3063 2587 3248 2656 gravia
3285 2595 3448 2652 atque
3473 2590 3619 2635 atto

2039 2684 2122 2737 cia
2149 2693 2279 2737 sunt
2319 2682 2687 2750 :scorpiones
2739 2689 2922 2734 autem
2974 2693 3038 2748 ea
3074 2678 3224 2740 vitia,
3287 2692 3409 2745 quae
3450 2687 3624 2743 quan-

2038 2790 2204 2846 quam
2249 2773 2531 2829 hominum
2567 2774 2826 2841 opinione
2865 2787 3030 2840 parva
3076 2771 3386 2831 videantur,
3429 2769 3621 2820 mortis

2040 2877 2222 2921 tamen
2255 2866 2447 2921 aculeo
2473 2866 2710 2918 animam
2737 2864 3138 2919 convulnerant
3175 2871 3337 2929 atque
3367 2869 3618 2928 enecant.

2041 2959 2344 3028 Separatim
2373 2968 2554 3012 autem
2591 2959 2642 3010 in
2695 2957 2965 3026 principio
2991 2955 3222 3010 Genesis
3253 2954 3320 3008 de
3368 2960 3621 3020 serpente

2040 3055 2303 3114 scriptum
2337 3062 2421 3106 est
2453 3049 2612 3116 :Ipse
2644 3049 2939 3102 obscrvubit
2972 3057 3125 3114 caput
3162 3056 3332 3110 tuum,
3369 3053 3416 3096 et
3439 3053 3494 3094 tu
3527 3041 3621 3094 ob-

2043 3143 2272 3198 servabis
2301 3143 2414 3211 ejus
2453 3141 2759 3194 calcaneum
2810 3140 2874 3192 ⁸⁸.
2924 3141 3098 3193 ΙΙυιιιυ
3127 3138 3327 3192 etenim
3382 3137 3620 3205 primum

2043 3237 2340 3305 Spirituulis
2370 3236 2641 3304 serpentis
2696 3235 2958 3303 impetum
3014 3247 3076 3286 ac
3126 3230 3252 3283 mali
3291 3228 3620 3299 principium

2043 3328 2169 3395 (hoc
2198 3328 2342 3379 enim
2372 3322 2653 3393 Scriptura
2685 3333 2848 3391 caput
2890 3323 3068 3388 vocat)
3112 3335 3304 3374 cavere
3337 3332 3501 3386 atque
3526 3320 3622 3369 oli—

2041 3428 2262 3470 scrvare
2307 3413 2506 3469 debet:
2542 3428 2607 3466 nc
2655 3412 2796 3466 forte
2848 3395 3095 3480 reliquus
3130 3410 3379 3477 corporis
3416 3417 3623 3460 tractus

2039 3517 2204 3578 caput
2225 3515 2595 3577 conseqdatnr
2617 3505 2882 3574 :Serpens
2898 3513 3100 3564 autem,
3117 3503 3346 3556 actionis
3372 3498 3619 3552 hominis

2041 3603 2226 3666 linem,
2266 3601 2415 3654 velut
2445 3600 2594 3654 calca
2609 3614 2797 3657 neum,
2831 3597 3108 3660 observat,
3147 3595 3227 3648 vel
3258 3595 3420 3648 etiam
3463 3591 3624 3645 finem

2039 3693 2397 3761 profectionis
2423 3693 2596 3760 ipsius
2621 3703 2674 3745 et
2699 3691 2840 3744 vitae.

2107 3783 2229 3837 Col.
2249 3782 2353 3837 650
2379 3783 2440 3835 C.
2463 3783 2668 3848 Jamjo’e
2695 3781 2883 3833 bucula
2907 3789 3060 3848 atque
3082 3780 3196 3848 ejus
3221 3776 3624 3844 signiﬁcatione,

2038 3886 2144 3930 etc.
2198 3875 2403 3944 Duplex
2440 3890 2656 3943 quoque
2685 3883 2787 3934 est,
2824 3871 3018 3938 inquit,
3058 3871 3287 3923 baculus
3317 3886 3328 3920 :
3356 3869 3492 3920 alter
3528 3881 3626 3934 pe-

2039 3965 2207 4016 cudes
2240 3962 2452 4014 ratione
2475 3968 2690 4013 utentes
2715 3966 2988 4025 pastorum
3017 3955 3120 4007 ritu
3148 3955 3444 4018 castigans,
3469 3954 3626 4019 juxta

2039 4051 2168 4104 illud
2204 4067 2217 4101 :
2256 4046 2452 4101 Pasces
2479 4063 2566 4099 eos
2605 4046 2658 4098 in
2702 4045 2847 4112 virga
2883 4041 3145 4111 ferrea“;
3191 4039 3328 4093 alter
3379 4040 3626 4092 infirmos

2041 4139 2486 4207 l'ulciensgjuxta
2541 4137 2592 4192 id
2641 4137 2784 4205 quod
2831 4150 2862 4188 a
2911 4133 3172 4188 Zacharia
3227 4131 3436 4184 dictum
3498 4139 3625 4184 est:

2041 4233 2227 4286 Adhuc
2279 4230 2530 4285 sedebant
2562 4245 2706 4283 senes
2758 4229 2813 4280 in
2848 4227 3038 4296 plateis
3077 4223 3400 4284 Jerusalem,
3466 4236 3631 4273 unus-

2041 4326 2260 4394 quisque
2299 4321 2545 4375 baculum
2577 4321 2772 4373 habens
2813 4321 2870 4372 iu
2901 4333 3061 4370 manu
3091 4333 3210 4381 sua,
3239 4331 3348 4383 pra:
3383 4314 3630 4366 multitu-

2043 4417 2162 4470 dine
2201 4417 2408 4468 dieruut
2431 4412 2502 4466 7°.
2537 4411 2716 4480 Atque
2754 4411 2880 4464 hinc
2905 4447 2920 4471 ,
2973 4421 3032 4463 ut
3066 4411 3260 4479 opinor
3285 4446 3300 4471 ,
3347 4414 3631 4459 mutuatus

355 4525 610 4589 mittitur,
650 4498 702 4575 et
735 4498 828 4586 tes,
860 4529 917 4574 et
973 4516 1252 4578 baculum,
1287 4524 1339 4567 et
1395 4513 1533 4566 duas
1591 4511 1842 4574 tunicas,
1884 4516 1938 4562 ct
1969 4529 2014 4584 ι)
2043 4508 2376 4576 Theologus,
2433 4505 2687 4573 superius
2741 4504 2876 4558 dixit
2912 4517 2932 4558 ε
2979 4501 3146 4556 Seuili
3194 4515 3344 4556 more
3375 4498 3629 4554 baculum

354 4620 726 4672 calceatnenta
771 4613 969 4667 habere
1021 4609 1343 4680 prohibetur
1384 4604 1450 4656 “.
1503 4601 1559 4656 ln
1599 4616 1706 4670 quo
1753 4616 1848 4668 per
1886 4599 1940 4652 id

356 4709 596 4780 quidem,
628 4707 773 4776 quod
801 4703 926 4759 aeris
941 4716 1138 4770 espers
1161 4715 1282 4752 esse
1303 4697 1549 4766 jubetur,
1576 4694 1938 4763 pecuniarum

355 4808 706 4868 contemptus
731 4799 962 4850 docetur
991 4810 1005 4846 :
1042 4808 1138 4862 per
1169 4791 1222 4844 id
1255 4799 1468 4851 autem,
1507 4786 1654 4855 quod
1684 4783 1940 4838 baculqu

357 4904 574 4966 gestare
603 4899 859 4956 vetatur_,
898 4886 1114 4956 placido
1161 4893 1323 4950 atque
1365 4881 1435 4932 ab
1466 4880 1546 4930 ira
1597 4875 1776 4928 alieno
1819 4887 1942 4926 esse

356 4961 545 5040 animo
597 4979 887 5036 condiscit.
951 4975 1188 5029 Baculus
1242 4972 1388 5026 enim
1446 4969 1614 5022 animi
1675 4961 1939 5020 commoti

358 5087 523 5146 atque
552 5075 674 5128 irati
707 5072 950 5141 speciem
985 5069 1212 5137 praebet.
1252 5063 1407 5118 Unde
1448 5071 1503 5116 et
1548 5046 1841 5129 Apostolus
1870 5055 1938 5110 ad

358 5167 675 5222 Corinthios
709 5165 981 5223 scribens,
1015 5159 1232 5213 dicebat
1265 5172 1278 5208 :
1311 5156 1450 5220 Quid
1475 5153 1632 5206 vultis
1654 5153 1678 5206 ?
1702 5150 1768 5203 In
1790 5149 1940 5217 virga

359 5264 568 5318 veniant
600 5263 668 5312 ad
693 5275 804 5324 vos,
830 5273 901 5309 an
924 5256 978 5308 in
1011 5254 1274 5306 charitate
1299 5262 1347 5305 et
1382 5251 1573 5318 spiritu
1607 5244 1844 5300 leuitatis
1868 5239 1942 5294 ⁸⁵⁸1

359 5355 481 5410 Jam
513 5369 607 5424 per
639 5354 876 5406 tunicam
909 5353 1018 5401 vita
1069 5346 1303 5414 simplex
1347 5353 1509 5413 atque
1542 5340 1611 5394 ab
1638 5336 1794 5393 omni
1820 5348 1943 5390 ver-

361 5451 506 5504 sutia
545 5458 599 5503 et
650 5444 997 5514 improbitate
1043 5441 1212 5495 libera
1277 5437 1619 5506 designatur.
1651 5432 1942 5488 Postremo

360 5556 458 5611 per
485 5543 536 5596 id
559 5541 704 5611 quod
735 5541 896 5594 nudis
924 5536 1152 5606 pedibus
1201 5531 1453 5586 incedere
1474 5527 1735 5599 jubentur
1767 5526 1942 5584 disci;-

444 5731 484 5762 "
523 5730 665 5788 l’sal.
701 5745 820 5793 Cl.l,
855 5728 911 5783 2.
989 5730 1033 5761 ⁸³
1067 5726 1266 5796 Epltcs.
1314 5739 1388 5785 vl,
1424 5721 1509 5774 i-i.

363 5819 462 5867 ιιι,
495 5803 545 5856 7.
626 5801 673 5834 ⁸⁷
708 5791 838 5855 Luc.
872 5816 922 5865 κ,
966 5800 1047 5852 I9.
1116 5791 1168 5828 ’⁸⁸
1213 5798 1346 5850 Gen.
1386 5811 1469 5857 ιιι,
1506 5791 1591 5844 if).

1593 5719 1634 5751 ⁸³
1672 5720 1842 5773 Ιξκοιι.
1897 5730 1980 5780 ιιι,
2016 5713 2068 5766 5.

1672 5792 1714 5820 ‘9
1747 5789 1891 5842 l's.il.
1929 5802 2000 5849 ll,
2042 5786 2093 5838 9.

2043 4611 2343 4670 gestantes.
2375 4599 2445 4652 At
2474 4599 2566 4652 tibi
2601 4612 2768 4662 nunc,
2805 4611 3002 4664 agnum
3031 4594 3362 4656 comedenti,
3396 4591 3628 4644 lulciens

2039 4709 2104 4748 ac
2134 4694 2414 4750 sustinens
2439 4692 2491 4744 in
2529 4689 2780 4744 manibus
2807 4689 2898 4750 sit,
2932 4697 2991 4740 ut
3018 4686 3232 4740 etiamsi
3269 4685 3360 4737 Dei
3395 4682 3627 4752 sangui-

2042 4803 2166 4840 nem
2219 4795 2273 4839 et
2301 4785 2609 4854 passionem
2663 4796 2729 4835 ac
2782 4789 3010 4832 mortem
3059 4777 3325 4841 audieris,
3364 4776 3625 4828 nimirum

2045 4877 2228 4931 Verbo
2259 4891 2354 4945 per
2388 4872 2941 4929 communicationem
2967 4868 3284 4922 idiomatutn
3311 4865 3490 4922 carnis
3521 4881 3636 4919 sua:

2043 4971 2402 5042 proprietates
2429 4967 2530 5022 sibi
2566 4965 2874 5021 vindicante
2897 5002 2912 5026 ,
2971 4978 3039 5016 ne
3069 4970 3247 5016 mente
3299 4961 3538 5027 vacilles,
3569 4972 3636 5042 ne

2047 5033 2213 5130 impie
2269 5077 2300 5115 a
2360 5068 2522 5115 recta:
2560 5057 2679 5112 lidei
2717 5056 2962 5110 doctrina
2993 5055 3236 5118 decidas,
3287 5055 3423 5108 adeo
3455 5061 3515 5106 ut
3551 5033 3636 5107 vel

2047 5156 2335 5227 impatibili
2362 5152 2633 5207 divinitati
2671 5151 2980 5220 passionem
3010 5150 3239 5212 tribuas,
3272 5149 3351 5202 vel
3375 5149 3502 5201 dum
3535 5147 3639 5200 hu-

2042 5253 2136 5323 jus
2166 5247 2536 5320 patrocinium
2567 5245 2823 5313 suscipis,
2859 5258 3010 5307 cum,
3047 5242 3140 5311 qui
3179 5242 3404 5311 patitur,
3441 5254 3638 5308 purum

2053 5340 2332 5394 hominem
2371 5350 2528 5402 esse,
2588 5349 2689 5389 nec
2737 5337 2970 5388 salutent
3015 5334 3174 5386 nobis
3233 5332 3428 5386 afferre
3480 5343 3642 5398 posse

2045 5430 2351 5485 existimes.
2375 5425 2506 5492 Qua:
2529 5424 2672 5479 enim
2698 5439 2728 5476 a
2754 5438 2892 5494 puro
2916 5431 2966 5476 et
2990 5421 3222 5490 simplici
3249 5421 3467 5472 homine
3487 5417 3639 5470 salus

2045 5523 2321 5595 prolicisci
2349 5518 2548 5591 queat?
2569 5518 2760 5574 Nonne
2789 5517 2948 5571 audis
2972 5515 3305 5569 Salvatorem
3331 5511 3638 5564 dicentem:

2147 5713 2191 5744 “
2225 5711 2416 5765 Matth.
2471 5726 2524 5772 χ,
2563 5709 2628 5762 10
2665 5723 2817 5776 seqq,
2899 5707 2941 5737 ⁸⁵
2984 5705 3000 5758 l
3033 5705 3160 5758 (lor.
3199 5717 3270 5765 tv,
3304 5698 3396 5756 2|.
3455 5696 3499 5726 '3“
3532 5697 3643 5751 lsa.

2173 5783 2218 5813 7°
2247 5785 2472 5837 Zachar.
2515 5797 2627 5845 vni,
2664 5781 2712 5830 ti.
