4116 6438
471 347 613 412 1383

1904 349 1944 408 Α
1955 348 2286 412 DDENDA.

3610 346 3755 412 178$

471 464 598 518 Nisi
632 464 1076 518 nianducareritis
1112 478 1322 516 carnem
1358 460 1489 515 Filii
1537 462 1765 515 hominis
1787 501 1804 526 ,
1834 473 1881 515 et
1915 462 2055 516 bibe—
2080 466 2132 527 Α
2162 461 2359 518 Morem
2386 477 2406 518 :
2437 461 2675 534 Loquere
2732 462 2871 516 riam
2910 460 2978 515 ad
3011 474 3165 513 aures
3207 458 3410 527 populi,
3444 473 3493 510 et
3520 463 3749 520 pustula

466 557 588 612 ritis
614 557 727 626 ejus
755 560 1079 627 sanguinem,
1106 572 1209 609 non
1240 556 1497 609 [rubebitis
1524 557 1685 609 vitam
1716 556 1769 609 in
1805 555 1949 609 uobis
1967 556 2054 608 "i

472 648 674 715 Quare,
713 648 759 703 si
809 648 929 701 vita:
977 647 1277 715 cupiditate
1332 645 1592 712 afﬁceris,
1646 648 1862 703 sublata
1903 652 2053 707 omni

471 741 808 796 dubitatione
838 739 950 793 veri
989 741 1111 807 agni
1143 747 1197 793 et
1225 739 1315 793 Dei
1349 754 1549 808 corpus
1584 740 1809 795 comede
1843 749 1896 793 et
1925 755 2053 792 sau-

471 831 689 901 guinem
726 831 867 884 bihe.
921 830 1151 886 Omnem
1200 830 1346 885 enim
1392 831 1558 885 vitam
1591 839 1783 901 suapte
1814 830 1864 885 vi
1901 829 2058 885 allert

474 918 707 974 Verbum
732 962 748 986 ,
795 928 959 990 atque
983 921 1115 976 illud
1147 937 1213 976 ex
1250 920 1474 991 Virgine
1507 921 1716 977 editum
1751 922 2010 989 templum
2037 960 2054 985 ,

470 1013 705 1067 Verbum
741 1028 930 1068 verum
985 1017 1036 1068 in
1082 1014 1262 1082 seipse
1313 1014 1538 1069 habens.
1570 1013 1857 1084 Proprium
1909 1013 2102 1069 enim“

463 1105 641 1174 ipsius
670 1116 789 1160 erat
821 1122 1021 1175 corpus
1047 1146 1065 1168 ,
1106 1123 1169 1163 ac
1202 1122 1311 1161 non
1362 1107 1518 1176 quasi
1560 1107 1798 1161 alienum
1832 1121 1971 1162 onus
2003 1115 2060 1161 et

470 1198 713 1252 sarcina.
757 1198 939 1263 Quare
986 1199 1031 1252 si
1069 1200 1184 1268 ipsa
1232 1213 1364 1253 caro
1394 1208 1674 1267 assumpta
1710 1196 1800 1252 Dei
1832 1196 2055 1261 dicitur,

465 1290 657 1359 utique
707 1301 758 1343 et
791 1290 977 1346 carnis
1008 1291 1373 1359 preprietates
1410 1289 1501 1344 Dei
1533 1305 1755 1360 quoque
1778 1288 2054 1344 dicentur.

463 1384 542 1436 Ac
578 1384 807 1451 proinde
859 1399 958 1437 nec
995 1384 1063 1438 iis
1097 1399 1217 1450 quae
1247 1383 1314 1437 de
1361 1398 1526 1437 carne
1573 1382 1856 1449 dicuntur,
1897 1381 2053 1437 ﬁdem

463 1476 691 1545 abroga,
733 1491 859 1530 eum
883 1475 1125 1530 audieris
1157 1474 1357 1530 Filium
1390 1475 1484 1530 Dei
1518 1491 1636 1529 eam
1663 1475 2054 1544 assumpsisse,

463 1565 676 1633 sibique
710 1564 974 1631 univisse,
1006 1573 1177 1634 atque
1228 1566 1284 1617 in
1331 1565 1566 1619 sublime
1608 1574 1851 1620 cveetatn
1900 1565 2057 1619 deifi-

464 1674 621 1714 casse
647 1677 662 1712 :
696 1675 795 1714 nec
821 1674 1015 1713 rursus
1036 1659 1340 1724 committe,
1367 1669 1426 1713 ut
1454 1659 1541 1725 iis,
1565 1674 1687 1726 quae
1707 1660 1775 1713 de
1798 1660 2057 1729 passione

462 1750 743 1812 dicuntur,
799 1749 1118 1814 oﬂ‘endaris,
1154 1764 1279 1803 cum
1337 1748 1576 1804 dicimus
1613 1749 1781 1803 Deum
1832 1764 2052 1819 passum

2159 556 2517 626 unusquisque
2543 574 2576 610 a
2602 556 2797 619 vicino,
2830 564 2878 608 et
2909 553 3096 606 mulier
3131 569 3162 605 α
3190 553 3361 606 vicina
3382 591 3398 615 ,
3425 565 3552 604 vasa
3585 566 3753 605 aurea

2156 660 2203 702 et
2245 657 2493 719 argentea
2524 658 2573 702 et
2609 648 2932 701 restimenta.
2970 644 3224 697 Dominus
3247 654 3428 697 autem
3451 642 3595 697 dedit
3630 656 3758 711 gra-

2159 740 2291 793 tiam
2321 739 2515 809 populo
2553 755 2652 794 suo
2701 753 2881 791 coram
2928 736 3200 807 .Egyptiis
3247 733 3299 790 ei
3344 735 3751 790 commodarunt

2160 832 2368 902 ipsis",
2398 833 2500 887 hoc
2520 832 2709 898 εει,εά
2733 847 2888 887 usum
2909 831 3279 886 crediderunt.
3304 828 3567 884 Dixerunt
3584 829 3752 882 enim:

2156 921 2338 979 Simul
2372 930 2536 992 atque
2563 923 2623 977 in
2663 932 2851 977 monte
2881 921 3372 976 sacriﬁcaverimus
3393 961 3408 987 ,
3441 923 3628 976 statim
3662 939 3755 979 re-

2158 1022 2456 1069 vertemur.
2498 1013 2611 1070 Nec
2660 1030 2790 1070 vero
2822 1013 2993 1084 iniqui
3043 1013 3236 1083 judicii
3290 1022 3427 1079 erat,
3480 1030 3551 1070 ne
3593 1016 3753 1085 juxta

2164 1107 2448 1161 historiam
2487 1108 2703 1177 quidem
2759 1106 3030 1175 imperare
3070 1106 3137 1161 iis
3172 1107 3263 1174 qui
3292 1106 3569 1161 diuturnis
3590 1109 3758 1176 ,labo-

2168 1197 2323 1252 ribus
2355 1197 2540 1252 affl;cti
2588 1196 2831 1258 fuerant,
2876 1194 3246 1265 utASgyptios
3292 1196 3613 1264 spoliarent,
3657 1200 3773 1262 sed,

2161 1290 2454 1344 admodum
2508 1289 2673 1343 etiam
2734 1288 2927 1357 integri
2972 1296 3137 1356 atque
3173 1289 3473 1357 incorrupti
3526 1289 3752 1357 judicis,

2158 1393 2377 1448 aequum
2409 1393 2529 1432 esse
2580 1376 2999 1447 pernuntiantis,
3056 1386 3113 1428 ut
3164 1376 3447 1442 cperarius
3492 1376 3751 1431 alimento

2160 1471 2398 1526 fruatur.
2441 1469 2750 1539 Allegorieo
2777 1478 2961 1523 autem
2993 1483 3154 1524 sensu
3190 1482 3285 1536 per
3322 1465 3612 1536 Egyptios
3642 1467 3753 1521 dae-

2161 1576 2352 1617 mones
2390 1560 2618 1630 intelligi
2678 1568 2942 1629 possunt,
2975 1574 3070 1629 per
3104 1573 3230 1612 vasa
3266 1567 3447 1612 autem
3501 1572 3667 1611 aurea
3702 1569 3758 1612 et

2159 1664 2413 1725 argentea
2464 1652 2670 1708 divitiae
2725 1662 2964 1716 nostra},
3018 1665 3141 1719 quas
3168 1665 3236 1705 ex
3292 1650 3459 1703 variis
3510 1649 3757 1703 materiis

2160 1743 2494 1810 conﬂantur,
2517 1759 2749 1814 quarum
2775 1743 2879 1812 ipsi
2899 1742 3106 1798 domini
3129 1749 3279 1807 sunt,
3305 1741 3463 1795 nobis
3487 1740 3759 1810 impastu-

463 1854 610 1896 esse.
662 1838 800 1894 Nam
849 1855 975 1895 eum
1024 1841 1326 1895 secundum
1379 1855 1600 1895 carnem
1658 1855 1881 1911 passum
1932 1854 2057 1895 esse
2090 1830 2234 1892 Braa
2278 1852 2467 1893 earum
2519 1836 2993 1907 dispensatoribus
3028 1843 3281 1898 utentes,
3316 1848 3520 1902 easque
3548 1847 3758 1902 expen-

460 1930 823 1993 afflrmamus,
856 1945 1046 1985 verum
1076 1930 1215 1984 utin
1252 1930 1469 1999 proprio
1494 1944 1750 1999 corpore.
1785 1928 2054 1984 Cancrum

462 2023 555 2078 hic
576 2037 797 2093 quoque
814 2020 1033 2087 eorum,
1052 2022 1149 2091 qui
1178 2036 1378 2092 agnum
1402 2020 1783 2085 comedebant,
1808 2018 2055 2074 habitum

458 2130 641 2173 serva.
665 2113 802 2169 Nam
827 2115 1289 2185 quemadmodum
1317 2114 1391 2169 illi
1416 2121 1626 2169 stantes
1651 2112 2053 2170 comedebant:

461 2209 546 2265 sic
578 2216 633 2263 tu
666 2222 888 2279 quoque
919 2210 1065 2264 fixus
1096 2219 1150 2263 et
1183 2208 1396 2262 stabilis
1425 2209 1479 2261 in
1521 2209 1749 2262 veritate
1779 2216 1862 2261 sta
1884 2245 1899 2267 .
1933 2205 2057 2260 ﬁdei

460 2304 657 2359 baculo
691 2304 912 2359 innixus
937 2342 962 2369 ,
987 2318 1087 2356 nec
1119 2303 1267 2357 omni
1300 2312 1465 2357 vento
1508 2300 1775 2356 doctrinas
1810 2314 2057 2356 commo-

459 2408 613 2449 vere.
645 2392 703 2446 In
732 2393 948 2462 fastigio
977 2401 1071 2447 tuo
1094 2404 1203 2458 sta,
1233 2407 1337 2447 nec
1359 2392 1414 2446 in
1438 2391 1799 2461 cogitationes
1826 2389 2059 2445 humiles

465 2496 631 2554 atque
677 2484 922 2553 abjertas
975 2463 1312 2553 przecipite'm
1348 2491 1401 2536 te
1434 2482 1566 2536 ferri
1600 2483 1739 2537 sine.
1796 2479 1891 2535 Dic
1931 2495 2057 2534 cum

468 2577 717 2633 Davide:
752 2576 965 2632 Stantes
1017 2584 1170 2629 erant
1227 2575 1380 2644 pedes
1439 2575 1608 2629 nostri
1640 2574 1694 2627 iu
1744 2573 1899 2627 atriis
1926 2572 2056 2639 tuis,

458 2664 763 2722 Jerusalem
785 2665 852 2731 ",
889 2665 992 2719 hoc
1022 2675 1125 2728 est.
1152 2665 1207 2719 in
1236 2662 1495 2720 Ecclesia:
1522 2664 1775 2719 doctrina
1807 2663 2059 2717 ambula~

463 2771 587 2811 mus
614 2763 669 2810 ct
700 2768 1132 2820 common-amur,
1161 2768 1262 2808 nec
1292 2753 1588 2823 quidquam
1612 2768 1643 2807 a
1675 2762 1862 2808 nostra
1891 2767 2059 2808 causa

461 2848 700 2903 alienum
722 2847 993 2902 credimus
1014 2862 1077 2901 ac
1090 2848 1429 2917 proﬁtemur.
1452 2847 1504 2899 In
1523 2855 1674 2915 petra
1695 2846 1857 2913 pedes
1882 2845 2061 2906 ﬁrma.

467 2936 629 2993 Petra
662 2928 845 2991 autem
891 2936 1143 2991 Christus
1181 2945 1305 3004 est,
1342 2951 1406 2992 ac
1438 2945 1626 2991 nostra
1665 2937 1719 2990 in
1748 2951 1875 2991 eum
1928 2935 2061 2991 ﬁdes

476 3039 533 3084 et
562 3028 840 3084 confessio
872 3044 886 3082 :
918 3027 1075 3098 cujus
1103 3027 1368 3082 beneﬁcio
1401 3030 1609 3082 utinam
1665 3028 1718 3081 id
1753 3042 2060 3097 consequa-

463 3121 564 3187 ris,
598 3130 658 3176 ut
708 3119 844 3176 recti
906 3134 972 3174 ac
1022 3120 1132 3175 Deo
1178 3120 1318 3191 grati
1351 3120 1429 3174 tui
1488 3136 1712 3191 gressus
1772 3136 1884 3174 non
1943 3135 2060 3175 mo-

464 3228 563 3268 vea
572 3223 721 3268 llllll‘.

535 3303 673 3361 Ibid.
736 3305 797 3359 D.
833 3303 976 3371 Quid
1037 3305 1158 3361 ais?
1212 3303 1369 3359 Itone
1436 3304 1604 3373 ﬁxum
1675 3321 1738 3359 ac
1795 3302 2059 3359 decretum

464 3405 565 3461 est,
614 3406 724 3450 etc.
782 3392 941 3449 Nunc
992 3394 1304 3467 Theologus
1371 3394 1681 3449 auditorem
1739 3395 2062 3463 interrogat,

468 3486 654 3556 aitque
706 3471 778 3539 ad
811 3500 937 3540 eum
991 3505 1005 3540 :
1059 3485 1199 3552 Quid
1237 3486 1415 3541 dicis?
1445 3496 1524 3549 tu,
1577 3487 1823 3557 inquam,
1870 3488 1963 3557 qui
2002 3501 2067 3543 ea

471 3592 599 3647 qute
628 3592 660 3633 a
708 3574 915 3633 Iudaeis
966 3577 1019 3631 in
1070 3578 1241 3647 ﬁgura
1298 3578 1734 3642 celebrabantur,
1788 3579 2067 3650 spirituali

471 3669 637 3724 modo
661 3667 842 3725 facere
864 3667 1101 3738 juberis.
1128 3668 1408 3738 COgnosce
1434 3672 1547 3725 haec
1568 3671 1642 3725 ita
1667 3669 1891 3726 decreta
1918 3685 2066 3736 esse,

472 3774 534 3820 ut
585 3762 744 3833 juxta
799 3762 852 3817 id
901 3762 1047 3832 quod
1103 3762 1159 3817 in
1225 3762 1653 3818 Deuteronomio
1713 3763 1947 3818 habetur
1999 3778 2067 3818 ex

470 3857 697 3911 fornace
725 3855 901 3910 ferrea
931 3855 1005 3921 ",
1041 3854 1148 3910 hoc
1179 3864 1284 3919 est,
1315 3870 1377 3909 ex
1411 3852 1648 3925 Egypto
1688 3854 1914 3925 migres.
1937 3852 2071 3909 Fur-

473 3963 577 4005 nas
625 3962 790 4019 porro
835 3947 1015 4003 ferrea
1061 3957 1147 4002 est
1173 3948 1318 4002 aeris
1356 3957 1411 4003 et
1441 3949 1740 4004 vehemens
1766 3947 2065 4004 affectuum

475 4039 715 4095 ﬂamma.
747 4040 938 4096 Plures
966 4049 1148 4095 autem
1195 4041 1327 4095 deos
1354 4040 1505 4106 colit,
1542 4055 1651 4093 non
1700 4039 1875 4095 solum
1914 4039 2007 4110 qui
2039 4056 2071 4095 a

475 4140 626 4188 recta
671 4131 778 4188 ﬁde
819 4147 1047 4188 aversus
1080 4142 1203 4198 est,
1238 4133 1335 4188 sed
1366 4134 1532 4187 etiam
1563 4133 1656 4202 qui
1709 4131 1870 4189 foedis
1919 4135 2073 4188 volu-

475 4226 718 4296 ptatibus
752 4226 941 4283 servit.
968 4225 1212 4296 Singulis
1242 4228 1387 4281 enim
1416 4226 1616 4297 singuli
1635 4226 1914 4282 damones
1927 4241 2069 4296 pra:-

477 4324 649 4381 sunt,
682 4333 748 4372 ac
797 4334 893 4387 per
922 4332 1017 4373 eas
1060 4317 1339 4372 coluntur.
1390 4315 1513 4371 1am
1568 4316 1747 4373 Moses
1784 4318 2073 4388 allegorice

478 4407 729 4462 Christus
787 4417 910 4473 cst,
972 4408 1130 4477 cujus
1178 4409 1260 4461 lex
1306 4406 1694 4479 Evangelium,
1735 4417 1790 4463 et
1836 4409 2071 4466 militare

2159 1929 2367 1985 dendas
2399 1928 2805 1984 committentes
2832 1969 2848 1993 ,
2890 1929 2946 1981 in
2980 1941 3120 1997 quos
3171 1941 3304 1982 usus
3337 1924 3753 1994 imperaverint.

2158 2019 2304 2091 Ergo
2332 2033 2459 2073 cum
2484 2033 2516 2072 a
2558 2015 2833 2087 ﬂagitiosa
2878 2015 2988 2070 vita
3021 2016 3244 2071 excedis
3287 2014 3365 2085 (id
3407 2014 3556 2070 enim
3586 2011 3758 2085 Egy-

2160 2122 2312 2184 ptum
2375 2109 2686 2180 signiﬁcare
2718 2108 3143 2164 existimandum
3197 2106 3325 2177 est),
3382 2120 3478 2162 eas
3523 2106 3757 2160 utendas

2162 2221 2317 2276 roga,
2366 2205 2578 2262 alienas
2605 2205 2828 2276 quidem
2878 2214 3063 2273 utpote
3093 2203 3395 2259 secundum
3442 2202 3755 2257 daemonum

2160 2299 2451 2356 consilium
2509 2299 2927 2354 administratas
2964 2315 2978 2352 :
3023 2307 3145 2353 tuas
3197 2307 3380 2352 autem
3407 2335 3424 2361 ,
3471 2306 3531 2351 ut
3565 2295 3754 2351 divino

2163 2407 2390 2449 munere
2414 2392 2508 2448 tibi
2535 2406 2850 2457 concessas,
2878 2401 2937 2445 ut
2961 2405 3078 2455 eas,
3103 2388 3563 2460 quemadmodum
3589 2401 3757 2457 opor-

2164 2493 2260 2552 tet,
2316 2485 2622 2554 dispcnses.
2673 2483 3108 2539 Comitubuntur
3166 2493 3219 2537 te
3266 2495 3431 2549 porro
3484 2480 3754 2551 pecuniae,

2162 2591 2288 2632 cum
2312 2574 2421 2631 Deo
2441 2592 2536 2645 per
2557 2590 2855 2646 pauperum
2880 2589 3080 2630 manus
3096 2572 3415 2629 ederentur.
3434 2570 3755 2641 Exemplum

2163 2663 2534 2723 lsraelitarum
2585 2681 2847 2737 sequere,
2880 2674 2938 2722 et
2979 2664 3437 2737 quemadmodum
3503 2662 3578 2719 illi
3625 2677 3752 2718 cum

2163 2760 2365 2816 multos
2413 2776 2588 2817 annos
2639 2759 2912 2832 Egyptiis
2932 2760 3272 2825 serviissent,
3323 2774 3425 2814 nec
3468 2756 3751 2815 servitutis

2163 2856 2472 2910 mercedem
2528 2863 2717 2924 aperte
2773 2855 3016 2925 ﬂagitare
3071 2860 3317 2924 possent,
3363 2861 3481 2907 arte
3529 2859 3586 2905 at
3630 2850 3754 2905 dolo

2168 2945 2486 3014 petitionem
2523 2959 2678 2999 suam
2711 2942 2984 3015 prosecuti
3015 2952 3165 3005 sunt,
3213 2940 3327 2997 Deo
3357 2942 3615 2994 nimirum
3651 2940 3755 2993 hoe

2163 3038 2472 3092 suadente:
2504 3037 2696 3092 eodem
2730 3036 2892 3090 modo
2938 3047 2996 3089 tu
3025 3048 3245 3105 quoque
3294 3032 3570 3102 spirituali
3612 3029 3757 3084 Pha-

2165 3130 2321 3184 raoni
2354 3129 2613 3193 serviisti,
2661 3128 2807 3183 circa
2846 3136 3049 3182 terram
3078 3138 3542 3197 .tcrrenarumque
3571 3138 3755 3177 rerum

2170 3221 2414 3276 studium
2446 3221 2680 3289 teipsum
2720 3234 2999 3288 occupans
3029 3221 3173 3289 (quae
3216 3234 3327 3273 non
3358 3218 3458 3271 abs
3487 3232 3545 3270 re
3571 3216 3759 3270 lateri-

2173 3312 2248 3365 tia
2288 3324 2454 3379 opera
2511 3309 2888 3377 nominantur)
2943 3323 3009 3363 ac
3053 3316 3342 3377 propterea
3391 3305 3487 3360 tibi
3547 3320 3759 3361 merces

2170 3402 2421 3458 debetur.
2447 3399 2719 3467 Quocirca
2743 3398 3033 3470 Egyptios
3054 3399 3332 3453 daemones
3363 3397 3560 3466 spolia,
3612 3406 3758 3451 recte

2172 3509 2437 3566 spargens
2459 3530 2477 3559 ,
2509 3508 2632 3563 qua
2677 3492 2819 3548 male
2856 3491 3239 3548 accumulasti.
3274 3491 3403 3545 Esto
3428 3506 3561 3546 sane
3589 3529 3606 3555 ,
3640 3490 3757 3559 ipse

2171 3601 2392 3658 quoque
2449 3584 2667 3653 lateor,
2723 3599 2918 3654 graves
2975 3597 3250 3640 erumnas
3298 3581 3568 3653 pertulisti
3628 3595 3755 3635 cum

2174 3680 2276 3734 hoc
2298 3680 2445 3736 luteo
2495 3693 2728 3749 corpore
2755 3677 3084 3743 colluctatis,
3117 3685 3282 3747 atque
3326 3679 3471 3731 aedes
3517 3678 3754 3745 erigens,

2174 3771 2387 3828 alienas
2416 3769 2640 3842 quidem
2665 3809 2682 3836 ,
2723 3770 2852 3840 quia
2884 3778 2939 3825 te
2963 3770 3233 3824 exstincto
3261 3768 3355 3823 alii
3392 3782 3487 3823 eas
3518 3766 3757 3837 posside-

2174 3863 2333 3926 bunt,
2366 3860 2607 3916 caducas
2638 3870 2854 3926 autem,
2889 3862 3149 3930 quoniam
3181 3873 3248 3915 ex
3283 3859 3511 3915 materia
3549 3857 3754 3912 caduca

2171 3965 2228 4010 et
2288 3952 2470 4024 fragili
2519 3960 2816 4007 exstructas
2861 3959 2990 4007 sunt
3046 3967 3061 4005 :
3107 3952 3309 4021 quibus
3375 3951 3759 4007 conuentibus

2175 4044 2441 4100 memoria
2486 4058 2705 4112 quoque
2756 4058 2865 4097 una
2894 4056 3020 4097 cum
3053 4056 3117 4096 ea
3167 4041 3346 4102 fama.
3380 4057 3503 4111 quae
3536 4056 3601 4094 ex
3647 4042 3758 4095 illis

2174 4136 2537 4199 excitabatur,
2568 4134 2729 4205 perit.
2755 4134 2813 4189 ld
2848 4134 2994 4204 quod
3024 4134 3090 4190 de
3117 4134 3436 4190 civitatibus
3468 4132 3756 4202 Scriptura

2175 4229 2310 4284 dicit
2330 4268 2347 4293 ,
2377 4229 2482 4284 hoc
2516 4237 2603 4284 est
2631 4227 2700 4283 de
2727 4227 2982 4283 domibus
3011 4242 3150 4296 quas
3184 4226 3406 4295 quidam
3438 4233 3753 4280 exstruunt.

2176 4321 2359 4378 Sanus
2386 4322 2531 4377 enim
2551 4330 2637 4377 est
2655 4328 3057 4377 exstructorum
3079 4318 3222 4373 fama
3241 4326 3297 4373 et
3314 4317 3596 4373 memoria.
3618 4314 3756 4371 Nam

2177 4431 2303 4471 cum
2348 4416 2492 4469 aedes
2514 4413 2886 4479 conabuntur,
2920 4411 3129 4467 domini
3158 4424 3377 4481 quoque
3423 4423 3618 4463 nomen
3647 4421 3759 4462 una

480 4495 771 4565 imperium
825 4496 1090 4551 instructa
1138 4496 1229 4549 illa
1268 4496 1530 4551 adversus
1580 4497 1857 4555 άωηιοιιθθ
1891 4499 2061 4555 acies.
2096 4517 2142 4577 υ
2169 4507 2506 4565 obruitur".
2538 4504 2652 4561 Hoc
2685 4506 2829 4560 enim
2850 4504 3045 4575 opinor
3074 4502 3366 4572 signiﬁcat,
3396 4515 3517 4553 cum
3551 4499 3757 4571 sonitu.

481 4587 768 4643 Postremo
798 4586 1100 4641 auditorem
1133 4585 1356 4656 quidem
1390 4585 1457 4640 ad
1487 4584 1784 4641 fallendum
1818 4588 2078 4648 inducere
2176 4598 2623 4670 Quandoquidem
2656 4598 2823 4668 igitur
2854 4597 3053 4651 misera
3088 4598 3351 4650 servitute
3394 4590 3633 4646 afflictus
3664 4605 3760 4656 es,

483 4683 602 4738 vult
628 4681 966 4751 Gregorius;
1004 4695 1191 4734 verum
1224 4679 1351 4749 quia
1386 4677 1571 4734 fallere
1602 4679 1916 4734 Christiano
1948 4697 2076 4751 pro.

482 4777 716 4831 bibitum
748 4784 854 4839 est,
882 4774 1084 4829 idcirco
1110 4773 1402 4843 praimollit
1427 4772 1502 4840 id,
1523 4771 1669 4843 quod
1695 4773 1942 4829 dicturus
1966 4785 2072 4843 est,

482 4870 671 4939 aitque
705 4886 719 4922 :
752 4868 1054 4924 Consilium
1099 4868 1375 4938 quoddam
1425 4869 1522 4925 tibi
1555 4868 1829 4939 porrigam
1862 4885 2071 4940 nequa-

482 4974 650 5030 quam
683 4974 886 5024 meum,
938 4975 1041 5016 nec
1064 4962 1209 5015 enim
1247 4970 1496 5017 nostrum
1526 4970 1614 5017 est
1642 4962 1901 5032 cuiquam
1935 4979 2071 5018 sua-

486 5052 617 5106 dere
645 5062 707 5106 ut
734 5052 887 5107 fallat
913 5068 929 5107 :
958 5054 1005 5109 si
1034 5062 1214 5111 autem
1243 5054 1516 5124 spirituali
1547 5070 1713 5111 sensu
1746 5055 1890 5110 hanc
1916 5055 2070 5110 frau-

488 5144 610 5198 dem
660 5144 1016 5209 intellexeris,
1063 5146 1354 5202 admodum
1411 5148 1576 5202 etiam
1615 5162 1715 5202 nos
1763 5147 1916 5204 decet
1967 5147 2070 5203 ista

489 5235 709 5291 fallendi
750 5236 917 5289 ratio.
971 5235 1109 5291 Nam
1142 5239 1417 5295 daemones
1446 5241 1698 5311 decipere
1723 5280 1738 5305 ,
1767 5241 2073 5313 callideque

489 5326 887 5383 circumvenire
913 5366 930 5393 ,
962 5329 1116 5383 valde
1147 5331 1354 5398 justum
1394 5341 1497 5399 est,
1525 5348 1592 5388 ac
1619 5334 1971 5390 laudandum.
2005 5337 2075 5388 At

489 5434 623 5476 vero
647 5419 823 5474 Exodi
857 5419 1139 5475 historiam
1193 5422 1427 5490 primum
1456 5426 1760 5491 videamus,
1791 5443 1856 5482 ac
1881 5428 2077 5482 deinde

491 5513 558 5566 ad
588 5512 901 5581 allegoriam
927 5525 1029 5566 nos
1058 5509 1427 5566 conferemus:
1465 5513 1530 5568 Et
1564 5517 1700 5570 dixit
1724 5515 1980 5570 Dominus
2007 5517 2076 5570 ad

2181 4711 2283 4750 cur
2305 4694 2474 4764 gratis
2503 4703 2560 4748 et
2588 4694 2708 4747 sine
2750 4699 2961 4761 quaestu
2996 4688 3307 4760 egrederis?
3352 4687 3464 4741 (Zur
3494 4685 3761 4740 daemoni-

2174 4788 2277 4843 bus
2301 4803 2364 4843 ea
2396 4787 2681 4857 relinquis,
2716 4784 2773 4840 in
2796 4784 2999 4854 quibus
3021 4784 3150 4838 nihil
3191 4782 3302 4837 illis
3332 4781 3475 4851 juris
3504 4779 3630 4835 est?
3664 4778 3760 4833 Dei

2172 4881 2318 4935 enim
2357 4889 2485 4933 sunt
2509 4877 2716 4943 omnia,
2745 4877 2979 4937 dicentis
3009 4890 3104 4945 per
3136 4876 3394 4944 Aggamm
3423 4889 3440 4926 :
3467 4872 3640 4927 Meum
3674 4878 3757 4925 est

2177 4985 2365 5023 aurum
2398 4978 2447 5023 et
2477 4979 2756 5039 argentum
2781 4967 2830 4999 "
2853 5007 2870 5032 ,
2901 4982 2966 5021 ac
2985 4983 3080 5036 per
3105 4965 3382 5020 Danielem
3410 4960 3715 5033 adjicientis
3738 4976 3756 5016 :

2177 5060 2247 5116 Et
2269 5062 2356 5115 cui
2382 5060 2519 5127 uolo,
2538 5061 2606 5114 do
2630 5075 2693 5113 ea
2715 5059 2779 5111 ".
2808 5056 2943 5113 Heri.
2962 5059 3271 5113 daemonum
3297 5068 3453 5111 erant
3473 5054 3758 5125 (nimirum

2181 5167 2303 5207 cum
2359 5153 2500 5206 male
2543 5151 3103 5215 administrarentur),
3134 5150 3243 5204 Deo
3271 5149 3344 5201 ita
3393 5146 3757 5216 permittente.

2177 5245 2457 5301 Hodierno
2485 5246 2574 5299 die
2609 5258 2672 5297 ea
2722 5241 2983 5297 Dominus
3022 5242 3117 5295 tibi
3164 5241 3427 5309 porrigit,
3465 5248 3523 5293 ut
3567 5237 3652 5291 his
3686 5237 3757 5289 ad

2174 5336 2405 5390 salutent
2448 5334 2639 5402 utaris,
2690 5334 3041 5390 reconciliata
3089 5331 3184 5386 tibi
3236 5330 3492 5385 nimirum
3548 5344 3758 5399 paupe-

2180 5443 2301 5481 rum
2343 5427 2582 5482 amicitia
2632 5443 2701 5483 ex
2733 5442 3044 5483 mammona
3097 5424 3420 5494 iniquitatis.
3450 5422 3759 5479 Hammona

2181 5530 2364 5575 autem
2402 5535 2539 5590 opes
2582 5531 2709 5576 sunt
2759 5522 2962 5590 iniquis
3015 5518 3316 5574 rationibus
3349 5517 3610 5588 quaesitae.
3641 5515 3760 5582 Quo

563 5689 792 5768 "fkloan.
827 5707 900 5755 rt,
931 5691 1021 5768 ξι.
1097 5691 1143 5768 Ϊξ
1169 5690 1314 5768 ξξειιὶ.
1353 5695 1587 5768 (ηιμ-2.
1665 5698 1711 5728 ⁷³
1741 5696 1895 5753 Deut.
1929 5715 2003 5765 tv,
2028 5698 2118 5753 20.
2197 5699 2241 5731 ⁷³
2263 5698 2433 5755 Exod.
2465 5715 2547 5767 Ill,
2573 5699 2645 5754 εἰ
2669 5715 2768 5768 ;xi,
2797 5701 2862 5765 2;
2907 5714 3006 5766 xu,
3047 5698 3137 5764 55,
3172 5695 3263 5753 36.
3340 5695 3385 5728 "
3418 5695 3561 5752 Psal.
3599 5713 3670 5762 Ix,
3709 5699 3758 5753 7.

586 5760 635 5792 '°
667 5766 799 5829 Agg.
838 5777 898 5828 ιι,
925 5763 981 5818 9.
1096 5763 1140 5795 ⁷⁷
1174 5762 1311 5817 Dan.
1346 5776 1420 5828 tv,
1453 5763 1540 5817 14.
