4116 6420
373 359 521 424 1385

1316 353 1662 416 NICETAS
1704 350 1789 412 ΙΝ
1831 349 2057 409 OBAT.
2100 344 2264 405 XLII
2309 346 2369 404 S.
2413 343 2641 403 GREG.

3507 343 3645 405 1336

374 480 429 529 in
468 490 694 529 numero
736 489 798 529 ea
826 488 1045 546 quoque
1083 474 1336 544 ponenda
1385 481 1536 538 sunt,
1564 484 1687 542 qua:
1714 483 1871 523 usum
1902 481 1965 521 ac
1995 473 2040 526 Α
2071 471 2281 531 patrem
2322 460 2547 525 amavit,
2575 473 2639 515 ac
2669 458 2863 514 deinde
2902 473 2996 523 per
3026 457 3297 513 actionem
3329 465 3381 512 et
3411 466 3653 511 contem-

372 569 753 625 necessitatem
784 569 1076 624 cscedunt.
1108 565 1397 637 Superﬂua
1421 566 1567 622 enim
1600 573 1730 618 sunt
1759 575 1963 632 panpe-

379 676 523 715 rum.
556 660 695 727 Quin
721 675 813 728 per
833 657 1118 730 Egyptias
1140 660 1303 714 etiam
1320 672 1450 726 opes
1478 655 1699 711 moralis
1724 662 1778 707 et
1800 660 1964 706 natu-

375 754 530 812 ralis,
556 759 610 804 et
644 766 707 805 ea
739 766 861 820 quae
892 752 945 804 in
974 749 1294 804 disserendo
1318 756 1593 811 versatur,
1619 744 1963 815 philosophia

369 844 647 913 designari
698 852 897 912 potest,
950 850 1115 913 atque
1161 856 1352 896 omnes
1386 840 1490 894 illa;
1535 837 1860 907 disciplinae,
1910 835 1965 888 in

369 953 600 1007 quarunt
633 937 876 991 Studium
920 933 1253 990 incumbunt
1282 932 1376 1002 qui
1428 931 1498 986 ab
1529 927 1770 984 Ecclesia
1802 926 1965 981 alieni

369 1038 516 1082 sunt.
545 1027 650 1082 Eos
670 1028 852 1097 igitur,
870 1028 962 1096 qui
986 1027 1211 1081 liberam
1234 1024 1399 1079 vitam
1420 1038 1516 1092 per
1539 1021 1796 1075 virtutem
1833 1033 1968 1073 cono

369 1135 670 1186 sectantur,
717 1134 970 1177 externas
1010 1136 1230 1191 quoque
1266 1119 1678 1186 doctrinaeopes
1697 1116 1800 1169 sibi
1819 1128 1969 1169 com-

370 1230 562 1285 parare
576 1216 727 1281 jllbtﬂ.
742 1214 1070 1282 Theologus,
1086 1221 1250 1280 atque
1263 1211 1332 1265 ab
1348 1207 1688 1280 alienigenis,
1702 1215 1966 1276 quantum

369 1308 432 1362 ad
456 1308 617 1361 tinem
647 1308 866 1371 attinet.
889 1308 1060 1361 mutui
1082 1305 1567 1372 nomineaceeptas
1582 1299 1884 1372 possidere,
1912 1310 1968 1353 ttt

371 1401 428 1452 in
480 1409 725 1466 tempore
779 1395 1114 1467 profuturas,
1168 1409 1366 1465 nempe
1418 1407 1544 1447 cum
1580 1406 1674 1447 res
1709 1390 1786 1444 ita
1840 1399 1967 1444 nata

371 1489 578 1551 fuerit,
620 1497 679 1543 ut
717 1489 1092 1560 spiritualibtts
1125 1488 1277 1543 hisee
1309 1487 1504 1557 opibus
1551 1483 1810 1540 Ecclesiae
1840 1496 1969 1536 arca

370 1583 690 1637 exernamla
748 1582 843 1638 sit.
890 1581 1012 1636 Jam
1061 1595 1191 1636 vero
1241 1595 1339 1651 per
1389 1587 1501 1633 tres
1548 1576 1668 1630 illas
1720 1574 1967 1629 civitates

372 1664 592 1741 Phiton,
656 1672 986 1730 thamesses
1030 1683 1084 1728 et
1113 1671 1220 1739 On,
1273 1687 1412 1742 quas
1454 1668 1665 1725 Ilebraai
1696 1666 1967 1722 Pharaoni

371 1765 760 1835 aedificarunt,
798 1766 1051 1820 nonnulli
1086 1775 1196 1822 tres
1234 1765 1337 1820 has
1365 1763 1724 1835 cogitationes
1753 1759 1965 1832 signifi-

372 1848 907 1923 cariexistimarnni‘,
928 1860 1188 1913 nimirum
1213 1858 1480 1923 libidinis,
1527 1856 1768 1911 avaritia
1803 1865 1969 1925 atque

381 1948 702 2004 ambitionis
747 1966 764 2006 :
809 1962 880 2004 ex
907 1951 1112 2019 quibus
1154 1957 1436 2019 peceatum
1476 1961 1640 2002 omne
1678 1944 1966 2001 conﬂatur.

378 2036 586 2092 llarnm
607 2040 887 2095 civitatum
913 2041 1175 2095 memoria
1196 2040 1499 2095 eversionis
1519 2052 1628 2092 non
1652 2038 1709 2091 in
1731 2036 1969 2091 abscon-

379 2131 496 2185 dito
538 2139 705 2202 atque
752 2132 973 2188 occulto
1002 2129 1187 2186 futura
1218 2141 1328 2196 eat,
1364 2129 1463 2186 sed
1499 2144 1624 2184 cum
1659 2129 1838 2184 sonitu
1865 2165 1883 2191 ,
1914 2126 1967 2180 id

382 2233 490 2288 cst,
521 2224 870 2290 exandibilis,
902 2240 968 2279 ac
1015 2237 1242 2294 quoquo
1279 2223 1518 2294 gentium
1559 2221 1968 2291 pervagabitur.

451 2317 570 2374 Col.
605 2318 704 2372 651
746 2317 805 2372 Β.
855 2317 918 2372 Si
946 2316 1136 2371 Rachel
1167 2320 1413 2387 quamam
1449 2332 1504 2371 es
1527 2354 1543 2381 ,
1573 2323 1681 2370 etc.
1707 2313 1912 2368 Rachel
1938 2328 1970 2367 ει

382 2423 539 2485 patre
594 2424 698 2464 suo
757 2407 940 2463 Lahan
986 2406 1301 2470 discedens,
1356 2406 1500 2459 idola
1553 2405 1730 2473 ipsius
1788 2404 1968 2458 furata

375 2504 549 2561 est".
580 2502 717 2558 Cum
748 2511 934 2555 autem
982 2500 1167 2553 Laban
1200 2497 1473 2569 fugientes
1521 2506 1838 2567 persecutus
1859 2535 1876 2562 ,
1904 2511 1971 2552 ac

377 2596 530 2651 Liam
581 2604 635 2649 et
687 2591 858 2648 Jacob
910 2599 966 2645 et
1008 2590 1363 2660 pedissequas
1421 2596 1734 2649 scrutatus,
1789 2586 1968 2656 ipsam

376 2701 624 2757 quoque,
649 2700 772 2756 qua:
805 2698 869 2739 ea
916 2684 970 2737 in
1005 2692 1306 2738 stramenta
1342 2682 1535 2736 cameli
1589 2680 1882 2751 injererat,
1915 2687 1971 2734 et

377 2791 544 2845 super
587 2789 652 2830 ea
684 2773 928 2830 sedebat.
961 2771 1198 2827 scrutari
1237 2781 1496 2840 pararet,
1530 2770 1668 2824 dixit
1718 2767 1965 2824 Rachel:

382 2866 467 2921 Ne
489 2866 701 2919 moleste
740 2862 1155 2935 feras,domine,
1207 2877 1307 2915 non
1332 2859 1972 2931 possumtibiassurgere,

382 2960 637 3030 quoniam
666 2960 832 3029 juxta
859 2956 1292 3011 consuetudinem
1326 2954 1607 3008 mulierum
1639 2963 1720 3009 est
1746 2954 1872 3007 mihi
1896 2953 1969 3009 ⁷⁸.

380 3053 693 3126 Theologus
751 3063 935 3108 autem
999 3050 1156 3106 Liatn
1214 3060 1275 3106 ut
1336 3049 1464 3105 furti
1509 3049 1784 3106 consciam
1841 3064 1968 3105 cum

383 3145 624 3202 Raehele
674 3144 982 3200 collocavit.
1026 3141 1334 3198 Verisimile
1386 3141 1531 3196 enim
1564 3150 1650 3197 est
1686 3156 1806 3196 eam
1840 3140 1968 3196 furti
1998 3172 2042 3230 ο

380 3237 589 3293 sororis
607 3243 882 3307 expertem
905 3245 1067 3305 atque
1091 3233 1337 3304 ignaram
1360 3247 1467 3288 non
1494 3230 1682 3298 fuisse,
1707 3230 1760 3285 id
1788 3242 1969 3287 tamen

381 3339 585 3385 tectum
630 3329 909 3385 habuisse.
951 3328 1119 3382 Porro
1173 3326 1272 3381 Lia
1306 3327 1549 3382 Hebraeis
1598 3324 1834 3380 laborem
1880 3334 1974 3380 aut

391 3423 721 3477 laborantem
751 3429 930 3486 sonat,
954 3435 1019 3475 ac
1039 3420 1268 3490 proinde
1288 3419 1359 3476 ad
1385 3419 1655 3475 actionem
1680 3421 1970 3491 accipitur,

385 3515 644 3584 priorque
691 3528 814 3569 cum
846 3513 1020 3569 Jacob
1069 3513 1423 3568 matrimonio
1455 3513 1725 3584 jungitur.
1765 3513 1973 3571 Rachel

381 3618 564 3663 autem
616 3609 758 3664 idem
789 3617 875 3663 est
926 3608 1070 3677 quod
1125 3621 1344 3676 pascens
1367 3645 1384 3671 ,
1423 3616 1520 3661 aut
1557 3623 1674 3677 qua:
1705 3611 1968 3677 pascitur,

383 3716 450 3756 ac
507 3702 1005 3769 contemplationem
1049 3700 1331 3769 designat;
1400 3707 1563 3768 atque
1615 3699 1758 3754 hanc
1799 3698 1972 3756 Jaeob

383 3801 508 3861 post
549 3791 701 3844 Liam
733 3792 784 3844 in
821 3805 1044 3845 uxorein
1077 3791 1296 3861 accipit.
1339 3789 1498 3844 Actio
1533 3790 1677 3843 enim
1714 3801 1968 3845 contem-

386 3885 640 3954 plationis
706 3893 792 3939 est
868 3885 1300 3939 fundamentum.
1364 3883 1569 3938 Rachel
1625 3884 1788 3954 igitur
1842 3893 1966 3948 est,

385 3975 568 4029 omnis
591 3975 776 4029 anima
824 3974 1300 4043 contemplationis
1351 3976 1621 4038 Studiosa,
1679 3990 1799 4045 qua:
1854 3975 1969 4042 lege

386 4064 523 4131 Dei,
585 4066 725 4118 velut
784 4079 966 4133 agna,
1002 4066 1282 4133 pascitur,
1339 4073 1393 4117 et
1470 4064 1773 4118 secundum
1837 4063 1970 4132 Iegts

384 4158 583 4211 divina:
623 4156 1000 4226 praescriptum
1050 4171 1179 4209 suos
1223 4163 1406 4209 motus
1454 4157 1610 4223 regit,
1678 4156 1970 4224 carnisque

385 4251 740 4320 cogitationes
789 4260 843 4304 et
873 4250 1101 4303 allectus
1155 4248 1376 4302 virtutis
1430 4249 1793 4317 procreationi
1853 4249 1969 4319 pri-

389 4359 537 4396 mum
571 4342 814 4411 subjicit,
860 4353 1026 4410 atque
1086 4340 1158 4394 ita
1209 4350 1334 4409 post
1361 4339 1642 4394 introitum
1677 4341 1742 4395 ad
1779 4341 1968 4409 cogni-

386 4434 588 4488 tionem
648 4434 870 4486 omnino
924 4433 1125 4488 abolet.
1178 4430 1274 4486 Lia
1345 4446 1471 4484 vero
1535 4432 1717 4485 anima
1787 4433 1970 4486 omnis

2066 555 2361 624 plationem
2391 544 2608 607 Christo
2632 551 2924 622 adjunctus
2950 591 2966 613 ,
2997 550 3261 606 mundum
3291 562 3509 620 propter
3531 553 3654 606 vim:

2067 646 2520 702 consuetudinem
2569 661 2693 701 cum
2741 645 2962 698 Christo
2995 645 3182 697 initam
3216 644 3474 713 abjurare
3503 645 3656 709 velit,

2068 738 2160 793 ille
2201 738 2369 808 patris
2392 738 2537 792 idola
2577 737 2874 806 surripiat.
2904 736 2957 789 id
2994 745 3099 802 est,
3138 747 3321 806 tutpes
3354 745 3408 791 et
3440 751 3657 793 crassas

2069 846 2252 887 rerum
2307 831 2561 900 species,
2617 845 2753 900 quas
2803 829 3044 885 mundus
3092 829 3301 898 objicit,
3357 830 3426 885 ab
3471 831 3656 885 anima

2067 924 2326 992 expellat,
2356 938 2423 977 ac
2454 922 2690 992 primum
2721 922 2940 992 quidem
2976 921 3189 975 virtutis
3221 921 3541 977 fecunditati
3563 938 3657 979 eas

2069 1017 2280 1086 injiciat
2338 1015 2806 1088 (quandoquidem
2865 1024 2920 1069 ct
2950 1014 3153 1069 Rachel
3194 1016 3339 1070 sellae
3391 1016 3481 1073 cui
3521 1016 3658 1072 insi-

2071 1109 2250 1171 debat,
2272 1107 2413 1162 idola
2436 1106 2767 1175 supposuit),
2789 1113 3078 1174 pestqttam
3096 1113 3274 1159 autem
3298 1120 3366 1159 ex
3394 1104 3658 1161 diuturno

2071 1200 2257 1255 labore
2276 1200 2327 1253 itt
2350 1198 2774 1268 comprimendis
2793 1197 3080 1252 affectibus
3096 1197 3383 1262 exhausto,
3405 1199 3470 1252 ad
3486 1200 3655 1253 animi

2072 1291 2566 1362 tranquillitatem,
2604 1298 2700 1344 aut
2750 1289 3118 1360 cognitionem
3153 1291 3485 1359 pervenerit,
3542 1301 3656 1345 tum

2070 1386 2291 1439 demum
2364 1384 2595 1438 vitiosas
2646 1384 3073 1452 impressiones,
3136 1385 3240 1439 hoc
3287 1395 3391 1447 est,
3450 1388 3660 1456 cogita-

2073 1477 2247 1530 tiones
2279 1489 2511 1545 prorsus
2536 1474 2733 1528 evellat
2772 1489 2837 1528 ac
2862 1474 2928 1528 de
2975 1474 3154 1529 medio
3184 1475 3361 1530 tollat.
3388 1474 3658 1532 Laborem

2072 1579 2253 1623 autem
2295 1570 2399 1623 hoc
2427 1568 2548 1621 loco
2578 1567 2822 1622 studium
2854 1565 2984 1621 illud
3021 1579 3186 1637 atque
3215 1582 3434 1637 operam
3477 1582 3658 1633 vocm,

2071 1678 2193 1733 quae
2221 1662 2275 1715 in
2300 1658 2591 1715 abolendis
2611 1658 2794 1714 carnis
2825 1658 3108 1714 affectibus
3131 1659 3449 1728 suscipitur,
3481 1676 3659 1731 quan-

2073 1755 2368 1826 doquidem
2406 1754 2522 1821 ipsa
2557 1766 2776 1823 quoque
2812 1751 3036 1816 Rachel,
3086 1750 3345 1809 Sicltimis
3392 1755 3445 1807 in
3479 1753 3659 1817 Betltel

1999 1836 2045 1891 Β
2076 1857 2420 1917 perrectura,
2453 1844 2628 1914 patris
2657 1843 2803 1897 idola
2837 1843 2891 1896 in
2920 1853 3120 1899 terram
3155 1842 3383 1898 defodit.
3416 1843 3659 1899 Sichinta

2073 1952 2238 2007 porro
2301 1937 2652 1992 llebrmornm
2684 1935 2866 2004 lingua
2905 1937 3183 1988 humerum
3222 1944 3385 1990 sonat
3417 1938 3548 2007 (qua
3577 1941 3661 1992 di-

2070 2029 2255 2082 ctione
2275 2027 2428 2082 labor
2450 2026 2537 2081 ille
2566 2025 2905 2096 designatur,
2938 2027 3032 2094 qui
3062 2026 3116 2078 in
3137 2026 3427 2080 domandis
3452 2028 3660 2083 affecti-

2038 2143 2047 2150 -
2072 2120 2176 2174 bus
2205 2123 2517 2174 exatttlatur
2544 2133 2558 2170 ε
2595 2119 2853 2173 humerus
2878 2117 3048 2183 enim,
3074 2115 3415 2175 fortitudinis
3432 2130 3486 2173 et
3510 2121 3661 2176 labo-

2073 2217 2149 2268 ris
2167 2222 2253 2270 est
2291 2211 2647 2282 symbolum),
2679 2211 2864 2266 Bethel
2881 2212 3096 2264 domum
3120 2211 3252 2277 Dei;
3282 2213 3423 2268 Deus
3439 2213 3585 2269 enim
3605 2216 3661 2269 in

2075 2308 2472 2377 tranquillitate
2495 2315 2551 2360 et
2582 2305 2857 2363 vacuitate
2888 2306 2959 2360 ab
2991 2306 3300 2372 affectibus,
3332 2324 3398 2364 ac
3428 2310 3660 2366 scientia

2075 2401 2306 2479 habitat.
2337 2399 2538 2456 Verum
2569 2401 2642 2455 ita
2668 2401 2940 2471 quispiam
2975 2415 3193 2457 crassas
3223 2412 3277 2455 et
3312 2406 3662 2473 perturbatae

2073 2496 2237 2566 hujus
2263 2495 2448 2551 saeculi
2466 2494 2827 2564 cogitationes
2840 2493 3088 2563 snrripit,
3120 2511 3229 2550 non
3258 2497 3402 2552 utiis
3427 2497 3662 2565 fruatur,

2072 2587 2168 2641 sed
2206 2594 2267 2640 ut
2325 2601 2419 2639 eas
2473 2585 2664 2654 perdat
2716 2599 2783 2638 ac
2838 2584 3039 2647 deleat,
3088 2588 3556 2655 quemadmodum
3609 2600 3664 2646 et

2073 2676 2278 2732 Rachel
2304 2676 2476 2748 putris
2504 2676 2645 2730 idola
2672 2675 2849 2730 furata
2876 2686 2985 2743 est,
3009 2691 3119 2731 non
3149 2690 3205 2732 ttt
3229 2694 3291 2732 ea
3315 2680 3545 2745 coleret,
3566 2684 3662 2738 sed

2073 2776 2135 2822 ut
2167 2767 2220 2821 in
2252 2776 2417 2831 terra,
2446 2768 2588 2822 velut
2635 2767 2876 2821 obscena
2927 2776 2983 2820 et
3031 2768 3282 2837 pudenda
3326 2779 3492 2840 atque
3527 2773 3663 2827 obli-

2073 2860 2235 2915 vione
2278 2854 2440 2927 digna
2467 2896 2482 2923 ,
2541 2858 2862 2914 occultaret.
2924 2859 3157 2930 Sapiens
3203 2865 3366 2917 etiam
3403 2864 3664 2921 lsraelitis

2073 2952 2182 3006 dici
2232 2953 2445 3022 possit,
2484 2953 2575 3022 qui
2622 2967 2844 3008 omnem
2899 2955 3286 3025 cogitationem
3329 2957 3552 3014 Christo
3609 2964 3661 3014 in

2073 3048 2445 3116 captivitatem
2472 3046 2666 3116 redigit
2687 3061 2752 3102 ac
2776 3047 3061 3117 profanam
3086 3052 3472 3113 eruditionem,
3504 3056 3663 3125 quasi

2074 3139 2395 3210 praeclarum
2443 3139 2716 3208 quoddam
2754 3140 3011 3195 viaticum
3034 3179 3052 3207 ,
3083 3158 3269 3199 secum
3301 3144 3478 3210 ellcrt,
3509 3163 3663 3202 eam-

2076 3247 2185 3303 que
2239 3232 2305 3285 ad
2358 3231 2777 3285 aedificationem
2846 3233 3106 3289 Ecclesiae
3152 3236 3245 3290 Dei
3317 3240 3658 3302 transvehit.

2076 3329 2486 3396 maximumque
2539 3327 2758 3383 diabolo
2789 3328 3032 3383 dolorem
3052 3344 3121 3385 ex
3169 3344 3236 3385 eo
3272 3330 3461 3399 inurit,
3514 3336 3658 3404 quod

2072 3428 2329 3476 externas
2366 3420 2685 3490 disciplinas
2709 3457 2728 3485 ,
2773 3421 2976 3490 quibus
3016 3421 3371 3493 alienigenae,
3408 3424 3514 3481 hoc
3551 3437 3658 3494 est,

2073 3527 2104 3566 a
2135 3520 2282 3568 recta
2311 3511 2417 3567 fide
2439 3513 2617 3568 aversi
2645 3513 2918 3579 homines,
2945 3513 3174 3570 mirifice
3196 3514 3520 3584 gloriantur,
3545 3519 3662 3586 ipse

2076 3607 2187 3660 Deo
2243 3607 2621 3672 consecrarit,
2677 3605 3090 3677 Ecclesiamque
3143 3608 3439 3675 decorarit,
3496 3624 3662 3684 atque

2074 3696 2253 3764 ipsum
2286 3700 2508 3752 malitia:
2539 3697 2808 3753 artiﬁcem
2852 3708 2971 3754 arte
2999 3699 3267 3756 deluserit
3289 3741 3306 3766 ,
3339 3706 3540 3773 quippe
3566 3706 3661 3776 qui

2075 3787 2130 3841 in
2156 3787 2440 3856 gentilium
2470 3789 2672 3843 studiis
2698 3801 2753 3843 et
2774 3789 3083 3858 disciplinis
3112 3806 3312 3863 magno
3332 3809 3458 3849 cum
3479 3796 3664 3852 labore

2074 3891 2345 3945 versatus,
2381 3894 2501 3932 eum
2540 3878 2746 3936 idcirco
2796 3882 3070 3950 impurum
3102 3885 3255 3938 illum
3304 3887 3557 3955 spiritum
3606 3891 3659 3945 in

2070 3987 2191 4025 eam
2226 3972 2541 4041 opinionem
2577 3972 2916 4040 adduxisset,
2967 3986 3028 4029 ut
3056 3990 3152 4045 per
3181 3991 3276 4032 eas
3310 3981 3487 4048 Ipsum
3518 3981 3664 4050 juris

2071 4062 2156 4116 sui
2205 4062 2571 4131 mancipiiqne
2622 4062 2826 4117 factum
2852 4076 2976 4118 esse
3017 4064 3392 4132 existimaret,
3430 4083 3539 4123 non
3574 4081 3659 4125 ta-

2074 4167 2195 4205 men
2242 4152 2313 4206 ah
2360 4152 2427 4205 iis
2472 4153 2784 4207 detrimenti
2825 4153 3124 4224 quidquam
3168 4159 3482 4225 acceperit,
3519 4163 3654 4229 quin

2074 4244 2255 4313 potius
2303 4244 2622 4313 hujusmodi
2689 4244 3043 4312 eruditione,
3106 4255 3367 4317 tanquam
3425 4255 3657 4310 materia

2070 4336 2326 4405 quadam,
2355 4337 2423 4390 ad
2455 4336 2693 4406 optimas
2721 4352 2812 4390 res
2835 4351 2967 4393 usus
2993 4338 3086 4404 sit,
3118 4340 3450 4412 tyrannique
3471 4343 3659 4399 stulti-

2072 4432 2202 4485 tiam
2233 4442 2397 4500 atque
2430 4432 2621 4487 inanes
2653 4446 2783 4502 spes
2812 4431 3135 4502 prodiderit,
3158 4435 3251 4504 qui
3283 4435 3538 4493 homines
3568 4453 3663 4493 ar-

388 4526 664 4579 aetionem
701 4525 1063 4593 amplectens,
1088 4538 1211 4593 quae
1241 4524 1460 4577 virtutis
1486 4537 1652 4577 causa
1687 4523 1971 4579 laboribus
2003 4522 2046 4575 Ι)
2079 4525 2222 4580 tibus
2269 4524 2443 4593 ipsius
2483 4539 2547 4579 ac
2598 4525 2810 4580 technis
2859 4523 3174 4594 superiores
3204 4534 3263 4582 et
3307 4528 3663 4586 sublimiores

385 4618 654 4684 premitur
675 4655 691 4681 ,
721 4629 889 4685 quam
915 4652 932 4679 ,
967 4614 1220 4684 quisquis
1251 4614 1317 4667 ad
1366 4614 1567 4669 divina:
1610 4614 1968 4684 philosophia:

386 4706 627 4761 studium
673 4707 916 4761 animum
960 4707 1182 4776 adjicit,
1215 4707 1445 4776 primam
1492 4705 1610 4761 fere
1639 4707 1740 4762 sibi
1772 4716 1971 4761 contu-

385 4799 663 4853 bernalem
686 4798 926 4853 asciscit.
948 4797 1017 4851 At
1058 4812 1151 4867 per
1177 4798 1473 4867 sapientem
1490 4797 1788 4853 lsraelitam
1812 4799 1971 4852 nobis

385 4905 542 4945 mens
581 4889 1029 4958 contemplationi
1062 4890 1243 4945 dedita
1290 4890 1563 4944 indicatur
1587 4930 1603 4955 ,
1632 4904 1753 4960 quae
1781 4890 1968 4944 sazculi

387 4984 551 5051 hujus
598 4983 956 5054 cogitationes
984 4991 1148 5051 atque
1170 4981 1515 5036 inventiones
1545 4982 1613 5037 ad
1640 4981 1968 5052 cognitionis

385 5086 587 5130 terram
624 5075 948 5139 transvehit,
983 5087 1092 5127 non
1121 5087 1283 5128 secus
1312 5081 1477 5142 atque
1517 5070 1779 5128 Israelita:
1803 5087 1967 5127 aurea

383 5178 439 5221 et
460 5177 711 5236 argentea
728 5164 1108 5236 Egyptiorum
1132 5179 1257 5220 vasa
1283 5163 1708 5234 Hierosolymam
1733 5171 1970 5218 transtu-

386 5261 589 5316 lerunt.
621 5258 921 5315 Jerusalem
956 5273 1121 5324 vero,
1153 5259 1197 5313 si
1228 5258 1351 5328 quis
1386 5259 1790 5328 interpretetur,
1820 5259 1969 5327 pacis

384 5352 636 5407 uisionem
660 5390 676 5415 ,
707 5358 802 5406 aut
841 5352 1029 5421 gratia:
1056 5351 1306 5420 spiritum
1330 5350 1619 5421 significat.
1650 5350 1835 5405 Lahan
1865 5351 1969 5405 ita-

384 5459 493 5514 que
523 5445 761 5500 mundus
790 5444 879 5499 hic
908 5444 1195 5499 commode
1225 5443 1336 5498 tlici
1366 5452 1570 5514 queat,
1600 5444 1743 5499 idola
1786 5453 1968 5498 autem

384 5538 506 5608 ejus
552 5536 710 5593 findat
759 5546 816 5591 et
858 5538 1186 5606 perturbatae
1223 5537 1586 5607 cogitationes
1608 5551 1674 5592 ae
1740 5543 1973 5591 terrena:

386 5645 571 5685 rerum
612 5630 900 5701 imagines.
958 5629 1137 5697 Quare
1188 5630 1232 5687 si
1264 5630 1390 5700 quis
1420 5631 1564 5686 hunc
1595 5632 1859 5686 mundum
1914 5618 1983 5684 uti

456 5791 505 5826 ⁷³
532 5791 667 5847 (ἔνη.
705 5805 857 5855 xxxt,
895 5789 982 5844 l9.
1057 5790 1105 5822 "
1141 5789 1276 5845 Ibid.
1311 5790 1401 5847 ⁸55.

631 5889 901 5949 ΡΑΤιιοι..
937 5890 1054 5948 (in.
1088 5888 1389 5950 CXXVII.

2076 4616 2341 4671 servitute
2382 4631 2749 4686 oppressurus
2779 4617 2884 4672 sibi
2922 4616 3228 4672 videbatur.
3263 4615 3506 4674 Possunt
3546 4621 3664 4675 limi:

2076 4709 2243 4765 etiam
2264 4709 2332 4764 de
2359 4709 2564 4763 divitiis
2588 4708 2640 4762 in
2668 4723 2891 4764 sensum
2919 4710 3240 4765 cadentibus
3269 4711 3489 4779 exponi.
3517 4710 3654 4767 Nam

2079 4801 2175 4871 qui
2207 4816 2272 4855 ex
2302 4797 2558 4870 Egypto,
2596 4799 2646 4852 id
2678 4807 2785 4864 est,
2815 4815 2881 4853 ex
2918 4801 3021 4854 hoc
3048 4800 3251 4855 mundo
3282 4801 3503 4857 divitias
3526 4817 3659 4860 suas

2076 4908 2172 4963 per
2207 4906 2402 4946 manus
2431 4905 2728 4960 pauperum
2775 4891 2843 4945 ad
2878 4900 3080 4946 terram
3110 4892 3518 4963 promissionis,
3556 4895 3661 4951 hoc

2074 4996 2156 5042 est
2214 4987 2269 5040 in
2296 4987 2494 5042 caelum
2517 5022 2534 5048 ,
2594 4985 2996 5047 transvexerit,
3032 4986 3078 5039 is
3128 4985 3320 5055 procul
3354 4987 3525 5044 dubio
3559 5005 3655 5043 sa-

2078 5082 2232 5149 piens
2253 5079 2504 5135 Israelita
2527 5088 2612 5133 est
2641 5096 2654 5133 :
2685 5093 2751 5132 ac
2770 5078 3023 5133 diabolus
3044 5082 3418 5148 exerueiatur,
3445 5082 3660 5141 videns.

2080 5172 2171 5225 tibi
2201 5171 2493 5225 thesaurus
2516 5168 2770 5225 conditus
2799 5178 2905 5236 est,
2934 5169 3045 5224 illic
3075 5186 3298 5242 quoque
3330 5182 3384 5228 et
3414 5188 3511 5227 cor
3539 5174 3658 5242 ejus

2075 5278 2217 5323 esse.
2242 5262 2336 5332 qui
2371 5262 2635 5316 condidit.

2142 5356 2262 5412 Col.
2309 5354 2407 5410 651
2468 5356 2530 5409 C.
2590 5355 2708 5409 Hoc
2753 5356 2801 5411 si
2842 5356 3050 5427 feceris,
3080 5368 3238 5428 atque
3293 5358 3371 5410 ita
3399 5371 3463 5410 ex
3493 5356 3657 5425 diggc

2068 5457 2179 5517 pto,
2236 5457 2343 5501 etc.
2400 5446 2636 5501 Historia
2684 5448 2753 5504 de
2781 5446 2998 5514 ‘flnvio,
3030 5457 3085 5504 et
3136 5449 3272 5512 sole,
3309 5463 3374 5502 ac
3427 5447 3655 5511 lnna,et

2071 5539 2338 5605 muris,in
2364 5539 2502 5594 libro
2533 5535 2689 5594 Iosue
2713 5540 3027 5595 continetur
3055 5556 3071 5595 :
3099 5540 3325 5609 reliqua:
3360 5538 3413 5593 in
3444 5539 3654 5593 Exodo.

2073 5632 2354 5702 Scriptum
2413 5641 2497 5689 est
2549 5634 2694 5688 enim
2724 5632 2892 5702 quod,
2953 5648 3079 5691 cum
3119 5630 3290 5688 Judaei
3322 5647 3386 5687 ex
3420 5631 3659 5703 Ailgypto

3210 5887 3285 5951 44
