4116 6462
460 395 598 459 i387

1904 388 2285 450 ADDENDA.

3593 391 3751 461 1388.

462 512 671 583 egressi
731 512 982 574 fuissent,
1022 507 1165 561 Deus
1221 520 1327 581 eos
1373 504 1750 574 prmcedebat,
1802 505 2040 558 interdiu
2072 512 2118 568 Α
2150 505 2313 574 hujus
2349 503 2472 559 vita:
2500 505 2700 574 spatio,
2726 518 2851 557 eum
2895 502 2948 555 in
2982 503 3163 574 seipse
3202 520 3545 577 nequaquam
3574 524 3729 564 ocel-

464 583 762 676 quideuTin
791 602 1048 657 columna
1072 598 1235 653 nubis
1254 599 1393 669 viam
1432 598 1566 666 ipsis
1583 607 2046 663 commoustraus,

475 704 641 750 noctu
679 701 855 747 autem
890 690 944 743 in
971 687 1386 757 columuaiguis
1408 704 1420 739 :
1444 700 1546 740 nec
1562 686 1769 740 destitit
1792 687 2050 740 columna

465 785 629 841 nobis
644 784 698 837 in
711 783 817 846 die,
836 796 934 835 nec
954 780 1208 834 columna
1229 778 1371 848 ignis
1388 778 1439 831 in
1457 787 1613 833 nocte
1628 777 1770 847 plebi
1783 778 2052 832 universae

415 874 431 886 “
468 877 785 946 praelucere;
827 873 1103 927 desertum
1134 880 1320 924 autem
1353 879 1473 924 erat
1519 870 1570 923 in
1604 870 1874 923 Anathom
1905 869 2048 923 haud

468 970 626 1038 longe
669 967 738 1021 ab
773 963 1034 1035 Egypto,
1068 977 1164 1032 per
1208 962 1351 1031 quod
1400 959 1718 1015 Judzeorum
1747 962 1917 1030 copiae
1947 960 2052 1015 iter

468 1060 736 1113 fecerunt.
762 1058 1035 1110 Anathom
1070 1061 1253 1107 autem
1300 1061 1487 1107 nostra
1524 1051 1711 1122 lingua
1741 1067 2050 1122 responsum

406 1152 420 1173 ’
465 1150 757 1220 signiﬁcat.
788 1147 960 1202 Judaei
1001 1147 1147 1201 enim
1192 1147 1266 1200 ita
1308 1145 1612 1214 propinqua
1649 1144 1884 1215 Egypt!)
1954 1160 2050 1199 ca-

472 1254 589 1298 stra
650 1229 997 1302 habuerunt,
1022 1245 1082 1292 ut
1107 1237 1352 1306 ipsorum
1392 1249 1611 1305 quoque
1650 1250 1813 1315 vpces
1857 1250 2055 1306 prope.

472 1338 693 1388 modum
723 1330 999 1395 exaudiri,
1027 1338 1191 1397 atque
1226 1342 1255 1381 e
1288 1326 1599 1396 propinquo
1643 1342 1906 1396 responsa
1930 1326 2050 1380 dari

467 1432 713 1494 possent.
737 1421 949 1475 Rursus
972 1433 1171 1489 aquam
1190 1417 1378 1472 divisit
1402 1416 1666 1471 Dominus
1695 1436 1707 1471 :
1735 1427 1791 1471 et
1820 1417 2053 1486 ingressi

471 1526 600 1570 sunt
632 1514 728 1567 tllii
781 1510 948 1567 Israel
982 1523 1079 1580 per
1114 1508 1358 1563 medium
1380 1508 1551 1562 maris
1585 1505 1757 1561 Rubri
1791 1525 1805 1562 :
1836 1506 2052 1563 Pharao

472 1617 649 1661 autem
681 1604 918 1659 reversis
947 1602 1108 1672 aquis
1135 1615 1259 1655 eum
1288 1608 1403 1655 toto
1445 1614 1549 1655 suo
1595 1600 1843 1655 exercitu
1882 1600 2052 1655 obru-

472 1708 561 1752 tus
593 1707 700 1752 est.
735 1694 996 1765 Sequitur
1040 1691 1272 1747 historia
1303 1691 1371 1746 de
1400 1706 1601 1745 manna
1621 1733 1636 1754 ,
1658 1701 1712 1745 et
1746 1702 1898 1760 petra
1928 1706 2053 1761 per-

472 1804 658 1853 cussa,
690 1798 744 1843 et
784 1790 853 1843 de
889 1800 1017 1856 rege
1062 1784 1514 1850 Amalecitarum,
1550 1784 1645 1854 qui
1686 1784 1815 1839 dum
1850 1783 2052 1838 transi-

474 1890 586 1934 tum
641 1879 884 1934 Hebraeis
922 1877 1254 1948 praecludere
1306 1877 1520 1940 nititur,
1556 1875 1709 1931 fusus
1754 1891 1819 1931 ac
1868 1876 2053 1946 profli-
2084 1866 2128 1924 Β

477 1983 637 2040 gatus
679 1979 782 2034 est,
815 1964 983 2025 Josue
1014 1969 1236 2039 quidem
1270 1972 1571 2023 exercitum
1605 1970 1858 2032 ducente,
1902 1968 2056 2023 Mose

480 2077 662 2120 autem
716 2079 907 2134 preces
959 2065 1225 2118 fundente
1257 2076 1322 2118 ac
1358 2078 1455 2133 per
1495 2077 1755 2118 manuum
1781 2061 2058 2116 estensio-

480 2173 626 2217 nem,
655 2172 793 2226 quas
814 2154 997 2210 Huret
1020 2155 1203 2209 Aaron
1235 2156 1489 2224 utrinque
1515 2154 1913 2220 sutiulciebant,
1931 2168 2057 2208 cru-

479 2263 596 2303 tein
625 2252 907 2318 figurante.
934 2248 1006 2302 De
1026 2247 1191 2301 ﬂuvio
1208 2246 1443 2314 Jordaue
1472 2248 1638 2302 habes
1653 2245 1817 2301 Josue
1843 2261 1925 2312 Ill;
1943 2246 2056 2317 (2‘2)

478 2345 548 2398 de
606 2343 780 2396 muris
838 2342 991 2396 urbis
1044 2340 1283 2402 .lericho,
1317 2355 1438 2408 cap.
1463 2354 1551 2403 vi;
1593 2340 1659 2392 de
1714 2354 1877 2393 cursu
1924 2339 2057 2393 solis

464 2447 542 2489 ac
590 2433 733 2487 lunae
786 2432 1043 2497 inhibito,
1077 2446 1201 2500 cap.
1247 2446 1300 2484 x.
1362 2430 1480 2484 .lam
1516 2429 1959 2485 decrabrouibus
1983 2430 2057 2484 ita

475 2525 742 2594 scriptum
780 2525 1007 2578 habetur
1033 2523 1203 2577 Exod.
1236 2537 1391 2584 xxtn,
1411 2521 1515 2574 28:
1541 2520 1749 2574 Mittunt
1771 2522 2058 2574 crabrones

475 2625 597 2670 ante
620 2628 688 2679 te,
708 2625 812 2670 etc.
833 2615 898 2669 Et
918 2615 971 2667 in
991 2615 1130 2668 libro
1150 2613 1439 2683 Sapientia:
1459 2630 1473 2665 :
1493 2612 1683 2665 Misisti
1703 2626 2055 2681 prcecursores

474 2712 739 2765 exercitus
773 2713 851 2764 tui
879 2712 1182 2774 crabrones,
1219 2720 1275 2762 ut
1327 2709 1516 2777 impios
1567 2708 1830 2777 paulatim
1875 2717 2052 2762 exter-

475 2805 741 2857 minarent
790 2802 857 2856 ⁷⁵.
895 2803 1001 2856 Sed
1052 2801 1165 2871 jam
1199 2816 1392 2854 omnes
1427 2802 1525 2853 has
1558 2799 1818 2854 historias
1849 2802 2055 2870 allego-

476 2898 589 2950 rice
634 2910 997 2965 exponamus.
1051 2892 1322 2948 Columna
1358 2893 1524 2962 igitur
1557 2892 1745 2956 nubis,
1777 2902 1836 2946 ιιι
1884 2891 2057 2947 Paulo

472 3002 696 3059 qucque
719 2987 983 3056 placet",
1010 2983 1248 3054 Spiritus
1280 2997 1508 3039 sanctus
1541 2992 1647 3048 est,
1675 2983 1771 3054 qui
1804 2983 2056 3039 homines

476 3081 532 3134 in
567 3080 799 3134 turbidis
822 3078 988 3133 animi
1022 3077 1262 3131 mctibus
1282 3075 1711 3145 comprimendis
1740 3075 2055 3130 laborantes

2150 597 2365 651 dentem
2398 598 2616 664 retinet,
2658 611 2759 651 nec
2789 597 2905 651 vitii
2939 608 3104 667 atque
3149 599 3475 668 ignorantiae
3504 616 3731 669 vespere

2148 688 2657 759 circumscriptum,
2686 688 3009 758 utimpuros
3037 699 3090 745 et
3123 691 3419 748 sceleratos
3452 693 3731 749 daemones

2151 773 2414 847 impetum
2466 778 2518 831 in
2567 793 2626 833 se
2672 777 2937 835 facientes
2978 779 3219 850 legitime
3257 781 3527 852 frangere,
3564 794 3732 853 atque

2151 868 2206 924 in
2271 869 2454 939 fugam
2521 880 2850 926 convertere
2930 881 3115 941 queat.
3174 871 3328 926 Luna
3408 890 3528 944 quia:
3599 878 3735 929 reti-

2151 970 2345 1026 netur,
2413 961 2692 1016 mutabilis
2765 968 2954 1016 nostra
3024 974 3217 1017 natura
3287 971 3409 1025 est,
3481 980 3602 1033 quae
3674 967 3733 1021 in

2151 1054 2358 1108 sanctis
2394 1053 2529 1107 viris
2555 1052 2754 1111 ﬁxaet
2776 1053 2999 1109 immota
3029 1064 3331 1125 permanet,
3368 1067 3589 1126 prepter
3618 1059 3728 1111 vir-

2152 1146 2287 1202 tutis
2324 1144 2569 1201 habitum
2603 1147 2966 1202 mutationem
2991 1163 3100 1202 non
3140 1147 3543 1204 admittentem.
3589 1149 3735 1206 Muri

2152 1239 2246 1309 qui
2267 1239 2623 1309 dejiciuntur,
2651 1239 2876 1293 malitia:
2907 1238 3158 1309 praesidia
3181 1247 3333 1306 sunt,
3362 1247 3526 1310 atque
3552 1241 3736 1297 omnis

2152 1329 2403 1394 altitudo,
2440 1344 2561 1399 qua:
2590 1329 2853 1384 adversus
2885 1328 3054 1384 Deum
3089 1329 3390 1385 extollitur.
3420 1330 3734 1388 Crabrones

2152 1432 2575 1492 praecurrentes,
2603 1421 2803 1477 divinae
2827 1423 3073 1493 quaedam
3108 1422 3364 1491 potentiae
3393 1431 3548 1490 sunt,
3575 1425 3731 1480 nobis

2153 1527 2559 1579 succurrentes,
2611 1526 2777 1586 atque
2831 1517 2886 1570 in
2936 1516 3215 1573 daemones
3269 1516 3460 1572 hostes
3513 1528 3735 1574 nostros

2155 1608 2520 1664 incursantes.
2552 1610 2630 1664 Ac
2674 1625 2742 1663 ne
2789 1610 3003 1679 longius
3050 1624 3359 1664 sermonem
3390 1613 3734 1680 protraham,

2155 1714 2265 1754 non
2298 1715 2362 1755 ea
2387 1704 2584 1767 solum,
2607 1716 2728 1770 quae
2754 1699 3195 1762 commemoravi,
3226 1717 3294 1756 ex
3323 1702 3557 1772 ﬁgypto
3580 1719 3737 1775 egre-

2155 1791 2335 1857 diens,
2370 1793 2556 1847 divino
2584 1792 2849 1847 beneflcio
2886 1793 3260 1875 consequerig,
3283 1794 3377 1848 sed
3392 1795 3570 1867 ‘ctiam
3604 1795 3737 1858 alia,

2155 1900 2278 1956 quae
2307 1885 2567 1954 posthaec,
2616 1884 2667 1939 id
2702 1894 2786 1939 est
2818 1884 3097 1953 deinceps,
3128 1884 3370 1938 historiae
3404 1900 3573 1940 sacrae
3599 1900 3738 1956 pro-

2157 1977 2269 2031 dita
2292 1983 2422 2031 sunt
2451 1993 2465 2029 :
2497 1984 2551 2030 et
2578 1992 2702 2030 cum
2732 1976 2841 2030 his.
2883 1974 3004 2031 Uno
3032 1977 3179 2029 enim
3208 1976 3452 2031 historiae
3476 1986 3734 2031 contextu

2158 2070 2275 2125 haec
2306 2077 2360 2124 et
2388 2068 2480 2123 illa
2510 2069 2883 2123 continentur.

2226 2159 2345 2217 Col.
2376 2159 2475 2214 651
2528 2158 2594 2214 D.
2629 2164 2704 2214 Ac
2752 2159 2859 2213 tale
2896 2171 2971 2214 est
3003 2159 3215 2228 festum,
3251 2168 3357 2215 etc.
3387 2157 3736 2227 Huiusmodi,

2159 2252 2359 2322 inquit,
2401 2249 2600 2307 festum
2653 2251 2925 2315 celebras,
2985 2266 3091 2306 non
3149 2252 3453 2307 secundum
3509 2265 3735 2321 corpus.

2159 2343 2264 2399 hoc
2308 2351 2393 2400 est
2452 2343 2615 2398 foedis
2649 2343 3024 2413 voluptatibus
3059 2344 3367 2413 indulgens,
3390 2354 3451 2398 ut
3483 2345 3736 2413 gentiles,

2159 2450 2261 2490 nec
2320 2436 2622 2491 secundum
2670 2434 2904 2490 litteram
2956 2446 3008 2490 et
3046 2435 3391 2505 simpliciter,
3422 2447 3481 2490 ut
3504 2434 3675 2490 Judaei
3718 2454 3736 2491 :

2160 2526 2255 2581 sed
2308 2527 2613 2597 perfectum
2653 2539 2718 2579 ac
2753 2526 3039 2595 spirituale
3069 2528 3288 2596 Deoque
3320 2535 3556 2597 gratum.
3589 2526 3738 2582 Talis

2160 2618 2258 2673 tibi
2307 2633 2496 2673 mensa
2558 2618 2881 2688 proponitur
2931 2619 3156 2688 antiqua
3207 2625 3262 2672 et
3311 2619 3461 2673 varia
3507 2619 3738 2675 histOria

2158 2709 2385 2775 referta,
2443 2722 2791 2779 mentemque
2836 2710 3139 2766 obiectans.
3175 2708 3307 2766 Tale
3340 2712 3581 2767 comedis
3641 2721 3737 2768 tua

2158 2815 2327 2857 causa
2360 2801 2737 2871 dispensatunr
2766 2799 2971 2857 Christi
3020 2800 3237 2869 Natale,
3270 2804 3377 2858 tale
3431 2804 3576 2858 enim
3623 2806 3739 2871 epi-

2158 2892 2432 2962 taphium.
2489 2890 2621 2975 Tale
2662 2907 2694 2947 a
2744 2902 2795 2948 te
2826 2893 3161 2962 intelligatur
3206 2894 3491 2951 Paschalis
3529 2907 3735 2967 myste-

2159 2983 2326 3050 rium,
2361 2982 2522 3054 quale
2559 2984 2740 3038 oratio
2772 2992 2959 3039 uostra
2992 2983 3063 3039 ob
3100 2983 3288 3040 oculos
3329 2986 3534 3055 posuit,
3570 2987 3738 3039 uimi-

2158 3090 2281 3132 rum
2340 3076 2489 3148 quod
2532 3085 2590 3132 et
2614 3090 2791 3148 agnus
2824 3085 2910 3132 est
2937 3077 3217 3143 Christus,
3249 3083 3311 3131 ut
3351 3078 3648 3143 innocens;
3682 3084 3741 3132 et

468 3175 754 3228 inumbrat
802 3187 866 3226 ac
905 3170 1214 3239 refrigerat,
1248 3181 1313 3223 ac
1341 3170 1477 3223 solis
1508 3168 1564 3221 iu
1592 3167 1790 3257 malam
1840 3174 2050 3237 partem
2082 3202 2127 3262 α
2162 3169 2371 3237 hircus,
2405 3181 2463 3225 ut
2495 3180 2716 3240 prepter
2747 3178 2969 3240 peccata
3002 3177 3190 3224 nostra
3234 3171 3501 3237 traditus;
3539 3169 3739 3225 deinde

475 3266 685 3336 accepti
713 3272 907 3319 aestum
948 3273 1112 3331 atque
1149 3263 1402 3315 ardorem
1430 3274 1460 3313 a
1495 3250 1854 3322 nobis'arcet,
1884 3273 1916 3313 a
1944 3273 2056 3330 quo

473 3360 637 3414 etiam
688 3357 898 3411 semina
926 3355 1018 3408 illa
1054 3353 1226 3425 petris
1272 3351 1529 3406 Inandata
1573 3351 1945 3405 exsiccantur.
1979 3351 2057 3406 De

475 3463 588 3518 quo
618 3447 674 3500 in
712 3446 947 3501 Psalmis
978 3459 1198 3515 quoque
1238 3444 1440 3497 dicitur
1478 3460 1493 3496 :
1527 3439 1634 3495 Per
1676 3440 1818 3494 diem
1846 3441 1925 3494 sol
1955 3457 2057 3495 non

472 3547 593 3592 uret
620 3547 691 3605 te,
720 3551 880 3606 neque
927 3534 1057 3589 luna
1105 3550 1198 3604 per
1248 3533 1535 3586 noctem".
1588 3530 1857 3587 Columna
1915 3532 2057 3602 ignis

476 3644 695 3695 rursus,
730 3628 817 3682 vel
847 3625 1090 3697 Spiritus
1124 3633 1349 3681 sanctus
1393 3636 1499 3688 est,
1534 3624 1627 3693 qui
1663 3625 1731 3677 ad
1774 3627 2055 3694 apostolos

474 3721 533 3774 iu
572 3719 713 3789 ignis
749 3719 928 3772 forma
964 3715 1283 3781 accessit",
1316 3716 1398 3770 vel
1436 3717 1601 3769 etiam
1627 3716 1745 3785 ipse
1776 3715 2054 3784 Christus,

476 3812 573 3882 qui
588 3812 845 3865 columna
862 3810 1083 3880 quidem
1108 3810 1179 3863 ob
1207 3808 1531 3879 tripartitam
1564 3809 1812 3878 corporis
1839 3809 2054 3864 diruen-

477 3905 689 3958 sionetn
719 3903 921 3957 dicitur
953 3918 969 3955 :
999 3901 1143 3971 ignis
1169 3912 1380 3965 autem,
1407 3908 1627 3968 propter
1670 3899 2052 3955 divinitatem:

474 3996 620 4051 Deus
655 3997 802 4052 enim
847 4002 1026 4050 noster
1068 3994 1206 4065 ignis
1237 4007 1550 4047 consumens
1577 4005 1655 4047 est
1689 3993 1757 4048 ⁷³.
1791 3990 1924 4048 ﬂare
1953 3994 2058 4047 ilu-

477 4106 586 4161 quc
638 4090 782 4161 ignis
829 4090 1087 4143 columna
1135 4087 1189 4141 in
1232 4087 1441 4140 erroris
1498 4093 1661 4140 nocte
1691 4096 1950 4154 vagantes
1987 4085 2056 4139 ad

475 4182 760 4237 veritatem
781 4180 934 4235 ducit
964 4178 1208 4233 scientiae
1229 4178 1491 4231 nimirum
1516 4175 1695 4232 facem
1732 4177 2053 4247 praeferens.

477 4272 763 4328 Desertum
814 4283 995 4326 autem
1055 4271 1353 4324 mitescens
1387 4270 1571 4323 anima
1592 4280 1697 4337 est,
1750 4287 1873 4340 quae
1902 4273 2057 4341 prius

476 4365 699 4434 quidem
766 4362 1033 4417 silvestris
1096 4370 1210 4415 erat
1257 4370 1421 4431 atque
1456 4360 1623 4426 invia,
1656 4376 1759 4416 nec
1816 4361 2053 4416 fructum

480 4456 651 4509 ullum
705 4454 860 4524 probi
899 4452 1143 4507 alimenti
1174 4451 1403 4518 ferebat,
1454 4464 1642 4521 postea
1691 4468 1820 4507 vero
1857 4456 2055 4524 spiritu

2159 3262 2306 3335 quod
2339 3263 2391 3317 in
2428 3262 2718 3331 praesentia
2773 3259 2980 3316 Christi
3013 3261 3332 3331 mysterium
3385 3261 3645 3331 positum,
3675 3277 3743 3318 ac

2156 3356 2306 3411 velut
2361 3354 2777 3426 praesignatum,
2813 3362 2979 3422 atque
3036 3360 3163 3408 ante
3218 3354 3416 3409 saecula
3460 3354 3740 3410 decretum

2157 3456 2326 3502 esset.
2369 3444 2506 3499 Tum
2547 3445 2696 3516 quod
2760 3445 2968 3500 idcirco
3021 3444 3233 3500 decima
3268 3445 3357 3501 die
3384 3460 3555 3517 agnus
3582 3461 3741 3502 acce-

2157 3551 2304 3609 ptus,
2332 3549 2494 3608 atque
2523 3537 2673 3609 quod
2701 3537 2768 3593 ad
2810 3551 3098 3607 vesperam
3131 3546 3401 3594 mactatus
3425 3550 3546 3593 esse
3586 3540 3738 3593 diea-

2159 3640 2266 3695 tur,
2303 3631 2431 3700 quia
2463 3630 2516 3684 iu
2549 3629 2660 3684 line
2680 3630 3008 3685 saeculorum
3039 3627 3260 3683 Christo
3290 3643 3439 3685 mors
3469 3628 3693 3699 contigit
3719 3645 3735 3686 :

2157 3724 2418 3793 quodque
2474 3723 2598 3777 ideo
2627 3732 2789 3777 nocte
2824 3735 2930 3776 una
2964 3735 3156 3775 carnes
3184 3721 3564 3785 absumantur,
3608 3723 3737 3791 quia

2157 3817 2353 3869 mortis
2398 3814 2602 3868 Christi
2638 3822 2851 3882 tempus
2891 3813 3114 3866 unicum
3151 3820 3257 3875 est,
3293 3826 3356 3866 ac
3384 3812 3552 3867 semel
3589 3827 3738 3866 mor-

2159 3914 2312 3970 tuus,
2349 3921 2458 3959 non
2495 3906 2634 3958 ultra
2676 3905 2931 3958 moritur.
2964 3902 3096 3957 ltem
3133 3904 3280 3971 quod
3312 3918 3429 3967 eos,
3467 3904 3561 3974 qui
3611 3902 3741 3971 agni

2156 3998 2455 4069 participes
2507 3998 2662 4061 fiunt,
2713 3996 2782 4049 ab
2814 3994 2961 4050 omni
3018 3996 3153 4049 vitio
3186 4004 3243 4049 et
3274 3994 3403 4050 dolo
3435 3997 3582 4050 velut
3627 3995 3742 4049 fcr-

2158 4098 2342 4143 mento
2391 4086 2625 4157 quodam
2651 4086 2864 4141 alienos
2911 4100 3055 4152 esse,
3102 4101 3166 4140 ac
3198 4101 3296 4155 pro
3321 4087 3521 4142 Christi
3553 4101 3740 4141 amore

2159 4179 2513 4234 alﬁictiouum
2567 4178 2896 4233 acerbitates
2952 4187 3009 4233 et
3064 4177 3462 4232 amaritudines
3497 4176 3743 4246 perferre

2158 4283 2411 4341 oportet,
2450 4280 2505 4326 et
2560 4270 2845 4341 expeditos
2895 4284 3016 4325 esse
3070 4278 3234 4339 atque
3302 4271 3643 4335 succinctos,
3675 4285 3739 4324 ac

2160 4363 2410 4416 morienti
2465 4361 2692 4416 Christo
2728 4363 2873 4417 velut
2933 4363 3162 4416 cmuites
3211 4376 3271 4416 se
3315 4362 3634 4432 adiungere,
3681 4372 3738 4416 et

2160 4470 2286 4510 cum
2306 4471 2371 4509 eo
2394 4471 2458 4511 ex
2487 4456 2589 4510 hac
2625 4456 2733 4509 vita
2762 4454 3162 4525 mundanisque
3189 4455 3423 4523 negotiis
3452 4455 3743 4523 excedere,

482 4546 728 4601 lenitatis
780 4543 1177 4609 mansuefacta,
1225 4558 1289 4597 ac
1340 4558 1436 4612 per
1470 4545 1714 4598 divinum
1774 4561 2055 4602 accessum
2091 4541 2136 4598 ι)
2164 4553 2326 4615 atque
2366 4560 2545 4616 usque
2576 4545 2643 4599 ad
2666 4554 2939 4615 posteram
2993 4558 3246 4598 auroram
3294 4542 3443 4597 domi
3495 4556 3737 4609 manere,

478 4638 729 4705 exculta,
780 4637 994 4692 fructus
1056 4635 1305 4708 protulit.
1365 4634 1485 4691 .lam
1531 4652 1681 4692 mare
1713 4641 1858 4708 quod
1913 4643 2057 4693 scin-

480 4731 666 4797 ditur,
704 4730 997 4785 at'fectuutn
1050 4737 1345 4799 tempestas
1399 4738 1502 4791 est,
1536 4743 1601 4786 ac
1636 4728 1952 4785 ﬂuctuantis
2003 4740 2059 4786 ct

480 4822 799 4892 procellosus
844 4821 1009 4890 hujus
1053 4820 1174 4874 vitae
1213 4819 1599 4875 amaruleutia.
1632 4818 1846 4881 Pharao
1874 4831 2055 4876 autem

479 4918 828 4979 submersus,
854 4925 1016 4981 atque
1045 4912 1268 4966 Amalec
1318 4912 1461 4966 bello
1509 4926 1826 4981 oppressus,
1866 4915 2058 4969 diabo-

483 5008 568 5060 lus
589 5015 693 5061 est.
716 5007 905 5070 Arma,
937 5004 1185 5058 divinum
1216 5004 1512 5070 auxilium;
1539 5021 1755 5072 manus,
1788 5008 2056 5074 actiones;

482 5099 660 5164 panis.
711 5096 1016 5165 spiritualis
1069 5109 1218 5148 esca.
1278 5094 1459 5161 Petra,
1507 5094 1781 5164 Christus,
1830 5113 1894 5151 ex
1950 5114 2057 5167 quo

482 5203 622 5257 aqua
654 5189 780 5240 vitae
815 5196 1020 5240 manat.
1062 5185 1291 5241 Fluvius
1323 5188 1418 5256 qui
1451 5187 1753 5255 inhibetur,
1810 5189 2057 5245 libidinis

483 5278 829 5347 profluvium.
867 5276 960 5330 Sol
1018 5287 1192 5340 stans,
1266 5275 1361 5331 Sol
1416 5289 1499 5333 cst
1548 5279 1798 5348 justitiam
1880 5284 2057 5352 Atque

482 5388 515 5424 υ
544 5373 761 5425 beatum
793 5369 1195 5436 homincm,qm
1220 5376 1333 5421 toto
1361 5372 1471 5434 die,
1505 5373 1608 5425 hoc
1647 5385 1731 5425 est
1759 5377 2048 5442 praesentis

549 5570 597 5603 '"‘
632 5571 760 5643 Sap.
801 5585 898 5636 xu,
939 5569 992 5624 8.
1069 5571 1116 5603 ⁷⁸
1156 5569 1327 5626 lCor.
1363 5572 1474 5636 x,l
1514 5586 1670 5641 seqq.

552 5754 664 5822 (9.2)
704 5752 874 5806 (labes
902 5750 1086 5805 Josue.
1121 5748 1230 5803 ilas
1262 5768 1454 5822 omnes
1496 5753 1755 5809 historias
1779 5756 2048 5822 interpres

486 5821 703 5878 Graecos
744 5826 862 5877 fuse
893 5829 1218 5892 prosccutus
1266 5834 1370 5879 est.
1404 5821 1574 5879 Nobis
1606 5826 1721 5880 loca
1756 5821 2053 5894 Scriptum;

1747 5573 1791 5604 ”
1822 5573 1946 5628 Psal
1973 5590 2099 5639 cxx,
2139 5575 2193 5629 6.

2161 4639 2268 4692 hoc
2319 4647 2424 4704 est,
2456 4638 2661 4692 virtute
2704 4650 2814 4690 non
2846 4636 3154 4700 discedere,
3196 4635 3381 4705 quoad
3407 4632 3590 4688 futura
3620 4635 3741 4690 dies

2162 4730 2465 4803 praesentiae
2521 4728 2729 4784 Christi
2789 4728 3090 4782 illucescat.
3127 4725 3242 4779 Nox
3291 4727 3437 4780 enim
3476 4733 3588 4779 tota
3623 4725 3741 4780 haec

2162 4824 2273 4877 vita
2304 4831 2408 4878 est.
2463 4822 2612 4884 Haec,
2643 4828 2808 4889 atque
2856 4819 3193 4888 huiusmodi,
3243 4816 3451 4873 Pascha
3510 4816 3747 4887 mystice

2164 4913 2436 4984 designat,
2491 4927 2614 4982 quae
2644 4912 2730 4966 lex
2776 4910 3001 4982 quidem
3059 4909 3438 4974 adumbravit,
3486 4909 3741 4964 Christus

2167 5015 2349 5062 autem
2386 5006 2640 5061 absolvit.
2677 5003 2796 5073 ipse
2837 5004 2981 5057 enim
3037 5002 3084 5056 is
3121 5011 3258 5068 erat,
3293 5015 3456 5070 quem
3508 5002 3622 5056 haec
3673 5000 3740 5053 ad

2165 5113 2422 5153 verorum
2481 5097 2729 5151 colorum
2780 5093 3191 5163 expressionem
3247 5091 3651 5156 desiderabant,
3682 5100 3743 5146 ut

2165 5203 2287 5260 quae
2314 5188 2448 5242 nihil
2480 5188 2626 5241 aliud
2655 5196 2861 5253 essent,
2886 5200 3051 5256 quam
3073 5186 3279 5239 umbrae
3309 5199 3496 5239 earum
3532 5198 3740 5248 rerum,

2167 5296 2295 5353 qtue
2327 5280 2394 5335 ab
2427 5280 2546 5348 ipso
2587 5277 2835 5347 gerendae
2866 5285 3043 5332 erant.
3074 5275 3323 5341 Quonam
3365 5284 3545 5329 autem
3579 5273 3741 5327 modo

2170 5371 2241 5424 iis
2271 5381 2570 5447 cxtrcinam
2610 5384 2833 5422 manum
2900 5367 3152 5422 addidit?
3194 5365 3464 5429 Quoniam
3509 5364 3748 5420 sublatis

2273 5574 2317 5606 ⁷⁸
2370 5577 2491 5630 Act.
2519 5593 2577 5639 ll,
2623 5574 2642 5628 i
2683 5590 2839 5644 Seqq.
2919 5575 2965 5606 '9
3006 5572 3160 5625 Deut.
3213 5586 3286 5635 tv,
3332 5569 3425 5624 24.

2158 5755 2450 5835 adnotasse
2479 5756 2614 5810 satis
2646 5751 2769 5808 fuit.
2795 5750 3104 5806 Notissima:
3122 5753 3265 5806 enim
3302 5760 3430 5806 sunt
3457 5749 3540 5805 hee
3564 5750 3738 5806 histo-

2161 5842 2275 5880 [ιω.
