4116 6428
364 398 506 465 1389

1290 382 1615 445 NICETAS
1657 378 1738 440 IN
1782 376 2010 438 ORAT.
2051 376 2221 439 XLII
2263 379 2325 439 S.
2364 376 2600 437 GREG.

3475 364 3611 430 I390

361 530 529 587 atque
563 509 860 581 antiquatis
912 502 1231 561 liberalibus
1267 496 1575 562 sacriﬁciis,
1627 493 1932 565 spiruualia
1963 500 2007 557 Α
2037 495 2130 549 hic
2174 504 2353 549 tamen
2384 492 2527 561 juris
2578 487 3020 559 praecellentiam,
3053 484 3213 540 Pater
3245 483 3391 538 enim
3425 485 3614 538 diabo-

363 585 637 667 sacrilicia
686 599 930 658 numeris
970 596 1226 653 omnibus
1275 590 1525 647 absoluta
1561 587 1807 650 tradidit,
1851 585 1936 639 ni-

362 702 563 757 mirum
615 712 741 752 cum
785 706 939 747 novae
967 703 1140 745 cinna:
1169 685 1433 757 mysterio
1491 694 1623 735 suos
1678 677 1935 740 initiavit,

363 780 609 858 dixitque
637 808 650 841 :
686 783 802 837 Hoc
828 781 989 851 facite
1017 780 1075 832 in
1105 792 1276 832 meant
1302 770 1853 828 commemorationem
1867 766 1932 820 ⁸ο.

360 882 475 936 Nec
502 882 645 934 enim
673 880 783 947 jam
813 889 1012 945 agnum
1042 872 1329 932 habemus,
1353 880 1455 921 nec
1488 861 1718 919 acerbas
1756 860 1939 913 lactu-

364 991 485 1038 cas,
522 985 826 1042 panemque
856 963 1108 1021 termenti
1139 969 1442 1030 expertem,
1467 969 1656 1011 verum
1680 967 1779 1024 pro
1800 964 1941 1020 agno

366 1068 546 1135 ipsum
599 1062 903 1121 Christum,
952 1057 1128 1114 illum,
1163 1055 1408 1122 inquam,
1443 1048 1655 1117 Agnum
1692 1044 1808 1108 Dei,
1840 1044 1943 1097 tol-

364 1160 564 1213 lentem
609 1161 826 1224 peccata
872 1147 1084 1210 mundi,
1116 1161 1277 1216 quem
1314 1145 1400 1197 lex
1422 1140 1739 1201 delineavit,
1770 1137 1942 1191 Isaias

368 1248 649 1306 inditavit,
678 1241 919 1296 Joannes
945 1236 1381 1293 demonstravit:
1413 1246 1511 1302 pro
1534 1244 1728 1300 auytno
1756 1238 1939 1281 autent

366 1354 529 1409 pane,
559 1348 613 1389 et
665 1334 889 1389 lactucis
919 1330 1152 1391 acerbis,
1197 1324 1549 1396 purissimam
1615 1321 1668 1373 in
1725 1318 1945 1372 Christo

366 1432 561 1490 vitam,
595 1443 718 1495 qua:
780 1440 886 1477 non
935 1422 1053 1475 sine
1100 1418 1396 1471 acerbitate
1442 1410 1946 1477 alllictionibusque

366 1524 665 1577 obtinetur.
697 1515 780 1572 0h
818 1531 941 1569 eam
985 1512 1133 1566 enim
1163 1523 1387 1563 causam
1422 1505 1677 1560 Christus
1710 1517 1777 1555 ex
1816 1515 1945 1570 pas-

369 1614 525 1668 sione
559 1612 624 1664 ad
663 1609 890 1678 gloriam
925 1603 1191 1675 pervenit,
1235 1610 1296 1654 ut
1341 1615 1405 1653 ex
1438 1613 1505 1652 eo
1529 1598 1773 1667 quidem,
1800 1592 1948 1662 quod

370 1716 565 1772 passus
600 1707 704 1763 est,
739 1714 838 1752 nos
866 1709 1087 1764 quoque
1119 1692 1332 1755 doceat,
1370 1689 1589 1742 dolores
1623 1696 1781 1753 atque
1811 1680 1949 1736 afﬂi-

368 1796 585 1847 ctiones
628 1789 846 1858 pietatis
877 1800 1046 1841 causa
1081 1782 1397 1838 subeundas
1447 1792 1568 1833 esse
1603 1794 1617 1830 :
1652 1791 1715 1829 ex
1751 1789 1817 1829 eo
1846 1789 1945 1827 au-

372 1844 507 1947 tem,
531 1844 673 1950 (ιιιδά
714 1879 942 1945 gloriam
971 1874 1203 1943 adeptus
1231 1881 1335 1935 est,
1373 1869 1426 1922 id
1465 1867 1622 1922 nobis
1651 1864 1860 1925 afferat,
1890 1872 1949 1918 ut
1980 1844 2021 1902 Β

373 1973 427 2025 in
445 1973 634 2025 eadem
659 1983 783 2023 cum
804 1980 870 2022 eo
890 1964 1059 2033 gloria
1086 1963 1281 2017 simus.
1310 1958 1367 2013 Si
1399 1959 1541 2012 enim
1573 1957 1947 2024 compatimur,

368 2066 551 2132 inquit
580 2062 805 2123 Paulus,
835 2070 885 2112 et
918 2050 1524 2125 congloriﬁcabimur“.

448 2155 563 2207 Col.
598 2152 702 2205 654
731 2154 794 2202 Α.
829 2148 1109 2202 Enimvero
1139 2143 1372 2199 alienum
1402 2157 1509 2194 non
1564 2139 1725 2209 fuerit
1759 2153 1863 2190 rem
1891 2151 1952 2189 ac

373 2246 669 2298 doctrinam
709 2241 995 2309 inquirere,
1044 2246 1155 2292 etc.
1187 2234 1301 2289 Hoc
1326 2234 1448 2288 loco
1477 2246 1734 2301 magnum
1789 2229 1952 2299 quid-

375 2338 521 2407 piam
564 2333 952 2403 inqttisiturum
988 2343 1048 2385 se
1080 2326 1393 2398 proﬁtetur,
1423 2324 1587 2393 idque
1627 2337 1742 2377 rem
1774 2330 1953 2381 vocat.

379 2434 569 2493 utpote
608 2434 839 2494 gestam,
889 2421 1195 2476 doctrinam
1251 2425 1458 2479 autem,
1489 2424 1550 2469 ut
1602 2413 1954 2483 opinabilem,

377 2515 486 2569 hoc
523 2522 627 2576 est,
660 2514 976 2582 opinionem
1027 2506 1321 2578 quamdam
1348 2515 1405 2559 et
1439 2506 1772 2559 sententiam
1804 2503 1870 2557 de
1897 2517 1956 2556 se

380 2606 539 2660 nobis
594 2605 934 2658 alierentem.
1004 2599 1325 2655 Exhaustus
1371 2597 1556 2661 enim,
1606 2596 1804 2664 inquit,
1861 2608 1958 2663 pro

379 2695 545 2751 nobis
586 2694 675 2746 ille
721 2691 948 2759 sanguis
980 2689 1185 2743 Christi
1215 2686 1331 2757 (qui
1364 2694 1421 2739 et
1456 2684 1708 2739 Pontifex
1733 2683 1955 2744 dicitur,

382 2795 443 2838 ut
472 2801 573 2837 nos
602 2786 711 2836 Deo
748 2783 949 2835 sistens
978 2791 1145 2848 atque
1168 2778 1494 2839 concilians,
1518 2786 1571 2831 et
1597 2775 1956 2841 sacriﬁcium,

381 2875 510 2943 quia
558 2874 774 2927 oblatus
828 2870 933 2939 est)
966 2870 1054 2925 cui
1088 2871 1306 2922 tandem
1358 2869 1518 2922 datus
1566 2876 1671 2929 est,
1706 2874 1761 2919 et
1791 2880 1956 2934 quam

383 2968 454 3019 ob
498 2964 761 3019 causam?
804 2962 993 3032 Neque
1035 2962 1181 3017 enim
1215 2959 1346 3014 illud
1400 2958 1628 3013 dubium
1684 2963 1793 3020 est,
1824 2957 1959 3025 quin

385 3074 488 3113 nos
547 3058 744 3127 captivi
787 3072 818 3110 a
866 3054 1083 3110 diabolo
1140 3061 1473 3116 tenerentur,
1500 3050 1802 3104 venundati
1859 3046 1961 3103 sub

384 3159 634 3220 peccato,
663 3146 1122 3217 quemadmodum
1160 3145 1229 3198 ad
1280 3141 1564 3196 Romanos
1588 3140 1782 3195 scribit
1815 3142 1961 3208 Apu-

386 3242 653 3304 stolus‘“,
679 3245 754 3294 ab
808 3238 949 3295 Isaia
993 3245 1273 3293 mutuatus
1290 3235 1362 3290 ⁸⁸.
1398 3233 1573 3288 Simul
1624 3232 1770 3288 enim
1801 3245 1964 3301 atquc

390 3335 484 3387 Dei
535 3335 707 3403 legent
764 3332 935 3386 libera
966 3332 1247 3385 voluntate
1299 3327 1644 3390 violavimus,
1670 3335 1832 3394 atque
1857 3326 1963 3378 itu-

389 3438 575 3497 petum
622 3425 825 3480 diaboli
874 3422 1224 3485 admisimus,
1284 3420 1539 3490 protinus
1594 3418 1806 3471 aditum
1861 3418 1963 3486 ipsi

389 3520 724 3587 aperuimus,
752 3524 1032 3588 peccatum
1056 3513 1308 3568 videlicet
1339 3527 1406 3566 es
1439 3513 1596 3566 nobis
1622 3511 1965 3579 adjicientes,

389 3627 457 3666 ac
480 3632 497 3661 κ
514 3611 666 3663 itium
691 3624 814 3663 cum
847 3607 1125 3675 voluptate
1148 3600 1797 3673 permutantemjucunda
1820 3602 1967 3655 enim

392 3705 567 3772 ipsius
622 3701 950 3770 perpetratio
997 3713 1121 3752 esse
1176 3696 1411 3750 videtur.
1461 3693 1615 3759 Quod
1670 3696 1714 3746 si
1760 3692 1828 3756 is,
1873 3692 1969 3761 qui

392 3796 646 3865 captivos
704 3793 940 3856 detinet,
987 3787 1379 3859 redemptionis
1437 3800 1662 3856 quoque
1731 3785 1970 3853 pretium

394 3892 643 3957 accipere
668 3890 846 3953 debet,
876 3902 1062 3957 quaero
1086 3887 1303 3941 cuinam
1339 3882 1566 3953 sanguis
1590 3882 1793 3935 Christi
1820 3881 1974 3933 obia-

395 3994 488 4039 tus
520 3984 591 4038 sit
641 3980 892 4036 diabolo?
941 3980 1103 4047 Atqui
1155 3980 1258 4032 hoc
1315 3987 1571 4031 extrema:
1629 3973 1974 4028 contumelia:

397 4079 583 4140 fuerit,
613 4076 658 4129 si
684 4074 936 4129 diabolus
966 4072 1071 4126 tale
1102 4072 1335 4139 pretium
1369 4069 1643 4138 talemque
1669 4068 1971 4121 mercedem

396 4166 695 4241 acceperit,
726 4177 923 4232 nempe
984 4161 1158 4215 Deum
1190 4159 1397 4228 ipsum,
1430 4159 1499 4213 ob
1554 4172 1713 4226 quem
1749 4155 1976 4210 omnino

398 4274 499 4328 par
546 4267 686 4322 erat,
734 4267 791 4310 ut
823 4255 961 4309 latro
996 4253 1085 4308 ille
1134 4251 1294 4305 nobis
1338 4265 1560 4320 quoque
1597 4256 1864 4318 parceret.
1894 4248 1974 4302 An

398 4349 550 4405 Patri
602 4349 760 4403 datus
790 4347 911 4401 est?
938 4345 1104 4414 Atqui
1156 4356 1504 4412 nequaquam
1540 4340 1611 4395 ab
1653 4355 1719 4395 co
1751 4341 1977 4395 teneba-

402 4459 549 4498 mur.
579 4441 795 4509 Alioqui
831 4439 995 4492 etiam
1028 4451 1150 4506 qua:
1172 4444 1254 4489 est
1290 4435 1407 4488 haec
1439 4433 1579 4487 ratio
1610 4442 1775 4501 atque
1806 4431 1977 4499 expli-

2040 588 2151 642 lsm
2187 583 2589 648 condemnavit,
2630 589 2689 636 ut
2718 579 2811 650 qui
2841 578 2981 633 Filio
3022 590 3126 633 suo
3151 576 3354 645 injuste
3384 586 3615 629 mortem

2040 685 2409 750 procurasset.
2430 674 2577 730 Mors
2605 672 2753 729 enim
2779 671 2984 741 peccati
3016 684 3179 740 paena
3207 675 3330 731 est;
3359 668 3615 724 Christus

2042 780 2224 824 autem
2273 780 2555 837 nunquam
2605 764 2874 835 peccavit.
2937 763 3015 817 Ac
3074 760 3297 830 proinde
3351 760 3425 814 ita
3486 774 3619 813 cou-

2042 864 2300 918 demnato
2327 868 2562 930 tyranno
2584 857 2742 913 Pater
2776 870 2877 910 nos
2908 853 3180 919 liberavit,
3208 863 3367 922 atque
3390 852 3460 906 ad
3491 868 3615 905 eum

2043 970 2140 1025 per
2187 954 2384 1007 Filium
2418 950 2665 1007 subvecti
2702 962 2921 1003 sumus.
2947 944 3085 1000 Nam
3116 948 3162 1001 is
3196 945 3413 999 medius
3453 946 3621 997 inter-

2042 1045 2255 1115 positus
2287 1043 2428 1096 viam
2462 1041 2623 1096 nobis
2665 1040 3033 1109 complanavit
3062 1044 3118 1092 et
3146 1036 3623 1099 communstravit,

2044 1146 2207 1206 atque
2251 1136 2304 1189 iu
2340 1134 2518 1189 Patris
2580 1134 2844 1186 honorem
2893 1131 2997 1186 hoc
3042 1128 3402 1196 dispensavit.
3437 1125 3618 1180 Homo

2044 1227 2188 1281 enim
2242 1226 2420 1280 factus
2450 1233 2555 1287 est,
2590 1234 2645 1279 et
2677 1237 2873 1294 passus
2906 1229 3017 1285 est,
3045 1230 3098 1275 et
3126 1223 3446 1289 sanguinem
3474 1218 3621 1272 Patri

2044 1318 2267 1381 obtulit,
2317 1324 2377 1370 ut
2430 1315 2591 1370 Pater
2635 1314 2851 1368 hostem
2885 1312 3293 1372 condemnaret,
3342 1310 3626 1377 nostrique

2053 1410 2271 1476 qeneris
2302 1409 2566 1463 liberator
2596 1405 2771 1475 magis
2809 1413 3119 1474 appareret,
3152 1404 3252 1456 etsi
3287 1400 3459 1454 Filius
3489 1414 3627 1468 prte-

2048 1502 2258 1556 claruin
2298 1500 2403 1555 hoc
2430 1498 2645 1553 facinus
2673 1498 2928 1566 patravit.
2964 1494 3174 1548 Passim
3203 1493 3347 1547 enim
3373 1494 3426 1545 in
3450 1492 3629 1545 Evan-

2049 1593 2189 1663 gelio
2222 1594 2438 1647 Patrem
2470 1591 2774 1653 honoraris,
2805 1588 3022 1659 egregia
3069 1602 3169 1641 sua
3198 1586 3337 1639 facta
3369 1586 3420 1639 ei
3450 1583 3628 1638 ascri-

2050 1686 2147 1738 bit.
2191 1683 2327 1738 Illud
2377 1691 2561 1738 autem
2596 1681 2899 1736 notandum
2925 1677 3097 1748 quod,
3124 1690 3250 1731 cum
3290 1675 3404 1729 hac
3435 1673 3625 1736 dictio,

2052 1776 2266 1848 λύτρον,
2287 1775 2424 1829 duas
2455 1773 2820 1844 proprietates
2856 1769 3318 1834 habeat,alteram
3352 1765 3480 1833 quia
3506 1777 3626 1829 eos,

2051 1869 2141 1938 qui
2176 1866 2374 1934 captivi
2418 1876 2699 1928 tenentur,
2726 1865 2781 1918 in
2811 1862 3119 1917 libertatem
3150 1860 3371 1922 asserit,
3399 1858 3628 1912 alteram

2051 1960 2177 2028 quia
2212 1961 2285 2019 ei,
2325 1974 2354 2012 a
2388 1972 2499 2027 quo
2532 1964 2811 2022 tenentur,
2840 1954 3079 2023 pretium
3118 1951 3357 2022 persolvi
3405 1964 3632 2005 necesse

2051 2062 2157 2115 est,
2193 2052 2299 2105 hoc
2333 2052 2450 2104 loco
2472 2049 2648 2119 pretio
2686 2048 2833 2111 huic,
2864 2046 3010 2116 quod
3042 2044 3307 2097 Dominus
3328 2041 3634 2096 redimendi

2054 2144 2227 2198 nostri
2271 2158 2437 2198 causa
2501 2139 2798 2211 persolvit,
2851 2140 3019 2192 altera
3093 2136 3403 2206 proprietas
3459 2134 3635 2187 adfuit

2055 2235 2327 2306 (captivos
2354 2234 2500 2287 enitn
2556 2232 2855 2300 liberavit),
2885 2231 3054 2283 altera
3107 2227 3300 2281 deluit.
3332 2223 3442 2279 Nec
3486 2226 3631 2277 enim

2055 2327 2309 2382 diabolus
2345 2324 2659 2395 huiusmodi
2703 2322 2937 2392 pretium
2966 2318 3200 2387 accepit,
3227 2318 3371 2372 absit
3400 2334 3417 2370 :
3445 2329 3635 2369 verum

2059 2416 2243 2482 Pater,
2290 2427 2515 2487 propter
2566 2413 2691 2467 Filii
2720 2411 3187 2467 concertationem
3216 2417 3419 2461 nostra
3443 2404 3639 2459 salutis

2058 2525 2225 2565 causa
2275 2507 2587 2563 voluntarie
2634 2516 2971 2572 susceptam.
3022 2501 3156 2555 Illud
3185 2498 3407 2568 quidem
3439 2510 3641 2565 pravus

2055 2601 2285 2669 spiritus
2340 2600 2395 2652 in
2450 2613 2549 2666 spe
2594 2596 2807 2659 habuit,
2842 2595 2938 2649 sed
2964 2607 3065 2658 pro
3096 2605 3160 2645 ea
3190 2604 3290 2659 spe
3328 2587 3499 2642 totius
3537 2588 3643 2640 im-

2060 2691 2199 2761 perii
2233 2688 2574 2743 eversionem
2605 2688 2837 2756 accepit.

2127 2781 2261 2835 Ibid.
2293 2780 2558 2835 Psssnus.
2600 2780 2739 2833 Rem
2789 2788 2842 2831 et
2907 2775 3209 2829 doctrinam
3254 2770 3375 2841 (Gr.
3400 2770 3638 2841 πρᾶγμα

2060 2875 2158 2928 καὶ
2180 2872 2401 2943 δόγμα).
2430 2872 2529 2925 Res
2563 2883 2668 2931 est,
2704 2885 2822 2940 quae
2855 2885 2974 2923 cun
3009 2867 3239 2937 geritur,
3270 2863 3475 2917 nullam
3510 2879 3643 2916 con-

2062 2967 2435 3021 tradictionent
2468 2963 2855 3034 spectatoribus
2901 2960 3119 3029 prtebet.
3172 2958 3317 3012 Nam
3360 2955 3499 3025 quod
3532 2955 3645 3008 det-

2062 3060 2254 3129 pttinus
2281 3074 2373 3127 per
2406 3072 2574 3127 aquas
2600 3055 2836 3119 labatur,
2864 3069 2945 3106 res
2974 3062 3052 3106 est
3082 3053 3138 3105 in
3166 3049 3436 3120 opinionis
3470 3049 3644 3103 serico

1990 3180 2037 3242 ο
2064 3161 2231 3206 tatem
2264 3151 2481 3205 minime
2510 3148 2725 3202 cadens.
2748 3146 2927 3217 Neque
2950 3145 3098 3199 enim
3128 3143 3252 3197 aliis
3277 3151 3467 3196 natare
3497 3141 3645 3195 side.

2064 3251 2177 3306 tur,
2209 3244 2334 3297 aliis
2359 3258 2529 3297 secus.
2556 3243 2619 3295 At
2645 3241 2786 3311 quod
2815 3240 2893 3291 ita
2921 3238 3147 3308 geritur,
3166 3244 3224 3287 ut
3245 3235 3460 3288 interim
3483 3232 3645 3287 uariis

2067 3337 2420 3406 spectantium
2436 3344 2529 3389 aut
2560 3333 2965 3403 intelligentiam
2994 3326 3325 3397 opinionibus
3349 3324 3645 3391 dividatur,

2070 3431 2165 3484 hoc
2185 3438 2540 3497 pmterquam
2571 3424 2713 3495 quod
2735 3423 2961 3493 geritur,
2986 3421 3150 3474 etiam
3176 3418 3498 3472 decernitur.
3541 3416 3650 3470 Do-

2071 3538 2192 3591 gma
2219 3522 2357 3574 enim
2386 3528 2463 3573 est
2495 3518 2572 3571 rei
2601 3515 2779 3570 dubia:
2818 3523 2868 3569 et
2893 3523 3242 3567 controversa:
3278 3520 3395 3580 post
3422 3523 3651 3563 accura-

2074 3624 2184 3667 tam
2213 3611 2607 3681 inquisitionem
2638 3607 2990 3678 pronuntiata
3040 3603 3326 3660 sententia.
3380 3600 3653 3667 Quemad-

2074 3705 2287 3758 modum
2326 3703 2610 3757 Platonem
2656 3701 2890 3754 animem
2922 3697 3278 3751 immortalem
3314 3707 3555 3749 astruere
3587 3707 3652 3747 ac

2072 3796 2346 3849 decernere
2363 3795 2591 3846 dicimus
2623 3806 2642 3844 :
2670 3790 3094 3861 qundoquidem
3111 3787 3366 3841 Simmias
3398 3795 3449 3839 et
3487 3785 3651 3839 Lebes

2075 3888 2233 3942 aliter
2268 3887 2333 3939 de
2364 3902 2427 3939 ea
2458 3883 2774 3948 sentiebant,
2810 3882 3064 3935 nimirum
3091 3878 3428 3932 harmoniam
3465 3893 3654 3946 quam-

2072 3981 2198 4034 dam
2215 3993 2328 4032 esse
2354 3985 2672 4039 asserentes,
2700 3989 2811 4027 una
2831 3987 2948 4025 cum
2972 3970 3279 4037 corporibus
3300 3967 3616 4021 dilabentem
3635 3983 3654 4020 :

2076 4071 2175 4125 alii
2207 4071 2367 4123 etiam
2390 4070 2454 4122 de
2486 4084 2547 4121 ea
2583 4066 2745 4119 aliter
2772 4063 2977 4131 opinati
3005 4071 3148 4114 sunt.

2150 4159 2290 4214 Ibid.
2324 4158 2386 4213 Β.
2427 4158 2500 4210 Ac
2542 4156 2607 4210 de
2635 4155 2845 4211 Christo
2883 4153 2990 4206 hec
3024 4150 3345 4218 nobisgticta
3390 4152 3519 4211 sint,
3547 4157 3653 4203 etc.

2080 4252 2227 4317 Haec,
2265 4251 2465 4320 inquit.
2519 4249 2587 4302 de
2620 4246 2861 4311 Christo,
2892 4255 2948 4299 et
2990 4245 3154 4298 rebus
3200 4242 3268 4294 ab
3301 4255 3367 4294 eo
3398 4241 3658 4309 praeclare

2078 4346 2252 4414 pestis
2277 4344 2484 4399 dixisse
2507 4339 2742 4396 subiciat
2773 4354 2789 4392 :
2823 4350 2990 4407 atque
3017 4336 3084 4390 iis
3112 4335 3279 4389 etiam
3313 4334 3465 4404 plura
3491 4333 3658 4387 silen-

2081 4439 2143 4491 tii
2172 4437 2378 4490 honore
2411 4445 2833 4504 prosequemur,
2863 4438 3231 4499 praetereunte
3264 4425 3518 4481 videlicet
3536 4440 3661 4480 ora-

399 4537 569 4599 C'atio,
617 4542 675 4586 ut
709 4533 954 4586 dicamus
999 4528 1217 4583 Patrem
1264 4525 1387 4580 Filii
1422 4525 1508 4580 sui
1539 4526 1802 4593 sanguine
1831 4523 1977 4577 dele—
2003 4530 2057 4590 D
2084 4531 2262 4593 tione,
2305 4535 2420 4580 tum
2466 4540 2536 4579 ne
2567 4524 2735 4577 nimia
2773 4520 3086 4591 prolixitate
3123 4518 3471 4573 audientibus
3508 4518 3662 4572 fasti.

403 4627 562 4687 ctari,
600 4626 694 4697 qui
724 4639 787 4677 ne
814 4623 1016 4677 ca'dcm
1058 4620 1278 4690 quidem
1315 4619 1470 4672 Isaac
1521 4618 1724 4686 patrari
1775 4614 1978 4685 permi-

404 4721 563 4780 serit,
589 4720 680 4772 sed
711 4732 806 4785 pro
840 4730 904 4768 eo
938 4714 1163 4768 arietem
1209 4711 1553 4764 inactandum
1595 4706 1982 4763 substituerit?

404 4813 538 4878 Quae
586 4810 747 4879 igitur
799 4804 1118 4876 quaestionis
1178 4803 1340 4872 hujus
1385 4801 1628 4855 solutio?
1678 4799 1978 4851 Dicendum

405 4908 624 4961 Patrem
650 4902 871 4972 quidem
901 4899 1200 4967 accepisse,
1233 4912 1342 4948 non
1371 4904 1550 4949 tamen
1575 4893 1719 4962 quod
1745 4890 1980 4960 petierit,

408 5008 504 5051 aut
551 5012 685 5064 Opus
743 4992 1016 5055 habuerit,
1070 4992 1164 5044 sed
1222 4995 1441 5057 propter
1493 4985 1977 5055 dispensationem.

407 5069 781 5143 Constitutum
837 5081 983 5133 enim
1020 5078 1219 5142 fuerat,
1252 5088 1309 5131 ut
1366 5093 1463 5146 pro
1519 5077 1677 5130 nobis
1729 5075 1981 5127 Christus

408 5187 739 5238 moreretur,
791 5182 1002 5242 utgpcr
1057 5170 1239 5225 carnis
1299 5178 1593 5237 assumpta:
1658 5169 1979 5238 sanguinem

414 5270 541 5336 (hoc
594 5268 737 5320 enim
808 5264 1203 5319 humanitatem
1242 5260 1425 5328 vocat)
1482 5259 1697 5328 generis
1760 5254 1985 5310 humani

417 5364 612 5407 natura
657 5352 1003 5406 sanctitatem
1049 5357 1493 5417 consequeretur,
1547 5359 1707 5415 atque
1739 5358 1797 5400 ut
1826 5345 1985 5399 Pater

414 5462 516 5500 nos
554 5446 863 5508 redimeret,
891 5450 1119 5512 tyranno
1139 5453 1233 5508 per
1261 5439 1366 5491 vim
1388 5436 1766 5506 superato.Vis
1784 5447 1990 5504 autem,

417 5542 635 5609 proprie
690 5537 909 5607 quidem
945 5534 1198 5604 potentiae
1232 5532 1644 5589 exuberantiam
1678 5531 1986 5601 signiﬁcat:

2086 4621 2238 4674 dium
2297 4617 2601 4687 pariamus,
2641 4624 2755 4669 tum
2790 4612 2919 4681 quia
2950 4610 3215 4679 temporis
3257 4608 3507 4676 angustia
3540 4622 3663 4676 pre-

2089 4714 2318 4776 mimur,
2356 4718 2473 4763 tum
2506 4709 2668 4765 ctiam
2698 4713 2916 4775 propter
2951 4701 3221 4755 dillieilem
3273 4713 3338 4753 ac
3369 4698 3664 4765 perobscu-

2088 4814 2205 4853 ram
2247 4805 2525 4851 tantorum
2577 4790 2961 4862 mysteriorum
3016 4785 3454 4856 explicationem.
3499 4783 3661 4838 Δειιεὶ

2093 4899 2278 4944 autem
2305 4884 2579 4955 serpentis
2602 4881 2832 4937 historia
2862 4879 3063 4946 scripta
3099 4886 3182 4932 est
3212 4878 3264 4931 in
3296 4877 3434 4930 libro
3459 4873 3663 4929 Nemo-

2088 4996 2297 5037 rerum.
2328 4977 2464 5032 Nam
2496 4993 2617 5032 cum
2678 4972 2831 5027 multi
2886 4988 2950 5025 ex
2990 4973 3112 5025 liliis
3150 4971 3361 5025 lsraelis
3401 4971 3470 5023 ob
3520 4986 3667 5023 muro

2089 5071 2446 5126 murationem
2525 5083 2553 5120 a
2631 5066 2977 5135 serpentibus
3053 5062 3144 5115 icti
3209 5061 3482 5131 perirent,
3545 5070 3668 5115 tan-

2092 5162 2216 5217 dem
2267 5159 2411 5213 Dcus
2444 5156 2612 5213 Mosis
2644 5155 2896 5226 precibus
2923 5156 3223 5222 mitigatus,
3250 5154 3316 5206 ad
3340 5168 3466 5206 cum
3493 5152 3626 5205 dixit
3653 5171 3666 5204 :

2096 5253 2211 5307 Fac
2283 5252 2377 5305 tibi
2427 5250 2529 5321 ipsi
2585 5256 2898 5318 serpentem,
2935 5256 2983 5301 et
3033 5262 3167 5316 pone
3233 5261 3353 5300 eum
3396 5246 3452 5298 in
3497 5246 3667 5313 signo.

2098 5347 2205 5402 hoc
2264 5353 2349 5399 est
2412 5344 2465 5398 in
2537 5342 2707 5411 ligno.
2774 5339 2840 5393 Et
2902 5340 3140 5410 quisquis
3203 5352 3480 5407 percussus
3550 5350 3667 5388 eum

2103 5437 2392 5507 aspexerit,
2441 5436 2572 5490 vivet
2604 5434 2672 5487 ⁸⁸.
2720 5433 2848 5487 Illud
2896 5448 3059 5503 porro
3113 5426 3226 5484 Fac
3273 5430 3367 5483 tibi
3406 5428 3528 5491 ipsi,
3566 5428 3670 5480 hoc

2104 5529 2363 5592 ostendit,
2408 5527 2553 5597 quod
2605 5527 2864 5596 quoniam
2907 5542 2972 5579 ex
3002 5516 3068 5578 iis
3121 5539 3241 5590 quae
3290 5521 3509 5581 lie-bunt,
3562 5508 3671 5572 alia

521 5718 568 5749 ⁸ο
612 5715 742 5769 Luc.
788 5732 924 5787 χχιι,
962 5716 1059 5783 19;
1100 5714 1116 5768 1
1175 5712 1301 5768 Cor.
1336 5726 1413 5776 xi,
1444 5710 1533 5763 24.
1576 5708 1620 5741 ⁸*
1655 5709 1813 5763 llom.
1870 5720 1962 5761 vin

2064 5702 2142 5755 I7.
2202 5699 2246 5734 ³³
2286 5700 2446 5754 Rom.
2472 5713 2572 5771 vit,
2604 5697 2692 5753 l4.
2763 5699 2809 5731 ⁸³
2844 5698 2950 5752 Isa.
2990 5710 3084 5761 nn,
3128 5695 3151 5748 l
3190 5709 3341 5766 seqq.
3419 5693 3466 5726 3*
3502 5690 3665 5750 Num.

421 5803 537 5851 an,
587 5789 641 5857 8,
695 5788 748 5843 9.
