4116 6450
466 364 601 433 1391

1880 363 2263 425 ΑΒΒΕΝΒΑ.

3588 368 3730 434 1392

462 486 556 539 Dei
609 483 827 538 ratione
880 482 1097 545 ﬁebant,
1152 480 1258 535 alia
1312 480 1526 535 ratione
1574 480 1883 545 hominum,
1942 481 2047 534 hoc
2077 488 2122 544 Α
2153 494 2281 534 cum
2340 480 2751 546 contrarietate,
2813 491 2874 537 ut
2923 483 3181 552 superius
3242 484 3577 541 declaratum
3622 497 3731 543 est.

462 576 588 632 loco
643 591 658 629 :
716 575 833 629 Tibi
866 575 992 644 ipsi,
1034 574 1241 631 ratione
1272 573 1462 637 Musis,
1500 581 1557 627 et
1592 573 1763 628 tetius
1792 572 2042 629 multitu-

462 669 611 724 dinis
641 668 835 722 eodem
869 681 1065 735 genere
1108 665 1354 719 oriunda:
1384 664 1592 720 dictum
1620 675 1726 721 est.
1762 668 1900 733 Age,
1927 666 2039 733 jam

460 760 619 830 «μιαεί
674 775 742 814 es
802 758 972 827 ﬁgura
1020 757 1087 810 ad
1147 771 1250 812 nos
1314 758 1622 813 veniamus.
1680 758 1847 812 Deum
1877 758 2041 822 ﬁenim

462 868 562 907 nos
591 865 811 920 quoque
845 848 1195 911 offendimus,
1220 855 1385 918 atque
1416 849 1553 903 adeo
1580 849 1636 904 in
1669 848 2039 919 spiritualium

460 951 773 1011 serpentum
834 953 1080 994 morsum
1149 937 1489 1003 incidimus,
1550 938 1645 1009 qui
1713 954 1810 1008 per
1877 953 2043 994 nume

455 1034 663 1103 peccati
731 1046 905 1103 genus
976 1044 1076 1085 nos
1145 1029 1409 1085 ferientes
1474 1040 1654 1085 morte
1711 1029 2041 1087 adiciebant.

460 1129 713 1191 Quonam
759 1134 941 1179 autem
987 1123 1152 1179 modo
1203 1123 1433 1177 salutem
1478 1123 1762 1179 consecuti
1814 1123 2046 1179 sumus?

460 1217 790 1285 Aspeximns
829 1216 991 1269 etiam
1045 1213 1149 1283 ipsi
1177 1221 1491 1280 serpentem
1527 1213 1581 1266 in
1615 1213 1784 1282 ligno,
1828 1213 1932 1266 hoc
1958 1221 2043 1268 est

458 1309 785 1371 Christum,
856 1307 1145 1375 ipsumque
1212 1296 1488 1361 intuentes
1553 1316 1721 1375 atque
1792 1305 1847 1359 in
1916 1321 2043 1360 eum

458 1400 795 1463 credentes,
847 1398 1083 1454 salutem
1166 1396 1562 1451 nanciscimur.
1664 1395 1866 1452 Verum
1937 1413 2045 1466 qua

456 1490 670 1543 ratione
698 1488 865 1551 Deus.
897 1486 989 1556 qui
1030 1496 1229 1541 natura
1265 1487 1443 1542 bonus
1472 1496 1577 1552 est,
1629 1501 1860 1558 serpens
1902 1487 2044 1542 dici-

461 1585 587 1638 tur?
633 1582 905 1649 Quoniam
946 1581 1101 1649 juxta
1154 1595 1280 1645 nos,
1322 1578 1495 1634 libera
1527 1578 1809 1632 voluntate
1842 1579 2041 1644 malos,

459 1693 555 1746 per
602 1675 1016 1732 similitudinem
1074 1671 1258 1726 carnis
1299 1681 1585 1740 peccatum
1636 1670 1817 1725 factus
1858 1678 1960 1735 est,
1990 1678 2045 1725 et

456 1782 586 1821 cum
623 1765 826 1835 iniquis
858 1771 1143 1835 reputatus
1187 1771 1271 1817 est
1302 1761 1370 1817 ⁸⁸.
1417 1762 1654 1833 Serpens
1691 1765 1853 1833 igitur
1883 1762 2044 1819 Chri-

2150 569 2422 635 Quoniam
2491 570 2660 640 igitur
2727 587 2931 641 pravus
2983 575 3212 644 spiritus
3260 578 3568 631 exstinctus
3623 586 3731 641 est,

2150 674 2251 728 age
2329 661 2380 715 ei
2442 675 2745 730 congruum
2800 664 3605 734 epitaphiumcontexamus,
3664 685 3730 726 ac

2148 769 2272 809 eum
2317 752 2457 808 Osca
2491 753 2772 819 dicamus,
2814 753 2915 809 Ubi
2963 766 3067 820 est,
3093 773 3257 823 mors,
3286 758 3536 813 stimulus
3567 771 3689 814 tuus
3709 762 3737 815 ?

2150 847 2239 899 ubi
2287 855 2389 910 est,
2442 845 2673 913 inferne,
2720 848 2944 901 uictoria
2997 861 3092 902 tua
3129 848 3214 903 '7?
3270 849 3531 905 Diabolus
3582 852 3733 906 enim

2148 936 2348 992 mortis
2384 937 2635 992 minister
2677 948 2763 991 est
2814 956 2830 992 :
2881 954 3032 993 mors
3065 949 3249 994 autem
3290 937 3417 996 Orci
3458 941 3733 998 ministra.

2148 1026 2407 1083 Diabolus
2443 1029 2717 1098 siquidem
2773 1045 2870 1098 per
2928 1040 3211 1099 peccatum
3246 1033 3526 1088 sauciatos
3569 1034 3736 1087 morti

2148 1120 2396 1175 tradebat
2448 1137 2463 1173 :

2147 1212 2567 1269 transmittebat.
2601 1214 2672 1267 At
2701 1228 2851 1268 nunc
2871 1213 3184 1284 Theologus
3211 1214 3413 1270 inferni
3446 1225 3502 1270 et
3534 1215 3735 1271 mortis

2147 1305 2371 1360 nonnne
2420 1306 2702 1360 diabolum
2762 1316 2964 1373 vocat,
3027 1316 3086 1360 ut
3134 1307 3427 1377 utriusque
3485 1322 3735 1365 causam.

2147 1396 2387 1451 Aculeus
2438 1406 2622 1451 autem
2674 1397 2840 1463 illius,
2872 1407 3156 1468 peccatum
3206 1409 3311 1464 est,
3342 1416 3409 1456 ac
3443 1400 3739 1471 voluptatis

2147 1497 2379 1543 (nstrum
2429 1506 2443 1542 :
2499 1487 2754 1554 victoria,
2809 1490 2998 1555 l‘raus;
3041 1491 3245 1559 quibus
3283 1492 3451 1547 rebus
3490 1506 3592 1547 nos
3626 1492 3735 1546 sub

2147 1576 2437 1645 imperium
2513 1593 2674 1632 suum
2741 1595 2805 1633 ac
2859 1590 3187 1649 potestatem
3252 1584 3500 1654 redigere
3564 1583 3740 1639 Belial

2146 1669 2531 1724 contendebat.
2598 1671 2795 1726 Verum
2850 1683 3143 1742 utrumque
3192 1690 3290 1743 per
3323 1674 3604 1730 Christum
3642 1677 3740 1731 de-

2148 1758 2315 1813 letum
2372 1770 2475 1816 est.
2526 1760 2820 1815 Peccatum
2872 1762 3018 1817 enim
3076 1779 3186 1817 nou
3226 1764 3375 1831 fecit,
3434 1781 3590 1821 necs
3621 1776 3741 1821 ten-

457 1871 577 1915 stns
605 1867 710 1923 est,
742 1859 887 1913 velut
914 1858 968 1912 in
1000 1856 1418 1912 similitudinem
1446 1857 1677 1926 peccati,
1710 1858 1841 1927 quia
1874 1857 2041 1912 homo
2075 1861 2116 1916 Β
2146 1860 2322 1907 tutore
2378 1855 2602 1908 delusus
2658 1869 2725 1908 ac
2770 1855 3184 1911 circumventus
3214 1867 3317 1912 est.
3375 1856 3518 1923 Quin
3551 1859 3739 1929 potius

461 1953 639 2006 factus
695 1961 803 2009 est.
858 1954 1036 2021 Atque
1081 1950 1153 2005 ob
1201 1964 1322 2025 eam
1376 1964 1598 2005 causam
1651 1947 1720 2003 ad
1760 1964 1911 2015 eum,
1943 1948 2042 2019 qui

460 2060 663 2113 purum
691 2044 970 2096 hominem
1012 2057 1140 2096 eum
1181 2056 1307 2098 esse
1345 2041 1740 2108 arbitrabatur,
1772 2044 1991 2098 dicebat
2026 2058 2042 2097 :

458 2137 598 2205 Quid
652 2153 733 2190 me
784 2135 921 2190 dicis
977 2136 1170 2189 bonum
1212 2134 1294 2187 "?
1338 2136 1629 2192 Enimvero
1677 2152 1902 2207 serpens
1954 2136 2045 2191 ille

459 2246 646 2285 :eneus
690 2244 819 2284 vere
851 2244 1078 2297 serpens
1116 2243 1225 2281 non
1257 2237 1399 2291 erat,
1428 2228 1522 2282 sed
1553 2227 1784 2298 ﬁguram
1820 2212 2043 2298 quidem

458 2321 729 2390 serpentis
782 2320 1051 2382 habebat,
1092 2334 1360 2374 venenum
1387 2328 1569 2374 autem
1630 2336 1734 2374 non
1790 2321 2044 2375 habebat.

461 2414 663 2470 Eodem
697 2414 861 2471 modo
886 2413 1162 2478 Christus,
1199 2422 1474 2480 quatenus
1523 2415 1730 2483 peccati
1772 2428 2044 2468 venenum

461 2524 571 2562 non
605 2506 861 2572 habebat,
893 2522 1002 2561 non
1037 2514 1155 2560 erat
1187 2521 1330 2560 unus
1363 2521 1396 2561 e
1422 2506 1603 2573 nobis,
1632 2506 1728 2576 qui
1770 2506 2047 2577 serpentis

462 2602 694 2654 l'ormam
726 2599 1019 2656 subiimus.
1064 2601 1237 2653 Omne
1268 2600 1470 2653 ctenim
1498 2609 1783 2669 peccatum
1816 2614 2047 2669 serpens

459 2708 587 2748 vere
623 2703 729 2757 est,
783 2700 837 2745 et
895 2691 989 2760 qui
1026 2690 1204 2760 ipsum
1257 2690 1516 2758 admittit,
1552 2705 1779 2761 serpens
1826 2706 2047 2761 quoque

462 2790 580 2856 ipse
637 2783 893 2840 edicitur.
952 2784 1095 2848 Quin
1152 2783 1255 2838 hac
1299 2797 1519 2853 quoque
1564 2798 1735 2838 causa
1790 2798 2043 2853 serpens,

460 2891 625 2946 quem
675 2875 731 2930 in
785 2890 1006 2930 crucem
1042 2874 1221 2929 Moses
1269 2876 1516 2941 sustulit,
1574 2874 1805 2945 ﬁguram
1837 2875 2044 2931 Christi

462 2969 629 3039 gerit,
663 2968 926 3038 quoniam
972 2968 1433 3038 quemadmodum
1473 2982 1770 3038 corporeus
1799 2983 2046 3037 serpens,

462 3072 573 3112 non
609 3059 789 3111 solum
830 3072 1103 3111 venenum
1155 3058 1339 3123 liabet,
1384 3074 1481 3127 per
1518 3060 1688 3128 quod,
1726 3059 1820 3129 qui
1863 3060 1934 3113 ah
1979 3074 2047 3115 eo

463 3150 557 3203 icti
591 3147 815 3215 iuerint,
859 3154 1308 3219 exstinguuntur,
1365 3152 1459 3205 sed
1505 3152 1673 3205 etiam
1720 3152 1847 3205 vita:
1881 3151 2048 3221 phar-

2149 1955 2390 1999 tentator
2414 1946 2533 2014 ipse
2566 1962 2730 2002 cruce
2750 1945 2956 2003 Christi
2988 1950 3420 2006 convulneratus
3440 1961 3543 2013 est.
3572 1961 3740 2020 atque

2146 2038 2490 2105 interiectus,
2550 2050 2820 2109 quantum
2880 2042 2949 2095 ad
3001 2042 3350 2111 tyrannidem
3397 2045 3613 2109 attinet,
3670 2059 3740 2098 ac

2146 2145 2246 2200 per
2305 2145 2519 2185 aeneum
2586 2141 2644 2185 et
2706 2132 3013 2187 inanimum
3061 2144 3370 2204 serpentem
3433 2135 3735 2204 ignominia

2146 2231 2390 2278 notatur.
2422 2222 2517 2279 Ille
2545 2224 2691 2278 enim
2728 2224 2784 2278 in
2812 2225 2961 2295 ligno
2983 2229 3236 2282 conﬁxus
3269 2242 3336 2283 ac
3364 2229 3739 2296 triumphatas

2147 2324 2476 2371 tentatorem
2532 2316 2925 2387 priesignabat,
2982 2320 3078 2389 qui
3130 2334 3230 2388 per
3291 2319 3633 2374 salutiferum
3681 2327 3742 2376 et

2145 2406 2314 2464 vitale
2364 2408 2550 2464 crucis
2598 2408 2808 2479 lignum
2869 2409 3232 2479 interemptus
3285 2420 3392 2475 est,
3440 2423 3605 2480 atque
3651 2411 3728 2467 ita

2153 2501 2428 2570 serpentis
2476 2499 2715 2555 formam
2774 2502 2999 2566 retinet,
3035 2513 3098 2557 ut
3128 2512 3311 2556 tamen
3344 2503 3484 2557 nihil
3515 2517 3736 2568 eorum,

2146 2607 2270 2663 qua:
2295 2595 2564 2663 serpentis
2594 2603 2746 2661 sunt,
2761 2609 2925 2663 agere
2956 2596 3157 2660 valeat,
3187 2596 3381 2650 saltem
3413 2596 3468 2650 in
3491 2594 3737 2651 Christo.

2148 2684 2207 2738 lu
2239 2698 2307 2739 eo
2343 2685 2489 2739 enim
2521 2686 2704 2740 cumis
2748 2685 3011 2742 draconis
3035 2685 3119 2740 vis
3161 2695 3216 2740 et
3259 2685 3493 2741 facultas
3524 2684 3579 2738 in
3609 2684 3739 2737 irri-

2149 2784 2263 2830 tum
2300 2778 2487 2832 cessit.

2218 2867 2338 2924 Col.
2366 2868 2474 2923 654
2523 2869 2586 2924 C.
2633 2869 2756 2925 lam
2805 2885 2927 2925 vero
2966 2867 3249 2926 Paschalis
3299 2870 3580 2939 participes
3627 2868 3739 2922 eri-

2149 2975 2310 3025 mus,
2360 2970 2469 3017 etc.
2527 2962 2752 3032 Triplex
2810 2963 3020 3018 Pascha
3087 2962 3140 3016 in
3196 2962 3434 3015 medium
3482 2959 3738 3030 producit

2148 3054 2484 3124 Tlteologus,
2533 3052 2850 3118 Judsicum,
2908 3063 3159 3108 nostrum
3228 3068 3281 3108 et
3323 3054 3592 3107 futurum.
3657 3051 3739 3105 Ac

2147 3142 2434 3198 Judaicum
2459 3145 2680 3214 quidem
2705 3144 2934 3214 ﬁguram
2964 3145 3135 3198 nostri
3160 3158 3283 3198 esse
3309 3143 3460 3207 dicit,
3485 3153 3738 3196 nostrum

468 3256 708 3305 uiscum,
764 3257 874 3309 quo
923 3252 1172 3312 accepto,
1224 3243 1318 3312 qui
1366 3245 1616 3313 percussi
1668 3242 1915 3306 fuel-um,
1976 3244 2045 3298 ad
2080 3239 2122 3298 (ζ
2161 3244 2343 3291 autem
2392 3235 2614 3289 futuri:
2658 3234 2948 3290 Judaicum
2995 3249 3162 3305 porro
3209 3245 3401 3289 nostro
3446 3232 3741 3287 obscurius

472 3334 638 3388 vitam
705 3343 1037 3388 revocantur
1082 3352 1108 3388 -ς
1173 3336 1255 3389 sic
1308 3350 1375 3389 ex
1434 3335 1763 3404 interempto
1842 3336 2052 3389 Adamn

468 3421 674 3477 lietniui
748 3422 1209 3477 medicamentum
1267 3423 1549 3477 inventum
1598 3434 1702 3490 est,
1764 3428 1912 3491 quod
1970 3432 2054 3480 est

470 3512 683 3568 Domini
743 3528 987 3582 corpus,
1043 3515 1200 3583 cujus
1238 3516 1288 3568 vi
1340 3530 1505 3569 omne
1559 3517 1764 3585 peccati
1820 3518 1972 3571 virus
2021 3532 2053 3572 a

469 3606 829 3663 credentibus
897 3607 1167 3661 aboletur.
1238 3608 1308 3661 At
1362 3606 1672 3676 Theologus
1741 3621 2049 3678 serpentem

473 3715 686 3754 tensum
736 3698 940 3754 Christi
1002 3709 1184 3769 typum
1237 3700 1657 3769 haudquaquam
1691 3717 1816 3757 esse
1862 3711 2053 3757 censet

472 3792 673 3861 (neque
703 3792 851 3844 enim
895 3789 976 3845 fas
1029 3806 1093 3844 ac
1125 3791 1275 3859 pium
1330 3802 1417 3846 est
1446 3807 1765 3862 perversum
1796 3795 2050 3863 spiritum

469 3883 669 3938 Christi
732 3893 919 3953 typum
975 3886 1214 3953 vocare),
1248 3899 1436 3939 verum
1470 3886 1794 3956 antitypum,
1842 3888 1946 3943 hoc
1971 3898 2054 3944 est

471 3977 806 4031 tents-ariam
861 3974 1112 4047 ﬁguram.
1162 3977 1373 4030 Etenim
1425 3993 1654 4048 serpens
1694 3997 1723 4033 a
1776 3981 2052 4050 principio

473 4068 682 4122 homini
729 4067 958 4123 exitium
1011 4069 1233 4133 attulit;
1296 4067 1556 4125 Christus
1621 4083 1804 4127 autem
1861 4083 2052 4142 postea

470 4163 726 4217 salutem.
763 4158 856 4214 llic
903 4160 959 4214 in
1011 4176 1258 4217 errorem
1297 4164 1530 4228 induxit,
1567 4164 1657 4218 hic
1707 4166 1850 4219 viam
1902 4181 2054 4221 com-

472 4251 819 4308 menstravit.
886 4251 1002 4308 lllic
1051 4267 1280 4323 serpens
1340 4270 1504 4309 verus
1566 4273 1674 4311 non
1728 4267 1847 4312 crat
1880 4296 1896 4323 ,
1959 4260 2049 4314 hie

474 4348 638 4398 homo
676 4358 862 4398 verus.
920 4343 1121 4398 Adlme
1174 4344 1265 4398 ille
1318 4346 1511 4401 eadem
1550 4344 1729 4402 forma
1792 4348 2054 4418 praeditos

471 4445 752 4504 serpentes
777 4434 1055 4488 interemit
1100 4452 1114 4488 :
1161 4444 1214 4488 at
1249 4433 1508 4492 Christus
1540 4453 1739 4508 genere
1766 4440 1887 4496 sibi
1912 4455 2052 4495 con-

468 4526 675 4592 junctis
725 4526 1042 4580 hominibus
1109 4531 1275 4581 vitam
1329 4528 1509 4583 aﬁert.
1564 4529 1832 4586 Praeterea
1890 4532 2052 4588 Chri-

473 4629 593 4673 stus
632 4619 816 4674 salvos
863 4632 960 4673 eos
1016 4618 1168 4685 facit,
1200 4622 1294 4690 qui
1324 4623 1560 4677 credunt
1605 4625 1785 4694 ipsum
1838 4626 2044 4690 vivere,

473 4727 537 4765 ac
586 4711 756 4765 vitam
790 4726 914 4767 esse
946 4712 1177 4768 credunt
1226 4729 1242 4767 :
1287 4723 1344 4767 at
1375 4713 1631 4775 diabolus
1661 4717 1856 4772 salutis
1883 4731 2050 4773 causa

473 4801 540 4855 iis
578 4812 687 4865 est,
741 4801 835 4870 qui
883 4802 1062 4871 ipsum
1118 4803 1428 4869 intuentur,
1481 4805 1526 4860 si
1580 4808 1743 4861 modo
1801 4809 2050 4863 credide-

472 4892 608 4953 rint,
642 4906 751 4946 non
803 4895 948 4961 quod
999 4893 1117 4962 ipse
1148 4895 1314 4960 vivat,
1366 4895 1461 4950 sed
1513 4897 1659 4966 quod
1698 4913 1797 4967 per
1830 4914 2049 4954 crucem

472 4999 767 5053 oppressus
801 4995 966 5055 atque
998 4988 1306 5042 exstinctus
1343 4989 1439 5054 sit,
1466 4991 1736 5045 duntaxat
1780 5000 2050 5062 quantum

472 5078 537 5131 ad
571 5078 910 5147 tyrannidem
958 5096 972 5131 :
1030 5090 1197 5149 atque
1239 5079 1405 5135 etiam
1455 5083 1694 5139 subditis
1728 5084 1832 5139 sibi
1873 5084 2054 5139 rebel-

473 5166 616 5221 libus
650 5168 1014 5236 potestatibus
1044 5170 1326 5223 interitum
1355 5173 1669 5226 accersivit.
1712 5169 1850 5226 Nam
1884 5172 2051 5226 Chri-

472 5272 616 5324 stus,
681 5262 1013 5315 obtruucate
1067 5262 1229 5326 duce,
1289 5263 1438 5318 illius
1483 5278 1705 5335 quoque
1744 5267 2044 5322 exercitum

473 5355 802 5426 proﬂigavit.
858 5352 992 5408 lllnd
1042 5355 1208 5423 igitur
1248 5358 1571 5423 uelandum,
1607 5359 1754 5427 quod
1808 5373 2040 5428 serpens

473 5453 735 5504 hactenus
781 5448 981 5503 Christi
1036 5449 1262 5518 ﬁguram
1322 5450 1563 5518 gerebat,
1603 5451 1747 5520 quod
1801 5452 1857 5505 in
1899 5451 2050 5521 ligno

473 5542 749 5604 pendi-ret,
804 5540 928 5597 aliis
976 5552 1159 5596 autem
1193 5544 1453 5598 omnibus
1510 5545 1809 5599 rationibus
1860 5545 2049 5613 ﬁgura

475 5639 812 5699 contrarius,
862 5640 964 5693 hoc
1010 5647 1116 5702 est,
1175 5636 1346 5705 ﬁgura
1407 5651 1512 5690 non
1564 5637 1908 5709 simplciter,
1948 5644 2046 5695 sed

2155 3342 2302 3393 esse,
2334 3338 2583 3383 nostrum
2618 3341 2771 3389 vero,
2823 3327 2869 3380 si
2915 3327 3137 3396 quidem
3184 3340 3310 3381 eum
3336 3323 3567 3380 Judaico
3605 3339 3741 3378 con-

2156 3419 2381 3486 feratur,
2416 3418 2718 3489 perfectum
2749 3432 2894 3484 esse,
2923 3419 2969 3473 si
3004 3427 3187 3472 autem
3215 3432 3343 3472 cum
3368 3414 3553 3470 luturo
3583 3431 3738 3469 com-

2153 3523 2397 3583 paretur,
2444 3509 2848 3582 imperfectum.
2910 3510 3236 3581 Cuiusmodi
3295 3519 3478 3564 autem
3525 3508 3598 3562 sit
3650 3506 3738 3559 [υ-

2158 3616 2340 3660 turum
2392 3603 2626 3671 Pascha,
2691 3604 3052 3674 sequentibus
3106 3604 3290 3658 verbis
3350 3603 3530 3657 docet.
3577 3598 3737 3666 Quod

2155 3710 2289 3752 vero
2318 3696 2438 3760 ait,
2487 3711 2599 3751 non
2643 3697 2790 3752 enim
2829 3696 3013 3751 dicere
3053 3696 3305 3762 verebor,
3347 3695 3451 3749 hoc
3485 3693 3610 3748 ideo
3636 3692 3738 3746 ad-

2154 3791 2315 3857 didit,
2353 3792 2483 3861 quia
2517 3805 2718 3846 novum
2740 3799 2906 3860 atque
2944 3789 3246 3845 absurdum
3282 3788 3452 3844 videri
3501 3794 3735 3858 poterat,

2154 3883 2366 3940 Pascha
2390 3892 2644 3939 nostrum
2671 3883 2901 3953 ﬁguram
2936 3882 3144 3938 dicere.
3188 3881 3522 3936 l’erl'ectiorc
3552 3893 3736 3934 autent

2154 3978 2319 4035 modo
2356 3980 2412 4032 in
2469 3978 2638 4033 altera
2689 3979 2801 4032 vita
2854 3977 3079 4033 Pascha;
3127 3980 3424 4048 participes
3484 3980 3736 4042 erimus;
3818 3986 3833 3995 ‘

2154 4072 2284 4142 quia
2328 4085 2478 4125 nunc
2537 4070 2593 4126 in
2642 4086 2739 4140 spe
2782 4072 3205 4127 resurrectionis
3265 4082 3470 4126 nostrae
3533 4070 3735 4127 festum

2155 4163 2502 4219 celebramus
2562 4180 2576 4217 :
2638 4172 2770 4218 tunc
2828 4174 3012 4219 autem
3079 4179 3201 4219 cam
3267 4165 3441 4234 ipsam
3498 4163 3739 4220 celebra-

2156 4256 2379 4318 bimus.
2439 4271 2562 4311 cum
2619 4256 2881 4311 nimirum
2939 4258 3112 4328 ipsius
3174 4273 3398 4327 quoque
3464 4256 3737 4327 pollicita.

2156 4348 2231 4402 tio
2270 4347 2481 4416 expleta
2534 4345 2736 4413 fuerit,
2777 4364 2941 4418 quam
2993 4349 3123 4403 fecit
3188 4350 3274 4404 his
3321 4349 3506 4405 verbis
3547 4366 3563 4403 :
3609 4346 3734 4401 Non

2156 4437 2327 4491 bibau
2421 4440 2612 4494 amodo
2684 4455 2751 4494 ea:
2804 4443 2901 4495 hoc
2964 4442 3228 4511 genimine
3297 4442 3419 4495 vitis
3473 4458 3636 4511 usque
3682 4444 3737 4497 in

2157 4532 2296 4584 diem
2352 4531 2544 4597 illum,
2598 4549 2717 4586 cum
2779 4534 2914 4587 illud
2970 4534 3145 4588 bibam
3214 4551 3405 4588 uocum
3468 4535 3737 4589 nobiscum

2158 4625 2211 4677 in
2244 4639 2404 4693 regno
2434 4623 2616 4680 Patris
2649 4627 2750 4679 mei
2780 4626 2847 4679 “.
2887 4626 3007 4692 Quo
3040 4627 3161 4681 loco
3199 4627 3448 4681 nonnulli
3488 4627 3739 4681 doctores

2161 4732 2256 4786 per
2326 4733 2553 4787 regnum
2628 4718 2835 4773 Christi
2909 4720 3372 4775 resurrectionem
3453 4721 3736 4775 intellexe-

2164 4819 2331 4873 runt,
2400 4825 2496 4879 per
2542 4824 2741 4865 novam
2793 4822 2974 4865 autem
3036 4816 3311 4880 potionem
3360 4826 3542 4865 escam
3588 4812 3737 4864 iitum

2162 4916 2327 4971 quam
2376 4903 2605 4972 accepit,
2629 4917 2754 4956 cum
2787 4918 2817 4956 a
2852 4905 3085 4958 mortuis
3123 4905 3539 4959 resurrexisset.
3588 4904 3737 4958 Nova

2162 4995 2309 5047 enim
2334 5007 2395 5048 ea
2427 5003 2567 5059 erat,
2613 4996 2739 5065 quia
2774 5012 2905 5062 non,
2956 4996 3103 5065 quod
3146 4997 3269 5052 cibo
3312 5011 3450 5068 opus
3490 4997 3736 5062 haberet,

2162 5087 2505 5153 comedebat,
2547 5091 2641 5143 sed
2682 5096 2742 5143 ut
2782 5091 3032 5159 corporis
3067 5100 3319 5145 naturam
3363 5091 3735 5154 conﬁrmaret,

2160 5180 2699 5250 resurrectionisque
2733 5195 2847 5235 sua:
2892 5183 3051 5236 ﬁdem
3077 5184 3364 5252 discipulis
3396 5182 3621 5238 faceret.
3666 5185 3737 5237 At

2163 5267 2477 5342 Theologus
2500 5288 2752 5343 regnent,
2780 5274 2976 5330 futura:
3001 5275 3149 5331 illius
3172 5275 3298 5329 vitae
3328 5284 3529 5330 statum
3566 5282 3739 5330 inter-

2162 5374 2448 5433 pretatur,
2499 5382 2695 5421 novam
2744 5378 2926 5422 autem
2973 5369 3251 5437 potionem
3281 5406 3295 5429 .
3344 5368 3736 5423 absolutiorem

2159 5455 2447 5512 erudiendi
2504 5460 2789 5514 rationem.
2819 5461 2999 5529 Atque
3045 5460 3147 5515 hoc
3183 5468 3265 5514 est
3301 5457 3533 5528 Pascha,
3575 5461 3737 5535 ιιίιιὶίέ-

2159 5561 2282 5601 rum
2341 5564 2409 5602 co
2461 5559 2707 5618 tempore
2753 5566 2978 5615 arcana,
3032 5562 3139 5605 tam
3203 5551 3527 5618 divinitatis,
3569 5566 3734 5624 quam

2158 5641 2517 5697 Luuianitatis
2554 5644 2726 5712 ipsius
2763 5645 3020 5715 mysteria
3058 5642 3240 5714 dignis
3286 5643 3603 5701 hominibus
3636 5648 3739 5700 im-

546 5792 591 5825 "
634 5794 714 5850 lsa
779 5806 897 5861 tm,
948 5793 1003 5849 5.
1080 5792 1125 5827 ⁶⁶¹
1168 5791 1355 5851 Matth.
1400 5811 1513 5862 six,
1551 5796 1614 5850 l7
1731 5799 1776 5831 ⁸⁷
1816 5797 1954 5855 Osce
2010 5815 2129 5870 xm,
2181 5798 2283 5867 ii;
2328 5797 2503 5858 lCor.
2541 5817 2632 5870 1v,
2665 5802 2754 5858 56.
2847 5801 2896 5834 "‘
2940 5802 3427 5874 Ma:th.xxvr,29.

2534 1134 2686 1175 mors
2753 1131 2939 1176 autem
3001 1121 3333 1177 interiectos
3398 1122 3468 1177 ad
3528 1120 3736 1179 Orcum
3802 1147 3820 1160 -
