4116 6430
388 382 529 446 1393

1305 387 1629 450 NICETAS
1672 386 1755 448 ΙΝ
1792 386 2017 453 ORAT.
2054 387 2225 449 XLII
2264 388 2325 448 S.
2366 388 2599 449 GREG.

3509 394 3653 455 1394

385 494 599 563 pertiri.
648 494 757 561 18a:
809 506 965 566 parte
1012 498 1158 552 enim
1223 516 1362 553 nunc
1411 517 1841 572 .cognoscmtus,
1903 503 2034 558 utA
2064 517 2251 558 verum
2309 518 2432 557 eum
2491 503 2701 572 angelis
2758 502 3099 560 incruentam
3155 504 3430 559 victimam
3460 547 3477 571 ,
3545 506 3653 562 hoc

384 589 683 652 Apostolus
717 590 889 660 inquit
918 591 986 653 ⁸⁸.
1014 602 1062 643 et
1116 607 1182 645 ea:
1217 601 1371 662 parte
1418 595 1739 664 percipimus
1778 610 1798 647 :
1843 603 1968 647 tunc

386 688 565 731 autem
595 680 732 748 facie
761 683 830 734 ad
856 682 1066 751 faciem,
1112 685 1218 738 hoc
1247 695 1333 740 est
1376 686 1525 740 clare
1557 696 1616 741 et
1650 684 1964 741 manifeste.

386 767 503 824 liae
549 771 772 842 quoq't'ie
839 775 1057 829 ratione
1104 774 1313 831 Pascha
1351 777 1458 832 hoc
1495 787 1746 832 nostrum
1797 776 1966 831 futuri

385 860 610 918 Pascha:
658 864 828 933 ﬁgura
884 865 990 921 dici
1049 874 1250 936 potest,
1280 869 1410 939 quia
1448 870 1693 939 quandiu
1745 870 1803 923 in
1862 871 1968 923 hoc

315 1004 329 1012 .
385 955 594 1009 mundo
641 971 948 1025 versamur,
1000 961 1249 1016 crassius
1295 960 1479 1017 adhuc
1509 961 1716 1017 Christi
1743 962 1970 1031 partici-

383 1063 484 1115 pes
538 1063 751 1117 sumus,
810 1065 1009 1121 nempe
1058 1067 1153 1122 per
1188 1062 1436 1109 sanctam
1477 1054 1654 1125 ipsius
1682 1070 1906 1111 carnem
1944 1071 1961 1108 :

384 1140 499 1195 illic
523 1150 705 1195 autem
767 1143 993 1198 uberius
1051 1161 1118 1199 ac
1168 1145 1489 1216 perfectius.
1545 1148 1764 1220 Alioqui
1800 1149 1966 1203 etiam

384 1233 662 1302 passionis
712 1249 777 1289 ac
831 1238 1028 1292 mortis
1077 1237 1338 1295 Christus
1384 1239 1967 1296 commemorationem

386 1326 773 1394 complectitur
801 1329 987 1385 carnis
1018 1329 1197 1401 ipsius
1225 1346 1292 1387 ac
1338 1334 1627 1403 sanguinis
1663 1334 1964 1404 perceptio.

385 1416 808 1490 Quotiescunque
863 1423 1053 1501 enim,
1101 1423 1280 1494 inquit
1309 1466 1327 1490 ,
1387 1426 1726 1481 manducetis
1778 1442 1968 1496 panem

383 1509 521 1563 [tunc
549 1519 601 1564 et
640 1513 859 1567 calicem
903 1516 1111 1581 bibitis,
1163 1528 1394 1573 mortem
1452 1534 1627 1575 meam
1678 1522 1972 1577 annuntia-

383 1601 513 1657 bitis
542 1603 612 1658 ’⁸.
635 1602 902 1670 Quocirca
934 1606 987 1661 in
1019 1607 1124 1663 hoc
1152 1611 1373 1678 quidem
1398 1612 1618 1676 sarculo,
1636 1627 1734 1682 per
1748 1628 1965 1681 eorum,

384 1708 509 1761 quae
532 1693 795 1758 diximus,
850 1701 1275 1768 perceptionem,
1337 1702 1513 1772 ipsius
1576 1714 1807 1759 mortem
1869 1719 1970 1760 an-

382 1784 703 1840 nuntiamus
758 1804 773 1840 :
819 1803 944 1842 cum
974 1799 1156 1845 autem
1205 1800 1411 1859 postea.
1445 1792 1500 1847 in
1555 1793 1735 1851 Patris
1789 1796 1964 1865 gloria

381 1876 684 1940 advenerit,
720 1877 1142 1950 haudquaquam
1191 1893 1501 1953 opportune
1550 1884 1961 1943 confessionem

381 1968 461 2022 illi
494 1979 715 2039 propter
775 1972 1086 2040 passionem
1147 1975 1466 2041 oﬂ‘ercmus,
1517 1978 1613 2032 sed
1640 1992 1776 2048 pure
1808 1995 1958 2046 eum,

380 2070 443 2113 ut
480 2059 671 2127 Deum,
715 2077 1078 2133 aguoscemus
1135 2066 1276 2122 facie
1328 2069 1396 2122 ad
1455 2068 1673 2138 faciem,
1713 2087 1778 2127 ac
1832 2081 1965 2130 tunc

379 2153 657 2221 potionem
692 2170 887 2209 novam
916 2156 1172 2213 Christus
1201 2160 1491 2216 nobiscum
1519 2162 1668 2218 bibet
1713 2180 1728 2218 :
1763 2179 1962 2220 novam

380 2245 629 2314 quidem,
666 2256 856 2316 utpote
884 2258 1185 2315 recentem,
1242 2266 1307 2308 ac
1346 2262 1460 2308 tum
1516 2255 1757 2324 primum
1804 2258 1966 2315 nobis

381 2334 840 2396 innotescentem.
905 2340 1206 2398 Nobiscqu
1274 2359 1455 2401 autem
1508 2348 1767 2405 Christus
1818 2350 1967 2406 bibi-

381 2436 544 2486 turus
597 2441 701 2498 est,
749 2434 878 2503 quia
914 2452 1020 2490 non
1066 2438 1243 2492 solum
1297 2439 1344 2494 is
1377 2441 1470 2508 qui
1501 2443 1750 2507 docetur,
1787 2445 1882 2500 sed
1914 2445 1965 2501 is

381 2522 546 2576 etiam
592 2524 684 2593 qui
743 2525 974 2581 docendi
1033 2543 1263 2583 munere
1310 2529 1581 2598 fungitur,
1634 2533 1963 2603 disciplinis,

380 2628 521 2682 quas
553 2617 738 2681 tradit,
779 2620 1040 2674 nutritur.
1083 2620 1243 2674 Potio
1281 2631 1463 2676 autem
1497 2623 1587 2677 illa
1618 2633 1701 2679 est
1737 2639 1805 2680 ac
1852 2641 1962 2680 non

380 2721 531 2771 esca,
559 2711 817 2778 quoniam
875 2721 936 2767 ut
965 2713 1145 2769 virtus
1186 2714 1302 2780 illa,
1336 2732 1458 2785 (μιαί
1496 2717 1549 2771 in
1588 2717 1804 2772 actione
1842 2734 1964 2774 ver-

382 2810 554 2866 satur,
599 2818 726 2858 esca
776 2805 996 2870 dicitur,
1057 2822 1170 2877 quo
1223 2809 1414 2863 durior
1457 2811 1551 2874 sit,
1598 2810 1963 2882 confectuque

379 2894 661 2950 difﬁcilior
693 2914 708 2948 :
759 2896 833 2950 ita
869 2898 979 2961 illa,
1016 2915 1142 2968 qute
1174 2898 1229 2953 in
1285 2902 1752 2971 contemplatione
1780 2905 1964 2960 consi-

381 2986 499 3047 stit,
554 2988 704 3056 potio
760 2991 933 3057 magis
973 2991 1233 3060 appellari
1290 2992 1453 3047 solet.
1489 2991 1627 3047 Cum
1663 2993 1827 3063 igitur
1875 2996 1965 3052 hic

380 3080 557 3133 vinus
594 3082 768 3134 activa
813 3082 974 3136 tinem
1033 3084 1326 3152 acceperit,
1381 3093 1494 3139 tum
1537 3101 1664 3141 vero
1712 3090 1964 3158 specula-

2068 604 2153 650 est
2214 595 2388 648 laudis
2437 603 2490 648 et
2554 595 2935 654 canticorum.
3013 606 3073 652 et
3119 597 3456 653 rationabile
3486 601 3649 655 obse-

2068 689 2258 755 quium
2334 686 2588 741 sacriﬁcii
2665 688 2786 743 loco
2844 687 3164 744 offeramus.
3241 688 3311 744 Et
3384 691 3651 759 quemad-

2070 781 2294 835 modum
2352 781 2407 834 in
2451 781 2619 835 veteri
2673 782 3031 837 tabernaculo
3086 783 3328 853 primum
3376 794 3497 839 erat
3571 786 3653 838 in-

2069 889 2328 944 gressuro
2416 874 2623 940 velum,
2657 892 2767 944 quo
2828 876 3271 941 distinguebatur
3330 878 3486 933 locus
3538 879 3648 938 ille.

2069 966 2162 1035 qui
2195 964 2397 1022 Sancta
2456 966 2790 1030 dicebatur,
2844 974 2967 1034 post
3021 965 3127 1020 hoc
3182 981 3378 1020 rursus
3417 967 3650 1020 alterum

2069 1060 2249 1114 velum
2285 1070 2403 1114 erat
2459 1058 2714 1121 interius,
2762 1073 2873 1126 quo
2923 1058 3078 1112 locus
3128 1058 3220 1111 ille
3268 1058 3650 1121 dirimebatur,

2070 1170 2230 1226 quem
2296 1153 2495 1207 Sancta
2558 1161 2874 1206 sanctorum
2930 1151 3283 1220 appellabant
3337 1168 3352 1206 :
3418 1150 3502 1205 sic
3550 1166 3653 1204 nos

2069 1262 2290 1319 quoque
2335 1262 2423 1302 res
2477 1260 2672 1300 omnes
2725 1258 3022 1314 corporeus
3068 1254 3127 1299 'et
3178 1245 3231 1298 in
3281 1258 3502 1299 sensum
3562 1258 3651 1297 ca.

2069 1342 2280 1402 dentes,
2321 1340 2471 1395 velut
2510 1340 2746 1406 primum
2780 1337 3060 1406 quoddam
3092 1351 3156 1390 ac
3201 1335 3446 1390 vicinum
3489 1334 3657 1389 nobis

2070 1433 2273 1495 velum,
2303 1438 2650 1500 penetremus
2691 1444 2758 1484 ac
2786 1428 3117 1490 dividamus,
3156 1439 3325 1499 atque
3354 1427 3421 1482 ad
3452 1443 3652 1483 secun-

2071 1520 2226 1586 dum,
2256 1520 2362 1575 hoc
2393 1528 2478 1575 est
2526 1518 2596 1574 ad
2641 1520 2864 1584 caelum,
2898 1520 3041 1587 quod
3072 1533 3160 1574 res
3187 1518 3476 1575 sensibiles
3507 1517 3649 1572 diri-

2069 1613 2169 1667 mit
2218 1613 2289 1667 ab
2357 1610 2870 1675 iutellectuaiibus,
2929 1611 3280 1667 accedamus.
3347 1609 3647 1678 Propinqui

2070 1714 2255 1759 autem
2314 1703 2455 1758 coelo
2504 1703 2660 1771 facti,
2718 1718 2817 1772 per
2871 1702 3065 1758 activae
3105 1703 3327 1759 virtutis
3364 1718 3572 1773 pennas
3618 1717 3650 1756 a

2070 1797 2238 1851 rebus
2285 1795 2523 1851 terrenis
2574 1809 2795 1850 sursum
2848 1794 3043 1858 evecti,
3094 1795 3150 1849 in
3195 1794 3375 1864 ipsum
3429 1808 3652 1863 quoque

2067 1888 2267 1943 caelum
2301 1886 2723 1957 prospiciamus,
2755 1895 2919 1957 atque
2949 1885 3353 1956 contemplandi
3384 1885 3651 1939 facultate

2068 1977 2308 2047 praeditis
2339 1977 2538 2043 oculis,
2574 1976 2853 2047 mysticas,
2889 1974 3071 2033 neein
3102 1974 3390 2029 oculorum
3427 1989 3649 2029 sensum

2066 2072 2327 2128 cadentes
2372 2069 2812 2141 pulchritudines
2859 2067 3319 2138 contemplemur,
3353 2066 3421 2121 ad
3474 2066 3649 2135 ipsam

2067 2162 2391 2217 Trinitatem
2442 2162 2654 2218 scilicet
2714 2160 3079 2231 spiritualiter
3129 2159 3649 2230 appropinquantes,

2067 2262 2233 2324 atque
2280 2255 2406 2326 agni
2455 2254 2782 2311 sacriﬁcium
2830 2255 3147 2317 offerentes,
3178 2253 3283 2307 hoc
3328 2260 3416 2306 est
3459 2264 3650 2317 saeuo-

2068 2361 2322 2406 sanctum
2370 2346 2502 2402 illud
2554 2346 2913 2410 sacriﬁcium,
2959 2343 3440 2414 quodcelchrare
3491 2343 3652 2394 doce-

2069 2459 2214 2508 mur,
2277 2443 2363 2498 τοι
2411 2443 2577 2498 etiam
2632 2441 2809 2510 majus
2857 2455 2872 2493 :
2931 2439 3192 2493 nimirum
3247 2446 3308 2490 ut
3358 2450 3456 2490 nos
3504 2435 3653 2502 ipsos

2069 2534 2181 2591 Deo
2245 2544 2390 2590 totos
2446 2533 2746 2589 offeramus
2794 2541 2849 2586 et
2896 2544 3285 2587 consecremus
3323 2567 3340 2594 ,
3396 2526 3653 2580 euntibus

2068 2627 2263 2683 diebus
2302 2634 2469 2696 atque
2519 2624 2917 2695 agitationibus
2977 2622 3120 2693 (quae
3184 2620 3407 2689 quidem
3468 2617 3551 2672 vel
3597 2617 3651 2670 in

2068 2719 2423 2789 cogitatione,
2481 2718 2566 2772 vel
2597 2719 2652 2772 in
2698 2731 2975 2780 sermone,
3018 2714 3104 2768 vel
3143 2714 3196 2767 in
3250 2725 3421 2781 opere
3468 2711 3653 2765 cousi-

2068 2811 2352 2877 derantur)
2405 2818 2568 2876 atque
2636 2805 2821 2861 outnia
2878 2820 2979 2874 pro
3026 2803 3275 2866 Christo,
3345 2801 3430 2855 vel
3482 2801 3649 2855 etiam

2067 2916 2168 2972 pro
2195 2900 2412 2970 pietatis
2450 2899 2697 2955 doctrina
2749 2901 3070 2966 (utrumque
3117 2895 3263 2950 enim
3293 2894 3450 2961 λόγος
3481 2893 3654 2962 signi-

2070 2994 2216 3065 ficat)
2274 2995 2669 3056 sustineamus,
2723 2994 2789 3044 ad
2849 2988 3174 3060 martyrium
3237 2986 3487 3042 videlicet
3548 3000 3650 3040 nos

2069 3087 2438 3156 accingeutcs,
2477 3086 2523 3139 si
2580 3085 2657 3138 ita
2705 3094 2922 3151 tempus
2967 3079 3174 3144 tulerit,
3213 3088 3270 3134 ct
3308 3080 3488 3133 crucis
3516 3093 3649 3147 sup-

381 3173 492 3226 trix
547 3173 758 3228 coletur
805 3184 971 3243 atque
1020 3179 1386 3244 exercebitur,
1444 3189 1609 3249 atque
1655 3194 1718 3235 ea
1755 3181 2036 3244 sant-tisC
2068 3177 2294 3248 plicium
2352 3176 2676 3235 subeuntes.
2737 3175 2783 3228 si
2830 3174 2931 3228 ita,
2959 3186 3186 3228 necesse
3231 3172 3415 3224 fuerit.
3454 3172 3650 3227 Dulces

382 3265 518 3318 viris
543 3267 748 3322 clarius
794 3268 1138 3337 detegentur,
1168 3285 1294 3341 quae
1324 3286 1471 3326 nunc
1497 3270 1748 3329 Christus
1781 3276 1967 3330 minus

382 3359 542 3427 pit-nc
579 3359 710 3426 ipsis
740 3364 975 3429 aperuit.

451 3450 568 3507 Col.
600 3451 704 3507 655
746 3454 812 3511 A.
843 3456 950 3524 Age
981 3471 1119 3519 vero,
1153 3472 1247 3510 nos
1274 3473 1477 3528 quoque
1519 3458 1644 3527 legis
1686 3460 1969 3530 participes

379 3541 704 3609 efﬁciamur,
741 3553 847 3599 etc.
879 3544 1039 3614 Legis
1070 3546 1367 3615 participes
1397 3562 1497 3602 nos
1533 3550 1647 3603 vult
1677 3566 1800 3607 esse
1830 3550 1967 3606 Gre-

382 3637 593 3704 gorius,
627 3651 752 3691 cum
791 3637 919 3703 alia,
955 3645 1070 3691 tum
1104 3637 1319 3693 Pascha
1365 3641 1529 3693 etiam
1558 3641 1877 3709 sancientis,
1913 3649 1967 3696 et

381 3728 605 3797 quidem
671 3728 963 3798 participes
1017 3742 1161 3794 esse,
1190 3743 1324 3794 nou,
1356 3738 1415 3784 ut
1459 3728 1655 3794 induti,
1686 3732 1847 3787 nudae
1877 3733 1968 3787 lit-

381 3830 517 3875 terae
562 3822 925 3887 adh-mentes,
969 3822 1076 3878 hoc
1116 3833 1223 3888 est,
1275 3837 1477 3894 agnum
1513 3823 1761 3880 sensibili
1804 3825 1967 3880 modo

379 3919 733 3974 comedcutcs
780 3919 904 3991 (illi
951 3921 1097 3975 enim
1157 3921 1477 3990 imperfecte
1533 3920 1962 3984 manducabant,

383 4011 612 4081 ﬁgurate
661 4028 724 4068 ac
767 4028 873 4067 non
920 4028 1050 4068 vere
1092 4012 1287 4069 festum
1312 4013 1687 4084 celebrantes)
1749 4028 1960 4077 verum,

384 4111 445 4156 ut
476 4103 781 4172 praescrihit
808 4102 1185 4172 Evangelium,
1218 4105 1322 4159 hoc
1350 4113 1460 4170 est,
1497 4120 1700 4174 corpus
1744 4119 1808 4158 ac
1834 4119 1962 4158 san-

384 4195 603 4264 guinem
653 4193 868 4249 Domini
920 4196 1308 4265 percipientes.
1362 4195 1720 4266 Evangelium
1779 4205 1963 4250 autem

383 4286 774 4358 perfectionem
825 4289 1014 4347 tradit.
1062 4289 1331 4355 Quocirca
1379 4303 1475 4358 pro
1523 4290 1706 4359 capite
1741 4303 1806 4344 ac
1849 4304 1965 4343 mc-

381 4383 579 4453 tropoli
614 4384 810 4440 ccclum
841 4383 1263 4445 constituamus,
1294 4393 1356 4437 ut
1389 4381 1600 4438 Hebraei
1624 4371 1970 4439 Jerusalem;

381 4476 450 4533 ad
503 4491 666 4547 quam
720 4475 893 4531 solam
947 4475 1189 4545 undique
1249 4474 1590 4531 confluentes
1639 4474 1775 4530 festa
1811 4474 1962 4530 cele-

2073 3269 2219 3324 enim
2265 3257 2393 3322 sunt
2443 3267 2606 3332 clavi,
2649 3273 2873 3336 propter
2918 3264 3327 3319 Dominicorum
3366 3264 3648 3319 clavorum

2073 3360 2475 3423 imitationem,
2520 3367 2576 3413 ct
2634 3358 3056 3414 delectationem
3112 3357 3166 3411 in
3224 3372 3320 3427 spe
3388 3358 3647 3426 positam,

2072 3453 2202 3507 licet
2243 3460 2464 3521 propter
2508 3449 2760 3520 cdrporis
2807 3450 3052 3503 dolorem
3085 3463 3251 3503 sensu
3305 3449 3487 3502 acerbi
3517 3449 3647 3502 sint.

2069 3544 2248 3600 Porro
2288 3560 2384 3615 per
2432 3546 2723 3616 passiones
2775 3543 2983 3599 Christi
3038 3544 3352 3613 passionem
3386 3543 3475 3596 ille
3527 3544 3653 3595 imiJ

2073 3645 2244 3699 tatur,
2283 3638 2376 3707 qui
2424 3642 2759 3707 spontaneos
2805 3636 3019 3691 labores
3048 3646 3214 3704 atque
3253 3634 3652 3690 involuntarios

2069 3740 2235 3782 casus
2265 3727 2425 3781 ﬁrmo
2468 3735 2523 3781 et
2569 3727 2795 3781 robusto
2822 3726 3009 3780 animo
3058 3725 3284 3795 perfert.
3341 3723 3434 3778 Ille
3464 3731 3646 3779 autem

2069 3818 2340 3888 sanguine
2398 3818 2746 3873 Dominicum
2815 3818 3140 3888 sanguinem
3206 3819 3493 3883 honorat,
3542 3831 3651 3870 nou

2068 3908 2236 3963 modo
2290 3909 2383 3979 qui
2434 3910 2754 3979 sanguinem
2796 3923 2955 3964 suum
3007 3923 3104 3977 per
3155 3907 3474 3978 martyrium
3527 3922 3651 3976 pro.

2069 4002 2273 4065 fundit,
2306 4001 2401 4056 sed
2448 4002 2612 4056 etiam
2641 4002 2736 4071 qui
2774 4016 2872 4069 pro
2918 4000 3125 4056 Christi
3157 4014 3346 4055 amere
3392 4014 3485 4067 per
3514 4013 3657 4053 conc

2071 4097 2351 4152 tinentiam
2380 4094 2557 4165 ipsum
2598 4093 2898 4148 imminuit.
2933 4092 3180 4159 Quanam
3213 4101 3396 4145 autem
3433 4090 3648 4144 ratione

2069 4206 2179 4245 non
2207 4190 2386 4246 solum
2413 4202 2698 4259 corporeo,
2733 4187 2827 4242 sed
2850 4187 3011 4242 etiam
3031 4185 3298 4256 spirituali
3319 4183 3480 4238 mnth
3497 4183 3651 4251 quis-

2069 4284 2210 4354 piam
2225 4297 2443 4337 crucem
2463 4278 2733 4335 conscend
2759 4278 3091 4333 ttuimirum
3110 4294 3232 4331 cum
3249 4291 3342 4347 per
3373 4291 3649 4332 aerumnas

2068 4385 2121 4430 et
2150 4374 2474 4429 aﬂlictiones
2498 4388 2661 4443 supra
2693 4388 2781 4428 res
2810 4381 3057 4428 terrenas
3085 4371 3346 4441 assurgit,
3376 4384 3438 4425 ac
3468 4377 3650 4424 tenta-

2042 4469 2250 4524 'tiones
2313 4466 2470 4521 carni
2530 4466 2771 4521 dolorem
2834 4466 3119 4520 inurentes
3180 4464 3328 4519 velut
3380 4463 3646 4533 quosdam

380 4534 636 4624 brabant.
679 4566 835 4634 Quod
867 4578 1047 4623 autem
1090 4534 1305 4623 terrena
1337 4566 1642 4623 Jerusalem
1691 4568 1762 4622 ab
1797 4582 1960 4623 exer-

2069 4559 2255 4615 clavos
2303 4558 2538 4613 libenter
2576 4558 2801 4628 excipit,
2834 4568 2895 4612 ut
2925 4557 3099 4613 beatae
3133 4557 3258 4611 vita:
3299 4554 3645 4610 dulcedinem

381 4661 586 4718 citibus
616 4660 878 4716 calcanda
908 4670 1074 4726 esset,
1129 4658 1384 4715 Christus
1434 4659 1578 4730 apud
1628 4658 1834 4717 Lucam
1872 4660 1959 4715 his

383 4754 564 4809 verbis
623 4752 945 4824 praedixerat
996 4769 1012 4808 :
1085 4753 1153 4807 Et
1209 4751 1510 4807 Jerusalem
1566 4750 1863 4806 calcabitur
1929 4767 1965 4805 α

382 4845 624 4915 gentibus
698 4843 827 4913 (hoc
886 4843 1033 4898 enim
1087 4844 1309 4899 nomine
1356 4843 1658 4899 exercitum
1699 4842 1853 4897 illum
1886 4842 1966 4898 si-

383 4934 628 5005 gniﬁcat,
653 4934 749 5004 qui
779 4933 884 4990 sub
909 4931 1251 5003 Vespasiano
1278 4941 1336 4988 et.
1361 4931 1489 4988 Tito
1518 4929 1960 5004 Hierosolymam

385 5025 599 5081 infestis
620 5025 792 5096 signis
818 5025 1154 5095 oppugnavit
1199 5035 1365 5095 atque
1420 5024 1777 5095 pervastavit)
1804 5023 1967 5077 donec

384 5119 710 5187 impleantur
778 5127 1013 5186 tempora
1086 5106 1366 5172 nationum
1423 5119 1489 5172 “.
1565 5115 1958 5173 Sacrificcmus

386 5207 536 5275 Deo,
598 5225 704 5263 non
768 5225 832 5263 ea
900 5223 1025 5280 quae
1074 5223 1140 5262 ex
1190 5208 1328 5278 legis
1385 5208 1708 5279 prmscripto
1767 5208 1954 5264 offerri

383 5302 655 5363 solebant,
714 5309 898 5370 utpote
942 5301 1165 5369 vitulos,
1215 5315 1492 5373 agnosque
1552 5308 1770 5357 teneros
1837 5315 1963 5357 cor-

386 5406 493 5446 nua
562 5391 923 5460 producentes
975 5401 1029 5448 et
1086 5393 1342 5463 ungulas,
1403 5408 1526 5463 qua:
1569 5393 1705 5456 duo,
1753 5407 1962 5448 cornua

386 5483 638 5537 videlicet
690 5493 747 5538 et
789 5470 1028 5553 ungulae,
1085 5501 1174 5540 res
1219 5494 1452 5540 morture
1507 5493 1639 5539 sunt
1686 5499 1752 5541 ac
1794 5500 1960 5541 sensu

386 5584 659 5640 carentes,
699 5589 763 5629 ac
798 5576 1028 5644 proinde
1064 5577 1481 5647 haudquaquam
1515 5592 1774 5646 congruae
1798 5586 1961 5646 atque

388 5663 615 5731 idonea,
654 5682 776 5737 qu:e
827 5666 936 5724 Deo
966 5669 1090 5725 vivo
1121 5670 1177 5724 in
1225 5670 1559 5725 sacriﬁcium
1608 5669 1909 5726 offerantur
1941 5689 1956 5725 :

2068 4652 2378 4708 atterentes.

2134 4745 2272 4801 Ibid.
2307 4746 2371 4803 C.
2414 4744 2477 4802 Si
2519 4745 2703 4801 Simon
2744 4742 3029 4813 Cyr-enicas
3081 4742 3176 4805 sis,
3212 4748 3318 4795 etc.
3356 4736 3568 4804 Simon,
3598 4738 3646 4794 si

2062 4841 2189 4911 quis
2228 4839 2650 4911 interpretetur,
2684 4837 3039 4890 obedientiam
3072 4833 3386 4904 signiﬁcat;
3412 4832 3644 4902 Cyrene,

2062 4942 2243 4989 autem
2291 4932 2458 4986 animi
2491 4929 2983 5000 promptitttdinem,
3036 4925 3311 4995 Quisquis
3365 4924 3530 4994 igitur
3575 4920 3644 4978 ad

2061 5024 2433 5084 obedieudum
2478 5021 2775 5092 Evangelio
2822 5026 3047 5089 paratus
3095 5027 3223 5082 est,
3278 5031 3345 5072 ac
3390 5024 3644 5087 prompto

2068 5118 2251 5172 animo
2290 5130 2386 5186 per
2418 5115 2786 5171 membrorum
2811 5154 2827 5179 ,
2865 5128 2988 5182 qua:
3027 5126 3207 5179 super
3244 5119 3446 5165 terram
3494 5116 3644 5172 sunt,

2068 5207 2541 5263 mortiﬁcationem
2576 5247 2591 5270 ,
2646 5205 3006 5275 philoSOpliiat
3062 5205 3115 5259 in
3175 5202 3394 5258 actione
3456 5201 3647 5270 positis

2066 5301 2280 5357 labores
2318 5298 2393 5356 ‘et
2450 5300 2770 5357 aﬁlictiones
2822 5313 2923 5368 pro
2968 5298 3173 5353 virtute
3223 5297 3395 5361 subit,
3449 5295 3644 5350 Simon

2065 5392 2360 5464 Cyrenaeus
2384 5393 2626 5460 exsistit,
2668 5393 2810 5446 ultro
2840 5391 3104 5446 nimirum
3132 5390 3386 5444 virtutem
3430 5385 3641 5450 colens,

2066 5493 2232 5555 atque
2283 5486 2531 5540 humeris
2575 5499 2797 5539 crucem
2851 5494 3094 5553 gestans,
3134 5498 3200 5537 ac
3230 5478 3511 5536 Christum
3554 5490 3644 5530 se—

2062 5591 2265 5648 quens,
2296 5577 2400 5632 hoc
2430 5585 2535 5640 est,
2564 5576 2886 5633 distractam
2911 5589 3139 5644 prorsus
3166 5588 3195 5627 a
3228 5581 3369 5626 terra
3397 5569 3497 5638 piae
3517 5568 3643 5623 vitta

2063 5671 2333 5727 rationem
2386 5670 2698 5727 ostendens.
2746 5669 2944 5725 Eodem
3003 5668 3162 5722 modo
3207 5674 3262 5720 tu
3320 5676 3537 5734 quoque
3593 5658 3639 5720 Si

456 5818 503 5852 "
544 5818 712 5875 iCor.
748 5834 868 5887 XIII,
907 5820 987 5875 l2.
1065 5823 1110 5854 ’°
1151 5821 1325 5877 lCor.
1359 5840 1435 5892 xl,
1472 5824 1564 5880 26.
1640 5823 1681 5855 9‘
1728 5821 1864 5878 Luc.
1897 5838 2012 5891 xxI,
2036 5822 2128 5878 24.
