4116 6426
515 373 655 435 1395

514 574 734 629 tandam
748 575 1295 629 carnalisvoluntatis
1326 576 1739 644 oppressionem
1771 585 1822 630 te
1847 577 2094 645 accinge.

513 664 647 719 Nam
683 667 1054 736 interemptrix
1099 681 1320 735 quoque
1362 668 1636 736 corporis,
1667 682 1805 723 crux
1837 677 1977 722 erat.
2013 668 2093 722 ita

516 757 625 818 fiet.
665 766 725 811 ttt
753 758 956 813 Christi
997 758 1254 812 mandata
1286 761 1559 829 sequaris.

582 848 700 903 Coi.
736 849 843 903 655
875 849 936 904 C.
973 849 1030 904 Si
1064 861 1120 903 ut
1170 851 1310 904 latro
1353 852 1501 905 cruci
1550 852 1709 906 simul
1751 852 1938 921 afﬁxus
1978 852 2095 921 fite-

511 940 606 1000 ris,
639 951 751 994 etc.
784 941 875 994 Ille
905 941 959 995 in
991 955 1211 996 crucem
1245 951 1305 996 ut
1340 943 1480 997 latro
1513 943 1749 1008 tollitur,
1785 944 1878 1012 qui
1914 944 2092 998 scele-

512 1047 630 1086 rum
663 1048 855 1102 pcenas
883 1034 1006 1088 luit.
1037 1033 1143 1100 Qui
1176 1034 1223 1088 si
1253 1046 1434 1090 tamen
1463 1051 1786 1106 persuasum
1814 1037 2012 1090 habeat
2032 1050 2093 1092 se

509 1125 706 1180 merito
739 1126 1001 1193 cruciari,
1047 1143 1112 1181 ac
1154 1127 1325 1182 Deum
1379 1143 1526 1193 esse,
1559 1129 1653 1198 qui
1687 1129 1952 1184 mundum
1995 1145 2094 1200 gu-

510 1217 700 1271 bernet
753 1225 916 1288 atque
971 1220 1228 1275 omnibus
1273 1221 1439 1276 rebus
1479 1223 1755 1286 consulat,
1790 1223 1993 1292 probus
2033 1231 2092 1279 et

507 1309 777 1365 candidus
806 1320 913 1375 est,
947 1320 1136 1381 utpote
1185 1313 1469 1368 veritatem
1517 1328 1845 1382 agnoscens.
1883 1315 2090 1380 Quam-

507 1401 719 1464 obrem,
742 1409 796 1455 et
823 1409 882 1456 ut
907 1405 1242 1472 perpetiens,
1289 1413 1342 1459 et
1378 1412 1440 1458 ιιι
1469 1419 1626 1474 aequo
1661 1405 1847 1460 animo
1876 1405 2092 1460 crucia-

506 1497 594 1548 tus
627 1492 830 1559 ferens,
861 1494 917 1550 in
948 1495 1208 1565 paradiso
1225 1503 1333 1552 est.
1363 1496 1441 1552 Ac
1465 1497 1510 1552 si
1543 1497 1890 1568 impatienter
1915 1497 2086 1553 vicem

507 1598 662 1638 suam
713 1584 874 1651 ferat,
908 1586 1424 1657 providentiamque
1471 1597 1713 1653 accuset,
1769 1598 1865 1642 aut
1903 1597 2084 1658 neget,

506 1675 733 1746 iniquus
781 1677 874 1732 ille
921 1688 1028 1743 est,
1082 1687 1136 1732 et
1169 1690 1545 1734 murmurator
1580 1696 1594 1732 :
1629 1695 1694 1734 ac
1730 1680 1959 1750 proinde
1988 1695 2088 1735 nec

506 1769 562 1822 in
619 1770 940 1839 paradisum
991 1771 1262 1838 introibit,
1299 1772 1766 1842 quemadmodum
1822 1789 1924 1828 nec
1982 1772 2088 1828 lie-

1925 375 2309 438 ADDENDA.

513 482 685 537 animi
711 483 1023 539 obedientia
1060 483 1319 552 prmditus
1348 500 1430 548 es,
1482 483 1649 539 alacri
1677 485 1862 538 animo
1887 485 1952 539 ad
1975 502 2097 552 ges—
2125 494 2169 542 Α
2200 486 2532 553 cogitatione
2557 486 2651 541 tibi
2681 487 2914 556 ﬁngens.
2953 484 3227 540 Caeterum
3258 501 3386 542 cum
3431 485 3560 542 Jesu
3589 485 3778 555 ingre-
3856 489 3862 494 '

3641 379 3780 442 1396

3309 448 3338 463 δ

2197 581 2350 646 dere,
2378 580 2571 633 ducem
2611 578 2688 632 tui
2720 577 2788 632 ad
2817 577 3337 646 contemplationem
3375 579 3637 632 introitus
3673 579 3772 633 Fi-

2198 673 2328 727 lium
2377 671 2468 725 Dei
2521 671 2768 736 faciens,
2803 685 2930 726 cum
2983 669 3104 739 ipso
3165 669 3600 739 pulchritudines
3656 671 3778 725 illas

2197 766 2534 834 inspertans.

2269 859 2404 912 Ibid.
2452 859 2514 910 (ἶ.
2568 855 2629 912 Si
2654 855 2852 927 Ioseph
2906 858 3264 912 Arimatlueus
3310 857 3402 917 sit,
3436 855 3502 908 ab
3551 870 3631 917 eo,
3663 865 3772 908 etc.

2193 947 2391 1016 Joseph
2437 949 2582 1002 idem
2653 957 2739 1003 est
2769 949 2913 1018 quod
2965 947 3196 1016 adiectio
3246 956 3300 1000 et
3344 945 3720 998 incrementum
3755 958 3774 996 :

2194 1042 2561 1097 Arimathreus
2627 1040 2768 1096 idem
2827 1041 2976 1108 quod
3027 1039 3240 1094 tollens.
3296 1036 3556 1103 Quisquis
3611 1035 3776 1102 igitur

2193 1135 2394 1189 actioni
2439 1133 2603 1189 simul
2642 1145 2698 1188 et
2733 1131 3186 1200 contemplationi
3251 1129 3533 1190 incumbit.
3567 1125 3771 1196 Josepit

2191 1229 2561 1284 Arimatha‘us
2604 1227 2714 1282 dici
2743 1233 2949 1296 potest,
2997 1225 3260 1280 nimirum
3295 1237 3390 1291 per
3433 1220 3702 1277 actionem
3741 1233 3772 1270 a

2193 1323 2375 1389 seipso
2411 1334 2659 1374 crassum
2706 1333 2925 1373 omnem
2961 1326 3016 1370 et
3049 1324 3334 1372 terrenum
3379 1311 3632 1368 allectum
3667 1307 3776 1361 tol-

2192 1413 2312 1469 lens
2345 1421 2400 1469 et
2445 1412 2704 1474 evelleus,
2753 1425 2850 1480 per
2901 1405 3422 1475 contemplationem
3474 1410 3656 1456 autem
3701 1400 3771 1454 ad

2191 1505 2526 1577 spirituaiem
2569 1504 2938 1574 cognitionem
2973 1501 3311 1556 increscens.
3345 1495 3581 1553 Proinde
3628 1493 3674 1547 si
3710 1502 3767 1546 tu

2190 1616 2408 1672 quoque
2456 1599 2821 1662 adiectionem
2860 1594 3053 1658 habes,
3112 1591 3165 1646 id
3209 1599 3313 1653 est,
3368 1589 3770 1643 incrementum

2189 1693 2395 1749 amoris
2421 1690 2616 1753 divini,
2645 1689 2776 1744 tolle
2807 1702 2872 1742 ac
2897 1696 3050 1757 porta
3091 1683 3350 1752 religiose
3384 1694 3587 1748 corpus
3611 1676 3768 1740 Jesu,

2191 1788 2484 1857 mysticum
2534 1781 2763 1844 scilicet,
2800 1779 2964 1850 digne
3013 1777 3193 1848 ipsum
3224 1772 3557 1843 percipiens,
3597 1777 3768 1838 atque

507 1861 658 1926 lirari,
692 1862 789 1932 qui
849 1863 904 1917 in
965 1862 1185 1919 deserto
1235 1873 1731 1931 murmuraverant,
1784 1866 1839 1920 in
1882 1879 2083 1921 terram
2113 1845 2160 1905 Β
2192 1845 2324 1936 ίηὶηι
2353 1887 2500 1948 pete,
2532 1876 2586 1930 td
2635 1883 2743 1940 est,
2781 1845 2914 1942 rape
2940 1885 2970 1924 a
2998 1845 3374 1938 cruciﬁgente,
3412 1865 3521 1921 hoc
3560 1871 3646 1918 est
3677 1876 3768 1917 eo.

503 1954 914 2022 promissionis.
946 1955 1214 2012 Proinde
1287 1957 1406 2027 ipse
1463 1971 1707 2028 quoque,
1762 1957 1808 2012 si
1864 1967 2090 2027 propter

503 2056 595 2100 tua
651 2057 874 2116 peccata
938 2049 1210 2119 supplicio
1277 2049 1512 2106 alliceris
1555 2089 1574 2117 ,
1632 2049 1865 2118 probum
1930 2049 2086 2104 illum

500 2147 558 2194 et
603 2139 900 2195 candidum
948 2141 1219 2197 iatronem
1271 2141 1528 2208 imitare,
1585 2157 1652 2198 ac
1687 2143 1817 2198 dmn
1871 2143 2090 2198 crucis-

503 2229 621 2295 ris,
678 2230 847 2286 Deum
924 2231 1157 2302 ejusque
1211 2233 1613 2303 providentiam
1666 2249 1949 2304 agnosce,
2003 2236 2090 2290 ni-

504 2323 702 2376 mirum
762 2322 861 2393 qui
916 2331 972 2379 te
1021 2339 1120 2394 per
1183 2325 1347 2394 hujus
1415 2326 1542 2381 vitat
1593 2325 1816 2382 dolores
1865 2329 2086 2398 purgari

476 2399 652 2467 'velit.
699 2412 759 2469 Si
786 2414 1068 2484 Christus,
1113 2425 1174 2472 ut
1211 2426 1297 2472 est
1351 2417 1496 2488 apud
1537 2417 1758 2482 Isaiam,
1791 2418 1934 2475 inter
1965 2434 2088 2474 scc-

503 2506 710 2562 leratos
759 2516 1046 2576 reputatus
1097 2518 1182 2565 est
1233 2511 1280 2542 ”
1345 2511 1508 2576 (cum
1569 2511 1873 2567 latronibus
1935 2513 2083 2568 enim

501 2595 653 2653 velut
705 2595 1054 2654 iacinorosus
1104 2599 1158 2655 in
1215 2615 1432 2655 crucem
1489 2601 1739 2658 sublatus
1767 2614 1870 2666 est,
1922 2603 2087 2674 idque

503 2699 564 2742 ut
614 2700 905 2760 peccatum
961 2701 1115 2747 tuum
1165 2693 1456 2762 expiaret;
1501 2705 1555 2750 ιιι
1594 2695 1742 2749 enim
1773 2711 1951 2766 picum
1988 2697 2086 2752 ob-

499 2782 699 2836 noxius
723 2796 890 2847 eras;
923 2782 1040 2852 ipse
1077 2793 1283 2848 autem,
1317 2794 1378 2840 ut
1409 2785 1503 2856 qui
1546 2795 1829 2856 peccatum
1870 2787 2080 2843 nullum

499 2873 835 2938 admisisset,
873 2875 1150 2932 immerito
1195 2891 1393 2947 passus
1430 2887 1534 2945 est,
1577 2887 1637 2932 ut
1687 2889 1739 2934 te
1777 2895 1808 2934 a
1857 2890 2083 2949 peccato

499 2971 554 3017 et
602 2979 763 3034 ptena
813 2964 1088 3035 liberaret)
1132 2983 1149 3022 ε
1196 2975 1256 3022 ιιι
1301 2980 1524 3038 propter
1569 2970 1723 3024 illum
1755 2971 1939 3039 justus
1965 2971 2080 3026 eiii-

498 3069 660 3117 cere,
706 3055 841 3126 legis
883 3058 1215 3130 evangeliea:
1257 3061 1507 3132 vestigiis
1557 3062 1816 3130 inserens,
1863 3079 1930 3120 ac
1983 3079 2082 3134 per

2189 1973 2282 2046 qui
2343 1971 2570 2040 indigne
2622 1966 2893 2038 percipit,
2951 1978 3016 2019 ac
3077 1968 3362 2032 propterea
3431 1955 3769 2046 contumelia

2189 2045 2394 2128 allicit,
2455 2062 2662 2132 quique
2725 2072 2855 2113 reus
2924 2065 3012 2111 est
3064 2051 3314 2122 corporis
3375 2058 3430 2105 et
3486 2045 3768 2115 sanguinis

2187 2156 2412 2214 Christi.
2463 2153 2754 2220 Tuumque
2799 2149 2894 2203 liat
2935 2148 2989 2202 id
3018 2145 3165 2216 quod
3212 2157 3426 2206 omnes.
3481 2156 3511 2194 a
3565 2137 3770 2208 quibus

2187 2251 2352 2322 digne
2396 2245 2689 2316 accipitur,
2724 2249 2923 2313 purgat
2969 2250 3027 2295 et
3061 2234 3395 2293 sanctiﬁcat.
3446 2231 3570 2286 Alio
3603 2228 3770 2322 modo

2187 2321 2354 2400 etiam
2389 2353 2596 2406 corpus
2626 2335 2834 2392 Christi
2865 2341 2973 2398 est,
3000 2329 3257 2401 quisquis
3287 2329 3342 2382 in
3374 2340 3502 2382 eum
3535 2321 3713 2379 credit
3749 2337 3767 2376 :

2187 2435 2356 2506 hujus
2393 2433 2662 2494 membra,
2693 2437 2967 2499 pracepta
3015 2432 3149 2480 sunt
3177 2431 3232 2476 et
3263 2420 3518 2476 virtutes.
3548 2415 3604 2470 In
3634 2429 3771 2470 cru-

2187 2545 2305 2585 cem
2337 2536 2519 2583 autem
2551 2525 2655 2578 hoc
2697 2535 2903 2590 corpus
2937 2517 3080 2572 tollit
3109 2514 3386 2576 diabolus,
3435 2525 3541 2564 non
3576 2509 3769 2563 sinens

2187 2622 2243 2676 in
2275 2618 2433 2674 nobis
2462 2631 2526 2672 ea
2569 2616 2815 2669 membra
2849 2609 3154 2665 secundum
3205 2613 3460 2658 naturam
3490 2599 3764 2654 actionem

2185 2727 2340 2769 suam
2388 2721 2664 2766 exercere.
2713 2702 2910 2773 Atqui
2945 2699 3381 2755 additamentum
3419 2691 3542 2748 lidei
3579 2691 3762 2750 habet,

2184 2802 2384 2873 Joseph
2416 2796 2727 2871 spiritualis
2755 2802 2865 2860 est,
2897 2791 2993 2863 qui
3025 2802 3226 2858 corpus
3278 2783 3527 2854 accipere
3557 2785 3759 2873 potest,

2184 2869 2531 2963 honesteque
2559 2885 2814 2958 sepelire,
2867 2892 3034 2954 atque
3069 2881 3122 2936 in
3151 2887 3370 2948 pectore
3407 2887 3510 2929 suo
3541 2869 3760 2963 calide,

2184 2985 2401 3058 quasie
2434 2961 2585 3052 petra
2635 2980 2847 3042 exciso,
2892 2976 3199 3044 imponere,
3260 2983 3324 3022 ac
3380 2961 3763 3035 spirituaiihus

2185 3057 2329 3136 circa
2363 3079 2468 3133 hoc
2498 3073 2760 3130 saeculum
2791 3066 3139 3126 sermonibus
3183 3062 3333 3117 velut
3365 3057 3595 3115 sindone
3623 3066 3757 3122 quo-

497 3146 663 3250 anirni
715 3151 853 3218 grati
905 3149 1144 3206 otiicium
1195 3151 1388 3218 adora,
1430 3154 1485 3208 id
1531 3162 1637 3219 est,
1682 3156 1818 3212 cede
1848 3171 1911 3212 ac
1951 3171 2079 3227 pro-
2104 3187 2149 3250 ε
2183 3174 2310 3231 dam
2339 3169 2433 3224 Dei
2466 3166 2666 3222 Filium
2699 3161 3004 3217 involvere.

495 3241 727 3304 cumhe;
761 3255 1071 3311 agnoscens
1101 3249 1154 3297 te
1181 3245 1394 3300 meritis
1425 3247 1605 3315 pennis
1642 3245 1804 3314 attici,
1839 3259 2002 3319 atque
2046 3265 2076 3305 a

503 3327 614 3382 tivo
646 3345 735 3383 res
777 3331 1049 3387 humanas
1082 3332 1283 3401 inspici
1320 3342 1486 3403 atque
1523 3323 1938 3404 administrari;
1973 3338 2078 3394 hoc

500 3423 649 3478 enim
683 3437 779 3492 per
815 3422 1193 3478 adorationem
1233 3424 1531 3496 signiﬁcari
1559 3423 1758 3497 potest.
1795 3428 1920 3497 Ipse
1949 3448 2081 3503 quo-

496 3527 596 3576 que
626 3511 874 3577 pendens,
909 3511 961 3565 id
1006 3521 1091 3567 est
1142 3515 1273 3568 dum
1329 3529 1359 3569 a
1409 3515 1519 3571 Deo
1563 3518 1794 3584 puniris,
1827 3521 2079 3577 utilitatis

499 3603 751 3672 tuerique
800 3603 1006 3671 aliquid
1051 3619 1119 3660 ex
1169 3605 1285 3674 ipsa
1341 3607 1695 3677 improbitate
1731 3613 1942 3682 collige.
1979 3614 2073 3668 Gr.

498 3696 719 3759 κακίας,
772 3711 896 3765 quae
947 3712 1074 3762 vox,
1109 3699 1196 3754 vei
1239 3715 1339 3770 pro
1368 3700 1682 3770 aii’iictionc,
1713 3704 1798 3758 vel
1823 3721 1920 3774 pro
1951 3721 2078 3774 pee-

495 3796 619 3841 cato
643 3796 698 3842 et
728 3788 931 3844 scelere
955 3791 1126 3860 accipi
1172 3802 1375 3862 potest.
1405 3793 1652 3860 Quonam
1683 3805 1865 3851 autem
1914 3800 2077 3853 modo

494 3880 593 3934 tibi
637 3881 862 3936 utilitati
905 3883 1012 3936 erit
1055 3885 1398 3954 peccatum?
1443 3901 1636 3957 nempe
1693 3899 1752 3944 ut
1803 3889 2077 3959 intelligas

491 3981 550 4024 te
579 3979 803 4041 propter
843 3972 1026 4042 ipsum
1073 3975 1278 4043 puniri,
1308 3990 1373 4029 ac
1423 3977 1594 4031 Deum
1645 3979 1743 4032 tibi
1797 3981 2073 4048 placatum

495 4063 712 4128 reddas,
767 4079 834 4118 ac
885 4066 1117 4121 salutem
1171 4082 1345 4124 emas.
1389 4069 1522 4123 Nam
1571 4070 1616 4124 si
1651 4071 1725 4125 ita
1759 4071 1975 4140 feceris,
2006 4074 2073 4129 ad

491 4155 957 4225 sempiternorum
1000 4159 1271 4215 bonorum
1331 4162 1740 4231 perceptionem
1803 4165 2074 4235 ingredie-

493 4249 590 4309 ris.
629 4250 904 4320 simulque
940 4267 1064 4306 cum
1106 4251 1330 4308 Christo
1383 4256 1660 4324 regnabis,
1695 4266 1858 4328 atque
1899 4261 2075 4315 luere-

492 4343 678 4397 ditatis
705 4343 879 4412 ipsius
908 4345 1018 4399 eris
1048 4346 1342 4416 particeps.
1391 4349 1471 4403 Ac
1505 4349 1628 4405 vide
1657 4367 1820 4421 quam
1855 4354 2073 4422 proprie

493 4443 549 4488 et
579 4445 833 4489 accurate
875 4436 1140 4506 loquatur
1173 4438 1510 4511 Theologus.
1554 4442 1673 4497 Non
1702 4446 1860 4508 dixit,
1915 4447 2074 4501 Chri-

2253 3265 2373 3322 Coi.
2404 3261 2510 3317 656
2568 3262 2632 3313 Α.
2676 3257 2736 3312 Si
2762 3253 3088 3311 Nicodenms
3147 3270 3244 3315 sts,
3293 3263 3606 3314 nocturnus,
3649 3259 3761 3304 etc.

2184 3355 2514 3414 Nicodemus
2574 3351 2662 3405 ille
2711 3357 2831 3412 est,
2892 3348 2985 3416 qui
3043 3347 3109 3400 ad
3160 3345 3364 3401 Christi
3423 3343 3758 3414 agnitionem

2184 3449 2368 3503 animo
2411 3443 2630 3511 quidem
2690 3439 2882 3494 lit-mus
2939 3445 3027 3492 est
3075 3451 3141 3490 ac
3193 3435 3422 3497 solidus.
3480 3446 3757 3497 caeterum,

2185 3541 2314 3595 dum
2341 3537 2494 3593 carni
2525 3533 2886 3606 gratiﬁcatur,
2919 3531 2972 3586 in
3005 3530 3386 3585 mandatorum
3416 3525 3758 3583 observatio-

2184 3647 2310 3686 nem
2363 3628 2474 3684 acri
2536 3625 2705 3681 animi
2779 3622 3130 3678 contentione
3191 3619 3545 3684 incumbere,
3615 3617 3761 3671 velut

2185 3721 2565 3784 meticulosus,
2630 3714 2838 3780 renuit,
2889 3721 3112 3784 propter
3167 3723 3373 3768 metum
3419 3709 3757 3770 Judarorum,

2182 3815 2290 3870 hoc
2339 3822 2425 3869 est
2485 3807 2966 3881 perturbationum
3027 3805 3238 3872 animi,
3299 3804 3384 3859 vei
3445 3804 3757 3857 daemonum

2181 3904 2443 3976 impetus.
2513 3897 2840 3969 Huiusmodi
2906 3904 3088 3950 autem
3143 3897 3263 3949 viro
3309 3894 3374 3948 ad
3439 3892 3650 3947 Iaudem
3705 3899 3761 3945 et

2182 3994 2714 4054 commendationem
2769 3989 3092 4060 praeclarum
3121 3989 3340 4043 videtur
3374 3998 3519 4040 recte
3563 3985 3756 4039 saltent

2181 4091 2249 4145 de
2277 4089 2497 4143 Christo
2548 4085 2774 4151 sentire,
2829 4099 2931 4141 nec
2974 4081 3372 4137 contumeliosa
3418 4081 3582 4134 verba
3627 4091 3759 4147 pro-

2182 4183 2348 4237 t'erre.
2419 4177 2726 4250 Unguentis
2792 4185 2974 4231 autem
3040 4173 3386 4228 Dominicum
3440 4186 3637 4241 corpus
3689 4169 3758 4225 ad

2181 4273 2513 4344 sepulturam
2543 4269 2842 4340 perfundit,
2890 4267 2985 4336 qui
3039 4281 3324 4321 set-itiones
3351 4273 3406 4320 et
3434 4263 3761 4333 disputatio-

2180 4381 2299 4429 nes,
2329 4379 2466 4432 quas
2500 4361 2570 4416 de
2617 4375 2685 4416 eo
2714 4359 2900 4422 habet,
2937 4358 3024 4426 pic
3067 4365 3286 4418 tractat,
3339 4369 3542 4426 easque
3583 4353 3761 4408 fundit

2180 4455 2332 4511 suavi
2361 4455 2530 4508 odore
2556 4452 2830 4508 stillantes
2855 4459 2951 4504 aut
2985 4449 3148 4502 etiam
3181 4447 3513 4502 redolentes.

494 4536 615 4580 st-ts
674 4528 894 4597 iniquus
921 4529 1096 4584 factus
1125 4541 1227 4595 est,
1255 4533 1349 4586 sed
1381 4544 1677 4604 reputatus.
1723 4538 1936 4594 Rursus
1965 4555 2072 4594 non
2101 4535 2155 4596 D
2252 4545 2387 4601 ibid.
2421 4543 2485 4598 D.
2530 4542 2588 4598 Si
2620 4541 2798 4596 Maris
2822 4541 3067 4612 quwdam
3089 4541 3182 4603 sis,
3205 4540 3254 4592 si
3277 4540 3389 4593 alia
3418 4537 3620 4601 Maria,
3649 4549 3757 4593 etc.

495 4620 669 4673 dixit:
731 4619 812 4673 Tu
868 4620 1053 4691 justus
1122 4627 1417 4692 reputare?
1467 4627 1561 4682 sed
1609 4629 1840 4697 efﬁcere.
1887 4631 2075 4701 Neque

489 4712 636 4765 enim
664 4712 1024 4781 existimatio,
1075 4715 1170 4770 sed
1197 4716 1314 4785 ipsa
1353 4718 1430 4774 rei
1468 4719 1693 4786 veritas,
1740 4732 1836 4776 aut
1861 4724 2072 4790 justum

492 4803 768 4859 hominem
817 4804 1016 4870 reddit,
1066 4818 1161 4862 aut
1189 4809 1536 4866 condemnat.
1595 4810 1716 4866 iam
1757 4815 1876 4870 haec
1907 4817 2071 4872 etiam

489 4911 617 4962 qua:
671 4905 1000 4965 sequuntur,
1041 4900 1210 4955 altius
1256 4903 1551 4972 perpende.
1603 4904 1808 4972 Adora,
1872 4907 2071 4977 inquit,

490 4998 583 5041 tua
628 5004 792 5044 causa
842 4991 1187 5059 pendentem,
1248 4994 1512 5063 quoniam
1565 4995 1704 5066 ipse,
1763 4999 2068 5058 sceleratus

491 5079 736 5145 habitus,
788 5082 938 5160 cruci
989 5083 1184 5140 aliisus
1213 5095 1316 5152 est,
1361 5102 1427 5142 ac
1474 5097 1695 5159 propter
1745 5100 1800 5147 te
1838 5102 2067 5149 mortem

495 5171 717 5236 pertulit
749 5189 765 5227 :
795 5183 857 5226 ut
898 5174 1170 5246 intelligas
1219 5182 1295 5242 te,
1335 5187 1397 5232 ut
1426 5195 1553 5234 vere
1588 5181 1940 5253 sceleratum,
1972 5201 2069 5256 per

489 5262 712 5316 dolores
757 5273 811 5319 et
843 5263 1170 5322 aiiiictiones
1223 5268 1497 5338 justitiam
1549 5274 1814 5344 consequi
1848 5276 2070 5332 debere.

490 5353 646 5418 Quod
687 5369 813 5410 cum
858 5368 1200 5426 perspectum
1242 5362 1479 5427 habeas,
1531 5367 1874 5435 suspendere
1899 5408 1916 5434 ,
1963 5369 2069 5425 hoc

487 5455 572 5500 est
651 5461 680 5501 a
741 5457 960 5503 teneno
1011 5451 1194 5506 carnis
1244 5453 1442 5510 at'l‘ectu
1505 5458 1796 5516 sustollere
1821 5502 1836 5526 ,
1895 5477 2072 5532 eoque

490 5540 764 5596 exstincto
816 5543 1051 5597 salutem
1099 5544 1374 5612 elucrare,
1429 5562 1495 5603 ac
1541 5560 1726 5606 mente
1753 5552 2069 5622 paradisum

491 5635 796 5700 ingredere,
830 5637 1112 5693 cmlestem
1158 5638 1306 5694 illam
1352 5639 1548 5705 vitam,
1579 5656 1608 5696 a
1639 5657 1750 5713 qua
1780 5643 2069 5701 excideras

563 5790 608 5821 "
643 5790 741 5844 lsa.
777 5808 893 5859 Lill,
925 5793 1008 5848 12.
1086 5796 1131 5826 ”
1158 5794 1288 5854 Luc.
1317 5813 1431 5865 vm,
1467 5801 1522 5852 εξ.
1597 5801 1640 5833 9"
1667 5801 1775 5856 lsa.
1814 5818 1888 5867 xi,
1916 5803 1952 5856 2
1999 5818 2155 5872 seqq.

2179 4636 2451 4705 Quoniam
2513 4635 2770 4690 Christus
2829 4647 2859 4686 a
2921 4632 3088 4688 Maria
3149 4632 3472 4701 Magdalena
3541 4641 3753 4700 septem

2175 4728 2450 4784 daemonia
2480 4728 2640 4798 ejecit
2661 4727 2730 4794 ",
2771 4727 2953 4781 anima
2979 4726 3070 4781 illa
3101 4725 3270 4782 Maria
3298 4725 3618 4796 Magdalena
3647 4725 3758 4780 dici

2178 4830 2377 4892 potest,
2419 4835 2542 4890 qua:
2587 4818 2821 4888 impuris
2865 4818 3180 4887 spiritibus,
3209 4819 3302 4888 qui
3359 4827 3566 4888 septem
3599 4818 3759 4872 bonis

2177 4913 2465 4983 spiritibus
2495 4911 2564 4965 ab
2585 4909 2728 4965 Isaia
2749 4910 3094 4965 enumeratis
3117 4910 3351 4980 oppositi
3377 4919 3526 4979 sunt,
3557 4911 3756 4964 misere

2175 5011 2425 5068 vexatur,
2472 5017 2640 5072 quam
2688 5010 2876 5072 postea
2927 4999 3210 5069 Evangelii
3255 5002 3502 5056 doctrina
3549 5017 3756 5072 purgav

2179 5096 2259 5149 vit
2281 5095 2349 5148 ἰ.
2380 5095 2450 5150 Ut
2495 5101 2676 5149 autem
2709 5091 2959 5147 exactius
2995 5093 3311 5163 loquamur,
3338 5092 3507 5147 Maria
3538 5092 3755 5160 Magda-

2177 5187 2302 5242 iena
2333 5195 2416 5242 est
2444 5186 2628 5240 anima
2663 5185 2816 5240 omni
2846 5187 3069 5242 actione
3093 5185 3360 5256 gaudens,
3394 5201 3423 5239 a
3458 5185 3752 5254 septenarii

2176 5279 2339 5349 hujus
2383 5277 2572 5334 muli
2620 5286 2830 5333 terrore
2861 5279 3012 5333 velut
3055 5279 3394 5334 daemonibus
3425 5278 3750 5348 quibusdam

2173 5385 2273 5440 per
2321 5370 2765 5440 evangelicorum
2824 5380 3220 5440 praeceptorum
3271 5370 3577 5425 doctrinam
3619 5385 3752 5439 pur-

2171 5470 2300 5534 gata
2339 5481 2352 5516 :
2383 5478 2412 5518 a
2438 5478 2548 5534 quo
2575 5464 2788 5518 animas
2829 5465 3027 5519 liberat
3054 5462 3280 5517 verbum
3323 5463 3440 5526 Dei.
3492 5478 3659 5533 supra
3689 5478 3754 5517 ea

2178 5569 2302 5623 quae
2342 5555 2395 5609 in
2440 5563 2687 5624 tempore
2723 5561 2873 5618 sunt,
2918 5553 3043 5608 illas
3093 5551 3359 5607 cvehens.
3404 5553 3525 5606 Alia
3571 5560 3752 5605 autem

2176 5645 2372 5712 Maria,
2396 5647 2553 5718 cujus
2599 5647 2704 5703 hoc
2750 5647 2873 5702 loco
2907 5643 3156 5701 meminit
3185 5644 3504 5715 Gregorius,
3533 5645 3751 5716 proprie
