4116 6430
357 374 495 442 1397

1280 380 1600 453 NlCETAS
1640 379 1722 441 ΙΝ
1762 381 1985 442 ΟΒΑΤ.
2030 382 2190 442 XLII
2235 386 2295 443 δ.
2334 384 2571 444 Gl’tEG'.
2634 426 2637 429 ‹

3483 383 3621 446 1398

358 489 585 558 quidem
626 497 713 544 est
739 498 912 546 mater
942 490 1186 556 Domini,
1224 493 1307 547 vel
1340 494 1525 562 potius
1545 491 1737 548 Jacobi
1767 492 1945 550 Mino—
1973 506 2019 563 Α
2046 506 2133 550 est
2162 513 2178 551 :
2211 504 2267 549 tu
2304 510 2403 565 per
2443 495 2712 565 justitiam
2761 510 3004 565 resurge,
3060 511 3124 552 ac
3154 496 3367 568 primus
3416 493 3621 553 Christi

354 583 458 637 ris.
496 580 631 636 Nam
672 582 844 639 Mater
893 583 1112 640 Domini
1162 585 1219 640 in
1253 585 1433 655 prima
1482 586 1572 642 illa
1602 586 1942 657 perfectione

352 688 483 729 eum
523 674 644 730 sola
674 675 993 748 Magdalena
1037 680 1105 732 ad
1139 689 1562 736 monumentum
1597 690 1939 750 perrexerat,

354 782 422 823 ac
474 771 902 825 resurrectionis
965 771 1169 828 Christi
1222 773 1428 828 certior
1471 772 1636 841 facta,
1695 775 1938 846 quietem

352 858 569 928 agebat.
613 860 919 932 Allegorice
950 873 1137 918 autem
1171 864 1341 920 altera
1377 863 1570 929 Maria,
1634 868 1820 922 anima
1854 876 1943 924 est

355 951 843 1020 centemplationis
897 956 1166 1020 studiosa,
1226 971 1350 1025 quae
1398 972 1510 1012 non
1563 968 1794 1024 naturae,
1847 960 1944 1014 sed

355 1044 550 1109 gratiae
602 1043 983 1112 cognationem
1049 1061 1175 1101 cum
1237 1047 1378 1103 Filio
1440 1049 1533 1104 Dei
1604 1066 1702 1120 per
1759 1059 1941 1105 veram

359 1134 650 1189 scientiam
674 1135 867 1203 adepta
890 1143 998 1191 est.
1021 1139 1200 1207 Atque
1224 1147 1288 1192 ut
1315 1155 1425 1194 uno
1447 1139 1613 1195 verbo
1635 1141 1943 1206 absolvam,

355 1237 456 1292 per
479 1222 619 1277 duas
657 1222 855 1278 Marias
877 1226 1197 1296 designatur
1212 1228 1395 1283 anima
1418 1232 1943 1300 contemplationem

354 1313 526 1368 simul
564 1323 622 1369 et
673 1317 944 1373 actionem
997 1319 1271 1389 amplexa.
1322 1320 1543 1375 Salome
1574 1331 1757 1377 autem
1800 1319 1947 1394 (quae

355 1420 465 1460 vox
493 1404 685 1478 lingua
726 1421 915 1465 nostra
945 1426 1130 1480 pacem
1158 1411 1454 1481 signiticet)
1485 1413 1671 1469 anima
1698 1415 1787 1469 illa
1822 1431 1948 1473 esse

358 1505 560 1566 potest,
589 1514 732 1569 quae,
764 1501 997 1558 sublatis
1026 1510 1082 1557 et
1110 1504 1354 1572 expulsis
1373 1505 1543 1560 animi
1575 1507 1948 1571 perturbatio-

360 1587 550 1657 nibus,
584 1592 880 1662 tranquilla
913 1609 1048 1664 pace
1081 1594 1308 1661 fruitur,
1333 1605 1500 1667 atque
1529 1598 1727 1653 allecto
1762 1600 1949 1655 carnis

361 1682 581 1752 spiritui
614 1684 719 1752 legi
748 1686 995 1756 subjecto
1024 1703 1122 1758 per
1149 1689 1519 1758 spiritualium
1549 1692 1719 1747 animi
1749 1707 1951 1748 conce-

2048 587 2356 642 doctrinam
2386 590 2661 657 cognitam
2692 601 2855 659 atque
2891 589 3162 643 illustrem
3192 589 3373 644 redde.
3426 590 3629 642 ’Λσπα-

2047 678 2186 747 oud;
2253 680 2398 731 enim
2432 679 2538 734 hoc
2569 682 2689 735 loco
2733 681 3121 735 salutationem
3152 691 3206 735 et
3240 680 3624 735 allocutionem

2046 769 2341 840 signiﬁcat.
2373 768 2510 824 Nam
2547 786 2670 825 cum
2704 770 2873 825 Maria
2907 785 3097 824 vocem
3120 775 3251 824 tesu
3289 771 3625 840 agnovisset,

2046 861 2187 916 dixit
2239 861 2318 914 illi
2350 879 2364 915 :
2395 860 2624 927 Ilabom',
2660 861 2798 930 quod
2844 861 3044 914 dicitur
3093 860 3353 931 Magister
3380 862 3450 914 ³⁸.
3506 863 3630 915 Erae

2047 951 2214 1022 igitur
2254 966 2541 1017 succurre,
2572 951 2835 1006 nimirum
2871 951 3046 1019 ipsius
3089 951 3301 1020 citlpam
3341 952 3626 1005 contraria

2048 1043 2245 1097 virtute
2275 1042 2582 1112 corrigens.
2618 1042 2711 1097 Illa
2741 1043 2887 1096 enim
2919 1041 3039 1096 viro
3073 1041 3317 1096 fraudem
3346 1043 3628 1097 renuntia~

2048 1134 2148 1200 vit,
2172 1133 2341 1189 Maria
2366 1144 2549 1191 autem
2575 1134 2838 1204 apostolis
2860 1134 3116 1189 salutem.
3144 1132 3291 1187 idem
3322 1142 3379 1187 tu
3407 1148 3629 1203 quoque

2048 1223 2299 1279 facturus
2329 1238 2412 1290 es,
2447 1224 2494 1278 si
2526 1224 2842 1292 ignorantes
2877 1223 3101 1277 doceas.

2116 1315 2235 1371 Col.
2270 1315 2376 1371 658
2408 1317 2474 1371 A.
2538 1315 2761 1370 Petrum
2815 1315 2893 1369 uel
2943 1312 3210 1368 Joannem
3258 1314 3509 1376 imitare,
3562 1313 3632 1367 ad

2048 1408 2349 1478 sepulcrum
2379 1424 2627 1478 propera,
2671 1415 2778 1463 etc.
2818 1406 3099 1476 Scriptum
3155 1418 3242 1462 est
3275 1408 3417 1478 apud
3463 1407 3635 1463 Joan-

2050 1519 2175 1558 nent
2210 1521 2226 1558 :
2255 1502 2405 1557 Exiit
2428 1502 2623 1557 Petrus
2666 1512 2716 1557 et
2754 1502 2894 1557 alius
2926 1504 3020 1557 ille
3062 1502 3364 1573 discipulus
3390 1504 3458 1556 ’°.
3492 1502 3633 1557 Cur-

2054 1596 2248 1651 rebant
2283 1604 2470 1650 autem
2507 1597 2617 1650 duo
2667 1597 2832 1651 simul
2865 1613 2881 1653 :
2922 1604 2977 1650 et
3032 1596 3124 1650 ille
3154 1597 3300 1651 alius
3334 1596 3635 1667 discipulus

2052 1690 2299 1744 cucurrit
2329 1689 2498 1744 citius
2547 1688 2736 1754 Petro,
2775 1699 2830 1743 et
2888 1689 3041 1744 venit
3077 1688 3290 1759 primus
3338 1691 3404 1743 ad
3441 1703 3636 1744 monu-

360 1775 609 1842 ptionum
629 1778 1060 1846 speculationem
1085 1784 1545 1852 sempiternarum
1566 1798 1750 1839 rerum
1772 1787 1954 1841 scien-
2055 1790 2322 1838 mentum.
2359 1779 2428 1836 Et
2474 1796 2601 1836 cum
2656 1795 2717 1836 se
2769 1780 3108 1845 inclinasset,
3142 1780 3279 1835 vidit
3317 1780 3649 1836 linteamina-

363 1865 494 1919 tiam
522 1881 624 1936 pro
663 1869 873 1926 viribus
921 1881 1180 1927 assecuta
1240 1883 1348 1930 est.
1394 1872 1605 1929 Joanna
1652 1884 1834 1931 autem
1879 1878 1947 1932 ad
1982 1853 2022 1909 Β
2054 1874 2253 1943 posita,
2313 1890 2422 1930 tton
2477 1885 2661 1930 tamen
2718 1855 2984 1933 introivit.
3040 1874 3204 1929 Venit
3253 1890 3386 1945 ergo
3444 1875 3637 1929 Simon

362 1956 592 2010 verbum
632 1955 937 2012 columbam
986 1970 1170 2027 sonat,
1223 1976 1288 2018 ac
1324 1979 1421 2033 per
1466 1979 1586 2018 eam
1627 1966 1809 2021 anima
1857 1968 1951 2022 illa

362 2047 731 2116 signiﬁcatur,
763 2065 887 2115 quae.
924 2052 1174 2107 turbidos
1200 2064 1387 2110 motus
1419 2055 1616 2136 leniter
1638 2058 1858 2128 abiecit,
1886 2076 1952 2116 ac

363 2140 706 2209 spiritualem
760 2143 1006 2199 scientiar-
1066 2155 1392 2215 proventum
1445 2158 1501 2205 et
1557 2149 1951 2210 fecunditatem

363 2231 647 2287 ardentem
681 2233 865 2300 habet,
908 2237 1014 2293 hoc
1041 2247 1133 2292 est
1160 2239 1298 2295 vitio
1320 2250 1501 2305 vacat,
1538 2250 1592 2297 et
1620 2258 1953 2302 numerosos

365 2320 594 2378 virtutis
625 2320 766 2378 fetus
795 2324 1025 2395 profert.
1056 2326 1428 2393 Quamobrem
1460 2333 1507 2387 si
1534 2348 1648 2402 qua
1681 2350 1742 2391 es
1768 2336 1954 2393 anima

364 2430 432 2470 ex
490 2414 599 2481 his,
647 2432 788 2487 quas
845 2421 1426 2490 commemoravimus,
1483 2424 1724 2482 diluculo
1776 2429 1954 2497 plora,

363 2505 636 2578 lacrymas
684 2508 1051 2578 adipiscendae
1098 2511 1343 2566 scientiae
1375 2512 1482 2567 vim
1523 2514 1788 2573 habentes
1826 2517 1956 2574 lun-

365 2599 526 2664 dens,
564 2599 669 2654 hoc
695 2613 781 2655 est
827 2598 900 2655 de
947 2602 1270 2658 orthodoxa:
1303 2604 1429 2659 ﬁdei
1463 2607 1782 2677 cognitione
1822 2625 1951 2666 cum

367 2704 574 2761 magna
619 2691 907 2748 alacritate
954 2704 1011 2748 et
1047 2693 1235 2750 studio
1277 2695 1589 2766 inquirens,
1645 2707 1702 2754 et
1731 2700 1952 2770 quidem

375 2796 564 2838 veram
589 2783 839 2855 mysterii
872 2784 998 2840 tidei
1029 2792 1237 2842 ttostrte
1257 2787 1627 2858 cognitionem
1655 2804 1686 2844 a
1715 2789 1823 2846 Deo
1857 2792 1954 2848 tibi

366 2873 490 2929 dari
523 2877 764 2945 postula.
802 2877 1111 2934 Diluculum
1159 2881 1308 2935 enim
1354 2881 1691 2938 celeritatem
1724 2884 1963 2944 indicat.

367 2965 515 3023 Nam
544 2969 593 3024 si
615 2962 1138 3026 excellentissimam
1166 2973 1347 3028 omnis
1370 2973 1591 3031 virtutis
1622 2985 1678 3031 et
1711 2977 1958 3033 scientia:

371 3059 679 3115 doctrinam
704 3061 779 3116 ita
813 3063 1126 3133 quaesieris,
1153 3063 1390 3133 primum
1424 3066 1571 3121 illam
1597 3067 1959 3126 obscuritatis

368 3150 641 3208 doctrinae
688 3155 989 3210 cacitatem
1042 3157 1195 3211 cordi
1224 3167 1320 3213 tuo
1372 3158 1783 3216 incumbentem
1823 3162 1958 3217 sub-

369 3244 543 3300 latam
576 3245 812 3303 videbis.
861 3245 978 3302 llac
1007 3256 1194 3303 autem
1243 3249 1524 3315 submota,
1556 3251 1700 3308 duos
1731 3254 1956 3324 angelos

369 3334 622 3406 profecto
649 3352 862 3404 cernes,
893 3340 1128 3394 alterum
1159 3341 1229 3395 ad
1273 3352 1463 3411 caput,
1496 3342 1602 3397 hoc
1641 3353 1728 3399 est
1754 3344 1959 3400 divini-

371 3427 506 3483 tatis
535 3427 864 3496 doctrinam,
890 3430 1125 3486 alterum
1157 3431 1225 3485 ad
1257 3430 1441 3500 pedes,
1474 3432 1735 3488 nimirum
1762 3434 1960 3490 buma-

372 3519 567 3574 nitatis
595 3529 647 3575 et
685 3520 1106 3578 incarnationis.
1140 3522 1249 3576 Aut
1278 3523 1329 3577 si
1381 3524 1576 3588 mavis,
1612 3540 1708 3593 per
1733 3526 1960 3597 angelos

372 3610 725 3665 conscientiae
755 3621 938 3666 motus
970 3610 1230 3681 intelligo,
1270 3612 1532 3667 exstincti
1568 3614 1864 3683 aliquando
1899 3616 1956 3671 in

375 3710 431 3756 te
451 3716 548 3770 per
574 3704 792 3770 vitium,
824 3701 948 3757 Filii
980 3703 1074 3757 Dei
1111 3704 1569 3759 resurrectionem
1603 3704 1955 3774 proclaman-

374 3802 482 3848 tes.
512 3790 700 3863 Neque
738 3795 889 3849 enim
922 3795 977 3849 in
1007 3795 1231 3851 obsceni
1265 3805 1318 3853 et
1356 3797 1678 3851 exsecrandi
1717 3797 1959 3852 hominis

374 3884 557 3940 anima
583 3884 838 3942 Christus
855 3885 964 3941 vim
988 3902 1146 3942 suam
1171 3887 1397 3952 exserit,
1421 3888 1516 3942 sed
1545 3902 1638 3957 per
1658 3886 1958 3957 ﬂagitiosus

374 3985 432 4029 et
461 3977 755 4033 sceleratas
784 3977 1036 4035 actiones
1064 3979 1477 4049 quodammodo
1504 3979 1809 4037 exstinctus
1847 3989 1956 4037 est.

374 4065 664 4123 Postremo
699 4067 878 4138 ipsum
906 4069 1074 4125 etiam
1102 4069 1378 4125 Christum
1411 4071 1712 4127 intueberis
1744 4073 1955 4141 perspi-

374 4177 481 4218 cue
518 4170 894 4232 apparentem,
943 4178 1008 4218 ac
1048 4162 1171 4218 sine
1223 4163 1355 4218 ullis
1408 4164 1583 4233 signis
1638 4174 1694 4220 et
1743 4164 1952 4236 figuris,

376 4253 656 4323 spiritales
700 4262 823 4309 tuas
888 4255 1286 4323 conceptiones
1357 4254 1631 4324 spirituali
1684 4257 1957 4327 voluptate

377 4350 708 4420 capientem.
742 4348 1007 4405 Nonnihil
1050 4350 1307 4420 loquere,
1361 4351 1429 4407 de
1485 4350 1704 4407 Christo
1758 4353 1958 4424 pioque

376 4444 632 4499 doctrina
686 4452 1077 4514 percunctans.
1114 4442 1309 4500 Vocem
1363 4444 1632 4508 ausculta,
1697 4444 1804 4501 hoc
1874 4454 1961 4501 est

377 4535 686 4590 doctrinam
741 4545 800 4591 et
856 4536 1249 4591 revelationem
1325 4544 1548 4607 captum
1614 4544 1767 4591 tuum
1845 4553 1955 4592 non

378 4627 760 4683 excedentem.
800 4626 956 4694 Quod
1006 4628 1055 4683 si
1082 4628 1334 4684 altiorem
1370 4628 1681 4684 doctrinam
1735 4636 1789 4685 et
1836 4643 1961 4699 spe-

377 4718 711 4775 culationem
740 4719 1042 4781 audiveris,
1077 4719 1472 4790 propemodum
1497 4719 1600 4774 tibi
1636 4719 1909 4777 dicentem
1939 4737 1955 4776 :

379 4808 502 4866 Noli
532 4826 621 4869 me
654 4821 898 4882 tangere,
932 4814 1150 4869 eminus
1182 4822 1294 4878 sta,
1329 4828 1398 4868 ne
1424 4821 1711 4883 propterea
1753 4828 1961 4869 mmm-

380 4919 496 4958 rem
523 4903 778 4972 concipe,
815 4913 878 4959 ut
909 4904 996 4959 cui
1037 4905 1280 4960 nondum
1328 4904 1668 4962 sublimioris
1694 4903 1960 4959 doctrinae

380 4995 711 5064 attingenda:
754 5003 1002 5065 potestas
1050 4996 1167 5052 ﬁat.
1214 4995 1380 5053 Novit
1432 4996 1580 5051 enim
1640 4996 1956 5065 hujusmodi

379 5086 653 5149 doctrina,
688 5087 892 5157 quibus
920 5087 1161 5157 primum
1204 5086 1517 5158 aspicienda
1551 5088 1646 5152 sit,
1685 5088 1754 5144 iis
1794 5085 1961 5142 nimi-

385 5193 533 5242 rum,
570 5178 665 5248 qui
697 5177 934 5248 majores
965 5179 1031 5233 ad
1079 5178 1597 5250 contemplationem
1635 5192 1965 5248 progressus

382 5268 656 5331 fecerunt,
696 5280 755 5323 nt
799 5267 999 5325 Joanni
1031 5279 1087 5324 et
1120 5267 1286 5324 Petro
1335 5270 1759 5326 resurrectionis
1789 5284 1969 5325 encteo

385 5361 534 5415 nium
569 5361 810 5425 celebra,
846 5362 900 5415 id
946 5370 1051 5427 est,
1083 5359 1282 5416 festum
1335 5361 1476 5415 diem
1527 5360 1766 5426 celebra,
1800 5370 1963 5430 atque

384 5451 454 5504 ob
493 5451 692 5505 anima:
723 5459 826 5506 tua!
855 5452 924 5506 ab
955 5450 1240 5507 affectibus
1273 5451 1760 5513 resurrectionem,
1787 5453 1962 5521 gaude

384 5555 449 5595 ac
480 5541 775 5612 triumpha.
812 5540 938 5596 Evre
985 5556 1268 5597 succurre.
1320 5539 1581 5607 Quaenam
1622 5549 1802 5594 autem
1857 5540 1963 5592 erit

385 5634 504 5704 epis
536 5633 773 5689 ferendae
802 5634 979 5689 ratio?
1019 5632 1113 5688 llla
1144 5649 1243 5705 per
1278 5644 1559 5705 peccatum
1595 5633 1771 5703 prima
1804 5632 1954 5702 lapsa

454 5788 501 5821 "
523 5785 680 5842 Joan.
719 5804 809 5853 xx,
852 5788 936 5843 16.
1013 5788 1059 5821 ³⁸
1091 5788 1231 5846 ibid.
1259 5790 1313 5844 5.

2051 1961 2247 2020 Petrus
2271 1979 2513 2034 sequens
2550 1981 2699 2031 eum,
2731 1976 2786 2019 et
2825 1965 3075 2021 introivit
3103 1965 3158 2021 in
3192 1976 3635 2021 monumentum.

2052 2056 2252 2112 Petrus
2309 2058 2475 2128 igitur
2524 2058 2573 2113 is
2636 2066 2767 2120 est,
2829 2057 2923 2127 qui
2976 2058 3082 2112 tilde
3136 2056 3293 2112 lirma
3349 2067 3405 2111 ct
3460 2056 3634 2110 solida

2053 2149 2317 2218 praeditus
2363 2157 2469 2213 est,
2500 2164 2676 2219 eaque
2705 2150 2871 2204 etiam
2912 2149 3136 2214 virtute,
3174 2164 3297 2220 quae
3345 2150 3399 2205 in
3429 2149 3647 2219 agendo

2057 2248 2326 2303 versatur,
2372 2248 2695 2295 exornatus.
2728 2240 2971 2297 Joannes
3019 2250 3228 2307 autem,
3274 2241 3369 2311 qui
3417 2251 3639 2310 propter

2055 2331 2339 2388 lenitatem
2373 2339 2430 2388 et
2478 2332 2750 2404 insignem
2799 2334 2993 2389 cordis
3025 2334 3320 2404 puritatem
3360 2348 3390 2387 a
3421 2334 3640 2389 Christo

2012 2443 2015 2445 ·
2055 2436 2292 2491 amatur,
2323 2426 2395 2480 ob
2423 2441 2657 2497 eamque
2708 2442 2935 2485 causam
2981 2429 3268 2499 sapientiae
3298 2438 3353 2483 et
3396 2430 3642 2485 scientiae

2057 2511 2347 2568 thesauros
2396 2516 2786 2586 consequitur,
2842 2533 2907 2573 ac
2964 2533 3063 2589 per
3114 2520 3206 2582 id,
3263 2517 3412 2588 quod
3474 2534 3638 2588 supra

2055 2611 2245 2672 pectus
2315 2606 2959 2678 recubuit,-theologiae
3018 2608 3128 2663 vim
3203 2617 3260 2664 et
3320 2609 3641 2665 facultatem

2061 2690 2296 2760 accepit.
2343 2691 2670 2761 Sepulcrum
2702 2706 2884 2750 autem
2935 2697 3002 2751 ad
3032 2696 3182 2766 quod
3221 2706 3501 2768 preperat,
3528 2707 3643 2754 tam

2054 2779 2152 2849 qui
2230 2784 2683 2853 contemplationi
2747 2802 2912 2857 quam
2971 2790 3067 2859 qui
3139 2788 3342 2843 actioni
3412 2790 3638 2856 studet,

2057 2871 2396 2941 profundum
2455 2875 2593 2931 illttd
2654 2888 2762 2940 est,
2812 2879 3019 2949 in‘quo
3076 2880 3351 2941 doctrina.
3380 2896 3467 2947 ea,
3519 2897 3644 2952 qua:

2058 2965 2367 3021 caelestium
2401 2982 2466 3022 ac
2495 2977 2843 3025 terrenarum
2888 2986 3074 3028 rerum
3107 2973 3478 3043 cognitionem
3510 2990 3645 3030 con-.u

2058 3054 2223 3122 tinet,
2258 3057 2531 3116 absconsa
2578 3071 2685 3118 est.
2721 3060 2924 3116 Verum
2957 3062 3096 3116 alter
3124 3062 3429 3119 secundum
3461 3065 3643 3119 virtu-

2061 3158 2170 3205 tem
2214 3149 2270 3204 in
2319 3150 2538 3207 actione
2567 3153 2827 3222 positam,
2867 3153 3007 3208 alter
3047 3155 3352 3211 secundum
3383 3167 3640 3212 contem-

2060 3238 2359 3310 plationem
2392 3241 2446 3295 in
2484 3242 2850 3310 intelligentia
2879 3245 3067 3307 sitam,
3102 3245 3351 3300 certatim
3381 3258 3638 3302 currunt.

2058 3329 2175 3389 Hac
2228 3344 2410 3390 autem
2458 3336 2670 3391 ratione
2715 3335 2910 3391 Petrus
2958 3353 3085 3392 cum
3132 3336 3345 3394 Joanne
3389 3341 3640 3396 certatim

2058 3441 2285 3483 currere
2336 3426 2575 3496 dicitur,
2631 3428 2891 3499 quoniam
2936 3429 3027 3486 ille
3091 3432 3325 3486 activam
3379 3433 3640 3486 virtutem

2061 3516 2513 3587 amplectebatur,
2546 3517 2636 3573 hic
2661 3518 3079 3587 speculativam,
3103 3535 3226 3589 quae
3252 3519 3472 3590 quidem
3501 3520 3643 3574 inter

2059 3620 2119 3662 se
2173 3621 2420 3677 pugnare
2485 3606 2759 3662 videntur.
2827 3607 3073 3677 Uterque
3127 3618 3310 3664 tamen
3383 3610 3642 3664 concordi

2058 3712 2224 3752 cursu
2264 3707 2543 3769 preperat,
2596 3699 2860 3769 quoniam
2900 3716 3046 3754 unus
3081 3700 3336 3771 idemque
3387 3702 3444 3756 in
3489 3713 3638 3758 utro-

2057 3804 2167 3859 que
2225 3788 2537 3845 laudaudus
2601 3804 2806 3859 scopus
2872 3791 3309 3860 perspiciebatur
3358 3793 3451 3847 :id
3497 3796 3643 3848 enim

2058 3880 2316 3949 agebant,
2349 3889 2410 3935 ut
2461 3879 2671 3935 scirent
2705 3895 2775 3934 an
2825 3896 2954 3935 vere
3006 3881 3274 3937 Dominus
3331 3884 3642 3965 revixisset.

2057 3970 2412 4028 Concurrunt
2445 3973 2611 4042 igitur
2645 3975 2701 4028 hi
2731 3973 2843 4028 duo
2868 3973 3036 4027 animi
3063 3974 3352 4044 proposito
3377 3985 3433 4031 et
3462 3975 3647 4031 inten-

2059 4065 2243 4130 tione,
2291 4065 2359 4119 ad
2413 4080 2573 4120 suum
2632 4073 2865 4135 uterque
2919 4064 3202 4135 preprium
3261 4065 3463 4119 bonum
3527 4067 3644 4135 pari

2059 4171 2319 4212 successu
2359 4156 2776 4213 contendentes.
2828 4159 3007 4227 Atque
3052 4166 3112 4211 ut
3151 4156 3397 4227 apertius
3434 4157 3638 4223 dicam,

2058 4256 2279 4318 propter
2302 4246 2638 4303 laudabilem
2662 4246 3067 4303 aemulationem
3094 4247 3350 4302 certatim
3386 4256 3639 4315 currunt,

2060 4336 2190 4391 dum
2216 4343 2449 4407 uterque
2467 4335 2696 4390 alterum
2725 4351 2989 4406 superare
3014 4335 3375 4402 conatur,ille
3400 4337 3640 4405 actione,

2062 4428 2148 4484 hic
2171 4428 2657 4499 contemplatione.
2684 4426 3066 4484 Coucordibus
3088 4438 3268 4485 autem
3295 4430 3499 4485 animis
3521 4446 3650 4486 cur-

2061 4530 2212 4587 runt,
2244 4520 2508 4591 quoniam
2551 4520 2619 4575 ad
2654 4536 2823 4576 unum
2852 4522 3100 4578 scientiae
3130 4538 3356 4593 scopum
3392 4521 3663 4587 tendunt,.

2062 4619 2116 4666 et
2140 4611 2236 4682 qui
2266 4610 2322 4665 in
2360 4612 2598 4676 actione,
2643 4621 2698 4667 et
2730 4611 2824 4684 qui
2871 4613 2928 4668 in
2966 4614 3344 4684 speculatione
3375 4624 3661 4671 versatur-

2064 4705 2142 4758 Ac
2185 4703 2467 4759 celeritate
2513 4704 2735 4776 quidem
2769 4709 2818 4760 is
2871 4705 2965 4775 qui
3022 4706 3476 4776 contemplationi
3525 4722 3662 4762 sese

2067 4794 2290 4862 addixit,
2313 4795 2545 4853 actionis
2580 4796 2887 4853 studiosum
2910 4797 3222 4865 antevertit,
3246 4809 3434 4868 utpote
3455 4814 3645 4855 crassa

2067 4888 2295 4943 materia
2328 4886 2511 4942 minus
2540 4894 2802 4955 gravatus
2833 4886 3067 4947 :studio
3095 4896 3277 4943 autem
3315 4889 3647 4959 speculatio-

2068 4982 2153 5038 nis
2187 4981 2469 5036 alumnum
2500 4981 2548 5036 is
2575 4987 2823 5050 superat,
2866 4979 2963 5050 qui
2987 4981 3168 5036 activa
3208 4981 3410 5037 virtute
3442 4969 3649 5037 instru-

2062 5082 2183 5128 ctus
2219 5080 2324 5140 est,
2374 5080 2562 5142 utpote
2608 5073 2962 5127 laboriosior.
3016 5072 3222 5128 Adhaac
3257 5072 3348 5142 qui
3400 5083 3648 5128 contem-

2062 5166 2302 5238 platione
2327 5165 2652 5230 delectatur,
2691 5164 2872 5220 solum
2905 5164 3200 5234 intelligit:
3229 5177 3285 5221 at
3313 5166 3405 5236 qui
3432 5168 3646 5222 actione

2069 5260 2289 5330 gaudet,
2330 5259 2712 5328 experimento
2744 5259 3032 5314 scientiam
3057 5260 3205 5329 capit
3234 5278 3249 5314 :
3285 5262 3648 5331 quemadmo-

2069 5354 2197 5408 dum
2236 5352 2477 5409 Joannes
2505 5353 2556 5406 in
2588 5360 3008 5407 monumentum
3037 5354 3215 5408 solum
3252 5369 3311 5409 se
3340 5353 3645 5409 inclinavit.

2066 5443 2268 5500 Petrus
2292 5459 2424 5500 vero
2461 5445 2722 5499 introivit.

2134 5535 2270 5591 Ibid.
2332 5536 2488 5601 Quod
2525 5538 2573 5591 si
2613 5536 2829 5594 Tltomte
2869 5539 3043 5593 instar
3096 5555 3128 5592 a
3174 5546 3307 5591 coetu
3355 5536 3643 5605 discipulo-

2066 5646 2222 5698 rum,
2285 5638 2393 5686 etc.
2474 5629 2738 5702 Quisquis
2788 5630 2844 5685 in
2910 5629 3033 5685 ﬁdei
3081 5629 3329 5683 doctrina
3390 5628 3641 5693 dubitat,
