  <div class='ocr_page' id='page_1' title='image "/cluster/home/n/w/nwhite01/storage/ocr_20150623/127/coo.31924054870328/707.png"; bbox 0 0 4116 6418; ppageno 0'>
   <div class='ocr_carea' id='block_1_1' title="bbox 398 344 608 435">
    <p class='ocr_par' dir='ltr' id='par_1_1' title="bbox 398 344 608 435">
     <span class='ocr_line' id='line_1_1' title="bbox 398 344 608 435; baseline 0 -31"><span class='ocrx_word' id='word_1_1' title='bbox 398 433 401 435; x_wconf 92' lang='lat'><em>_</em></span> <span class='ocrx_word' id='word_1_2' title='bbox 471 344 608 405; x_wconf 78' lang='lat'><strong>1399</strong></span> 
     </span>
    </p>
   </div>
   <div class='ocr_carea' id='block_1_2' title="bbox 1887 350 2268 411">
    <p class='ocr_par' dir='ltr' id='par_1_2' title="bbox 1887 350 2268 411">
     <span class='ocr_line' id='line_1_2' title="bbox 1887 350 2268 411; baseline 0.016 -6"><span class='ocrx_word' id='word_1_3' title='bbox 1887 350 2268 411; x_wconf 56' lang='lat' dir='ltr'><strong>ADDEN‘DA.</strong></span> 
     </span>
    </p>
   </div>
   <div class='ocr_carea' id='block_1_3' title="bbox 3597 362 3734 424">
    <p class='ocr_par' dir='ltr' id='par_1_3' title="bbox 3597 362 3734 424">
     <span class='ocr_line' id='line_1_3' title="bbox 3597 362 3734 424; baseline 0 0"><span class='ocrx_word' id='word_1_4' title='bbox 3597 362 3734 424; x_wconf 65' lang='lat'><strong>1500</strong></span> 
     </span>
    </p>
   </div>
   <div class='ocr_carea' id='block_1_4' title="bbox 470 457 3733 546">
    <p class='ocr_par' dir='ltr' id='par_1_4' title="bbox 470 457 3733 546">
     <span class='ocr_line' id='line_1_4' title="bbox 470 457 3733 546; baseline 0.004 -36"><span class='ocrx_word' id='word_1_5' title='bbox 470 457 712 512; x_wconf 80' lang='lat' dir='ltr'><strong>Thomas</strong></span> <span class='ocrx_word' id='word_1_6' title='bbox 757 467 860 524; x_wconf 89' lang='lat' dir='ltr'><strong>est,</strong></span> <span class='ocrx_word' id='word_1_7' title='bbox 903 474 965 512; x_wconf 92' lang='lat' dir='ltr'><strong>ac</strong></span> <span class='ocrx_word' id='word_1_8' title='bbox 997 460 1184 512; x_wconf 91' lang='lat' dir='ltr'><strong>eodem</strong></span> <span class='ocrx_word' id='word_1_9' title='bbox 1234 461 1394 513; x_wconf 91' lang='lat' dir='ltr'><strong>modo</strong></span> <span class='ocrx_word' id='word_1_10' title='bbox 1439 461 1722 530; x_wconf 79' lang='lat' dir='ltr'><strong>Didymus,</strong></span> <span class='ocrx_word' id='word_1_11' title='bbox 1763 462 1856 530; x_wconf 86' lang='lat' dir='ltr'><strong>qui</strong></span> <span class='ocrx_word' id='word_1_12' title='bbox 1899 478 2043 532; x_wconf 67' lang='lat' dir='ltr'><strong>aagre</strong></span> <span class='ocrx_word' id='word_1_13' title='bbox 2073 472 2120 522; x_wconf 74' lang='grc' dir='ltr'>Α</span> <span class='ocrx_word' id='word_1_14' title='bbox 2149 481 2176 515; x_wconf 91' lang='lat' dir='ltr'><strong>a</strong></span> <span class='ocrx_word' id='word_1_15' title='bbox 2222 469 2458 536; x_wconf 88' lang='lat' dir='ltr'><strong>quodam</strong></span> <span class='ocrx_word' id='word_1_16' title='bbox 2509 469 2822 524; x_wconf 84' lang='lat' dir='ltr'><strong>Christiano</strong></span> <span class='ocrx_word' id='word_1_17' title='bbox 2874 472 3184 531; x_wconf 76' lang='lat' dir='ltr'><strong>maledictis</strong></span> <span class='ocrx_word' id='word_1_18' title='bbox 3225 476 3620 546; x_wconf 69' lang='lat' dir='ltr'><strong>conviciisque,</strong></span> <span class='ocrx_word' id='word_1_19' title='bbox 3674 490 3733 532; x_wconf 79' lang='grc' dir='ltr'><strong>ιιι</strong></span> 
     </span>
    </p>
   </div>
   <div class='ocr_carea' id='block_1_5' title="bbox 469 550 2042 620">
    <p class='ocr_par' dir='ltr' id='par_1_5' title="bbox 469 550 2042 620">
     <span class='ocr_line' id='line_1_5' title="bbox 469 550 2042 620; baseline 0.003 -17"><span class='ocrx_word' id='word_1_20' title='bbox 469 551 782 614; x_wconf 87' lang='lat' dir='ltr'><strong>adducitur,</strong></span> <span class='ocrx_word' id='word_1_21' title='bbox 832 559 890 604; x_wconf 93' lang='lat' dir='ltr'><strong>ut</strong></span> <span class='ocrx_word' id='word_1_22' title='bbox 926 550 1142 605; x_wconf 86' lang='lat' dir='ltr'><strong>virtutis</strong></span> <span class='ocrx_word' id='word_1_23' title='bbox 1191 560 1244 604; x_wconf 90' lang='lat' dir='ltr'><strong>et</strong></span> <span class='ocrx_word' id='word_1_24' title='bbox 1291 552 1532 606; x_wconf 70' lang='lat' dir='ltr'><strong>scientiae</strong></span> <span class='ocrx_word' id='word_1_25' title='bbox 1579 553 1684 620; x_wconf 85' lang='lat' dir='ltr'><strong>ipsi</strong></span> <span class='ocrx_word' id='word_1_26' title='bbox 1741 553 1940 617; x_wconf 63' lang='lat' dir='ltr'><strong>insitae,</strong></span> <span class='ocrx_word' id='word_1_27' title='bbox 1977 569 2042 608; x_wconf 91' lang='lat' dir='ltr'><strong>ac</strong></span> 
     </span>
    </p>
   </div>
   <div class='ocr_carea' id='block_1_6' title="bbox 467 642 2040 711">
    <p class='ocr_par' dir='ltr' id='par_1_6' title="bbox 467 642 2040 711">
     <span class='ocr_line' id='line_1_6' title="bbox 467 642 2040 711; baseline 0.003 -16"><span class='ocrx_word' id='word_1_28' title='bbox 467 661 562 711; x_wconf 86' lang='lat' dir='ltr'><strong>per</strong></span> <span class='ocrx_word' id='word_1_29' title='bbox 611 642 909 697; x_wconf 90' lang='lat' dir='ltr'><strong>admissum</strong></span> <span class='ocrx_word' id='word_1_30' title='bbox 950 652 1234 711; x_wconf 78' lang='lat' dir='ltr'><strong>peccatum</strong></span> <span class='ocrx_word' id='word_1_31' title='bbox 1281 653 1534 707; x_wconf 60' lang='lat' dir='ltr'><strong>mortuae,</strong></span> <span class='ocrx_word' id='word_1_32' title='bbox 1577 646 2040 700; x_wconf 77' lang='lat' dir='ltr'><strong>resurrectionem</strong></span> 
     </span>
    </p>
   </div>
   <div class='ocr_carea' id='block_1_7' title="bbox 468 735 2042 806">
    <p class='ocr_par' dir='ltr' id='par_1_7' title="bbox 468 735 2042 806">
     <span class='ocr_line' id='line_1_7' title="bbox 468 735 2042 806; baseline 0.001 -15"><span class='ocrx_word' id='word_1_33' title='bbox 468 740 588 791; x_wconf 81' lang='lat' dir='ltr'><strong>fore</strong></span> <span class='ocrx_word' id='word_1_34' title='bbox 644 737 855 791; x_wconf 91' lang='lat' dir='ltr'><strong>credat.</strong></span> <span class='ocrx_word' id='word_1_35' title='bbox 889 735 1152 805; x_wconf 83' lang='lat' dir='ltr'><strong>Discipuli</strong></span> <span class='ocrx_word' id='word_1_36' title='bbox 1192 747 1372 790; x_wconf 88' lang='lat' dir='ltr'><strong>autem</strong></span> <span class='ocrx_word' id='word_1_37' title='bbox 1427 747 1578 800; x_wconf 88' lang='lat' dir='ltr'><strong>sunt,</strong></span> <span class='ocrx_word' id='word_1_38' title='bbox 1610 739 1704 806; x_wconf 91' lang='lat' dir='ltr'><strong>qui</strong></span> <span class='ocrx_word' id='word_1_39' title='bbox 1755 747 1905 792; x_wconf 92' lang='lat' dir='ltr'><strong>certa</strong></span> <span class='ocrx_word' id='word_1_40' title='bbox 1937 738 2042 792; x_wconf 90' lang='lat' dir='ltr'><strong>ﬁde</strong></span> 
     </span>
    </p>
   </div>
   <div class='ocr_carea' id='block_1_8' title="bbox 466 831 2042 901">
    <p class='ocr_par' dir='ltr' id='par_1_8' title="bbox 466 831 2042 901">
     <span class='ocr_line' id='line_1_8' title="bbox 466 831 2042 901; baseline 0.001 -17"><span class='ocrx_word' id='word_1_41' title='bbox 466 834 565 885; x_wconf 78' lang='lat' dir='ltr'><strong>sibi</strong></span> <span class='ocrx_word' id='word_1_42' title='bbox 599 832 931 901; x_wconf 80' lang='lat' dir='ltr'><strong>persuadent</strong></span> <span class='ocrx_word' id='word_1_43' title='bbox 955 831 1258 894; x_wconf 79' lang='lat' dir='ltr'><strong>Christum,</strong></span> <span class='ocrx_word' id='word_1_44' title='bbox 1286 831 1391 884; x_wconf 89' lang='lat' dir='ltr'><strong>hoc</strong></span> <span class='ocrx_word' id='word_1_45' title='bbox 1419 841 1526 895; x_wconf 88' lang='lat' dir='ltr'><strong>est,</strong></span> <span class='ocrx_word' id='word_1_46' title='bbox 1556 841 1861 886; x_wconf 88' lang='lat' dir='ltr'><strong>emortuam</strong></span> <span class='ocrx_word' id='word_1_47' title='bbox 1887 833 2042 900; x_wconf 89' lang='lat' dir='ltr'><strong>prius</strong></span> 
     </span>
    </p>
   </div>
   <div class='ocr_carea' id='block_1_9' title="bbox 467 922 2039 992">
    <p class='ocr_par' dir='ltr' id='par_1_9' title="bbox 467 922 2039 992">
     <span class='ocr_line' id='line_1_9' title="bbox 467 922 2039 992; baseline 0.004 -20"><span class='ocrx_word' id='word_1_48' title='bbox 467 925 748 985; x_wconf 74' lang='lat' dir='ltr'><strong>virtutem,</strong></span> <span class='ocrx_word' id='word_1_49' title='bbox 775 939 871 992; x_wconf 91' lang='lat' dir='ltr'><strong>per</strong></span> <span class='ocrx_word' id='word_1_50' title='bbox 903 922 1144 976; x_wconf 87' lang='lat' dir='ltr'><strong>divinam</strong></span> <span class='ocrx_word' id='word_1_51' title='bbox 1174 923 1472 990; x_wconf 87' lang='lat' dir='ltr'><strong>potentiam</strong></span> <span class='ocrx_word' id='word_1_52' title='bbox 1497 923 1550 976; x_wconf 93' lang='lat' dir='ltr'><strong>in</strong></span> <span class='ocrx_word' id='word_1_53' title='bbox 1579 925 1711 992; x_wconf 89' lang='lat' dir='ltr'><strong>ipsis</strong></span> <span class='ocrx_word' id='word_1_54' title='bbox 1738 923 2001 978; x_wconf 70' lang='lat' dir='ltr'><strong>revixisse</strong></span> <span class='ocrx_word' id='word_1_55' title='bbox 2026 943 2039 978; x_wconf 93' lang='lat'>:</span> 
     </span>
    </p>
   </div>
   <div class='ocr_carea' id='block_1_10' title="bbox 463 1015 2044 1085">
    <p class='ocr_par' dir='ltr' id='par_1_10' title="bbox 463 1015 2044 1085">
     <span class='ocr_line' id='line_1_10' title="bbox 463 1015 2044 1085; baseline 0.001 -17"><span class='ocrx_word' id='word_1_56' title='bbox 463 1017 667 1082; x_wconf 86' lang='lat' dir='ltr'><strong>quique</strong></span> <span class='ocrx_word' id='word_1_57' title='bbox 695 1025 754 1068; x_wconf 93' lang='lat' dir='ltr'><strong>ut</strong></span> <span class='ocrx_word' id='word_1_58' title='bbox 786 1015 990 1068; x_wconf 85' lang='lat' dir='ltr'><strong>Christi</strong></span> <span class='ocrx_word' id='word_1_59' title='bbox 1025 1015 1280 1085; x_wconf 87' lang='lat' dir='ltr'><strong>discipuli</strong></span> <span class='ocrx_word' id='word_1_60' title='bbox 1321 1016 1461 1079; x_wconf 90' lang='lat' dir='ltr'><strong>loco,</strong></span> <span class='ocrx_word' id='word_1_61' title='bbox 1499 1018 1579 1070; x_wconf 91' lang='lat' dir='ltr'><strong>sic</strong></span> <span class='ocrx_word' id='word_1_62' title='bbox 1604 1016 1705 1084; x_wconf 92' lang='lat' dir='ltr'><strong>ipsi</strong></span> <span class='ocrx_word' id='word_1_63' title='bbox 1748 1017 2044 1071; x_wconf 86' lang='lat' dir='ltr'><strong>concordia</strong></span> 
     </span>
    </p>
   </div>
   <div class='ocr_carea' id='block_1_11' title="bbox 463 1110 2040 1180">
    <p class='ocr_par' dir='ltr' id='par_1_11' title="bbox 463 1110 2040 1180">
     <span class='ocr_line' id='line_1_11' title="bbox 463 1110 2040 1180; baseline 0.003 -18"><span class='ocrx_word' id='word_1_64' title='bbox 463 1111 856 1178; x_wconf 64' lang='lat' dir='ltr'><strong>sententiisque</strong></span> <span class='ocrx_word' id='word_1_65' title='bbox 881 1110 1139 1164; x_wconf 91' lang='lat' dir='ltr'><strong>ﬁrmitate</strong></span> <span class='ocrx_word' id='word_1_66' title='bbox 1158 1122 1210 1164; x_wconf 88' lang='lat' dir='ltr'><strong>et</strong></span> <span class='ocrx_word' id='word_1_67' title='bbox 1233 1116 1547 1166; x_wconf 89' lang='lat' dir='ltr'><strong>constantia</strong></span> <span class='ocrx_word' id='word_1_68' title='bbox 1580 1112 1863 1180; x_wconf 86' lang='lat' dir='ltr'><strong>conjuncti</strong></span> <span class='ocrx_word' id='word_1_69' title='bbox 1890 1125 2040 1177; x_wconf 90' lang='lat' dir='ltr'><strong>sunt,</strong></span> 
     </span>
    </p>
   </div>
   <div class='ocr_carea' id='block_1_12' title="bbox 475 1199 2042 1273">
    <p class='ocr_par' dir='ltr' id='par_1_12' title="bbox 475 1199 2042 1273">
     <span class='ocr_line' id='line_1_12' title="bbox 475 1199 2042 1273; baseline 0.004 -22"><span class='ocrx_word' id='word_1_70' title='bbox 475 1201 541 1251; x_wconf 87' lang='lat' dir='ltr'><strong>ad</strong></span> <span class='ocrx_word' id='word_1_71' title='bbox 589 1216 731 1266; x_wconf 89' lang='lat' dir='ltr'><strong>quos</strong></span> <span class='ocrx_word' id='word_1_72' title='bbox 758 1201 922 1252; x_wconf 89' lang='lat' dir='ltr'><strong>etiam</strong></span> <span class='ocrx_word' id='word_1_73' title='bbox 948 1199 1148 1254; x_wconf 82' lang='lat' dir='ltr'><strong>Christi</strong></span> <span class='ocrx_word' id='word_1_74' title='bbox 1186 1203 1361 1269; x_wconf 85' lang='lat' dir='ltr'><strong>gratia</strong></span> <span class='ocrx_word' id='word_1_75' title='bbox 1393 1203 1638 1257; x_wconf 90' lang='lat' dir='ltr'><strong>immcat.</strong></span> <span class='ocrx_word' id='word_1_76' title='bbox 1666 1203 1722 1258; x_wconf 91' lang='lat' dir='ltr'><strong>Si</strong></span> <span class='ocrx_word' id='word_1_77' title='bbox 1759 1204 1923 1273; x_wconf 81' lang='lat' dir='ltr'><strong>igitur</strong></span> <span class='ocrx_word' id='word_1_78' title='bbox 1946 1203 2042 1258; x_wconf 88' lang='lat' dir='ltr'><strong>tibi</strong></span> 
     </span>
    </p>
   </div>
   <div class='ocr_carea' id='block_1_13' title="bbox 466 1290 2042 1357">
    <p class='ocr_par' dir='ltr' id='par_1_13' title="bbox 466 1290 2042 1357">
     <span class='ocr_line' id='line_1_13' title="bbox 466 1290 2042 1357; baseline 0.006 -18"><span class='ocrx_word' id='word_1_79' title='bbox 466 1290 779 1355; x_wconf 70' lang='lat' dir='ltr'><strong>t-ontigerit,</strong></span> <span class='ocrx_word' id='word_1_80' title='bbox 809 1301 868 1344; x_wconf 94' lang='lat' dir='ltr'><strong>ut</strong></span> <span class='ocrx_word' id='word_1_81' title='bbox 895 1291 964 1344; x_wconf 89' lang='lat' dir='ltr'><strong>ab</strong></span> <span class='ocrx_word' id='word_1_82' title='bbox 995 1307 1185 1346; x_wconf 88' lang='lat' dir='ltr'><strong>eorum</strong></span> <span class='ocrx_word' id='word_1_83' title='bbox 1220 1303 1362 1346; x_wconf 63' lang='lat' dir='ltr'><strong>coetu</strong></span> <span class='ocrx_word' id='word_1_84' title='bbox 1410 1293 1675 1355; x_wconf 71' lang='lat' dir='ltr'><strong>abluet-is,</strong></span> <span class='ocrx_word' id='word_1_85' title='bbox 1715 1294 1815 1349; x_wconf 90' lang='lat' dir='ltr'><strong>hoc</strong></span> <span class='ocrx_word' id='word_1_86' title='bbox 1843 1305 1948 1357; x_wconf 91' lang='lat' dir='ltr'><strong>est,</strong></span> <span class='ocrx_word' id='word_1_87' title='bbox 1986 1304 2042 1348; x_wconf 94' lang='lat' dir='ltr'><strong>ut</strong></span> 
     </span>
    </p>
   </div>
   <div class='ocr_carea' id='block_1_14' title="bbox 466 1382 2044 1455">
    <p class='ocr_par' dir='ltr' id='par_1_14' title="bbox 466 1382 2044 1455">
     <span class='ocr_line' id='line_1_14' title="bbox 466 1382 2044 1455; baseline 0.004 -23"><span class='ocrx_word' id='word_1_88' title='bbox 466 1396 561 1446; x_wconf 86' lang='lat' dir='ltr'><strong>per</strong></span> <span class='ocrx_word' id='word_1_89' title='bbox 607 1391 660 1435; x_wconf 90' lang='lat' dir='ltr'><strong>te</strong></span> <span class='ocrx_word' id='word_1_90' title='bbox 709 1382 892 1436; x_wconf 90' lang='lat' dir='ltr'><strong>minus</strong></span> <span class='ocrx_word' id='word_1_91' title='bbox 935 1384 1149 1446; x_wconf 90' lang='lat' dir='ltr'><strong>credas,</strong></span> <span class='ocrx_word' id='word_1_92' title='bbox 1205 1385 1396 1439; x_wconf 84' lang='lat' dir='ltr'><strong>saltem</strong></span> <span class='ocrx_word' id='word_1_93' title='bbox 1443 1385 1526 1440; x_wconf 81' lang='lat' dir='ltr'><strong>his</strong></span> <span class='ocrx_word' id='word_1_94' title='bbox 1581 1387 1674 1454; x_wconf 89' lang='lat' dir='ltr'><strong>qui</strong></span> <span class='ocrx_word' id='word_1_95' title='bbox 1727 1385 2044 1455; x_wconf 74' lang='lat' dir='ltr'><strong>huiusmodi</strong></span> 
     </span>
    </p>
   </div>
   <div class='ocr_carea' id='block_1_15' title="bbox 465 1475 2045 1545">
    <p class='ocr_par' dir='ltr' id='par_1_15' title="bbox 465 1475 2045 1545">
     <span class='ocr_line' id='line_1_15' title="bbox 465 1475 2045 1545; baseline 0.004 -20"><span class='ocrx_word' id='word_1_96' title='bbox 465 1475 883 1529; x_wconf 85' lang='lat' dir='ltr'><strong>resurrectionis</strong></span> <span class='ocrx_word' id='word_1_97' title='bbox 931 1477 1232 1545; x_wconf 81' lang='lat' dir='ltr'><strong>periculum</strong></span> <span class='ocrx_word' id='word_1_98' title='bbox 1292 1476 1561 1543; x_wconf 81' lang='lat' dir='ltr'><strong>fecerunt,</strong></span> <span class='ocrx_word' id='word_1_99' title='bbox 1607 1494 1670 1534; x_wconf 91' lang='lat' dir='ltr'><strong>ac</strong></span> <span class='ocrx_word' id='word_1_100' title='bbox 1713 1495 1827 1534; x_wconf 93' lang='lat' dir='ltr'><strong>rem</strong></span> <span class='ocrx_word' id='word_1_101' title='bbox 1869 1481 1942 1534; x_wconf 91' lang='lat' dir='ltr'><strong>ita</strong></span> <span class='ocrx_word' id='word_1_102' title='bbox 1985 1495 2045 1533; x_wconf 91' lang='lat' dir='ltr'><strong>se</strong></span> 
     </span>
    </p>
   </div>
   <div class='ocr_carea' id='block_1_16' title="bbox 466 1567 2042 1641">
    <p class='ocr_par' dir='ltr' id='par_1_16' title="bbox 466 1567 2042 1641">
     <span class='ocr_line' id='line_1_16' title="bbox 466 1567 2042 1641; baseline 0.003 -23"><span class='ocrx_word' id='word_1_103' title='bbox 466 1567 664 1620; x_wconf 86' lang='lat' dir='ltr'><strong>habere</strong></span> <span class='ocrx_word' id='word_1_104' title='bbox 687 1567 1040 1636; x_wconf 89' lang='lat' dir='ltr'><strong>conﬁrmant,</strong></span> <span class='ocrx_word' id='word_1_105' title='bbox 1070 1570 1229 1624; x_wconf 89' lang='lat' dir='ltr'><strong>ﬁdem</strong></span> <span class='ocrx_word' id='word_1_106' title='bbox 1255 1585 1475 1641; x_wconf 75' lang='lat' dir='ltr'><strong>arrogo.</strong></span> <span class='ocrx_word' id='word_1_107' title='bbox 1505 1570 1560 1625; x_wconf 91' lang='lat' dir='ltr'><strong>Si</strong></span> <span class='ocrx_word' id='word_1_108' title='bbox 1599 1589 1665 1626; x_wconf 91' lang='lat' dir='ltr'><strong>ne</strong></span> <span class='ocrx_word' id='word_1_109' title='bbox 1694 1572 1778 1626; x_wconf 90' lang='lat' dir='ltr'><strong>his</strong></span> <span class='ocrx_word' id='word_1_110' title='bbox 1799 1571 2042 1639; x_wconf 87' lang='lat' dir='ltr'><strong>quidem,</strong></span> 
     </span>
    </p>
   </div>
   <div class='ocr_carea' id='block_1_17' title="bbox 464 1665 2044 1732">
    <p class='ocr_par' dir='ltr' id='par_1_17' title="bbox 464 1665 2044 1732">
     <span class='ocr_line' id='line_1_17' title="bbox 464 1665 2044 1732; baseline 0.006 -23"><span class='ocrx_word' id='word_1_111' title='bbox 464 1670 519 1710; x_wconf 85' lang='lat' dir='ltr'><strong>at</strong></span> <span class='ocrx_word' id='word_1_112' title='bbox 555 1672 702 1714; x_wconf 88' lang='lat' dir='ltr'><strong>certe</strong></span> <span class='ocrx_word' id='word_1_113' title='bbox 748 1672 990 1716; x_wconf 91' lang='lat' dir='ltr'><strong>veterum</strong></span> <span class='ocrx_word' id='word_1_114' title='bbox 1042 1674 1388 1732; x_wconf 86' lang='lat' dir='ltr'><strong>peccatorum</strong></span> <span class='ocrx_word' id='word_1_115' title='bbox 1433 1666 1716 1728; x_wconf 88' lang='lat' dir='ltr'><strong>memoria,</strong></span> <span class='ocrx_word' id='word_1_116' title='bbox 1767 1665 1819 1718; x_wconf 93' lang='lat' dir='ltr'><strong>in</strong></span> <span class='ocrx_word' id='word_1_117' title='bbox 1861 1674 2044 1718; x_wconf 87' lang='lat' dir='ltr'><strong>mente</strong></span> 
     </span>
    </p>
   </div>
   <div class='ocr_carea' id='block_1_18' title="bbox 461 1752 2045 1825">
    <p class='ocr_par' dir='ltr' id='par_1_18' title="bbox 461 1752 2045 1825">
     <span class='ocr_line' id='line_1_18' title="bbox 461 1752 2045 1825; baseline 0.004 -22"><span class='ocrx_word' id='word_1_118' title='bbox 461 1752 597 1805; x_wconf 83' lang='lat' dir='ltr'><strong>citra</strong></span> <span class='ocrx_word' id='word_1_119' title='bbox 643 1755 960 1821; x_wconf 81' lang='lat' dir='ltr'><strong>passionem</strong></span> <span class='ocrx_word' id='word_1_120' title='bbox 1004 1758 1300 1825; x_wconf 83' lang='lat' dir='ltr'><strong>impressa,</strong></span> <span class='ocrx_word' id='word_1_121' title='bbox 1341 1757 1436 1811; x_wconf 86' lang='lat' dir='ltr'><strong>tibi</strong></span> <span class='ocrx_word' id='word_1_122' title='bbox 1465 1759 1626 1812; x_wconf 88' lang='lat' dir='ltr'><strong>ﬁdem</strong></span> <span class='ocrx_word' id='word_1_123' title='bbox 1672 1757 1856 1810; x_wconf 76' lang='lat' dir='ltr'><strong>faciat.</strong></span> <span class='ocrx_word' id='word_1_124' title='bbox 1909 1756 2045 1810; x_wconf 87' lang='lat' dir='ltr'><strong>Pas-</strong></span> 
     </span>
    </p>
   </div>
   <div class='ocr_carea' id='block_1_19' title="bbox 463 1816 2122 1914">
    <p class='ocr_par' dir='ltr' id='par_1_19' title="bbox 463 1816 2122 1914">
     <span class='ocr_line' id='line_1_19' title="bbox 463 1816 2122 1914; baseline 0.004 -19"><span class='ocrx_word' id='word_1_125' title='bbox 463 1841 638 1896; x_wconf 81' lang='lat' dir='ltr'><strong>sionis</strong></span> <span class='ocrx_word' id='word_1_126' title='bbox 694 1853 875 1898; x_wconf 86' lang='lat' dir='ltr'><strong>autem</strong></span> <span class='ocrx_word' id='word_1_127' title='bbox 925 1860 1120 1914; x_wconf 80' lang='lat' dir='ltr'><strong>expers</strong></span> <span class='ocrx_word' id='word_1_128' title='bbox 1169 1847 1472 1912; x_wconf 90' lang='lat' dir='ltr'><strong>memoria,</strong></span> <span class='ocrx_word' id='word_1_129' title='bbox 1521 1847 1657 1901; x_wconf 91' lang='lat' dir='ltr'><strong>nihil</strong></span> <span class='ocrx_word' id='word_1_130' title='bbox 1707 1857 1794 1901; x_wconf 88' lang='lat' dir='ltr'><strong>est</strong></span> <span class='ocrx_word' id='word_1_131' title='bbox 1849 1847 2042 1912; x_wconf 89' lang='lat' dir='ltr'><strong>aliud,</strong></span> <span class='ocrx_word' id='word_1_132' title='bbox 2074 1816 2122 1875; x_wconf 78' lang='grc' dir='ltr'><strong>Β</strong></span> 
     </span>
    </p>
   </div>
   <div class='ocr_carea' id='block_1_20' title="bbox 461 1937 2048 2010">
    <p class='ocr_par' dir='ltr' id='par_1_20' title="bbox 461 1937 2048 2010">
     <span class='ocr_line' id='line_1_20' title="bbox 461 1937 2048 2010; baseline 0.004 -23"><span class='ocrx_word' id='word_1_133' title='bbox 461 1950 626 2002; x_wconf 90' lang='lat' dir='ltr'><strong>quam</strong></span> <span class='ocrx_word' id='word_1_134' title='bbox 686 1937 1083 2004; x_wconf 68' lang='lat' dir='ltr'><strong>praeteritarum</strong></span> <span class='ocrx_word' id='word_1_135' title='bbox 1159 1954 1342 1993; x_wconf 90' lang='lat' dir='ltr'><strong>rerum</strong></span> <span class='ocrx_word' id='word_1_136' title='bbox 1399 1941 1605 2010; x_wconf 88' lang='lat' dir='ltr'><strong>absque</strong></span> <span class='ocrx_word' id='word_1_137' title='bbox 1657 1940 1938 2010; x_wconf 84' lang='lat' dir='ltr'><strong>voluptate</strong></span> <span class='ocrx_word' id='word_1_138' title='bbox 1992 1949 2048 1994; x_wconf 90' lang='lat' dir='ltr'><strong>et</strong></span> 
     </span>
    </p>
   </div>
   <div class='ocr_carea' id='block_1_21' title="bbox 463 2029 2048 2101">
    <p class='ocr_par' dir='ltr' id='par_1_21' title="bbox 463 2029 2048 2101">
     <span class='ocr_line' id='line_1_21' title="bbox 463 2029 2048 2101; baseline 0.004 -22"><span class='ocrx_word' id='word_1_139' title='bbox 463 2042 702 2081; x_wconf 76' lang='lat' dir='ltr'><strong>interere</strong></span> <span class='ocrx_word' id='word_1_140' title='bbox 741 2029 1056 2096; x_wconf 83' lang='lat' dir='ltr'><strong>impressio,</strong></span> <span class='ocrx_word' id='word_1_141' title='bbox 1085 2031 1266 2085; x_wconf 89' lang='lat' dir='ltr'><strong>nullas</strong></span> <span class='ocrx_word' id='word_1_142' title='bbox 1300 2031 1507 2086; x_wconf 81' lang='lat' dir='ltr'><strong>habens</strong></span> <span class='ocrx_word' id='word_1_143' title='bbox 1537 2033 1829 2085; x_wconf 88' lang='lat' dir='ltr'><strong>vulnerum</strong></span> <span class='ocrx_word' id='word_1_144' title='bbox 1866 2031 2048 2101; x_wconf 84' lang='lat' dir='ltr'><strong>perfo-</strong></span> 
     </span>
    </p>
   </div>
   <div class='ocr_carea' id='block_1_22' title="bbox 462 2120 2041 2194">
    <p class='ocr_par' dir='ltr' id='par_1_22' title="bbox 462 2120 2041 2194">
     <span class='ocr_line' id='line_1_22' title="bbox 462 2120 2041 2194; baseline 0.003 -20"><span class='ocrx_word' id='word_1_145' title='bbox 462 2120 753 2187; x_wconf 87' lang='lat' dir='ltr'><strong>rationes,</strong></span> <span class='ocrx_word' id='word_1_146' title='bbox 808 2134 1034 2192; x_wconf 84' lang='lat' dir='ltr'><strong>propter</strong></span> <span class='ocrx_word' id='word_1_147' title='bbox 1090 2139 1212 2178; x_wconf 88' lang='lat' dir='ltr'><strong>eam</strong></span> <span class='ocrx_word' id='word_1_148' title='bbox 1260 2139 1383 2194; x_wconf 69' lang='lat' dir='ltr'><strong>quae</strong></span> <span class='ocrx_word' id='word_1_149' title='bbox 1423 2135 1613 2193; x_wconf 86' lang='lat' dir='ltr'><strong>postea</strong></span> <span class='ocrx_word' id='word_1_150' title='bbox 1672 2136 1858 2178; x_wconf 86' lang='lat' dir='ltr'><strong>secuta</strong></span> <span class='ocrx_word' id='word_1_151' title='bbox 1926 2133 2041 2187; x_wconf 87' lang='lat' dir='ltr'><strong>est,</strong></span> 
     </span>
    </p>
   </div>
   <div class='ocr_carea' id='block_1_23' title="bbox 465 2213 2046 2287">
    <p class='ocr_par' dir='ltr' id='par_1_23' title="bbox 465 2213 2046 2287">
     <span class='ocr_line' id='line_1_23' title="bbox 465 2213 2046 2287; baseline 0.005 -26"><span class='ocrx_word' id='word_1_152' title='bbox 465 2213 982 2281; x_wconf 83' lang='lat' dir='ltr'><strong>tranquillissimam</strong></span> <span class='ocrx_word' id='word_1_153' title='bbox 1027 2216 1195 2268; x_wconf 81' lang='lat' dir='ltr'><strong>animi</strong></span> <span class='ocrx_word' id='word_1_154' title='bbox 1236 2215 1717 2282; x_wconf 86' lang='lat' dir='ltr'><strong>constitutionem,</strong></span> <span class='ocrx_word' id='word_1_155' title='bbox 1751 2232 1918 2287; x_wconf 89' lang='lat' dir='ltr'><strong>quam</strong></span> <span class='ocrx_word' id='word_1_156' title='bbox 1953 2215 2046 2286; x_wconf 92' lang='lat' dir='ltr'><strong>qui</strong></span> 
     </span>
    </p>
   </div>
   <div class='ocr_carea' id='block_1_24' title="bbox 461 2305 2049 2376">
    <p class='ocr_par' dir='ltr' id='par_1_24' title="bbox 461 2305 2049 2376">
     <span class='ocr_line' id='line_1_24' title="bbox 461 2305 2049 2376; baseline 0.003 -18"><span class='ocrx_word' id='word_1_157' title='bbox 461 2318 572 2358; x_wconf 92' lang='lat' dir='ltr'><strong>non</strong></span> <span class='ocrx_word' id='word_1_158' title='bbox 603 2305 858 2369; x_wconf 84' lang='lat' dir='ltr'><strong>senserit,</strong></span> <span class='ocrx_word' id='word_1_159' title='bbox 896 2322 964 2360; x_wconf 90' lang='lat' dir='ltr'><strong>ne</strong></span> <span class='ocrx_word' id='word_1_160' title='bbox 996 2306 1091 2359; x_wconf 83' lang='lat' dir='ltr'><strong>alii</strong></span> <span class='ocrx_word' id='word_1_161' title='bbox 1143 2307 1370 2375; x_wconf 90' lang='lat' dir='ltr'><strong>quidem</strong></span> <span class='ocrx_word' id='word_1_162' title='bbox 1419 2309 1740 2371; x_wconf 84' lang='lat' dir='ltr'><strong>crediderit,</strong></span> <span class='ocrx_word' id='word_1_163' title='bbox 1782 2310 2049 2376; x_wconf 80' lang='lat' dir='ltr'><strong>quemad-</strong></span> 
     </span>
    </p>
   </div>
   <div class='ocr_carea' id='block_1_25' title="bbox 464 2397 2049 2469">
    <p class='ocr_par' dir='ltr' id='par_1_25' title="bbox 464 2397 2049 2469">
     <span class='ocr_line' id='line_1_25' title="bbox 464 2397 2049 2469; baseline 0.004 -21"><span class='ocrx_word' id='word_1_164' title='bbox 464 2397 694 2448; x_wconf 88' lang='lat' dir='ltr'><strong>modum</strong></span> <span class='ocrx_word' id='word_1_165' title='bbox 734 2397 962 2452; x_wconf 68' lang='lat' dir='ltr'><strong>Thomas</strong></span> <span class='ocrx_word' id='word_1_166' title='bbox 993 2398 1219 2452; x_wconf 90' lang='lat' dir='ltr'><strong>accidit.</strong></span> <span class='ocrx_word' id='word_1_167' title='bbox 1264 2397 1526 2452; x_wconf 78' lang='lat' dir='ltr'><strong>Memoria</strong></span> <span class='ocrx_word' id='word_1_168' title='bbox 1557 2399 1758 2469; x_wconf 88' lang='lat' dir='ltr'><strong>itaque,</strong></span> <span class='ocrx_word' id='word_1_169' title='bbox 1796 2411 2049 2468; x_wconf 84' lang='lat' dir='ltr'><strong>peccato-</strong></span> 
     </span>
    </p>
   </div>
   <div class='ocr_carea' id='block_1_26' title="bbox 463 2487 2046 2558">
    <p class='ocr_par' dir='ltr' id='par_1_26' title="bbox 463 2487 2046 2558">
     <span class='ocr_line' id='line_1_26' title="bbox 463 2487 2046 2558; baseline 0.003 -17"><span class='ocrx_word' id='word_1_170' title='bbox 463 2503 586 2542; x_wconf 88' lang='lat' dir='ltr'><strong>rum</strong></span> <span class='ocrx_word' id='word_1_171' title='bbox 619 2487 911 2558; x_wconf 78' lang='lat' dir='ltr'><strong>vestigium</strong></span> <span class='ocrx_word' id='word_1_172' title='bbox 950 2497 1116 2557; x_wconf 90' lang='lat' dir='ltr'><strong>atque</strong></span> <span class='ocrx_word' id='word_1_173' title='bbox 1167 2489 1460 2558; x_wconf 87' lang='lat' dir='ltr'><strong>impressio</strong></span> <span class='ocrx_word' id='word_1_174' title='bbox 1493 2501 1578 2544; x_wconf 89' lang='lat' dir='ltr'><strong>est</strong></span> <span class='ocrx_word' id='word_1_175' title='bbox 1607 2507 1622 2544; x_wconf 90' lang='lat'><strong>:</strong></span> <span class='ocrx_word' id='word_1_176' title='bbox 1653 2491 1790 2545; x_wconf 84' lang='lat' dir='ltr'><strong>clavi</strong></span> <span class='ocrx_word' id='word_1_177' title='bbox 1837 2501 2046 2558; x_wconf 89' lang='lat' dir='ltr'><strong>autem,</strong></span> 
     </span>
    </p>
   </div>
   <div class='ocr_carea' id='block_1_27' title="bbox 465 2579 2043 2655">
    <p class='ocr_par' dir='ltr' id='par_1_27' title="bbox 465 2579 2043 2655">
     <span class='ocr_line' id='line_1_27' title="bbox 465 2579 2043 2655; baseline 0.005 -24"><span class='ocrx_word' id='word_1_178' title='bbox 465 2579 582 2645; x_wconf 84' lang='lat' dir='ltr'><strong>ipsa</strong></span> <span class='ocrx_word' id='word_1_179' title='bbox 641 2590 882 2647; x_wconf 87' lang='lat' dir='ltr'><strong>peccata,</strong></span> <span class='ocrx_word' id='word_1_180' title='bbox 929 2580 1280 2650; x_wconf 89' lang='lat' dir='ltr'><strong>prolabentes</strong></span> <span class='ocrx_word' id='word_1_181' title='bbox 1336 2582 1587 2637; x_wconf 89' lang='lat' dir='ltr'><strong>homines</strong></span> <span class='ocrx_word' id='word_1_182' title='bbox 1644 2584 2043 2655; x_wconf 87' lang='lat' dir='ltr'><strong>transﬁgentia.</strong></span> 
     </span>
    </p>
   </div>
   <div class='ocr_carea' id='block_1_28' title="bbox 463 2667 2048 2738">
    <p class='ocr_par' dir='ltr' id='par_1_28' title="bbox 463 2667 2048 2738">
     <span class='ocr_line' id='line_1_28' title="bbox 463 2667 2048 2738; baseline 0.004 -16"><span class='ocrx_word' id='word_1_183' title='bbox 463 2667 733 2733; x_wconf 81' lang='lat' dir='ltr'><strong>Quocirca</strong></span> <span class='ocrx_word' id='word_1_184' title='bbox 782 2684 904 2721; x_wconf 90' lang='lat' dir='ltr'><strong>cum</strong></span> <span class='ocrx_word' id='word_1_185' title='bbox 937 2683 1059 2722; x_wconf 88' lang='lat' dir='ltr'><strong>eam</strong></span> <span class='ocrx_word' id='word_1_186' title='bbox 1110 2671 1219 2724; x_wconf 90' lang='lat' dir='ltr'><strong>vim</strong></span> <span class='ocrx_word' id='word_1_187' title='bbox 1271 2670 1553 2738; x_wconf 79' lang='lat' dir='ltr'><strong>habueris,</strong></span> <span class='ocrx_word' id='word_1_188' title='bbox 1591 2682 1651 2726; x_wconf 93' lang='lat' dir='ltr'><strong>ut</strong></span> <span class='ocrx_word' id='word_1_189' title='bbox 1689 2688 1751 2727; x_wconf 92' lang='lat' dir='ltr'><strong>ea</strong></span> <span class='ocrx_word' id='word_1_190' title='bbox 1783 2673 1902 2729; x_wconf 82' lang='lat' dir='ltr'><strong>sine</strong></span> <span class='ocrx_word' id='word_1_191' title='bbox 1938 2675 2048 2729; x_wconf 91' lang='lat' dir='ltr'><strong>ullo</strong></span> 
     </span>
    </p>
   </div>
   <div class='ocr_carea' id='block_1_29' title="bbox 464 2760 2044 2832">
    <p class='ocr_par' dir='ltr' id='par_1_29' title="bbox 464 2760 2044 2832">
     <span class='ocr_line' id='line_1_29' title="bbox 464 2760 2044 2832; baseline 0.006 -21"><span class='ocrx_word' id='word_1_192' title='bbox 464 2760 630 2814; x_wconf 86' lang='lat' dir='ltr'><strong>animi</strong></span> <span class='ocrx_word' id='word_1_193' title='bbox 659 2760 851 2814; x_wconf 85' lang='lat' dir='ltr'><strong>all&#39;ectu</strong></span> <span class='ocrx_word' id='word_1_194' title='bbox 884 2761 1149 2816; x_wconf 86' lang='lat' dir='ltr'><strong>memoria</strong></span> <span class='ocrx_word' id='word_1_195' title='bbox 1175 2763 1415 2817; x_wconf 90' lang='lat' dir='ltr'><strong>recolere</strong></span> <span class='ocrx_word' id='word_1_196' title='bbox 1445 2779 1639 2832; x_wconf 89' lang='lat' dir='ltr'><strong>queas,</strong></span> <span class='ocrx_word' id='word_1_197' title='bbox 1677 2773 1792 2818; x_wconf 90' lang='lat' dir='ltr'><strong>tum</strong></span> <span class='ocrx_word' id='word_1_198' title='bbox 1823 2767 2044 2820; x_wconf 86' lang='lat' dir='ltr'><strong>demum</strong></span> 
     </span>
    </p>
   </div>
   <div class='ocr_carea' id='block_1_30' title="bbox 464 2852 2044 2926">
    <p class='ocr_par' dir='ltr' id='par_1_30' title="bbox 464 2852 2044 2926">
     <span class='ocr_line' id='line_1_30' title="bbox 464 2852 2044 2926; baseline 0.005 -22"><span class='ocrx_word' id='word_1_199' title='bbox 464 2853 563 2906; x_wconf 85' lang='lat' dir='ltr'><strong>tibi</strong></span> <span class='ocrx_word' id='word_1_200' title='bbox 622 2852 940 2923; x_wconf 77' lang='lat' dir='ltr'><strong>hujusniodi</strong></span> <span class='ocrx_word' id='word_1_201' title='bbox 994 2855 1252 2910; x_wconf 82' lang='lat' dir='ltr'><strong>virtutem</strong></span> <span class='ocrx_word' id='word_1_202' title='bbox 1307 2857 1679 2912; x_wconf 84' lang='lat' dir='ltr'><strong>resurrexisse</strong></span> <span class='ocrx_word' id='word_1_203' title='bbox 1719 2872 2044 2926; x_wconf 88' lang='lat' dir='ltr'><strong>persuasum</strong></span> 
     </span>
    </p>
   </div>
   <div class='ocr_carea' id='block_1_31' title="bbox 466 2949 625 3003">
    <p class='ocr_par' dir='ltr' id='par_1_31' title="bbox 466 2949 625 3003">
     <span class='ocr_line' id='line_1_31' title="bbox 466 2949 625 3003; baseline 0.006 -1"><span class='ocrx_word' id='word_1_204' title='bbox 466 2949 625 3003; x_wconf 88' lang='lat' dir='ltr'><strong>habe.</strong></span> 
     </span>
    </p>
   </div>
   <div class='ocr_carea' id='block_1_32' title="bbox 544 3036 2048 3106">
    <p class='ocr_par' dir='ltr' id='par_1_32' title="bbox 544 3036 2048 3106">
     <span class='ocr_line' id='line_1_32' title="bbox 544 3036 2048 3106; baseline 0.005 -17"><span class='ocrx_word' id='word_1_205' title='bbox 544 3037 683 3092; x_wconf 86' lang='lat' dir='ltr'><strong>Ibid.</strong></span> <span class='ocrx_word' id='word_1_206' title='bbox 772 3036 834 3094; x_wconf 90' lang='lat' dir='ltr'><strong>Si</strong></span> <span class='ocrx_word' id='word_1_207' title='bbox 901 3039 959 3092; x_wconf 77' lang='lat' dir='ltr'><strong>in</strong></span> <span class='ocrx_word' id='word_1_208' title='bbox 1018 3037 1285 3106; x_wconf 81' lang='lat' dir='ltr'><strong>infernum</strong></span> <span class='ocrx_word' id='word_1_209' title='bbox 1359 3039 1682 3104; x_wconf 78' lang='lat' dir='ltr'><strong>descendat,</strong></span> <span class='ocrx_word' id='word_1_210' title='bbox 1743 3041 1904 3096; x_wconf 75' lang='lat' dir='ltr'><strong>simul</strong></span> <span class='ocrx_word' id='word_1_211' title='bbox 1957 3040 2048 3096; x_wconf 82' lang='lat' dir='ltr'><strong>de-</strong></span> 
     </span>
    </p>
   </div>
   <div class='ocr_carea' id='block_1_33' title="bbox 463 3131 2122 3238">
    <p class='ocr_par' dir='ltr' id='par_1_33' title="bbox 463 3131 2122 3238">
     <span class='ocr_line' id='line_1_33' title="bbox 463 3131 2122 3238; baseline 0.003 -52"><span class='ocrx_word' id='word_1_212' title='bbox 463 3133 692 3197; x_wconf 76' lang='lat' dir='ltr'><strong>scende,</strong></span> <span class='ocrx_word' id='word_1_213' title='bbox 749 3143 857 3187; x_wconf 85' lang='lat' dir='ltr'><strong>etc.</strong></span> <span class='ocrx_word' id='word_1_214' title='bbox 916 3131 1293 3189; x_wconf 89' lang='lat' dir='ltr'><strong>Deseendente</strong></span> <span class='ocrx_word' id='word_1_215' title='bbox 1345 3134 1565 3190; x_wconf 86' lang='lat' dir='ltr'><strong>Christo</strong></span> <span class='ocrx_word' id='word_1_216' title='bbox 1625 3137 1676 3188; x_wconf 93' lang='lat' dir='ltr'><strong>in</strong></span> <span class='ocrx_word' id='word_1_217' title='bbox 1731 3137 2049 3202; x_wconf 80' lang='lat' dir='ltr'><strong>infernum,</strong></span> <span class='ocrx_word' id='word_1_218' title='bbox 2078 3181 2122 3238; x_wconf 62' lang='grc' dir='ltr'><strong>ϐ</strong></span> 
     </span>
    </p>
   </div>
   <div class='ocr_carea' id='block_1_34' title="bbox 467 3228 2048 3298">
    <p class='ocr_par' dir='ltr' id='par_1_34' title="bbox 467 3228 2048 3298">
     <span class='ocr_line' id='line_1_34' title="bbox 467 3228 2048 3298; baseline 0.001 -16"><span class='ocrx_word' id='word_1_219' title='bbox 467 3228 645 3296; x_wconf 86' lang='lat' dir='ltr'><strong>ipsum</strong></span> <span class='ocrx_word' id='word_1_220' title='bbox 685 3242 907 3298; x_wconf 90' lang='lat' dir='ltr'><strong>quoque</strong></span> <span class='ocrx_word' id='word_1_221' title='bbox 943 3242 1040 3296; x_wconf 91' lang='lat' dir='ltr'><strong>per</strong></span> <span class='ocrx_word' id='word_1_222' title='bbox 1084 3228 1605 3297; x_wconf 85' lang='lat' dir='ltr'><strong>contemplationem</strong></span> <span class='ocrx_word' id='word_1_223' title='bbox 1640 3244 1891 3298; x_wconf 87' lang='lat' dir='ltr'><strong>sequere,</strong></span> <span class='ocrx_word' id='word_1_224' title='bbox 1938 3245 2048 3284; x_wconf 91' lang='lat' dir='ltr'><strong>non</strong></span> 
     </span>
    </p>
   </div>
   <div class='ocr_carea' id='block_1_35' title="bbox 466 3320 2051 3390">
    <p class='ocr_par' dir='ltr' id='par_1_35' title="bbox 466 3320 2051 3390">
     <span class='ocr_line' id='line_1_35' title="bbox 466 3320 2051 3390; baseline 0.002 -16"><span class='ocrx_word' id='word_1_225' title='bbox 466 3321 536 3374; x_wconf 80' lang='lat' dir='ltr'><strong>ob</strong></span> <span class='ocrx_word' id='word_1_226' title='bbox 579 3321 804 3384; x_wconf 87' lang='lat' dir='ltr'><strong>malum,</strong></span> <span class='ocrx_word' id='word_1_227' title='bbox 859 3320 954 3373; x_wconf 81' lang='lat' dir='ltr'><strong>sed</strong></span> <span class='ocrx_word' id='word_1_228' title='bbox 1005 3327 1064 3374; x_wconf 93' lang='lat' dir='ltr'><strong>ut</strong></span> <span class='ocrx_word' id='word_1_229' title='bbox 1117 3320 1470 3374; x_wconf 83' lang='lat' dir='ltr'><strong>excellentem</strong></span> <span class='ocrx_word' id='word_1_230' title='bbox 1523 3335 1716 3375; x_wconf 90' lang='lat' dir='ltr'><strong>eorum</strong></span> <span class='ocrx_word' id='word_1_231' title='bbox 1765 3338 1888 3390; x_wconf 66' lang='lat' dir='ltr'><strong>qua:</strong></span> <span class='ocrx_word' id='word_1_232' title='bbox 1943 3323 2051 3377; x_wconf 91' lang='lat' dir='ltr'><strong>illic</strong></span> 
     </span>
    </p>
   </div>
   <div class='ocr_carea' id='block_1_36' title="bbox 466 3409 2053 3483">
    <p class='ocr_par' dir='ltr' id='par_1_36' title="bbox 466 3409 2053 3483">
     <span class='ocr_line' id='line_1_36' title="bbox 466 3409 2053 3483; baseline 0.001 -17"><span class='ocrx_word' id='word_1_233' title='bbox 466 3422 829 3482; x_wconf 81' lang='lat' dir='ltr'><strong>peraguntur,</strong></span> <span class='ocrx_word' id='word_1_234' title='bbox 884 3412 1150 3464; x_wconf 85' lang='lat' dir='ltr'><strong>rationem</strong></span> <span class='ocrx_word' id='word_1_235' title='bbox 1205 3409 1481 3464; x_wconf 80' lang='lat' dir='ltr'><strong>addiscas.</strong></span> <span class='ocrx_word' id='word_1_236' title='bbox 1544 3411 1622 3465; x_wconf 84' lang='lat' dir='ltr'><strong>Ac</strong></span> <span class='ocrx_word' id='word_1_237' title='bbox 1670 3427 1875 3480; x_wconf 63' lang='lat' dir='ltr'><strong>quiem,</strong></span> <span class='ocrx_word' id='word_1_238' title='bbox 1929 3429 2053 3483; x_wconf 64' lang='lat' dir='ltr'><strong>quas</strong></span> 
     </span>
    </p>
   </div>
   <div class='ocr_carea' id='block_1_37' title="bbox 467 3492 2052 3574">
    <p class='ocr_par' dir='ltr' id='par_1_37' title="bbox 467 3492 2052 3574">
     <span class='ocr_line' id='line_1_37' title="bbox 467 3492 2052 3574; baseline 0.003 -17"><span class='ocrx_word' id='word_1_239' title='bbox 467 3492 710 3574; x_wconf 79' lang='lat' dir='ltr'><strong>duplicis</strong></span> <span class='ocrx_word' id='word_1_240' title='bbox 761 3503 965 3558; x_wconf 83' lang='lat' dir='ltr'><strong>Christi</strong></span> <span class='ocrx_word' id='word_1_241' title='bbox 1012 3503 1318 3559; x_wconf 88' lang='lat' dir='ltr'><strong>descensus</strong></span> <span class='ocrx_word' id='word_1_242' title='bbox 1356 3519 1523 3558; x_wconf 89' lang='lat' dir='ltr'><strong>causa</strong></span> <span class='ocrx_word' id='word_1_243' title='bbox 1579 3504 1764 3569; x_wconf 78' lang='lat' dir='ltr'><strong>fuerit,</strong></span> <span class='ocrx_word' id='word_1_244' title='bbox 1824 3507 2052 3562; x_wconf 90' lang='lat' dir='ltr'><strong>alterius</strong></span> 
     </span>
    </p>
   </div>
   <div class='ocr_carea' id='block_1_38' title="bbox 467 3596 2048 3660">
    <p class='ocr_par' dir='ltr' id='par_1_38' title="bbox 467 3596 2048 3660">
     <span class='ocr_line' id='line_1_38' title="bbox 467 3596 2048 3660; baseline -0.001 -6"><span class='ocrx_word' id='word_1_245' title='bbox 467 3599 728 3654; x_wconf 85' lang='lat' dir='ltr'><strong>nimirum</strong></span> <span class='ocrx_word' id='word_1_246' title='bbox 794 3614 824 3652; x_wconf 88' lang='lat' dir='ltr'><strong>a</strong></span> <span class='ocrx_word' id='word_1_247' title='bbox 876 3596 1016 3651; x_wconf 80' lang='lat' dir='ltr'><strong>coelo</strong></span> <span class='ocrx_word' id='word_1_248' title='bbox 1067 3597 1119 3650; x_wconf 91' lang='lat' dir='ltr'><strong>in</strong></span> <span class='ocrx_word' id='word_1_249' title='bbox 1171 3608 1398 3660; x_wconf 91' lang='lat' dir='ltr'><strong>terram,</strong></span> <span class='ocrx_word' id='word_1_250' title='bbox 1445 3598 1671 3653; x_wconf 88' lang='lat' dir='ltr'><strong>alterius</strong></span> <span class='ocrx_word' id='word_1_251' title='bbox 1725 3615 1753 3652; x_wconf 92' lang='lat' dir='ltr'><strong>a</strong></span> <span class='ocrx_word' id='word_1_252' title='bbox 1807 3608 1949 3653; x_wconf 87' lang='lat' dir='ltr'><strong>terra</strong></span> <span class='ocrx_word' id='word_1_253' title='bbox 1995 3600 2048 3653; x_wconf 89' lang='lat' dir='ltr'><strong>itt</strong></span> 
     </span>
    </p>
   </div>
   <div class='ocr_carea' id='block_1_39' title="bbox 469 3687 2052 3760">
    <p class='ocr_par' dir='ltr' id='par_1_39' title="bbox 469 3687 2052 3760">
     <span class='ocr_line' id='line_1_39' title="bbox 469 3687 2052 3760; baseline 0 -15"><span class='ocrx_word' id='word_1_254' title='bbox 469 3691 744 3745; x_wconf 77' lang='lat' dir='ltr'><strong>infernum</strong></span> <span class='ocrx_word' id='word_1_255' title='bbox 781 3707 793 3743; x_wconf 90' lang='lat'><strong>:</strong></span> <span class='ocrx_word' id='word_1_256' title='bbox 825 3704 894 3743; x_wconf 85' lang='lat' dir='ltr'><strong>an</strong></span> <span class='ocrx_word' id='word_1_257' title='bbox 949 3687 1207 3755; x_wconf 71' lang='lat' dir='ltr'><strong>fortasse,</strong></span> <span class='ocrx_word' id='word_1_258' title='bbox 1269 3701 1328 3742; x_wconf 92' lang='lat' dir='ltr'><strong>ut</strong></span> <span class='ocrx_word' id='word_1_259' title='bbox 1376 3691 1430 3742; x_wconf 93' lang='lat' dir='ltr'><strong>in</strong></span> <span class='ocrx_word' id='word_1_260' title='bbox 1483 3699 1625 3744; x_wconf 86' lang='lat' dir='ltr'><strong>terra</strong></span> <span class='ocrx_word' id='word_1_261' title='bbox 1685 3691 1904 3760; x_wconf 89' lang='lat' dir='ltr'><strong>quidem</strong></span> <span class='ocrx_word' id='word_1_262' title='bbox 1958 3705 2052 3760; x_wconf 90' lang='lat' dir='ltr'><strong>per</strong></span> 
     </span>
    </p>
   </div>
   <div class='ocr_carea' id='block_1_40' title="bbox 469 3784 2052 3854">
    <p class='ocr_par' dir='ltr' id='par_1_40' title="bbox 469 3784 2052 3854">
     <span class='ocr_line' id='line_1_40' title="bbox 469 3784 2052 3854; baseline 0.002 -16"><span class='ocrx_word' id='word_1_263' title='bbox 469 3789 666 3850; x_wconf 75' lang='lat' dir='ltr'><strong>li-lem,</strong></span> <span class='ocrx_word' id='word_1_264' title='bbox 722 3799 788 3839; x_wconf 87' lang='lat' dir='ltr'><strong>ac</strong></span> <span class='ocrx_word' id='word_1_265' title='bbox 845 3801 1036 3854; x_wconf 90' lang='lat' dir='ltr'><strong>puram</strong></span> <span class='ocrx_word' id='word_1_266' title='bbox 1099 3793 1154 3838; x_wconf 92' lang='lat' dir='ltr'><strong>et</strong></span> <span class='ocrx_word' id='word_1_267' title='bbox 1204 3784 1549 3839; x_wconf 87' lang='lat' dir='ltr'><strong>innocentem</strong></span> <span class='ocrx_word' id='word_1_268' title='bbox 1613 3786 1738 3837; x_wconf 70' lang='lat' dir='ltr'><strong>vita:</strong></span> <span class='ocrx_word' id='word_1_269' title='bbox 1795 3786 2052 3854; x_wconf 74' lang='lat' dir='ltr'><strong>dugetttlie</strong></span> 
     </span>
    </p>
   </div>
   <div class='ocr_carea' id='block_1_41' title="bbox 469 3877 2048 3946">
    <p class='ocr_par' dir='ltr' id='par_1_41' title="bbox 469 3877 2048 3946">
     <span class='ocr_line' id='line_1_41' title="bbox 469 3877 2048 3946; baseline 0 -15"><span class='ocrx_word' id='word_1_270' title='bbox 469 3879 764 3940; x_wconf 89' lang='lat' dir='ltr'><strong>rationem,</strong></span> <span class='ocrx_word' id='word_1_271' title='bbox 801 3877 1017 3930; x_wconf 89' lang='lat' dir='ltr'><strong>animas</strong></span> <span class='ocrx_word' id='word_1_272' title='bbox 1047 3891 1169 3929; x_wconf 89' lang='lat' dir='ltr'><strong>cum</strong></span> <span class='ocrx_word' id='word_1_273' title='bbox 1208 3877 1545 3946; x_wconf 83' lang='lat' dir='ltr'><strong>corporibus</strong></span> <span class='ocrx_word' id='word_1_274' title='bbox 1586 3878 1768 3930; x_wconf 77' lang='lat' dir='ltr'><strong>salvas</strong></span> <span class='ocrx_word' id='word_1_275' title='bbox 1802 3877 2002 3930; x_wconf 83' lang='lat' dir='ltr'><strong>laeerct</strong></span> <span class='ocrx_word' id='word_1_276' title='bbox 2033 3895 2048 3931; x_wconf 89' lang='lat'><strong>:</strong></span> 
     </span>
    </p>
   </div>
   <div class='ocr_carea' id='block_1_42' title="bbox 470 3969 2049 4038">
    <p class='ocr_par' dir='ltr' id='par_1_42' title="bbox 470 3969 2049 4038">
     <span class='ocr_line' id='line_1_42' title="bbox 470 3969 2049 4038; baseline 0.001 -15"><span class='ocrx_word' id='word_1_277' title='bbox 470 3973 524 4023; x_wconf 75' lang='lat' dir='ltr'><strong>in</strong></span> <span class='ocrx_word' id='word_1_278' title='bbox 558 3969 772 4022; x_wconf 77' lang='lat' dir='ltr'><strong>inferno</strong></span> <span class='ocrx_word' id='word_1_279' title='bbox 801 3981 982 4023; x_wconf 89' lang='lat' dir='ltr'><strong>autem</strong></span> <span class='ocrx_word' id='word_1_280' title='bbox 1012 3969 1228 4023; x_wconf 88' lang='lat' dir='ltr'><strong>animas</strong></span> <span class='ocrx_word' id='word_1_281' title='bbox 1262 3969 1381 4024; x_wconf 89' lang='lat' dir='ltr'><strong>sine</strong></span> <span class='ocrx_word' id='word_1_282' title='bbox 1415 3970 1741 4037; x_wconf 80' lang='lat' dir='ltr'><strong>corporibus</strong></span> <span class='ocrx_word' id='word_1_283' title='bbox 1771 3986 1864 4038; x_wconf 92' lang='lat' dir='ltr'><strong>per</strong></span> <span class='ocrx_word' id='word_1_284' title='bbox 1889 3972 2049 4024; x_wconf 83' lang='lat' dir='ltr'><strong>ﬁdem</strong></span> 
     </span>
    </p>
   </div>
   <div class='ocr_carea' id='block_1_43' title="bbox 467 4059 2050 4130">
    <p class='ocr_par' dir='ltr' id='par_1_43' title="bbox 467 4059 2050 4130">
     <span class='ocr_line' id='line_1_43' title="bbox 467 4059 2050 4130; baseline 0.002 -18"><span class='ocrx_word' id='word_1_285' title='bbox 467 4059 682 4115; x_wconf 78' lang='lat' dir='ltr'><strong>solam?</strong></span> <span class='ocrx_word' id='word_1_286' title='bbox 710 4059 949 4114; x_wconf 83' lang='lat' dir='ltr'><strong>Proinde</strong></span> <span class='ocrx_word' id='word_1_287' title='bbox 977 4061 1234 4130; x_wconf 88' lang='lat' dir='ltr'><strong>quisquis</strong></span> <span class='ocrx_word' id='word_1_288' title='bbox 1260 4061 1327 4114; x_wconf 90' lang='lat' dir='ltr'><strong>de</strong></span> <span class='ocrx_word' id='word_1_289' title='bbox 1360 4061 1558 4114; x_wconf 77' lang='lat' dir='ltr'><strong>animae</strong></span> <span class='ocrx_word' id='word_1_290' title='bbox 1603 4061 1825 4114; x_wconf 87' lang='lat' dir='ltr'><strong>interitu</strong></span> <span class='ocrx_word' id='word_1_291' title='bbox 1860 4079 1888 4114; x_wconf 90' lang='lat' dir='ltr'><strong>a</strong></span> <span class='ocrx_word' id='word_1_292' title='bbox 1923 4079 2050 4130; x_wconf 89' lang='lat' dir='ltr'><strong>pec-</strong></span> 
     </span>
    </p>
   </div>
   <div class='ocr_carea' id='block_1_44' title="bbox 471 4152 2051 4222">
    <p class='ocr_par' dir='ltr' id='par_1_44' title="bbox 471 4152 2051 4222">
     <span class='ocr_line' id='line_1_44' title="bbox 471 4152 2051 4222; baseline -0.001 -15"><span class='ocrx_word' id='word_1_293' title='bbox 471 4163 596 4207; x_wconf 82' lang='lat' dir='ltr'><strong>cato</strong></span> <span class='ocrx_word' id='word_1_294' title='bbox 627 4163 1014 4222; x_wconf 87' lang='lat' dir='ltr'><strong>promanante,</strong></span> <span class='ocrx_word' id='word_1_295' title='bbox 1065 4167 1130 4207; x_wconf 90' lang='lat' dir='ltr'><strong>ac</strong></span> <span class='ocrx_word' id='word_1_296' title='bbox 1182 4168 1377 4207; x_wconf 87' lang='lat' dir='ltr'><strong>rursus</strong></span> <span class='ocrx_word' id='word_1_297' title='bbox 1425 4152 1491 4206; x_wconf 90' lang='lat' dir='ltr'><strong>de</strong></span> <span class='ocrx_word' id='word_1_298' title='bbox 1525 4153 1928 4208; x_wconf 83' lang='lat' dir='ltr'><strong>resurrectiOne</strong></span> <span class='ocrx_word' id='word_1_299' title='bbox 1957 4170 2051 4221; x_wconf 88' lang='lat' dir='ltr'><strong>per</strong></span> 
     </span>
    </p>
   </div>
   <div class='ocr_carea' id='block_1_45' title="bbox 467 4243 2054 4314">
    <p class='ocr_par' dir='ltr' id='par_1_45' title="bbox 467 4243 2054 4314">
     <span class='ocr_line' id='line_1_45' title="bbox 467 4243 2054 4314; baseline 0.001 -14"><span class='ocrx_word' id='word_1_300' title='bbox 467 4244 744 4300; x_wconf 78' lang='lat' dir='ltr'><strong>Christum</strong></span> <span class='ocrx_word' id='word_1_301' title='bbox 797 4247 1186 4314; x_wconf 83' lang='lat' dir='ltr'><strong>contingente,</strong></span> <span class='ocrx_word' id='word_1_302' title='bbox 1238 4243 1666 4312; x_wconf 85' lang='lat' dir='ltr'><strong>disputationem</strong></span> <span class='ocrx_word' id='word_1_303' title='bbox 1721 4245 1908 4310; x_wconf 90' lang='lat' dir='ltr'><strong>habet,</strong></span> <span class='ocrx_word' id='word_1_304' title='bbox 1965 4248 2054 4302; x_wconf 85' lang='lat' dir='ltr'><strong>ille</strong></span> 
     </span>
    </p>
   </div>
   <div class='ocr_carea' id='block_1_46' title="bbox 469 4337 2054 4402">
    <p class='ocr_par' dir='ltr' id='par_1_46' title="bbox 469 4337 2054 4402">
     <span class='ocr_line' id='line_1_46' title="bbox 469 4337 2054 4402; baseline 0.001 -9"><span class='ocrx_word' id='word_1_305' title='bbox 469 4341 633 4393; x_wconf 89' lang='lat' dir='ltr'><strong>etiam</strong></span> <span class='ocrx_word' id='word_1_306' title='bbox 692 4340 747 4391; x_wconf 91' lang='lat' dir='ltr'><strong>in</strong></span> <span class='ocrx_word' id='word_1_307' title='bbox 797 4339 1070 4392; x_wconf 81' lang='lat' dir='ltr'><strong>infernum</strong></span> <span class='ocrx_word' id='word_1_308' title='bbox 1107 4337 1411 4402; x_wconf 84' lang='lat' dir='ltr'><strong>descendit,</strong></span> <span class='ocrx_word' id='word_1_309' title='bbox 1475 4348 1534 4392; x_wconf 89' lang='grc' dir='ltr'><strong>ιιι</strong></span> <span class='ocrx_word' id='word_1_310' title='bbox 1588 4340 1697 4393; x_wconf 89' lang='lat' dir='ltr'><strong>vitii</strong></span> <span class='ocrx_word' id='word_1_311' title='bbox 1732 4341 1950 4394; x_wconf 88' lang='lat' dir='ltr'><strong>habitus</strong></span> <span class='ocrx_word' id='word_1_312' title='bbox 1999 4351 2054 4395; x_wconf 88' lang='lat' dir='ltr'><strong>et</strong></span> 
     </span>
    </p>
   </div>
   <div class='ocr_carea' id='block_1_47' title="bbox 475 4426 2053 4496">
    <p class='ocr_par' dir='ltr' id='par_1_47' title="bbox 475 4426 2053 4496">
     <span class='ocr_line' id='line_1_47' title="bbox 475 4426 2053 4496; baseline 0.002 -15"><span class='ocrx_word' id='word_1_313' title='bbox 475 4441 656 4489; x_wconf 81' lang='lat' dir='ltr'><strong>actus,</strong></span> <span class='ocrx_word' id='word_1_314' title='bbox 702 4427 795 4496; x_wconf 90' lang='lat' dir='ltr'><strong>qui</strong></span> <span class='ocrx_word' id='word_1_315' title='bbox 828 4429 879 4480; x_wconf 90' lang='lat' dir='ltr'><strong>in</strong></span> <span class='ocrx_word' id='word_1_316' title='bbox 911 4428 1094 4496; x_wconf 88' lang='lat' dir='ltr'><strong>aliquo</strong></span> <span class='ocrx_word' id='word_1_317' title='bbox 1138 4427 1262 4491; x_wconf 79' lang='lat' dir='ltr'><strong>fuit,</strong></span> <span class='ocrx_word' id='word_1_318' title='bbox 1304 4426 1540 4482; x_wconf 84' lang='lat' dir='ltr'><strong>reditum</strong></span> <span class='ocrx_word' id='word_1_319' title='bbox 1580 4429 1644 4482; x_wconf 91' lang='lat' dir='ltr'><strong>ad</strong></span> <span class='ocrx_word' id='word_1_320' title='bbox 1693 4430 1948 4483; x_wconf 85' lang='lat' dir='ltr'><strong>virtutem</strong></span> <span class='ocrx_word' id='word_1_321' title='bbox 1989 4446 2053 4484; x_wconf 87' lang='lat' dir='ltr'><strong>ac</strong></span> 
     </span>
    </p>
   </div>
   <div class='ocr_carea' id='block_1_48' title="bbox 2150 559 3735 633">
    <p class='ocr_par' dir='ltr' id='par_1_48' title="bbox 2150 559 3735 633">
     <span class='ocr_line' id='line_1_48' title="bbox 2150 559 3735 633; baseline 0.008 -21"><span class='ocrx_word' id='word_1_322' title='bbox 2150 559 2434 628; x_wconf 87' lang='lat' dir='ltr'><strong>improbus</strong></span> <span class='ocrx_word' id='word_1_323' title='bbox 2467 571 2521 616; x_wconf 88' lang='lat' dir='ltr'><strong>et</strong></span> <span class='ocrx_word' id='word_1_324' title='bbox 2545 563 2745 633; x_wconf 87' lang='lat' dir='ltr'><strong>impius</strong></span> <span class='ocrx_word' id='word_1_325' title='bbox 2771 565 3044 622; x_wconf 83' lang='lat' dir='ltr'><strong>laceratus</strong></span> <span class='ocrx_word' id='word_1_326' title='bbox 3077 579 3246 632; x_wconf 88' lang='lat' dir='ltr'><strong>esset,</strong></span> <span class='ocrx_word' id='word_1_327' title='bbox 3284 582 3445 624; x_wconf 90' lang='lat' dir='ltr'><strong>noctu</strong></span> <span class='ocrx_word' id='word_1_328' title='bbox 3477 572 3542 624; x_wconf 79' lang='lat' dir='ltr'><strong>ad</strong></span> <span class='ocrx_word' id='word_1_329' title='bbox 3582 588 3735 624; x_wconf 89' lang='lat' dir='ltr'><strong>con—</strong></span> 
     </span>
    </p>
   </div>
   <div class='ocr_carea' id='block_1_49' title="bbox 2147 653 3741 728">
    <p class='ocr_par' dir='ltr' id='par_1_49' title="bbox 2147 653 3741 728">
     <span class='ocr_line' id='line_1_49' title="bbox 2147 653 3741 728; baseline 0.006 -22"><span class='ocrx_word' id='word_1_330' title='bbox 2147 653 2462 708; x_wconf 89' lang='lat' dir='ltr'><strong>viciatorem</strong></span> <span class='ocrx_word' id='word_1_331' title='bbox 2500 670 2656 710; x_wconf 90' lang='lat' dir='ltr'><strong>suum</strong></span> <span class='ocrx_word' id='word_1_332' title='bbox 2686 658 2860 721; x_wconf 88' lang='lat' dir='ltr'><strong>venit,</strong></span> <span class='ocrx_word' id='word_1_333' title='bbox 2903 659 3292 728; x_wconf 87' lang='lat' dir='ltr'><strong>hominemque</strong></span> <span class='ocrx_word' id='word_1_334' title='bbox 3321 664 3622 725; x_wconf 77' lang='lat' dir='ltr'><strong>accusavit,</strong></span> <span class='ocrx_word' id='word_1_335' title='bbox 3681 673 3741 716; x_wconf 89' lang='lat' dir='ltr'><strong>ut</strong></span> 
     </span>
    </p>
   </div>
   <div class='ocr_carea' id='block_1_50' title="bbox 2148 746 3728 821">
    <p class='ocr_par' dir='ltr' id='par_1_50' title="bbox 2148 746 3728 821">
     <span class='ocr_line' id='line_1_50' title="bbox 2148 746 3728 821; baseline 0.007 -23"><span class='ocrx_word' id='word_1_336' title='bbox 2148 746 2333 815; x_wconf 91' lang='lat' dir='ltr'><strong>inique</strong></span> <span class='ocrx_word' id='word_1_337' title='bbox 2379 747 2559 816; x_wconf 88' lang='lat' dir='ltr'><strong>ipsum</strong></span> <span class='ocrx_word' id='word_1_338' title='bbox 2614 751 2919 806; x_wconf 86' lang='lat' dir='ltr'><strong>maledictis</strong></span> <span class='ocrx_word' id='word_1_339' title='bbox 2960 753 3344 806; x_wconf 89' lang='lat' dir='ltr'><strong>insectantem.</strong></span> <span class='ocrx_word' id='word_1_340' title='bbox 3395 755 3505 821; x_wconf 70' lang='lat' dir='ltr'><strong>ligo</strong></span> <span class='ocrx_word' id='word_1_341' title='bbox 3553 754 3728 809; x_wconf 85' lang='lat' dir='ltr'><strong>enim.</strong></span> 
     </span>
    </p>
   </div>
   <div class='ocr_carea' id='block_1_51' title="bbox 2149 838 3738 914">
    <p class='ocr_par' dir='ltr' id='par_1_51' title="bbox 2149 838 3738 914">
     <span class='ocr_line' id='line_1_51' title="bbox 2149 838 3738 914; baseline 0.006 -24"><span class='ocrx_word' id='word_1_342' title='bbox 2149 838 2346 907; x_wconf 86' lang='lat' dir='ltr'><strong>inquit,</strong></span> <span class='ocrx_word' id='word_1_343' title='bbox 2379 856 2463 894; x_wconf 86' lang='lat' dir='ltr'><strong>me</strong></span> <span class='ocrx_word' id='word_1_344' title='bbox 2496 851 2837 909; x_wconf 90' lang='lat' dir='ltr'><strong>peccatorem</strong></span> <span class='ocrx_word' id='word_1_345' title='bbox 2868 859 2995 899; x_wconf 84' lang='lat' dir='ltr'><strong>esse</strong></span> <span class='ocrx_word' id='word_1_346' title='bbox 3040 845 3470 914; x_wconf 79' lang='lat' dir='ltr'><strong>haudquaquam</strong></span> <span class='ocrx_word' id='word_1_347' title='bbox 3523 846 3738 900; x_wconf 83' lang='lat' dir='ltr'><strong>inlicias</strong></span> 
     </span>
    </p>
   </div>
   <div class='ocr_carea' id='block_1_52' title="bbox 2149 929 3735 997">
    <p class='ocr_par' dir='ltr' id='par_1_52' title="bbox 2149 929 3735 997">
     <span class='ocr_line' id='line_1_52' title="bbox 2149 929 3735 997; baseline 0.002 -16"><span class='ocrx_word' id='word_1_348' title='bbox 2149 929 2298 984; x_wconf 88' lang='lat' dir='ltr'><strong>ivero</strong></span> <span class='ocrx_word' id='word_1_349' title='bbox 2327 949 2341 985; x_wconf 87' lang='lat'><strong>:</strong></span> <span class='ocrx_word' id='word_1_350' title='bbox 2375 947 2563 985; x_wconf 92' lang='lat' dir='ltr'><strong>vermn</strong></span> <span class='ocrx_word' id='word_1_351' title='bbox 2594 949 2719 987; x_wconf 92' lang='lat' dir='ltr'><strong>cum</strong></span> <span class='ocrx_word' id='word_1_352' title='bbox 2745 933 3009 990; x_wconf 90' lang='lat' dir='ltr'><strong>Christus</strong></span> <span class='ocrx_word' id='word_1_353' title='bbox 3032 935 3085 988; x_wconf 93' lang='lat' dir='ltr'><strong>in</strong></span> <span class='ocrx_word' id='word_1_354' title='bbox 3116 934 3398 989; x_wconf 68' lang='lat' dir='ltr'><strong>infernum</strong></span> <span class='ocrx_word' id='word_1_355' title='bbox 3431 936 3735 997; x_wconf 72' lang='lat' dir='ltr'><strong>descendis,</strong></span> 
     </span>
    </p>
   </div>
   <div class='ocr_carea' id='block_1_53' title="bbox 2148 1027 3739 1082">
    <p class='ocr_par' dir='ltr' id='par_1_53' title="bbox 2148 1027 3739 1082">
     <span class='ocr_line' id='line_1_53' title="bbox 2148 1027 3739 1082; baseline 0.004 -7"><span class='ocrx_word' id='word_1_356' title='bbox 2148 1037 2311 1077; x_wconf 89' lang='lat' dir='ltr'><strong>nemo</strong></span> <span class='ocrx_word' id='word_1_357' title='bbox 2343 1036 2470 1078; x_wconf 90' lang='lat' dir='ltr'><strong>ante</strong></span> <span class='ocrx_word' id='word_1_358' title='bbox 2514 1040 2601 1079; x_wconf 90' lang='lat' dir='ltr'><strong>me</strong></span> <span class='ocrx_word' id='word_1_359' title='bbox 2632 1027 2698 1080; x_wconf 91' lang='lat' dir='ltr'><strong>ad</strong></span> <span class='ocrx_word' id='word_1_360' title='bbox 2735 1027 2896 1080; x_wconf 91' lang='lat' dir='ltr'><strong>ﬁdem</strong></span> <span class='ocrx_word' id='word_1_361' title='bbox 2949 1030 3206 1081; x_wconf 88' lang='lat' dir='ltr'><strong>accessit.</strong></span> <span class='ocrx_word' id='word_1_362' title='bbox 3265 1027 3380 1082; x_wconf 90' lang='lat' dir='ltr'><strong>lloc</strong></span> <span class='ocrx_word' id='word_1_363' title='bbox 3410 1028 3477 1080; x_wconf 90' lang='lat' dir='ltr'><strong>de</strong></span> <span class='ocrx_word' id='word_1_364' title='bbox 3510 1027 3739 1082; x_wconf 86' lang='lat' dir='ltr'><strong>Platone</strong></span> 
     </span>
    </p>
   </div>
   <div class='ocr_carea' id='block_1_54' title="bbox 2147 1115 3710 1183">
    <p class='ocr_par' dir='ltr' id='par_1_54' title="bbox 2147 1115 3710 1183">
     <span class='ocr_line' id='line_1_54' title="bbox 2147 1115 3710 1183; baseline 0.001 -17"><span class='ocrx_word' id='word_1_365' title='bbox 2147 1124 2609 1166; x_wconf 84' lang='lat' dir='ltr'><strong>commemoratur</strong></span> <span class='ocrx_word' id='word_1_366' title='bbox 2643 1131 2657 1168; x_wconf 92' lang='lat'>:</span> <span class='ocrx_word' id='word_1_367' title='bbox 2692 1115 2836 1183; x_wconf 85' lang='lat' dir='ltr'><strong>quod</strong></span> <span class='ocrx_word' id='word_1_368' title='bbox 2893 1117 3224 1170; x_wconf 87' lang='lat' dir='ltr'><strong>credendum</strong></span> <span class='ocrx_word' id='word_1_369' title='bbox 3279 1117 3375 1180; x_wconf 86' lang='lat' dir='ltr'><strong>sit,</strong></span> <span class='ocrx_word' id='word_1_370' title='bbox 3413 1132 3604 1180; x_wconf 89' lang='lat' dir='ltr'><strong>necne,</strong></span> <span class='ocrx_word' id='word_1_371' title='bbox 3642 1135 3710 1168; x_wconf 86' lang='lat' dir='ltr'><strong>au</strong></span> 
     </span>
    </p>
   </div>
   <div class='ocr_carea' id='block_1_55' title="bbox 2148 1203 3124 1277">
    <p class='ocr_par' dir='ltr' id='par_1_55' title="bbox 2148 1203 3124 1277">
     <span class='ocr_line' id='line_1_55' title="bbox 2148 1203 3124 1277; baseline 0.006 -20"><span class='ocrx_word' id='word_1_372' title='bbox 2148 1203 2421 1260; x_wconf 91' lang='lat' dir='ltr'><strong>ditoribus</strong></span> <span class='ocrx_word' id='word_1_373' title='bbox 2451 1205 2815 1273; x_wconf 89' lang='lat' dir='ltr'><strong>judicandum</strong></span> <span class='ocrx_word' id='word_1_374' title='bbox 2851 1207 3124 1277; x_wconf 91' lang='lat' dir='ltr'><strong>relinquo.</strong></span> 
     </span>
    </p>
   </div>
   <div class='ocr_carea' id='block_1_56' title="bbox 2217 1293 3740 1362">
    <p class='ocr_par' dir='ltr' id='par_1_56' title="bbox 2217 1293 3740 1362">
     <span class='ocr_line' id='line_1_56' title="bbox 2217 1293 3740 1362; baseline 0.005 -14"><span class='ocrx_word' id='word_1_375' title='bbox 2217 1293 2276 1349; x_wconf 90' lang='lat' dir='ltr'><strong>Si</strong></span> <span class='ocrx_word' id='word_1_376' title='bbox 2345 1297 2396 1349; x_wconf 86' lang='lat' dir='ltr'><strong>in</strong></span> <span class='ocrx_word' id='word_1_377' title='bbox 2457 1298 2615 1350; x_wconf 77' lang='lat' dir='ltr'><strong>cwlos</strong></span> <span class='ocrx_word' id='word_1_378' title='bbox 2691 1300 2993 1361; x_wconf 79' lang='lat' dir='ltr'><strong>ascendat,</strong></span> <span class='ocrx_word' id='word_1_379' title='bbox 3069 1300 3231 1354; x_wconf 77' lang='lat' dir='ltr'><strong>simul</strong></span> <span class='ocrx_word' id='word_1_380' title='bbox 3303 1302 3528 1354; x_wconf 71' lang='lat' dir='ltr'><strong>ostendo</strong></span> <span class='ocrx_word' id='word_1_381' title='bbox 3563 1340 3575 1362; x_wconf 92' lang='lat'><strong>,</strong></span> <span class='ocrx_word' id='word_1_382' title='bbox 3630 1313 3740 1356; x_wconf 87' lang='lat' dir='ltr'><strong>etc.</strong></span> 
     </span>
    </p>
   </div>
   <div class='ocr_carea' id='block_1_57' title="bbox 2147 1386 3738 1461">
    <p class='ocr_par' dir='ltr' id='par_1_57' title="bbox 2147 1386 3738 1461">
     <span class='ocr_line' id='line_1_57' title="bbox 2147 1386 3738 1461; baseline 0.002 -22"><span class='ocrx_word' id='word_1_383' title='bbox 2147 1386 2354 1452; x_wconf 85' lang='lat' dir='ltr'><strong>David,</strong></span> <span class='ocrx_word' id='word_1_384' title='bbox 2414 1387 2558 1441; x_wconf 83' lang='lat' dir='ltr'><strong>Psal.</strong></span> <span class='ocrx_word' id='word_1_385' title='bbox 2615 1404 2792 1454; x_wconf 68' lang='grc' dir='ltr'>χχιιι,</span> <span class='ocrx_word' id='word_1_386' title='bbox 2850 1391 3073 1459; x_wconf 79' lang='lat' dir='ltr'><strong>angelos</strong></span> <span class='ocrx_word' id='word_1_387' title='bbox 3145 1391 3482 1454; x_wconf 88' lang='lat' dir='ltr'><strong>introducit,</strong></span> <span class='ocrx_word' id='word_1_388' title='bbox 3540 1394 3738 1461; x_wconf 86' lang='lat' dir='ltr'><strong>partim</strong></span> 
     </span>
    </p>
   </div>
   <div class='ocr_carea' id='block_1_58' title="bbox 2147 1478 3743 1552">
    <p class='ocr_par' dir='ltr' id='par_1_58' title="bbox 2147 1478 3743 1552">
     <span class='ocr_line' id='line_1_58' title="bbox 2147 1478 3743 1552; baseline 0.003 -23"><span class='ocrx_word' id='word_1_389' title='bbox 2147 1479 2476 1533; x_wconf 89' lang='lat' dir='ltr'><strong>comitantes</strong></span> <span class='ocrx_word' id='word_1_390' title='bbox 2515 1478 2822 1544; x_wconf 89' lang='lat' dir='ltr'><strong>Christum,</strong></span> <span class='ocrx_word' id='word_1_391' title='bbox 2863 1496 2929 1534; x_wconf 91' lang='lat' dir='ltr'><strong>ac</strong></span> <span class='ocrx_word' id='word_1_392' title='bbox 2973 1481 3354 1550; x_wconf 86' lang='lat' dir='ltr'><strong>superioribus</strong></span> <span class='ocrx_word' id='word_1_393' title='bbox 3401 1483 3612 1552; x_wconf 80' lang='lat' dir='ltr'><strong>angelis</strong></span> <span class='ocrx_word' id='word_1_394' title='bbox 3657 1485 3743 1534; x_wconf 88' lang='lat' dir='ltr'><strong>di-</strong></span> 
     </span>
    </p>
   </div>
   <div class='ocr_carea' id='block_1_59' title="bbox 2146 1571 3742 1642">
    <p class='ocr_par' dir='ltr' id='par_1_59' title="bbox 2146 1571 3742 1642">
     <span class='ocr_line' id='line_1_59' title="bbox 2146 1571 3742 1642; baseline 0.001 -18"><span class='ocrx_word' id='word_1_395' title='bbox 2146 1580 2377 1626; x_wconf 87' lang='lat' dir='ltr'><strong>centes:</strong></span> <span class='ocrx_word' id='word_1_396' title='bbox 2410 1571 2652 1626; x_wconf 78' lang='lat' dir='ltr'><strong>Attollite</strong></span> <span class='ocrx_word' id='word_1_397' title='bbox 2694 1582 2902 1642; x_wconf 84' lang='lat' dir='ltr'><strong>portas,</strong></span> <span class='ocrx_word' id='word_1_398' title='bbox 2943 1574 3208 1640; x_wconf 78' lang='lat' dir='ltr'><strong>principes</strong></span> <span class='ocrx_word' id='word_1_399' title='bbox 3241 1576 3432 1635; x_wconf 84' lang='lat' dir='ltr'><strong>nostri,</strong></span> <span class='ocrx_word' id='word_1_400' title='bbox 3477 1585 3526 1627; x_wconf 88' lang='lat' dir='ltr'><strong>et</strong></span> <span class='ocrx_word' id='word_1_401' title='bbox 3569 1575 3742 1628; x_wconf 74' lang='lat' dir='ltr'><strong>eiera-</strong></span> 
     </span>
    </p>
   </div>
   <div class='ocr_carea' id='block_1_60' title="bbox 2149 1661 3739 1732">
    <p class='ocr_par' dir='ltr' id='par_1_60' title="bbox 2149 1661 3739 1732">
     <span class='ocr_line' id='line_1_60' title="bbox 2149 1661 3739 1732; baseline -0.001 -17"><span class='ocrx_word' id='word_1_402' title='bbox 2149 1663 2278 1716; x_wconf 86' lang='lat' dir='ltr'><strong>mini</strong></span> <span class='ocrx_word' id='word_1_403' title='bbox 2295 1670 2462 1730; x_wconf 79' lang='lat' dir='ltr'><strong>porta:</strong></span> <span class='ocrx_word' id='word_1_404' title='bbox 2489 1662 2787 1727; x_wconf 75' lang='lat' dir='ltr'><strong>wternalu,</strong></span> <span class='ocrx_word' id='word_1_405' title='bbox 2809 1673 2859 1717; x_wconf 89' lang='lat' dir='ltr'><strong>et</strong></span> <span class='ocrx_word' id='word_1_406' title='bbox 2882 1664 3122 1717; x_wconf 83' lang='lat' dir='ltr'><strong>introibit</strong></span> <span class='ocrx_word' id='word_1_407' title='bbox 3147 1661 3256 1716; x_wconf 80' lang='lat' dir='ltr'><strong>Rea:</strong></span> <span class='ocrx_word' id='word_1_408' title='bbox 3287 1663 3510 1732; x_wconf 63' lang='lat' dir='ltr'><strong>glorier;</strong></span> <span class='ocrx_word' id='word_1_409' title='bbox 3544 1675 3739 1732; x_wconf 72' lang='lat' dir='ltr'><strong>partim</strong></span> 
     </span>
    </p>
   </div>
   <div class='ocr_carea' id='block_1_61' title="bbox 2149 1754 3744 1824">
    <p class='ocr_par' dir='ltr' id='par_1_61' title="bbox 2149 1754 3744 1824">
     <span class='ocr_line' id='line_1_61' title="bbox 2149 1754 3744 1824; baseline 0.001 -15"><span class='ocrx_word' id='word_1_410' title='bbox 2149 1755 2311 1809; x_wconf 89' lang='lat' dir='ltr'><strong>ctiam</strong></span> <span class='ocrx_word' id='word_1_411' title='bbox 2371 1754 2806 1824; x_wconf 82' lang='lat' dir='ltr'><strong>interrogantes,</strong></span> <span class='ocrx_word' id='word_1_412' title='bbox 2875 1755 3006 1820; x_wconf 70' lang='lat' dir='ltr'><strong>Qui:</strong></span> <span class='ocrx_word' id='word_1_413' title='bbox 3051 1758 3130 1808; x_wconf 74' lang='lat' dir='ltr'><strong>eu</strong></span> <span class='ocrx_word' id='word_1_414' title='bbox 3182 1757 3282 1809; x_wconf 80' lang='lat' dir='ltr'><strong>iste</strong></span> <span class='ocrx_word' id='word_1_415' title='bbox 3339 1754 3454 1808; x_wconf 77' lang='lat' dir='ltr'><strong>Rea:</strong></span> <span class='ocrx_word' id='word_1_416' title='bbox 3507 1755 3744 1823; x_wconf 65' lang='lat' dir='ltr'><strong>gloriae?</strong></span> 
     </span>
    </p>
   </div>
   <div class='ocr_carea' id='block_1_62' title="bbox 2155 1845 3742 1916">
    <p class='ocr_par' dir='ltr' id='par_1_62' title="bbox 2155 1845 3742 1916">
     <span class='ocr_line' id='line_1_62' title="bbox 2155 1845 3742 1916; baseline -0.001 -15"><span class='ocrx_word' id='word_1_417' title='bbox 2155 1858 2321 1916; x_wconf 87' lang='lat' dir='ltr'><strong>atque</strong></span> <span class='ocrx_word' id='word_1_418' title='bbox 2353 1846 2474 1900; x_wconf 90' lang='lat' dir='ltr'><strong>illos</strong></span> <span class='ocrx_word' id='word_1_419' title='bbox 2504 1862 2698 1903; x_wconf 90' lang='lat' dir='ltr'><strong>rursus</strong></span> <span class='ocrx_word' id='word_1_420' title='bbox 2731 1847 3125 1916; x_wconf 84' lang='lat' dir='ltr'><strong>respondentes</strong></span> <span class='ocrx_word' id='word_1_421' title='bbox 3156 1864 3171 1901; x_wconf 90' lang='lat'><strong>:</strong></span> <span class='ocrx_word' id='word_1_422' title='bbox 3205 1845 3465 1900; x_wconf 77' lang='lat' dir='ltr'><strong>Dominus</strong></span> <span class='ocrx_word' id='word_1_423' title='bbox 3502 1846 3658 1914; x_wconf 76' lang='lat' dir='ltr'><strong>[ortis</strong></span> <span class='ocrx_word' id='word_1_424' title='bbox 3689 1856 3742 1899; x_wconf 80' lang='lat' dir='ltr'><strong>et</strong></span> 
     </span>
    </p>
   </div>
   <div class='ocr_carea' id='block_1_63' title="bbox 2154 1938 3745 2008">
    <p class='ocr_par' dir='ltr' id='par_1_63' title="bbox 2154 1938 3745 2008">
     <span class='ocr_line' id='line_1_63' title="bbox 2154 1938 3745 2008; baseline -0.001 -14"><span class='ocrx_word' id='word_1_425' title='bbox 2154 1953 2373 2006; x_wconf 79' lang='lat' dir='ltr'><strong>potem,</strong></span> <span class='ocrx_word' id='word_1_426' title='bbox 2427 1938 2684 1993; x_wconf 80' lang='lat' dir='ltr'><strong>Dominus</strong></span> <span class='ocrx_word' id='word_1_427' title='bbox 2739 1940 2898 2008; x_wconf 75' lang='lat' dir='ltr'><strong>fortis</strong></span> <span class='ocrx_word' id='word_1_428' title='bbox 2954 1941 3010 1993; x_wconf 86' lang='lat' dir='ltr'><strong>in</strong></span> <span class='ocrx_word' id='word_1_429' title='bbox 3062 1938 3366 2008; x_wconf 65' lang='lat' dir='ltr'><strong>praelio’”.</strong></span> <span class='ocrx_word' id='word_1_430' title='bbox 3421 1939 3498 1992; x_wconf 81' lang='lat' dir='ltr'><strong>Ac</strong></span> <span class='ocrx_word' id='word_1_431' title='bbox 3550 1953 3745 1992; x_wconf 71' lang='lat' dir='ltr'><strong>rursus</strong></span> 
     </span>
    </p>
   </div>
   <div class='ocr_carea' id='block_1_64' title="bbox 2154 2030 3744 2102">
    <p class='ocr_par' dir='ltr' id='par_1_64' title="bbox 2154 2030 3744 2102">
     <span class='ocr_line' id='line_1_64' title="bbox 2154 2030 3744 2102; baseline -0.003 -15"><span class='ocrx_word' id='word_1_432' title='bbox 2154 2032 2345 2087; x_wconf 89' lang='lat' dir='ltr'><strong>eadem</strong></span> <span class='ocrx_word' id='word_1_433' title='bbox 2391 2031 2770 2102; x_wconf 88' lang='lat' dir='ltr'><strong>interrogatio,</strong></span> <span class='ocrx_word' id='word_1_434' title='bbox 2803 2041 2858 2087; x_wconf 92' lang='lat' dir='ltr'><strong>et</strong></span> <span class='ocrx_word' id='word_1_435' title='bbox 2890 2045 3218 2101; x_wconf 87' lang='lat' dir='ltr'><strong>responsum</strong></span> <span class='ocrx_word' id='word_1_436' title='bbox 3257 2030 3389 2085; x_wconf 88' lang='lat' dir='ltr'><strong>huic</strong></span> <span class='ocrx_word' id='word_1_437' title='bbox 3433 2044 3744 2097; x_wconf 86' lang='lat' dir='ltr'><strong>congruens</strong></span> 
     </span>
    </p>
   </div>
   <div class='ocr_carea' id='block_1_65' title="bbox 2154 2121 3743 2196">
    <p class='ocr_par' dir='ltr' id='par_1_65' title="bbox 2154 2121 3743 2196">
     <span class='ocr_line' id='line_1_65' title="bbox 2154 2121 3743 2196; baseline -0.005 -14"><span class='ocrx_word' id='word_1_438' title='bbox 2154 2127 2474 2196; x_wconf 76' lang='lat' dir='ltr'><strong>angelorum</strong></span> <span class='ocrx_word' id='word_1_439' title='bbox 2523 2125 2591 2179; x_wconf 89' lang='lat' dir='ltr'><strong>ad</strong></span> <span class='ocrx_word' id='word_1_440' title='bbox 2641 2125 2780 2180; x_wconf 89' lang='lat' dir='ltr'><strong>alios</strong></span> <span class='ocrx_word' id='word_1_441' title='bbox 2833 2124 3058 2194; x_wconf 77' lang='lat' dir='ltr'><strong>angelos</strong></span> <span class='ocrx_word' id='word_1_442' title='bbox 3115 2124 3415 2178; x_wconf 90' lang='lat' dir='ltr'><strong>inducitur.</strong></span> <span class='ocrx_word' id='word_1_443' title='bbox 3475 2121 3743 2175; x_wconf 85' lang='lat' dir='ltr'><strong>Hortatur</strong></span> 
     </span>
    </p>
   </div>
   <div class='ocr_carea' id='block_1_66' title="bbox 2156 2212 3744 2288">
    <p class='ocr_par' dir='ltr' id='par_1_66' title="bbox 2156 2212 3744 2288">
     <span class='ocr_line' id='line_1_66' title="bbox 2156 2212 3744 2288; baseline -0.006 -15"><span class='ocrx_word' id='word_1_444' title='bbox 2156 2219 2342 2288; x_wconf 90' lang='lat' dir='ltr'><strong>itaque</strong></span> <span class='ocrx_word' id='word_1_445' title='bbox 2374 2216 2689 2286; x_wconf 87' lang='lat' dir='ltr'><strong>Theologus</strong></span> <span class='ocrx_word' id='word_1_446' title='bbox 2726 2215 3036 2270; x_wconf 83' lang='lat' dir='ltr'><strong>auditorem</strong></span> <span class='ocrx_word' id='word_1_447' title='bbox 3072 2223 3132 2269; x_wconf 95' lang='lat' dir='ltr'><strong>ut</strong></span> <span class='ocrx_word' id='word_1_448' title='bbox 3160 2215 3444 2270; x_wconf 87' lang='lat' dir='ltr'><strong>Christum</strong></span> <span class='ocrx_word' id='word_1_449' title='bbox 3481 2213 3535 2267; x_wconf 95' lang='lat' dir='ltr'><strong>in</strong></span> <span class='ocrx_word' id='word_1_450' title='bbox 3570 2212 3744 2267; x_wconf 71' lang='lat' dir='ltr'><strong>cmlus</strong></span> 
     </span>
    </p>
   </div>
   <div class='ocr_carea' id='block_1_67' title="bbox 2155 2306 3744 2374">
    <p class='ocr_par' dir='ltr' id='par_1_67' title="bbox 2155 2306 3744 2374">
     <span class='ocr_line' id='line_1_67' title="bbox 2155 2306 3744 2374; baseline -0.006 -8"><span class='ocrx_word' id='word_1_451' title='bbox 2155 2310 2542 2366; x_wconf 89' lang='lat' dir='ltr'><strong>ascendentem</strong></span> <span class='ocrx_word' id='word_1_452' title='bbox 2584 2309 2902 2371; x_wconf 91' lang='lat' dir='ltr'><strong>comitetur,</strong></span> <span class='ocrx_word' id='word_1_453' title='bbox 2954 2317 3138 2362; x_wconf 91' lang='lat' dir='ltr'><strong>mente</strong></span> <span class='ocrx_word' id='word_1_454' title='bbox 3186 2306 3398 2362; x_wconf 88' lang='lat' dir='ltr'><strong>scilicet</strong></span> <span class='ocrx_word' id='word_1_455' title='bbox 3443 2313 3496 2359; x_wconf 88' lang='lat' dir='ltr'><strong>et</strong></span> <span class='ocrx_word' id='word_1_456' title='bbox 3528 2306 3744 2374; x_wconf 86' lang='lat' dir='ltr'><strong>cogita-</strong></span> 
     </span>
    </p>
   </div>
   <div class='ocr_carea' id='block_1_68' title="bbox 2157 2397 3736 2472">
    <p class='ocr_par' dir='ltr' id='par_1_68' title="bbox 2157 2397 3736 2472">
     <span class='ocr_line' id='line_1_68' title="bbox 2157 2397 3736 2472; baseline -0.006 -14"><span class='ocrx_word' id='word_1_457' title='bbox 2157 2404 2327 2463; x_wconf 87' lang='lat' dir='ltr'><strong>tione,</strong></span> <span class='ocrx_word' id='word_1_458' title='bbox 2376 2416 2545 2472; x_wconf 89' lang='lat' dir='ltr'><strong>seque</strong></span> <span class='ocrx_word' id='word_1_459' title='bbox 2586 2401 2670 2456; x_wconf 90' lang='lat' dir='ltr'><strong>vel</strong></span> <span class='ocrx_word' id='word_1_460' title='bbox 2721 2416 2847 2455; x_wconf 91' lang='lat' dir='ltr'><strong>cum</strong></span> <span class='ocrx_word' id='word_1_461' title='bbox 2893 2398 3295 2455; x_wconf 89' lang='lat' dir='ltr'><strong>deducentibus</strong></span> <span class='ocrx_word' id='word_1_462' title='bbox 3331 2412 3456 2452; x_wconf 90' lang='lat' dir='ltr'><strong>eum</strong></span> <span class='ocrx_word' id='word_1_463' title='bbox 3503 2397 3736 2462; x_wconf 73' lang='lat' dir='ltr'><strong>angelis.</strong></span> 
     </span>
    </p>
   </div>
   <div class='ocr_carea' id='block_1_69' title="bbox 2155 2489 3738 2561">
    <p class='ocr_par' dir='ltr' id='par_1_69' title="bbox 2155 2489 3738 2561">
     <span class='ocr_line' id='line_1_69' title="bbox 2155 2489 3738 2561; baseline -0.005 -12"><span class='ocrx_word' id='word_1_464' title='bbox 2155 2495 2238 2551; x_wconf 85' lang='lat' dir='ltr'><strong>vel</strong></span> <span class='ocrx_word' id='word_1_465' title='bbox 2283 2509 2410 2548; x_wconf 93' lang='lat' dir='ltr'><strong>cum</strong></span> <span class='ocrx_word' id='word_1_466' title='bbox 2461 2490 2863 2561; x_wconf 83' lang='lat' dir='ltr'><strong>excipientibus</strong></span> <span class='ocrx_word' id='word_1_467' title='bbox 2908 2491 3122 2560; x_wconf 84' lang='lat' dir='ltr'><strong>jungat.</strong></span> <span class='ocrx_word' id='word_1_468' title='bbox 3173 2489 3225 2545; x_wconf 87' lang='lat' dir='ltr'><strong>ls</strong></span> <span class='ocrx_word' id='word_1_469' title='bbox 3263 2499 3445 2544; x_wconf 89' lang='lat' dir='ltr'><strong>autem</strong></span> <span class='ocrx_word' id='word_1_470' title='bbox 3493 2489 3738 2557; x_wconf 74' lang='lat' dir='ltr'><strong>seipsutn</strong></span> 
     </span>
    </p>
   </div>
   <div class='ocr_carea' id='block_1_70' title="bbox 2157 2581 3743 2655">
    <p class='ocr_par' dir='ltr' id='par_1_70' title="bbox 2157 2581 3743 2655">
     <span class='ocr_line' id='line_1_70' title="bbox 2157 2581 3743 2655; baseline -0.006 -13"><span class='ocrx_word' id='word_1_471' title='bbox 2157 2587 2264 2642; x_wconf 87' lang='lat' dir='ltr'><strong>illis</strong></span> <span class='ocrx_word' id='word_1_472' title='bbox 2309 2585 2579 2655; x_wconf 71' lang='lat' dir='ltr'><strong>adiungit,</strong></span> <span class='ocrx_word' id='word_1_473' title='bbox 2621 2584 2714 2652; x_wconf 90' lang='lat' dir='ltr'><strong>qui</strong></span> <span class='ocrx_word' id='word_1_474' title='bbox 2767 2597 3052 2637; x_wconf 85' lang='lat' dir='ltr'><strong>sermones</strong></span> <span class='ocrx_word' id='word_1_475' title='bbox 3093 2583 3349 2651; x_wconf 91' lang='lat' dir='ltr'><strong>utrinque</strong></span> <span class='ocrx_word' id='word_1_476' title='bbox 3397 2581 3612 2635; x_wconf 89' lang='lat' dir='ltr'><strong>habitos</strong></span> <span class='ocrx_word' id='word_1_477' title='bbox 3647 2596 3743 2634; x_wconf 88' lang='lat' dir='ltr'><strong>ex-</strong></span> 
     </span>
    </p>
   </div>
   <div class='ocr_carea' id='block_1_71' title="bbox 2155 2676 3741 2750">
    <p class='ocr_par' dir='ltr' id='par_1_71' title="bbox 2155 2676 3741 2750">
     <span class='ocr_line' id='line_1_71' title="bbox 2155 2676 3741 2750; baseline -0.006 -14"><span class='ocrx_word' id='word_1_478' title='bbox 2155 2680 2384 2750; x_wconf 88' lang='lat' dir='ltr'><strong>pendit,</strong></span> <span class='ocrx_word' id='word_1_479' title='bbox 2426 2688 2592 2747; x_wconf 86' lang='lat' dir='ltr'><strong>atque</strong></span> <span class='ocrx_word' id='word_1_480' title='bbox 2634 2676 3090 2745; x_wconf 82' lang='lat' dir='ltr'><strong>interrogationes</strong></span> <span class='ocrx_word' id='word_1_481' title='bbox 3127 2689 3317 2729; x_wconf 87' lang='lat' dir='ltr'><strong>eorum</strong></span> <span class='ocrx_word' id='word_1_482' title='bbox 3358 2683 3412 2728; x_wconf 90' lang='lat' dir='ltr'><strong>et</strong></span> <span class='ocrx_word' id='word_1_483' title='bbox 3451 2687 3741 2742; x_wconf 86' lang='lat' dir='ltr'><strong>responsa,</strong></span> 
     </span>
    </p>
   </div>
   <div class='ocr_carea' id='block_1_72' title="bbox 2155 2763 3742 2841">
    <p class='ocr_par' dir='ltr' id='par_1_72' title="bbox 2155 2763 3742 2841">
     <span class='ocr_line' id='line_1_72' title="bbox 2155 2763 3742 2841; baseline -0.007 -14"><span class='ocrx_word' id='word_1_484' title='bbox 2155 2785 2462 2841; x_wconf 88' lang='lat' dir='ltr'><strong>eorumque</strong></span> <span class='ocrx_word' id='word_1_485' title='bbox 2502 2784 2702 2826; x_wconf 87' lang='lat' dir='ltr'><strong>causas</strong></span> <span class='ocrx_word' id='word_1_486' title='bbox 2759 2769 3056 2823; x_wconf 81' lang='lat' dir='ltr'><strong>examinat.</strong></span> <span class='ocrx_word' id='word_1_487' title='bbox 3101 2763 3244 2820; x_wconf 85' lang='lat' dir='ltr'><strong>Idem</strong></span> <span class='ocrx_word' id='word_1_488' title='bbox 3305 2765 3478 2835; x_wconf 89' lang='lat' dir='ltr'><strong>portis</strong></span> <span class='ocrx_word' id='word_1_489' title='bbox 3517 2777 3742 2833; x_wconf 89' lang='lat' dir='ltr'><strong>quoque</strong></span> 
     </span>
    </p>
   </div>
   <div class='ocr_carea' id='block_1_73' title="bbox 2155 2856 3743 2936">
    <p class='ocr_par' dir='ltr' id='par_1_73' title="bbox 2155 2856 3743 2936">
     <span class='ocr_line' id='line_1_73' title="bbox 2155 2856 3743 2936; baseline -0.007 -16"><span class='ocrx_word' id='word_1_490' title='bbox 2155 2866 2387 2936; x_wconf 87' lang='lat' dir='ltr'><strong>imperat</strong></span> <span class='ocrx_word' id='word_1_491' title='bbox 2423 2862 2638 2933; x_wconf 90' lang='lat' dir='ltr'><strong>(sedulo</strong></span> <span class='ocrx_word' id='word_1_492' title='bbox 2671 2876 2871 2929; x_wconf 89' lang='lat' dir='ltr'><strong>nempe</strong></span> <span class='ocrx_word' id='word_1_493' title='bbox 2905 2857 3235 2928; x_wconf 89' lang='lat' dir='ltr'><strong>inquirens),</strong></span> <span class='ocrx_word' id='word_1_494' title='bbox 3267 2857 3397 2926; x_wconf 92' lang='lat' dir='ltr'><strong>quid</strong></span> <span class='ocrx_word' id='word_1_495' title='bbox 3428 2856 3500 2910; x_wconf 89' lang='lat' dir='ltr'><strong>sit</strong></span> <span class='ocrx_word' id='word_1_496' title='bbox 3559 2869 3743 2909; x_wconf 68' lang='lat' dir='ltr'><strong>causa:</strong></span> 
     </span>
    </p>
   </div>
   <div class='ocr_carea' id='block_1_74' title="bbox 2156 2948 3740 3029">
    <p class='ocr_par' dir='ltr' id='par_1_74' title="bbox 2156 2948 3740 3029">
     <span class='ocr_line' id='line_1_74' title="bbox 2156 2948 3740 3029; baseline -0.008 -15"><span class='ocrx_word' id='word_1_497' title='bbox 2156 2973 2328 3029; x_wconf 90' lang='lat' dir='ltr'><strong>quare</strong></span> <span class='ocrx_word' id='word_1_498' title='bbox 2388 2956 2568 3027; x_wconf 82' lang='lat' dir='ltr'><strong>angeli</strong></span> <span class='ocrx_word' id='word_1_499' title='bbox 2630 2955 2854 3020; x_wconf 89' lang='lat' dir='ltr'><strong>dicant,</strong></span> <span class='ocrx_word' id='word_1_500' title='bbox 2915 2952 3159 3006; x_wconf 80' lang='lat' dir='ltr'><strong>Attotlile</strong></span> <span class='ocrx_word' id='word_1_501' title='bbox 3230 2960 3434 3020; x_wconf 74' lang='lat' dir='ltr'><strong>portas.</strong></span> <span class='ocrx_word' id='word_1_502' title='bbox 3499 2948 3740 3004; x_wconf 89' lang='lat' dir='ltr'><strong>Causam</strong></span> 
     </span>
    </p>
   </div>
   <div class='ocr_carea' id='block_1_75' title="bbox 2156 3039 3740 3117">
    <p class='ocr_par' dir='ltr' id='par_1_75' title="bbox 2156 3039 3740 3117">
     <span class='ocr_line' id='line_1_75' title="bbox 2156 3039 3740 3117; baseline -0.009 -11"><span class='ocrx_word' id='word_1_503' title='bbox 2156 3060 2338 3106; x_wconf 89' lang='lat' dir='ltr'><strong>autem</strong></span> <span class='ocrx_word' id='word_1_504' title='bbox 2379 3048 2543 3117; x_wconf 89' lang='lat' dir='ltr'><strong>hujus</strong></span> <span class='ocrx_word' id='word_1_505' title='bbox 2592 3045 2846 3100; x_wconf 89' lang='lat' dir='ltr'><strong>elationis</strong></span> <span class='ocrx_word' id='word_1_506' title='bbox 2885 3043 3193 3114; x_wconf 84' lang='lat' dir='ltr'><strong>Theologus</strong></span> <span class='ocrx_word' id='word_1_507' title='bbox 3244 3043 3360 3108; x_wconf 89' lang='lat' dir='ltr'><strong>ipse</strong></span> <span class='ocrx_word' id='word_1_508' title='bbox 3409 3039 3568 3094; x_wconf 82' lang='lat' dir='ltr'><strong>aﬂert</strong></span> <span class='ocrx_word' id='word_1_509' title='bbox 3595 3079 3607 3102; x_wconf 96' lang='lat'><strong>,</strong></span> <span class='ocrx_word' id='word_1_510' title='bbox 3652 3039 3740 3092; x_wconf 90' lang='lat' dir='ltr'><strong>ni-</strong></span> 
     </span>
    </p>
   </div>
   <div class='ocr_carea' id='block_1_76' title="bbox 2157 3129 3742 3205">
    <p class='ocr_par' dir='ltr' id='par_1_76' title="bbox 2157 3129 3742 3205">
     <span class='ocr_line' id='line_1_76' title="bbox 2157 3129 3742 3205; baseline -0.008 -10"><span class='ocrx_word' id='word_1_511' title='bbox 2157 3142 2358 3195; x_wconf 91' lang='lat' dir='ltr'><strong>mirum</strong></span> <span class='ocrx_word' id='word_1_512' title='bbox 2407 3139 2612 3193; x_wconf 91' lang='lat' dir='ltr'><strong>idcirco</strong></span> <span class='ocrx_word' id='word_1_513' title='bbox 2654 3143 2840 3205; x_wconf 83' lang='lat' dir='ltr'><strong>portas</strong></span> <span class='ocrx_word' id='word_1_514' title='bbox 2891 3133 3105 3196; x_wconf 85' lang='lat' dir='ltr'><strong>attolli,</strong></span> <span class='ocrx_word' id='word_1_515' title='bbox 3151 3141 3211 3186; x_wconf 92' lang='lat' dir='ltr'><strong>ut</strong></span> <span class='ocrx_word' id='word_1_516' title='bbox 3247 3130 3524 3186; x_wconf 83' lang='lat' dir='ltr'><strong>Christum</strong></span> <span class='ocrx_word' id='word_1_517' title='bbox 3569 3129 3742 3184; x_wconf 88' lang='lat' dir='ltr'><strong>subli-</strong></span> 
     </span>
    </p>
   </div>
   <div class='ocr_carea' id='block_1_77' title="bbox 2156 3220 3738 3298">
    <p class='ocr_par' dir='ltr' id='par_1_77' title="bbox 2156 3220 3738 3298">
     <span class='ocr_line' id='line_1_77' title="bbox 2156 3220 3738 3298; baseline -0.009 -9"><span class='ocrx_word' id='word_1_518' title='bbox 2156 3234 2385 3289; x_wconf 90' lang='lat' dir='ltr'><strong>miorem</strong></span> <span class='ocrx_word' id='word_1_519' title='bbox 2419 3247 2485 3286; x_wconf 91' lang='lat' dir='ltr'><strong>ex</strong></span> <span class='ocrx_word' id='word_1_520' title='bbox 2522 3229 2779 3298; x_wconf 89' lang='lat' dir='ltr'><strong>passione</strong></span> <span class='ocrx_word' id='word_1_521' title='bbox 2819 3225 3019 3280; x_wconf 70' lang='lat' dir='ltr'><strong>factum</strong></span> <span class='ocrx_word' id='word_1_522' title='bbox 3063 3225 3391 3295; x_wconf 89' lang='lat' dir='ltr'><strong>suscipiant.</strong></span> <span class='ocrx_word' id='word_1_523' title='bbox 3432 3220 3548 3276; x_wconf 82' lang='lat' dir='ltr'><strong>Non</strong></span> <span class='ocrx_word' id='word_1_524' title='bbox 3589 3221 3738 3276; x_wconf 88' lang='lat' dir='ltr'><strong>enim</strong></span> 
     </span>
    </p>
   </div>
   <div class='ocr_carea' id='block_1_78' title="bbox 2153 3311 3740 3390">
    <p class='ocr_par' dir='ltr' id='par_1_78' title="bbox 2153 3311 3740 3390">
     <span class='ocr_line' id='line_1_78' title="bbox 2153 3311 3740 3390; baseline -0.008 -11"><span class='ocrx_word' id='word_1_525' title='bbox 2153 3325 2362 3388; x_wconf 88' lang='lat' dir='ltr'><strong>dicunt,</strong></span> <span class='ocrx_word' id='word_1_526' title='bbox 2416 3323 2654 3390; x_wconf 83' lang='lat' dir='ltr'><strong>Aperite,</strong></span> <span class='ocrx_word' id='word_1_527' title='bbox 2711 3318 2829 3383; x_wconf 89' lang='lat' dir='ltr'><strong>sed,</strong></span> <span class='ocrx_word' id='word_1_528' title='bbox 2885 3317 3154 3382; x_wconf 86' lang='lat' dir='ltr'><strong>Attollite,</strong></span> <span class='ocrx_word' id='word_1_529' title='bbox 3212 3316 3316 3370; x_wconf 91' lang='lat' dir='ltr'><strong>hoc</strong></span> <span class='ocrx_word' id='word_1_530' title='bbox 3368 3324 3454 3368; x_wconf 88' lang='lat' dir='ltr'><strong>est</strong></span> <span class='ocrx_word' id='word_1_531' title='bbox 3508 3311 3740 3379; x_wconf 81' lang='lat' dir='ltr'><strong>Erigite.</strong></span> 
     </span>
    </p>
   </div>
   <div class='ocr_carea' id='block_1_79' title="bbox 2153 3404 3740 3486">
    <p class='ocr_par' dir='ltr' id='par_1_79' title="bbox 2153 3404 3740 3486">
     <span class='ocr_line' id='line_1_79' title="bbox 2153 3404 3740 3486; baseline -0.009 -16"><span class='ocrx_word' id='word_1_532' title='bbox 2153 3416 2332 3486; x_wconf 85' lang='lat' dir='ltr'><strong>Atque</strong></span> <span class='ocrx_word' id='word_1_533' title='bbox 2384 3415 2488 3469; x_wconf 93' lang='lat' dir='ltr'><strong>hoc</strong></span> <span class='ocrx_word' id='word_1_534' title='bbox 2527 3413 2645 3468; x_wconf 91' lang='lat' dir='ltr'><strong>loco</strong></span> <span class='ocrx_word' id='word_1_535' title='bbox 2685 3411 2817 3466; x_wconf 90' lang='lat' dir='ltr'><strong>illud</strong></span> <span class='ocrx_word' id='word_1_536' title='bbox 2863 3411 3142 3480; x_wconf 88' lang='lat' dir='ltr'><strong>explicat,</strong></span> <span class='ocrx_word' id='word_1_537' title='bbox 3184 3408 3331 3479; x_wconf 91' lang='lat' dir='ltr'><strong>quod</strong></span> <span class='ocrx_word' id='word_1_538' title='bbox 3370 3407 3440 3462; x_wconf 91' lang='lat' dir='ltr'><strong>ab</strong></span> <span class='ocrx_word' id='word_1_539' title='bbox 3479 3404 3740 3475; x_wconf 80' lang='lat' dir='ltr'><strong>Apostoln</strong></span> 
     </span>
    </p>
   </div>
   <div class='ocr_carea' id='block_1_80' title="bbox 2154 3496 3739 3578">
    <p class='ocr_par' dir='ltr' id='par_1_80' title="bbox 2154 3496 3739 3578">
     <span class='ocr_line' id='line_1_80' title="bbox 2154 3496 3739 3578; baseline -0.011 -12"><span class='ocrx_word' id='word_1_540' title='bbox 2154 3514 2220 3567; x_wconf 90' lang='lat' dir='ltr'><strong>ad</strong></span> <span class='ocrx_word' id='word_1_541' title='bbox 2253 3509 2630 3578; x_wconf 88' lang='lat' dir='ltr'><strong>Philippenses</strong></span> <span class='ocrx_word' id='word_1_542' title='bbox 2664 3505 2733 3560; x_wconf 90' lang='lat' dir='ltr'><strong>de</strong></span> <span class='ocrx_word' id='word_1_543' title='bbox 2765 3503 2984 3559; x_wconf 86' lang='lat' dir='ltr'><strong>Christo</strong></span> <span class='ocrx_word' id='word_1_544' title='bbox 3007 3503 3212 3558; x_wconf 91' lang='lat' dir='ltr'><strong>dictum</strong></span> <span class='ocrx_word' id='word_1_545' title='bbox 3251 3509 3338 3554; x_wconf 88' lang='lat' dir='ltr'><strong>est</strong></span> <span class='ocrx_word' id='word_1_546' title='bbox 3367 3517 3383 3554; x_wconf 88' lang='lat'><strong>:</strong></span> <span class='ocrx_word' id='word_1_547' title='bbox 3422 3496 3739 3552; x_wconf 80' lang='lat' dir='ltr'><strong>Humiliavit</strong></span> 
     </span>
    </p>
   </div>
   <div class='ocr_carea' id='block_1_81' title="bbox 2153 3594 3742 3671">
    <p class='ocr_par' dir='ltr' id='par_1_81' title="bbox 2153 3594 3742 3671">
     <span class='ocr_line' id='line_1_81' title="bbox 2153 3594 3742 3671; baseline -0.011 -12"><span class='ocrx_word' id='word_1_548' title='bbox 2153 3604 2512 3671; x_wconf 78' lang='lat' dir='ltr'><strong>setnetipsum,</strong></span> <span class='ocrx_word' id='word_1_549' title='bbox 2551 3600 2726 3665; x_wconf 74' lang='lat' dir='ltr'><strong>{actus</strong></span> <span class='ocrx_word' id='word_1_550' title='bbox 2760 3597 3002 3651; x_wconf 68' lang='lat' dir='ltr'><strong>obedienc</strong></span> <span class='ocrx_word' id='word_1_551' title='bbox 3029 3611 3193 3664; x_wconf 73' lang='lat' dir='ltr'><strong>usque</strong></span> <span class='ocrx_word' id='word_1_552' title='bbox 3217 3594 3286 3646; x_wconf 85' lang='lat' dir='ltr'><strong>ad</strong></span> <span class='ocrx_word' id='word_1_553' title='bbox 3323 3603 3563 3654; x_wconf 80' lang='lat' dir='ltr'><strong>mortem,</strong></span> <span class='ocrx_word' id='word_1_554' title='bbox 3598 3605 3742 3642; x_wconf 87' lang='lat' dir='ltr'><strong>mor-</strong></span> 
     </span>
    </p>
   </div>
   <div class='ocr_carea' id='block_1_82' title="bbox 2156 3682 3740 3760">
    <p class='ocr_par' dir='ltr' id='par_1_82' title="bbox 2156 3682 3740 3760">
     <span class='ocr_line' id='line_1_82' title="bbox 2156 3682 3740 3760; baseline -0.012 -8"><span class='ocrx_word' id='word_1_555' title='bbox 2156 3711 2260 3753; x_wconf 88' lang='lat' dir='ltr'><strong>tem</strong></span> <span class='ocrx_word' id='word_1_556' title='bbox 2293 3709 2468 3751; x_wconf 84' lang='lat' dir='ltr'><strong>autent</strong></span> <span class='ocrx_word' id='word_1_557' title='bbox 2515 3695 2711 3748; x_wconf 75' lang='lat' dir='ltr'><strong>crucis.</strong></span> <span class='ocrx_word' id='word_1_558' title='bbox 2747 3692 2972 3760; x_wconf 81' lang='lat' dir='ltr'><strong>Propter</strong></span> <span class='ocrx_word' id='word_1_559' title='bbox 3017 3689 3156 3760; x_wconf 86' lang='lat' dir='ltr'><strong>quod</strong></span> <span class='ocrx_word' id='word_1_560' title='bbox 3201 3695 3251 3740; x_wconf 85' lang='lat' dir='ltr'><strong>et</strong></span> <span class='ocrx_word' id='word_1_561' title='bbox 3293 3687 3436 3739; x_wconf 76' lang='lat' dir='ltr'><strong>Deus</strong></span> <span class='ocrx_word' id='word_1_562' title='bbox 3483 3682 3740 3738; x_wconf 74' lang='lat' dir='ltr'><strong>exultavit</strong></span> 
     </span>
    </p>
   </div>
   <div class='ocr_carea' id='block_1_83' title="bbox 2152 3775 3740 3854">
    <p class='ocr_par' dir='ltr' id='par_1_83' title="bbox 2152 3775 3740 3854">
     <span class='ocr_line' id='line_1_83' title="bbox 2152 3775 3740 3854; baseline -0.013 -8"><span class='ocrx_word' id='word_1_563' title='bbox 2152 3809 2271 3847; x_wconf 81' lang='lat' dir='ltr'><strong>eum</strong></span> <span class='ocrx_word' id='word_1_564' title='bbox 2300 3791 2367 3854; x_wconf 74' lang='grc'><strong>⁸⁷,</strong></span> <span class='ocrx_word' id='word_1_565' title='bbox 2403 3799 2508 3843; x_wconf 91' lang='lat' dir='ltr'><strong>etc.</strong></span> <span class='ocrx_word' id='word_1_566' title='bbox 2556 3788 2633 3840; x_wconf 85' lang='lat' dir='ltr'><strong>Ac</strong></span> <span class='ocrx_word' id='word_1_567' title='bbox 2677 3785 2905 3854; x_wconf 89' lang='lat' dir='ltr'><strong>proinde</strong></span> <span class='ocrx_word' id='word_1_568' title='bbox 2940 3782 2994 3836; x_wconf 92' lang='lat' dir='ltr'><strong>in</strong></span> <span class='ocrx_word' id='word_1_569' title='bbox 3033 3793 3307 3836; x_wconf 90' lang='lat' dir='ltr'><strong>summam</strong></span> <span class='ocrx_word' id='word_1_570' title='bbox 3343 3775 3740 3831; x_wconf 88' lang='lat' dir='ltr'><strong>sublimitatetn</strong></span> 
     </span>
    </p>
   </div>
   <div class='ocr_carea' id='block_1_84' title="bbox 2153 3866 3739 3942">
    <p class='ocr_par' dir='ltr' id='par_1_84' title="bbox 2153 3866 3739 3942">
     <span class='ocr_line' id='line_1_84' title="bbox 2153 3866 3739 3942; baseline -0.011 -8"><span class='ocrx_word' id='word_1_571' title='bbox 2153 3887 2396 3942; x_wconf 88' lang='lat' dir='ltr'><strong>evectus,</strong></span> <span class='ocrx_word' id='word_1_572' title='bbox 2431 3874 2782 3929; x_wconf 88' lang='lat' dir='ltr'><strong>sublimiores</strong></span> <span class='ocrx_word' id='word_1_573' title='bbox 2819 3886 3041 3942; x_wconf 91' lang='lat' dir='ltr'><strong>quoque</strong></span> <span class='ocrx_word' id='word_1_574' title='bbox 3084 3881 3272 3938; x_wconf 84' lang='lat' dir='ltr'><strong>portas</strong></span> <span class='ocrx_word' id='word_1_575' title='bbox 3308 3867 3422 3921; x_wconf 86' lang='lat' dir='ltr'><strong>ﬁeri</strong></span> <span class='ocrx_word' id='word_1_576' title='bbox 3474 3866 3739 3934; x_wconf 89' lang='lat' dir='ltr'><strong>postulat,</strong></span> 
     </span>
    </p>
   </div>
   <div class='ocr_carea' id='block_1_85' title="bbox 2155 3957 3738 4040">
    <p class='ocr_par' dir='ltr' id='par_1_85' title="bbox 2155 3957 3738 4040">
     <span class='ocr_line' id='line_1_85' title="bbox 2155 3957 3738 4040; baseline -0.011 -14"><span class='ocrx_word' id='word_1_577' title='bbox 2155 3972 2221 4026; x_wconf 90' lang='lat' dir='ltr'><strong>ad</strong></span> <span class='ocrx_word' id='word_1_578' title='bbox 2256 3971 2430 4040; x_wconf 85' lang='lat' dir='ltr'><strong>ipsius</strong></span> <span class='ocrx_word' id='word_1_579' title='bbox 2461 3965 2860 4036; x_wconf 75' lang='lat' dir='ltr'><strong>exceptionem.</strong></span> <span class='ocrx_word' id='word_1_580' title='bbox 2895 3963 3052 4031; x_wconf 82' lang='lat' dir='ltr'><strong>Quod</strong></span> <span class='ocrx_word' id='word_1_581' title='bbox 3081 3962 3128 4017; x_wconf 85' lang='lat' dir='ltr'><strong>si</strong></span> <span class='ocrx_word' id='word_1_582' title='bbox 3162 3959 3340 4030; x_wconf 87' lang='lat' dir='ltr'><strong>angeli</strong></span> <span class='ocrx_word' id='word_1_583' title='bbox 3373 3957 3738 4027; x_wconf 87' lang='lat' dir='ltr'><strong>suscipientes</strong></span> 
     </span>
    </p>
   </div>
   <div class='ocr_carea' id='block_1_86' title="bbox 2155 4053 3740 4123">
    <p class='ocr_par' dir='ltr' id='par_1_86' title="bbox 2155 4053 3740 4123">
     <span class='ocr_line' id='line_1_86' title="bbox 2155 4053 3740 4123; baseline -0.011 -5"><span class='ocrx_word' id='word_1_584' title='bbox 2155 4072 2336 4118; x_wconf 81' lang='lat' dir='ltr'><strong>mente</strong></span> <span class='ocrx_word' id='word_1_585' title='bbox 2389 4062 2656 4123; x_wconf 78' lang='lat' dir='ltr'><strong>lnereant,</strong></span> <span class='ocrx_word' id='word_1_586' title='bbox 2708 4057 2954 4112; x_wconf 88' lang='lat' dir='ltr'><strong>videntes</strong></span> <span class='ocrx_word' id='word_1_587' title='bbox 3001 4053 3278 4112; x_wconf 89' lang='lat' dir='ltr'><strong>Christum</strong></span> <span class='ocrx_word' id='word_1_588' title='bbox 3332 4067 3457 4106; x_wconf 91' lang='lat' dir='ltr'><strong>cum</strong></span> <span class='ocrx_word' id='word_1_589' title='bbox 3509 4062 3740 4117; x_wconf 86' lang='lat' dir='ltr'><strong>corpore</strong></span> 
     </span>
    </p>
   </div>
   <div class='ocr_carea' id='block_1_87' title="bbox 2156 4144 3740 4218">
    <p class='ocr_par' dir='ltr' id='par_1_87' title="bbox 2156 4144 3740 4218">
     <span class='ocr_line' id='line_1_87' title="bbox 2156 4144 3740 4218; baseline -0.009 -9"><span class='ocrx_word' id='word_1_590' title='bbox 2156 4153 2581 4218; x_wconf 87' lang='lat' dir='ltr'><strong>ascendentem,</strong></span> <span class='ocrx_word' id='word_1_591' title='bbox 2631 4165 2697 4206; x_wconf 89' lang='lat' dir='ltr'><strong>ac</strong></span> <span class='ocrx_word' id='word_1_592' title='bbox 2739 4149 3014 4218; x_wconf 88' lang='lat' dir='ltr'><strong>passionis</strong></span> <span class='ocrx_word' id='word_1_593' title='bbox 3059 4147 3214 4216; x_wconf 90' lang='lat' dir='ltr'><strong>signa</strong></span> <span class='ocrx_word' id='word_1_594' title='bbox 3265 4144 3564 4205; x_wconf 76' lang='lat' dir='ltr'><strong>ferentem,</strong></span> <span class='ocrx_word' id='word_1_595' title='bbox 3613 4156 3740 4209; x_wconf 64' lang='lat' dir='ltr'><strong>quas</strong></span> 
     </span>
    </p>
   </div>
   <div class='ocr_carea' id='block_1_88' title="bbox 2156 4235 3736 4318">
    <p class='ocr_par' dir='ltr' id='par_1_88' title="bbox 2156 4235 3736 4318">
     <span class='ocr_line' id='line_1_88' title="bbox 2156 4235 3736 4318; baseline -0.01 -15"><span class='ocrx_word' id='word_1_596' title='bbox 2156 4247 2401 4318; x_wconf 91' lang='lat' dir='ltr'><strong>quidem,</strong></span> <span class='ocrx_word' id='word_1_597' title='bbox 2433 4260 2559 4300; x_wconf 91' lang='lat' dir='ltr'><strong>cum</strong></span> <span class='ocrx_word' id='word_1_598' title='bbox 2603 4245 2671 4298; x_wconf 90' lang='lat' dir='ltr'><strong>de</strong></span> <span class='ocrx_word' id='word_1_599' title='bbox 2706 4243 2849 4298; x_wconf 69' lang='lat' dir='ltr'><strong>coelo</strong></span> <span class='ocrx_word' id='word_1_600' title='bbox 2897 4243 3278 4303; x_wconf 88' lang='lat' dir='ltr'><strong>descenderet,</strong></span> <span class='ocrx_word' id='word_1_601' title='bbox 3326 4253 3432 4292; x_wconf 91' lang='lat' dir='ltr'><strong>non</strong></span> <span class='ocrx_word' id='word_1_602' title='bbox 3479 4235 3736 4298; x_wconf 89' lang='lat' dir='ltr'><strong>habebat,</strong></span> 
     </span>
    </p>
   </div>
   <div class='ocr_carea' id='block_1_89' title="bbox 2157 4329 3736 4408">
    <p class='ocr_par' dir='ltr' id='par_1_89' title="bbox 2157 4329 3736 4408">
     <span class='ocr_line' id='line_1_89' title="bbox 2157 4329 3736 4408; baseline -0.006 -15"><span class='ocrx_word' id='word_1_603' title='bbox 2157 4349 2322 4408; x_wconf 89' lang='lat' dir='ltr'><strong>atque</strong></span> <span class='ocrx_word' id='word_1_604' title='bbox 2357 4338 2482 4392; x_wconf 91' lang='lat' dir='ltr'><strong>ideo</strong></span> <span class='ocrx_word' id='word_1_605' title='bbox 2509 4336 2919 4391; x_wconf 90' lang='lat' dir='ltr'><strong>sciscitarentur</strong></span> <span class='ocrx_word' id='word_1_606' title='bbox 2951 4351 2964 4387; x_wconf 91' lang='lat'><strong>:</strong></span> <span class='ocrx_word' id='word_1_607' title='bbox 2996 4333 3264 4398; x_wconf 88' lang='lat' dir='ltr'><strong>Quisnam</strong></span> <span class='ocrx_word' id='word_1_608' title='bbox 3295 4331 3383 4386; x_wconf 90' lang='lat' dir='ltr'><strong>hic</strong></span> <span class='ocrx_word' id='word_1_609' title='bbox 3408 4331 3531 4385; x_wconf 85' lang='lat' dir='ltr'><strong>est?</strong></span> <span class='ocrx_word' id='word_1_610' title='bbox 3566 4329 3614 4384; x_wconf 90' lang='lat' dir='ltr'><strong>is</strong></span> <span class='ocrx_word' id='word_1_611' title='bbox 3641 4329 3736 4398; x_wconf 92' lang='lat' dir='ltr'><strong>qui</strong></span> 
     </span>
    </p>
   </div>
   <div class='ocr_carea' id='block_1_90' title="bbox 2157 4423 3740 4496">
    <p class='ocr_par' dir='ltr' id='par_1_90' title="bbox 2157 4423 3740 4496">
     <span class='ocr_line' id='line_1_90' title="bbox 2157 4423 3740 4496; baseline -0.008 -10"><span class='ocrx_word' id='word_1_612' title='bbox 2157 4435 2226 4486; x_wconf 81' lang='lat' dir='ltr'><strong>de</strong></span> <span class='ocrx_word' id='word_1_613' title='bbox 2254 4430 2474 4484; x_wconf 91' lang='lat' dir='ltr'><strong>Christo</strong></span> <span class='ocrx_word' id='word_1_614' title='bbox 2511 4429 2605 4492; x_wconf 83' lang='lat' dir='ltr'><strong>ita,</strong></span> <span class='ocrx_word' id='word_1_615' title='bbox 2651 4437 2709 4482; x_wconf 94' lang='lat' dir='ltr'><strong>ut</strong></span> <span class='ocrx_word' id='word_1_616' title='bbox 2755 4443 2970 4496; x_wconf 75' lang='lat' dir='ltr'><strong>:nquum</strong></span> <span class='ocrx_word' id='word_1_617' title='bbox 3007 4436 3110 4490; x_wconf 92' lang='lat' dir='ltr'><strong>est,</strong></span> <span class='ocrx_word' id='word_1_618' title='bbox 3139 4424 3324 4489; x_wconf 89' lang='lat' dir='ltr'><strong>sentit,</strong></span> <span class='ocrx_word' id='word_1_619' title='bbox 3362 4423 3469 4477; x_wconf 89' lang='lat' dir='ltr'><strong>illis</strong></span> <span class='ocrx_word' id='word_1_620' title='bbox 3513 4437 3740 4489; x_wconf 87' lang='lat' dir='ltr'><strong>respon-</strong></span> 
     </span>
    </p>
   </div>
   <div class='ocr_carea' id='block_1_91' title="bbox 473 4514 3740 4588">
    <p class='ocr_par' dir='ltr' id='par_1_91' title="bbox 473 4514 3740 4588">
     <span class='ocr_line' id='line_1_91' title="bbox 473 4514 3740 4588; baseline -0.002 -13"><span class='ocrx_word' id='word_1_621' title='bbox 473 4519 762 4575; x_wconf 70' lang='lat' dir='ltr'><strong>st-ientiam</strong></span> <span class='ocrx_word' id='word_1_622' title='bbox 811 4518 964 4571; x_wconf 88' lang='lat' dir='ltr'><strong>verbi</strong></span> <span class='ocrx_word' id='word_1_623' title='bbox 1007 4518 1271 4572; x_wconf 86' lang='lat' dir='ltr'><strong>beneﬁcio</strong></span> <span class='ocrx_word' id='word_1_624' title='bbox 1311 4529 1700 4587; x_wconf 84' lang='lat' dir='ltr'><strong>consequatur.</strong></span> <span class='ocrx_word' id='word_1_625' title='bbox 1764 4519 2051 4573; x_wconf 85' lang='lat' dir='ltr'><strong>Enimvero</strong></span> <span class='ocrx_word' id='word_1_626' title='bbox 2083 4530 2128 4585; x_wconf 80' lang='grc' dir='ltr'><strong>ι)</strong></span> <span class='ocrx_word' id='word_1_627' title='bbox 2156 4521 2304 4577; x_wconf 88' lang='lat' dir='ltr'><strong>debit</strong></span> <span class='ocrx_word' id='word_1_628' title='bbox 2334 4539 2348 4574; x_wconf 88' lang='lat'><strong>:</strong></span> <span class='ocrx_word' id='word_1_629' title='bbox 2381 4521 2481 4575; x_wconf 90' lang='lat' dir='ltr'><strong>llic</strong></span> <span class='ocrx_word' id='word_1_630' title='bbox 2509 4529 2593 4574; x_wconf 89' lang='lat' dir='ltr'><strong>est</strong></span> <span class='ocrx_word' id='word_1_631' title='bbox 2622 4520 2712 4574; x_wconf 90' lang='lat' dir='ltr'><strong>ille</strong></span> <span class='ocrx_word' id='word_1_632' title='bbox 2741 4529 2957 4588; x_wconf 90' lang='lat' dir='ltr'><strong>potens,</strong></span> <span class='ocrx_word' id='word_1_633' title='bbox 2989 4532 3117 4572; x_wconf 88' lang='lat' dir='ltr'><strong>cum</strong></span> <span class='ocrx_word' id='word_1_634' title='bbox 3149 4518 3202 4570; x_wconf 88' lang='lat' dir='ltr'><strong>in</strong></span> <span class='ocrx_word' id='word_1_635' title='bbox 3236 4515 3448 4570; x_wconf 78' lang='lat' dir='ltr'><strong>caeteris</strong></span> <span class='ocrx_word' id='word_1_636' title='bbox 3480 4514 3740 4569; x_wconf 85' lang='lat' dir='ltr'><strong>onmibus</strong></span> 
     </span>
    </p>
   </div>
   <div class='ocr_carea' id='block_1_92' title="bbox 471 4611 2050 4681">
    <p class='ocr_par' dir='ltr' id='par_1_92' title="bbox 471 4611 2050 4681">
     <span class='ocr_line' id='line_1_92' title="bbox 471 4611 2050 4681; baseline 0.002 -15"><span class='ocrx_word' id='word_1_637' title='bbox 471 4613 750 4677; x_wconf 79' lang='lat' dir='ltr'><strong>Christus,</strong></span> <span class='ocrx_word' id='word_1_638' title='bbox 807 4613 860 4666; x_wconf 87' lang='lat' dir='ltr'><strong>in</strong></span> <span class='ocrx_word' id='word_1_639' title='bbox 921 4611 1196 4666; x_wconf 81' lang='lat' dir='ltr'><strong>infernum</strong></span> <span class='ocrx_word' id='word_1_640' title='bbox 1242 4612 1603 4677; x_wconf 84' lang='lat' dir='ltr'><strong>descendens,</strong></span> <span class='ocrx_word' id='word_1_641' title='bbox 1669 4630 1775 4668; x_wconf 92' lang='lat' dir='ltr'><strong>non</strong></span> <span class='ocrx_word' id='word_1_642' title='bbox 1835 4630 2050 4681; x_wconf 73' lang='lat' dir='ltr'><strong>onlnes,</strong></span> 
     </span>
    </p>
   </div>
   <div class='ocr_carea' id='block_1_93' title="bbox 474 4704 2049 4776">
    <p class='ocr_par' dir='ltr' id='par_1_93' title="bbox 474 4704 2049 4776">
     <span class='ocr_line' id='line_1_93' title="bbox 474 4704 2049 4776; baseline 0.002 -19"><span class='ocrx_word' id='word_1_643' title='bbox 474 4721 660 4758; x_wconf 74' lang='lat' dir='ltr'><strong>verum</strong></span> <span class='ocrx_word' id='word_1_644' title='bbox 699 4720 795 4760; x_wconf 88' lang='lat' dir='ltr'><strong>eos</strong></span> <span class='ocrx_word' id='word_1_645' title='bbox 823 4704 973 4760; x_wconf 84' lang='lat' dir='ltr'><strong>solos</strong></span> <span class='ocrx_word' id='word_1_646' title='bbox 1001 4705 1095 4774; x_wconf 91' lang='lat' dir='ltr'><strong>qui</strong></span> <span class='ocrx_word' id='word_1_647' title='bbox 1131 4705 1508 4768; x_wconf 87' lang='lat' dir='ltr'><strong>crediderunt,</strong></span> <span class='ocrx_word' id='word_1_648' title='bbox 1536 4705 1719 4760; x_wconf 88' lang='lat' dir='ltr'><strong>salvos</strong></span> <span class='ocrx_word' id='word_1_649' title='bbox 1757 4705 1887 4760; x_wconf 85' lang='lat' dir='ltr'><strong>fecit</strong></span> <span class='ocrx_word' id='word_1_650' title='bbox 1911 4705 2049 4776; x_wconf 73' lang='lat'><strong>(25).</strong></span> 
     </span>
    </p>
   </div>
   <div class='ocr_carea' id='block_1_94' title="bbox 471 4798 2056 4868">
    <p class='ocr_par' dir='ltr' id='par_1_94' title="bbox 471 4798 2056 4868">
     <span class='ocr_line' id='line_1_94' title="bbox 471 4798 2056 4868; baseline 0.001 -17"><span class='ocrx_word' id='word_1_651' title='bbox 471 4799 903 4868; x_wconf 66' lang='lat' dir='ltr'><strong>Chrysostomus</strong></span> <span class='ocrx_word' id='word_1_652' title='bbox 931 4799 1048 4868; x_wconf 89' lang='lat' dir='ltr'><strong>ipse</strong></span> <span class='ocrx_word' id='word_1_653' title='bbox 1095 4798 1331 4854; x_wconf 87' lang='lat' dir='ltr'><strong>allirmat</strong></span> <span class='ocrx_word' id='word_1_654' title='bbox 1363 4800 1639 4853; x_wconf 87' lang='lat' dir='ltr'><strong>neminem</strong></span> <span class='ocrx_word' id='word_1_655' title='bbox 1686 4800 1739 4853; x_wconf 91' lang='lat' dir='ltr'><strong>in</strong></span> <span class='ocrx_word' id='word_1_656' title='bbox 1773 4799 1992 4854; x_wconf 83' lang='lat' dir='ltr'><strong>inferno</strong></span> <span class='ocrx_word' id='word_1_657' title='bbox 2025 4815 2056 4853; x_wconf 91' lang='lat' dir='ltr'><strong>a</strong></span> 
     </span>
    </p>
   </div>
   <div class='ocr_carea' id='block_1_95' title="bbox 471 4891 2057 4962">
    <p class='ocr_par' dir='ltr' id='par_1_95' title="bbox 471 4891 2057 4962">
     <span class='ocr_line' id='line_1_95' title="bbox 471 4891 2057 4962; baseline 0.001 -16"><span class='ocrx_word' id='word_1_658' title='bbox 471 4892 694 4947; x_wconf 89' lang='lat' dir='ltr'><strong>Christo</strong></span> <span class='ocrx_word' id='word_1_659' title='bbox 743 4893 976 4946; x_wconf 87' lang='lat' dir='ltr'><strong>salutem</strong></span> <span class='ocrx_word' id='word_1_660' title='bbox 1014 4891 1316 4961; x_wconf 88' lang='lat' dir='ltr'><strong>accepisse,</strong></span> <span class='ocrx_word' id='word_1_661' title='bbox 1357 4892 1466 4946; x_wconf 89' lang='lat' dir='ltr'><strong>nisi</strong></span> <span class='ocrx_word' id='word_1_662' title='bbox 1501 4893 1594 4962; x_wconf 93' lang='lat' dir='ltr'><strong>qui</strong></span> <span class='ocrx_word' id='word_1_663' title='bbox 1645 4893 1821 4946; x_wconf 89' lang='lat' dir='ltr'><strong>salute</strong></span> <span class='ocrx_word' id='word_1_664' title='bbox 1857 4893 2057 4961; x_wconf 87' lang='lat' dir='ltr'><strong>dignus</strong></span> 
     </span>
    </p>
   </div>
   <div class='ocr_carea' id='block_1_96' title="bbox 473 4984 2054 5053">
    <p class='ocr_par' dir='ltr' id='par_1_96' title="bbox 473 4984 2054 5053">
     <span class='ocr_line' id='line_1_96' title="bbox 473 4984 2054 5053; baseline 0.003 -20"><span class='ocrx_word' id='word_1_665' title='bbox 473 4994 637 5046; x_wconf 81' lang='lat' dir='ltr'><strong>esset,</strong></span> <span class='ocrx_word' id='word_1_666' title='bbox 673 4999 798 5038; x_wconf 91' lang='lat' dir='ltr'><strong>cum</strong></span> <span class='ocrx_word' id='word_1_667' title='bbox 827 4999 892 5038; x_wconf 85' lang='lat' dir='ltr'><strong>cx</strong></span> <span class='ocrx_word' id='word_1_668' title='bbox 930 4985 1032 5038; x_wconf 88' lang='lat' dir='ltr'><strong>hac</strong></span> <span class='ocrx_word' id='word_1_669' title='bbox 1059 4985 1168 5039; x_wconf 89' lang='lat' dir='ltr'><strong>vita</strong></span> <span class='ocrx_word' id='word_1_670' title='bbox 1201 4984 1568 5040; x_wconf 82' lang='lat' dir='ltr'><strong>discessisset.</strong></span> <span class='ocrx_word' id='word_1_671' title='bbox 1601 4985 1669 5037; x_wconf 88' lang='lat' dir='ltr'><strong>At</strong></span> <span class='ocrx_word' id='word_1_672' title='bbox 1704 4985 1938 5039; x_wconf 80' lang='lat' dir='ltr'><strong>fortasse</strong></span> <span class='ocrx_word' id='word_1_673' title='bbox 1962 4985 2054 5053; x_wconf 87' lang='lat' dir='ltr'><strong>qui</strong></span> 
     </span>
    </p>
   </div>
   <div class='ocr_carea' id='block_1_97' title="bbox 476 5075 2056 5145">
    <p class='ocr_par' dir='ltr' id='par_1_97' title="bbox 476 5075 2056 5145">
     <span class='ocr_line' id='line_1_97' title="bbox 476 5075 2056 5145; baseline 0.003 -19"><span class='ocrx_word' id='word_1_674' title='bbox 476 5087 591 5127; x_wconf 90' lang='lat' dir='ltr'><strong>tttm</strong></span> <span class='ocrx_word' id='word_1_675' title='bbox 623 5075 998 5140; x_wconf 88' lang='lat' dir='ltr'><strong>crediderunt,</strong></span> <span class='ocrx_word' id='word_1_676' title='bbox 1039 5076 1217 5129; x_wconf 88' lang='lat' dir='ltr'><strong>salute</strong></span> <span class='ocrx_word' id='word_1_677' title='bbox 1252 5076 1398 5145; x_wconf 89' lang='lat' dir='ltr'><strong>digni</strong></span> <span class='ocrx_word' id='word_1_678' title='bbox 1445 5077 1615 5130; x_wconf 89' lang='lat' dir='ltr'><strong>habiti</strong></span> <span class='ocrx_word' id='word_1_679' title='bbox 1665 5085 1812 5130; x_wconf 86' lang='lat' dir='ltr'><strong>sunt.</strong></span> <span class='ocrx_word' id='word_1_680' title='bbox 1857 5076 2056 5143; x_wconf 87' lang='lat' dir='ltr'><strong>Cujus-</strong></span> 
     </span>
    </p>
   </div>
   <div class='ocr_carea' id='block_1_98' title="bbox 478 5165 2056 5235">
    <p class='ocr_par' dir='ltr' id='par_1_98' title="bbox 478 5165 2056 5235">
     <span class='ocr_line' id='line_1_98' title="bbox 478 5165 2056 5235; baseline 0.001 -16"><span class='ocrx_word' id='word_1_681' title='bbox 478 5166 624 5219; x_wconf 92' lang='lat' dir='ltr'><strong>modi</strong></span> <span class='ocrx_word' id='word_1_682' title='bbox 669 5165 927 5235; x_wconf 89' lang='lat' dir='ltr'><strong>quiddam</strong></span> <span class='ocrx_word' id='word_1_683' title='bbox 957 5166 1023 5220; x_wconf 89' lang='lat' dir='ltr'><strong>de</strong></span> <span class='ocrx_word' id='word_1_684' title='bbox 1047 5168 1266 5220; x_wconf 83' lang='lat' dir='ltr'><strong>ethnico</strong></span> <span class='ocrx_word' id='word_1_685' title='bbox 1297 5169 1522 5221; x_wconf 88' lang='lat' dir='ltr'><strong>Platone</strong></span> <span class='ocrx_word' id='word_1_686' title='bbox 1555 5167 1607 5220; x_wconf 92' lang='lat' dir='ltr'><strong>in</strong></span> <span class='ocrx_word' id='word_1_687' title='bbox 1639 5165 1855 5220; x_wconf 87' lang='lat' dir='ltr'><strong>Patrum</strong></span> <span class='ocrx_word' id='word_1_688' title='bbox 1882 5167 2056 5220; x_wconf 79' lang='lat' dir='ltr'><strong>histo-</strong></span> 
     </span>
    </p>
   </div>
   <div class='ocr_carea' id='block_1_99' title="bbox 478 5257 2055 5314">
    <p class='ocr_par' dir='ltr' id='par_1_99' title="bbox 478 5257 2055 5314">
     <span class='ocr_line' id='line_1_99' title="bbox 478 5257 2055 5314; baseline -0.001 0"><span class='ocrx_word' id='word_1_689' title='bbox 478 5259 576 5314; x_wconf 88' lang='lat' dir='ltr'><strong>riis</strong></span> <span class='ocrx_word' id='word_1_690' title='bbox 601 5258 1010 5313; x_wconf 82' lang='lat' dir='ltr'><strong>clrcumlcrtur.</strong></span> <span class='ocrx_word' id='word_1_691' title='bbox 1059 5257 1194 5311; x_wconf 78' lang='lat' dir='ltr'><strong>Nam</strong></span> <span class='ocrx_word' id='word_1_692' title='bbox 1230 5275 1352 5312; x_wconf 87' lang='lat' dir='ltr'><strong>cum</strong></span> <span class='ocrx_word' id='word_1_693' title='bbox 1377 5260 1466 5312; x_wconf 88' lang='lat' dir='ltr'><strong>diu</strong></span> <span class='ocrx_word' id='word_1_694' title='bbox 1508 5268 1667 5312; x_wconf 82' lang='lat' dir='ltr'><strong>antea</strong></span> <span class='ocrx_word' id='word_1_695' title='bbox 1701 5259 1807 5312; x_wconf 87' lang='lat' dir='ltr'><strong>vita</strong></span> <span class='ocrx_word' id='word_1_696' title='bbox 1832 5261 2055 5312; x_wconf 69' lang='lat' dir='ltr'><strong>[tinctus</strong></span> 
     </span>
    </p>
   </div>
   <div class='ocr_carea' id='block_1_100' title="bbox 548 5417 2052 5492">
    <p class='ocr_par' dir='ltr' id='par_1_100' title="bbox 548 5417 2052 5492">
     <span class='ocr_line' id='line_1_100' title="bbox 548 5417 2052 5492; baseline -0.001 -15"><span class='ocrx_word' id='word_1_697' title='bbox 548 5424 620 5455; x_wconf 67' lang='lat'><strong>9&quot;</strong></span> <span class='ocrx_word' id='word_1_698' title='bbox 663 5422 810 5477; x_wconf 81' lang='lat' dir='ltr'><strong>Psal.</strong></span> <span class='ocrx_word' id='word_1_699' title='bbox 845 5434 1000 5483; x_wconf 66' lang='grc' dir='ltr'>χχιιι,</span> <span class='ocrx_word' id='word_1_700' title='bbox 1055 5419 1106 5482; x_wconf 89' lang='lat'><strong>7,</strong></span> <span class='ocrx_word' id='word_1_701' title='bbox 1153 5421 1206 5482; x_wconf 79' lang='lat' dir='ltr'><strong>‘J,</strong></span> <span class='ocrx_word' id='word_1_702' title='bbox 1255 5417 1340 5474; x_wconf 70' lang='grc'><strong>10.</strong></span> <span class='ocrx_word' id='word_1_703' title='bbox 1417 5419 1458 5449; x_wconf 68' lang='grc'><strong>⁸⁷</strong></span> <span class='ocrx_word' id='word_1_704' title='bbox 1517 5420 1749 5492; x_wconf 80' lang='lat' dir='ltr'><strong>Philipp.</strong></span> <span class='ocrx_word' id='word_1_705' title='bbox 1802 5437 1859 5485; x_wconf 89' lang='grc' dir='ltr'>ιι,</span> <span class='ocrx_word' id='word_1_706' title='bbox 1905 5419 1958 5486; x_wconf 92' lang='lat'><strong>8,</strong></span> <span class='ocrx_word' id='word_1_707' title='bbox 2000 5421 2052 5475; x_wconf 77' lang='lat'><strong>9.</strong></span> 
     </span>
    </p>
   </div>
   <div class='ocr_carea' id='block_1_101' title="bbox 551 5580 2049 5654">
    <p class='ocr_par' dir='ltr' id='par_1_101' title="bbox 551 5580 2049 5654">
     <span class='ocr_line' id='line_1_101' title="bbox 551 5580 2049 5654; baseline -0.005 -17"><span class='ocrx_word' id='word_1_708' title='bbox 551 5586 666 5652; x_wconf 73' lang='lat'><strong>(9.3)</strong></span> <span class='ocrx_word' id='word_1_709' title='bbox 693 5583 920 5636; x_wconf 76' lang='lat' dir='ltr'><strong>Videtur</strong></span> <span class='ocrx_word' id='word_1_710' title='bbox 954 5583 1040 5635; x_wconf 74' lang='lat' dir='ltr'><strong>hic</strong></span> <span class='ocrx_word' id='word_1_711' title='bbox 1074 5580 1319 5654; x_wconf 66' lang='lat' dir='ltr'><strong>alludere</strong></span> <span class='ocrx_word' id='word_1_712' title='bbox 1349 5582 1412 5632; x_wconf 83' lang='lat' dir='ltr'><strong>al</strong></span> <span class='ocrx_word' id='word_1_713' title='bbox 1455 5581 1502 5630; x_wconf 69' lang='lat' dir='ltr'><strong>ial</strong></span> <span class='ocrx_word' id='word_1_714' title='bbox 1535 5581 1684 5654; x_wconf 68' lang='lat' dir='ltr'><strong>quod</strong></span> <span class='ocrx_word' id='word_1_715' title='bbox 1730 5582 1800 5654; x_wconf 71' lang='lat' dir='ltr'><strong>ait</strong></span> <span class='ocrx_word' id='word_1_716' title='bbox 1856 5581 2049 5654; x_wconf 66' lang='lat' dir='ltr'><strong>Petrus</strong></span> 
     </span>
    </p>
   </div>
   <div class='ocr_carea' id='block_1_102' title="bbox 477 5651 2049 5724">
    <p class='ocr_par' dir='ltr' id='par_1_102' title="bbox 477 5651 2049 5724">
     <span class='ocr_line' id='line_1_102' title="bbox 477 5651 2049 5724; baseline -0.004 -17"><span class='ocrx_word' id='word_1_717' title='bbox 477 5651 661 5724; x_wconf 72' lang='lat' dir='ltr'><strong>priore</strong></span> <span class='ocrx_word' id='word_1_718' title='bbox 699 5657 922 5722; x_wconf 74' lang='lat' dir='ltr'><strong>epistola</strong></span> <span class='ocrx_word' id='word_1_719' title='bbox 974 5671 1093 5714; x_wconf 80' lang='lat' dir='ltr'><strong>sua,</strong></span> <span class='ocrx_word' id='word_1_720' title='bbox 1131 5670 1250 5719; x_wconf 78' lang='lat' dir='ltr'><strong>cup.</strong></span> <span class='ocrx_word' id='word_1_721' title='bbox 1292 5653 1344 5711; x_wconf 80' lang='lat'><strong>5.</strong></span> <span class='ocrx_word' id='word_1_722' title='bbox 1400 5651 1590 5719; x_wconf 69' lang='lat' dir='ltr'><strong>nempe</strong></span> <span class='ocrx_word' id='word_1_723' title='bbox 1628 5651 1938 5724; x_wconf 67' lang='lat' dir='ltr'><strong>Christunr</strong></span> <span class='ocrx_word' id='word_1_724' title='bbox 1967 5651 2049 5701; x_wconf 73' lang='lat' dir='ltr'><strong>his</strong></span> 
     </span>
    </p>
   </div>
   <div class='ocr_carea' id='block_1_103' title="bbox 478 5722 2048 5793">
    <p class='ocr_par' dir='ltr' id='par_1_103' title="bbox 478 5722 2048 5793">
     <span class='ocr_line' id='line_1_103' title="bbox 478 5722 2048 5793; baseline -0.008 -11"><span class='ocrx_word' id='word_1_725' title='bbox 478 5722 568 5793; x_wconf 71' lang='lat' dir='ltr'><strong>qui</strong></span> <span class='ocrx_word' id='word_1_726' title='bbox 635 5729 686 5778; x_wconf 89' lang='lat' dir='ltr'><strong>in</strong></span> <span class='ocrx_word' id='word_1_727' title='bbox 739 5742 957 5777; x_wconf 67' lang='lat' dir='ltr'><strong>carm-re</strong></span> <span class='ocrx_word' id='word_1_728' title='bbox 1004 5733 1161 5777; x_wconf 83' lang='lat' dir='ltr'><strong>erant</strong></span> <span class='ocrx_word' id='word_1_729' title='bbox 1216 5725 1535 5789; x_wconf 63' lang='lat' dir='ltr'><strong>prmio-asse</strong></span> <span class='ocrx_word' id='word_1_730' title='bbox 1590 5740 1600 5772; x_wconf 94' lang='lat'>:</span> <span class='ocrx_word' id='word_1_731' title='bbox 1653 5739 1719 5773; x_wconf 77' lang='lat' dir='ltr'><strong>ex</strong></span> <span class='ocrx_word' id='word_1_732' title='bbox 1769 5739 1877 5786; x_wconf 87' lang='lat' dir='ltr'><strong>quo</strong></span> <span class='ocrx_word' id='word_1_733' title='bbox 1931 5722 2048 5770; x_wconf 74' lang='lat' dir='ltr'><strong>loro</strong></span> 
     </span>
    </p>
   </div>
   <div class='ocr_carea' id='block_1_104' title="bbox 483 5793 2048 5860">
    <p class='ocr_par' dir='ltr' id='par_1_104' title="bbox 483 5793 2048 5860">
     <span class='ocr_line' id='line_1_104' title="bbox 483 5793 2048 5860; baseline -0.006 -6"><span class='ocrx_word' id='word_1_734' title='bbox 483 5796 792 5860; x_wconf 54' lang='lat' dir='ltr'><strong>suspicitur</strong></span> <span class='ocrx_word' id='word_1_735' title='bbox 845 5794 1254 5852; x_wconf 66' lang='lat' dir='ltr'><strong>Natianzenus.</strong></span> <span class='ocrx_word' id='word_1_736' title='bbox 1301 5795 1580 5848; x_wconf 77' lang='lat' dir='ltr'><strong>Christum</strong></span> <span class='ocrx_word' id='word_1_737' title='bbox 1636 5793 1706 5846; x_wconf 85' lang='lat' dir='ltr'><strong>ita</strong></span> <span class='ocrx_word' id='word_1_738' title='bbox 1756 5808 1878 5848; x_wconf 84' lang='lat' dir='ltr'><strong>cum</strong></span> <span class='ocrx_word' id='word_1_739' title='bbox 1919 5793 2048 5855; x_wconf 58' lang='lat' dir='ltr'><strong>ipsis</strong></span> 
     </span>
    </p>
   </div>
   <div class='ocr_carea' id='block_1_105' title="bbox 2160 4610 3741 4681">
    <p class='ocr_par' dir='ltr' id='par_1_105' title="bbox 2160 4610 3741 4681">
     <span class='ocr_line' id='line_1_105' title="bbox 2160 4610 3741 4681; baseline -0.004 -11"><span class='ocrx_word' id='word_1_740' title='bbox 2160 4616 2345 4675; x_wconf 84' lang='lat' dir='ltr'><strong>rebus.</strong></span> <span class='ocrx_word' id='word_1_741' title='bbox 2388 4625 2500 4668; x_wconf 89' lang='lat' dir='ltr'><strong>tum</strong></span> <span class='ocrx_word' id='word_1_742' title='bbox 2541 4614 2704 4668; x_wconf 89' lang='lat' dir='ltr'><strong>etiam</strong></span> <span class='ocrx_word' id='word_1_743' title='bbox 2743 4612 2989 4680; x_wconf 67' lang='lat' dir='ltr'><strong>inbelle</strong></span> <span class='ocrx_word' id='word_1_744' title='bbox 3026 4610 3172 4681; x_wconf 89' lang='lat' dir='ltr'><strong>quod</strong></span> <span class='ocrx_word' id='word_1_745' title='bbox 3205 4627 3351 4665; x_wconf 89' lang='lat' dir='ltr'><strong>nunc</strong></span> <span class='ocrx_word' id='word_1_746' title='bbox 3386 4626 3482 4678; x_wconf 91' lang='lat' dir='ltr'><strong>pro</strong></span> <span class='ocrx_word' id='word_1_747' title='bbox 3522 4627 3569 4680; x_wconf 66' lang='lat' dir='ltr'><strong>gi</strong></span> <span class='ocrx_word' id='word_1_748' title='bbox 3586 4610 3741 4668; x_wconf 81' lang='lat' dir='ltr'><strong>neris</strong></span> 
     </span>
    </p>
   </div>
   <div class='ocr_carea' id='block_1_106' title="bbox 2161 4703 3740 4774">
    <p class='ocr_par' dir='ltr' id='par_1_106' title="bbox 2161 4703 3740 4774">
     <span class='ocr_line' id='line_1_106' title="bbox 2161 4703 3740 4774; baseline -0.005 -12"><span class='ocrx_word' id='word_1_749' title='bbox 2161 4708 2380 4762; x_wconf 90' lang='lat' dir='ltr'><strong>humani</strong></span> <span class='ocrx_word' id='word_1_750' title='bbox 2411 4708 2587 4761; x_wconf 85' lang='lat' dir='ltr'><strong>salute</strong></span> <span class='ocrx_word' id='word_1_751' title='bbox 2616 4706 2884 4760; x_wconf 88' lang='lat' dir='ltr'><strong>adversus</strong></span> <span class='ocrx_word' id='word_1_752' title='bbox 2908 4704 3186 4759; x_wconf 88' lang='lat' dir='ltr'><strong>diabolum</strong></span> <span class='ocrx_word' id='word_1_753' title='bbox 3215 4704 3384 4774; x_wconf 83' lang='lat' dir='ltr'><strong>gessit</strong></span> <span class='ocrx_word' id='word_1_754' title='bbox 3409 4721 3424 4758; x_wconf 88' lang='lat'>:</span> <span class='ocrx_word' id='word_1_755' title='bbox 3449 4718 3512 4756; x_wconf 90' lang='lat' dir='ltr'><strong>ac</strong></span> <span class='ocrx_word' id='word_1_756' title='bbox 3537 4703 3740 4770; x_wconf 85' lang='lat' dir='ltr'><strong>duplex</strong></span> 
     </span>
    </p>
   </div>
   <div class='ocr_carea' id='block_1_107' title="bbox 2160 4793 3740 4868">
    <p class='ocr_par' dir='ltr' id='par_1_107' title="bbox 2160 4793 3740 4868">
     <span class='ocr_line' id='line_1_107' title="bbox 2160 4793 3740 4868; baseline -0.004 -16"><span class='ocrx_word' id='word_1_757' title='bbox 2160 4815 2482 4868; x_wconf 86' lang='lat' dir='ltr'><strong>responsum</strong></span> <span class='ocrx_word' id='word_1_758' title='bbox 2531 4797 2704 4862; x_wconf 90' lang='lat' dir='ltr'><strong>dabit,</strong></span> <span class='ocrx_word' id='word_1_759' title='bbox 2738 4797 2884 4850; x_wconf 92' lang='lat' dir='ltr'><strong>velut</strong></span> <span class='ocrx_word' id='word_1_760' title='bbox 2928 4807 3245 4850; x_wconf 90' lang='lat' dir='ltr'><strong>constanter</strong></span> <span class='ocrx_word' id='word_1_761' title='bbox 3287 4795 3341 4848; x_wconf 93' lang='lat' dir='ltr'><strong>in</strong></span> <span class='ocrx_word' id='word_1_762' title='bbox 3374 4795 3458 4849; x_wconf 89' lang='lat' dir='ltr'><strong>his</strong></span> <span class='ocrx_word' id='word_1_763' title='bbox 3491 4809 3612 4863; x_wconf 73' lang='lat' dir='ltr'><strong>qua:</strong></span> <span class='ocrx_word' id='word_1_764' title='bbox 3643 4793 3740 4846; x_wconf 57' lang='lat' dir='ltr'><strong>de.</strong></span> 
     </span>
    </p>
   </div>
   <div class='ocr_carea' id='block_1_108' title="bbox 2159 4887 3740 4961">
    <p class='ocr_par' dir='ltr' id='par_1_108' title="bbox 2159 4887 3740 4961">
     <span class='ocr_line' id='line_1_108' title="bbox 2159 4887 3740 4961; baseline -0.003 -16"><span class='ocrx_word' id='word_1_765' title='bbox 2159 4891 2350 4955; x_wconf 90' lang='lat' dir='ltr'><strong>crevit,</strong></span> <span class='ocrx_word' id='word_1_766' title='bbox 2385 4905 2734 4961; x_wconf 87' lang='lat' dir='ltr'><strong>permanens,</strong></span> <span class='ocrx_word' id='word_1_767' title='bbox 2764 4904 2830 4942; x_wconf 90' lang='lat' dir='ltr'><strong>ac</strong></span> <span class='ocrx_word' id='word_1_768' title='bbox 2861 4904 2960 4958; x_wconf 90' lang='lat' dir='ltr'><strong>per</strong></span> <span class='ocrx_word' id='word_1_769' title='bbox 2989 4887 3232 4956; x_wconf 86' lang='lat' dir='ltr'><strong>ejusdem</strong></span> <span class='ocrx_word' id='word_1_770' title='bbox 3271 4888 3542 4942; x_wconf 85' lang='lat' dir='ltr'><strong>sermonis</strong></span> <span class='ocrx_word' id='word_1_771' title='bbox 3587 4901 3740 4955; x_wconf 87' lang='lat' dir='ltr'><strong>repe-</strong></span> 
     </span>
    </p>
   </div>
   <div class='ocr_carea' id='block_1_109' title="bbox 2163 4979 3736 5049">
    <p class='ocr_par' dir='ltr' id='par_1_109' title="bbox 2163 4979 3736 5049">
     <span class='ocr_line' id='line_1_109' title="bbox 2163 4979 3736 5049; baseline -0.003 -13"><span class='ocrx_word' id='word_1_772' title='bbox 2163 4983 2409 5038; x_wconf 90' lang='lat' dir='ltr'><strong>titionem</strong></span> <span class='ocrx_word' id='word_1_773' title='bbox 2441 4984 2770 5037; x_wconf 84' lang='lat' dir='ltr'><strong>sententiam</strong></span> <span class='ocrx_word' id='word_1_774' title='bbox 2799 4997 2954 5037; x_wconf 89' lang='lat' dir='ltr'><strong>suam</strong></span> <span class='ocrx_word' id='word_1_775' title='bbox 2985 4979 3342 5042; x_wconf 87' lang='lat' dir='ltr'><strong>conﬁrmans,</strong></span> <span class='ocrx_word' id='word_1_776' title='bbox 3372 4980 3525 5049; x_wconf 85' lang='lat' dir='ltr'><strong>juxta</strong></span> <span class='ocrx_word' id='word_1_777' title='bbox 3557 4980 3685 5033; x_wconf 89' lang='lat' dir='ltr'><strong>ilhtd</strong></span> <span class='ocrx_word' id='word_1_778' title='bbox 3722 4997 3736 5032; x_wconf 90' lang='lat'><strong>:</strong></span> 
     </span>
    </p>
   </div>
   <div class='ocr_carea' id='block_1_110' title="bbox 2159 5073 3740 5144">
    <p class='ocr_par' dir='ltr' id='par_1_110' title="bbox 2159 5073 3740 5144">
     <span class='ocr_line' id='line_1_110' title="bbox 2159 5073 3740 5144; baseline -0.003 -16"><span class='ocrx_word' id='word_1_779' title='bbox 2159 5075 2225 5128; x_wconf 84' lang='lat' dir='ltr'><strong>In</strong></span> <span class='ocrx_word' id='word_1_780' title='bbox 2255 5085 2534 5144; x_wconf 80' lang='lat' dir='ltr'><strong>conspectu</strong></span> <span class='ocrx_word' id='word_1_781' title='bbox 2573 5077 2799 5127; x_wconf 84' lang='lat' dir='ltr'><strong>duorum</strong></span> <span class='ocrx_word' id='word_1_782' title='bbox 2831 5076 2908 5126; x_wconf 84' lang='lat' dir='ltr'><strong>vel</strong></span> <span class='ocrx_word' id='word_1_783' title='bbox 2949 5075 3109 5126; x_wconf 85' lang='lat' dir='ltr'><strong>trium</strong></span> <span class='ocrx_word' id='word_1_784' title='bbox 3152 5075 3365 5127; x_wconf 75' lang='lat' dir='ltr'><strong>testium</strong></span> <span class='ocrx_word' id='word_1_785' title='bbox 3396 5073 3558 5127; x_wconf 77' lang='lat' dir='ltr'><strong>stabit</strong></span> <span class='ocrx_word' id='word_1_786' title='bbox 3589 5089 3740 5125; x_wconf 86' lang='lat' dir='ltr'><strong>omne</strong></span> 
     </span>
    </p>
   </div>
   <div class='ocr_carea' id='block_1_111' title="bbox 2160 5162 3735 5234">
    <p class='ocr_par' dir='ltr' id='par_1_111' title="bbox 2160 5162 3735 5234">
     <span class='ocr_line' id='line_1_111' title="bbox 2160 5162 3735 5234; baseline -0.004 -16"><span class='ocrx_word' id='word_1_787' title='bbox 2160 5166 2365 5218; x_wconf 78' lang='lat' dir='ltr'><strong>verbum</strong></span> <span class='ocrx_word' id='word_1_788' title='bbox 2398 5167 2464 5220; x_wconf 80' lang='lat'><strong>&quot;.</strong></span> <span class='ocrx_word' id='word_1_789' title='bbox 2501 5166 2675 5234; x_wconf 81' lang='lat' dir='ltr'><strong>Atque</strong></span> <span class='ocrx_word' id='word_1_790' title='bbox 2711 5166 2782 5217; x_wconf 86' lang='lat' dir='ltr'><strong>ita</strong></span> <span class='ocrx_word' id='word_1_791' title='bbox 2823 5165 2935 5218; x_wconf 68' lang='lat' dir='ltr'><strong>haec</strong></span> <span class='ocrx_word' id='word_1_792' title='bbox 2971 5163 3246 5216; x_wconf 90' lang='lat' dir='ltr'><strong>humiliori</strong></span> <span class='ocrx_word' id='word_1_793' title='bbox 3295 5179 3458 5216; x_wconf 87' lang='lat' dir='ltr'><strong>sensu</strong></span> <span class='ocrx_word' id='word_1_794' title='bbox 3513 5162 3735 5230; x_wconf 85' lang='lat' dir='ltr'><strong>intelligi</strong></span> 
     </span>
    </p>
   </div>
   <div class='ocr_carea' id='block_1_112' title="bbox 2161 5256 3736 5328">
    <p class='ocr_par' dir='ltr' id='par_1_112' title="bbox 2161 5256 3736 5328">
     <span class='ocr_line' id='line_1_112' title="bbox 2161 5256 3736 5328; baseline 0 -18"><span class='ocrx_word' id='word_1_795' title='bbox 2161 5269 2434 5328; x_wconf 79' lang='lat' dir='ltr'><strong>poterunt.</strong></span> <span class='ocrx_word' id='word_1_796' title='bbox 2476 5259 2646 5312; x_wconf 75' lang='lat' dir='ltr'><strong>Aliter</strong></span> <span class='ocrx_word' id='word_1_797' title='bbox 2695 5258 2882 5320; x_wconf 85' lang='lat' dir='ltr'><strong>etiam,</strong></span> <span class='ocrx_word' id='word_1_798' title='bbox 2927 5273 3021 5326; x_wconf 85' lang='lat' dir='ltr'><strong>per</strong></span> <span class='ocrx_word' id='word_1_799' title='bbox 3068 5256 3293 5324; x_wconf 80' lang='lat' dir='ltr'><strong>angelos</strong></span> <span class='ocrx_word' id='word_1_800' title='bbox 3343 5266 3736 5325; x_wconf 77' lang='lat' dir='ltr'><strong>prosequentes</strong></span> 
     </span>
    </p>
   </div>
   <div class='ocr_carea' id='block_1_113' title="bbox 2131 5415 3194 5484">
    <p class='ocr_par' dir='ltr' id='par_1_113' title="bbox 2131 5415 3194 5484">
     <span class='ocr_line' id='line_1_113' title="bbox 2131 5415 3194 5484; baseline -0.005 -10"><span class='ocrx_word' id='word_1_801' title='bbox 2131 5419 2178 5452; x_wconf 79' lang='grc'>⁸⁸</span> <span class='ocrx_word' id='word_1_802' title='bbox 2213 5421 2368 5474; x_wconf 73' lang='lat' dir='ltr'><strong>Deut.</strong></span> <span class='ocrx_word' id='word_1_803' title='bbox 2422 5435 2552 5484; x_wconf 79' lang='lat' dir='ltr'><strong>xvn,</strong></span> <span class='ocrx_word' id='word_1_804' title='bbox 2587 5421 2652 5482; x_wconf 80' lang='lat'><strong>6;</strong></span> <span class='ocrx_word' id='word_1_805' title='bbox 2688 5417 2881 5472; x_wconf 74' lang='lat' dir='ltr'><strong>Matth.</strong></span> <span class='ocrx_word' id='word_1_806' title='bbox 2917 5434 3069 5480; x_wconf 82' lang='lat' dir='ltr'><strong>xvnt,</strong></span> <span class='ocrx_word' id='word_1_807' title='bbox 3107 5415 3194 5470; x_wconf 84' lang='lat' dir='ltr'><strong>lG.</strong></span> 
     </span>
    </p>
   </div>
   <div class='ocr_carea' id='block_1_114' title="bbox 2158 5573 3738 5643">
    <p class='ocr_par' dir='ltr' id='par_1_114' title="bbox 2158 5573 3738 5643">
     <span class='ocr_line' id='line_1_114' title="bbox 2158 5573 3738 5643; baseline -0.001 -16"><span class='ocrx_word' id='word_1_808' title='bbox 2158 5581 2355 5643; x_wconf 65' lang='lat' dir='ltr'><strong>egisse,</strong></span> <span class='ocrx_word' id='word_1_809' title='bbox 2405 5589 2462 5630; x_wconf 89' lang='lat' dir='ltr'><strong>nt</strong></span> <span class='ocrx_word' id='word_1_810' title='bbox 2509 5595 2602 5628; x_wconf 73' lang='lat' dir='ltr'><strong>eos</strong></span> <span class='ocrx_word' id='word_1_811' title='bbox 2652 5577 2902 5640; x_wconf 74' lang='lat' dir='ltr'><strong>quidem.</strong></span> <span class='ocrx_word' id='word_1_812' title='bbox 2953 5577 3044 5638; x_wconf 82' lang='lat' dir='ltr'><strong>qui</strong></span> <span class='ocrx_word' id='word_1_813' title='bbox 3093 5575 3157 5626; x_wconf 83' lang='lat' dir='ltr'><strong>ad</strong></span> <span class='ocrx_word' id='word_1_814' title='bbox 3212 5573 3388 5640; x_wconf 83' lang='lat' dir='ltr'><strong>ipsius</strong></span> <span class='ocrx_word' id='word_1_815' title='bbox 3444 5574 3738 5628; x_wconf 75' lang='lat' dir='ltr'><strong>adventum</strong></span> 
     </span>
    </p>
   </div>
   <div class='ocr_carea' id='block_1_115' title="bbox 2163 5646 3740 5716">
    <p class='ocr_par' dir='ltr' id='par_1_115' title="bbox 2163 5646 3740 5716">
     <span class='ocr_line' id='line_1_115' title="bbox 2163 5646 3740 5716; baseline -0.006 -14"><span class='ocrx_word' id='word_1_816' title='bbox 2163 5656 2322 5702; x_wconf 83' lang='lat' dir='ltr'><strong>iidem</strong></span> <span class='ocrx_word' id='word_1_817' title='bbox 2356 5651 2585 5716; x_wconf 72' lang='lat' dir='ltr'><strong>anqih-xi</strong></span> <span class='ocrx_word' id='word_1_818' title='bbox 2619 5658 2768 5711; x_wconf 84' lang='lat' dir='ltr'><strong>sunt,</strong></span> <span class='ocrx_word' id='word_1_819' title='bbox 2799 5649 2850 5698; x_wconf 92' lang='lat' dir='ltr'><strong>in</strong></span> <span class='ocrx_word' id='word_1_820' title='bbox 2886 5647 3085 5701; x_wconf 80' lang='lat' dir='ltr'><strong>C(elnm</strong></span> <span class='ocrx_word' id='word_1_821' title='bbox 3116 5646 3333 5699; x_wconf 83' lang='lat' dir='ltr'><strong>duxerit</strong></span> <span class='ocrx_word' id='word_1_822' title='bbox 3359 5664 3376 5702; x_wconf 89' lang='lat'><strong>:</strong></span> <span class='ocrx_word' id='word_1_823' title='bbox 3405 5663 3498 5698; x_wconf 81' lang='lat' dir='ltr'><strong>eos</strong></span> <span class='ocrx_word' id='word_1_824' title='bbox 3535 5654 3740 5716; x_wconf 61' lang='lat' dir='ltr'><strong>autem,</strong></span> 
     </span>
    </p>
   </div>
   <div class='ocr_carea' id='block_1_116' title="bbox 2159 5715 3738 5790">
    <p class='ocr_par' dir='ltr' id='par_1_116' title="bbox 2159 5715 3738 5790">
     <span class='ocr_line' id='line_1_116' title="bbox 2159 5715 3738 5790; baseline -0.003 -18"><span class='ocrx_word' id='word_1_825' title='bbox 2159 5723 2249 5788; x_wconf 89' lang='lat' dir='ltr'><strong>qui</strong></span> <span class='ocrx_word' id='word_1_826' title='bbox 2303 5715 2458 5774; x_wconf 61' lang='lat' dir='ltr'><strong>litlettt</strong></span> <span class='ocrx_word' id='word_1_827' title='bbox 2512 5721 2612 5790; x_wconf 83' lang='lat' dir='ltr'><strong>ipsi</strong></span> <span class='ocrx_word' id='word_1_828' title='bbox 2668 5720 2872 5774; x_wconf 70' lang='lat' dir='ltr'><strong>habere</strong></span> <span class='ocrx_word' id='word_1_829' title='bbox 2917 5718 3206 5772; x_wconf 80' lang='lat' dir='ltr'><strong>noluerunt</strong></span> <span class='ocrx_word' id='word_1_830' title='bbox 3283 5717 3336 5770; x_wconf 91' lang='lat' dir='ltr'><strong>in</strong></span> <span class='ocrx_word' id='word_1_831' title='bbox 3391 5717 3567 5786; x_wconf 68' lang='lat' dir='ltr'><strong>pinnis</strong></span> <span class='ocrx_word' id='word_1_832' title='bbox 3609 5715 3738 5774; x_wconf 52' lang='lat' dir='ltr'><strong>relic</strong></span> 
     </span>
    </p>
   </div>
   <div class='ocr_carea' id='block_1_117' title="bbox 2157 5801 2359 5854">
    <p class='ocr_par' dir='ltr' id='par_1_117' title="bbox 2157 5801 2359 5854">
     <span class='ocr_line' id='line_1_117' title="bbox 2157 5801 2359 5854; baseline -0.01 -10"><span class='ocrx_word' id='word_1_833' title='bbox 2157 5801 2359 5854; x_wconf 81' lang='lat' dir='ltr'><strong>quct&#39;tt.</strong></span> 
     </span>
    </p>
   </div>
  </div>
