  <div class='ocr_page' id='page_1' title='image "/cluster/home/n/w/nwhite01/storage/ocr_20150623/127/coo.31924054870328/708.png"; bbox 0 0 4116 6424; ppageno 0'>
   <div class='ocr_carea' id='block_1_1' title="bbox 350 417 489 483">
    <p class='ocr_par' dir='ltr' id='par_1_1' title="bbox 350 417 489 483">
     <span class='ocr_line' id='line_1_1' title="bbox 350 417 489 483; baseline 0.029 -4"><span class='ocrx_word' id='word_1_1' title='bbox 350 417 489 483; x_wconf 77' lang='lat' dir='ltr'><strong>MOI</strong></span> 
     </span>
    </p>
   </div>
   <div class='ocr_carea' id='block_1_2' title="bbox 1273 424 2588 491">
    <p class='ocr_par' dir='ltr' id='par_1_2' title="bbox 1273 424 2588 491">
     <span class='ocr_line' id='line_1_2' title="bbox 1273 424 2588 491; baseline 0.005 -6"><span class='ocrx_word' id='word_1_2' title='bbox 1273 425 1602 487; x_wconf 84' lang='lat' dir='ltr'><strong>NICETAS</strong></span> <span class='ocrx_word' id='word_1_3' title='bbox 1647 427 1731 488; x_wconf 89' lang='grc' dir='ltr'><strong>ΙΝ</strong></span> <span class='ocrx_word' id='word_1_4' title='bbox 1772 424 1998 486; x_wconf 82' lang='lat' dir='ltr'><strong>ORAT.</strong></span> <span class='ocrx_word' id='word_1_5' title='bbox 2041 425 2206 486; x_wconf 75' lang='lat' dir='ltr'><strong>XLII</strong></span> <span class='ocrx_word' id='word_1_6' title='bbox 2247 427 2316 489; x_wconf 88' lang='lat' dir='ltr'><strong>S.</strong></span> <span class='ocrx_word' id='word_1_7' title='bbox 2352 427 2588 491; x_wconf 80' lang='lat' dir='ltr'>GREG.</span> 
     </span>
    </p>
   </div>
   <div class='ocr_carea' id='block_1_3' title="bbox 3482 435 3625 500">
    <p class='ocr_par' dir='ltr' id='par_1_3' title="bbox 3482 435 3625 500">
     <span class='ocr_line' id='line_1_3' title="bbox 3482 435 3625 500; baseline -0.021 0"><span class='ocrx_word' id='word_1_8' title='bbox 3482 435 3625 500; x_wconf 70' lang='grc'><strong>1402</strong></span> 
     </span>
    </p>
   </div>
   <div class='ocr_carea' id='block_1_4' title="bbox 349 519 3621 617">
    <p class='ocr_par' dir='ltr' id='par_1_4' title="bbox 349 519 3621 617">
     <span class='ocr_line' id='line_1_4' title="bbox 349 519 3621 617; baseline 0.005 -31"><span class='ocrx_word' id='word_1_9' title='bbox 349 531 551 586; x_wconf 76' lang='lat' dir='ltr'><strong>divina:</strong></span> <span class='ocrx_word' id='word_1_10' title='bbox 578 532 939 588; x_wconf 69' lang='lat' dir='ltr'><strong>Providentia:</strong></span> <span class='ocrx_word' id='word_1_11' title='bbox 972 519 1218 589; x_wconf 76' lang='lat' dir='ltr'><strong>d6ctrina</strong></span> <span class='ocrx_word' id='word_1_12' title='bbox 1253 537 1547 604; x_wconf 78' lang='lat' dir='ltr'><strong>signiﬁcari</strong></span> <span class='ocrx_word' id='word_1_13' title='bbox 1599 548 1798 607; x_wconf 76' lang='lat' dir='ltr'><strong>pulest,</strong></span> <span class='ocrx_word' id='word_1_14' title='bbox 1833 553 1927 604; x_wconf 83' lang='lat' dir='ltr'><strong>per</strong></span> <span class='ocrx_word' id='word_1_15' title='bbox 1955 544 2000 596; x_wconf 75' lang='grc' dir='ltr'>Α</span> <span class='ocrx_word' id='word_1_16' title='bbox 2035 538 2230 605; x_wconf 78' lang='lat' dir='ltr'><strong>partim</strong></span> <span class='ocrx_word' id='word_1_17' title='bbox 2276 551 2347 593; x_wconf 84' lang='lat' dir='ltr'><strong>ou</strong></span> <span class='ocrx_word' id='word_1_18' title='bbox 2392 540 2736 595; x_wconf 77' lang='lat' dir='ltr'><strong>divinitatem</strong></span> <span class='ocrx_word' id='word_1_19' title='bbox 2762 583 2774 602; x_wconf 92' lang='lat'><strong>,</strong></span> <span class='ocrx_word' id='word_1_20' title='bbox 2825 557 2923 611; x_wconf 87' lang='lat' dir='ltr'><strong>per</strong></span> <span class='ocrx_word' id='word_1_21' title='bbox 2966 556 3132 612; x_wconf 88' lang='lat' dir='ltr'><strong>quam</strong></span> <span class='ocrx_word' id='word_1_22' title='bbox 3183 544 3457 602; x_wconf 84' lang='lat' dir='ltr'><strong>illustrata</strong></span> <span class='ocrx_word' id='word_1_23' title='bbox 3499 562 3621 617; x_wconf 73' lang='grc' dir='ltr'><strong>ρει,</strong></span> 
     </span>
    </p>
   </div>
   <div class='ocr_carea' id='block_1_5' title="bbox 346 623 1925 698">
    <p class='ocr_par' dir='ltr' id='par_1_5' title="bbox 346 623 1925 698">
     <span class='ocr_line' id='line_1_5' title="bbox 346 623 1925 698; baseline 0.004 -22"><span class='ocrx_word' id='word_1_24' title='bbox 346 623 707 692; x_wconf 75' lang='lat' dir='ltr'><strong>suscipientes</strong></span> <span class='ocrx_word' id='word_1_25' title='bbox 737 636 939 689; x_wconf 85' lang='lat' dir='ltr'><strong>autem,</strong></span> <span class='ocrx_word' id='word_1_26' title='bbox 973 627 1222 681; x_wconf 88' lang='lat' dir='ltr'><strong>doctrina</strong></span> <span class='ocrx_word' id='word_1_27' title='bbox 1253 628 1576 693; x_wconf 74' lang='lat' dir='ltr'><strong>divinitatis,</strong></span> <span class='ocrx_word' id='word_1_28' title='bbox 1612 646 1706 698; x_wconf 79' lang='lat' dir='ltr'><strong>per</strong></span> <span class='ocrx_word' id='word_1_29' title='bbox 1737 645 1925 683; x_wconf 64' lang='lat' dir='ltr'><strong>asccn~</strong></span> 
     </span>
    </p>
   </div>
   <div class='ocr_carea' id='block_1_6' title="bbox 347 719 1927 790">
    <p class='ocr_par' dir='ltr' id='par_1_6' title="bbox 347 719 1927 790">
     <span class='ocr_line' id='line_1_6' title="bbox 347 719 1927 790; baseline 0.003 -21"><span class='ocrx_word' id='word_1_30' title='bbox 347 731 469 769; x_wconf 86' lang='lat' dir='ltr'><strong>sum</strong></span> <span class='ocrx_word' id='word_1_31' title='bbox 499 726 680 770; x_wconf 84' lang='lat' dir='ltr'><strong>autem</strong></span> <span class='ocrx_word' id='word_1_32' title='bbox 711 734 739 769; x_wconf 86' lang='lat' dir='ltr'><strong>a</strong></span> <span class='ocrx_word' id='word_1_33' title='bbox 776 728 915 771; x_wconf 89' lang='lat' dir='ltr'><strong>terra</strong></span> <span class='ocrx_word' id='word_1_34' title='bbox 948 719 1000 772; x_wconf 92' lang='lat' dir='ltr'><strong>in</strong></span> <span class='ocrx_word' id='word_1_35' title='bbox 1034 720 1268 784; x_wconf 73' lang='lat' dir='ltr'><strong>cadum,</strong></span> <span class='ocrx_word' id='word_1_36' title='bbox 1303 724 1502 773; x_wconf 84' lang='lat' dir='ltr'><strong>mentis</strong></span> <span class='ocrx_word' id='word_1_37' title='bbox 1534 739 1561 773; x_wconf 90' lang='lat' dir='ltr'><strong>a</strong></span> <span class='ocrx_word' id='word_1_38' title='bbox 1594 721 1927 790; x_wconf 81' lang='lat' dir='ltr'><strong>cogitatione</strong></span> 
     </span>
    </p>
   </div>
   <div class='ocr_carea' id='block_1_7' title="bbox 348 807 1924 878">
    <p class='ocr_par' dir='ltr' id='par_1_7' title="bbox 348 807 1924 878">
     <span class='ocr_line' id='line_1_7' title="bbox 348 807 1924 878; baseline 0.003 -18"><span class='ocrx_word' id='word_1_39' title='bbox 348 807 711 861; x_wconf 81' lang='lat' dir='ltr'><strong>humanitatis</strong></span> <span class='ocrx_word' id='word_1_40' title='bbox 734 808 935 864; x_wconf 83' lang='lat' dir='ltr'><strong>Christi</strong></span> <span class='ocrx_word' id='word_1_41' title='bbox 961 812 1025 864; x_wconf 89' lang='lat' dir='ltr'><strong>ad</strong></span> <span class='ocrx_word' id='word_1_42' title='bbox 1054 810 1300 878; x_wconf 85' lang='lat' dir='ltr'><strong>ejusdem</strong></span> <span class='ocrx_word' id='word_1_43' title='bbox 1333 812 1670 865; x_wconf 69' lang='lat' dir='ltr'><strong>divinitatum</strong></span> <span class='ocrx_word' id='word_1_44' title='bbox 1699 814 1924 877; x_wconf 72' lang='lat' dir='ltr'><strong>erectio,</strong></span> 
     </span>
    </p>
   </div>
   <div class='ocr_carea' id='block_1_8' title="bbox 346 898 1928 971">
    <p class='ocr_par' dir='ltr' id='par_1_8' title="bbox 346 898 1928 971">
     <span class='ocr_line' id='line_1_8' title="bbox 346 898 1928 971; baseline 0.005 -21"><span class='ocrx_word' id='word_1_45' title='bbox 346 905 512 965; x_wconf 85' lang='lat' dir='ltr'><strong>atque</strong></span> <span class='ocrx_word' id='word_1_46' title='bbox 551 898 619 952; x_wconf 91' lang='lat' dir='ltr'><strong>ab</strong></span> <span class='ocrx_word' id='word_1_47' title='bbox 660 900 877 954; x_wconf 84' lang='lat' dir='ltr'><strong>actione</strong></span> <span class='ocrx_word' id='word_1_48' title='bbox 912 900 978 955; x_wconf 88' lang='lat' dir='ltr'><strong>ad</strong></span> <span class='ocrx_word' id='word_1_49' title='bbox 1016 903 1450 971; x_wconf 83' lang='lat' dir='ltr'><strong>speculationem</strong></span> <span class='ocrx_word' id='word_1_50' title='bbox 1496 905 1729 957; x_wconf 81' lang='lat' dir='ltr'><strong>evectio.</strong></span> <span class='ocrx_word' id='word_1_51' title='bbox 1766 902 1928 968; x_wconf 85' lang='lat' dir='ltr'><strong>Quis-</strong></span> 
     </span>
    </p>
   </div>
   <div class='ocr_carea' id='block_1_9' title="bbox 343 988 1926 1064">
    <p class='ocr_par' dir='ltr' id='par_1_9' title="bbox 343 988 1926 1064">
     <span class='ocr_line' id='line_1_9' title="bbox 343 988 1926 1064; baseline 0.006 -24"><span class='ocrx_word' id='word_1_52' title='bbox 343 989 470 1057; x_wconf 85' lang='lat' dir='ltr'><strong>quis</strong></span> <span class='ocrx_word' id='word_1_53' title='bbox 506 988 670 1059; x_wconf 78' lang='lat' dir='ltr'><strong>igitur</strong></span> <span class='ocrx_word' id='word_1_54' title='bbox 699 1006 794 1060; x_wconf 90' lang='lat' dir='ltr'><strong>per</strong></span> <span class='ocrx_word' id='word_1_55' title='bbox 822 991 1123 1059; x_wconf 80' lang='lat' dir='ltr'><strong>spiritalem</strong></span> <span class='ocrx_word' id='word_1_56' title='bbox 1158 994 1441 1048; x_wconf 82' lang='lat' dir='ltr'><strong>scientiam</strong></span> <span class='ocrx_word' id='word_1_57' title='bbox 1478 996 1543 1048; x_wconf 88' lang='lat' dir='ltr'><strong>ad</strong></span> <span class='ocrx_word' id='word_1_58' title='bbox 1575 997 1926 1064; x_wconf 70' lang='lat' dir='ltr'><strong>providentia:</strong></span> 
     </span>
    </p>
   </div>
   <div class='ocr_carea' id='block_1_10' title="bbox 340 1080 1922 1154">
    <p class='ocr_par' dir='ltr' id='par_1_10' title="bbox 340 1080 1922 1154">
     <span class='ocr_line' id='line_1_10' title="bbox 340 1080 1922 1154; baseline 0.004 -21"><span class='ocrx_word' id='word_1_59' title='bbox 340 1080 672 1139; x_wconf 83' lang='lat' dir='ltr'><strong>doctrinam.</strong></span> <span class='ocrx_word' id='word_1_60' title='bbox 720 1094 987 1150; x_wconf 88' lang='lat' dir='ltr'><strong>quantmn</strong></span> <span class='ocrx_word' id='word_1_61' title='bbox 1033 1083 1204 1153; x_wconf 86' lang='lat' dir='ltr'><strong>ipsius</strong></span> <span class='ocrx_word' id='word_1_62' title='bbox 1251 1084 1395 1139; x_wconf 89' lang='lat' dir='ltr'><strong>vires</strong></span> <span class='ocrx_word' id='word_1_63' title='bbox 1431 1085 1633 1151; x_wconf 83' lang='lat' dir='ltr'><strong>ferunt,</strong></span> <span class='ocrx_word' id='word_1_64' title='bbox 1686 1086 1922 1154; x_wconf 71' lang='lat' dir='ltr'><strong>trajecit,</strong></span> 
     </span>
    </p>
   </div>
   <div class='ocr_carea' id='block_1_11' title="bbox 339 1173 1924 1247">
    <p class='ocr_par' dir='ltr' id='par_1_11' title="bbox 339 1173 1924 1247">
     <span class='ocr_line' id='line_1_11' title="bbox 339 1173 1924 1247; baseline 0.004 -21"><span class='ocrx_word' id='word_1_65' title='bbox 339 1175 412 1226; x_wconf 87' lang='lat' dir='ltr'><strong>ab</strong></span> <span class='ocrx_word' id='word_1_66' title='bbox 460 1185 522 1226; x_wconf 88' lang='lat' dir='ltr'><strong>ea</strong></span> <span class='ocrx_word' id='word_1_67' title='bbox 573 1173 639 1226; x_wconf 85' lang='lat' dir='ltr'><strong>ad</strong></span> <span class='ocrx_word' id='word_1_68' title='bbox 691 1174 992 1230; x_wconf 84' lang='lat' dir='ltr'><strong>divinitatis</strong></span> <span class='ocrx_word' id='word_1_69' title='bbox 1039 1176 1345 1230; x_wconf 82' lang='lat' dir='ltr'><strong>doctrinam</strong></span> <span class='ocrx_word' id='word_1_70' title='bbox 1396 1178 1669 1241; x_wconf 82' lang='lat' dir='ltr'><strong>evehitur,</strong></span> <span class='ocrx_word' id='word_1_71' title='bbox 1723 1181 1924 1247; x_wconf 79' lang='lat' dir='ltr'><strong>grada-</strong></span> 
     </span>
    </p>
   </div>
   <div class='ocr_carea' id='block_1_12' title="bbox 343 1265 1920 1340">
    <p class='ocr_par' dir='ltr' id='par_1_12' title="bbox 343 1265 1920 1340">
     <span class='ocr_line' id='line_1_12' title="bbox 343 1265 1920 1340; baseline 0.006 -22"><span class='ocrx_word' id='word_1_72' title='bbox 343 1265 554 1335; x_wconf 87' lang='lat' dir='ltr'><strong>timque</strong></span> <span class='ocrx_word' id='word_1_73' title='bbox 581 1269 997 1322; x_wconf 86' lang='lat' dir='ltr'><strong>conscendendo</strong></span> <span class='ocrx_word' id='word_1_74' title='bbox 1031 1269 1380 1324; x_wconf 88' lang='lat' dir='ltr'><strong>snhlimiores</strong></span> <span class='ocrx_word' id='word_1_75' title='bbox 1411 1272 1607 1325; x_wconf 70' lang='lat' dir='ltr'><strong>animm</strong></span> <span class='ocrx_word' id='word_1_76' title='bbox 1641 1282 1824 1340; x_wconf 88' lang='lat' dir='ltr'><strong>portas</strong></span> <span class='ocrx_word' id='word_1_77' title='bbox 1854 1275 1920 1328; x_wconf 78' lang='lat' dir='ltr'><strong>ad</strong></span> 
     </span>
    </p>
   </div>
   <div class='ocr_carea' id='block_1_13' title="bbox 343 1359 1922 1436">
    <p class='ocr_par' dir='ltr' id='par_1_13' title="bbox 343 1359 1922 1436">
     <span class='ocr_line' id='line_1_13' title="bbox 343 1359 1922 1436; baseline 0.006 -23"><span class='ocrx_word' id='word_1_78' title='bbox 343 1359 588 1429; x_wconf 80' lang='lat' dir='ltr'><strong>supremi</strong></span> <span class='ocrx_word' id='word_1_79' title='bbox 625 1375 689 1415; x_wconf 86' lang='lat' dir='ltr'><strong>ac</strong></span> <span class='ocrx_word' id='word_1_80' title='bbox 730 1360 898 1415; x_wconf 88' lang='lat' dir='ltr'><strong>divini</strong></span> <span class='ocrx_word' id='word_1_81' title='bbox 951 1362 1109 1417; x_wconf 83' lang='lat' dir='ltr'><strong>Verbi</strong></span> <span class='ocrx_word' id='word_1_82' title='bbox 1158 1364 1535 1432; x_wconf 81' lang='lat' dir='ltr'><strong>exceptionem</strong></span> <span class='ocrx_word' id='word_1_83' title='bbox 1572 1363 1722 1431; x_wconf 83' lang='lat' dir='ltr'><strong>facit,</strong></span> <span class='ocrx_word' id='word_1_84' title='bbox 1758 1377 1922 1436; x_wconf 88' lang='lat' dir='ltr'><strong>atque</strong></span> 
     </span>
    </p>
   </div>
   <div class='ocr_carea' id='block_1_14' title="bbox 337 1450 1919 1523">
    <p class='ocr_par' dir='ltr' id='par_1_14' title="bbox 337 1450 1919 1523">
     <span class='ocr_line' id='line_1_14' title="bbox 337 1450 1919 1523; baseline 0.006 -18"><span class='ocrx_word' id='word_1_85' title='bbox 337 1450 409 1505; x_wconf 83' lang='lat' dir='ltr'><strong>ah</strong></span> <span class='ocrx_word' id='word_1_86' title='bbox 438 1450 781 1507; x_wconf 86' lang='lat' dir='ltr'><strong>humanitate</strong></span> <span class='ocrx_word' id='word_1_87' title='bbox 805 1452 1007 1509; x_wconf 87' lang='lat' dir='ltr'><strong>Christi</strong></span> <span class='ocrx_word' id='word_1_88' title='bbox 1039 1454 1105 1508; x_wconf 87' lang='lat' dir='ltr'><strong>ad</strong></span> <span class='ocrx_word' id='word_1_89' title='bbox 1139 1456 1506 1523; x_wconf 86' lang='lat' dir='ltr'><strong>divinitatem,</strong></span> <span class='ocrx_word' id='word_1_90' title='bbox 1536 1459 1683 1513; x_wconf 85' lang='lat' dir='ltr'><strong>velut</strong></span> <span class='ocrx_word' id='word_1_91' title='bbox 1712 1475 1741 1514; x_wconf 92' lang='lat' dir='ltr'><strong>a</strong></span> <span class='ocrx_word' id='word_1_92' title='bbox 1777 1471 1919 1514; x_wconf 87' lang='lat' dir='ltr'><strong>terra</strong></span> 
     </span>
    </p>
   </div>
   <div class='ocr_carea' id='block_1_15' title="bbox 336 1542 1918 1620">
    <p class='ocr_par' dir='ltr' id='par_1_15' title="bbox 336 1542 1918 1620">
     <span class='ocr_line' id='line_1_15' title="bbox 336 1542 1918 1620; baseline 0.006 -23"><span class='ocrx_word' id='word_1_93' title='bbox 336 1542 393 1597; x_wconf 83' lang='lat' dir='ltr'><strong>in</strong></span> <span class='ocrx_word' id='word_1_94' title='bbox 417 1544 616 1599; x_wconf 69' lang='lat' dir='ltr'><strong>caelum</strong></span> <span class='ocrx_word' id='word_1_95' title='bbox 645 1545 863 1614; x_wconf 83' lang='lat' dir='ltr'><strong>migrat,</strong></span> <span class='ocrx_word' id='word_1_96' title='bbox 889 1555 943 1601; x_wconf 91' lang='lat' dir='ltr'><strong>et</strong></span> <span class='ocrx_word' id='word_1_97' title='bbox 971 1547 1038 1602; x_wconf 89' lang='lat' dir='ltr'><strong>ab</strong></span> <span class='ocrx_word' id='word_1_98' title='bbox 1066 1548 1281 1603; x_wconf 88' lang='lat' dir='ltr'><strong>actione</strong></span> <span class='ocrx_word' id='word_1_99' title='bbox 1309 1549 1376 1603; x_wconf 91' lang='lat' dir='ltr'><strong>ad</strong></span> <span class='ocrx_word' id='word_1_100' title='bbox 1405 1552 1918 1620; x_wconf 86' lang='lat' dir='ltr'><strong>contemplationem</strong></span> 
     </span>
    </p>
   </div>
   <div class='ocr_carea' id='block_1_16' title="bbox 336 1636 1920 1699">
    <p class='ocr_par' dir='ltr' id='par_1_16' title="bbox 336 1636 1920 1699">
     <span class='ocr_line' id='line_1_16' title="bbox 336 1636 1920 1699; baseline 0.005 -8"><span class='ocrx_word' id='word_1_101' title='bbox 336 1636 615 1699; x_wconf 79' lang='lat' dir='ltr'><strong>ascendit,</strong></span> <span class='ocrx_word' id='word_1_102' title='bbox 656 1651 721 1690; x_wconf 90' lang='lat' dir='ltr'><strong>ac</strong></span> <span class='ocrx_word' id='word_1_103' title='bbox 759 1652 884 1692; x_wconf 92' lang='lat' dir='ltr'><strong>eum</strong></span> <span class='ocrx_word' id='word_1_104' title='bbox 935 1638 1119 1693; x_wconf 90' lang='lat' dir='ltr'><strong>divino</strong></span> <span class='ocrx_word' id='word_1_105' title='bbox 1170 1639 1347 1695; x_wconf 87' lang='lat' dir='ltr'><strong>Verbo</strong></span> <span class='ocrx_word' id='word_1_106' title='bbox 1399 1657 1619 1698; x_wconf 88' lang='lat' dir='ltr'><strong>sursum</strong></span> <span class='ocrx_word' id='word_1_107' title='bbox 1672 1644 1920 1699; x_wconf 86' lang='lat' dir='ltr'><strong>trahente</strong></span> 
     </span>
    </p>
   </div>
   <div class='ocr_carea' id='block_1_17' title="bbox 335 1727 1916 1805">
    <p class='ocr_par' dir='ltr' id='par_1_17' title="bbox 335 1727 1916 1805">
     <span class='ocr_line' id='line_1_17' title="bbox 335 1727 1916 1805; baseline 0.005 -21"><span class='ocrx_word' id='word_1_108' title='bbox 335 1729 503 1784; x_wconf 82' lang='lat' dir='ltr'><strong>simul</strong></span> <span class='ocrx_word' id='word_1_109' title='bbox 548 1729 835 1784; x_wconf 85' lang='lat' dir='ltr'><strong>attollitur.</strong></span> <span class='ocrx_word' id='word_1_110' title='bbox 871 1727 1053 1800; x_wconf 84' lang='lat' dir='ltr'><strong>Atque</strong></span> <span class='ocrx_word' id='word_1_111' title='bbox 1100 1733 1165 1785; x_wconf 86' lang='lat' dir='ltr'><strong>ad</strong></span> <span class='ocrx_word' id='word_1_112' title='bbox 1212 1733 1355 1788; x_wconf 87' lang='lat' dir='ltr'><strong>hunc</strong></span> <span class='ocrx_word' id='word_1_113' title='bbox 1391 1736 1609 1789; x_wconf 89' lang='lat' dir='ltr'><strong>modum</strong></span> <span class='ocrx_word' id='word_1_114' title='bbox 1652 1736 1916 1805; x_wconf 84' lang='lat' dir='ltr'><strong>explicata</strong></span> 
     </span>
    </p>
   </div>
   <div class='ocr_carea' id='block_1_18' title="bbox 334 1821 1913 1898">
    <p class='ocr_par' dir='ltr' id='par_1_18' title="bbox 334 1821 1913 1898">
     <span class='ocr_line' id='line_1_18' title="bbox 334 1821 1913 1898; baseline 0.003 -20"><span class='ocrx_word' id='word_1_115' title='bbox 334 1822 451 1878; x_wconf 89' lang='lat' dir='ltr'><strong>sint</strong></span> <span class='ocrx_word' id='word_1_116' title='bbox 480 1823 594 1877; x_wconf 71' lang='lat' dir='ltr'><strong>bmc</strong></span> <span class='ocrx_word' id='word_1_117' title='bbox 624 1821 844 1878; x_wconf 88' lang='lat' dir='ltr'><strong>Davidis</strong></span> <span class='ocrx_word' id='word_1_118' title='bbox 874 1826 1061 1878; x_wconf 90' lang='lat' dir='ltr'><strong>verba.</strong></span> <span class='ocrx_word' id='word_1_119' title='bbox 1096 1824 1416 1881; x_wconf 89' lang='lat' dir='ltr'><strong>Consimilia</strong></span> <span class='ocrx_word' id='word_1_120' title='bbox 1453 1838 1631 1882; x_wconf 89' lang='lat' dir='ltr'><strong>autem</strong></span> <span class='ocrx_word' id='word_1_121' title='bbox 1667 1830 1913 1898; x_wconf 82' lang='lat' dir='ltr'><strong>quaedam</strong></span> 
     </span>
    </p>
   </div>
   <div class='ocr_carea' id='block_1_19' title="bbox 333 1915 1918 1995">
    <p class='ocr_par' dir='ltr' id='par_1_19' title="bbox 333 1915 1918 1995">
     <span class='ocr_line' id='line_1_19' title="bbox 333 1915 1918 1995; baseline 0.006 -26"><span class='ocrx_word' id='word_1_122' title='bbox 333 1925 392 1970; x_wconf 89' lang='lat' dir='ltr'><strong>et</strong></span> <span class='ocrx_word' id='word_1_123' title='bbox 422 1915 566 1985; x_wconf 85' lang='lat' dir='ltr'><strong>apud</strong></span> <span class='ocrx_word' id='word_1_124' title='bbox 605 1916 800 1971; x_wconf 86' lang='lat' dir='ltr'><strong>Isaiam</strong></span> <span class='ocrx_word' id='word_1_125' title='bbox 835 1916 1108 1985; x_wconf 87' lang='lat' dir='ltr'><strong>leguntur.</strong></span> <span class='ocrx_word' id='word_1_126' title='bbox 1141 1918 1275 1973; x_wconf 82' lang='lat' dir='ltr'><strong>Nam</strong></span> <span class='ocrx_word' id='word_1_127' title='bbox 1308 1921 1448 1989; x_wconf 92' lang='lat' dir='ltr'><strong>apud</strong></span> <span class='ocrx_word' id='word_1_128' title='bbox 1484 1922 1663 1990; x_wconf 87' lang='lat' dir='ltr'><strong>ipsum</strong></span> <span class='ocrx_word' id='word_1_129' title='bbox 1695 1940 1918 1995; x_wconf 88' lang='lat' dir='ltr'><strong>quoque</strong></span> 
     </span>
    </p>
   </div>
   <div class='ocr_carea' id='block_1_20' title="bbox 333 2008 1915 2081">
    <p class='ocr_par' dir='ltr' id='par_1_20' title="bbox 333 2008 1915 2081">
     <span class='ocr_line' id='line_1_20' title="bbox 333 2008 1915 2081; baseline 0.004 -20"><span class='ocrx_word' id='word_1_130' title='bbox 333 2008 610 2072; x_wconf 82' lang='lat' dir='ltr'><strong>Christus,</strong></span> <span class='ocrx_word' id='word_1_131' title='bbox 637 2009 688 2062; x_wconf 90' lang='lat' dir='ltr'><strong>in</strong></span> <span class='ocrx_word' id='word_1_132' title='bbox 717 2010 915 2064; x_wconf 80' lang='lat' dir='ltr'><strong>ctelnm</strong></span> <span class='ocrx_word' id='word_1_133' title='bbox 946 2025 1070 2064; x_wconf 89' lang='lat' dir='ltr'><strong>cum</strong></span> <span class='ocrx_word' id='word_1_134' title='bbox 1104 2013 1377 2080; x_wconf 82' lang='lat' dir='ltr'><strong>passionis</strong></span> <span class='ocrx_word' id='word_1_135' title='bbox 1410 2014 1556 2068; x_wconf 89' lang='lat' dir='ltr'><strong>notis</strong></span> <span class='ocrx_word' id='word_1_136' title='bbox 1589 2015 1915 2081; x_wconf 88' lang='lat' dir='ltr'><strong>ascendens,</strong></span> 
     </span>
    </p>
   </div>
   <div class='ocr_carea' id='block_1_21' title="bbox 336 2100 1919 2175">
    <p class='ocr_par' dir='ltr' id='par_1_21' title="bbox 336 2100 1919 2175">
     <span class='ocr_line' id='line_1_21' title="bbox 336 2100 1919 2175; baseline 0.004 -21"><span class='ocrx_word' id='word_1_137' title='bbox 336 2116 538 2154; x_wconf 89' lang='lat' dir='ltr'><strong>novum</strong></span> <span class='ocrx_word' id='word_1_138' title='bbox 575 2100 735 2169; x_wconf 85' lang='lat' dir='ltr'><strong>plane</strong></span> <span class='ocrx_word' id='word_1_139' title='bbox 765 2111 814 2155; x_wconf 93' lang='lat' dir='ltr'><strong>et</strong></span> <span class='ocrx_word' id='word_1_140' title='bbox 855 2102 1175 2155; x_wconf 88' lang='lat' dir='ltr'><strong>inusitatum</strong></span> <span class='ocrx_word' id='word_1_141' title='bbox 1207 2118 1270 2157; x_wconf 89' lang='lat' dir='ltr'><strong>ac</strong></span> <span class='ocrx_word' id='word_1_142' title='bbox 1298 2106 1626 2172; x_wconf 89' lang='lat' dir='ltr'><strong>stupendum</strong></span> <span class='ocrx_word' id='word_1_143' title='bbox 1662 2106 1919 2175; x_wconf 90' lang='lat' dir='ltr'><strong>supernis</strong></span> 
     </span>
    </p>
   </div>
   <div class='ocr_carea' id='block_1_22' title="bbox 334 2192 1922 2264">
    <p class='ocr_par' dir='ltr' id='par_1_22' title="bbox 334 2192 1922 2264">
     <span class='ocr_line' id='line_1_22' title="bbox 334 2192 1922 2264; baseline 0.006 -21"><span class='ocrx_word' id='word_1_144' title='bbox 334 2192 545 2262; x_wconf 78' lang='lat' dir='ltr'><strong>angelis</strong></span> <span class='ocrx_word' id='word_1_145' title='bbox 585 2192 957 2260; x_wconf 87' lang='lat' dir='ltr'><strong>spectaculum</strong></span> <span class='ocrx_word' id='word_1_146' title='bbox 1006 2195 1275 2248; x_wconf 84' lang='lat' dir='ltr'><strong>exhibuit.</strong></span> <span class='ocrx_word' id='word_1_147' title='bbox 1325 2193 1563 2264; x_wconf 84' lang='lat' dir='ltr'><strong>Stupore</strong></span> <span class='ocrx_word' id='word_1_148' title='bbox 1609 2198 1755 2251; x_wconf 88' lang='lat' dir='ltr'><strong>enim</strong></span> <span class='ocrx_word' id='word_1_149' title='bbox 1799 2214 1922 2252; x_wconf 86' lang='lat' dir='ltr'><strong>cor-</strong></span> 
     </span>
    </p>
   </div>
   <div class='ocr_carea' id='block_1_23' title="bbox 335 2283 1920 2358">
    <p class='ocr_par' dir='ltr' id='par_1_23' title="bbox 335 2283 1920 2358">
     <span class='ocr_line' id='line_1_23' title="bbox 335 2283 1920 2358; baseline 0.005 -22"><span class='ocrx_word' id='word_1_150' title='bbox 335 2283 473 2352; x_wconf 76' lang='lat' dir='ltr'><strong>repti</strong></span> <span class='ocrx_word' id='word_1_151' title='bbox 525 2292 690 2347; x_wconf 88' lang='lat' dir='ltr'><strong>sunt,</strong></span> <span class='ocrx_word' id='word_1_152' title='bbox 749 2285 1127 2339; x_wconf 83' lang='lat' dir='ltr'><strong>ascendentem</strong></span> <span class='ocrx_word' id='word_1_153' title='bbox 1188 2301 1313 2340; x_wconf 90' lang='lat' dir='ltr'><strong>eum</strong></span> <span class='ocrx_word' id='word_1_154' title='bbox 1375 2288 1690 2351; x_wconf 84' lang='lat' dir='ltr'><strong>intuentes,</strong></span> <span class='ocrx_word' id='word_1_155' title='bbox 1754 2300 1920 2358; x_wconf 89' lang='lat' dir='ltr'><strong>atque</strong></span> 
     </span>
    </p>
   </div>
   <div class='ocr_carea' id='block_1_24' title="bbox 334 2370 1918 2448">
    <p class='ocr_par' dir='ltr' id='par_1_24' title="bbox 334 2370 1918 2448">
     <span class='ocr_line' id='line_1_24' title="bbox 334 2370 1918 2448; baseline 0.004 -21"><span class='ocrx_word' id='word_1_156' title='bbox 334 2370 540 2429; x_wconf 84' lang='lat' dir='ltr'><strong>idcirco</strong></span> <span class='ocrx_word' id='word_1_157' title='bbox 566 2375 819 2429; x_wconf 85' lang='lat' dir='ltr'><strong>dicebant</strong></span> <span class='ocrx_word' id='word_1_158' title='bbox 846 2394 857 2429; x_wconf 93' lang='lat'>:</span> <span class='ocrx_word' id='word_1_159' title='bbox 884 2375 1017 2440; x_wconf 85' lang='lat' dir='ltr'><strong>Quis</strong></span> <span class='ocrx_word' id='word_1_160' title='bbox 1053 2385 1132 2430; x_wconf 85' lang='lat' dir='ltr'><strong>est</strong></span> <span class='ocrx_word' id='word_1_161' title='bbox 1155 2376 1260 2442; x_wconf 81' lang='lat' dir='ltr'><strong>Itic,</strong></span> <span class='ocrx_word' id='word_1_162' title='bbox 1287 2378 1379 2448; x_wconf 85' lang='lat' dir='ltr'><strong>qui</strong></span> <span class='ocrx_word' id='word_1_163' title='bbox 1406 2381 1546 2432; x_wconf 83' lang='lat' dir='ltr'><strong>venit</strong></span> <span class='ocrx_word' id='word_1_164' title='bbox 1568 2380 1631 2433; x_wconf 85' lang='lat' dir='ltr'><strong>de</strong></span> <span class='ocrx_word' id='word_1_165' title='bbox 1655 2378 1829 2435; x_wconf 85' lang='lat' dir='ltr'><strong>Edam</strong></span> <span class='ocrx_word' id='word_1_166' title='bbox 1850 2384 1918 2445; x_wconf 83' lang='lat'><strong>”,</strong></span> 
     </span>
    </p>
   </div>
   <div class='ocr_carea' id='block_1_25' title="bbox 334 2467 1919 2539">
    <p class='ocr_par' dir='ltr' id='par_1_25' title="bbox 334 2467 1919 2539">
     <span class='ocr_line' id='line_1_25' title="bbox 334 2467 1919 2539; baseline 0.003 -18"><span class='ocrx_word' id='word_1_167' title='bbox 334 2468 441 2521; x_wconf 86' lang='lat' dir='ltr'><strong>hoc</strong></span> <span class='ocrx_word' id='word_1_168' title='bbox 479 2473 583 2529; x_wconf 86' lang='lat' dir='ltr'><strong>est,</strong></span> <span class='ocrx_word' id='word_1_169' title='bbox 610 2482 640 2519; x_wconf 90' lang='lat' dir='ltr'><strong>a</strong></span> <span class='ocrx_word' id='word_1_170' title='bbox 670 2467 901 2522; x_wconf 88' lang='lat' dir='ltr'><strong>terrenis</strong></span> <span class='ocrx_word' id='word_1_171' title='bbox 936 2468 1123 2533; x_wconf 84' lang='lat' dir='ltr'><strong>rebus,</strong></span> <span class='ocrx_word' id='word_1_172' title='bbox 1180 2468 1350 2522; x_wconf 90' lang='lat' dir='ltr'><strong>rubor</strong></span> <span class='ocrx_word' id='word_1_173' title='bbox 1388 2472 1772 2524; x_wconf 81' lang='lat' dir='ltr'><strong>vestimentum</strong></span> <span class='ocrx_word' id='word_1_174' title='bbox 1799 2471 1919 2539; x_wconf 85' lang='lat' dir='ltr'><strong>ejus</strong></span> 
     </span>
    </p>
   </div>
   <div class='ocr_carea' id='block_1_26' title="bbox 332 2553 1920 2631">
    <p class='ocr_par' dir='ltr' id='par_1_26' title="bbox 332 2553 1920 2631">
     <span class='ocr_line' id='line_1_26' title="bbox 332 2553 1920 2631; baseline 0.005 -23"><span class='ocrx_word' id='word_1_175' title='bbox 332 2569 400 2609; x_wconf 76' lang='lat' dir='ltr'><strong>ex</strong></span> <span class='ocrx_word' id='word_1_176' title='bbox 439 2553 649 2609; x_wconf 81' lang='lat' dir='ltr'><strong>Bosor?</strong></span> <span class='ocrx_word' id='word_1_177' title='bbox 702 2555 877 2611; x_wconf 88' lang='lat' dir='ltr'><strong>Bosor</strong></span> <span class='ocrx_word' id='word_1_178' title='bbox 915 2568 1095 2613; x_wconf 87' lang='lat' dir='ltr'><strong>autem</strong></span> <span class='ocrx_word' id='word_1_179' title='bbox 1133 2574 1342 2612; x_wconf 88' lang='lat' dir='ltr'><strong>carnem</strong></span> <span class='ocrx_word' id='word_1_180' title='bbox 1381 2569 1561 2625; x_wconf 88' lang='lat' dir='ltr'><strong>sonat,</strong></span> <span class='ocrx_word' id='word_1_181' title='bbox 1596 2575 1660 2614; x_wconf 86' lang='lat' dir='ltr'><strong>ac</strong></span> <span class='ocrx_word' id='word_1_182' title='bbox 1692 2560 1920 2631; x_wconf 89' lang='lat' dir='ltr'><strong>proinde</strong></span> 
     </span>
    </p>
   </div>
   <div class='ocr_carea' id='block_1_27' title="bbox 333 2649 1919 2718">
    <p class='ocr_par' dir='ltr' id='par_1_27' title="bbox 333 2649 1919 2718">
     <span class='ocr_line' id='line_1_27' title="bbox 333 2649 1919 2718; baseline 0.006 -19"><span class='ocrx_word' id='word_1_183' title='bbox 333 2663 432 2718; x_wconf 88' lang='lat' dir='ltr'><strong>per</strong></span> <span class='ocrx_word' id='word_1_184' title='bbox 473 2652 668 2702; x_wconf 89' lang='lat' dir='ltr'><strong>stolam</strong></span> <span class='ocrx_word' id='word_1_185' title='bbox 709 2649 851 2718; x_wconf 87' lang='lat' dir='ltr'><strong>ejus,</strong></span> <span class='ocrx_word' id='word_1_186' title='bbox 887 2659 941 2702; x_wconf 90' lang='lat' dir='ltr'><strong>et</strong></span> <span class='ocrx_word' id='word_1_187' title='bbox 990 2649 1373 2704; x_wconf 85' lang='lat' dir='ltr'><strong>vestimentum</strong></span> <span class='ocrx_word' id='word_1_188' title='bbox 1408 2651 1713 2707; x_wconf 77' lang='lat' dir='ltr'><strong>humanitas</strong></span> <span class='ocrx_word' id='word_1_189' title='bbox 1766 2652 1919 2708; x_wconf 89' lang='lat' dir='ltr'><strong>desi-</strong></span> 
     </span>
    </p>
   </div>
   <div class='ocr_carea' id='block_1_28' title="bbox 332 2739 1920 2809">
    <p class='ocr_par' dir='ltr' id='par_1_28' title="bbox 332 2739 1920 2809">
     <span class='ocr_line' id='line_1_28' title="bbox 332 2739 1920 2809; baseline 0.005 -18"><span class='ocrx_word' id='word_1_190' title='bbox 332 2749 551 2809; x_wconf 80' lang='lat' dir='ltr'><strong>gnatur.</strong></span> <span class='ocrx_word' id='word_1_191' title='bbox 607 2739 793 2793; x_wconf 86' lang='lat' dir='ltr'><strong>llubor</strong></span> <span class='ocrx_word' id='word_1_192' title='bbox 840 2750 1047 2802; x_wconf 90' lang='lat' dir='ltr'><strong>autem,</strong></span> <span class='ocrx_word' id='word_1_193' title='bbox 1098 2741 1225 2808; x_wconf 85' lang='lat' dir='ltr'><strong>quia</strong></span> <span class='ocrx_word' id='word_1_194' title='bbox 1277 2756 1407 2795; x_wconf 91' lang='lat' dir='ltr'><strong>caro</strong></span> <span class='ocrx_word' id='word_1_195' title='bbox 1456 2740 1739 2798; x_wconf 79' lang='lat' dir='ltr'><strong>Dominica</strong></span> <span class='ocrx_word' id='word_1_196' title='bbox 1790 2760 1920 2799; x_wconf 86' lang='lat' dir='ltr'><strong>san-</strong></span> 
     </span>
    </p>
   </div>
   <div class='ocr_carea' id='block_1_29' title="bbox 331 2830 1919 2907">
    <p class='ocr_par' dir='ltr' id='par_1_29' title="bbox 331 2830 1919 2907">
     <span class='ocr_line' id='line_1_29' title="bbox 331 2830 1919 2907; baseline 0.006 -25"><span class='ocrx_word' id='word_1_197' title='bbox 331 2830 499 2900; x_wconf 83' lang='lat' dir='ltr'><strong>guine</strong></span> <span class='ocrx_word' id='word_1_198' title='bbox 538 2846 604 2884; x_wconf 84' lang='lat' dir='ltr'><strong>ex</strong></span> <span class='ocrx_word' id='word_1_199' title='bbox 645 2831 816 2885; x_wconf 83' lang='lat' dir='ltr'><strong>latere</strong></span> <span class='ocrx_word' id='word_1_200' title='bbox 859 2830 1167 2902; x_wconf 82' lang='lat' dir='ltr'><strong>proﬂuente</strong></span> <span class='ocrx_word' id='word_1_201' title='bbox 1202 2833 1369 2888; x_wconf 88' lang='lat' dir='ltr'><strong>tincta</strong></span> <span class='ocrx_word' id='word_1_202' title='bbox 1415 2843 1518 2897; x_wconf 86' lang='lat' dir='ltr'><strong>est,</strong></span> <span class='ocrx_word' id='word_1_203' title='bbox 1552 2850 1617 2890; x_wconf 89' lang='lat' dir='ltr'><strong>ac</strong></span> <span class='ocrx_word' id='word_1_204' title='bbox 1665 2852 1763 2906; x_wconf 90' lang='lat' dir='ltr'><strong>per</strong></span> <span class='ocrx_word' id='word_1_205' title='bbox 1792 2852 1919 2907; x_wconf 88' lang='lat' dir='ltr'><strong>pas-</strong></span> 
     </span>
    </p>
   </div>
   <div class='ocr_carea' id='block_1_30' title="bbox 331 2921 1919 2998">
    <p class='ocr_par' dir='ltr' id='par_1_30' title="bbox 331 2921 1919 2998">
     <span class='ocr_line' id='line_1_30' title="bbox 331 2921 1919 2998; baseline 0.003 -21"><span class='ocrx_word' id='word_1_206' title='bbox 331 2925 545 2978; x_wconf 79' lang='lat' dir='ltr'><strong>siont-m</strong></span> <span class='ocrx_word' id='word_1_207' title='bbox 576 2933 859 2979; x_wconf 82' lang='lat' dir='ltr'><strong>exornata.</strong></span> <span class='ocrx_word' id='word_1_208' title='bbox 899 2921 1057 2979; x_wconf 89' lang='lat' dir='ltr'><strong>Unde</strong></span> <span class='ocrx_word' id='word_1_209' title='bbox 1084 2937 1138 2980; x_wconf 85' lang='lat' dir='ltr'><strong>et</strong></span> <span class='ocrx_word' id='word_1_210' title='bbox 1168 2927 1445 2996; x_wconf 84' lang='lat' dir='ltr'><strong>subjungit</strong></span> <span class='ocrx_word' id='word_1_211' title='bbox 1480 2929 1740 2998; x_wconf 85' lang='lat' dir='ltr'><strong>propheta</strong></span> <span class='ocrx_word' id='word_1_212' title='bbox 1770 2943 1786 2981; x_wconf 89' lang='lat'><strong>:</strong></span> <span class='ocrx_word' id='word_1_213' title='bbox 1814 2927 1919 2983; x_wconf 84' lang='lat' dir='ltr'><strong>Hic</strong></span> 
     </span>
    </p>
   </div>
   <div class='ocr_carea' id='block_1_31' title="bbox 331 3015 1919 3089">
    <p class='ocr_par' dir='ltr' id='par_1_31' title="bbox 331 3015 1919 3089">
     <span class='ocr_line' id='line_1_31' title="bbox 331 3015 1919 3089; baseline 0.003 -21"><span class='ocrx_word' id='word_1_214' title='bbox 331 3015 596 3085; x_wconf 74' lang='lat' dir='ltr'><strong>formosus</strong></span> <span class='ocrx_word' id='word_1_215' title='bbox 621 3017 676 3070; x_wconf 86' lang='lat' dir='ltr'><strong>in</strong></span> <span class='ocrx_word' id='word_1_216' title='bbox 701 3016 857 3071; x_wconf 88' lang='lat' dir='ltr'><strong>stola.</strong></span> <span class='ocrx_word' id='word_1_217' title='bbox 884 3016 1089 3071; x_wconf 86' lang='lat' dir='ltr'><strong>Deinde</strong></span> <span class='ocrx_word' id='word_1_218' title='bbox 1113 3015 1450 3072; x_wconf 87' lang='lat' dir='ltr'><strong>Salvatorem</strong></span> <span class='ocrx_word' id='word_1_219' title='bbox 1482 3020 1659 3089; x_wconf 90' lang='lat' dir='ltr'><strong>ipsum</strong></span> <span class='ocrx_word' id='word_1_220' title='bbox 1687 3034 1919 3088; x_wconf 84' lang='lat' dir='ltr'><strong>respon-</strong></span> 
     </span>
    </p>
   </div>
   <div class='ocr_carea' id='block_1_32' title="bbox 330 3103 1916 3176">
    <p class='ocr_par' dir='ltr' id='par_1_32' title="bbox 330 3103 1916 3176">
     <span class='ocr_line' id='line_1_32' title="bbox 330 3103 1916 3176; baseline 0.002 -18"><span class='ocrx_word' id='word_1_221' title='bbox 330 3105 548 3158; x_wconf 88' lang='lat' dir='ltr'><strong>dentem</strong></span> <span class='ocrx_word' id='word_1_222' title='bbox 600 3105 809 3159; x_wconf 89' lang='lat' dir='ltr'><strong>inducit</strong></span> <span class='ocrx_word' id='word_1_223' title='bbox 847 3121 861 3158; x_wconf 88' lang='lat'><strong>:</strong></span> <span class='ocrx_word' id='word_1_224' title='bbox 906 3103 1019 3174; x_wconf 80' lang='lat' dir='ltr'><strong>Ego</strong></span> <span class='ocrx_word' id='word_1_225' title='bbox 1051 3113 1239 3174; x_wconf 84' lang='lat' dir='ltr'><strong>loquor</strong></span> <span class='ocrx_word' id='word_1_226' title='bbox 1275 3105 1541 3174; x_wconf 77' lang='lat' dir='ltr'><strong>justitiam</strong></span> <span class='ocrx_word' id='word_1_227' title='bbox 1575 3116 1623 3161; x_wconf 84' lang='lat' dir='ltr'><strong>et</strong></span> <span class='ocrx_word' id='word_1_228' title='bbox 1649 3108 1916 3176; x_wconf 80' lang='lat' dir='ltr'><strong>judicium</strong></span> 
     </span>
    </p>
   </div>
   <div class='ocr_carea' id='block_1_33' title="bbox 2033 629 2869 702">
    <p class='ocr_par' dir='ltr' id='par_1_33' title="bbox 2033 629 2869 702">
     <span class='ocr_line' id='line_1_33' title="bbox 2033 629 2869 702; baseline 0.008 -21"><span class='ocrx_word' id='word_1_229' title='bbox 2033 629 2234 699; x_wconf 83' lang='lat' dir='ltr'><strong>quippe</strong></span> <span class='ocrx_word' id='word_1_230' title='bbox 2259 646 2368 700; x_wconf 90' lang='lat' dir='ltr'><strong>qua</strong></span> <span class='ocrx_word' id='word_1_231' title='bbox 2396 632 2532 686; x_wconf 86' lang='lat' dir='ltr'><strong>nihil</strong></span> <span class='ocrx_word' id='word_1_232' title='bbox 2565 634 2869 702; x_wconf 86' lang='lat' dir='ltr'><strong>pulchrius.</strong></span> 
     </span>
    </p>
   </div>
   <div class='ocr_carea' id='block_1_34' title="bbox 2100 721 3621 799">
    <p class='ocr_par' dir='ltr' id='par_1_34' title="bbox 2100 721 3621 799">
     <span class='ocr_line' id='line_1_34' title="bbox 2100 721 3621 799; baseline 0.009 -25"><span class='ocrx_word' id='word_1_233' title='bbox 2100 721 2219 777; x_wconf 89' lang='lat' dir='ltr'><strong>Col.</strong></span> <span class='ocrx_word' id='word_1_234' title='bbox 2256 722 2361 778; x_wconf 85' lang='lat'><strong>658</strong></span> <span class='ocrx_word' id='word_1_235' title='bbox 2396 722 2459 778; x_wconf 88' lang='lat' dir='ltr'><strong>C.</strong></span> <span class='ocrx_word' id='word_1_236' title='bbox 2499 723 2638 789; x_wconf 82' lang='lat' dir='ltr'><strong>Quid</strong></span> <span class='ocrx_word' id='word_1_237' title='bbox 2679 728 2748 779; x_wconf 88' lang='lat' dir='ltr'><strong>ad</strong></span> <span class='ocrx_word' id='word_1_238' title='bbox 2789 728 2901 781; x_wconf 68' lang='lat' dir='ltr'><strong>hac</strong></span> <span class='ocrx_word' id='word_1_239' title='bbox 2949 728 3100 782; x_wconf 89' lang='lat' dir='ltr'><strong>nobis</strong></span> <span class='ocrx_word' id='word_1_240' title='bbox 3148 731 3488 799; x_wconf 74' lang='lat' dir='ltr'><strong>schpItantw</strong></span> <span class='ocrx_word' id='word_1_241' title='bbox 3532 734 3621 786; x_wconf 82' lang='lat' dir='ltr'><strong>di-</strong></span> 
     </span>
    </p>
   </div>
   <div class='ocr_carea' id='block_1_35' title="bbox 2030 817 3618 893">
    <p class='ocr_par' dir='ltr' id='par_1_35' title="bbox 2030 817 3618 893">
     <span class='ocr_line' id='line_1_35' title="bbox 2030 817 3618 893; baseline 0.006 -25"><span class='ocrx_word' id='word_1_242' title='bbox 2030 824 2182 877; x_wconf 86' lang='lat' dir='ltr'><strong>cunt,</strong></span> <span class='ocrx_word' id='word_1_243' title='bbox 2211 824 2318 871; x_wconf 89' lang='lat' dir='ltr'><strong>etc.</strong></span> <span class='ocrx_word' id='word_1_244' title='bbox 2348 817 2613 873; x_wconf 84' lang='lat' dir='ltr'><strong>Absoluta</strong></span> <span class='ocrx_word' id='word_1_245' title='bbox 2646 820 2962 875; x_wconf 84' lang='lat' dir='ltr'><strong>narratione</strong></span> <span class='ocrx_word' id='word_1_246' title='bbox 2989 821 3286 893; x_wconf 83' lang='lat' dir='ltr'><strong>Gregorius</strong></span> <span class='ocrx_word' id='word_1_247' title='bbox 3315 827 3618 879; x_wconf 78' lang='lat' dir='ltr'><strong>Orationem</strong></span> 
     </span>
    </p>
   </div>
   <div class='ocr_carea' id='block_1_36' title="bbox 2030 907 3618 983">
    <p class='ocr_par' dir='ltr' id='par_1_36' title="bbox 2030 907 3618 983">
     <span class='ocr_line' id='line_1_36' title="bbox 2030 907 3618 983; baseline 0.006 -25"><span class='ocrx_word' id='word_1_248' title='bbox 2030 907 2095 959; x_wconf 91' lang='lat' dir='ltr'><strong>ad</strong></span> <span class='ocrx_word' id='word_1_249' title='bbox 2125 907 2410 963; x_wconf 73' lang='lat' dir='ltr'><strong>lneretlcos</strong></span> <span class='ocrx_word' id='word_1_250' title='bbox 2435 910 2722 974; x_wconf 88' lang='lat' dir='ltr'><strong>convertit,</strong></span> <span class='ocrx_word' id='word_1_251' title='bbox 2749 925 2958 980; x_wconf 85' lang='lat' dir='ltr'><strong>eosque</strong></span> <span class='ocrx_word' id='word_1_252' title='bbox 2983 913 3221 982; x_wconf 88' lang='lat' dir='ltr'><strong>primum</strong></span> <span class='ocrx_word' id='word_1_253' title='bbox 3248 916 3618 983; x_wconf 83' lang='lat' dir='ltr'><strong>sycophantas</strong></span> 
     </span>
    </p>
   </div>
   <div class='ocr_carea' id='block_1_37' title="bbox 2028 999 3618 1074">
    <p class='ocr_par' dir='ltr' id='par_1_37' title="bbox 2028 999 3618 1074">
     <span class='ocr_line' id='line_1_37' title="bbox 2028 999 3618 1074; baseline 0.004 -22"><span class='ocrx_word' id='word_1_254' title='bbox 2028 1008 2208 1063; x_wconf 85' lang='lat' dir='ltr'><strong>vocat,</strong></span> <span class='ocrx_word' id='word_1_255' title='bbox 2246 1009 2304 1053; x_wconf 91' lang='lat' dir='ltr'><strong>ut</strong></span> <span class='ocrx_word' id='word_1_256' title='bbox 2346 999 2543 1054; x_wconf 88' lang='lat' dir='ltr'><strong>Filium</strong></span> <span class='ocrx_word' id='word_1_257' title='bbox 2578 1002 3000 1064; x_wconf 90' lang='lat' dir='ltr'><strong>calumniantes.</strong></span> <span class='ocrx_word' id='word_1_258' title='bbox 3033 1007 3192 1074; x_wconf 83' lang='lat' dir='ltr'><strong>quasi</strong></span> <span class='ocrx_word' id='word_1_259' title='bbox 3240 1022 3346 1058; x_wconf 88' lang='lat' dir='ltr'><strong>non</strong></span> <span class='ocrx_word' id='word_1_260' title='bbox 3394 1021 3520 1059; x_wconf 82' lang='lat' dir='ltr'><strong>verc-</strong></span> <span class='ocrx_word' id='word_1_261' title='bbox 3554 1022 3618 1058; x_wconf 82' lang='lat' dir='ltr'><strong>ac</strong></span> 
     </span>
    </p>
   </div>
   <div class='ocr_carea' id='block_1_38' title="bbox 2028 1091 3618 1163">
    <p class='ocr_par' dir='ltr' id='par_1_38' title="bbox 2028 1091 3618 1163">
     <span class='ocr_line' id='line_1_38' title="bbox 2028 1091 3618 1163; baseline 0.005 -21"><span class='ocrx_word' id='word_1_262' title='bbox 2028 1092 2250 1160; x_wconf 79' lang='lat' dir='ltr'><strong>proprie</strong></span> <span class='ocrx_word' id='word_1_263' title='bbox 2303 1091 2472 1146; x_wconf 88' lang='lat' dir='ltr'><strong>Deum</strong></span> <span class='ocrx_word' id='word_1_264' title='bbox 2529 1109 2542 1146; x_wconf 92' lang='lat'>:</span> <span class='ocrx_word' id='word_1_265' title='bbox 2598 1096 2830 1148; x_wconf 88' lang='lat' dir='ltr'><strong>acerbos</strong></span> <span class='ocrx_word' id='word_1_266' title='bbox 2886 1104 3068 1150; x_wconf 84' lang='lat' dir='ltr'><strong>autem</strong></span> <span class='ocrx_word' id='word_1_267' title='bbox 3132 1108 3503 1163; x_wconf 81' lang='lat' dir='ltr'><strong>expensores,</strong></span> <span class='ocrx_word' id='word_1_268' title='bbox 3556 1105 3618 1150; x_wconf 81' lang='lat' dir='ltr'><strong>ut</strong></span> 
     </span>
    </p>
   </div>
   <div class='ocr_carea' id='block_1_39' title="bbox 2028 1182 3618 1256">
    <p class='ocr_par' dir='ltr' id='par_1_39' title="bbox 2028 1182 3618 1256">
     <span class='ocr_line' id='line_1_39' title="bbox 2028 1182 3618 1256; baseline 0.004 -23"><span class='ocrx_word' id='word_1_269' title='bbox 2028 1182 2335 1250; x_wconf 61' lang='lat' dir='ltr'><strong>praccipites</strong></span> <span class='ocrx_word' id='word_1_270' title='bbox 2366 1183 2670 1238; x_wconf 73' lang='lat' dir='ltr'><strong>divinitatis</strong></span> <span class='ocrx_word' id='word_1_271' title='bbox 2719 1185 2979 1249; x_wconf 89' lang='lat' dir='ltr'><strong>arbitros,</strong></span> <span class='ocrx_word' id='word_1_272' title='bbox 3014 1202 3373 1256; x_wconf 87' lang='lat' dir='ltr'><strong>personarmn</strong></span> <span class='ocrx_word' id='word_1_273' title='bbox 3408 1188 3618 1240; x_wconf 70' lang='lat' dir='ltr'><strong>scilicet</strong></span> 
     </span>
    </p>
   </div>
   <div class='ocr_carea' id='block_1_40' title="bbox 2035 1273 3618 1345">
    <p class='ocr_par' dir='ltr' id='par_1_40' title="bbox 2035 1273 3618 1345">
     <span class='ocr_line' id='line_1_40' title="bbox 2035 1273 3618 1345; baseline 0.004 -16"><span class='ocrx_word' id='word_1_274' title='bbox 2035 1273 2365 1330; x_wconf 83' lang='lat' dir='ltr'><strong>dill‘erentiis</strong></span> <span class='ocrx_word' id='word_1_275' title='bbox 2414 1291 2534 1330; x_wconf 88' lang='lat' dir='ltr'><strong>eam</strong></span> <span class='ocrx_word' id='word_1_276' title='bbox 2592 1276 2953 1344; x_wconf 89' lang='lat' dir='ltr'><strong>dividentes;</strong></span> <span class='ocrx_word' id='word_1_277' title='bbox 3011 1281 3436 1345; x_wconf 88' lang='lat' dir='ltr'><strong>reprehensores</strong></span> <span class='ocrx_word' id='word_1_278' title='bbox 3488 1295 3618 1335; x_wconf 84' lang='lat' dir='ltr'><strong>vero</strong></span> 
     </span>
    </p>
   </div>
   <div class='ocr_carea' id='block_1_41' title="bbox 2024 1364 3616 1434">
    <p class='ocr_par' dir='ltr' id='par_1_41' title="bbox 2024 1364 3616 1434">
     <span class='ocr_line' id='line_1_41' title="bbox 2024 1364 3616 1434; baseline 0.004 -17"><span class='ocrx_word' id='word_1_279' title='bbox 2024 1380 2206 1419; x_wconf 90' lang='lat' dir='ltr'><strong>rerum</strong></span> <span class='ocrx_word' id='word_1_280' title='bbox 2243 1364 2624 1429; x_wconf 85' lang='lat' dir='ltr'><strong>laudabilium,</strong></span> <span class='ocrx_word' id='word_1_281' title='bbox 2657 1375 2845 1434; x_wconf 87' lang='lat' dir='ltr'><strong>utpote</strong></span> <span class='ocrx_word' id='word_1_282' title='bbox 2878 1367 3144 1421; x_wconf 80' lang='lat' dir='ltr'><strong>incarnati</strong></span> <span class='ocrx_word' id='word_1_283' title='bbox 3192 1366 3315 1421; x_wconf 88' lang='lat' dir='ltr'><strong>Filii</strong></span> <span class='ocrx_word' id='word_1_284' title='bbox 3345 1368 3616 1432; x_wconf 87' lang='lat' dir='ltr'><strong>aetiones,</strong></span> 
     </span>
    </p>
   </div>
   <div class='ocr_carea' id='block_1_42' title="bbox 2024 1456 3615 1527">
    <p class='ocr_par' dir='ltr' id='par_1_42' title="bbox 2024 1456 3615 1527">
     <span class='ocr_line' id='line_1_42' title="bbox 2024 1456 3615 1527; baseline 0.001 -17"><span class='ocrx_word' id='word_1_285' title='bbox 2024 1456 2278 1510; x_wconf 75' lang='lat' dir='ltr'><strong>humana:</strong></span> <span class='ocrx_word' id='word_1_286' title='bbox 2328 1466 2540 1511; x_wconf 68' lang='lat' dir='ltr'><strong>natura:</strong></span> <span class='ocrx_word' id='word_1_287' title='bbox 2597 1467 2999 1527; x_wconf 84' lang='lat' dir='ltr'><strong>congruentes,</strong></span> <span class='ocrx_word' id='word_1_288' title='bbox 3059 1459 3125 1511; x_wconf 89' lang='lat' dir='ltr'><strong>ad</strong></span> <span class='ocrx_word' id='word_1_289' title='bbox 3174 1458 3294 1525; x_wconf 89' lang='lat' dir='ltr'><strong>ejus</strong></span> <span class='ocrx_word' id='word_1_290' title='bbox 3353 1460 3615 1512; x_wconf 89' lang='lat' dir='ltr'><strong>immuta-</strong></span> 
     </span>
    </p>
   </div>
   <div class='ocr_carea' id='block_1_43' title="bbox 2025 1543 3614 1615">
    <p class='ocr_par' dir='ltr' id='par_1_43' title="bbox 2025 1543 3614 1615">
     <span class='ocr_line' id='line_1_43' title="bbox 2025 1543 3614 1615; baseline 0.003 -18"><span class='ocrx_word' id='word_1_291' title='bbox 2025 1543 2224 1597; x_wconf 86' lang='lat' dir='ltr'><strong>tionem</strong></span> <span class='ocrx_word' id='word_1_292' title='bbox 2279 1545 2649 1613; x_wconf 88' lang='lat' dir='ltr'><strong>arripientes,</strong></span> <span class='ocrx_word' id='word_1_293' title='bbox 2716 1559 2840 1598; x_wconf 90' lang='lat' dir='ltr'><strong>eum</strong></span> <span class='ocrx_word' id='word_1_294' title='bbox 2896 1555 3078 1599; x_wconf 89' lang='lat' dir='ltr'><strong>tamen</strong></span> <span class='ocrx_word' id='word_1_295' title='bbox 3145 1545 3360 1599; x_wconf 90' lang='lat' dir='ltr'><strong>laudem</strong></span> <span class='ocrx_word' id='word_1_296' title='bbox 3428 1549 3614 1615; x_wconf 88' lang='lat' dir='ltr'><strong>potius</strong></span> 
     </span>
    </p>
   </div>
   <div class='ocr_carea' id='block_1_44' title="bbox 2023 1637 3610 1707">
    <p class='ocr_par' dir='ltr' id='par_1_44' title="bbox 2023 1637 3610 1707">
     <span class='ocr_line' id='line_1_44' title="bbox 2023 1637 3610 1707; baseline 0.001 -18"><span class='ocrx_word' id='word_1_297' title='bbox 2023 1645 2338 1690; x_wconf 86' lang='lat' dir='ltr'><strong>mereantur</strong></span> <span class='ocrx_word' id='word_1_298' title='bbox 2394 1654 2410 1690; x_wconf 92' lang='lat'><strong>:</strong></span> <span class='ocrx_word' id='word_1_299' title='bbox 2465 1646 2631 1705; x_wconf 88' lang='lat' dir='ltr'><strong>atque</strong></span> <span class='ocrx_word' id='word_1_300' title='bbox 2672 1637 2834 1691; x_wconf 89' lang='lat' dir='ltr'><strong>etiam</strong></span> <span class='ocrx_word' id='word_1_301' title='bbox 2883 1647 2968 1705; x_wconf 89' lang='lat' dir='ltr'><strong>ut,</strong></span> <span class='ocrx_word' id='word_1_302' title='bbox 3040 1639 3213 1707; x_wconf 90' lang='lat' dir='ltr'><strong>ipsius</strong></span> <span class='ocrx_word' id='word_1_303' title='bbox 3271 1639 3610 1693; x_wconf 77' lang='lat' dir='ltr'><strong>divinitatem</strong></span> 
     </span>
    </p>
   </div>
   <div class='ocr_carea' id='block_1_45' title="bbox 2022 1728 3610 1809">
    <p class='ocr_par' dir='ltr' id='par_1_45' title="bbox 2022 1728 3610 1809">
     <span class='ocr_line' id='line_1_45' title="bbox 2022 1728 3610 1809; baseline 0.001 -27"><span class='ocrx_word' id='word_1_304' title='bbox 2022 1730 2311 1782; x_wconf 88' lang='lat' dir='ltr'><strong>metientes</strong></span> <span class='ocrx_word' id='word_1_305' title='bbox 2336 1741 2388 1783; x_wconf 91' lang='lat' dir='ltr'><strong>et</strong></span> <span class='ocrx_word' id='word_1_306' title='bbox 2416 1728 2960 1791; x_wconf 85' lang='lat' dir='ltr'><strong>circumscribentes,</strong></span> <span class='ocrx_word' id='word_1_307' title='bbox 2991 1740 3274 1809; x_wconf 80' lang='lat' dir='ltr'><strong>propterea</strong></span> <span class='ocrx_word' id='word_1_308' title='bbox 3304 1731 3448 1799; x_wconf 87' lang='lat' dir='ltr'><strong>quod</strong></span> <span class='ocrx_word' id='word_1_309' title='bbox 3482 1746 3610 1799; x_wconf 83' lang='lat' dir='ltr'><strong>pas-</strong></span> 
     </span>
    </p>
   </div>
   <div class='ocr_carea' id='block_1_46' title="bbox 2021 1821 3611 1891">
    <p class='ocr_par' dir='ltr' id='par_1_46' title="bbox 2021 1821 3611 1891">
     <span class='ocr_line' id='line_1_46' title="bbox 2021 1821 3611 1891; baseline -0.001 -15"><span class='ocrx_word' id='word_1_310' title='bbox 2021 1821 2233 1876; x_wconf 89' lang='lat' dir='ltr'><strong>sibilem</strong></span> <span class='ocrx_word' id='word_1_311' title='bbox 2286 1836 2508 1875; x_wconf 89' lang='lat' dir='ltr'><strong>carnem</strong></span> <span class='ocrx_word' id='word_1_312' title='bbox 2561 1822 2842 1890; x_wconf 90' lang='lat' dir='ltr'><strong>suscepit,</strong></span> <span class='ocrx_word' id='word_1_313' title='bbox 2898 1830 2958 1875; x_wconf 90' lang='lat' dir='ltr'><strong>ut</strong></span> <span class='ocrx_word' id='word_1_314' title='bbox 3008 1822 3213 1876; x_wconf 77' lang='lat' dir='ltr'><strong>nostris</strong></span> <span class='ocrx_word' id='word_1_315' title='bbox 3263 1822 3611 1891; x_wconf 88' lang='lat' dir='ltr'><strong>passionibns</strong></span> 
     </span>
    </p>
   </div>
   <div class='ocr_carea' id='block_1_47' title="bbox 2024 1909 3609 1980">
    <p class='ocr_par' dir='ltr' id='par_1_47' title="bbox 2024 1909 3609 1980">
     <span class='ocr_line' id='line_1_47' title="bbox 2024 1909 3609 1980; baseline 0 -15"><span class='ocrx_word' id='word_1_316' title='bbox 2024 1911 2354 1966; x_wconf 86' lang='lat' dir='ltr'><strong>mederetur.</strong></span> <span class='ocrx_word' id='word_1_317' title='bbox 2407 1909 2757 1966; x_wconf 87' lang='lat' dir='ltr'><strong>Tenehrosos</strong></span> <span class='ocrx_word' id='word_1_318' title='bbox 2806 1911 3035 1979; x_wconf 82' lang='lat' dir='ltr'><strong>insuper</strong></span> <span class='ocrx_word' id='word_1_319' title='bbox 3084 1910 3228 1966; x_wconf 79' lang='lat' dir='ltr'><strong>circa</strong></span> <span class='ocrx_word' id='word_1_320' title='bbox 3276 1911 3457 1967; x_wconf 89' lang='lat' dir='ltr'><strong>lucem</strong></span> <span class='ocrx_word' id='word_1_321' title='bbox 3508 1926 3609 1980; x_wconf 87' lang='lat' dir='ltr'><strong>ap-</strong></span> 
     </span>
    </p>
   </div>
   <div class='ocr_carea' id='block_1_48' title="bbox 2020 2001 3613 2073">
    <p class='ocr_par' dir='ltr' id='par_1_48' title="bbox 2020 2001 3613 2073">
     <span class='ocr_line' id='line_1_48' title="bbox 2020 2001 3613 2073; baseline 0 -17"><span class='ocrx_word' id='word_1_322' title='bbox 2020 2002 2222 2073; x_wconf 90' lang='lat' dir='ltr'><strong>pellat,</strong></span> <span class='ocrx_word' id='word_1_323' title='bbox 2271 2001 2416 2056; x_wconf 89' lang='lat' dir='ltr'><strong>velut</strong></span> <span class='ocrx_word' id='word_1_324' title='bbox 2464 2002 2530 2056; x_wconf 90' lang='lat' dir='ltr'><strong>ad</strong></span> <span class='ocrx_word' id='word_1_325' title='bbox 2575 2002 2861 2056; x_wconf 88' lang='lat' dir='ltr'><strong>veritatem</strong></span> <span class='ocrx_word' id='word_1_326' title='bbox 2917 2004 3033 2057; x_wconf 88' lang='lat' dir='ltr'><strong>sole</strong></span> <span class='ocrx_word' id='word_1_327' title='bbox 3082 2002 3368 2056; x_wconf 90' lang='lat' dir='ltr'><strong>clariorem</strong></span> <span class='ocrx_word' id='word_1_328' title='bbox 3420 2003 3613 2057; x_wconf 90' lang='lat' dir='ltr'><strong>oculos</strong></span> 
     </span>
    </p>
   </div>
   <div class='ocr_carea' id='block_1_49' title="bbox 2020 2091 3614 2161">
    <p class='ocr_par' dir='ltr' id='par_1_49' title="bbox 2020 2091 3614 2161">
     <span class='ocr_line' id='line_1_49' title="bbox 2020 2091 3614 2161; baseline -0.001 -14"><span class='ocrx_word' id='word_1_329' title='bbox 2020 2092 2360 2156; x_wconf 86' lang='lat' dir='ltr'><strong>claudentes,</strong></span> <span class='ocrx_word' id='word_1_330' title='bbox 2394 2092 2480 2146; x_wconf 86' lang='lat' dir='ltr'><strong>vel</strong></span> <span class='ocrx_word' id='word_1_331' title='bbox 2518 2093 2682 2147; x_wconf 86' lang='lat' dir='ltr'><strong>etiam</strong></span> <span class='ocrx_word' id='word_1_332' title='bbox 2721 2092 2790 2147; x_wconf 91' lang='lat' dir='ltr'><strong>ad</strong></span> <span class='ocrx_word' id='word_1_333' title='bbox 2832 2091 3012 2161; x_wconf 89' lang='lat' dir='ltr'><strong>ipsum</strong></span> <span class='ocrx_word' id='word_1_334' title='bbox 3058 2093 3361 2157; x_wconf 87' lang='lat' dir='ltr'><strong>Christum,</strong></span> <span class='ocrx_word' id='word_1_335' title='bbox 3396 2093 3488 2160; x_wconf 88' lang='lat' dir='ltr'><strong>qui</strong></span> <span class='ocrx_word' id='word_1_336' title='bbox 3525 2100 3614 2146; x_wconf 90' lang='lat' dir='ltr'><strong>est</strong></span> 
     </span>
    </p>
   </div>
   <div class='ocr_carea' id='block_1_50' title="bbox 2022 2184 3612 2254">
    <p class='ocr_par' dir='ltr' id='par_1_50' title="bbox 2022 2184 3612 2254">
     <span class='ocr_line' id='line_1_50' title="bbox 2022 2184 3612 2254; baseline 0 -15"><span class='ocrx_word' id='word_1_337' title='bbox 2022 2186 2118 2240; x_wconf 81' lang='lat' dir='ltr'><strong>lux</strong></span> <span class='ocrx_word' id='word_1_338' title='bbox 2153 2200 2281 2240; x_wconf 89' lang='lat' dir='ltr'><strong>vera</strong></span> <span class='ocrx_word' id='word_1_339' title='bbox 2313 2185 2356 2237; x_wconf 85' lang='grc'><strong>³.</strong></span> <span class='ocrx_word' id='word_1_340' title='bbox 2396 2184 2688 2254; x_wconf 85' lang='lat' dir='ltr'><strong>Imperitos</strong></span> <span class='ocrx_word' id='word_1_341' title='bbox 2718 2194 2900 2239; x_wconf 88' lang='lat' dir='ltr'><strong>autem</strong></span> <span class='ocrx_word' id='word_1_342' title='bbox 2938 2185 3085 2239; x_wconf 88' lang='lat' dir='ltr'><strong>circa</strong></span> <span class='ocrx_word' id='word_1_343' title='bbox 3119 2186 3473 2254; x_wconf 86' lang='lat' dir='ltr'><strong>sapientiam,-</strong></span> <span class='ocrx_word' id='word_1_344' title='bbox 3508 2187 3612 2239; x_wconf 87' lang='lat' dir='ltr'><strong>hoc</strong></span> 
     </span>
    </p>
   </div>
   <div class='ocr_carea' id='block_1_51' title="bbox 2023 2276 3608 2347">
    <p class='ocr_par' dir='ltr' id='par_1_51' title="bbox 2023 2276 3608 2347">
     <span class='ocr_line' id='line_1_51' title="bbox 2023 2276 3608 2347; baseline -0.001 -12"><span class='ocrx_word' id='word_1_345' title='bbox 2023 2288 2111 2336; x_wconf 88' lang='lat' dir='ltr'><strong>est</strong></span> <span class='ocrx_word' id='word_1_346' title='bbox 2136 2277 2280 2333; x_wconf 79' lang='lat' dir='ltr'><strong>circa</strong></span> <span class='ocrx_word' id='word_1_347' title='bbox 2310 2276 2593 2332; x_wconf 84' lang='lat' dir='ltr'><strong>Christum</strong></span> <span class='ocrx_word' id='word_1_348' title='bbox 2622 2277 2828 2346; x_wconf 85' lang='lat' dir='ltr'><strong>ipsum,</strong></span> <span class='ocrx_word' id='word_1_349' title='bbox 2854 2279 2946 2347; x_wconf 88' lang='lat' dir='ltr'><strong>qui</strong></span> <span class='ocrx_word' id='word_1_350' title='bbox 2978 2287 3062 2332; x_wconf 87' lang='lat' dir='ltr'><strong>est</strong></span> <span class='ocrx_word' id='word_1_351' title='bbox 3087 2278 3353 2346; x_wconf 85' lang='lat' dir='ltr'><strong>sapientia</strong></span> <span class='ocrx_word' id='word_1_352' title='bbox 3383 2279 3560 2333; x_wconf 83' lang='lat' dir='ltr'><strong>Patris</strong></span> <span class='ocrx_word' id='word_1_353' title='bbox 3586 2280 3608 2309; x_wconf 68' lang='grc'>⁸</span> 
     </span>
    </p>
   </div>
   <div class='ocr_carea' id='block_1_52' title="bbox 2020 2369 3612 2440">
    <p class='ocr_par' dir='ltr' id='par_1_52' title="bbox 2020 2369 3612 2440">
     <span class='ocr_line' id='line_1_52' title="bbox 2020 2369 3612 2440; baseline -0.002 -13"><span class='ocrx_word' id='word_1_354' title='bbox 2020 2387 2210 2427; x_wconf 88' lang='lat' dir='ltr'><strong>revera</strong></span> <span class='ocrx_word' id='word_1_355' title='bbox 2263 2369 2595 2434; x_wconf 87' lang='lat' dir='ltr'><strong>subsistens,</strong></span> <span class='ocrx_word' id='word_1_356' title='bbox 2653 2369 2742 2424; x_wconf 87' lang='lat' dir='ltr'><strong>vel</strong></span> <span class='ocrx_word' id='word_1_357' title='bbox 2792 2371 2957 2425; x_wconf 82' lang='lat' dir='ltr'><strong>etiam</strong></span> <span class='ocrx_word' id='word_1_358' title='bbox 2998 2378 3061 2424; x_wconf 90' lang='lat' dir='ltr'><strong>ut</strong></span> <span class='ocrx_word' id='word_1_359' title='bbox 3095 2369 3397 2425; x_wconf 89' lang='lat' dir='ltr'><strong>Salvatoris</strong></span> <span class='ocrx_word' id='word_1_360' title='bbox 3445 2385 3612 2440; x_wconf 86' lang='lat' dir='ltr'><strong>opera</strong></span> 
     </span>
    </p>
   </div>
   <div class='ocr_carea' id='block_1_53' title="bbox 2021 2459 3615 2532">
    <p class='ocr_par' dir='ltr' id='par_1_53' title="bbox 2021 2459 3615 2532">
     <span class='ocr_line' id='line_1_53' title="bbox 2021 2459 3615 2532; baseline -0.003 -12"><span class='ocrx_word' id='word_1_361' title='bbox 2021 2463 2306 2532; x_wconf 67' lang='lat' dir='ltr'><strong>sapientiae</strong></span> <span class='ocrx_word' id='word_1_362' title='bbox 2346 2461 2505 2532; x_wconf 89' lang='lat' dir='ltr'><strong>plena</strong></span> <span class='ocrx_word' id='word_1_363' title='bbox 2552 2475 2898 2531; x_wconf 88' lang='lat' dir='ltr'><strong>nequaquam</strong></span> <span class='ocrx_word' id='word_1_364' title='bbox 2950 2460 3338 2532; x_wconf 82' lang='lat' dir='ltr'><strong>intelligentes.</strong></span> <span class='ocrx_word' id='word_1_365' title='bbox 3387 2459 3493 2515; x_wconf 89' lang='lat' dir='ltr'><strong>Pro</strong></span> <span class='ocrx_word' id='word_1_366' title='bbox 3527 2462 3615 2515; x_wconf 89' lang='lat' dir='ltr'><strong>bis</strong></span> 
     </span>
    </p>
   </div>
   <div class='ocr_carea' id='block_1_54' title="bbox 2020 2551 3609 2609">
    <p class='ocr_par' dir='ltr' id='par_1_54' title="bbox 2020 2551 3609 2609">
     <span class='ocr_line' id='line_1_54' title="bbox 2020 2551 3609 2609; baseline -0.002 0"><span class='ocrx_word' id='word_1_367' title='bbox 2020 2555 2169 2609; x_wconf 89' lang='lat' dir='ltr'><strong>enim</strong></span> <span class='ocrx_word' id='word_1_368' title='bbox 2211 2553 2416 2607; x_wconf 74' lang='lat' dir='ltr'><strong>frustra</strong></span> <span class='ocrx_word' id='word_1_369' title='bbox 2451 2551 2708 2606; x_wconf 90' lang='lat' dir='ltr'><strong>Christus</strong></span> <span class='ocrx_word' id='word_1_370' title='bbox 2755 2561 3007 2607; x_wconf 90' lang='lat' dir='ltr'><strong>mortuus</strong></span> <span class='ocrx_word' id='word_1_371' title='bbox 3040 2562 3144 2608; x_wconf 88' lang='lat' dir='ltr'><strong>est.</strong></span> <span class='ocrx_word' id='word_1_372' title='bbox 3198 2553 3421 2607; x_wconf 89' lang='lat' dir='ltr'><strong>Piorum</strong></span> <span class='ocrx_word' id='word_1_373' title='bbox 3461 2552 3609 2606; x_wconf 89' lang='lat' dir='ltr'><strong>enim</strong></span> 
     </span>
    </p>
   </div>
   <div class='ocr_carea' id='block_1_55' title="bbox 2019 2628 3611 2717">
    <p class='ocr_par' dir='ltr' id='par_1_55' title="bbox 2019 2628 3611 2717">
     <span class='ocr_line' id='line_1_55' title="bbox 2019 2628 3611 2717; baseline -0.001 -14"><span class='ocrx_word' id='word_1_374' title='bbox 2019 2649 2289 2704; x_wconf 83' lang='lat' dir='ltr'><strong>duntaxat</strong></span> <span class='ocrx_word' id='word_1_375' title='bbox 2339 2647 2570 2701; x_wconf 85' lang='lat' dir='ltr'><strong>salutem</strong></span> <span class='ocrx_word' id='word_1_376' title='bbox 2621 2628 2868 2701; x_wconf 86' lang='lat' dir='ltr'><strong>lucratus</strong></span> <span class='ocrx_word' id='word_1_377' title='bbox 2913 2655 3020 2700; x_wconf 90' lang='lat' dir='ltr'><strong>est.</strong></span> <span class='ocrx_word' id='word_1_378' title='bbox 3061 2647 3127 2699; x_wconf 81' lang='lat' dir='ltr'><strong>Hi</strong></span> <span class='ocrx_word' id='word_1_379' title='bbox 3163 2646 3327 2701; x_wconf 91' lang='lat' dir='ltr'><strong>etiam</strong></span> <span class='ocrx_word' id='word_1_380' title='bbox 3377 2645 3611 2717; x_wconf 65' lang='lat' dir='ltr'><strong>ingratae</strong></span> 
     </span>
    </p>
   </div>
   <div class='ocr_carea' id='block_1_56' title="bbox 2021 2737 3609 2807">
    <p class='ocr_par' dir='ltr' id='par_1_56' title="bbox 2021 2737 3609 2807">
     <span class='ocr_line' id='line_1_56' title="bbox 2021 2737 3609 2807; baseline -0.003 -9"><span class='ocrx_word' id='word_1_381' title='bbox 2021 2751 2286 2798; x_wconf 68' lang='lat' dir='ltr'><strong>creatura:</strong></span> <span class='ocrx_word' id='word_1_382' title='bbox 2318 2746 2478 2803; x_wconf 90' lang='lat' dir='ltr'><strong>sunt;</strong></span> <span class='ocrx_word' id='word_1_383' title='bbox 2513 2752 2638 2792; x_wconf 89' lang='lat' dir='ltr'><strong>nam</strong></span> <span class='ocrx_word' id='word_1_384' title='bbox 2671 2751 2771 2806; x_wconf 92' lang='lat' dir='ltr'><strong>pro</strong></span> <span class='ocrx_word' id='word_1_385' title='bbox 2800 2751 2867 2790; x_wconf 89' lang='lat' dir='ltr'><strong>eo</strong></span> <span class='ocrx_word' id='word_1_386' title='bbox 2895 2737 3041 2807; x_wconf 90' lang='lat' dir='ltr'><strong>quod</strong></span> <span class='ocrx_word' id='word_1_387' title='bbox 3076 2751 3175 2806; x_wconf 89' lang='lat' dir='ltr'><strong>par</strong></span> <span class='ocrx_word' id='word_1_388' title='bbox 3203 2745 3323 2791; x_wconf 87' lang='lat' dir='ltr'><strong>erat</strong></span> <span class='ocrx_word' id='word_1_389' title='bbox 3349 2737 3609 2793; x_wconf 84' lang='lat' dir='ltr'><strong>Creatori</strong></span> 
     </span>
    </p>
   </div>
   <div class='ocr_carea' id='block_1_57' title="bbox 2026 2827 3612 2903">
    <p class='ocr_par' dir='ltr' id='par_1_57' title="bbox 2026 2827 3612 2903">
     <span class='ocr_line' id='line_1_57' title="bbox 2026 2827 3612 2903; baseline -0.001 -19"><span class='ocrx_word' id='word_1_390' title='bbox 2026 2833 2233 2903; x_wconf 73' lang='lat' dir='ltr'><strong>gratias</strong></span> <span class='ocrx_word' id='word_1_391' title='bbox 2261 2845 2443 2900; x_wconf 85' lang='lat' dir='ltr'><strong>agere,</strong></span> <span class='ocrx_word' id='word_1_392' title='bbox 2470 2829 2617 2898; x_wconf 89' lang='lat' dir='ltr'><strong>quod</strong></span> <span class='ocrx_word' id='word_1_393' title='bbox 2645 2842 2834 2882; x_wconf 84' lang='lat' dir='ltr'><strong>eorum</strong></span> <span class='ocrx_word' id='word_1_394' title='bbox 2867 2842 3036 2882; x_wconf 86' lang='lat' dir='ltr'><strong>causa</strong></span> <span class='ocrx_word' id='word_1_395' title='bbox 3068 2827 3184 2897; x_wconf 92' lang='lat' dir='ltr'><strong>ipse</strong></span> <span class='ocrx_word' id='word_1_396' title='bbox 3213 2842 3431 2896; x_wconf 89' lang='lat' dir='ltr'><strong>quoque</strong></span> <span class='ocrx_word' id='word_1_397' title='bbox 3457 2842 3612 2883; x_wconf 84' lang='lat' dir='ltr'><strong>crea-</strong></span> 
     </span>
    </p>
   </div>
   <div class='ocr_carea' id='block_1_58' title="bbox 2018 2919 3604 2989">
    <p class='ocr_par' dir='ltr' id='par_1_58' title="bbox 2018 2919 3604 2989">
     <span class='ocr_line' id='line_1_58' title="bbox 2018 2919 3604 2989; baseline -0.003 -10"><span class='ocrx_word' id='word_1_398' title='bbox 2018 2932 2143 2979; x_wconf 88' lang='lat' dir='ltr'><strong>tura</strong></span> <span class='ocrx_word' id='word_1_399' title='bbox 2176 2923 2353 2977; x_wconf 83' lang='lat' dir='ltr'><strong>factus</strong></span> <span class='ocrx_word' id='word_1_400' title='bbox 2379 2930 2546 2983; x_wconf 86' lang='lat' dir='ltr'><strong>esset,</strong></span> <span class='ocrx_word' id='word_1_401' title='bbox 2574 2919 2676 2989; x_wconf 88' lang='lat' dir='ltr'><strong>ipsi</strong></span> <span class='ocrx_word' id='word_1_402' title='bbox 2701 2928 2891 2974; x_wconf 85' lang='lat' dir='ltr'><strong>contra</strong></span> <span class='ocrx_word' id='word_1_403' title='bbox 2924 2919 3239 2987; x_wconf 88' lang='lat' dir='ltr'><strong>hujusmodi</strong></span> <span class='ocrx_word' id='word_1_404' title='bbox 3274 2919 3604 2974; x_wconf 85' lang='lat' dir='ltr'><strong>beneﬁcium</strong></span> 
     </span>
    </p>
   </div>
   <div class='ocr_carea' id='block_1_59' title="bbox 2020 3011 3608 3083">
    <p class='ocr_par' dir='ltr' id='par_1_59' title="bbox 2020 3011 3608 3083">
     <span class='ocr_line' id='line_1_59' title="bbox 2020 3011 3608 3083; baseline -0.004 -11"><span class='ocrx_word' id='word_1_405' title='bbox 2020 3017 2076 3073; x_wconf 86' lang='lat' dir='ltr'><strong>in</strong></span> <span class='ocrx_word' id='word_1_406' title='bbox 2115 3014 2472 3083; x_wconf 70' lang='lat' dir='ltr'><strong>blasphemia:</strong></span> <span class='ocrx_word' id='word_1_407' title='bbox 2508 3013 2860 3067; x_wconf 89' lang='lat' dir='ltr'><strong>occasionem</strong></span> <span class='ocrx_word' id='word_1_408' title='bbox 2907 3011 3218 3076; x_wconf 84' lang='lat' dir='ltr'><strong>trahebant,</strong></span> <span class='ocrx_word' id='word_1_409' title='bbox 3261 3011 3608 3066; x_wconf 85' lang='lat' dir='ltr'><strong>divinitatem</strong></span> 
     </span>
    </p>
   </div>
   <div class='ocr_carea' id='block_1_60' title="bbox 2019 3102 3608 3179">
    <p class='ocr_par' dir='ltr' id='par_1_60' title="bbox 2019 3102 3608 3179">
     <span class='ocr_line' id='line_1_60' title="bbox 2019 3102 3608 3179; baseline -0.004 -16"><span class='ocrx_word' id='word_1_410' title='bbox 2019 3110 2140 3179; x_wconf 85' lang='lat' dir='ltr'><strong>ejus</strong></span> <span class='ocrx_word' id='word_1_411' title='bbox 2170 3116 2407 3161; x_wconf 85' lang='lat' dir='ltr'><strong>creatam</strong></span> <span class='ocrx_word' id='word_1_412' title='bbox 2434 3119 2556 3160; x_wconf 89' lang='lat' dir='ltr'><strong>esse</strong></span> <span class='ocrx_word' id='word_1_413' title='bbox 2588 3104 2947 3167; x_wconf 87' lang='lat' dir='ltr'><strong>blaterantes,</strong></span> <span class='ocrx_word' id='word_1_414' title='bbox 2981 3117 3090 3157; x_wconf 89' lang='lat' dir='ltr'><strong>non</strong></span> <span class='ocrx_word' id='word_1_415' title='bbox 3126 3112 3310 3156; x_wconf 81' lang='lat' dir='ltr'><strong>autem</strong></span> <span class='ocrx_word' id='word_1_416' title='bbox 3347 3102 3608 3158; x_wconf 83' lang='lat' dir='ltr'><strong>humani-</strong></span> 
     </span>
    </p>
   </div>
   <div class='ocr_carea' id='block_1_61' title="bbox 330 3194 3607 3267">
    <p class='ocr_par' dir='ltr' id='par_1_61' title="bbox 330 3194 3607 3267">
     <span class='ocr_line' id='line_1_61' title="bbox 330 3194 3607 3267; baseline -0.001 -17"><span class='ocrx_word' id='word_1_417' title='bbox 330 3196 543 3250; x_wconf 85' lang='lat' dir='ltr'><strong>salutis.</strong></span> <span class='ocrx_word' id='word_1_418' title='bbox 569 3195 847 3250; x_wconf 79' lang='lat' dir='ltr'><strong>Justitiam</strong></span> <span class='ocrx_word' id='word_1_419' title='bbox 878 3206 1082 3257; x_wconf 89' lang='lat' dir='ltr'><strong>autem,</strong></span> <span class='ocrx_word' id='word_1_420' title='bbox 1108 3194 1386 3266; x_wconf 81' lang='lat' dir='ltr'><strong>Evangelii</strong></span> <span class='ocrx_word' id='word_1_421' title='bbox 1415 3197 1908 3267; x_wconf 79' lang='lat' dir='ltr'><strong>promulgationem</strong></span> <span class='ocrx_word' id='word_1_422' title='bbox 1937 3197 1982 3256; x_wconf 85' lang='lat' dir='ltr'><strong>C</strong></span> <span class='ocrx_word' id='word_1_423' title='bbox 2014 3211 2202 3257; x_wconf 88' lang='lat' dir='ltr'><strong>tatem.</strong></span> <span class='ocrx_word' id='word_1_424' title='bbox 2243 3197 2308 3253; x_wconf 82' lang='lat' dir='ltr'><strong>Hi</strong></span> <span class='ocrx_word' id='word_1_425' title='bbox 2339 3198 2505 3254; x_wconf 88' lang='lat' dir='ltr'><strong>etiam</strong></span> <span class='ocrx_word' id='word_1_426' title='bbox 2542 3196 2744 3251; x_wconf 90' lang='lat' dir='ltr'><strong>diaboli</strong></span> <span class='ocrx_word' id='word_1_427' title='bbox 2796 3195 3053 3265; x_wconf 83' lang='lat' dir='ltr'><strong>ﬁgmenta</strong></span> <span class='ocrx_word' id='word_1_428' title='bbox 3088 3196 3292 3250; x_wconf 89' lang='lat' dir='ltr'><strong>merito</strong></span> <span class='ocrx_word' id='word_1_429' title='bbox 3329 3194 3438 3250; x_wconf 86' lang='lat' dir='ltr'><strong>dici</strong></span> <span class='ocrx_word' id='word_1_430' title='bbox 3473 3211 3607 3263; x_wconf 88' lang='lat' dir='ltr'><strong>pos-</strong></span> 
     </span>
    </p>
   </div>
   <div class='ocr_carea' id='block_1_62' title="bbox 327 3287 1914 3359">
    <p class='ocr_par' dir='ltr' id='par_1_62' title="bbox 327 3287 1914 3359">
     <span class='ocr_line' id='line_1_62' title="bbox 327 3287 1914 3359; baseline 0.002 -18"><span class='ocrx_word' id='word_1_431' title='bbox 327 3297 513 3352; x_wconf 81' lang='lat' dir='ltr'><strong>vocat,</strong></span> <span class='ocrx_word' id='word_1_432' title='bbox 561 3304 663 3358; x_wconf 89' lang='lat' dir='ltr'><strong>qua</strong></span> <span class='ocrx_word' id='word_1_433' title='bbox 712 3293 859 3341; x_wconf 88' lang='lat' dir='ltr'><strong>terra</strong></span> <span class='ocrx_word' id='word_1_434' title='bbox 901 3287 1205 3357; x_wconf 83' lang='lat' dir='ltr'><strong>justiﬁeata</strong></span> <span class='ocrx_word' id='word_1_435' title='bbox 1234 3298 1349 3353; x_wconf 87' lang='lat' dir='ltr'><strong>est;</strong></span> <span class='ocrx_word' id='word_1_436' title='bbox 1387 3304 1510 3358; x_wconf 69' lang='lat' dir='ltr'><strong>qum</strong></span> <span class='ocrx_word' id='word_1_437' title='bbox 1558 3298 1914 3359; x_wconf 83' lang='lat' dir='ltr'><strong>posteaquam</strong></span> 
     </span>
    </p>
   </div>
   <div class='ocr_carea' id='block_1_63' title="bbox 331 3375 1919 3452">
    <p class='ocr_par' dir='ltr' id='par_1_63' title="bbox 331 3375 1919 3452">
     <span class='ocr_line' id='line_1_63' title="bbox 331 3375 1919 3452; baseline 0.001 -18"><span class='ocrx_word' id='word_1_438' title='bbox 331 3379 550 3434; x_wconf 86' lang='lat' dir='ltr'><strong>locutus</strong></span> <span class='ocrx_word' id='word_1_439' title='bbox 573 3389 656 3432; x_wconf 86' lang='lat' dir='ltr'><strong>est</strong></span> <span class='ocrx_word' id='word_1_440' title='bbox 678 3375 955 3442; x_wconf 87' lang='lat' dir='ltr'><strong>Christus,</strong></span> <span class='ocrx_word' id='word_1_441' title='bbox 984 3379 1161 3449; x_wconf 79' lang='lat' dir='ltr'><strong>angeli</strong></span> <span class='ocrx_word' id='word_1_442' title='bbox 1185 3394 1308 3433; x_wconf 86' lang='lat' dir='ltr'><strong>eum</strong></span> <span class='ocrx_word' id='word_1_443' title='bbox 1338 3395 1529 3434; x_wconf 88' lang='lat' dir='ltr'><strong>rursus</strong></span> <span class='ocrx_word' id='word_1_444' title='bbox 1581 3380 1919 3452; x_wconf 80' lang='lat' dir='ltr'><strong>interrogant</strong></span> 
     </span>
    </p>
   </div>
   <div class='ocr_carea' id='block_1_64' title="bbox 328 3469 1917 3537">
    <p class='ocr_par' dir='ltr' id='par_1_64' title="bbox 328 3469 1917 3537">
     <span class='ocr_line' id='line_1_64' title="bbox 328 3469 1917 3537; baseline 0 -10"><span class='ocrx_word' id='word_1_445' title='bbox 328 3487 397 3527; x_wconf 77' lang='lat' dir='ltr'><strong>ac</strong></span> <span class='ocrx_word' id='word_1_446' title='bbox 445 3472 632 3526; x_wconf 89' lang='lat' dir='ltr'><strong>dicunt</strong></span> <span class='ocrx_word' id='word_1_447' title='bbox 680 3489 695 3526; x_wconf 90' lang='lat'><strong>:</strong></span> <span class='ocrx_word' id='word_1_448' title='bbox 748 3469 926 3534; x_wconf 83' lang='lat' dir='ltr'><strong>Quare</strong></span> <span class='ocrx_word' id='word_1_449' title='bbox 972 3479 1097 3523; x_wconf 82' lang='lat' dir='ltr'><strong>sunt</strong></span> <span class='ocrx_word' id='word_1_450' title='bbox 1128 3470 1290 3523; x_wconf 83' lang='lat' dir='ltr'><strong>rubra</strong></span> <span class='ocrx_word' id='word_1_451' title='bbox 1331 3472 1640 3525; x_wconf 80' lang='lat' dir='ltr'><strong>vestimenta</strong></span> <span class='ocrx_word' id='word_1_452' title='bbox 1689 3481 1803 3537; x_wconf 85' lang='lat' dir='ltr'><strong>tua,</strong></span> <span class='ocrx_word' id='word_1_453' title='bbox 1867 3483 1917 3527; x_wconf 80' lang='lat' dir='ltr'><strong>et</strong></span> 
     </span>
    </p>
   </div>
   <div class='ocr_carea' id='block_1_65' title="bbox 330 3561 1916 3627">
    <p class='ocr_par' dir='ltr' id='par_1_65' title="bbox 330 3561 1916 3627">
     <span class='ocr_line' id='line_1_65' title="bbox 330 3561 1916 3627; baseline 0.001 -9"><span class='ocrx_word' id='word_1_454' title='bbox 330 3562 659 3627; x_wconf 79' lang='lat' dir='ltr'><strong>indumenta,</strong></span> <span class='ocrx_word' id='word_1_455' title='bbox 697 3578 802 3616; x_wconf 84' lang='lat' dir='ltr'><strong>non</strong></span> <span class='ocrx_word' id='word_1_456' title='bbox 841 3578 988 3615; x_wconf 70' lang='lat' dir='ltr'><strong>secus</strong></span> <span class='ocrx_word' id='word_1_457' title='bbox 1026 3577 1088 3615; x_wconf 89' lang='lat' dir='ltr'><strong>ac</strong></span> <span class='ocrx_word' id='word_1_458' title='bbox 1123 3561 1406 3616; x_wconf 86' lang='lat' dir='ltr'><strong>torcularis</strong></span> <span class='ocrx_word' id='word_1_459' title='bbox 1446 3564 1640 3617; x_wconf 83' lang='lat' dir='ltr'><strong>calcati</strong></span> <span class='ocrx_word' id='word_1_460' title='bbox 1674 3567 1689 3596; x_wconf 81' lang='grc'>⁸</span> <span class='ocrx_word' id='word_1_461' title='bbox 1711 3574 1735 3620; x_wconf 75' lang='grc' dir='ltr'><strong>ὶ¹</strong></span> <span class='ocrx_word' id='word_1_462' title='bbox 1773 3564 1916 3620; x_wconf 79' lang='lat' dir='ltr'><strong>Caro</strong></span> 
     </span>
    </p>
   </div>
   <div class='ocr_carea' id='block_1_66' title="bbox 328 3653 1914 3716">
    <p class='ocr_par' dir='ltr' id='par_1_66' title="bbox 328 3653 1914 3716">
     <span class='ocr_line' id='line_1_66' title="bbox 328 3653 1914 3716; baseline 0.001 -5"><span class='ocrx_word' id='word_1_463' title='bbox 328 3655 478 3711; x_wconf 82' lang='lat' dir='ltr'><strong>enim</strong></span> <span class='ocrx_word' id='word_1_464' title='bbox 524 3670 722 3711; x_wconf 83' lang='lat' dir='ltr'><strong>cruore</strong></span> <span class='ocrx_word' id='word_1_465' title='bbox 755 3656 961 3710; x_wconf 68' lang='grc' dir='ltr'><strong>δυσυδθ</strong></span> <span class='ocrx_word' id='word_1_466' title='bbox 991 3653 1338 3716; x_wconf 85' lang='lat' dir='ltr'><strong>cernebatur,</strong></span> <span class='ocrx_word' id='word_1_467' title='bbox 1372 3664 1427 3708; x_wconf 72' lang='lat' dir='ltr'><strong>Cl</strong></span> <span class='ocrx_word' id='word_1_468' title='bbox 1456 3657 1607 3710; x_wconf 75' lang='lat' dir='ltr'><strong>VCllll</strong></span> <span class='ocrx_word' id='word_1_469' title='bbox 1634 3671 1697 3710; x_wconf 81' lang='lat' dir='ltr'><strong>ex</strong></span> <span class='ocrx_word' id='word_1_470' title='bbox 1734 3668 1914 3712; x_wconf 75' lang='grc' dir='ltr'><strong>ιιιιιειο</strong></span> 
     </span>
    </p>
   </div>
   <div class='ocr_carea' id='block_1_67' title="bbox 329 3747 1914 3803">
    <p class='ocr_par' dir='ltr' id='par_1_67' title="bbox 329 3747 1914 3803">
     <span class='ocr_line' id='line_1_67' title="bbox 329 3747 1914 3803; baseline 0 0"><span class='ocrx_word' id='word_1_471' title='bbox 329 3749 401 3803; x_wconf 88' lang='lat' dir='ltr'><strong>ad</strong></span> <span class='ocrx_word' id='word_1_472' title='bbox 433 3750 658 3803; x_wconf 87' lang='lat' dir='ltr'><strong>rubrum</strong></span> <span class='ocrx_word' id='word_1_473' title='bbox 692 3749 932 3803; x_wconf 90' lang='lat' dir='ltr'><strong>colorem</strong></span> <span class='ocrx_word' id='word_1_474' title='bbox 965 3748 1157 3803; x_wconf 90' lang='lat' dir='ltr'><strong>tincta.</strong></span> <span class='ocrx_word' id='word_1_475' title='bbox 1185 3747 1436 3803; x_wconf 89' lang='lat' dir='ltr'><strong>Christus</strong></span> <span class='ocrx_word' id='word_1_476' title='bbox 1462 3759 1640 3802; x_wconf 88' lang='lat' dir='ltr'><strong>autem</strong></span> <span class='ocrx_word' id='word_1_477' title='bbox 1671 3749 1914 3803; x_wconf 82' lang='lat' dir='ltr'><strong>secundo</strong></span> 
     </span>
    </p>
   </div>
   <div class='ocr_carea' id='block_1_68' title="bbox 330 3839 1913 3911">
    <p class='ocr_par' dir='ltr' id='par_1_68' title="bbox 330 3839 1913 3911">
     <span class='ocr_line' id='line_1_68' title="bbox 330 3839 1913 3911; baseline -0.001 -14"><span class='ocrx_word' id='word_1_478' title='bbox 330 3844 628 3911; x_wconf 82' lang='lat' dir='ltr'><strong>respondet</strong></span> <span class='ocrx_word' id='word_1_479' title='bbox 664 3860 676 3895; x_wconf 90' lang='lat'>:</span> <span class='ocrx_word' id='word_1_480' title='bbox 712 3839 973 3894; x_wconf 85' lang='lat' dir='ltr'><strong>Torcular</strong></span> <span class='ocrx_word' id='word_1_481' title='bbox 1009 3841 1209 3894; x_wconf 82' lang='lat' dir='ltr'><strong>calcavi</strong></span> <span class='ocrx_word' id='word_1_482' title='bbox 1259 3840 1426 3902; x_wconf 76' lang='lat' dir='ltr'><strong>solus,</strong></span> <span class='ocrx_word' id='word_1_483' title='bbox 1467 3849 1517 3893; x_wconf 83' lang='lat' dir='ltr'><strong>et</strong></span> <span class='ocrx_word' id='word_1_484' title='bbox 1560 3855 1625 3893; x_wconf 76' lang='lat' dir='ltr'><strong>ea:</strong></span> <span class='ocrx_word' id='word_1_485' title='bbox 1672 3839 1913 3910; x_wconf 82' lang='lat' dir='ltr'><strong>gentibus</strong></span> 
     </span>
    </p>
   </div>
   <div class='ocr_carea' id='block_1_69' title="bbox 329 3931 1915 4002">
    <p class='ocr_par' dir='ltr' id='par_1_69' title="bbox 329 3931 1915 4002">
     <span class='ocr_line' id='line_1_69' title="bbox 329 3931 1915 4002; baseline -0.001 -14"><span class='ocrx_word' id='word_1_486' title='bbox 329 3935 412 3988; x_wconf 74' lang='lat' dir='ltr'><strong>vir</strong></span> <span class='ocrx_word' id='word_1_487' title='bbox 461 3933 635 3986; x_wconf 87' lang='lat' dir='ltr'><strong>nullus</strong></span> <span class='ocrx_word' id='word_1_488' title='bbox 683 3949 888 3987; x_wconf 86' lang='lat' dir='ltr'><strong>mecum</strong></span> <span class='ocrx_word' id='word_1_489' title='bbox 939 3933 1038 4001; x_wconf 79' lang='lat' dir='ltr'><strong>fuit</strong></span> <span class='ocrx_word' id='word_1_490' title='bbox 1076 3932 1119 3997; x_wconf 79' lang='grc'><strong>⁸,</strong></span> <span class='ocrx_word' id='word_1_491' title='bbox 1160 3931 1213 3988; x_wconf 88' lang='lat' dir='ltr'><strong>id</strong></span> <span class='ocrx_word' id='word_1_492' title='bbox 1261 3940 1388 3997; x_wconf 87' lang='lat' dir='ltr'><strong>est,</strong></span> <span class='ocrx_word' id='word_1_493' title='bbox 1430 3947 1591 3987; x_wconf 89' lang='lat' dir='ltr'><strong>nemo</strong></span> <span class='ocrx_word' id='word_1_494' title='bbox 1643 3932 1777 3986; x_wconf 90' lang='lat' dir='ltr'><strong>mihi</strong></span> <span class='ocrx_word' id='word_1_495' title='bbox 1818 3948 1915 4002; x_wconf 84' lang='lat' dir='ltr'><strong>pa-</strong></span> 
     </span>
    </p>
   </div>
   <div class='ocr_carea' id='block_1_70' title="bbox 332 4024 1910 4095">
    <p class='ocr_par' dir='ltr' id='par_1_70' title="bbox 332 4024 1910 4095">
     <span class='ocr_line' id='line_1_70' title="bbox 332 4024 1910 4095; baseline -0.001 -16"><span class='ocrx_word' id='word_1_496' title='bbox 332 4026 486 4085; x_wconf 89' lang='lat' dir='ltr'><strong>tienti</strong></span> <span class='ocrx_word' id='word_1_497' title='bbox 539 4024 734 4087; x_wconf 84' lang='lat' dir='ltr'><strong>adfuit,</strong></span> <span class='ocrx_word' id='word_1_498' title='bbox 775 4026 1098 4094; x_wconf 77' lang='lat' dir='ltr'><strong>seciutnque</strong></span> <span class='ocrx_word' id='word_1_499' title='bbox 1155 4024 1474 4080; x_wconf 90' lang='lat' dir='ltr'><strong>certaminis</strong></span> <span class='ocrx_word' id='word_1_500' title='bbox 1523 4041 1581 4080; x_wconf 90' lang='lat' dir='ltr'><strong>se</strong></span> <span class='ocrx_word' id='word_1_501' title='bbox 1621 4024 1852 4095; x_wconf 61' lang='lat' dir='ltr'><strong>prmbuit</strong></span> <span class='ocrx_word' id='word_1_502' title='bbox 1894 4041 1910 4078; x_wconf 90' lang='lat'><strong>:</strong></span> 
     </span>
    </p>
   </div>
   <div class='ocr_carea' id='block_1_71' title="bbox 333 4113 1914 4184">
    <p class='ocr_par' dir='ltr' id='par_1_71' title="bbox 333 4113 1914 4184">
     <span class='ocr_line' id='line_1_71' title="bbox 333 4113 1914 4184; baseline -0.001 -14"><span class='ocrx_word' id='word_1_503' title='bbox 333 4130 523 4170; x_wconf 86' lang='lat' dir='ltr'><strong>verum</strong></span> <span class='ocrx_word' id='word_1_504' title='bbox 557 4116 711 4170; x_wconf 91' lang='lat' dir='ltr'><strong>solus</strong></span> <span class='ocrx_word' id='word_1_505' title='bbox 747 4124 914 4169; x_wconf 81' lang='lat' dir='ltr'><strong>totam</strong></span> <span class='ocrx_word' id='word_1_506' title='bbox 948 4113 1151 4168; x_wconf 80' lang='lat' dir='ltr'><strong>dlaboli</strong></span> <span class='ocrx_word' id='word_1_507' title='bbox 1184 4114 1508 4183; x_wconf 81' lang='lat' dir='ltr'><strong>potentiam,</strong></span> <span class='ocrx_word' id='word_1_508' title='bbox 1538 4115 1696 4184; x_wconf 88' lang='lat' dir='ltr'><strong>quasi</strong></span> <span class='ocrx_word' id='word_1_509' title='bbox 1730 4124 1914 4169; x_wconf 87' lang='lat' dir='ltr'><strong>torcu—</strong></span> 
     </span>
    </p>
   </div>
   <div class='ocr_carea' id='block_1_72' title="bbox 331 4204 1913 4276">
    <p class='ocr_par' dir='ltr' id='par_1_72' title="bbox 331 4204 1913 4276">
     <span class='ocr_line' id='line_1_72' title="bbox 331 4204 1913 4276; baseline 0.001 -15"><span class='ocrx_word' id='word_1_510' title='bbox 331 4207 434 4262; x_wconf 89' lang='lat' dir='ltr'><strong>lari</strong></span> <span class='ocrx_word' id='word_1_511' title='bbox 476 4222 607 4261; x_wconf 82' lang='lat' dir='ltr'><strong>uvas</strong></span> <span class='ocrx_word' id='word_1_512' title='bbox 636 4207 904 4276; x_wconf 78' lang='lat' dir='ltr'><strong>expressi,</strong></span> <span class='ocrx_word' id='word_1_513' title='bbox 941 4221 1006 4261; x_wconf 88' lang='lat' dir='ltr'><strong>ac</strong></span> <span class='ocrx_word' id='word_1_514' title='bbox 1035 4204 1204 4260; x_wconf 89' lang='lat' dir='ltr'><strong>duros</strong></span> <span class='ocrx_word' id='word_1_515' title='bbox 1231 4216 1286 4260; x_wconf 93' lang='lat' dir='ltr'><strong>et</strong></span> <span class='ocrx_word' id='word_1_516' title='bbox 1312 4217 1666 4261; x_wconf 85' lang='lat' dir='ltr'><strong>contumaces</strong></span> <span class='ocrx_word' id='word_1_517' title='bbox 1695 4205 1913 4263; x_wconf 81' lang='lat' dir='ltr'><strong>Judaeos</strong></span> 
     </span>
    </p>
   </div>
   <div class='ocr_carea' id='block_1_73' title="bbox 328 4292 1913 4364">
    <p class='ocr_par' dir='ltr' id='par_1_73' title="bbox 328 4292 1913 4364">
     <span class='ocr_line' id='line_1_73' title="bbox 328 4292 1913 4364; baseline 0 -14"><span class='ocrx_word' id='word_1_518' title='bbox 328 4294 581 4350; x_wconf 88' lang='lat' dir='ltr'><strong>contrivi.</strong></span> <span class='ocrx_word' id='word_1_519' title='bbox 623 4292 734 4349; x_wconf 84' lang='lat' dir='ltr'><strong>llas</strong></span> <span class='ocrx_word' id='word_1_520' title='bbox 780 4294 923 4363; x_wconf 89' lang='lat' dir='ltr'><strong>apud</strong></span> <span class='ocrx_word' id='word_1_521' title='bbox 974 4294 1171 4349; x_wconf 86' lang='lat' dir='ltr'><strong>Isaiam</strong></span> <span class='ocrx_word' id='word_1_522' title='bbox 1213 4295 1674 4364; x_wconf 81' lang='lat' dir='ltr'><strong>interrogationes</strong></span> <span class='ocrx_word' id='word_1_523' title='bbox 1723 4305 1779 4351; x_wconf 91' lang='lat' dir='ltr'><strong>et</strong></span> <span class='ocrx_word' id='word_1_524' title='bbox 1825 4311 1913 4350; x_wconf 90' lang='lat' dir='ltr'><strong>re-</strong></span> 
     </span>
    </p>
   </div>
   <div class='ocr_carea' id='block_1_74' title="bbox 328 4387 1911 4459">
    <p class='ocr_par' dir='ltr' id='par_1_74' title="bbox 328 4387 1911 4459">
     <span class='ocr_line' id='line_1_74' title="bbox 328 4387 1911 4459; baseline 0 -16"><span class='ocrx_word' id='word_1_525' title='bbox 328 4389 658 4458; x_wconf 71' lang='lat' dir='ltr'><strong>sponsiones</strong></span> <span class='ocrx_word' id='word_1_526' title='bbox 697 4387 1006 4456; x_wconf 84' lang='lat' dir='ltr'><strong>Theologus</strong></span> <span class='ocrx_word' id='word_1_527' title='bbox 1052 4389 1495 4459; x_wconf 80' lang='grc' dir='ltr'><strong>δραματουργίαν</strong></span> <span class='ocrx_word' id='word_1_528' title='bbox 1538 4390 1774 4454; x_wconf 84' lang='lat' dir='ltr'><strong>vocavit,</strong></span> <span class='ocrx_word' id='word_1_529' title='bbox 1805 4405 1911 4445; x_wconf 91' lang='lat' dir='ltr'><strong>non</strong></span> 
     </span>
    </p>
   </div>
   <div class='ocr_carea' id='block_1_75' title="bbox 327 4476 1911 4549">
    <p class='ocr_par' dir='ltr' id='par_1_75' title="bbox 327 4476 1911 4549">
     <span class='ocr_line' id='line_1_75' title="bbox 327 4476 1911 4549; baseline 0.002 -17"><span class='ocrx_word' id='word_1_530' title='bbox 327 4478 523 4532; x_wconf 82' lang='lat' dir='ltr'><strong>falsam</strong></span> <span class='ocrx_word' id='word_1_531' title='bbox 549 4476 1002 4547; x_wconf 84' lang='lat' dir='ltr'><strong>compositionem</strong></span> <span class='ocrx_word' id='word_1_532' title='bbox 1031 4477 1341 4547; x_wconf 81' lang='lat' dir='ltr'><strong>intelligens</strong></span> <span class='ocrx_word' id='word_1_533' title='bbox 1364 4480 1576 4549; x_wconf 88' lang='lat' dir='ltr'><strong>(quales</strong></span> <span class='ocrx_word' id='word_1_534' title='bbox 1602 4491 1731 4535; x_wconf 89' lang='lat' dir='ltr'><strong>sunt</strong></span> <span class='ocrx_word' id='word_1_535' title='bbox 1754 4491 1911 4535; x_wconf 89' lang='lat' dir='ltr'><strong>actus</strong></span> 
     </span>
    </p>
   </div>
   <div class='ocr_carea' id='block_1_76' title="bbox 326 4565 1913 4643">
    <p class='ocr_par' dir='ltr' id='par_1_76' title="bbox 326 4565 1913 4643">
     <span class='ocr_line' id='line_1_76' title="bbox 326 4565 1913 4643; baseline 0.001 -16"><span class='ocrx_word' id='word_1_536' title='bbox 326 4572 610 4643; x_wconf 80' lang='lat' dir='ltr'><strong>fabulosi),</strong></span> <span class='ocrx_word' id='word_1_537' title='bbox 647 4565 968 4641; x_wconf 72' lang='lat' dir='ltr'><strong>sed’genus</strong></span> <span class='ocrx_word' id='word_1_538' title='bbox 1009 4571 1283 4627; x_wconf 88' lang='lat' dir='ltr'><strong>scribendi</strong></span> <span class='ocrx_word' id='word_1_539' title='bbox 1340 4573 1413 4626; x_wconf 89' lang='lat' dir='ltr'><strong>ita</strong></span> <span class='ocrx_word' id='word_1_540' title='bbox 1464 4573 1801 4640; x_wconf 76' lang='lat' dir='ltr'><strong>institutum,</strong></span> <span class='ocrx_word' id='word_1_541' title='bbox 1852 4587 1913 4630; x_wconf 91' lang='lat' dir='ltr'><strong>ut</strong></span> 
     </span>
    </p>
   </div>
   <div class='ocr_carea' id='block_1_77' title="bbox 328 4662 1911 4755">
    <p class='ocr_par' dir='ltr' id='par_1_77' title="bbox 328 4662 1911 4755">
     <span class='ocr_line' id='line_1_77' title="bbox 328 4662 1911 4755; baseline 0.001 -39"><span class='ocrx_word' id='word_1_542' title='bbox 328 4678 598 4739; x_wconf 86' lang='lat' dir='ltr'><strong>personas</strong></span> <span class='ocrx_word' id='word_1_543' title='bbox 634 4664 921 4733; x_wconf 82' lang='lat' dir='ltr'><strong>loquentes</strong></span> <span class='ocrx_word' id='word_1_544' title='bbox 957 4663 1173 4716; x_wconf 84' lang='lat' dir='ltr'><strong>habeat.</strong></span> <span class='ocrx_word' id='word_1_545' title='bbox 1222 4662 1557 4731; x_wconf 83' lang='lat' dir='ltr'><strong>Angelorum</strong></span> <span class='ocrx_word' id='word_1_546' title='bbox 1599 4665 1746 4718; x_wconf 87' lang='lat' dir='ltr'><strong>enim</strong></span> <span class='ocrx_word' id='word_1_547' title='bbox 1794 4665 1911 4755; x_wconf 63' lang='lat' dir='ltr'><strong>alii,</strong></span> 
     </span>
    </p>
   </div>
   <div class='ocr_carea' id='block_1_78' title="bbox 326 4754 1914 4825">
    <p class='ocr_par' dir='ltr' id='par_1_78' title="bbox 326 4754 1914 4825">
     <span class='ocr_line' id='line_1_78' title="bbox 326 4754 1914 4825; baseline -0.001 -14"><span class='ocrx_word' id='word_1_548' title='bbox 326 4756 480 4811; x_wconf 75' lang='grc' dir='ltr'><strong>γυιυι</strong></span> <span class='ocrx_word' id='word_1_549' title='bbox 524 4756 926 4825; x_wconf 79' lang='lat' dir='ltr'><strong>interrOgautes</strong></span> <span class='ocrx_word' id='word_1_550' title='bbox 964 4754 1324 4821; x_wconf 84' lang='lat' dir='ltr'><strong>inducuntur,</strong></span> <span class='ocrx_word' id='word_1_551' title='bbox 1369 4754 1460 4808; x_wconf 89' lang='lat' dir='ltr'><strong>alii</strong></span> <span class='ocrx_word' id='word_1_552' title='bbox 1498 4755 1648 4809; x_wconf 89' lang='lat' dir='ltr'><strong>velut</strong></span> <span class='ocrx_word' id='word_1_553' title='bbox 1684 4754 1914 4825; x_wconf 85' lang='lat' dir='ltr'><strong>respon-</strong></span> 
     </span>
    </p>
   </div>
   <div class='ocr_carea' id='block_1_79' title="bbox 328 4845 1911 4919">
    <p class='ocr_par' dir='ltr' id='par_1_79' title="bbox 328 4845 1911 4919">
     <span class='ocr_line' id='line_1_79' title="bbox 328 4845 1911 4919; baseline 0.001 -16"><span class='ocrx_word' id='word_1_554' title='bbox 328 4851 542 4915; x_wconf 88' lang='lat' dir='ltr'><strong>dentes,</strong></span> <span class='ocrx_word' id='word_1_555' title='bbox 587 4845 888 4902; x_wconf 86' lang='lat' dir='ltr'><strong>secundum</strong></span> <span class='ocrx_word' id='word_1_556' title='bbox 929 4862 1049 4901; x_wconf 90' lang='lat' dir='ltr'><strong>eam</strong></span> <span class='ocrx_word' id='word_1_557' title='bbox 1083 4848 1376 4901; x_wconf 86' lang='lat' dir='ltr'><strong>verborum</strong></span> <span class='ocrx_word' id='word_1_558' title='bbox 1419 4849 1711 4914; x_wconf 89' lang='lat' dir='ltr'><strong>rationem,</strong></span> <span class='ocrx_word' id='word_1_559' title='bbox 1745 4865 1911 4919; x_wconf 85' lang='lat' dir='ltr'><strong>quam</strong></span> 
     </span>
    </p>
   </div>
   <div class='ocr_carea' id='block_1_80' title="bbox 328 4937 1910 5013">
    <p class='ocr_par' dir='ltr' id='par_1_80' title="bbox 328 4937 1910 5013">
     <span class='ocr_line' id='line_1_80' title="bbox 328 4937 1910 5013; baseline 0.001 -19"><span class='ocrx_word' id='word_1_560' title='bbox 328 4944 594 5013; x_wconf 89' lang='lat' dir='ltr'><strong>propheta</strong></span> <span class='ocrx_word' id='word_1_561' title='bbox 634 4940 935 4995; x_wconf 87' lang='lat' dir='ltr'><strong>constituit.</strong></span> <span class='ocrx_word' id='word_1_562' title='bbox 983 4938 1040 4994; x_wconf 85' lang='lat' dir='ltr'><strong>Si</strong></span> <span class='ocrx_word' id='word_1_563' title='bbox 1082 4940 1247 5010; x_wconf 80' lang='lat' dir='ltr'><strong>igitur</strong></span> <span class='ocrx_word' id='word_1_564' title='bbox 1279 4941 1376 5013; x_wconf 90' lang='lat' dir='ltr'><strong>(ait</strong></span> <span class='ocrx_word' id='word_1_565' title='bbox 1408 4937 1741 5012; x_wconf 86' lang='lat' dir='ltr'><strong>Theologus)</strong></span> <span class='ocrx_word' id='word_1_566' title='bbox 1783 4958 1910 5012; x_wconf 91' lang='lat' dir='ltr'><strong>per-</strong></span> 
     </span>
    </p>
   </div>
   <div class='ocr_carea' id='block_1_81' title="bbox 330 5031 1916 5102">
    <p class='ocr_par' dir='ltr' id='par_1_81' title="bbox 330 5031 1916 5102">
     <span class='ocr_line' id='line_1_81' title="bbox 330 5031 1916 5102; baseline -0.003 -11"><span class='ocrx_word' id='word_1_567' title='bbox 330 5044 658 5091; x_wconf 83' lang='lat' dir='ltr'><strong>cunctentur</strong></span> <span class='ocrx_word' id='word_1_568' title='bbox 707 5048 721 5085; x_wconf 89' lang='lat'><strong>:</strong></span> <span class='ocrx_word' id='word_1_569' title='bbox 765 5031 901 5099; x_wconf 86' lang='lat' dir='ltr'><strong>Quis</strong></span> <span class='ocrx_word' id='word_1_570' title='bbox 950 5041 1034 5086; x_wconf 92' lang='lat' dir='ltr'><strong>est</strong></span> <span class='ocrx_word' id='word_1_571' title='bbox 1074 5032 1180 5095; x_wconf 91' lang='lat' dir='ltr'><strong>hic,</strong></span> <span class='ocrx_word' id='word_1_572' title='bbox 1233 5032 1326 5102; x_wconf 87' lang='lat' dir='ltr'><strong>qui</strong></span> <span class='ocrx_word' id='word_1_573' title='bbox 1372 5047 1402 5086; x_wconf 88' lang='lat' dir='ltr'><strong>a</strong></span> <span class='ocrx_word' id='word_1_574' title='bbox 1443 5040 1585 5087; x_wconf 88' lang='lat' dir='ltr'><strong>terra</strong></span> <span class='ocrx_word' id='word_1_575' title='bbox 1629 5033 1916 5099; x_wconf 87' lang='lat' dir='ltr'><strong>ascendit,</strong></span> 
     </span>
    </p>
   </div>
   <div class='ocr_carea' id='block_1_82' title="bbox 328 5126 1916 5199">
    <p class='ocr_par' dir='ltr' id='par_1_82' title="bbox 328 5126 1916 5199">
     <span class='ocr_line' id='line_1_82' title="bbox 328 5126 1916 5199; baseline -0.001 -17"><span class='ocrx_word' id='word_1_576' title='bbox 328 5136 469 5192; x_wconf 88' lang='lat' dir='ltr'><strong>aut,</strong></span> <span class='ocrx_word' id='word_1_577' title='bbox 522 5126 801 5196; x_wconf 88' lang='lat' dir='ltr'><strong>quomodo</strong></span> <span class='ocrx_word' id='word_1_578' title='bbox 851 5126 1157 5195; x_wconf 89' lang='lat' dir='ltr'><strong>incorporei</strong></span> <span class='ocrx_word' id='word_1_579' title='bbox 1208 5142 1272 5181; x_wconf 83' lang='lat' dir='ltr'><strong>ac</strong></span> <span class='ocrx_word' id='word_1_580' title='bbox 1319 5127 1586 5199; x_wconf 77' lang='lat' dir='ltr'><strong>sanguine</strong></span> <span class='ocrx_word' id='word_1_581' title='bbox 1637 5128 1916 5192; x_wconf 89' lang='lat' dir='ltr'><strong>carentis,</strong></span> 
     </span>
    </p>
   </div>
   <div class='ocr_carea' id='block_1_83' title="bbox 333 5216 1910 5290">
    <p class='ocr_par' dir='ltr' id='par_1_83' title="bbox 333 5216 1910 5290">
     <span class='ocr_line' id='line_1_83' title="bbox 333 5216 1910 5290; baseline 0.001 -20"><span class='ocrx_word' id='word_1_582' title='bbox 333 5228 607 5290; x_wconf 83' lang='lat' dir='ltr'><strong>quatenus</strong></span> <span class='ocrx_word' id='word_1_583' title='bbox 646 5217 791 5273; x_wconf 88' lang='lat' dir='ltr'><strong>Deus</strong></span> <span class='ocrx_word' id='word_1_584' title='bbox 821 5225 925 5282; x_wconf 87' lang='lat' dir='ltr'><strong>cst,</strong></span> <span class='ocrx_word' id='word_1_585' title='bbox 953 5216 1320 5272; x_wconf 89' lang='lat' dir='ltr'><strong>rubicundtnn</strong></span> <span class='ocrx_word' id='word_1_586' title='bbox 1354 5228 1437 5271; x_wconf 88' lang='lat' dir='ltr'><strong>est</strong></span> <span class='ocrx_word' id='word_1_587' title='bbox 1473 5218 1725 5286; x_wconf 88' lang='lat' dir='ltr'><strong>corporis</strong></span> <span class='ocrx_word' id='word_1_588' title='bbox 1765 5217 1910 5271; x_wconf 89' lang='lat' dir='ltr'><strong>intc-</strong></span> 
     </span>
    </p>
   </div>
   <div class='ocr_carea' id='block_1_84' title="bbox 328 5309 1908 5382">
    <p class='ocr_par' dir='ltr' id='par_1_84' title="bbox 328 5309 1908 5382">
     <span class='ocr_line' id='line_1_84' title="bbox 328 5309 1908 5382; baseline -0.001 -18"><span class='ocrx_word' id='word_1_589' title='bbox 328 5311 695 5382; x_wconf 87' lang='lat' dir='ltr'><strong>gnmentum?</strong></span> <span class='ocrx_word' id='word_1_590' title='bbox 743 5309 788 5364; x_wconf 90' lang='lat' dir='ltr'><strong>si</strong></span> <span class='ocrx_word' id='word_1_591' title='bbox 845 5312 994 5374; x_wconf 68' lang='lat' dir='ltr'><strong>hcce,</strong></span> <span class='ocrx_word' id='word_1_592' title='bbox 1049 5310 1312 5375; x_wconf 85' lang='lat' dir='ltr'><strong>inquam,</strong></span> <span class='ocrx_word' id='word_1_593' title='bbox 1355 5319 1804 5379; x_wconf 88' lang='lat' dir='ltr'><strong>percunctentur,</strong></span> <span class='ocrx_word' id='word_1_594' title='bbox 1842 5325 1908 5364; x_wconf 82' lang='lat' dir='ltr'><strong>ex</strong></span> 
     </span>
    </p>
   </div>
   <div class='ocr_carea' id='block_1_85' title="bbox 330 5399 1911 5471">
    <p class='ocr_par' dir='ltr' id='par_1_85' title="bbox 330 5399 1911 5471">
     <span class='ocr_line' id='line_1_85' title="bbox 330 5399 1911 5471; baseline -0.001 -16"><span class='ocrx_word' id='word_1_595' title='bbox 330 5402 563 5457; x_wconf 82' lang='lat' dir='ltr'><strong>adverso</strong></span> <span class='ocrx_word' id='word_1_596' title='bbox 615 5402 817 5471; x_wconf 79' lang='lat' dir='ltr'><strong>profer,</strong></span> <span class='ocrx_word' id='word_1_597' title='bbox 868 5402 919 5456; x_wconf 89' lang='lat' dir='ltr'><strong>id</strong></span> <span class='ocrx_word' id='word_1_598' title='bbox 971 5412 1073 5465; x_wconf 89' lang='lat' dir='ltr'><strong>est,</strong></span> <span class='ocrx_word' id='word_1_599' title='bbox 1123 5404 1390 5468; x_wconf 86' lang='lat' dir='ltr'><strong>responde</strong></span> <span class='ocrx_word' id='word_1_600' title='bbox 1443 5418 1457 5452; x_wconf 90' lang='lat'><strong>:</strong></span> <span class='ocrx_word' id='word_1_601' title='bbox 1511 5399 1774 5455; x_wconf 80' lang='lat' dir='ltr'><strong>Formosa</strong></span> <span class='ocrx_word' id='word_1_602' title='bbox 1826 5409 1911 5453; x_wconf 75' lang='lat' dir='ltr'><strong>est</strong></span> 
     </span>
    </p>
   </div>
   <div class='ocr_carea' id='block_1_86' title="bbox 330 5493 1907 5565">
    <p class='ocr_par' dir='ltr' id='par_1_86' title="bbox 330 5493 1907 5565">
     <span class='ocr_line' id='line_1_86' title="bbox 330 5493 1907 5565; baseline -0.001 -16"><span class='ocrx_word' id='word_1_603' title='bbox 330 5497 506 5565; x_wconf 67' lang='lat' dir='ltr'><strong>ipsius</strong></span> <span class='ocrx_word' id='word_1_604' title='bbox 542 5496 702 5561; x_wconf 70' lang='lat' dir='ltr'><strong>stola,</strong></span> <span class='ocrx_word' id='word_1_605' title='bbox 736 5495 840 5549; x_wconf 89' lang='lat' dir='ltr'><strong>hoc</strong></span> <span class='ocrx_word' id='word_1_606' title='bbox 879 5506 982 5559; x_wconf 85' lang='lat' dir='ltr'><strong>est,</strong></span> <span class='ocrx_word' id='word_1_607' title='bbox 1014 5510 1214 5563; x_wconf 90' lang='lat' dir='ltr'><strong>corpus</strong></span> <span class='ocrx_word' id='word_1_608' title='bbox 1263 5495 1455 5563; x_wconf 87' lang='lat' dir='ltr'><strong>ipsius,</strong></span> <span class='ocrx_word' id='word_1_609' title='bbox 1492 5493 1638 5564; x_wconf 87' lang='lat' dir='ltr'><strong>quod</strong></span> <span class='ocrx_word' id='word_1_610' title='bbox 1687 5507 1907 5562; x_wconf 85' lang='lat' dir='ltr'><strong>passum</strong></span> 
     </span>
    </p>
   </div>
   <div class='ocr_carea' id='block_1_87' title="bbox 327 5587 1904 5658">
    <p class='ocr_par' dir='ltr' id='par_1_87' title="bbox 327 5587 1904 5658">
     <span class='ocr_line' id='line_1_87' title="bbox 327 5587 1904 5658; baseline 0 -17"><span class='ocrx_word' id='word_1_611' title='bbox 327 5599 435 5652; x_wconf 83' lang='lat' dir='ltr'><strong>est,</strong></span> <span class='ocrx_word' id='word_1_612' title='bbox 469 5589 664 5658; x_wconf 81' lang='lat' dir='ltr'><strong>partim</strong></span> <span class='ocrx_word' id='word_1_613' title='bbox 690 5590 759 5642; x_wconf 93' lang='lat' dir='ltr'><strong>ob</strong></span> <span class='ocrx_word' id='word_1_614' title='bbox 792 5589 1126 5658; x_wconf 87' lang='lat' dir='ltr'><strong>passionem,</strong></span> <span class='ocrx_word' id='word_1_615' title='bbox 1157 5605 1252 5658; x_wconf 88' lang='lat' dir='ltr'><strong>per</strong></span> <span class='ocrx_word' id='word_1_616' title='bbox 1280 5604 1445 5658; x_wconf 88' lang='lat' dir='ltr'><strong>quam</strong></span> <span class='ocrx_word' id='word_1_617' title='bbox 1476 5587 1773 5657; x_wconf 82' lang='lat' dir='ltr'><strong>gloriﬁcata</strong></span> <span class='ocrx_word' id='word_1_618' title='bbox 1801 5599 1904 5652; x_wconf 84' lang='lat' dir='ltr'><strong>est,</strong></span> 
     </span>
    </p>
   </div>
   <div class='ocr_carea' id='block_1_88' title="bbox 400 5765 1603 5824">
    <p class='ocr_par' dir='ltr' id='par_1_88' title="bbox 400 5765 1603 5824">
     <span class='ocr_line' id='line_1_88' title="bbox 400 5765 1603 5824; baseline 0.002 -7"><span class='ocrx_word' id='word_1_619' title='bbox 400 5766 444 5797; x_wconf 77' lang='lat'><strong>”</strong></span> <span class='ocrx_word' id='word_1_620' title='bbox 479 5765 581 5818; x_wconf 76' lang='lat' dir='ltr'><strong>La.</strong></span> <span class='ocrx_word' id='word_1_621' title='bbox 613 5782 765 5824; x_wconf 76' lang='lat' dir='ltr'><strong>thtt.</strong></span> <span class='ocrx_word' id='word_1_622' title='bbox 806 5767 856 5820; x_wconf 78' lang='grc'><strong>1.</strong></span> <span class='ocrx_word' id='word_1_623' title='bbox 952 5774 970 5801; x_wconf 80' lang='grc'>¹</span> <span class='ocrx_word' id='word_1_624' title='bbox 1005 5767 1137 5822; x_wconf 80' lang='lat' dir='ltr'><strong>ibid.</strong></span> <span class='ocrx_word' id='word_1_625' title='bbox 1170 5768 1222 5820; x_wconf 70' lang='grc' dir='ltr'><strong>Ξ.</strong></span> <span class='ocrx_word' id='word_1_626' title='bbox 1335 5768 1357 5799; x_wconf 75' lang='grc'>⁸</span> <span class='ocrx_word' id='word_1_627' title='bbox 1390 5766 1523 5822; x_wconf 86' lang='lat' dir='ltr'><strong>Ibid.</strong></span> <span class='ocrx_word' id='word_1_628' title='bbox 1550 5765 1603 5821; x_wconf 79' lang='lat'><strong>3.</strong></span> 
     </span>
    </p>
   </div>
   <div class='ocr_carea' id='block_1_89' title="bbox 326 5837 1650 5909">
    <p class='ocr_par' dir='ltr' id='par_1_89' title="bbox 326 5837 1650 5909">
     <span class='ocr_line' id='line_1_89' title="bbox 326 5837 1650 5909; baseline -0.001 -16"><span class='ocrx_word' id='word_1_629' title='bbox 326 5852 446 5902; x_wconf 73' lang='lat' dir='ltr'><strong>vni,</strong></span> <span class='ocrx_word' id='word_1_630' title='bbox 495 5838 565 5894; x_wconf 71' lang='lat'><strong>22</strong></span> <span class='ocrx_word' id='word_1_631' title='bbox 649 5837 814 5891; x_wconf 74' lang='lat' dir='ltr'><strong>Eccli,</strong></span> <span class='ocrx_word' id='word_1_632' title='bbox 859 5854 1003 5904; x_wconf 72' lang='lat' dir='ltr'><strong>xxiv,</strong></span> <span class='ocrx_word' id='word_1_633' title='bbox 1037 5839 1091 5892; x_wconf 85' lang='lat'><strong>5.</strong></span> <span class='ocrx_word' id='word_1_634' title='bbox 1167 5839 1185 5869; x_wconf 85' lang='lat'>&#39;</span> <span class='ocrx_word' id='word_1_635' title='bbox 1223 5839 1453 5909; x_wconf 74' lang='lat' dir='ltr'><strong>Philipp.</strong></span> <span class='ocrx_word' id='word_1_636' title='bbox 1502 5854 1561 5902; x_wconf 87' lang='lat' dir='ltr'><strong>tt,</strong></span> <span class='ocrx_word' id='word_1_637' title='bbox 1600 5837 1650 5892; x_wconf 88' lang='lat'><strong>7.</strong></span> 
     </span>
    </p>
   </div>
   <div class='ocr_carea' id='block_1_90' title="bbox 1699 5764 2078 5828">
    <p class='ocr_par' dir='ltr' id='par_1_90' title="bbox 1699 5764 2078 5828">
     <span class='ocr_line' id='line_1_90' title="bbox 1699 5764 2078 5828; baseline 0 -9"><span class='ocrx_word' id='word_1_638' title='bbox 1699 5766 1719 5797; x_wconf 92' lang='grc'>³</span> <span class='ocrx_word' id='word_1_639' title='bbox 1748 5768 1904 5819; x_wconf 80' lang='lat' dir='ltr'><strong>Joan.</strong></span> <span class='ocrx_word' id='word_1_640' title='bbox 1936 5780 1975 5828; x_wconf 89' lang='lat' dir='ltr'><strong>t,</strong></span> <span class='ocrx_word' id='word_1_641' title='bbox 2023 5764 2078 5819; x_wconf 83' lang='lat'><strong>9.</strong></span> 
     </span>
    </p>
   </div>
   <div class='ocr_carea' id='block_1_91' title="bbox 1728 5833 2169 5897">
    <p class='ocr_par' dir='ltr' id='par_1_91' title="bbox 1728 5833 2169 5897">
     <span class='ocr_line' id='line_1_91' title="bbox 1728 5833 2169 5897; baseline -0.007 -7"><span class='ocrx_word' id='word_1_642' title='bbox 1728 5838 1748 5861; x_wconf 87' lang='lat'><strong><em>&#39;</em></strong></span> <span class='ocrx_word' id='word_1_643' title='bbox 1781 5835 1940 5893; x_wconf 78' lang='lat' dir='ltr'><strong>Juun.</strong></span> <span class='ocrx_word' id='word_1_644' title='bbox 1980 5848 2034 5897; x_wconf 78' lang='grc' dir='ltr'><strong>ι,</strong></span> <span class='ocrx_word' id='word_1_645' title='bbox 2081 5833 2169 5891; x_wconf 73' lang='grc' dir='ltr'><strong>Η.</strong></span> 
     </span>
    </p>
   </div>
   <div class='ocr_carea' id='block_1_92' title="bbox 2019 3286 3608 3358">
    <p class='ocr_par' dir='ltr' id='par_1_92' title="bbox 2019 3286 3608 3358">
     <span class='ocr_line' id='line_1_92' title="bbox 2019 3286 3608 3358; baseline -0.006 -8"><span class='ocrx_word' id='word_1_646' title='bbox 2019 3302 2170 3358; x_wconf 87' lang='lat' dir='ltr'><strong>sunt,</strong></span> <span class='ocrx_word' id='word_1_647' title='bbox 2216 3305 2324 3346; x_wconf 88' lang='lat' dir='ltr'><strong>non</strong></span> <span class='ocrx_word' id='word_1_648' title='bbox 2362 3299 2421 3344; x_wconf 92' lang='lat' dir='ltr'><strong>ut</strong></span> <span class='ocrx_word' id='word_1_649' title='bbox 2464 3288 2534 3343; x_wconf 86' lang='lat' dir='ltr'><strong>ab</strong></span> <span class='ocrx_word' id='word_1_650' title='bbox 2577 3303 2644 3343; x_wconf 90' lang='lat' dir='ltr'><strong>eo</strong></span> <span class='ocrx_word' id='word_1_651' title='bbox 2687 3287 2878 3349; x_wconf 90' lang='lat' dir='ltr'><strong>creati,</strong></span> <span class='ocrx_word' id='word_1_652' title='bbox 2931 3287 3024 3341; x_wconf 86' lang='lat' dir='ltr'><strong>sed</strong></span> <span class='ocrx_word' id='word_1_653' title='bbox 3063 3297 3123 3340; x_wconf 88' lang='lat' dir='ltr'><strong>ut</strong></span> <span class='ocrx_word' id='word_1_654' title='bbox 3171 3287 3241 3340; x_wconf 91' lang='lat' dir='ltr'><strong>ab</strong></span> <span class='ocrx_word' id='word_1_655' title='bbox 3286 3301 3351 3340; x_wconf 85' lang='lat' dir='ltr'><strong>eo</strong></span> <span class='ocrx_word' id='word_1_656' title='bbox 3401 3286 3608 3341; x_wconf 87' lang='lat' dir='ltr'><strong>malitia</strong></span> 
     </span>
    </p>
   </div>
   <div class='ocr_carea' id='block_1_93' title="bbox 2019 3378 3606 3445">
    <p class='ocr_par' dir='ltr' id='par_1_93' title="bbox 2019 3378 3606 3445">
     <span class='ocr_line' id='line_1_93' title="bbox 2019 3378 3606 3445; baseline -0.006 -5"><span class='ocrx_word' id='word_1_657' title='bbox 2019 3385 2232 3440; x_wconf 89' lang='lat' dir='ltr'><strong>imbuti.</strong></span> <span class='ocrx_word' id='word_1_658' title='bbox 2259 3380 2443 3436; x_wconf 84' lang='lat' dir='ltr'><strong>Fictor</strong></span> <span class='ocrx_word' id='word_1_659' title='bbox 2467 3382 2614 3435; x_wconf 88' lang='lat' dir='ltr'><strong>enim</strong></span> <span class='ocrx_word' id='word_1_660' title='bbox 2643 3379 2896 3435; x_wconf 85' lang='lat' dir='ltr'><strong>diabolus</strong></span> <span class='ocrx_word' id='word_1_661' title='bbox 2916 3387 3023 3445; x_wconf 87' lang='lat' dir='ltr'><strong>est,</strong></span> <span class='ocrx_word' id='word_1_662' title='bbox 3048 3393 3157 3433; x_wconf 90' lang='lat' dir='ltr'><strong>non</strong></span> <span class='ocrx_word' id='word_1_663' title='bbox 3185 3378 3606 3434; x_wconf 83' lang='lat' dir='ltr'><strong>subsistentium</strong></span> 
     </span>
    </p>
   </div>
   <div class='ocr_carea' id='block_1_94' title="bbox 2017 3470 3605 3542">
    <p class='ocr_par' dir='ltr' id='par_1_94' title="bbox 2017 3470 3605 3542">
     <span class='ocr_line' id='line_1_94' title="bbox 2017 3470 3605 3542; baseline -0.003 -11"><span class='ocrx_word' id='word_1_664' title='bbox 2017 3492 2229 3540; x_wconf 87' lang='lat' dir='ltr'><strong>rerum,</strong></span> <span class='ocrx_word' id='word_1_665' title='bbox 2256 3475 2354 3530; x_wconf 89' lang='lat' dir='ltr'><strong>sed</strong></span> <span class='ocrx_word' id='word_1_666' title='bbox 2389 3489 2601 3529; x_wconf 89' lang='lat' dir='ltr'><strong>morum</strong></span> <span class='ocrx_word' id='word_1_667' title='bbox 2632 3489 2647 3526; x_wconf 87' lang='lat'><strong>:</strong></span> <span class='ocrx_word' id='word_1_668' title='bbox 2674 3473 2832 3542; x_wconf 87' lang='lat' dir='ltr'><strong>juxta</strong></span> <span class='ocrx_word' id='word_1_669' title='bbox 2864 3472 2918 3527; x_wconf 91' lang='lat' dir='ltr'><strong>id</strong></span> <span class='ocrx_word' id='word_1_670' title='bbox 2948 3473 3092 3542; x_wconf 90' lang='lat' dir='ltr'><strong>quod</strong></span> <span class='ocrx_word' id='word_1_671' title='bbox 3123 3470 3329 3526; x_wconf 63' lang='lat' dir='ltr'><strong>Judaeis</strong></span> <span class='ocrx_word' id='word_1_672' title='bbox 3351 3471 3605 3526; x_wconf 86' lang='lat' dir='ltr'><strong>Christus</strong></span> 
     </span>
    </p>
   </div>
   <div class='ocr_carea' id='block_1_95' title="bbox 2016 3563 3609 3637">
    <p class='ocr_par' dir='ltr' id='par_1_95' title="bbox 2016 3563 3609 3637">
     <span class='ocr_line' id='line_1_95' title="bbox 2016 3563 3609 3637; baseline -0.003 -14"><span class='ocrx_word' id='word_1_673' title='bbox 2016 3570 2231 3623; x_wconf 89' lang='lat' dir='ltr'><strong>dicebat</strong></span> <span class='ocrx_word' id='word_1_674' title='bbox 2266 3581 2285 3622; x_wconf 90' lang='lat'><strong>:</strong></span> <span class='ocrx_word' id='word_1_675' title='bbox 2327 3564 2425 3621; x_wconf 85' lang='lat' dir='ltr'><strong>Vos</strong></span> <span class='ocrx_word' id='word_1_676' title='bbox 2452 3582 2519 3620; x_wconf 77' lang='lat' dir='ltr'><strong>ea:</strong></span> <span class='ocrx_word' id='word_1_677' title='bbox 2547 3577 2702 3637; x_wconf 79' lang='lat' dir='ltr'><strong>patre</strong></span> <span class='ocrx_word' id='word_1_678' title='bbox 2740 3565 2956 3619; x_wconf 83' lang='lat' dir='ltr'><strong>diabolo</strong></span> <span class='ocrx_word' id='word_1_679' title='bbox 2984 3565 3111 3618; x_wconf 81' lang='lat' dir='ltr'><strong>estis</strong></span> <span class='ocrx_word' id='word_1_680' title='bbox 3140 3565 3184 3618; x_wconf 82' lang='grc'><strong><em>⁵.</em></strong></span> <span class='ocrx_word' id='word_1_681' title='bbox 3221 3563 3348 3618; x_wconf 67' lang='lat' dir='ltr'><strong>Haec</strong></span> <span class='ocrx_word' id='word_1_682' title='bbox 3386 3565 3609 3619; x_wconf 89' lang='lat' dir='ltr'><strong>locutus</strong></span> 
     </span>
    </p>
   </div>
   <div class='ocr_carea' id='block_1_96' title="bbox 2017 3656 3607 3729">
    <p class='ocr_par' dir='ltr' id='par_1_96' title="bbox 2017 3656 3607 3729">
     <span class='ocr_line' id='line_1_96' title="bbox 2017 3656 3607 3729; baseline -0.001 -16"><span class='ocrx_word' id='word_1_683' title='bbox 2017 3660 2353 3729; x_wconf 84' lang='lat' dir='ltr'><strong>Theologus,</strong></span> <span class='ocrx_word' id='word_1_684' title='bbox 2380 3669 2546 3729; x_wconf 89' lang='lat' dir='ltr'><strong>atque</strong></span> <span class='ocrx_word' id='word_1_685' title='bbox 2569 3659 2654 3713; x_wconf 90' lang='lat' dir='ltr'><strong>his</strong></span> <span class='ocrx_word' id='word_1_686' title='bbox 2675 3658 2938 3713; x_wconf 76' lang='lat' dir='ltr'><strong>omnibus</strong></span> <span class='ocrx_word' id='word_1_687' title='bbox 2961 3656 3252 3713; x_wconf 62' lang='lat' dir='ltr'><strong>hereticos</strong></span> <span class='ocrx_word' id='word_1_688' title='bbox 3279 3657 3607 3722; x_wconf 88' lang='lat' dir='ltr'><strong>insectatus,</strong></span> 
     </span>
    </p>
   </div>
   <div class='ocr_carea' id='block_1_97' title="bbox 2015 3746 3608 3818">
    <p class='ocr_par' dir='ltr' id='par_1_97' title="bbox 2015 3746 3608 3818">
     <span class='ocr_line' id='line_1_97' title="bbox 2015 3746 3608 3818; baseline -0.004 -15"><span class='ocrx_word' id='word_1_689' title='bbox 2015 3750 2164 3803; x_wconf 88' lang='lat' dir='ltr'><strong>velut</strong></span> <span class='ocrx_word' id='word_1_690' title='bbox 2195 3756 2381 3818; x_wconf 88' lang='lat' dir='ltr'><strong>aperta</strong></span> <span class='ocrx_word' id='word_1_691' title='bbox 2418 3746 2599 3802; x_wconf 78' lang='lat' dir='ltr'><strong>fronte</strong></span> <span class='ocrx_word' id='word_1_692' title='bbox 2637 3757 2800 3817; x_wconf 85' lang='lat' dir='ltr'><strong>atque</strong></span> <span class='ocrx_word' id='word_1_693' title='bbox 2832 3747 2886 3801; x_wconf 91' lang='lat' dir='ltr'><strong>in</strong></span> <span class='ocrx_word' id='word_1_694' title='bbox 2917 3748 3112 3802; x_wconf 80' lang='lat' dir='ltr'><strong>faciem</strong></span> <span class='ocrx_word' id='word_1_695' title='bbox 3166 3747 3301 3816; x_wconf 86' lang='lat' dir='ltr'><strong>ipsis</strong></span> <span class='ocrx_word' id='word_1_696' title='bbox 3346 3755 3608 3814; x_wconf 80' lang='lat' dir='ltr'><strong>occurrit,</strong></span> 
     </span>
    </p>
   </div>
   <div class='ocr_carea' id='block_1_98' title="bbox 2016 3838 3611 3910">
    <p class='ocr_par' dir='ltr' id='par_1_98' title="bbox 2016 3838 3611 3910">
     <span class='ocr_line' id='line_1_98' title="bbox 2016 3838 3611 3910; baseline -0.003 -13"><span class='ocrx_word' id='word_1_697' title='bbox 2016 3851 2182 3910; x_wconf 86' lang='lat' dir='ltr'><strong>atque</strong></span> <span class='ocrx_word' id='word_1_698' title='bbox 2232 3841 2575 3909; x_wconf 80' lang='lat' dir='ltr'><strong>argumentis</strong></span> <span class='ocrx_word' id='word_1_699' title='bbox 2612 3849 2669 3894; x_wconf 89' lang='lat' dir='ltr'><strong>et</strong></span> <span class='ocrx_word' id='word_1_700' title='bbox 2706 3838 3233 3909; x_wconf 81' lang='lat' dir='ltr'><strong>interrogationibus</strong></span> <span class='ocrx_word' id='word_1_701' title='bbox 3281 3838 3475 3902; x_wconf 78' lang='lat' dir='ltr'><strong>fretus,</strong></span> <span class='ocrx_word' id='word_1_702' title='bbox 3513 3853 3611 3892; x_wconf 84' lang='lat' dir='ltr'><strong>eos</strong></span> 
     </span>
    </p>
   </div>
   <div class='ocr_carea' id='block_1_99' title="bbox 2015 3930 3608 4005">
    <p class='ocr_par' dir='ltr' id='par_1_99' title="bbox 2015 3930 3608 4005">
     <span class='ocr_line' id='line_1_99' title="bbox 2015 3930 3608 4005; baseline -0.005 -15"><span class='ocrx_word' id='word_1_703' title='bbox 2015 3944 2174 4005; x_wconf 81' lang='lat' dir='ltr'><strong>urget</strong></span> <span class='ocrx_word' id='word_1_704' title='bbox 2231 3944 2395 4004; x_wconf 90' lang='lat' dir='ltr'><strong>atque</strong></span> <span class='ocrx_word' id='word_1_705' title='bbox 2441 3932 2751 4000; x_wconf 82' lang='lat' dir='ltr'><strong>contundit,</strong></span> <span class='ocrx_word' id='word_1_706' title='bbox 2801 3932 2991 4001; x_wconf 88' lang='lat' dir='ltr'><strong>aitque</strong></span> <span class='ocrx_word' id='word_1_707' title='bbox 3025 3948 3039 3988; x_wconf 88' lang='lat'><strong>:</strong></span> <span class='ocrx_word' id='word_1_708' title='bbox 3074 3930 3292 3986; x_wconf 87' lang='lat' dir='ltr'><strong>Siccine</strong></span> <span class='ocrx_word' id='word_1_709' title='bbox 3334 3930 3404 3985; x_wconf 94' lang='lat' dir='ltr'><strong>ob</strong></span> <span class='ocrx_word' id='word_1_710' title='bbox 3436 3930 3608 3984; x_wconf 87' lang='lat' dir='ltr'><strong>bene-</strong></span> 
     </span>
    </p>
   </div>
   <div class='ocr_carea' id='block_1_100' title="bbox 2016 4021 3611 4083">
    <p class='ocr_par' dir='ltr' id='par_1_100' title="bbox 2016 4021 3611 4083">
     <span class='ocr_line' id='line_1_100' title="bbox 2016 4021 3611 4083; baseline -0.006 0"><span class='ocrx_word' id='word_1_711' title='bbox 2016 4028 2203 4083; x_wconf 80' lang='lat' dir='ltr'><strong>ﬁcium</strong></span> <span class='ocrx_word' id='word_1_712' title='bbox 2241 4027 2297 4081; x_wconf 87' lang='lat' dir='ltr'><strong>in</strong></span> <span class='ocrx_word' id='word_1_713' title='bbox 2332 4036 2386 4081; x_wconf 91' lang='lat' dir='ltr'><strong>te</strong></span> <span class='ocrx_word' id='word_1_714' title='bbox 2419 4025 2682 4081; x_wconf 90' lang='lat' dir='ltr'><strong>collatum</strong></span> <span class='ocrx_word' id='word_1_715' title='bbox 2726 4024 3007 4081; x_wconf 88' lang='lat' dir='ltr'><strong>Christum</strong></span> <span class='ocrx_word' id='word_1_716' title='bbox 3044 4036 3224 4078; x_wconf 89' lang='lat' dir='ltr'><strong>meum</strong></span> <span class='ocrx_word' id='word_1_717' title='bbox 3257 4021 3611 4077; x_wconf 76' lang='lat' dir='ltr'><strong>criminaris?</strong></span> 
     </span>
    </p>
   </div>
   <div class='ocr_carea' id='block_1_101' title="bbox 2014 4114 3604 4187">
    <p class='ocr_par' dir='ltr' id='par_1_101' title="bbox 2014 4114 3604 4187">
     <span class='ocr_line' id='line_1_101' title="bbox 2014 4114 3604 4187; baseline -0.006 -13"><span class='ocrx_word' id='word_1_718' title='bbox 2014 4120 2329 4175; x_wconf 88' lang='lat' dir='ltr'><strong>lncarnatio</strong></span> <span class='ocrx_word' id='word_1_719' title='bbox 2355 4119 2503 4174; x_wconf 91' lang='lat' dir='ltr'><strong>enim</strong></span> <span class='ocrx_word' id='word_1_720' title='bbox 2534 4118 2735 4187; x_wconf 89' lang='lat' dir='ltr'><strong>ipsius,</strong></span> <span class='ocrx_word' id='word_1_721' title='bbox 2761 4116 3086 4172; x_wconf 85' lang='lat' dir='ltr'><strong>beneﬁcium</strong></span> <span class='ocrx_word' id='word_1_722' title='bbox 3123 4124 3369 4169; x_wconf 89' lang='lat' dir='ltr'><strong>nostrum</strong></span> <span class='ocrx_word' id='word_1_723' title='bbox 3402 4114 3604 4167; x_wconf 77' lang='lat' dir='ltr'><strong>factum</strong></span> 
     </span>
    </p>
   </div>
   <div class='ocr_carea' id='block_1_102' title="bbox 2014 4204 3606 4280">
    <p class='ocr_par' dir='ltr' id='par_1_102' title="bbox 2014 4204 3606 4280">
     <span class='ocr_line' id='line_1_102' title="bbox 2014 4204 3606 4280; baseline -0.004 -14"><span class='ocrx_word' id='word_1_724' title='bbox 2014 4221 2121 4269; x_wconf 85' lang='lat' dir='ltr'><strong>est.</strong></span> <span class='ocrx_word' id='word_1_725' title='bbox 2152 4212 2221 4265; x_wconf 81' lang='lat' dir='ltr'><strong>At</strong></span> <span class='ocrx_word' id='word_1_726' title='bbox 2246 4211 2372 4280; x_wconf 90' lang='lat' dir='ltr'><strong>ipsi,</strong></span> <span class='ocrx_word' id='word_1_727' title='bbox 2401 4210 2455 4265; x_wconf 89' lang='lat' dir='ltr'><strong>in</strong></span> <span class='ocrx_word' id='word_1_728' title='bbox 2485 4208 2789 4278; x_wconf 90' lang='lat' dir='ltr'><strong>Scripturis</strong></span> <span class='ocrx_word' id='word_1_729' title='bbox 2820 4207 3182 4269; x_wconf 87' lang='lat' dir='ltr'><strong>invenientes,</strong></span> <span class='ocrx_word' id='word_1_730' title='bbox 3211 4204 3358 4275; x_wconf 88' lang='lat' dir='ltr'><strong>quod</strong></span> <span class='ocrx_word' id='word_1_731' title='bbox 3388 4210 3606 4259; x_wconf 85' lang='lat' dir='ltr'><strong>creatus</strong></span> 
     </span>
    </p>
   </div>
   <div class='ocr_carea' id='block_1_103' title="bbox 2014 4297 3604 4375">
    <p class='ocr_par' dir='ltr' id='par_1_103' title="bbox 2014 4297 3604 4375">
     <span class='ocr_line' id='line_1_103' title="bbox 2014 4297 3604 4375; baseline -0.009 -13"><span class='ocrx_word' id='word_1_732' title='bbox 2014 4305 2202 4371; x_wconf 79' lang='lat' dir='ltr'><strong>fuerit,</strong></span> <span class='ocrx_word' id='word_1_733' title='bbox 2251 4307 2406 4375; x_wconf 85' lang='lat' dir='ltr'><strong>juxta</strong></span> <span class='ocrx_word' id='word_1_734' title='bbox 2463 4303 2619 4370; x_wconf 89' lang='lat' dir='ltr'><strong>illud,</strong></span> <span class='ocrx_word' id='word_1_735' title='bbox 2673 4300 2935 4355; x_wconf 85' lang='lat' dir='ltr'><strong>Dominus</strong></span> <span class='ocrx_word' id='word_1_736' title='bbox 2993 4299 3187 4354; x_wconf 78' lang='lat' dir='ltr'><strong>creavit</strong></span> <span class='ocrx_word' id='word_1_737' title='bbox 3243 4312 3322 4351; x_wconf 80' lang='lat' dir='ltr'><strong>me</strong></span> <span class='ocrx_word' id='word_1_738' title='bbox 3355 4298 3397 4362; x_wconf 82' lang='lat'><strong>&#39;,</strong></span> <span class='ocrx_word' id='word_1_739' title='bbox 3452 4297 3604 4362; x_wconf 89' lang='lat' dir='ltr'><strong>item,</strong></span> 
     </span>
    </p>
   </div>
   <div class='ocr_carea' id='block_1_104' title="bbox 2014 4389 3603 4469">
    <p class='ocr_par' dir='ltr' id='par_1_104' title="bbox 2014 4389 3603 4469">
     <span class='ocr_line' id='line_1_104' title="bbox 2014 4389 3603 4469; baseline -0.008 -16"><span class='ocrx_word' id='word_1_740' title='bbox 2014 4398 2161 4469; x_wconf 89' lang='lat' dir='ltr'><strong>quod</strong></span> <span class='ocrx_word' id='word_1_741' title='bbox 2200 4411 2396 4452; x_wconf 85' lang='lat' dir='ltr'><strong>servus</strong></span> <span class='ocrx_word' id='word_1_742' title='bbox 2443 4405 2672 4450; x_wconf 87' lang='lat' dir='ltr'><strong>vocatus</strong></span> <span class='ocrx_word' id='word_1_743' title='bbox 2721 4395 2796 4450; x_wconf 90' lang='lat' dir='ltr'><strong>sit</strong></span> <span class='ocrx_word' id='word_1_744' title='bbox 2832 4393 2874 4457; x_wconf 78' lang='grc' dir='ltr'><strong>τ,</strong></span> <span class='ocrx_word' id='word_1_745' title='bbox 2917 4392 3054 4447; x_wconf 91' lang='lat' dir='ltr'><strong>bene</strong></span> <span class='ocrx_word' id='word_1_746' title='bbox 3103 4391 3351 4446; x_wconf 86' lang='lat' dir='ltr'><strong>serviens</strong></span> <span class='ocrx_word' id='word_1_747' title='bbox 3392 4389 3603 4450; x_wconf 81' lang='lat' dir='ltr'><strong>multis,</strong></span> 
     </span>
    </p>
   </div>
   <div class='ocr_carea' id='block_1_105' title="bbox 2015 4481 3600 4556">
    <p class='ocr_par' dir='ltr' id='par_1_105' title="bbox 2015 4481 3600 4556">
     <span class='ocr_line' id='line_1_105' title="bbox 2015 4481 3600 4556; baseline -0.006 -13"><span class='ocrx_word' id='word_1_748' title='bbox 2015 4496 2325 4556; x_wconf 67' lang='lat' dir='ltr'><strong>caeteraque</strong></span> <span class='ocrx_word' id='word_1_749' title='bbox 2359 4486 2414 4539; x_wconf 91' lang='lat' dir='ltr'><strong>id</strong></span> <span class='ocrx_word' id='word_1_750' title='bbox 2451 4500 2645 4554; x_wconf 85' lang='lat' dir='ltr'><strong>genus,</strong></span> <span class='ocrx_word' id='word_1_751' title='bbox 2686 4498 2809 4554; x_wconf 75' lang='lat' dir='ltr'><strong>qua:</strong></span> <span class='ocrx_word' id='word_1_752' title='bbox 2837 4483 2906 4539; x_wconf 92' lang='lat' dir='ltr'><strong>de</strong></span> <span class='ocrx_word' id='word_1_753' title='bbox 2937 4482 3280 4537; x_wconf 87' lang='lat' dir='ltr'><strong>humanitate</strong></span> <span class='ocrx_word' id='word_1_754' title='bbox 3320 4481 3600 4544; x_wconf 86' lang='lat' dir='ltr'><strong>dicuntur,</strong></span> 
     </span>
    </p>
   </div>
   <div class='ocr_carea' id='block_1_106' title="bbox 2014 4572 3605 4650">
    <p class='ocr_par' dir='ltr' id='par_1_106' title="bbox 2014 4572 3605 4650">
     <span class='ocr_line' id='line_1_106' title="bbox 2014 4572 3605 4650; baseline -0.007 -14"><span class='ocrx_word' id='word_1_755' title='bbox 2014 4595 2190 4650; x_wconf 89' lang='lat' dir='ltr'><strong>eaque</strong></span> <span class='ocrx_word' id='word_1_756' title='bbox 2237 4580 2305 4633; x_wconf 90' lang='lat' dir='ltr'><strong>ad</strong></span> <span class='ocrx_word' id='word_1_757' title='bbox 2340 4577 2623 4648; x_wconf 87' lang='lat' dir='ltr'><strong>Unigeniti</strong></span> <span class='ocrx_word' id='word_1_758' title='bbox 2677 4575 3019 4631; x_wconf 88' lang='lat' dir='ltr'><strong>divinitatem</strong></span> <span class='ocrx_word' id='word_1_759' title='bbox 3072 4574 3394 4635; x_wconf 82' lang='lat' dir='ltr'><strong>referentes,</strong></span> <span class='ocrx_word' id='word_1_760' title='bbox 3448 4572 3605 4641; x_wconf 68' lang='grc' dir='ltr'><strong>ἱειιοο</strong></span> 
     </span>
    </p>
   </div>
   <div class='ocr_carea' id='block_1_107' title="bbox 2017 4666 3604 4732">
    <p class='ocr_par' dir='ltr' id='par_1_107' title="bbox 2017 4666 3604 4732">
     <span class='ocr_line' id='line_1_107' title="bbox 2017 4666 3604 4732; baseline -0.007 -5"><span class='ocrx_word' id='word_1_761' title='bbox 2017 4671 2188 4727; x_wconf 90' lang='lat' dir='ltr'><strong>minia</strong></span> <span class='ocrx_word' id='word_1_762' title='bbox 2233 4685 2359 4726; x_wconf 90' lang='lat' dir='ltr'><strong>eum</strong></span> <span class='ocrx_word' id='word_1_763' title='bbox 2408 4670 2695 4732; x_wconf 86' lang='lat' dir='ltr'><strong>notabant,</strong></span> <span class='ocrx_word' id='word_1_764' title='bbox 2736 4683 2767 4722; x_wconf 88' lang='lat' dir='ltr'><strong>a</strong></span> <span class='ocrx_word' id='word_1_765' title='bbox 2803 4666 2986 4728; x_wconf 81' lang='lat' dir='ltr'><strong>Patris</strong></span> <span class='ocrx_word' id='word_1_766' title='bbox 3033 4675 3230 4718; x_wconf 86' lang='lat' dir='ltr'><strong>natura</strong></span> <span class='ocrx_word' id='word_1_767' title='bbox 3265 4672 3604 4731; x_wconf 86' lang='lat' dir='ltr'><strong>separantes,</strong></span> 
     </span>
    </p>
   </div>
   <div class='ocr_carea' id='block_1_108' title="bbox 2014 4753 3606 4836">
    <p class='ocr_par' dir='ltr' id='par_1_108' title="bbox 2014 4753 3606 4836">
     <span class='ocr_line' id='line_1_108' title="bbox 2014 4753 3606 4836; baseline -0.009 -14"><span class='ocrx_word' id='word_1_768' title='bbox 2014 4775 2184 4836; x_wconf 81' lang='lat' dir='ltr'><strong>atque</strong></span> <span class='ocrx_word' id='word_1_769' title='bbox 2218 4765 2274 4819; x_wconf 90' lang='lat' dir='ltr'><strong>in</strong></span> <span class='ocrx_word' id='word_1_770' title='bbox 2309 4770 2687 4818; x_wconf 88' lang='lat' dir='ltr'><strong>creaturarum</strong></span> <span class='ocrx_word' id='word_1_771' title='bbox 2729 4759 2977 4813; x_wconf 89' lang='lat' dir='ltr'><strong>ordinem</strong></span> <span class='ocrx_word' id='word_1_772' title='bbox 3021 4755 3331 4822; x_wconf 79' lang='lat' dir='ltr'><strong>redigentes</strong></span> <span class='ocrx_word' id='word_1_773' title='bbox 3370 4771 3386 4807; x_wconf 85' lang='lat'><strong>:</strong></span> <span class='ocrx_word' id='word_1_774' title='bbox 3417 4753 3606 4820; x_wconf 83' lang='lat' dir='ltr'><strong>sicque</strong></span> 
     </span>
    </p>
   </div>
   <div class='ocr_carea' id='block_1_109' title="bbox 2014 4848 3603 4917">
    <p class='ocr_par' dir='ltr' id='par_1_109' title="bbox 2014 4848 3603 4917">
     <span class='ocr_line' id='line_1_109' title="bbox 2014 4848 3603 4917; baseline -0.008 -4"><span class='ocrx_word' id='word_1_775' title='bbox 2014 4857 2338 4915; x_wconf 84' lang='lat' dir='ltr'><strong>beneﬁcium</strong></span> <span class='ocrx_word' id='word_1_776' title='bbox 2371 4856 2425 4909; x_wconf 92' lang='lat' dir='ltr'><strong>in</strong></span> <span class='ocrx_word' id='word_1_777' title='bbox 2454 4855 2662 4910; x_wconf 87' lang='lat' dir='ltr'><strong>crimen</strong></span> <span class='ocrx_word' id='word_1_778' title='bbox 2692 4850 3105 4907; x_wconf 85' lang='lat' dir='ltr'><strong>convertebant.</strong></span> <span class='ocrx_word' id='word_1_779' title='bbox 3143 4848 3381 4903; x_wconf 84' lang='lat' dir='ltr'><strong>Hoccine</strong></span> <span class='ocrx_word' id='word_1_780' title='bbox 3414 4848 3603 4917; x_wconf 78' lang='lat' dir='ltr'><strong>igitur,</strong></span> 
     </span>
    </p>
   </div>
   <div class='ocr_carea' id='block_1_110' title="bbox 2016 4940 3602 5020">
    <p class='ocr_par' dir='ltr' id='par_1_110' title="bbox 2016 4940 3602 5020">
     <span class='ocr_line' id='line_1_110' title="bbox 2016 4940 3602 5020; baseline -0.008 -15"><span class='ocrx_word' id='word_1_781' title='bbox 2016 4950 2226 5020; x_wconf 87' lang='lat' dir='ltr'><strong>inquit,</strong></span> <span class='ocrx_word' id='word_1_782' title='bbox 2280 4946 2391 5000; x_wconf 86' lang='lat' dir='ltr'><strong>Deo</strong></span> <span class='ocrx_word' id='word_1_783' title='bbox 2438 4943 2845 5000; x_wconf 83' lang='lat' dir='ltr'><strong>extenuationis</strong></span> <span class='ocrx_word' id='word_1_784' title='bbox 2900 4957 3067 4996; x_wconf 85' lang='lat' dir='ltr'><strong>causa</strong></span> <span class='ocrx_word' id='word_1_785' title='bbox 3119 4940 3356 5007; x_wconf 79' lang='lat' dir='ltr'><strong>objicis?</strong></span> <span class='ocrx_word' id='word_1_786' title='bbox 3402 4940 3602 4993; x_wconf 82' lang='lat' dir='ltr'><strong>Postea</strong></span> 
     </span>
    </p>
   </div>
   <div class='ocr_carea' id='block_1_111' title="bbox 2014 5029 3602 5106">
    <p class='ocr_par' dir='ltr' id='par_1_111' title="bbox 2014 5029 3602 5106">
     <span class='ocr_line' id='line_1_111' title="bbox 2014 5029 3602 5106; baseline -0.01 -8"><span class='ocrx_word' id='word_1_787' title='bbox 2014 5041 2343 5098; x_wconf 80' lang='lat' dir='ltr'><strong>beneﬁcium</strong></span> <span class='ocrx_word' id='word_1_788' title='bbox 2379 5038 2434 5092; x_wconf 90' lang='lat' dir='ltr'><strong>in</strong></span> <span class='ocrx_word' id='word_1_789' title='bbox 2469 5037 2683 5106; x_wconf 87' lang='lat' dir='ltr'><strong>species</strong></span> <span class='ocrx_word' id='word_1_790' title='bbox 2736 5049 2865 5088; x_wconf 83' lang='lat' dir='ltr'><strong>suas</strong></span> <span class='ocrx_word' id='word_1_791' title='bbox 2918 5031 3131 5099; x_wconf 88' lang='lat' dir='ltr'><strong>dividit,</strong></span> <span class='ocrx_word' id='word_1_792' title='bbox 3164 5042 3330 5100; x_wconf 87' lang='lat' dir='ltr'><strong>atque</strong></span> <span class='ocrx_word' id='word_1_793' title='bbox 3381 5029 3602 5084; x_wconf 86' lang='lat' dir='ltr'><strong>interim</strong></span> 
     </span>
    </p>
   </div>
   <div class='ocr_carea' id='block_1_112' title="bbox 2016 5124 3602 5204">
    <p class='ocr_par' dir='ltr' id='par_1_112' title="bbox 2016 5124 3602 5204">
     <span class='ocr_line' id='line_1_112' title="bbox 2016 5124 3602 5204; baseline -0.009 -15"><span class='ocrx_word' id='word_1_794' title='bbox 2016 5133 2382 5204; x_wconf 78' lang='lat' dir='ltr'><strong>evangelicum</strong></span> <span class='ocrx_word' id='word_1_795' title='bbox 2434 5131 2582 5184; x_wconf 88' lang='lat' dir='ltr'><strong>illam</strong></span> <span class='ocrx_word' id='word_1_796' title='bbox 2636 5138 2856 5182; x_wconf 86' lang='lat' dir='ltr'><strong>centum</strong></span> <span class='ocrx_word' id='word_1_797' title='bbox 2911 5126 3092 5179; x_wconf 81' lang='lat' dir='ltr'><strong>ovium</strong></span> <span class='ocrx_word' id='word_1_798' title='bbox 3145 5124 3460 5193; x_wconf 86' lang='lat' dir='ltr'><strong>parabolam</strong></span> <span class='ocrx_word' id='word_1_799' title='bbox 3502 5137 3602 5175; x_wconf 82' lang='lat' dir='ltr'><strong>ex-</strong></span> 
     </span>
    </p>
   </div>
   <div class='ocr_carea' id='block_1_113' title="bbox 2016 5214 3605 5295">
    <p class='ocr_par' dir='ltr' id='par_1_113' title="bbox 2016 5214 3605 5295">
     <span class='ocr_line' id='line_1_113' title="bbox 2016 5214 3605 5295; baseline -0.009 -15"><span class='ocrx_word' id='word_1_800' title='bbox 2016 5225 2195 5295; x_wconf 90' lang='lat' dir='ltr'><strong>ponit.</strong></span> <span class='ocrx_word' id='word_1_801' title='bbox 2243 5223 2321 5275; x_wconf 86' lang='lat' dir='ltr'><strong>Ac</strong></span> <span class='ocrx_word' id='word_1_802' title='bbox 2371 5236 2468 5290; x_wconf 89' lang='lat' dir='ltr'><strong>per</strong></span> <span class='ocrx_word' id='word_1_803' title='bbox 2518 5234 2674 5272; x_wconf 84' lang='lat' dir='ltr'><strong>ovem</strong></span> <span class='ocrx_word' id='word_1_804' title='bbox 2724 5216 2985 5286; x_wconf 86' lang='lat' dir='ltr'><strong>quidem,</strong></span> <span class='ocrx_word' id='word_1_805' title='bbox 3036 5230 3155 5286; x_wconf 70' lang='lat' dir='ltr'><strong>qua:</strong></span> <span class='ocrx_word' id='word_1_806' title='bbox 3205 5228 3236 5268; x_wconf 88' lang='lat' dir='ltr'><strong>a</strong></span> <span class='ocrx_word' id='word_1_807' title='bbox 3287 5214 3605 5267; x_wconf 85' lang='lat' dir='ltr'><strong>centenario</strong></span> 
     </span>
    </p>
   </div>
   <div class='ocr_carea' id='block_1_114' title="bbox 2016 5306 3601 5388">
    <p class='ocr_par' dir='ltr' id='par_1_114' title="bbox 2016 5306 3601 5388">
     <span class='ocr_line' id='line_1_114' title="bbox 2016 5306 3601 5388; baseline -0.011 -17"><span class='ocrx_word' id='word_1_808' title='bbox 2016 5331 2180 5388; x_wconf 81' lang='lat' dir='ltr'><strong>grege</strong></span> <span class='ocrx_word' id='word_1_809' title='bbox 2232 5314 2528 5371; x_wconf 87' lang='lat' dir='ltr'><strong>abscessit.</strong></span> <span class='ocrx_word' id='word_1_810' title='bbox 2580 5317 2637 5364; x_wconf 89' lang='lat' dir='ltr'><strong>ct</strong></span> <span class='ocrx_word' id='word_1_811' title='bbox 2686 5306 2994 5371; x_wconf 85' lang='lat' dir='ltr'><strong>aberravit,</strong></span> <span class='ocrx_word' id='word_1_812' title='bbox 3048 5316 3301 5360; x_wconf 86' lang='lat' dir='ltr'><strong>naturam</strong></span> <span class='ocrx_word' id='word_1_813' title='bbox 3359 5311 3601 5357; x_wconf 82' lang='lat' dir='ltr'><strong>nostram</strong></span> 
     </span>
    </p>
   </div>
   <div class='ocr_carea' id='block_1_115' title="bbox 2018 5393 3601 5474">
    <p class='ocr_par' dir='ltr' id='par_1_115' title="bbox 2018 5393 3601 5474">
     <span class='ocr_line' id='line_1_115' title="bbox 2018 5393 3601 5474; baseline -0.013 -13"><span class='ocrx_word' id='word_1_814' title='bbox 2018 5404 2272 5474; x_wconf 78' lang='lat' dir='ltr'><strong>intelligit</strong></span> <span class='ocrx_word' id='word_1_815' title='bbox 2315 5420 2329 5457; x_wconf 93' lang='lat'>:</span> <span class='ocrx_word' id='word_1_816' title='bbox 2373 5418 2469 5471; x_wconf 89' lang='lat' dir='ltr'><strong>per</strong></span> <span class='ocrx_word' id='word_1_817' title='bbox 2508 5409 2779 5470; x_wconf 89' lang='lat' dir='ltr'><strong>pastorem</strong></span> <span class='ocrx_word' id='word_1_818' title='bbox 2826 5406 3030 5461; x_wconf 87' lang='lat' dir='ltr'><strong>autem,</strong></span> <span class='ocrx_word' id='word_1_819' title='bbox 3070 5397 3249 5466; x_wconf 89' lang='lat' dir='ltr'><strong>ipsum</strong></span> <span class='ocrx_word' id='word_1_820' title='bbox 3282 5393 3601 5457; x_wconf 86' lang='lat' dir='ltr'><strong>Christum;</strong></span> 
     </span>
    </p>
   </div>
   <div class='ocr_carea' id='block_1_116' title="bbox 1988 5481 3598 5562">
    <p class='ocr_par' dir='ltr' id='par_1_116' title="bbox 1988 5481 3598 5562">
     <span class='ocr_line' id='line_1_116' title="bbox 1988 5481 3598 5562; baseline -0.011 -10"><span class='ocrx_word' id='word_1_821' title='bbox 1988 5499 2099 5553; x_wconf 19' lang='lat' dir='ltr'><strong>esic</strong></span> <span class='ocrx_word' id='word_1_822' title='bbox 2122 5497 2267 5550; x_wconf 82' lang='lat' dir='ltr'><strong>enim</strong></span> <span class='ocrx_word' id='word_1_823' title='bbox 2295 5509 2354 5548; x_wconf 88' lang='lat' dir='ltr'><strong>se</strong></span> <span class='ocrx_word' id='word_1_824' title='bbox 2382 5494 2496 5562; x_wconf 89' lang='lat' dir='ltr'><strong>ipse</strong></span> <span class='ocrx_word' id='word_1_825' title='bbox 2524 5492 2772 5545; x_wconf 87' lang='lat' dir='ltr'><strong>nominat</strong></span> <span class='ocrx_word' id='word_1_826' title='bbox 2796 5481 2825 5545; x_wconf 57' lang='grc' dir='ltr'><strong>ι’</strong></span> <span class='ocrx_word' id='word_1_827' title='bbox 2853 5488 2965 5559; x_wconf 82' lang='lat' dir='ltr'><strong>Ego</strong></span> <span class='ocrx_word' id='word_1_828' title='bbox 2991 5503 3109 5542; x_wconf 82' lang='lat' dir='ltr'><strong>sum</strong></span> <span class='ocrx_word' id='word_1_829' title='bbox 3138 5486 3334 5540; x_wconf 85' lang='lat' dir='ltr'><strong>Pastor</strong></span> <span class='ocrx_word' id='word_1_830' title='bbox 3361 5483 3529 5537; x_wconf 77' lang='lat' dir='ltr'><strong>bonus</strong></span> <span class='ocrx_word' id='word_1_831' title='bbox 3554 5481 3598 5535; x_wconf 84' lang='grc'><strong>⁸.</strong></span> 
     </span>
    </p>
   </div>
   <div class='ocr_carea' id='block_1_117' title="bbox 2017 5574 3599 5659">
    <p class='ocr_par' dir='ltr' id='par_1_117' title="bbox 2017 5574 3599 5659">
     <span class='ocr_line' id='line_1_117' title="bbox 2017 5574 3599 5659; baseline -0.011 -19"><span class='ocrx_word' id='word_1_832' title='bbox 2017 5587 2069 5659; x_wconf 77' lang='lat' dir='ltr'><strong>ls</strong></span> <span class='ocrx_word' id='word_1_833' title='bbox 2110 5587 2177 5640; x_wconf 87' lang='lat' dir='ltr'><strong>ad</strong></span> <span class='ocrx_word' id='word_1_834' title='bbox 2228 5598 2350 5649; x_wconf 88' lang='lat' dir='ltr'><strong>nos,</strong></span> <span class='ocrx_word' id='word_1_835' title='bbox 2402 5583 2507 5636; x_wconf 87' lang='lat' dir='ltr'><strong>hoc</strong></span> <span class='ocrx_word' id='word_1_836' title='bbox 2552 5590 2635 5636; x_wconf 84' lang='lat' dir='ltr'><strong>est</strong></span> <span class='ocrx_word' id='word_1_837' title='bbox 2683 5581 2750 5634; x_wconf 86' lang='lat' dir='ltr'><strong>ad</strong></span> <span class='ocrx_word' id='word_1_838' title='bbox 2798 5580 3146 5634; x_wconf 88' lang='lat' dir='ltr'><strong>oberrantem</strong></span> <span class='ocrx_word' id='word_1_839' title='bbox 3198 5589 3378 5636; x_wconf 88' lang='lat' dir='ltr'><strong>ovem,</strong></span> <span class='ocrx_word' id='word_1_840' title='bbox 3428 5574 3599 5633; x_wconf 82' lang='lat' dir='ltr'><strong>venit,</strong></span> 
     </span>
    </p>
   </div>
   <div class='ocr_carea' id='block_1_118' title="bbox 2191 5748 3594 5824">
    <p class='ocr_par' dir='ltr' id='par_1_118' title="bbox 2191 5748 3594 5824">
     <span class='ocr_line' id='line_1_118' title="bbox 2191 5748 3594 5824; baseline -0.009 -8"><span class='ocrx_word' id='word_1_841' title='bbox 2191 5760 2213 5792; x_wconf 77' lang='lat'><strong>‘</strong></span> <span class='ocrx_word' id='word_1_842' title='bbox 2244 5760 2264 5816; x_wconf 93' lang='lat' dir='ltr'><strong>l</strong></span> <span class='ocrx_word' id='word_1_843' title='bbox 2294 5760 2421 5817; x_wconf 85' lang='lat' dir='ltr'><strong>Cor.</strong></span> <span class='ocrx_word' id='word_1_844' title='bbox 2465 5776 2503 5824; x_wconf 87' lang='lat' dir='ltr'><strong>l,</strong></span> <span class='ocrx_word' id='word_1_845' title='bbox 2533 5759 2623 5813; x_wconf 68' lang='grc'><strong>24.</strong></span> <span class='ocrx_word' id='word_1_846' title='bbox 2731 5758 2753 5790; x_wconf 88' lang='grc'><strong><em>⁸</em></strong></span> <span class='ocrx_word' id='word_1_847' title='bbox 2791 5755 2950 5812; x_wconf 71' lang='lat' dir='ltr'><strong>Joan.</strong></span> <span class='ocrx_word' id='word_1_848' title='bbox 3007 5769 3126 5820; x_wconf 82' lang='lat' dir='ltr'><strong>vm,</strong></span> <span class='ocrx_word' id='word_1_849' title='bbox 3174 5750 3264 5806; x_wconf 71' lang='grc'><strong>44.</strong></span> <span class='ocrx_word' id='word_1_850' title='bbox 3377 5748 3398 5781; x_wconf 82' lang='grc'>⁸</span> <span class='ocrx_word' id='word_1_851' title='bbox 3430 5748 3594 5807; x_wconf 77' lang='lat' dir='ltr'><strong>Ptuv.</strong></span> 
     </span>
    </p>
   </div>
  </div>
