4116 6424
514 391 656 456 1403

1946 389 2327 452 ADDENDA.

3650 387 3788 452 ιιοι

513 511 678 570 atque
711 515 764 553 in
804 501 1090 555 montibus
1141 510 1196 555 et
1247 501 1476 557 collibus
1513 501 1742 567 invenit,
1795 501 1846 555 in
1895 505 2099 572 quibus
2130 509 2173 562 Α
2205 511 2318 555 tum
2363 499 2529 556 etiam
2577 509 2636 555 ut
2678 515 3044 571 comparans,
3091 499 3143 554 id
3190 508 3310 562 est.
3348 502 3686 564 concilians.
3731 520 3799 559 ac

515 592 983 653 sacriﬁcabamus,
1029 593 1186 659 juxta
1239 589 1433 646 Oscam
1483 593 1505 624 ‘
1536 602 1589 647 et
1626 593 1820 647 lsaiam
1856 595 1922 646 ¹⁰.
1964 594 2098 648 Nam

516 683 656 749 apud
715 683 981 736 idolorum
1039 683 1278 738 cultores
1333 685 1384 738 in
1447 700 1600 738 more
1652 685 1890 755 positum
1945 695 2101 752 erat,

516 774 782 829 sacriﬁcia
816 775 869 828 in
902 776 1208 838 montibus.
1239 778 1628 848 umbrosisque
1656 780 1948 834 arboribus
1977 796 2106 833 con-

517 868 699 920 tieere.
737 866 1015 920 Inventam
1053 867 1223 937 igitur
1258 871 1530 938 palantem
1568 881 1812 926 nostram
1851 883 2104 926 naturam

517 959 743 1012 minime
777 961 1035 1027 neglexit,
1073 961 1166 1016 sed
1205 962 1507 1032 perinsigni
1545 962 1752 1016 honore
1785 964 2106 1032 complexus

515 1059 619 1103 est.
656 1049 856 1104 Iisdem
912 1052 1058 1103 enim
1094 1051 1340 1106 humeris
1375 1067 1495 1106 eam
1530 1054 1790 1122 suscepit,
1825 1054 2025 1123 quibus
2055 1065 2108 1110 et

515 1144 701 1196 crucis
736 1143 945 1212 lignum
998 1145 1142 1198 tulit.
1185 1144 1442 1213 Bajulans
1481 1146 1624 1200 enim
1677 1159 1896 1199 crucem
1951 1162 2103 1200 suam

518 1247 779 1300 egressus
810 1245 893 1288 est
926 1235 990 1298 ¹¹,
1021 1237 1343 1305 priusquam
1375 1237 1440 1289 ad
1473 1252 1593 1289 eam
1625 1237 1942 1307 gestandam
1976 1238 2111 1290 ada-

519 1332 643 1377 ctus
691 1322 886 1378 l'uisset
933 1322 1148 1392 Simon,
1201 1325 1664 1395 quemadmodum
1719 1337 1772 1379 et
1822 1324 1990 1380 Isaias
2046 1327 2112 1380 de

523 1416 642 1484 ipso
682 1415 1008 1470 vaticinatus
1058 1415 1240 1470 fuerat
1289 1418 1480 1470 dicens
1523 1435 1537 1471 :
1577 1416 1742 1487 Cujus
1780 1418 2111 1487 principatus

523 1523 680 1572 super
717 1508 987 1561 humerum
1035 1525 1149 1575 eius
1179 1509 1241 1563 ".
1280 1509 1572 1578 Acceptam
1626 1519 1806 1562 autem
1865 1519 2110 1563 nostram

525 1607 776 1652 naturam
806 1600 872 1652 ad
915 1617 1209 1670 supernam
1244 1601 1414 1654 vitam
1437 1641 1452 1665 ,
1496 1616 1525 1654 a
1560 1616 1667 1670 qua
1701 1600 2109 1665 excideramus,

525 1692 761 1758 reduxit,
821 1701 986 1761 atque
1041 1693 1249 1760 angelis
1307 1694 1656 1764 aggregavit,
1709 1693 1802 1762 qui
1862 1693 1913 1745 in
1969 1693 2114 1747 b0uo

523 1790 841 1838 constantes
870 1793 1112 1837 manent.
1148 1781 1221 1835 llli
1253 1785 1397 1837 enim
1446 1799 1543 1853 per
1576 1784 1869 1853 nonaginta
1918 1799 2110 1840 novem

2206 592 2545 660 desponsans
2603 591 2832 646 Domino
2883 591 3106 646 Christo
3175 594 3435 662 populum
3486 595 3796 659 eximium,

2209 684 2310 742 hoc
2342 694 2425 738 est
2470 684 2752 752 copiosum
2798 693 2853 738 et
2894 685 3276 743 excellentem.
3327 694 3494 754 atque
3537 687 3798 743 omnibus

2209 776 2334 830 aliis
2366 775 2540 844 ipsius
2573 776 2897 830 substantiis
2923 777 3306 845 creaturisque
3336 780 3798 846 prmstantiorem.

2208 867 2462 923 Christus
2495 869 2642 923 enim
2682 868 2940 923 Ecclesia:
2971 884 3206 939 sponsus
3232 880 3337 932 est,
3379 886 3477 938 per
3505 871 3659 924 ﬁdem
3693 873 3800 940 ipsi

2210 961 2505 1029 adjuncta.
2540 961 2635 1016 Sic
2663 963 2808 1016 enim
2836 961 3075 1016 Joannes
3106 961 3346 1031 Baptista
3377 963 3617 1032 loquitur
3649 981 3663 1017 :
3694 966 3802 1028 Qui

2211 1051 2356 1105 habet
2399 1070 2647 1121 sponsam
2696 1070 2918 1120 sponsus
2968 1064 3094 1108 est:
3133 1056 3334 1106 amicus
3384 1065 3561 1109 autem
3597 1057 3800 1123 sponsi,

2213 1145 2304 1213 qui
2347 1155 2488 1204 stat,
2537 1155 2584 1196 et
2636 1146 2786 1200 audit
2831 1159 2986 1208 eum,
3037 1143 3295 1213 gaudium
3345 1147 3537 1213 gaudet
3587 1156 3802 1214 propter

2213 1251 2384 1289 vocent
2438 1235 2621 1302 sponsi
2668 1236 2730 1289 ".
2790 1236 3040 1290 Amicum
3095 1246 3274 1290 autem
3347 1239 3590 1306 seipsum
3647 1250 3806 1293 vocat

2215 1342 2543 1396 pra-cursor.
2598 1325 2714 1378 Jam
2775 1342 2904 1381 vero
2968 1326 3033 1378 ad
3092 1327 3473 1396 accipiendum
3535 1329 3802 1398 Spiritum

2215 1416 2472 1470 homines
2523 1432 2620 1484 per
2667 1432 2864 1486 aquam
2921 1418 3299 1486 prapurgabat
3344 1417 3584 1474 Joannes
3634 1439 3647 1473 :
3694 1421 3803 1490 Ego

2213 1509 2382 1569 enim,
2417 1508 2612 1577 inquit,
2648 1510 2852 1577 baptizo
2885 1525 2972 1563 vos
3013 1511 3063 1562 in
3103 1526 3241 1577 aqua
3293 1526 3312 1563 .°
3348 1512 3461 1577 ipse
3503 1522 3678 1564 autem
3709 1515 3805 1565 ba—

2215 1599 2436 1667 ptizabit
2465 1616 2553 1654 vos
2582 1601 2635 1652 in
2667 1597 2873 1664 Spiritu
2904 1611 3086 1654 sancto
3115 1602 3178 1653 ".
3211 1603 3589 1672 Pra‘purgator
3619 1605 3804 1674 itaque

2215 1686 2445 1743 Joannis
2478 1688 2782 1758 baptismus
2820 1698 2956 1754 erat,
2989 1689 3056 1742 ad
3091 1689 3431 1758 spiritualem
3474 1690 3677 1744 Christi
3713 1691 3808 1744 ba-

2219 1781 2476 1849 ptismum
2517 1783 2745 1847 ducens,
2797 1783 2890 1851 qui
2937 1793 2991 1837 et
3042 1782 3331 1850 purgandi,
3387 1791 3441 1834 et
3491 1782 3804 1851 perﬁciendi

523 1887 655 1928 oves
701 1873 1080 1943 designantur,
1119 1874 1322 1942 quibus
1374 1875 1578 1928 relictis
1629 1885 1814 1944 pastor
1845 1878 1912 1929 ad
1949 1892 2111 1929 unam
2147 1853 2188 1907 Β
2216 1875 2325 1928 vim
2370 1874 2552 1929 habet.

522 1975 801 2020 errantem
836 1965 1001 2024 venit.
1037 1973 1097 2020 ut
1125 1980 1246 2019 eam
1283 1965 1574 2030 inveniret,
1605 1981 1667 2022 ac
1695 1983 1819 2022 cum
1856 1967 1962 2031 his,
1995 1984 2117 2036 qua:

523 2070 554 2108 a
596 2069 757 2126 grege
805 2071 914 2110 non
967 2056 1266 2122 aberrant,
1315 2056 1670 2127 conjungerct
1699 2098 1713 2122 ,
1765 2061 2112 2128 quodetiam

526 2147 681 2202 fecit.

594 2238 715 2293 Col.
766 2239 870 2293 659
927 2240 991 2292 A.
1048 2239 1188 2304 Quia
1241 2239 1533 2302 lucernam,
1594 2242 1691 2294 hoc
1745 2251 1846 2304 est,
1903 2258 2118 2296 carnem

525 2350 702 2400 suam,
730 2345 835 2389 etc.
864 2336 1098 2390 Centum
1126 2338 1311 2391 ovium
1346 2337 1662 2406 parabolam
1697 2335 1944 2404 proxime
1973 2335 2118 2401 apud

531 2423 735 2478 Lucam
790 2430 1036 2493 sequitur
1087 2427 1363 2481 drachma:
1417 2428 1696 2497 parabola.
1753 2425 1878 2481 ll;ec
1929 2437 2114 2480 autem

533 2514 703 2584 ipsius
735 2518 897 2570 verba
928 2527 1056 2573 sunt
1085 2535 1101 2572 :
1133 2518 1321 2584 Siqua
1363 2520 1555 2572 mulier
1595 2521 1796 2574 habens
1836 2522 2118 2574 drachmas

528 2608 730 2668 decem,
765 2624 923 2660 unam
968 2610 1279 2663 drachmam
1319 2613 1632 2680 perdiderit,
1673 2629 1845 2666 nonne
1879 2615 2116 2667 accendit

529 2699 821 2764 lucernam,
855 2711 904 2754 et
954 2705 1134 2757 evertit
1193 2705 1439 2771 domum,
1493 2715 1541 2758 et
1592 2707 1777 2774 quierit
1816 2707 2116 2774 diligenter,

533 2791 698 2843 donec
728 2793 983 2845 invenerit
1031 2794 1340 2847 drachmam
1376 2812 1533 2863 quam
1571 2797 1875 2865 perdiderat
1904 2796 1987 2848 “?
2022 2796 2120 2851 llic

528 2883 699 2950 igitur
736 2887 954 2950 mulier,
995 2886 1074 2940 vel
1111 2887 1232 2956 ejus
1286 2888 1470 2954 pctius
1506 2887 1627 2941 loco
1673 2887 1927 2942 Christus
1977 2899 2062 2942 est
2101 2906 2114 2938 :

526 2973 777 3037 lucerna,
805 2977 980 3045 ipsius
1011 2994 1162 3044 caro,
1192 2995 1347 3048 pura,
1377 2980 1626 3048 inquam,
1657 2979 1747 3033 illa
1775 2990 1828 3034 et
1849 2996 1878 3034 a
1909 2980 2115 3049 peccati

529 3069 788 3124 sordibus
843 3070 1055 3134 libera,
1122 3071 1534 3139 divinitatisque
1599 3072 1803 3127 lumine
1852 3073 2117 3126 mundutn

532 3159 891 3225 collustrans,
927 3177 1164 3232 eumque
1195 3180 1225 3218 a
1263 3165 1466 3233 peccati
1515 3165 1754 3219 tenebris
1797 3180 2118 3234 repurgaus,
2150 3197 2192 3254 ε

532 3263 642 3304 non
689 3265 850 3305 secus
887 3267 949 3305 ae
988 3254 1206 3308 domum
1250 3256 1542 3324 quamdam
1597 3256 1798 3309 multas
1849 3256 2039 3311 sordes
2072 3265 2126 3311 et

535 3341 863 3410 quisquilias
912 3343 1221 3398 habentem.
1273 3345 1541 3398 Draehma
1586 3356 1791 3409 autem,
1827 3347 2032 3411 anima,
2067 3357 2126 3401 ut

534 3434 683 3500 regia
712 3433 949 3502 imagine
979 3436 1214 3503 signata,
1239 3452 1362 3504 qius:
1397 3436 1619 3497 quidem
1652 3436 1811 3491 {mdis
1839 3437 2126 3494 aﬂcctibus

538 3524 734 3577 obruta
786 3534 840 3578 et
887 3525 1106 3579 defossa
1162 3536 1298 3593 erat,
1350 3538 1536 3596 postea
1595 3538 1774 3582 autem
1826 3544 1856 3583 a
1907 3529 2126 3584 Christo

539 3627 818 3683 quaerente
865 3618 1105 3672 inventa.
1157 3621 1337 3688 Atque
1387 3620 1672 3674 hominum
1722 3620 1886 3676 simul
1934 3630 1987 3675 et
2037 3622 2123 3676 Dei

537 3718 788 3762 amantes
835 3708 1032 3778 angeli,
1072 3710 1146 3763 ob
1181 3709 1303 3779 ejus
1339 3710 1711 3765 inventionem
1759 3727 1822 3766 ae
1868 3713 2126 3778 salutem,

538 3799 726 3854 laetitia
762 3799 1174 3856 dill‘unduntur:
1221 3803 1423 3870 quibus
1457 3803 1620 3856 etiam
1646 3804 1838 3872 primis
1875 3805 2129 3858 incarna-

541 3894 706 3950 tionis
742 3894 1063 3963 mysterium
1115 3895 1374 3948 traditum
1433 3902 1538 3957 est,
1588 3911 1652 3950 ac
1701 3912 1800 3950 nos
1832 3897 2027 3950 deinde
2060 3900 2128 3952 ab

540 3989 608 4044 iis
635 3987 880 4054 ejusdem
916 3989 1229 4055 cognitione
1263 3989 1459 4042 imbuti
1493 4005 1710 4044 sumus.

602 4079 734 4133 Ibid.
753 4081 891 4144 Quia
907 4083 1176 4134 lucernam
1192 4083 1552 4150 pra’viamluz
1568 4081 1663 4134 illa
1679 4081 2002 4147 clarissima,
2019 4091 2125 4136 etc.

540 4171 804 4231 Praevius,
836 4173 951 4225 sive
986 4189 1318 4241 pratcursor,
1349 4183 1468 4229 erat
1501 4173 1741 4229 Joannes
1775 4174 2038 4243 Baptista,
2073 4182 2131 4228 nt

538 4281 606 4318 ex
661 4267 831 4333 patris
873 4266 1047 4334 ipsius
1099 4268 1383 4336 prophetia
1437 4277 1586 4336 potet
1625 4285 1637 4318 :
1681 4265 1904 4320 l’rwibit
1958 4270 2127 4334 enim,

539 4359 738 4426 inquit,
789 4368 910 4410 ante
955 4358 1144 4426 [aciem
1197 4360 1410 4413 Domini
1455 4359 1520 4414 “.
1570 4357 1816 4412 Lucerna
1868 4369 2050 4413 autem
2098 4375 2129 4414 a

543 4447 774 4504 Domino
809 4447 928 4515 ipso
977 4449 1278 4515 appellatus
1319 4456 1425 4512 est,
1477 4449 1561 4503 his
1611 4451 1793 4503 verbis
1828 4468 1841 4503 :
1882 4448 1983 4502 Ille
2017 4460 2128 4503 erat

2287 1965 2425 2020 Ibid.
2473 1966 2534 2020 B.
2581 1965 2826 2020 lltvccino
2863 1964 2970 2019 Deo
3009 1965 3195 2035 objicis
3239 1978 3398 2035 atque
3435 1966 3655 2028 idcirco,
3697 1974 3806 2020 etc.

2219 2059 2395 2126 Supra
2426 2074 2654 2112 numero
2689 2059 2953 2128 singulari
2985 2059 3222 2126 dicebat,
3256 2061 3385 2112 Idne
3409 2059 3605 2128 objicis
3643 2058 3752 2111 Deo
3779 2057 3802 2108 ?

2215 2151 2284 2206 de
2340 2151 2604 2205 beneﬁcio
2658 2152 2922 2222 loquens;
2985 2152 3094 2206 illic
3159 2153 3304 2206 enim
3361 2151 3634 2221 generalis
3691 2159 3811 2204 erat

2219 2246 2420 2298 oratio.
2461 2242 2616 2299 Nune
2658 2245 2786 2298 illud
2823 2245 2875 2297 in
2916 2247 3101 2314 plures
3147 2246 3358 2314 species
3399 2245 3670 2307 dividens,
3708 2245 3806 2310 ait,

2221 2335 2470 2392 llaeccine
2508 2337 2702 2404 objicis
2728 2336 2861 2401 Deo,
2893 2349 3058 2407 atque
3090 2338 3295 2393 idcirco
3323 2353 3447 2392 cum
3476 2336 3636 2392 Patre
3669 2336 3809 2390 inl'e-

2218 2431 2418 2483 riorem
2465 2445 2529 2485 ac
2575 2430 2844 2484 minorem
2879 2431 3186 2493 existimas,
3233 2431 3362 2502 quia
3407 2430 3804 2500 discipulorum

2221 2520 2387 2588 pedes
2423 2519 2620 2583 abluit,
2653 2529 2709 2572 ut
2745 2530 2798 2573 tu
2837 2535 2932 2590 per
2968 2521 3330 2573 humilitatem
3367 2520 3554 2575 extolli
3591 2518 3812 2572 discas?

2221 2609 2326 2676 Qui
2369 2610 2537 2673 enim,
2586 2611 2784 2680 inquit,
2834 2613 3070 2664 omnium
3125 2612 3328 2678 primus
3375 2627 3486 2664 esse
3535 2613 3698 2679 cupit,
3743 2611 3812 2662 sit

2218 2703 2450 2756 omnium
2485 2703 2796 2756 novissimus
2823 2703 2902 2767 '°;
2941 2712 2991 2756 et
3033 2720 3046 2755 :
3093 2703 3198 2768 Qui
3217 2720 3271 2757 se
3299 2703 3568 2766 humi/int,
3595 2702 3813 2754 exalta-

2219 2793 2361 2846 bitur
2389 2794 2455 2848 “.
2500 2794 2571 2848 De
2605 2795 2861 2848 inclinata
2912 2805 3094 2848 autem
3145 2796 3374 2850 muliere
3425 2797 3564 2865 apud
3602 2795 3808 2849 Lucam

2220 2884 2486 2954 scriptum
2538 2895 2662 2952 est,
2715 2887 2860 2954 quod
2911 2887 3169 2944 Christus
3218 2888 3502 2942 mulierem
3555 2889 3810 2957 spiritum

2221 2975 2556 3032 inﬁrmitatis
2601 2977 2922 3042 habentem,
2975 2993 3037 3033 ac
3068 2979 3321 3033 deorsum
3372 2989 3709 3033 contractam
3759 2989 3816 3034 et

2222 3069 2564 3135 inclinatam,
2614 3085 2714 3124 nec
2763 3079 2927 3139 caput
2975 3071 3184 3138 erigere
3233 3072 3528 3133 valentem,
3581 3088 3814 3126 curave-

2227 3161 2296 3214 rit
2325 3163 2390 3216 “.
2422 3161 2576 3217 llanc
2622 3163 2907 3216 mulierem
2952 3161 3263 3234 Theologus
3308 3164 3604 3234 allegorice
3644 3181 3810 3220 sensu

2228 3251 2528 3308 humanam
2563 3255 2803 3308 animam
2835 3269 2957 3308 esse
2985 3255 3134 3317 dicit,
3169 3271 3282 3324 pra:
3307 3257 3573 3324 gravitate
3605 3257 3814 3324 peccati

2229 3345 2487 3401 deorsum
2541 3354 2848 3412 urgentem,
2898 3361 2960 3400 ac
3007 3347 3346 3414 depressam.
3382 3347 3524 3412 Quin
3573 3358 3628 3401 tu
3680 3348 3812 3403 illud

2227 3452 2467 3506 quoque,
2515 3436 2713 3507 inquit,
2748 3437 3124 3506 reprehendis,
3161 3438 3625 3506 quemadmodum
3670 3439 3816 3492 Pha-

2228 3531 2412 3595 risaei,
2466 3531 2610 3599 quod
2665 3530 3008 3584 convictores
3068 3529 3270 3583 habere
3326 3529 3648 3598 publicanos
3707 3545 3813 3584 non

2230 3633 2493 3686 recusat,
2544 3623 2690 3693 quod
2747 3623 2889 3693 apud
2949 3621 3273 3691 publicanos
3331 3624 3664 3685 diversatur,
3716 3637 3817 3676 nec

2228 3730 2420 3768 eorum
2463 3713 2841 3782 exceptionem
2877 3726 3238 3780 mensamque
3276 3709 3508 3773 fastidit,
3551 3711 3696 3780 quod
3734 3711 3817 3762 in-

2231 3821 2396 3874 super
2443 3804 2511 3858 ab
2553 3802 2948 3870 exigendorum
2981 3801 3330 3872 vectigalium
3379 3817 3607 3856 munere
3638 3801 3705 3855 ad
3735 3803 3818 3855 di-

2231 3895 2559 3964 seipulatum
2598 3893 2866 3962 quosdam
2922 3893 3180 3958 traducit,
3225 3892 3393 3947 veluti
3446 3890 3758 3945 Matthaeum
3801 3907 3816 3945 :

2233 3998 2316 4051 ut,
2349 3988 2612 4058 quoniam
2645 3986 2779 4039 lucri
2811 3985 3042 4040 studiosi
3076 3995 3205 4040 sunt
3237 3986 3534 4056 publicani,
3567 3984 3818 4039 Salvator

2231 4094 2452 4151 quoque
2501 4078 2617 4147 ipse
2664 4077 2897 4134 salutem
2952 4093 3145 4133 eorum
3181 4079 3361 4132 obiter
3409 4079 3707 4143 clueretur,
3751 4078 3822 4132 ab

2231 4173 2352 4243 ejus
2407 4171 2658 4227 videlicet
2728 4171 2978 4228 doctrina
3049 4173 3337 4226 utilitatem
3408 4172 3740 4241 capientium
3802 4189 3818 4228 :

2231 4263 2694 4334 quemadmodum
2731 4273 2786 4318 et
2827 4265 3074 4320 medicus
3126 4265 3194 4318 ad
3247 4263 3465 4319 lmtidos
3506 4265 3728 4318 morbos
3761 4281 3821 4319 se

2232 4355 2492 4421 demittit,
2527 4355 2806 4425 nullisque
2843 4355 2959 4425 ipse
3000 4355 3307 4416 doloribus,
3341 4354 3435 4423 qui
3489 4355 3815 4410 medicinam

2233 4457 2549 4516 exposcam,
2583 4447 2814 4502 allectus
2852 4446 3070 4516 aegrotis
3109 4447 3405 4500 sanitatem
3442 4444 3619 4509 aﬁert,
3657 4454 3823 4513 atque

539 4543 756 4594 lucerna
790 4539 984 4592 ardens
1021 4541 1084 4591 ’⁵.
1119 4537 1426 4594 Lucernam
1475 4557 1639 4610 porro
1676 4540 1854 4610 ipsum
1893 4516 2138 4608 vocavit:
2165 4541 2203 4594 D
2235 4539 2324 4593 ille
2368 4537 2556 4604 etiam,
2609 4537 2702 4608 qui
2737 4538 2893 4607 juxta
2928 4536 3063 4606 legis
3113 4545 3448 4605 praeceptum
3502 4534 3555 4588 in
3607 4534 3821 4588 foveam

542 4640 602 4686 ut
629 4630 895 4684 doctrinae
928 4629 1106 4682 lumen
1147 4645 1176 4683 a
1212 4644 1270 4683 se
1313 4645 1419 4684 non
1463 4629 1776 4694 habentem,
1811 4632 1904 4684 sed
1942 4645 1970 4684 a
2005 4628 2130 4701 Spi-

544 4723 682 4776 ritus
714 4723 889 4777 sancti
919 4723 1113 4791 gratia,
1140 4735 1194 4777 et
1221 4723 1350 4793 quia
1387 4721 1705 4792 prarlulgido
1735 4722 1880 4778 Solis
1903 4723 2133 4790 justitia‘.

544 4815 751 4868 lumine
777 4816 1157 4870 obseurandus
1196 4827 1334 4868 erat.
1378 4813 1492 4869 Vox
1538 4831 1730 4869 rursus
1760 4815 1988 4880 dicitur,
2023 4831 2130 4869 non

544 4907 707 4959 modo
760 4919 981 4976 prapter
1031 4908 1396 4960 exandibilcm
1454 4906 1626 4976 ipsius
1684 4907 2128 4976 praedicationem

546 5001 689 5068 (ipse
737 5001 882 5053 enim
932 5010 1037 5063 est,
1078 5000 1233 5069 juxta
1287 4999 1436 5051 Isaiae
1480 4999 1823 5066 vaticinium,
1866 4998 1978 5053 Vox
2016 4998 2130 5052 cla-

547 5094 742 5145 mantis
783 5095 838 5144 in
875 5094 1082 5145 deserto
1116 5093 1216 5160 ¹⁶);
1257 5109 1444 5147 verum
1477 5093 1638 5147 etiam
1673 5101 1729 5146 ut
1757 5093 1978 5147 Christo
2009 5091 2132 5144 Sal-

549 5191 758 5246 vatore,
784 5195 1050 5251 quantum
1082 5185 1149 5236 ad
1182 5185 1604 5251 humanitatem,
1634 5186 1806 5255 prior,
1840 5199 1945 5238 non
1974 5199 2135 5239 secus

549 5288 617 5326 ac
645 5289 743 5326 ι·οι
777 5289 1082 5327 sermonem
1115 5271 1408 5331 antecedit.
1440 5275 1735 5330 Pl'OlilllillS
1764 5286 1944 5330 autem
1975 5291 2138 5331 νοω·

549 5376 657 5429 ι.ιι·,
695 5375 754 5418 ιιι
808 5364 1029 5419 Christo
1062 5368 1128 5420 ad
1183 5382 1468 5434 sponsam,
1522 5369 1625 5423 hoc
1674 5380 1759 5425 est
1808 5370 2136 5434 Ecclesiam,

549 5460 687 5514 viam
704 5470 956 5514 sternens
982 5459 1205 5529 (Parate
1228 5461 1395 5527 enim,
1421 5463 1616 5534 inquit,
1636 5465 1776 5516 viam
1804 5462 2017 5517 Domini
2043 5463 2139 5535 ’7),

623 5667 646 5696 ⁹
677 5664 802 5718 Osc.
839 5680 912 5728 ιν,
944 5664 1030 5717 15.
1147 5664 1189 5694 "'
1221 5664 1325 5720 lsa.
1360 5679 1482 5727 va,
1515 5662 1606 5716 25.

627 5735 670 5766 ‘5
695 5734 853 5787 Joan.
886 5751 937 5797 ν,
979 5734 1069 5788 55.
1148 5735 1189 5766 ⁸⁸
1213 5735 1316 5788 Ιδει.
1354 5751 1442 5798 ιιι..
1509 5735 1578 5795 8;
1644 5732 1832 5785 Matth.
1865 5749 1944 5796 ιιι,
1977 5733 2032 5786 5.

627 5805 676 5842 υ
699 5805 886 5860 .llatth.
921 5820 1013 5866 ιιι,
1043 5805 1145 5872 27;
1202 5821 1358 5869 xxui,
1391 5805 1489 5868 lt;
1533 5801 1690 5859 Joan.
1736 5819 1856 5868 xns,
1900 5803 1985 5856 lti.

1723 5661 1762 5694 “
1799 5661 1956 5716 Joan.
1992 5677 2107 5721 six,
2144 5662 2230 5715 17.

1723 5735 1832 5783 κιιΙι.
1865 5749 1944 5783 ιιι.
1977 5733 2032 5783 5.
2110 5731 2151 5763 ¹⁷
2176 5731 2283 5783 ihid

2110 5735 2306 5784 "ibid.
2389 5735 2431 5761 "
2453 5735 2613 5781 Joan.
2653 5744 2667 5781 l

2094 5804 2137 5833 "
2175 5802 2363 5858 Matth.
2402 5816 2555 5862 mn,
2591 5799 2676 5855 ll.

2233 4631 2529 4692 incumbit,
2580 4630 2907 4699 lapsumque
2956 4627 3182 4690 animal,
3233 4641 3580 4695 nequaquam
3635 4625 3826 4694 lapsus

2233 4723 2372 4793 ipse,
2405 4721 2669 4776 extrahit.
2698 4721 2855 4786 Quod
2903 4720 2949 4774 si
3001 4719 3073 4772 illi
3112 4719 3401 4772 miriﬁcam
3439 4719 3567 4772 hinc
3603 4718 3822 4773 laudem

2230 4823 2669 4881 consequuntur,
2725 4811 2858 4880 quid
2921 4812 3140 4864 tandem
3201 4809 3382 4864 atl‘erri
3437 4820 3636 4879 potest,
3687 4813 3824 4880 quin

2238 4906 2413 4958 multo
2445 4905 2706 4974 majorem
2740 4903 2900 4958 nobis
2928 4903 3349 4957 admirationem
3383 4903 3650 4958 Dominus
3678 4903 3828 4958 exci-

2239 5007 2356 5052 tare
2404 4997 2618 5060 debeat,
2669 4997 2764 5066 qui
2831 4995 3030 5050 [tedam
3100 5005 3347 5050 nostram
3413 4995 3824 5064 corruptionem

2239 5089 2523 5154 sustinuit,
2549 5099 2712 5158 atque
2732 5088 2800 5140 ad
2827 5087 3074 5141 inﬁmum
3102 5087 3280 5154 ipsum
3309 5087 3488 5140 lacum
3516 5087 3822 5150 descendit,

2238 5192 2294 5234 nt
2320 5181 2596 5235 hominem
2623 5179 2916 5233 aﬂ‘ectuum
2961 5180 3235 5234 ulceribus
3267 5187 3571 5233 scatentem
3607 5178 3825 5232 incolu-

2237 5273 2412 5329 mitati
2450 5274 2720 5336 redderet,
2754 5287 3090 5341 Sursumque
3128 5271 3490 5340 pertraheret,
3536 5271 3631 5341 qui
3675 5280 3824 5325 tanta

2239 5368 2551 5423 calamitate
2599 5382 2898 5436 oppressus
2947 5375 3086 5429 erat,
3133 5373 3192 5417 ut
3236 5379 3456 5420 sensum
3501 5380 3715 5417 onmem
3758 5383 3825 5416 ne

2239 5465 2507 5518 rationem
2543 5459 2768 5531 pecudis
2805 5460 2979 5514 instar
3008 5456 3304 5524 amisisset,
3331 5461 3466 5512 adeo
3497 5469 3554 5512 ut
3587 5473 3686 5510 nec
3718 5459 3825 5511 sibi

2853 5657 2894 5688 "
2930 5655 3061 5709 Luc.
3100 5655 3276 5721 xv,«8.
3397 5657 3437 5687 ’δ
3471 5655 3602 5710 Luc.
3650 5671 3686 5719 ι,
3729 5659 3824 5717 76,

2931 5727 2973 5758 ¹⁹
2998 5724 3190 5780 Matth.
3235 5741 3316 5788 Ill,
3347 5727 3432 5793 H;
3467 5725 3628 5782 Joan.
3666 5742 3701 5790 I,
3728 5731 3821 5782 26.

2783 5799 2828 5829 "
2873 5795 3008 5852 Luc.
3045 5813 3162 5864 xui,
3196 5797 3284 5852 ll.

2346 5661 2388 5692 ¹¹
2418 5659 2523 5714 isa.
2560 5673 2638 5722 ιιι,
2681 5657 2734 5712 6.

2389 5731 2431 5761 ⁸⁸
2453 5729 2613 5781 Joan.
2653 5743 2732 5794 ιιι,
2761 5727 2850 5784 99.
