4116 6424
337 420 479 486 1405

1255 422 1578 483 NICETAS
1616 420 1701 483 IN
1744 422 1970 483 ORAT.
2013 422 2188 483 XLII
2229 422 2293 483 S.
2332 421 2569 484 GREG.

3460 420 3486 478 l
3500 418 3600 478 £05

334 530 437 601 ipsi
494 528 756 585 auxilium
809 528 973 595 ferre,
1023 542 1126 584 nec
1172 530 1370 585 medici
1406 545 1565 601 opem
1617 531 1913 600 implorare
1942 534 1985 590 Δ
2016 533 2106 588 nia
2153 532 2244 587 illa
2294 531 2688 602 producamus,
2741 544 2795 583 In
2839 528 3065 600 quibus,
3099 526 3296 598 partim
3330 541 3360 581 a
3402 524 3586 587 Patre.

333 611 536 693 posset.
579 622 681 678 sed
730 622 986 678 rationali
1039 621 1305 691 quodam,
1356 622 1465 678 hoc
1511 631 1618 685 est,
1667 622 1912 685 Christo,

329 731 472 785 opus
504 717 753 779 haberet,
802 715 896 783 qui
920 729 1040 785 ,pro
1070 729 1171 771 suo
1212 729 1343 784 erga
1390 730 1562 784 genus
1610 715 1913 770 humanum

331 822 519 862 amore
548 815 604 861 et
635 807 1014 862 misericordia
1044 816 1246 876 suopte
1280 814 1416 860 nutu
1452 806 1842 875 impelleretur.

394 900 520 955 Col.
550 899 657 956 659
687 899 750 954 C.
811 898 1014 954 Missus
1037 899 1249 969 quidem
1301 909 1407 963 est,
1464 914 1647 953 verum
1701 908 1757 951 ut
1816 902 1914 952 ho-

328 1008 437 1056 mo,
477 999 583 1045 etc.
641 988 913 1056 Haeretici,
950 990 1230 1045 Christum
1278 990 1585 1053 audientes,
1619 989 1912 1053 dicentem,

335 1082 500 1137 Pater
537 1082 684 1136 ntisit
713 1099 796 1136 me
822 1083 891 1144 ⁸³,
925 1081 1155 1139 subdole
1182 1096 1248 1135 ac
1270 1096 1530 1152 perverse
1561 1081 1912 1151 colligebant,

325 1190 393 1228 ex
417 1189 488 1228 eo
513 1174 655 1243 quod
702 1173 901 1228 missus
946 1180 1093 1228 esset
1115 1170 1308 1237 Filius,
1341 1180 1504 1242 atque
1524 1172 1916 1228 incarnationis

329 1264 568 1320 consilio
605 1264 918 1335 paruisset;
951 1278 1103 1330 eum,
1126 1272 1188 1319 ut
1218 1262 1380 1319 Patre
1408 1263 1747 1330 inferiorem,
1784 1264 1920 1320 tuis-

326 1372 454 1412 sum
505 1370 647 1416 esse,
692 1365 856 1427 atque
917 1357 1192 1427 paruisse.
1259 1356 1410 1413 Missi
1457 1358 1629 1426 enim,
1684 1359 1914 1429 subjecti

325 1459 493 1517 atque
539 1448 820 1504 inferioris
878 1463 1008 1504 esse
1054 1449 1298 1504 videtur.
1357 1447 1473 1506 Hoc
1527 1450 1718 1522 igitur,
1766 1450 1915 1521 quod

326 1538 683 1609 blasphemia-
748 1540 856 1594 illis
909 1549 1028 1595 erat
1083 1549 1492 1611 argumentum,
1547 1541 1624 1597 ita
1681 1542 1918 1597 breviter

326 1632 493 1687 solvit
523 1630 858 1703 Theoloqus.
892 1632 1165 1698 Quoniam
1210 1630 1468 1690 Christus
1504 1633 1778 1702 duplicem
1814 1648 1916 1689 na-

326 1735 507 1778 turam
548 1724 819 1789 habebat,
858 1723 1124 1778 nimirum
1173 1723 1416 1779 divinam
1474 1733 1530 1780 et
1583 1726 1913 1795 humanam,

324 1829 519 1871 ontues
555 1831 649 1872 eas
678 1830 867 1878 voces,
897 1830 1033 1886 quas
1064 1816 1138 1872 de
1166 1832 1234 1871 eo
1281 1817 1593 1872 sublimiter
1620 1827 1675 1873 et
1703 1820 1914 1890 magni-

326 1908 428 1960 tice
480 1908 720 1976 prolatas
766 1907 1049 1977 reperies,
1099 1907 1401 1964 divinitatis
1458 1925 1584 1965 esse
1636 1910 1909 1981 intellige;

325 2012 523 2052 omnes
591 2006 779 2053 autent
828 1998 1065 2056 humiles
1131 2007 1183 2055 et
1250 2000 1532 2071 abiectas,
1587 2002 1914 2060 humanitati

325 2087 562 2144 ascribe.
615 2088 770 2156 Quod
821 2089 868 2146 si
908 2090 982 2146 de
1030 2091 1373 2146 humanitate
1422 2092 1566 2150 hanc
1595 2095 1915 2152 missionem

326 2179 728 2248 interpreteris,
763 2182 949 2238 nullus
989 2183 1096 2237 erit
1139 2183 1434 2254 ohjectioui
1468 2185 1645 2242 locus.
1676 2186 1914 2253 Etenim,

329 2282 388 2326 ut
434 2272 620 2341 homo,
667 2273 874 2331 missus
913 2284 1001 2332 est
1052 2286 1107 2333 et
1156 2277 1302 2334 fame
1344 2290 1400 2334 et
1442 2280 1536 2335 siti
1580 2280 1833 2348 atllictus,
1863 2291 1918 2337 et

327 2363 593 2434 fatigatus
619 2373 673 2421 et
703 2381 910 2437 angere
940 2378 1225 2440 ιτα-κρίκε
1255 2380 1363 2436 est,
1393 2380 1452 2426 et
1487 2372 1756 2445 lacrymas
1788 2390 1918 2444 pro-

326 2457 470 2513 fudit
522 2476 538 2513 :
584 2459 670 2514 sin
731 2460 799 2514 ad
862 2460 1209 2517 divinitatem
1247 2463 1561 2533 hujusmodi
1596 2467 1914 2523 missionem

326 2549 650 2614 detorseris,
710 2552 794 2606 sic
834 2567 1056 2622 quoque
1122 2554 1487 2611 nihilominus
1535 2557 1660 2627 pius
1717 2573 1917 2628 scopus

325 2643 620 2698 constabit.
649 2642 828 2701 Patris
850 2646 994 2701 enim
1020 2648 1351 2703 voluntatem
1382 2652 1765 2705 remissionem
1790 2666 1916 2708 esse

328 2735 777 2805 interpretamur.
813 2736 1042 2794 Valente
1069 2742 1214 2795 enim
1241 2740 1406 2796 Patre
1427 2743 1712 2798 descendit
1738 2745 1915 2801 Filius

328 2825 385 2880 in
448 2835 678 2892 terram,
717 2829 813 2898 qui
875 2838 1059 2885 autem
1114 2846 1179 2886 ex
1228 2833 1533 2900 cujuspiam
1585 2835 1820 2889 consilio
1862 2842 1917 2889 et

329 2919 599 2973 sententia
640 2920 847 2990 aliquid
895 2920 1050 2987 facit,
1088 2924 1157 2978 ab
1186 2938 1252 2978 eo
1296 2934 1579 2994 permotus
1614 2941 1741 2982 esse
1767 2926 1916 2982 vide-

330 3026 445 3072 tur.
479 3016 634 3083 Quod
665 3018 814 3072 enim
856 3020 1130 3088 quispiam
1164 3020 1509 3089 comprobat,
1540 3023 1642 3078 hoc
1683 3022 1916 3078 suadere

330 3120 552 3176 quoque
593 3118 647 3161 et
698 3107 906 3162 hortari
966 3117 1246 3163 censetur.
1303 3108 1585 3180 Duplicem
1629 3119 1813 3166 autem
1842 3111 1914 3167 ob

2018 626 2219 696 partim
2245 639 2275 679 a
2305 625 2512 692 seipse,
2549 628 2604 675 et
2632 621 3117 682 resurrectionem,
3145 628 3200 672 et
3221 616 3603 682 traditionem,

2018 728 2074 773 et
2103 716 2483 774 ascensionem
2543 713 2584 768 F
2592 714 2718 768 ilius
2771 713 2971 766 habere
3021 711 3258 765 dicatur.
3295 709 3497 764 Paulus
3535 710 3601 764 ad

2019 810 2178 866 Rom.
2214 810 2282 865 de
2344 808 2503 863 Patre
2557 806 2790 868 scribit,
2832 805 2977 874 quod
3035 802 3423 873 proprioiFilio
3493 818 3604 857 non

2018 901 2283 971 pepercit,
2321 899 2416 954 sed
2459 913 2560 967 pro
2604 888 2764 951 nobis
2815 894 3073 949 omnibus
3127 892 3349 947 tradidit
3379 908 3502 947 eum
3532 893 3602 956 ",

2017 994 2099 1049 Ad
2135 993 2315 1047 Titum
2347 999 2530 1045 autem
2552 989 2622 1045 de
2640 989 2781 1043 Filio
2816 989 2888 1040 ita
2917 987 3198 1055 loquitur:
3236 986 3340 1050 Qui
3373 984 3603 1038 tradidit

2018 1085 2249 1154 seipsuut
2288 1098 2384 1152 pro
2416 1078 2590 1143 nobis,
2636 1087 2695 1133 ut
2740 1077 3018 1132 redimeret
3061 1090 3157 1128 nos
3191 1073 3254 1126 ab
3303 1073 3448 1127 omni
3481 1088 3606 1142 pec-

2019 1187 2137 1234 cato
2158 1178 2225 1230 ’⁵.
2258 1177 2326 1231 Et
2356 1175 2408 1228 in
2438 1173 2612 1242 Epist.
2646 1170 2712 1226 ad
2757 1168 2978 1224 Galatas
3014 1186 3028 1221 :
3061 1166 3166 1234 Qui
3197 1165 3341 1219 dedit
3371 1165 3605 1233 seipsum

2017 1285 2111 1340 pro
2159 1267 2391 1336 peccatis
2458 1263 2682 1327 nostris,
2736 1270 2794 1315 ut
2855 1261 3080 1330 eriperet
3131 1274 3226 1311 nos
3287 1274 3320 1311 a
3359 1256 3607 1325 prmenti

2019 1359 2215 1416 sa'culo
2264 1371 2490 1427 nequam
2524 1355 2591 1408 ".
2639 1354 2856 1409 Rursus
2922 1351 2988 1405 ad
3037 1349 3290 1404 Corinth.
3331 1350 3397 1403 de
3446 1349 3607 1403 Patre

2020 1453 2269 1519 loquens,
2306 1450 2381 1503 ait
2410 1465 2425 1502 :
2460 1446 2598 1502 Deus
2635 1454 2810 1499 autem
2850 1452 2900 1498 et
2928 1442 3208 1497 Dominum
3240 1439 3517 1494 suscitavit
3535 1439 3603 1493 ³⁷.

2016 1545 2086 1600 Et
2123 1544 2191 1601 ad
2226 1541 2448 1601 Galatas
2491 1538 2743 1595 scribens
2787 1553 2802 1590 :
2860 1535 2966 1590 Per
3015 1534 3197 1589 Iesum
3250 1533 3524 1586 Christum
3556 1539 3604 1585 et

2017 1638 2260 1701 Patrem,
2321 1636 2414 1706 qui
2467 1631 2743 1687 suscitavit
2809 1645 2929 1685 eum
2980 1645 3013 1682 a
3066 1627 3289 1681 mortuis
3333 1626 3400 1678 ".
3454 1627 3523 1677 At
3553 1623 3604 1676 in

2018 1708 2312 1798 Evangelia
2343 1728 2461 1797 ipse
2496 1723 2666 1780 Filius
2710 1723 2778 1778 de
2822 1720 3005 1791 seipso
3037 1719 3208 1774 dicit:
3242 1717 3440 1772 Solvite
3472 1727 3607 1769 tem-

2017 1823 2162 1894 plum
2198 1823 2316 1885 hoc,
2352 1828 2405 1874 et
2441 1819 2497 1873 in
2538 1816 2710 1871 tribus
2740 1814 2925 1869 diebus
2959 1809 3203 1868 excitabo
3241 1808 3377 1864 illud
3414 1808 3483 1861 ’⁸.
3543 1806 3608 1860 Et

2018 1927 2208 1970 rursus
2239 1929 2254 1966 :
2288 1911 2613 1967 Potestatem
2637 1907 2800 1961 habeo
2821 1904 3051 1976 ponendi
3078 1905 3315 1957 animam
3345 1905 3608 1961 meam,et

2015 2013 2328 2077 potestatem
2350 2001 2513 2057 habeo
2539 2001 2735 2054 iterum
2765 1997 3060 2068 accipiendi
3092 2010 3209 2049 eam
3239 1994 3307 2046 ’°.
3335 1990 3455 2046 lam
3480 2004 3609 2043 vero

2016 2099 2085 2153 de
2111 2096 2437 2153 ascensione
2470 2094 2524 2149 in
2557 2095 2762 2149 ctelum
2812 2090 2866 2145 in
2900 2089 3132 2145 Actibus
3162 2086 3425 2155 scriptum
3467 2092 3551 2136 est
3588 2099 3606 2136 :

2020 2187 2325 2246 Videntibus
2350 2185 2633 2247 discipulis
2662 2191 2968 2253 assumptus
2992 2190 3091 2246 est,
3128 2189 3179 2239 et
3216 2178 3379 2251 nubes
3422 2193 3607 2230 susce-

2017 2284 2096 2351 pit
2136 2297 2256 2336 eum
2284 2281 2353 2334 ".
2401 2281 2470 2333 At
2513 2278 2568 2333 in
2621 2277 2762 2331 libro
2788 2275 3134 2331 Psalmnrutn
3166 2290 3180 2326 :
3218 2270 3518 2327 Ascendens
3553 2271 3607 2324 in

2019 2375 2190 2428 altum
2213 2374 2480 2442 captivam
2513 2370 2669 2424 duxit
2716 2368 3079 2438 captivitatem
3121 2365 3189 2419 ".
3226 2362 3293 2419 Et
3328 2363 3381 2416 in
3418 2362 3610 2414 Evan—

2018 2468 2158 2540 gelia
2193 2486 2206 2523 :
2251 2466 2423 2520 Nemo
2458 2464 2697 2520 ascendit
2729 2464 2786 2517 in
2818 2461 3030 2524 emtum,
3064 2460 3168 2515 nisi
3195 2461 3262 2525 is,
3283 2459 3372 2525 qui
3394 2458 3458 2511 de
3482 2456 3612 2512 casio

2017 2558 2289 2617 descendit
2320 2557 2389 2611 ⁸³.
2618 2624 2623 2628 κ

2086 2650 2205 2708 Col.
2241 2648 2349 2705 662
2382 2648 2450 2704 A.
2499 2646 2679 2703 Proh!
2716 2645 2902 2717 qualia
2953 2644 3177 2699 Verbum
3224 2658 3363 2697 nunc
3406 2655 3608 2710 quoque

2016 2742 2252 2811 patitur!
2277 2748 2385 2795 etc.
2412 2739 2537 2795 Haec
2564 2738 2728 2793 verba
2765 2754 2782 2794 :
2815 2736 2986 2791 Proh!
3020 2750 3186 2805 quam
3238 2734 3423 2806 gravia
3461 2747 3609 2786 nunc

2018 2849 2241 2905 quoque
2297 2834 2506 2903 patitur
2574 2826 2866 2895 Christus,
2922 2828 3241 2898 quiritantis
3325 2833 3489 2888 sunt,
3543 2837 3609 2877 ac

2017 2925 2247 2999 proinde
2311 2939 2437 2980 cum
2502 2923 2877 2978 admiratione
2949 2919 3202 2991 legenda.
3286 2916 3610 2987 Indignatur

2016 3020 2163 3077 enim
2202 3027 2363 3087 atque
2391 3031 2536 3087 aegre
2572 3013 2680 3071 fert
2707 3014 3043 3083 Theologus,
3077 3011 3277 3067 Filium
3311 3009 3405 3065 Dei
3435 3010 3606 3064 etiam

2019 3126 2169 3167 nunc
2219 3108 2553 3166 contumelia
2609 3106 2770 3162 allici.
2832 3104 3137 3161 Sabelliani
3185 3104 3331 3159 enim
3381 3117 3504 3156 eum
3547 3111 3611 3156 ut

331 3213 555 3254 causam
620 3214 721 3254 sua
777 3209 926 3254 recte
981 3199 1127 3257 facta
1194 3201 1343 3257 Patri
1404 3201 1579 3259 Filius
1641 3203 1985 3261 ascribit:C
2022 3204 2194 3263 Deum
2243 3203 2585 3257 honorantes
2626 3214 2757 3254 cum
2798 3197 2959 3253 Patre
2998 3195 3344 3252 confundunt
3373 3209 3440 3249 ac
3472 3209 3608 3247 con-

332 3292 585 3353 alteram,
622 3289 754 3360 quia
807 3290 970 3346 Pater
1007 3291 1131 3347 Filii
1180 3295 1512 3365 principiqu
1560 3296 1920 3368 est(princi-

336 3381 488 3450 pium
524 3389 732 3445 autem,
761 3392 1026 3451 quantum
1084 3387 1150 3440 ad
1195 3400 1444 3451 causam,
1478 3402 1588 3442 non
1635 3396 1905 3458 quantum

332 3476 401 3527 ad
433 3474 709 3545 tempus);
748 3476 1000 3539 alteram,
1035 3493 1107 3532 ne
1163 3477 1272 3533 Deo
1318 3481 1596 3535 adversari
1644 3482 1914 3537 videatur.

335 3566 584 3621 Dentissa
618 3568 764 3621 enim
820 3568 911 3622 ilia
950 3567 1071 3622 Filii
1114 3569 1275 3624 verba
1325 3585 1433 3624 non
1482 3586 1549 3625 eo
1577 3574 1833 3635 tendunt,
1860 3581 1924 3631 ut

332 3655 500 3712 Patre
552 3656 783 3712 inferior
827 3672 950 3713 esse
998 3659 1267 3725 videatur,
1323 3661 1420 3715 sed
1476 3669 1538 3715 ut
1581 3661 1757 3729 ipsius
1789 3677 1918 3717 cum

336 3749 501 3805 Patre
519 3750 814 3806 concordia
843 3751 1254 3819 voluntatisque
1277 3754 1568 3808 consensio
1590 3753 1920 3821 declaretur,

336 3843 565 3913 perinde
591 3859 656 3898 ac
687 3843 733 3897 si
767 3842 978 3897 amicus
1003 3843 1072 3897 ab
1105 3845 1284 3899 amico
1305 3845 1510 3903 missus
1535 3860 1658 3900 esse
1684 3844 1920 3913 dicatur,

344 3952 452 3991 non
507 3945 568 3989 ttt
611 3935 863 3997 inferior,
895 3935 990 3991 sed
1045 3945 1106 3990 ut
1152 3937 1400 4007 aqualis,
1451 3947 1616 4007 atque
1671 3938 1920 3993 eamdem

336 4025 670 4080 voluntatem
705 4025 1086 4091 habens;aut,
1133 4028 1178 4080 si
1227 4027 1420 4093 mavis,
1450 4028 1916 4098 quemadmodum

336 4120 510 4173 solem
565 4118 778 4173 radium
827 4119 1046 4174 misisse
1110 4119 1368 4184 dicimus,
1414 4121 1505 4189 qui
1572 4136 1919 4190 nequaquam

337 4212 594 4275 diversas,
627 4212 724 4266 sed
756 4210 999 4280 ejusdem
1032 4226 1158 4265 cum
1190 4227 1258 4265 eo
1286 4219 1371 4267 est
1393 4213 1736 4269 substantiae.
1764 4212 1924 4280 Quod

340 4314 525 4359 autem
555 4305 623 4359 de
651 4320 759 4359 uno
790 4315 956 4373 atque
975 4302 1169 4359 eodem
1203 4304 1448 4373 Christo,
1477 4305 1586 4360 alia
1617 4314 1677 4360 ut
1695 4305 1763 4361 de
1790 4304 1925 4373 Deo,

338 4396 447 4449 alia
492 4404 554 4450 ut
598 4396 670 4450 de
727 4394 950 4450 homine
999 4396 1271 4459 dicantur,
1315 4396 1448 4450 hinc
1496 4396 1706 4466 liquido
1754 4406 1923 4468 patet.

343 4479 600 4536 Testatur
624 4481 774 4535 enim
802 4481 1108 4549 Scriptura,
1139 4481 1286 4552 quod
1328 4481 1492 4539 Pater
1522 4499 1647 4539 eum
1677 4484 1924 4553 tradidit,

2022 3298 2461 3361 trahunt,unam
2489 3301 2656 3363 atque
2683 3291 2932 3347 eamdem
2985 3303 3108 3346 esse
3150 3287 3329 3343 Patris
3383 3295 3438 3341 et
3483 3284 3608 3339 Filii

2022 3402 2079 3446 et
2128 3387 2365 3458 Spiritus
2430 3385 2606 3444 sancti
2674 3397 2977 3455 personam
3029 3390 3360 3438 asserentes.
3419 3377 3607 3431 Ariani

2023 3492 2234 3547 contra,
2260 3495 2409 3546 cum,
2439 3477 2571 3549 quia
2610 3492 2741 3535 caro
2796 3475 2972 3532 factus
3023 3483 3130 3537 est,
3159 3473 3459 3542 ignominia
3495 3469 3609 3525 alli-

2026 3572 2202 3635 ciunt,
2235 3568 2395 3626 Patre
2450 3568 2723 3623 minorem
2770 3579 2894 3620 esse
2956 3562 3316 3627 adirmantes,
3370 3569 3534 3630 atque
3581 3573 3613 3612 a

2025 3662 2206 3722 Patris
2257 3669 2453 3717 natura
2516 3666 2859 3729 separantes.
2922 3654 3072 3710 Utris
3154 3654 3324 3723 igitur
3392 3652 3613 3721 gravius

2028 3754 2299 3810 irascetur
2350 3751 2461 3815 ille,
2490 3750 2579 3805 cui
2643 3749 2712 3804 ab
2763 3749 2833 3802 iis
2894 3745 3230 3800 contumelia
3268 3743 3521 3808 infertur,
3556 3750 3613 3795 ut

2026 3846 2249 3915 gravius
2284 3839 2683 3910 peccantibus?
2709 3837 2800 3893 Vel
2841 3836 3043 3906 potius,
3080 3834 3219 3889 utris
3252 3834 3373 3900 plus
3403 3830 3612 3894 condo-

2027 3934 2218 3993 nabit?
2265 3932 2401 3987 Nam
2453 3946 2581 3986 cum
2632 3930 2724 3985 alii
2759 3928 3100 3983 divinitatem
3133 3924 3487 3987 contrahant,
3518 3922 3612 3981 alii

2024 4026 2272 4085 eamdem
2335 4022 2590 4078 scindant
2644 4019 2806 4090 (quae
2862 4016 3147 4086 Opiniones
3190 4015 3330 4068 inter
3371 4028 3431 4067 se
3479 4026 3613 4067 cons

2031 4119 2210 4176 traria:
2238 4115 2386 4189 sunt)
2413 4115 2580 4169 videri
2606 4113 2841 4167 fortasse
2874 4110 3155 4164 ummuliis
3179 4118 3381 4178 posset,
3407 4108 3617 4167 alteros

2028 4222 2240 4269 tantum
2291 4223 2539 4280 peccare,
2596 4214 2761 4275 atque
2802 4205 2882 4258 ira
2920 4202 3119 4272 dignos
3172 4216 3293 4255 esse
3343 4215 3357 4253 :
3411 4198 3618 4254 alteros

2028 4316 2212 4363 autem
2266 4302 2419 4359 nullo
2466 4299 2633 4356 modo
2679 4312 2887 4363 errare,
2930 4310 2995 4350 ac
3041 4305 3328 4367 propterea
3362 4291 3618 4361 indignos

2027 4414 2174 4466 esse,
2201 4398 2402 4471 quibus
2426 4395 2756 4450 irasceretur
2786 4391 3076 4455 Dominus,
3125 4404 3189 4442 ac
3239 4400 3429 4458 poenas
3469 4384 3611 4441 irro-

2026 4498 2204 4561 «ιιι-οι.
2243 4487 2438 4544 Verum
2473 4486 2632 4541 aliter
2673 4499 2733 4539 se
2774 4499 2865 4540 res
2914 4482 3099 4538 habet.
3132 4478 3333 4533 Malum
3381 4474 3525 4530 enim
3557 4473 3615 4531 in

336 4582 398 4627 et
438 4587 469 4627 a
506 4571 743 4626 mortuis
788 4573 1088 4636 revocavit,
1135 4588 1201 4629 ac
1229 4574 1473 4644 suscepit
1504 4591 1520 4630 :
1547 4591 1675 4645 quae
1700 4575 1918 4646 quidem

2033 4585 2286 4654 utrisque
2312 4580 2528 4651 aequale
2554 4587 2661 4645 est,
2707 4574 2928 4633 tametsi
2974 4561 3037 4630 in
3073 4571 3369 4631 contrariis
3397 4576 3617 4623 εριιιρη-ςι

344 4664 666 4735 Ιτεηευικίιί
692 4664 811 4721 sive
834 4665 1192 4722 humanitatis
1213 4665 1671 4736 signiﬁcationem
1702 4668 1924 4741 habent.

341 4757 507 4827 Atqui
564 4756 728 4812 etiam
780 4758 1087 4826 reperimus
1157 4758 1338 4827 ipsum
1399 4773 1623 4829 quoque
1679 4759 1923 4830 seipsutn

338 4849 656 4914 tradidisse,
707 4859 763 4904 et
789 4865 820 4903 a
851 4850 1083 4904 mortuis
1124 4851 1396 4907 excitasse
1427 4860 1593 4920 atque
1634 4851 1689 4906 in
1723 4853 1924 4908 emtum

336 4944 674 5000 ascendisse.
734 4940 947 5009 Quibus
995 4943 1180 4998 verbis
1225 4944 1410 4998 divina
1458 4944 1634 5015 ipsius
1681 4945 1925 5015 potentia

338 5038 678 5093 declaratur.
717 5037 918 5090 Verum
970 5036 1260 5093 haereticus
1324 5038 1560 5093 humiles
1608 5038 1830 5108 quidem
1857 5039 1926 5094 de

339 5130 567 5186 Christo
593 5144 758 5185 voces
788 5136 954 5199 atque
1000 5129 1328 5185 humanitati
1377 5130 1480 5187 soli
1534 5130 1923 5185 mveuientes

348 5225 529 5291 inepte
574 5220 804 5292 profert,
872 5237 937 5276 ac
991 5236 1211 5276 sursum
1267 5221 1635 5291 deorsumque
1681 5222 1853 5292 iactat
1913 5238 1928 5276 :

344 5314 613 5370 sublimes
696 5323 878 5369 autem
970 5313 1325 5382 divinumque
1410 5313 1582 5383 ipsius
1675 5322 1928 5369 naturam

342 5405 719 5477 evprimentes
773 5404 995 5460 silentio
1053 5405 1297 5474 praeterit
1334 5420 1351 5458 :
1392 5414 1556 5475 atque
1610 5404 1746 5461 illud
1801 5403 1928 5475 qui-

343 5501 474 5554 dem
522 5498 750 5563 excutit,
793 5496 941 5566 quod
992 5512 1189 5568 passus
1239 5499 1332 5564 sit,
1364 5512 1473 5553 non
1518 5508 1699 5554 tamen
1751 5498 1928 5561 addit,

350 5590 499 5662 quod
557 5604 756 5661 passus
817 5589 890 5644 sit
958 5590 1286 5645 voluntarie.
1350 5592 1465 5660 Age
1516 5606 1650 5646 vero
1684 5590 1928 5648 testimo-

457 5702 506 5733 ³³
533 5696 693 5769 Joan.
721 5712 797 5769 vr,
841 5714 935 5754 vttt
966 5701 1192 5769 passim.
1347 5702 1394 5732 "
1428 5701 1585 5756 Rom.
1624 5716 1739 5764 vm,
1770 5699 1858 5755 52.

350 5765 397 5800 ⁸³
435 5768 641 5836 (ἔπιθι.
691 5784 729 5828 t,
780 5768 832 5822 l.
929 5765 1170 5825 "'Joan.
1225 5787 1286 5836 lt,
1352 5771 1439 5826 l9.

355 5835 572 5899 "Juan.
609 5853 688 5904 ut,
729 5838 813 5897 15.

1553 5772 1596 5803 ³⁰
1626 5769 1782 5827 Juatt.
1823 5789 1876 5838 κ,
1904 5769 1992 5827 18.

2024 4677 2121 4734 tiis
2174 4674 2502 4746 reperiatur.
2557 4670 2698 4729 Male
2731 4669 2935 4739 quippe
2983 4674 3038 4720 et
3069 4661 3362 4720 Sabelliani
3394 4666 3613 4715 contra-

2024 4770 2180 4835 bunt,
2208 4776 2264 4824 et
2305 4767 2494 4823 Ariani
2546 4763 2891 4835 disiungunt.
2936 4758 3071 4815 Nam
3120 4762 3177 4810 et
3221 4754 3343 4809 illos
3378 4762 3616 4809 numero

2025 4856 2297 4922 dividere,
2328 4868 2396 4910 ac
2444 4859 2559 4907 tres
2610 4863 2876 4922 personas
2929 4853 3171 4903 statuere
3225 4839 3530 4910 oportebat,
3562 4844 3615 4893 et

2024 4950 2262 5007 Arianae
2345 4943 2646 5002 divinitatis
2716 4940 2929 4995 ratione
2994 4942 3342 4996 connectere,
3417 4942 3613 4986 unam.

2034 5056 2142 5112 que
2198 5046 2410 5092 tantum
2457 5045 2707 5090 naturam
2750 5041 3001 5086 astruere
3052 5028 3234 5082 Patris
3283 5036 3338 5080 ct
3391 5022 3514 5077 Filii
3564 5032 3617 5076 et

2035 5132 2276 5203 Spiritus
2329 5128 2527 5189 sancti.
2585 5126 2878 5182 Enimvero
2931 5123 3022 5179 dic
3077 5120 3235 5182 mihi,
3289 5129 3342 5173 tu
3375 5117 3467 5187 qui
3500 5115 3614 5168 Arii

2038 5227 2235 5294 dogma
2269 5220 2565 5293 proﬁteris,
2619 5215 2881 5287 impingis
2932 5215 2998 5270 ad
3047 5210 3319 5267 carnem?
3381 5209 3484 5261 hoc
3510 5214 3612 5268 est,

2037 5317 2289 5381 oti‘endis,
2346 5325 2403 5370 et
2455 5309 2850 5368 scandalizaris
2899 5308 2968 5363 ob
3026 5305 3496 5363 incarnationem,
3555 5313 3618 5351 ac

2035 5419 2257 5479 propter
2276 5421 2398 5459 cam
2431 5401 2628 5460 Filium
2661 5399 2826 5456 Patre
2849 5397 3117 5453 minorem
3143 5390 3464 5451 existimas?
3504 5386 3617 5440 lloc

2036 5501 2132 5560 tibi
2148 5515 2276 5562 cum
2304 5496 2508 5555 Judaeis
2532 5507 2824 5551 commune
2848 5501 2953 5550 est.
3008 5491 3092 5544 An
3117 5489 3281 5543 etiam
3317 5482 3614 5538 Samarita-.

2033 5603 2165 5644 num
2196 5586 2477 5641 Christum
2498 5581 2702 5639 vocas?
2745 5595 2873 5637 nam
2900 5579 2977 5633 illi
3011 5590 3231 5649 quoque
3262 5574 3366 5627 hoc
3395 5568 3618 5629 nomina

2023 5700 2069 5733 ⁸⁵
2098 5695 2211 5751 Tit.
2244 5712 2305 5759 tt,
2332 5695 2423 5750 Η.
2564 5694 2611 5727 ’⁸
2643 5692 2827 5750 Galat.
2877 5707 2919 5756 Ι.
2965 5689 3022 5745 4.
3133 5690 3176 5725 '7
3423 5701 3499 5746 Vl,
3526 5681 3612 5759 1Q.

2094 5749 2354 5831 “stetit,
2386 5749 2440 5821 9.
2567 5764 2612 5796 ³²
2653 5749 2795 5821 PSal.
2848 5749 3020 5828 tivu,
3060 5760 3158 5828 l9;
3223 5756 3417 5827 Ephcs.
3458 5770 3529 5819 tv,
3560 5749 3614 5808 8.
