4116 6482
533 445 668 508 llO‘l

1950 433 2362 492 ADDENDA..

3653 445 3798 511 “08

528 585 653 625 eum
728 564 1103 635 appellarunt,
1162 557 1310 610 velut
1368 552 1664 606 Subbalum
1737 563 1801 602 ac
1845 548 2105 602 .ludaicas
2135 571 2179 627 Α
2213 545 2494 614 consequi.
2525 543 2700 601 Homo
2723 548 2888 614 enim,
2910 550 3066 620 cujus
3097 551 3272 608 virtus
3295 556 3451 610 nullo
3472 559 3802 628 argument0

528 657 796 728 quasdam
844 649 1196 706 czeremonias
1233 647 1552 699 solventem.
1601 641 1928 695 Samaritani
1959 642 2104 692 enim

528 750 752 804 dimidia
806 761 871 798 ex
925 753 1076 812 parte
1136 739 1450 792 Judmorum
1513 737 1826 806 religionem
1898 740 2104 786 tenent.

526 839 684 900 Nam,
718 837 860 904 quod
892 833 1164 902 sequitur,
1194 830 1405 884 tacebo.
1462 828 1730 892 Quidnam
1782 825 1916 879 hoc?
1963 825 2108 894 quod

524 950 554 986 a
593 932 841 985 d:emone
862 928 1232 982 obsideretur.
1273 923 1532 976 Dicebant
1585 923 1728 972 enim
1780 920 1973 981 .lnda'i,
2008 919 2108 973 Sa-

526 1024 822 1076 maritanus
848 1037 900 1074 es
928 1030 1005 1083 tu,
1039 1029 1085 1072 et
1110 1017 1428 1071 dtemoninm
1457 1014 1616 1067 [iubes
1647 1014 1691 1044 "
1729 1030 1741 1068 :
1781 1013 1926 1080 quod
1961 1026 2107 1066 nunc

523 1115 593 1167 ob
626 1111 976 1181 blasphemia:
1025 1108 1453 1178 magnitudinem
1505 1107 1959 1174 atrocitatemque
2014 1120 2106 1159 re-

524 1202 1097 1272 ticetGrcgorius.At
1151 1200 1429 1271 Unigeniti
1463 1200 1739 1253 divinitati
1789 1198 1946 1251 ﬁdem
1995 1214 2101 1251 non

521 1298 712 1362 habes,
745 1312 844 1351 nec
873 1312 995 1351 eum
1027 1294 1192 1349 Deum
1221 1309 1342 1348 esse
1364 1292 1506 1346 Patri
1527 1293 1792 1360 :equalem
1823 1292 2105 1346 admittis?

519 1389 599 1443 Ne
631 1389 907 1443 dannones
935 1387 1154 1456 quidem
1207 1401 1274 1440 eo
1319 1386 1564 1439 audaciae
1613 1394 2003 1455 proruperunt,
2044 1393 2103 1438 ut

521 1483 623 1536 hoc
655 1482 916 1535 dicerent.
951 1481 1028 1532 Ita
1066 1478 1266 1532 videris
1323 1486 1376 1532 et
1424 1477 1699 1531 daemones
1761 1476 2098 1541 inﬁdelitate,

517 1580 570 1623 et
604 1568 824 1624 Judaeos
859 1569 1268 1638 ingratitudine,
1305 1572 1390 1620 vel
1439 1566 1622 1634 potius
1670 1565 1888 1619 inscitia
1919 1574 1971 1619 et
2003 1566 2102 1620 lie-

519 1661 776 1714 betudine
808 1662 1136 1730 (utrumque
1189 1661 1333 1713 enim
1368 1658 1642 1729 signiﬁcat
1689 1659 2050 1729 ἀγνωμοσύνη
2079 1658 2099 1730 )

517 1763 798 1817 superare.
857 1747 1029 1802 Judaai
1080 1749 1250 1809 enim,
1287 1757 1643 1817 posteaquam
1679 1748 1909 1803 dixisset
1939 1749 2098 1803 Chri-

519 1851 687 1893 stus:
730 1840 892 1893 Pater
951 1857 1093 1893 meus
1148 1857 1309 1908 usque
1369 1843 1521 1893 modo
1573 1850 1846 1909 operatur,
1896 1851 1944 1894 et
2005 1857 2098 1911 ego

2213 637 2489 704 explorata
2532 649 2637 702 est,
2669 655 2768 694 nec
2811 641 2970 697 laude
3022 645 3152 710 ulla,
3205 661 3308 700 nec
3361 651 3540 717 pretio
3599 653 3800 722 dignus

2210 738 2312 783 est.
2343 728 2652 785 Mandatum
2706 749 2878 802 porro
2931 736 3251 805 accipimus,
3305 754 3416 793 non
3460 743 3606 811 quod
3641 746 3799 813 igno-

2213 829 2357 872 raret
2392 819 2534 874 [lens
2565 822 2678 873 fore
2742 833 2799 876 ut
2840 824 2969 878 illud
3019 828 3546 894 transgrederentur,
3598 833 3691 887 sed
3739 843 3800 887 ut

2210 911 2425 964 arbitrii
2459 911 2764 967 libertatem
2826 917 2984 971 nobis
3046 919 3206 986 quasi
3262 918 3370 974 lata
3407 923 3525 990 lege
3554 927 3802 992 promul-

2208 1013 2380 1068 garet.
2427 1001 2562 1058 Nam
2625 1007 2770 1074 quod
2823 1023 2918 1075 per
2976 1011 3085 1062 vim
3124 1021 3180 1065 et
3235 1022 3422 1068 coacte
3459 1015 3536 1080 ﬁt,
3581 1017 3799 1072 virtutis

2206 1109 2404 1149 nomen
2445 1097 2690 1152 obtinere
2763 1117 2870 1154 non
2925 1111 3124 1170 potest.
3167 1104 3306 1169 Quid
3348 1107 3558 1177 igitur?
3585 1109 3795 1163 Diaboli

2206 1188 2406 1244 invidia
2435 1193 2712 1262 exagitati,
2741 1203 2794 1249 et
2829 1197 2954 1251 dolo
2989 1199 3350 1255 circumventi
3383 1218 3595 1266 sumus,
3623 1204 3796 1273 legem

2204 1281 2560 1348 violavimus,
2649 1287 2907 1353 paradiso
2988 1289 3318 1353 excidimus,
3382 1307 3447 1346 ac
3508 1302 3796 1363 propterea

2198 1373 2534 1442 jejunamus,
2583 1377 2842 1444 quoniam
2877 1387 3008 1432 tunc
3053 1395 3161 1433 non
3212 1380 3606 1448 jejunavimus,
3667 1397 3794 1438 cum

2203 1465 2421 1519 arboris
2454 1466 2701 1521 scientia:
2745 1468 3010 1537 voluptati
3058 1469 3350 1534 cessimus,
3405 1488 3437 1525 a
3483 1489 3592 1542 qua
3636 1475 3795 1529 nobis

2202 1556 2369 1621 Deus,
2408 1566 2467 1612 ut
2516 1559 2940 1625 abstineremus,
2983 1562 3414 1631 praescripserat.
3451 1563 3619 1620 Vetus
3643 1567 3792 1620 enim

2200 1657 2285 1702 est
2326 1659 2655 1717 prmceptum
2728 1651 2962 1718 jejunii,
3005 1653 3282 1723 simulque
3357 1670 3482 1708 cum
3547 1658 3793 1713 humano

2199 1753 2402 1809 genere
2462 1750 2674 1794 natum.
2743 1740 2990 1796 Primum
3049 1745 3193 1797 enim
3249 1745 3380 1800 illud
3452 1748 3790 1814 mandatmn,

2199 1831 2340 1896 quod
2389 1831 2630 1886 Adamus
2675 1833 2888 1902 accepit
2935 1850 2950 1888 :
3002 1833 3080 1888 De
3129 1836 3270 1906 ligno
3307 1838 3544 1892 scientia:
3584 1839 3706 1894 boni
3740 1850 3792 1894 et

517 1947 703 1998 operor
728 1931 771 1962 ³⁵
792 1970 808 1994 ,
837 1933 1152 2000 qumrehant
1176 1933 1351 1998 ipsum
1380 1930 1704 1994 interﬁcere,
1728 1933 1853 2001 quia
1883 1929 2096 1984 Patrem
2133 1938 2174 1992 Β
2209 1924 2438 1991 ηιαίἱζηε
2493 1926 2782 1979 comedatt's
2820 1927 2864 1958 ³⁷
2886 1968 2901 1993 ,
2954 1927 3146 1997 jejunii
3201 1940 3365 1998 atque
3418 1935 3795 2000 temperantia:

513 2038 674 2075 suum
707 2023 920 2077 dicebat
947 2023 1138 2085 Deum,
1173 2023 1433 2092 aequalem
1477 2038 1535 2078 se
1577 2023 1685 2077 Deo
1715 2023 1946 2079 faciens.
1973 2023 2094 2078 Filii

513 2114 658 2167 enim
709 2116 1124 2184 appellationem
1176 2117 1401 2183 zeqnalis
1460 2116 1684 2169 honoris
1735 2132 1924 2168 vocem
1975 2131 2097 2170 esse

513 2206 758 2259 arbitrati
793 2217 940 2270 sunt,
973 2207 1096 2260 'hoc
1147 2219 1250 2269 est,
1301 2207 1709 2272 existimabant,
1739 2208 1784 2260 si
1817 2208 2093 2261 Christum

513 2299 608 2350 Dei
642 2296 837 2351 Filium
873 2313 996 2353 esse
1027 2298 1349 2360 faterentur,
1379 2299 1481 2352 sibi
1523 2314 1739 2367 quoque
1787 2300 2095 2353 necessario

513 2388 792 2443 fatendum
827 2404 968 2454 esse,
1001 2405 1123 2444 eum
1154 2391 1361 2445 honore
1390 2391 1464 2444 illi
1496 2406 1678 2458 parem
1715 2401 1878 2459 atque
1914 2406 2095 2459 aequa-

513 2481 617 2532 lem
659 2494 804 2534 esse.
845 2480 1031 2550 Itaque
1067 2481 1190 2536 Filii
1218 2498 1412 2536 nomen
1442 2483 1661 2537 Christo
1691 2498 1794 2536 non
1829 2485 2092 2538 concede-

510 2573 782 2627 bant:ne
815 2575 1176 2642 aequalitatem
1241 2591 1458 2644 quoque
1518 2591 1641 2628 cum
1705 2576 1864 2630 Patre
1915 2577 2089 2631 eidem

509 2662 806 2716 concedere
836 2679 1065 2719 necesse
1099 2665 1378 2718 haberent.
1411 2665 1478 2718 At
1499 2667 1774 2720 daemones
1809 2666 2088 2722 Christum

507 2753 677 2808 Deum
713 2764 1004 2821 noverunt,
1037 2774 1159 2811 cum
1188 2759 1254 2812 ab
1283 2774 1348 2812 eo
1383 2759 1733 2815 invisibiliter
1768 2760 2091 2831 fugarentur

507 2856 561 2898 et
588 2848 986 2903 cruciarentur.
1046 2847 1201 2903 Unde
1266 2851 1430 2904 etiam
1477 2851 1768 2907 dicebant:
1806 2851 1943 2906 Novi
1973 2855 2088 2920 quis

507 2948 563 2988 tn
613 2939 730 3003 sis;
787 2949 840 2994 et
895 2957 1129 2996 rursus:
1164 2941 1304 3006 Quid
1333 2944 1429 2995 tibi
1469 2956 1517 2996 et
1566 2946 1738 3011 nobis,
1781 2943 1892 2999 Fili
1952 2947 2093 3000 Dei?

514 3027 712 3083 Venisti
753 3031 854 3084 huc
895 3043 1018 3086 ante
1047 3043 1248 3101 tempus
1279 3043 1519 3104 torquere
1550 3053 1641 3090 nos
1669 3037 1733 3091 “.
1768 3039 1944 3107 Atque
1978 3039 2092 3093 haec

504 3121 725 3190 quidem
758 3132 810 3176 et
842 3123 1012 3178 Judaei
1039 3133 1094 3179 et
1125 3125 1422 3180 daemones.
1455 3129 1523 3180 At
1559 3136 1636 3190 tu,
1672 3143 1772 3180 nec
1804 3129 2089 3198 aaqualita-

507 3223 616 3267 tem
648 3214 914 3278 admittis,
945 3224 1002 3269 ut
1025 3213 1194 3270 Judaei
1224 3235 1238 3270 :
1263 3226 1506 3272 creatum
1535 3220 1676 3271 enim
1712 3234 1835 3270 enm
1864 3219 2087 3287 asseris,

506 3320 604 3358 nec
629 3306 968 3361 divinitatem
998 3309 1292 3375 conﬁteris,
1319 3319 1378 3364 ut
1397 3311 1691 3365 daemones.
1717 3311 2086 3377 Quamobrem

504 3397 598 3450 tibi
625 3398 796 3452 satius
838 3399 1016 3454 fuerat
1043 3399 1358 3455 Iudaeorum
1394 3404 1500 3454 ritu
1529 3398 1909 3456 circumcisam
1957 3417 2090 3471 prte-

502 3491 639 3558 putii
671 3486 891 3545 carnem
927 3493 1148 3558 habere,
1184 3505 1346 3564 atque
1373 3510 1405 3549 a
1439 3493 1780 3550 daemonibus
1814 3496 2080 3565 divexari,

504 3594 563 3635 ut
617 3586 762 3638 salse
820 3587 1022 3656 aliquid
1088 3586 1305 3654 dicam,
1362 3588 1826 3658 quemadmodum
1891 3588 1966 3641 illi
2029 3591 2080 3642 in

501 3673 829 3746 Evangelio,
883 3693 1114 3748 quorum
1175 3695 1269 3734 ore
1323 3680 1598 3736 daemones
1677 3681 2079 3750 loquebantur,

501 3769 902 3840 Christumque
929 3770 1096 3825 Deum
1129 3773 1554 3839 conﬁtebantur,
1577 3789 1763 3844 quam,
1791 3789 1915 3829 cum
1949 3790 2083 3844 prte-

502 3863 714 3930 putium
748 3864 970 3929 habeas,
999 3867 1102 3920 hoc
1131 3877 1234 3930 est,
1269 3882 1376 3921 non
1405 3867 1766 3923 circumcisus
1792 3869 1890 3928 sis.
1921 3884 2021 3922 nec
2049 3883 2079 3922 ιι

451 3978 459 3989 -
500 3953 747 4006 dannone
795 3953 1123 4020 obsidearis,
1161 3958 1255 4010 sed
1302 3958 1564 4011 incolumi
1618 3967 1800 4012 mente
1855 3959 1953 4022 sis,
2005 3957 2080 4011 ita

499 4041 760 4097 scelerate
791 4053 955 4112 atque
1014 4046 1179 4116 impie
1231 4049 1451 4107 sentire.
1484 4047 1793 4118 Filiumque
1824 4064 1854 4104 a
1900 4049 2081 4105 Patris

496 4133 786 4190 divinitate
816 4152 1094 4206 separare.

563 4228 680 4281 Col.
710 4229 814 4282 662
843 4228 902 4284 Β.
945 4228 1049 4283 Sed
1080 4230 1276 4284 bellum
1323 4232 1443 4298 hoc,
1485 4232 1623 4302 quod
1663 4249 1779 4286 cum
1808 4233 1919 4288 illis
1944 4235 2081 4303 geri-

496 4334 643 4384 mus,
693 4330 798 4375 etc.
869 4320 1100 4387 Bellum,
1154 4323 1350 4392 inquit,
1420 4325 1565 4393 quod
1624 4340 1750 4378 cum
1809 4327 2079 4382 haereticis

496 4411 757 4482 gerimus,
790 4415 1058 4483 siquidem
1115 4417 1410 4485 aliquando
1438 4419 1630 4472 saltem
1673 4419 1738 4472 ad
1791 4421 2072 4475 meliorem

496 4514 732 4558 mentem
758 4507 935 4561 redire
975 4507 1267 4572 voluerint,
1301 4511 1740 4578 comprimatur:
1777 4511 1861 4567 sin
1891 4521 2074 4567 autem

2201 2017 2285 2070 lex
2319 2027 2457 2070 erat.
2481 2017 2636 2083 Quod
2669 2019 2715 2072 si
2750 2018 2856 2072 Eva
2907 2021 2976 2072 ab
3003 2021 3166 2089 hujus
3202 2021 3330 2092 ligni
3367 2037 3459 2077 esu
3486 2025 3792 2079 abstinuis-

2200 2118 2307 2174 set,
2340 2125 2689 2178 nequaquam
2729 2112 2832 2164 lioc
2854 2111 3065 2180 jejunio
3089 2128 3236 2168 nunc
3268 2130 3408 2184 opus
3440 2116 3789 2172 haberemus.

2199 2200 2308 2254 Nec
2322 2201 2466 2255 enim
2486 2217 2620 2271 opus
2637 2213 2720 2256 est
2733 2204 3039 2260 valentibus
3058 2205 3293 2270 medico,
3311 2208 3404 2262 sed
3424 2209 3563 2262 male
3585 2209 3740 2262 habet
3762 2233 3793 2252 -

2200 2294 2361 2347 tibus.
2383 2293 2649 2358 Quoniam
2669 2295 2835 2365 igitur
2867 2307 2996 2352 tunc
3016 2313 3125 2352 non
3160 2299 3552 2370 jejunavimus,
3587 2304 3784 2356 meri:o

2197 2400 2341 2440 nunc
2359 2385 2804 2457 nobisJejunium
2819 2399 2902 2445 est
2914 2391 3266 2459 indictum,ut
3282 2395 3426 2454 quod
3441 2410 3546 2448 non
3570 2410 3792 2452 servato

2191 2477 2400 2547 jejunio
2431 2480 2736 2545 amisimus,
2762 2482 2811 2536 id
2841 2498 2906 2536 eo
2924 2495 3140 2538 servato
3163 2485 3657 2553 recipiamus.Qnid
3683 2503 3786 2540 an-

2196 2575 2302 2620 tem
2338 2567 2468 2621 illud
2498 2579 2602 2632 est,
2629 2570 2774 2640 quod
2798 2571 3152 2641 objejunium
3176 2588 3279 2628 non
3299 2582 3572 2628 servatum
3591 2577 3786 2630 amisi.

2193 2659 2353 2713 mus?
2387 2658 2699 2727 Paradisus,
2719 2663 2783 2716 ad
2802 2679 2960 2733 quem
2983 2663 3138 2719 nobis
3163 2680 3258 2734 per
3274 2665 3544 2735 jejunium
3572 2667 3786 2722 reditus

2193 2751 2418 2820 patebit.
2454 2752 2630 2823 Atque
2657 2755 2861 2809 idcirco
2894 2755 3036 2811 Deus
3060 2772 3280 2811 carnem
3315 2758 3512 2821 induit,
3536 2773 3601 2812 ac
3630 2775 3782 2812 mor-

2196 2849 2300 2896 tem
2333 2842 2522 2907 subiit,
2563 2853 2621 2897 ut
2651 2859 2753 2899 nos
2791 2861 2884 2914 per
2910 2857 3190 2916 peccatum
3221 2849 3443 2912 mortui,
3480 2850 3778 2905 revivisca-

2193 2947 2338 2987 mus.
2379 2936 2524 3001 Quin
2555 2936 2657 3005 ipsi
2692 2954 2915 3008 quoque
2975 2949 3104 2994 ante
3154 2940 3450 2996 salutifera:
3500 2943 3780 3010 passionis

2196 3033 2413 3093 tempus
2457 3025 2814 3095 jejunantes,
2872 3029 3096 3085 Christo
3163 3033 3494 3088 commortui
3549 3049 3781 3098 sumus,

2191 3117 2424 3172 turbidis
2478 3119 2738 3174 nimirum
2792 3123 2962 3176 animi
3024 3124 3264 3179 motibus
3291 3127 3566 3194 oppressis
3603 3139 3657 3182 et
3685 3144 3780 3182 ex-

2196 3210 2435 3274 stinctis,
2467 3219 2525 3264 ut
2557 3227 2849 3282 purgemur
2889 3231 2904 3268 :
2943 3231 3007 3269 ac
3046 3217 3210 3270 simul
3240 3216 3569 3283 mortiﬁcati,
3611 3219 3778 3274 simul

2199 3304 2632 3369 resurreximus,
2666 3307 2926 3374 praeclara
2965 3307 3212 3362 videlicet
3251 3318 3302 3362 et
3331 3309 3553 3364 salutari
3589 3326 3777 3365 resur~

2189 3398 2429 3452 rectione
2458 3410 2470 3445 :
2498 3398 2833 3468 proindeque
2854 3401 3015 3455 simul
3043 3403 3206 3456 etiam
3236 3403 3518 3472 gloriﬁcati
3554 3420 3768 3458 sumus.

2257 3490 2375 3544 Col.
2412 3490 2517 3545 662
2556 3489 2621 3549 D.
2657 3492 2910 3558 Quamvis
2951 3503 3126 3548 autent
3175 3497 3438 3564 permulta
3465 3497 3610 3549 illius
3641 3506 3773 3549 tent-

2185 3581 2349 3648 poris,
2370 3590 2476 3636 etc.
2512 3581 2790 3638 Permulta
2825 3594 2953 3639 sunt
3014 3601 3077 3640 ea
3135 3587 3421 3652 miracula,
3458 3603 3580 3657 qua:
3620 3588 3771 3641 circa

2186 3677 2498 3740 passionem
2555 3683 2610 3730 et
2671 3690 2890 3730 crucem
2924 3678 3270 3747 contigerunt
3305 3697 3318 3733 :
3360 3693 3610 3746 quaenam
3635 3678 3774 3732 illa?

2188 3764 2330 3818 Deus
2379 3765 2432 3820 in
2486 3781 2649 3821 cruce
2698 3767 2944 3832 sufﬁxus,
2984 3784 3088 3821 non
3145 3780 3422 3838 quatenus
3472 3770 3638 3833 Deus,
3673 3771 3766 3824 sed

2187 3868 2465 3925 quatenus
2501 3859 2616 3926 ipse
2649 3873 2870 3928 quoque
2899 3859 3063 3913 homo
3086 3870 3187 3916 est.
3221 3860 3287 3914 Et
3317 3861 3431 3915 hate
3461 3861 3772 3915 communi—

2184 3949 2418 4004 cationis
2460 3948 2630 4020 ﬁgura
2680 3957 2784 4012 est,
2829 3965 2936 4018 qua
2993 3963 3226 4022 utraque
3291 3964 3484 4006 natura
3549 3961 3768 4021 propter

2183 4042 2587 4114 hypostaticam
2623 4043 2985 4108 identitatem,
3041 4057 3404 4115 mutuumque
3449 4045 3672 4100 alterius
3713 4045 3766 4099 in

2183 4136 2408 4188 alteram
2465 4134 2758 4189 transitum
2822 4135 3186 4205 proprietates
3244 4153 3373 4191 suas
3422 4152 3544 4190 cum
3592 4137 3766 4190 altera

2182 4227 2548 4283 communicat
2603 4244 2620 4282 :
2691 4227 2928 4282 tenebrae
3015 4229 3083 4283 ab
3160 4232 3290 4282 hora
3361 4239 3514 4284 sexta
3584 4245 3765 4299 usque

2180 4320 2249 4375 ad
2308 4335 2551 4383 nonam,
2606 4319 2723 4374 sole
2784 4321 3039 4376 videlicet
3109 4323 3404 4390 patientem
3466 4321 3760 4376 Dominum

2181 4414 2416 4482 lugente,
2445 4428 2509 4467 ac
2528 4413 2935 4482 quodammodo
2980 4413 3054 4467 illi
3103 4415 3553 4479 condolescente;
3581 4417 3761 4468 velum

2181 4507 2436 4573 scissum,
2475 4505 2545 4559 ob
2590 4506 2824 4570 luctum,
2853 4514 3022 4572 atque
3072 4514 3131 4559 ιιι
3182 4506 3533 4575 perspicuum
3579 4509 3759 4570 ﬁeret,

495 4598 796 4664 noluerint,
827 4599 880 4653 in
915 4602 1206 4670 praesentia
1234 4603 1612 4672 conquiescat,
1644 4613 1807 4675 atque
1837 4605 1892 4659 in
1919 4605 2067 4660 aliud
2100 4628 2150 4686 υ
2178 4597 2416 4651 divinam
2481 4597 2808 4666 potentiam,
2871 4611 2995 4666 quae
3057 4597 3260 4666 templo
3319 4600 3515 4662 inerat,
3579 4614 3764 4654 reces-

493 4697 703 4759 tempus
736 4692 1033 4761 rejiciatur.
1088 4693 1200 4750 Nec
1261 4696 1406 4750 enim
1468 4695 1710 4765 profecto
1755 4697 1915 4752 nobis
1969 4698 2072 4752 hoc

492 4791 769 4836 certamen
804 4787 995 4840 terrori
1027 4787 1152 4851 erit,
1196 4803 1293 4856 pro
1328 4787 1460 4853 Deo,
1493 4774 1694 4844 etcum
1725 4787 1836 4843 Deo
1872 4790 2068 4844 bellum

494 4874 830 4940 gerentibus.
867 4875 1025 4932 Nune
1069 4895 1198 4932 vero
1253 4879 1304 4932 in
1359 4895 1633 4934 summam
1665 4881 1959 4951 redigenda
1991 4893 2076 4936 est

495 4962 690 5025 oratio,
718 4978 781 5016 ac
819 4967 1138 5020 conti-actim
1175 4969 1245 5022 ita
1289 4970 1580 5024 dicendum
1611 4987 1627 5024 :
1657 4972 1736 5024 Ob
1769 4973 1909 5026 hanc
1938 4987 2071 5026 cau-

495 5064 610 5102 sam
644 5069 674 5105 a
718 5053 825 5108 Deo
856 5059 1023 5110 creati
1074 5074 1287 5122 sumus,
1328 5071 1386 5115 ut
1418 5062 1680 5116 beneﬁcio
1708 5063 2069 5130 aﬁlceremur,

495 5153 659 5210 atque
708 5147 844 5198 adeo
908 5150 1169 5205 beneﬁcio
1226 5151 1402 5206 affet-ti
1458 5169 1682 5218 sumus;
1748 5156 2068 5210 beneﬁcium

494 5246 672 5285 autem
719 5236 847 5290 illud
897 5239 1018 5302 fuit,
1053 5242 1196 5310 quod
1221 5245 1510 5310 paradisus
1540 5245 1698 5299 nobis
1732 5247 2067 5301 commissus

493 5335 597 5390 est,
629 5341 680 5380 ut
707 5329 907 5384 divinis
946 5333 1155 5388 deliciis
1186 5334 1512 5389 frueremur.
1557 5337 1870 5390 Mandatum
1916 5353 2073 5391 acce-

500 5419 700 5484 pimus,
732 5429 789 5473 ut
838 5420 937 5474 hoc
989 5433 1204 5477 servato
1237 5425 1464 5494 gloriam
1498 5443 1940 5496 assequeremur.
1971 5428 2071 5481 Ho-

502 5508 704 5562 minem
742 5512 887 5564 enim
927 5513 1156 5582 primum
1193 5518 1432 5586 probari,
1487 5529 1650 5587 atque
1698 5522 2072 5589 experimento

500 5613 598 5665 per
630 5603 872 5656 mandati
901 5607 1337 5662 observationem
1365 5609 1549 5677 perﬁci
1582 5613 1884 5678 oportebat,
1911 5620 2071 5680 atque

495 5699 574 5756 ita
623 5693 818 5750 deinde
881 5713 980 5767 pro
1045 5701 1262 5757 vit-tntis
1327 5703 1550 5771 praemio
1604 5704 2068 5762 immortalitate!"

573 5852 616 5884 “
649 5851 802 5911 Joan.
835 5874 948 5921 vm,
994 5860 1082 5916 48.
1176 5861 1216 5892 ³⁵
1244 5859 1400 5925 Jean,
1435 5877 1484 5925 v,
1520 5861 1718 5925 17,18.

1809 5863 1851 5895 ³ο
1879 5863 2061 5919 Matth.
2103 5878 2197 5930 vn,
2220 5863 2311 5919 εις).

2173 4689 2333 4752 sisse,
2394 4687 2729 4757 domumque
2781 4689 3079 4753 desertam,
3135 4703 3202 4743 ac
3271 4690 3562 4761 gentilibus
3619 4692 3764 4745 exci-

2172 4780 2406 4835 dendam
2456 4787 2512 4834 et
2551 4780 2899 4833 evertendam
2956 4779 3264 4850 reliquisse.
3298 4779 3394 4834 Vel
3442 4783 3563 4836 ideo
3617 4784 3758 4837 scis-

2173 4885 2294 4924 sum
2337 4878 2420 4924 est
2466 4871 2677 4935 velum,
2720 4879 2779 4923 ut
2821 4871 3024 4925 ethnici
3077 4872 3279 4925 Sancta
3319 4871 3587 4939 viderent,
3635 4889 3760 4943 quae

2171 4960 2344 5016 Judaei
2382 4961 2709 5031 impediente
2749 4961 2943 5016 litterae
2988 4963 3244 5017 crassitie
3275 4979 3619 5034 nequaquam
3672 4965 3758 5017 vi-

2179 5056 2402 5111 debant.
2468 5054 2604 5109 Nam
2671 5071 2795 5110 cum
2868 5056 3233 5111 sanctiﬁcatio
3301 5059 3543 5112 nondum
3626 5061 3756 5116 data

2177 5157 2342 5212 esset,
2357 5146 2451 5202 sed
2474 5147 2528 5200 in
2564 5146 3080 5202 Dominiadventum
3106 5156 3161 5201 et
3188 5150 3533 5216 praesentiam
3564 5163 3757 5202 serva-

2171 5248 2348 5306 retur,
2401 5239 2542 5309 ipse,
2578 5237 2852 5308 perfracto
2891 5240 3035 5304 velo,
3065 5254 3127 5293 ac
3154 5249 3474 5295 sanctorum
3511 5243 3756 5307 arcanis,

2173 5347 2295 5401 quae
2331 5331 2558 5401 ingratis
2581 5340 2633 5385 et
2666 5332 3043 5400 pervicacibus
3093 5329 3299 5386 ludatis
3340 5341 3530 5402 operta
3565 5343 3746 5398 erant,

2174 5423 2478 5493 patefactis,
2529 5424 2594 5477 ad
2631 5423 2910 5478 ccelestem
2951 5423 3330 5492 cognationem
3386 5425 3546 5480 nobis
3603 5426 3747 5478 viam

2176 5517 2454 5587 patefecit.
2486 5515 2722 5586 Sanguis
2755 5527 2809 5571 et
2842 5533 2982 5587 aqua
3026 5532 3092 5570 ex
3156 5516 3327 5571 latere
3380 5519 3745 5588 profluentes,

2175 5611 2403 5665 alterum
2434 5611 2499 5665 ad
2540 5612 2828 5666 delendum
2886 5610 3166 5665 servitutis
3218 5621 3416 5668 nostrae
3463 5615 3749 5679 chirogra-

2176 5705 2340 5773 phum
2373 5721 2386 5756 :
2423 5706 2654 5758 alterum
2695 5705 2761 5758 ad
2819 5704 3125 5759 libertatem
3163 5717 3411 5762 nostram
3466 5724 3560 5777 per
3615 5711 3745 5762 sub-

2389 5863 2431 5895 ³⁷
2472 5863 2604 5919 Gen.
2643 5881 2702 5927 ll,
2741 5860 2825 5914 I7.
