4116 6456
322 398 469 466 1409

1267 402 1595 464 NICETAS
1635 402 1717 462 IN
1758 400 1982 462 ORAT.
2021 401 2192 461 XLII
2228 401 2290 461 S.
2331 402 2564 463 GREG.

3454 404 3590 465 1410

316 515 678 586 scriptionem
715 518 873 585 regio
905 530 1062 571 more
1084 514 1544 570 conﬁrmandam.
1580 512 1758 568 Porro
1807 528 1904 581 per
1931 515 1981 573 Α
2007 510 2280 566 habiturae
2312 518 2465 566 sunt.
2520 509 2641 567 Vita
2674 512 2900 582 insuper
2945 521 3201 578 vocatur,
3238 514 3366 583 quia
3425 524 3590 571 natu-

314 608 523 679 duplex
576 607 711 663 illud
767 608 1123 678 profluvium,
1180 607 1377 677 duplex
1441 605 1747 675 baptismns
1802 606 1900 661 de-

312 698 639 768 signabatur
682 718 697 754 :
736 699 919 765 alter,
980 699 1076 771 qui
1139 714 1238 769 per
1294 713 1496 767 aquam
1558 697 1895 766 conficitur;

319 790 461 844 alter
516 793 610 861 qui
684 807 811 861 per-
876 792 1242 863 martyrium,
1303 806 1430 846 cum
1487 791 1742 847 videlicet
1775 806 1900 860 per-

313 881 614 937 secutionis
671 867 920 952 tempus'
951 897 1056 938 nos
1105 881 1162 936 in
1197 881 1526 952 periculum
1579 881 1896 936 adduxerit.

314 969 527 1028 Rursus
546 973 773 1043 sanguis
796 971 1098 1043 proﬂuens,
1128 973 1407 1029 hominem
1440 972 1726 1042 arguebat,
1752 987 1898 1042 aqua

312 1072 498 1116 autem
548 1063 806 1119 eumdem
832 1079 1003 1136 supra
1036 1067 1338 1121 humanam
1369 1064 1747 1121 conditionem
1778 1080 1901 1122 esse

310 1153 657 1209 ostendebat.
689 1153 861 1211 Terra
879 1163 1117 1213 tremore
1143 1170 1417 1213 concussa
1449 1164 1507 1212 et
1527 1156 1583 1211 in
1616 1155 1900 1212 meliorem

311 1248 522 1297 statum
584 1243 947 1299 mutationem
990 1244 1322 1311 declarans,
1378 1244 1470 1300 vel
1519 1244 1685 1300 etiam
1749 1244 1897 1315 quod

309 1334 578 1388 adversus
613 1346 712 1390 eos
761 1334 854 1403 qui
891 1336 1203 1405 petulanter
1248 1344 1304 1391 et
1356 1335 1566 1392 furiose
1619 1336 1898 1392 Christum

312 1422 694 1481 acerbissimis
749 1425 1106 1481 contumeliis
1150 1412 1404 1481 vexatum
1460 1425 1850 1482 interfecerant
1881 1467 1896 1492 ,

311 1516 394 1572 ira
425 1516 867 1573 excandesceret.
904 1518 1080 1574 Petrae
1131 1533 1229 1589 pro
1257 1517 1416 1573 Petra
1462 1528 1757 1589 perruptae,
1795 1518 1902 1575 hoc

306 1614 420 1673 est,
451 1622 547 1677 pro
569 1606 812 1674 Christo,
833 1622 899 1664 ac
925 1606 1241 1664 Judaeorum
1273 1610 1567 1664 amentiam
1591 1622 1903 1678 coarguen-

313 1708 397 1754 tes
429 1716 444 1752 :
476 1700 737 1768 quoniam
786 1715 912 1755 cum
971 1701 1124 1770 ipsae,
1176 1700 1343 1754 etiam
1393 1699 1576 1754 anima
1623 1708 1898 1764 carentes,

312 1791 516 1846 timore
535 1790 1037 1862 confringerentur,
1075 1791 1151 1846 illi
1192 1800 1384 1847 contra
1420 1792 1475 1847 in
1524 1790 1768 1861 lapidum
1801 1806 1901 1844 na-

313 1892 494 1936 turam
522 1881 953 1950 degenerabant,
987 1893 1155 1952 atque
1187 1892 1243 1937 et
1273 1884 1339 1938 ad
1379 1884 1633 1939 timorem
1670 1883 1902 1953 stupidi,

312 1980 370 2025 et
394 1969 464 2025 ad
488 1969 814 2026 beneﬁcium
837 1973 1032 2042 ingrati
1063 1975 1480 2043 permanebant.
1499 1974 1694 2029 ﬁlortui
1720 1992 1906 2031 rasura

314 2070 530 2132 gentes,
563 2071 727 2132 atque
755 2063 811 2117 in
847 2064 1125 2121 civitatem
1153 2066 1525 2134 introeuntes,
1554 2068 1623 2122 ad
1654 2083 1906 2123 commu—

315 2156 406 2212 nis
439 2156 867 2212 resurrectionis
915 2158 1419 2226 conﬁrmationem,
1450 2175 1517 2215 ac
1561 2169 1903 2216 mortuorum

315 2248 387 2302 ad
420 2262 721 2317 supernam
752 2248 918 2303 vitam
952 2249 1346 2307 restitutionis.
1398 2252 1568 2322 Signa
1603 2253 1805 2322 partim
1837 2251 1906 2308 ad

317 2339 680 2408 sepulcrum,
737 2339 936 2408 partim
980 2351 1111 2409 post
1166 2342 1485 2411 sepulcrum
1534 2342 1703 2403 edita,
1762 2342 1908 2398 velut

314 2431 468 2499 quod
505 2430 759 2486 Christus
794 2429 1085 2501 obsignato
1120 2444 1484 2489 munumento
1512 2435 1904 2501 resurrexcrit,

321 2525 472 2578 velut
509 2536 668 2581 terra:
721 2534 926 2590 motus,
981 2526 1178 2595 lapidis
1239 2526 1530 2590 revolutio,
1584 2528 1906 2597 angelorum

318 2618 587 2682 visiones,
619 2620 964 2685 linteamina,
1016 2627 1074 2674 et
1122 2619 1430 2675 sudarium.
1482 2618 1648 2675 Multa
1679 2620 1902 2690 quidem

317 2723 386 2763 ac
410 2708 669 2777 praeclara
729 2722 860 2765 sunt
902 2710 1021 2765 haec
1067 2711 1359 2778 miracula,
1392 2711 1486 2767 sed
1519 2712 1730 2767 nullum
1777 2726 1902 2765 cum

318 2799 515 2855 salutis
574 2815 707 2855 meae
769 2802 1036 2857 miraculo
1069 2802 1466 2859 conferendum
1514 2815 1623 2858 est.
1680 2802 1906 2873 Exigure

318 2892 467 2944 enim
491 2895 703 2950 cruoris
732 2906 902 2962 gutta:
928 2897 1119 2951 orbem
1154 2896 1471 2953 universum
1502 2896 1903 2962 instaurarunt,

321 2984 428 3039 hoc
450 2991 554 3048 est,
575 2988 647 3039 ita
675 2987 1028 3053 inuovaruut,
1058 2996 1119 3043 ut
1149 3003 1352 3043 novum
1378 2989 1506 3043 vitae
1528 2988 1633 3043 iter
1663 2996 1906 3043 sectare—

320 3083 433 3138 tur,
468 3090 533 3130 ac
563 3091 665 3133 nos
697 3078 750 3131 in
783 3094 953 3132 unum
1009 3079 1425 3149 coniunxerunt
1471 3088 1528 3135 et
1555 3079 1908 3135 constrinxe-

2007 615 2122 655 ram
2147 616 2363 656 onmem
2386 603 2712 657 rationalem
2739 612 3111 672 coagmentat,
3144 615 3308 673 atque
3336 604 3389 658 in
3408 614 3590 660 ortum

2003 693 2279 763 producit.
2325 691 2393 746 In
2427 694 2544 762 ipso
2602 693 2748 748 enim
2781 695 3028 757 vivimus,
3083 703 3135 747 et
3192 711 3479 759 mouemur,
3540 703 3593 749 et

2003 783 2258 838 sumus”.
2277 784 2555 853 Sapientia
2575 796 2779 851 autem,
2808 797 2869 840 ut
2904 787 3089 840 omnia
3109 788 3324 857 cognita
3361 788 3594 850 habens.

2007 886 2117 932 tam
2166 877 2352 932 divina
2390 892 2555 947 quant
2595 878 2860 934 humana.
2890 878 3025 934 Nam
3063 881 3154 948 qui
3192 895 3277 935 res
3305 880 3580 942 condidit,

2014 964 2157 1020 idem
2192 967 2388 1019 harum
2421 980 2645 1035 quoque
2692 980 2894 1021 causas
2921 976 2970 1021 et
3002 968 3242 1022 rationes
3274 975 3591 1037 perspectas

2004 1055 2188 1113 habet.
2229 1055 2478 1111 Potentia
2530 1072 2687 1119 vero,
2720 1065 2782 1112 ut
2830 1066 3190 1114 conservator
3229 1074 3419 1114 eorum
3469 1074 3594 1131 quae

2002 1146 2073 1202 ab
2097 1147 2219 1218 ipso
2251 1158 2435 1204 creata
2470 1157 2620 1213 sunt,
2656 1164 2890 1219 eamque
2919 1150 3027 1206 illis
3065 1150 3174 1205 vim
3209 1150 3483 1220 praebens.
3533 1159 3623 1206 ut.

2003 1246 2398 1295 conserventur
2434 1253 2498 1293 ac
2532 1239 2864 1297 cohaereant.
2908 1238 3123 1295 Rursus
3170 1239 3373 1295 mentis
3415 1241 3591 1294 soboo

2003 1328 2109 1393 les,
2141 1338 2204 1384 ut
2239 1328 2479 1384 Verbum
2547 1343 2863 1385 connexum
2909 1344 3035 1386 cum
3068 1331 3319 1402 genitore
3359 1345 3481 1395 suo,
3529 1346 3595 1386 ac

2006 1425 2148 1478 citra
2182 1425 2500 1493 passionem
2538 1433 2881 1494 generatum,
2939 1425 3162 1493 perinde
3193 1440 3259 1480 ac
3312 1439 3500 1479 sermo
3525 1439 3594 1479 ex

2004 1525 2212 1570 mente.
2250 1513 2607 1586 Signaculum
2663 1525 2888 1581 autem,
2945 1526 3006 1569 ut
3061 1525 3233 1571 totum
3275 1516 3487 1571 Patrem
3537 1520 3596 1570 in

2004 1605 2188 1677 seipse
2221 1621 2542 1678 expressum
2604 1608 2836 1672 habens,
2888 1619 3054 1679 atque
3096 1609 3416 1673 ostendens,
3484 1626 3592 1665 non

2005 1710 2171 1751 secus
2210 1711 2276 1751 ac
2305 1697 2524 1767 signum
2573 1700 2855 1769 exemplar
2886 1713 3044 1754 suum
3096 1700 3283 1753 refert.
3317 1697 3434 1753 Jam
3465 1715 3600 1754 vero

2008 1804 2155 1844 unus
2203 1798 2372 1860 atque
2429 1790 2572 1845 idem
2627 1792 2885 1847 Christus
2917 1802 2977 1846 ut
3012 1792 3256 1848 Verbum
3310 1807 3375 1846 ac
3425 1792 3594 1857 Deus,

2010 1881 2223 1936 ratione
2271 1882 2616 1951 intelligitur,
2674 1898 2783 1938 non
2839 1894 3022 1938 autem
3060 1884 3328 1938 cernitur.
3387 1881 3596 1939 Natura

2007 1973 2156 2027 enim
2184 1972 2370 2027 divina
2421 1988 2644 2028 sensum
2688 1989 2910 2029 omnem
2940 1975 3232 2030 oculorum
3263 1974 3453 2044 eﬁugit
3487 1992 3502 2029 :
3533 1983 3597 2030 ut

2009 2075 2197 2119 autem
2255 2065 2447 2132 homo,
2479 2067 2646 2120 etiam
2701 2068 2965 2122 cernitur.
2999 2066 3126 2132 Qui,
3160 2067 3313 2136 juxta
3355 2068 3598 2138 Aposto-

2007 2155 2192 2221 lum”,
2221 2156 2409 2211 omnia
2439 2165 2619 2225 portat
2645 2165 2701 2211 et
2727 2158 2973 2212 continet
3001 2158 3220 2226 alligata
3253 2157 3597 2211 et'coustri-

2009 2258 2098 2304 cta
2128 2249 2293 2304 verbo
2324 2264 2388 2303 ac
2414 2260 2689 2318 praecepto
2727 2250 2945 2304 virtutis
2983 2264 3120 2304 suae.
3150 2248 3313 2312 Nam,
3348 2258 3404 2303 ut
3435 2250 3591 2313 dixit,

2008 2340 2083 2395 ita
2117 2340 2258 2395 facta
2286 2340 2466 2395 sunt"
2499 2358 2514 2407 ;
2542 2350 2603 2395 ut
2632 2340 2793 2403 dixit,
2840 2342 2913 2395 ita
2943 2344 3233 2396 manent".
3285 2341 3423 2395 lluic
3465 2356 3598 2395 ora-

2010 2430 2214 2487 tionem
2262 2447 2419 2488 suam
2449 2434 2611 2487 oﬁert
2640 2432 2979 2503 Theologus,
3009 2447 3175 2502 quam
3205 2436 3322 2486 vult
3371 2432 3594 2501 quidem

2008 2524 2284 2593 primitias
2344 2524 2657 2591 nominare,
2698 2525 2848 2580 velut
2895 2526 3031 2579 alias
3059 2540 3277 2594 quoque
3305 2534 3428 2594 post
3472 2539 3594 2578 eam

2007 2615 2293 2670 oblaturus
2330 2635 2344 2670 :
2380 2631 2567 2669 verum
2603 2616 2911 2680 addubitat,
2941 2625 3108 2685 atque
3161 2618 3241 2669 ait
3278 2618 3419 2670 hanc
3462 2629 3597 2670 ora.

2011 2709 2213 2764 tionem
2253 2709 2525 2778 primitias
2566 2707 2804 2764 fortasse
2837 2724 2946 2763 non
2997 2724 3142 2775 esse,
3183 2709 3279 2764 sed
3321 2709 3483 2762 tinem
3539 2717 3594 2761 et

2006 2799 2492 2869 complementum.
2534 2801 2672 2855 Nam
2708 2810 2930 2871 propter
2970 2811 3335 2863 senectutem,
3389 2801 3593 2869 inquit,

2009 2890 2156 2946 baud
2190 2893 2335 2957 scio,
2381 2893 2667 2962 lcngiorne
2711 2895 2845 2948 mihi
2894 2895 3005 2949 vita
3040 2894 3449 2964 suppeditatnra
3498 2896 3592 2958 sit,

2009 2992 2070 3038 ut
2103 2984 2241 3039 alias
2287 3001 2510 3055 quoque
2558 2985 2758 3041 oﬁ‘erre
2787 3002 3010 3057 queam,
3041 2988 3232 3057 sicque
3269 3000 3459 3040 earum
3500 3001 3595 3039 ra~

2011 3075 2160 3131 tione
2229 3076 2348 3131 haec
2398 3078 2579 3132 oratio
2640 3079 2957 3148 primitialis
3038 3084 3375 3135 nominetur.
3435 3079 3591 3134 Hanc

319 3170 602 3228 runt,nou
628 3178 788 3220 secus
813 3180 878 3220 ac
906 3166 1225 3237 coagulum,
1245 3168 1292 3221 si
1324 3167 1380 3222 in
1413 3167 1497 3223 lac
1521 3166 1823 3238 injiciatur,
1852 3165 1905 3221 id
1936 3186 1980 3249 α
2012 3183 2174 3239 porro
2203 3168 2392 3236 oﬁ‘ero,
2435 3171 2629 3239 partim
2683 3172 2751 3227 de
2805 3172 3084 3228 beneficiis
3133 3173 3186 3227 iu
3244 3188 3331 3228 me
3372 3173 3597 3228 collatis

319 3254 468 3321 quod
498 3255 552 3308 in
585 3270 650 3310 eo
676 3256 990 3325 dispersum
1026 3272 1091 3313 ac
1111 3257 1338 3313 fluidum
1361 3266 1467 3323 est,
1486 3260 1805 3321 condensat,
1823 3270 1907 3313 at-

319 3360 429 3413 que
445 3345 500 3399 iu
516 3361 682 3400 unum
699 3347 937 3401 solidum
954 3363 1154 3417 corpus
1173 3348 1473 3420 compingit
1490 3359 1545 3405 et
1559 3349 1785 3417 colligit.
1805 3347 1909 3402 Co-

320 3436 545 3504 agulum
576 3444 757 3491 autem
777 3446 859 3491 est
879 3437 1113 3493 lacteum
1129 3437 1284 3503 illud,
1307 3440 1453 3508 quod
1477 3440 1531 3494 in
1549 3440 1650 3493 licu
1668 3439 1906 3510 est(24),

317 3544 540 3599 quoque
592 3529 841 3584 nonnulli
876 3530 945 3585 ad
994 3529 1443 3584 condensandum
1497 3531 1585 3586 lac
1646 3539 1900 3586 utuntur.

391 3620 511 3676 Col.
552 3620 658 3676 665
700 3622 769 3677 Α.
797 3623 888 3686 At,
916 3639 946 3676 0
987 3622 1216 3688 Pascha,
1266 3638 1540 3692 magnum,
1590 3623 1830 3693 inquam,
1858 3631 1909 3676 et

319 3730 531 3768 sacrum
552 3713 786 3781 Pascha,
807 3724 916 3770 etc.
948 3714 1073 3771 [late
1100 3717 1284 3780 verba,
1312 3714 1356 3769 Ο
1382 3713 1589 3772 Pascha
1615 3731 1901 3785 magnum,

322 3809 391 3861 ad
426 3807 625 3862 festum
669 3810 877 3877 ipsum,
902 3810 1130 3879 perinde
1173 3819 1248 3865 ac‘
1271 3809 1382 3864 vita
1407 3811 1694 3880 praeditum
1718 3807 1906 3863 refert.

318 3901 418 3957 Illa
452 3911 659 3965 autem,
697 3901 741 3957 Ο
798 3903 1037 3959 Verbum
1086 3905 1204 3972 Dei,
1258 3915 1311 3960 et
1349 3921 1472 3975 qum
1516 3905 1777 3979 deinceps
1817 3920 1906 3960 se-

323 4002 594 4062 quuntur,
630 3995 697 4048 ad
745 3993 1051 4058 Christum,
1089 3996 1376 4066 spirituale
1422 3994 1658 4062 Pascha,
1692 4011 1788 4066 per
1817 4011 1911 4051 ac-

297 4086 712 4158 .clamationem
744 4087 952 4157 dirigit.
996 4087 1249 4144 Christus
1288 4103 1449 4158 porro
1480 4084 1720 4144 Verbum
1766 4088 1906 4143 dici-

318 4164 436 4241 iur,
458 4184 683 4245 propter
711 4177 1121 4246 generationem
1173 4177 1447 4244 passionis
1494 4187 1801 4247 expertem,
1852 4187 1908 4233 et

322 4266 453 4335 quia
486 4267 644 4322 nobis
669 4265 885 4322 Patrem
923 4269 1195 4322 enuntiat.
1224 4266 1340 4322 Lux
1370 4278 1581 4337 autem,
1619 4280 1680 4324 ut
1716 4269 1905 4339 splen-

343 4362 427 4413 lor
453 4359 788 4425 animarum,
820 4375 945 4429 quae
977 4367 1033 4415 et
1067 4359 1173 4413 vita
1201 4370 1256 4413 et
1297 4375 1554 4418 sermone
1581 4371 1905 4432 purgantur.

322 4451 463 4505 Nam
522 4453 569 4505 si
636 4452 947 4523 ignorantia
999 4460 1054 4506 et
1110 4460 1394 4522 peccatum
1456 4456 1695 4508 tenebrze
1753 4463 1906 4520 sunt,

2013 3263 2223 3331 gratias
2252 3277 2441 3331 agens,
2467 3263 2663 3328 partim
2698 3265 3037 3333 supplicans,
3076 3281 3141 3318 ue
3184 3276 3375 3334 prreter
3404 3279 3593 3319 sacras

2011 3362 2069 3408 et
2124 3357 2468 3409 necessarias
2526 3369 2689 3409 curas
2735 3355 3034 3425 quidquam
3084 3371 3346 3411 aerumnae
3394 3358 3592 3425 patiar.

2011 3444 2150 3500 Nam
2185 3460 2285 3515 pro
2336 3447 2446 3502 illis
2494 3448 2748 3503 laborare
2782 3448 3136 3519 atque-afﬂigi
3187 3465 3412 3505 necesse
3449 3462 3531 3503 est
3565 3467 3581 3503 :

2010 3552 2116 3592 nec
2153 3552 2250 3593 cas
2294 3553 2491 3594 recuso
2539 3553 2605 3594 ac
2658 3540 2928 3595 detrecto.
2978 3539 3348 3610 Tyrannidem
3412 3549 3595 3595 autem

2014 3632 2267 3699 corporis
2328 3630 2630 3701 Gregorius
2697 3632 2952 3687 morbum
3015 3634 3255 3703 appellat
3318 3634 3597 3702 (podagra

2013 3718 2251 3776 fortasse
2275 3724 2414 3790 erat)
2447 3736 2615 3790 quam
2662 3721 2829 3777 etiam
2864 3723 3002 3777 solvi
3052 3733 3330 3793 precatur,
3368 3735 3425 3779 ut
3454 3741 3587 3778 eum

2013 3811 2366 3885 vehementer
2421 3812 2837 3867 contrahentem
2872 3831 2889 3867 :
2934 3813 3020 3867 vel
3051 3814 3256 3883 potius,
3316 3831 3423 3870 non
3447 3831 3599 3869 mor-

2014 3901 2172 3968 bum,
2201 3902 2299 3957 sed
2330 3901 2426 3957 Dei
2455 3904 2811 3969 sententiam,
2839 3921 2948 3976 qua
2987 3906 3078 3961 hic
3118 3907 3345 3962 morbus
3377 3908 3443 3961 ad
3509 3909 3598 3976 ip»

2014 3992 2134 4048 sius
2156 3994 2540 4064 purgationem
2573 3993 2832 4050 decretus
2850 3993 3053 4050 fuerat.
3082 3996 3376 4051 Pollicctur
3408 4005 3598 4053 autem

2012 4084 2341 4156 Theologus,
2377 4087 2426 4141 si
2461 4096 2767 4142 extremum
2802 4086 2928 4142 vitae
2957 4088 3125 4151 diem,
3172 4089 3245 4143 ita
3278 4097 3338 4142 ut
3368 4090 3592 4157 expetit,

2012 4175 2333 4241 confecerit,
2375 4185 2539 4247 atque
2586 4177 2641 4231 in
2674 4189 2876 4234 aeterna
2929 4178 3281 4234 tabernacula
3338 4191 3599 4249 receptus

2011 4268 2206 4334 fuerit,
2258 4268 2371 4325 illic
2400 4284 2619 4340 quoque
2657 4284 2718 4324 se
2770 4284 2939 4339 super
2968 4271 3143 4326 altare
3193 4269 3286 4326 Dei
3321 4273 3596 4325 sacriﬁcia

2013 4371 2168 4430 grata
2221 4361 2558 4417 oblaturum.
2613 4363 2748 4429 Quae
2776 4366 2941 4419 verba
2991 4367 3059 4422 ab
3105 4365 3245 4421 Isaia
3302 4376 3593 4420 mutuatus

2011 4461 2116 4516 est,
2140 4454 2284 4522 apud
2322 4469 2485 4523 quem
2520 4454 2664 4510 Deus
2695 4457 2772 4510 ita
2805 4455 3083 4527 loquitur:
3109 4457 3176 4512 Et
3204 4459 3426 4528 aﬂ’erent
3453 4458 3597 4512 dona

319 4542 552 4598 scientia
577 4552 726 4597 certe
756 4557 822 4598 ac
855 4543 1007 4613 jusla
1052 4550 1105 4596 et
1153 4538 1340 4596 divina
1372 4543 1481 4596 vita
1534 4542 1671 4598 lucis
1705 4558 1902 4599 nomen
1937 4541 1983 4598 D
2008 4556 2168 4617 grata
2195 4546 2265 4600 ad
2284 4546 2458 4601 altare
2485 4548 2741 4606 meum".

340 4702 3575 4733 WWW

842 4861 991 4966 IN
1067 4859 1792 4956 ORATIONEM
1869 4867 2210 4992 XLIV,
2285 4868 2598 4962 OLIM
2666 4873 3042 4965 XLIII.

838 5166 1385 5226 ARGUMENTUM.

392 5262 809 5319 Demonstrativi
859 5264 1062 5332 generis
1125 5273 1202 5317 est
1259 5263 1373 5318 haec
1428 5264 1602 5318 oratio
1651 5280 1671 5319 :
1709 5264 1765 5317 in
1800 5277 1907 5335 qua

318 5366 497 5412 tamen
533 5357 837 5412 suasoriam
868 5355 1263 5426 quodammodo
1306 5357 1605 5412 admislum
1651 5366 1757 5413 est.
1788 5356 1906 5411 Ad-

391 5516 444 5550 "
470 5516 589 5573 Act.
616 5530 754 5580 xvrt,
784 5513 877 5570 28.
953 5516 999 5548 ”
1025 5515 1193 5572 Hebr.
1222 5533 1264 5582 ι,
1307 5517 1364 5572 5.

394 5674 531 5746 (24).
572 5674 827 5729 Lacteum
857 5672 994 5747 illud
1022 5714 1039 5739 ,
1076 5675 1232 5747 ‘quod
1277 5677 1333 5731 in
1372 5677 1478 5747 ﬁcu
1510 5682 1612 5731 est.
1641 5672 1748 5747 “Ne
1796 5675 1895 5731 tibi

317 5744 522 5816 mirum
556 5747 827 5807 videatur,
883 5746 1070 5810 lector,
1103 5744 1432 5815 ‘hujusntodi
1462 5745 1675 5816 coaguli
1719 5760 1896 5816 genus

320 5828 355 5869 1
381 5814 569 5872 Niceta
602 5815 864 5880 describi,
897 5814 1341 5885 quandoquidem
1371 5819 1486 5886 ipse
1516 5814 1744 5885 quoque
1780 5816 1895 5871 Pii.

2016 5176 2357 5231 monitionem
2388 5179 2527 5233 enim
2561 5180 2741 5245 habet,
2774 5185 3073 5255 partimque
3099 5186 3170 5240 ad
3209 5189 3449 5241 virtutem
3479 5205 3599 5241 am-

2011 5266 2348 5336 plectandam
2412 5272 2710 5327 auditorem
2778 5275 3071 5343 hortatur,
3135 5280 3333 5345 partim
3385 5296 3417 5332 a
3468 5280 3595 5332 uitio

2013 5369 2248 5415 revocat.
2307 5358 2463 5415 Nova
2513 5378 2676 5431 porro
2726 5365 3011 5422 Dominica
3036 5370 3149 5423 dies
3207 5373 3317 5425 lure
3351 5379 3592 5436 vocatur,

1441 5515 1490 5548 ⁸⁸
1533 5517 1683 5574 Psal.
1708 5534 1888 5582 xxxii,
1911 5518 1969 5584 9,
2009 5519 2070 5574 il
2098 5561 2111 5576 .
2140 5519 2183 5553 “
2218 5517 2364 5575 Psal.
2398 5535 2568 5590 van,
2602 5521 2692 5578 15.
2769 5524 2814 5559 ³⁸
2843 5525 2953 5583 lsa.
2987 5542 3078 5594 LX,
3113 5528 3167 5580 7.

2014 5679 2163 5755 nius,
2196 5694 2319 5749 cap.
2350 5679 2459 5755 ἕρ.-
2482 5680 2580 5737 lib.
2618 5698 2729 5749 ενι,
2760 5682 2882 5739 ficu.
2931 5683 3001 5738 ad
3036 5683 3365 5755 figurandus
3395 5699 3593 5743 caseos

2011 5752 2119 5803 vim
2151 5764 2276 5806 esse
2295 5752 2510 5807 scribit.
