4116 6412
525 363 652 429 fill

1940 354 2324 417 ADDENDA.

3672 338 3816 405 1412

521 474 600 528 vel
632 472 762 542 quia
802 470 1205 529 resurrectionis
1259 476 1456 523 nostra:
1517 465 1750 522 encwnia
1802 465 1858 517 in
1888 479 1951 518 ea
1997 478 2118 532 per-
2150 481 2194 535 Α
2229 463 2462 532 legitur,
2522 474 2649 516 cum
2703 458 2781 514 ait
2819 475 2833 513 :
2875 457 3070 514 Venter
3105 471 3254 512 meus
3294 469 3449 524 super
3505 449 3694 515 Moab,
3752 459 3816 504 ut

523 577 777 636 aguntur,
823 565 904 619 cel
959 566 1127 618 etiam
1158 563 1289 633 quia
1327 562 1502 616 octavi
1555 559 1706 612 illius
1737 559 1844 611 diei
1877 558 2111 626 ﬁguram

522 665 676 725 gerit,
709 658 765 708 in
793 671 895 724 quo
943 670 1074 708 nova
1108 654 1291 707 omnia
1343 653 1532 720 futura
1563 658 1709 704 sunt.
1741 647 1896 701 Hanc
1934 658 2114 700 autent

526 751 818 800 orationem
841 747 895 799 in
928 747 1057 799 urbe
1081 747 1296 813 quidem
1340 743 1690 797 Nazianzena
1722 741 1937 809 scripsit
1979 738 2111 792 Cre-

527 841 730 908 gorius,
777 856 955 891 verum
994 840 1048 890 in
1093 838 1266 892 sancti
1306 839 1557 905 Martyris
1591 835 1883 888 Mamantis
1922 832 2114 900 templo

525 933 644 985 urbi
685 933 853 986 uicino
891 931 1283 1000 pronuntiarit,
1315 931 1476 1000 quod,
1516 939 1565 982 et
1597 941 1740 990 tunc,
1781 937 1829 979 et
1872 928 1926 978 in
1980 926 2118 978 hunc

524 1041 684 1094 usque
724 1026 886 1090 diem,
914 1025 970 1077 in
1015 1023 1296 1078 Dominica
1338 1022 1594 1074 Paschati
1645 1020 1920 1088 proxima,
1971 1019 2112 1070 mira

495 1120 828 1181 Iincolarum
885 1117 1186 1186 frequentia
1258 1114 1580 1168 celebratur.
1655 1115 1826 1180 Atque
1893 1110 1995 1163 hac
2052 1113 2116 1162 de

525 1223 689 1260 causa
743 1205 864 1259 lucc
895 1207 1068 1259 oratio
1093 1243 1109 1269 ,
1165 1215 1222 1258 ut
1255 1205 1324 1256 ad
1354 1204 1714 1270 promiscuam
1757 1202 2116 1270 plebeiamque

527 1299 927 1351 multitudinem
986 1296 1213 1361 habita,
1250 1297 1421 1366 magis
1480 1295 1550 1348 ad
1580 1294 2010 1362 perspicuitatem
2068 1301 2117 1346 et

527 1388 842 1457 facilitatem
868 1398 1223 1456 attemperata
1252 1397 1352 1453 est,
1409 1387 1630 1458 plusque
1655 1386 1889 1440 suasorii
1913 1388 2117 1455 generis

526 1481 706 1547 liabet,
735 1498 894 1551 quam
922 1480 1350 1535 demonstrativi.

597 1576 720 1630 Col.
756 1573 858 1628 607
915 1574 982 1629 A.
1033 1574 1106 1627 De
1154 1572 1424 1627 Encasniis
1475 1572 1802 1625 honorandis
1851 1577 1935 1630 [ex
1972 1581 2118 1626 cetus

523 1679 626 1730 est,
655 1679 762 1721 etc.
817 1667 1100 1731 Eiicteiiia,
1134 1681 1262 1720 cum
1315 1666 1384 1720 de
1423 1665 1630 1734 templo
1689 1664 1890 1732 agitur,
1948 1665 2118 1731 prima

529 1762 704 1830 ipsius
758 1760 1106 1814 consecratio
1160 1769 1292 1819 est,
1358 1759 1520 1827 paulo
1558 1768 1681 1827 post
1718 1773 1883 1826 quam
1951 1757 2122 1825 ipsius

2219 556 2428 608 cit/mra
2457 555 2691 617 sonabit,
2753 562 2803 609 et
2868 549 3168 622 prtccordia
3218 565 3338 603 mea
3388 547 3546 614 quasi
3601 561 3814 612 murus,

2217 664 2370 718 quem
2397 645 2758 701 innovasti“.
2789 644 3018 700 Videtur
3045 645 3226 711 itaque
3261 640 3578 707 Theologus
3605 653 3812 692 aereum

2218 740 2442 811 quidem
2490 755 2519 793 a
2552 737 2817 802 .Iercniia,
2873 737 3282 792 innovatiouem
3339 743 3521 789 autem
3555 733 3623 785 ab
3669 730 3811 786 Isaia

2223 835 2546 904 sumpsisse.
2613 837 2688 886 Ac
2742 832 2978 887 fortasse
3011 833 3194 885 niinus
3230 828 3546 883 advertisse
3596 825 3815 879 videtur

2221 924 2559 994 Theologus,
2631 938 2759 976 cum
2816 921 2954 976 muri
3025 920 3440 974 innovationem
3499 916 3566 970 ad
3640 917 3809 969 alium

2223 1017 2552 1087 prophetam
2592 1014 2869 1079 retulerit,
2903 1028 3014 1067 non
3059 1021 3242 1067 autem
3295 1013 3362 1064 ad
3407 1011 3632 1071 Isaiam,
3666 1008 3815 1076 apud

2226 1125 2392 1178 quem
2453 1124 2516 1163 ea
2575 1109 2868 1178 reperitur.
2921 1105 3221 1159 Enimvero
3271 1102 3554 1172 propheta:
3603 1101 3812 1154 dictum

2222 1202 2526 1268 explicans,
2560 1216 2662 1271 per
2711 1214 2930 1254 murum
2974 1199 3221 1252 animam
3303 1192 3604 1264 signiﬁcari
3660 1191 3814 1253 dicit,

2224 1309 2348 1363 quae
2380 1294 2516 1346 dura
2577 1292 2798 1362 quidem
2833 1300 2890 1347 et
2947 1292 3105 1344 lirma
3155 1298 3241 1342 est
3291 1288 3443 1352 (nam
3501 1281 3817 1351 hujusmoni

2224 1402 2418 1441 murus
2445 1387 2589 1454 est);
2627 1399 2793 1438 aurea
2821 1391 3028 1447 autem,
3061 1380 3193 1451 quia
3227 1379 3353 1432 teris
3389 1388 3612 1445 quoque
3641 1373 3818 1424 forma

2224 1478 2345 1532 auri
2403 1478 2642 1532 colorem
2693 1476 2900 1540 refert;
2948 1488 3141 1529 recens
3195 1478 3380 1525 autem
3435 1470 3504 1522 ad
3555 1468 3816 1536 pietatem

2226 1583 2537 1641 compacta,
2569 1583 2792 1642 propter
2826 1570 3268 1626 innovationem.
3309 1565 3645 1619 Dedicantur
3669 1561 3818 1614 enim

2231 1680 2352 1734 qua:
2399 1678 2536 1718 nova
2576 1671 2729 1727 sunt,
2760 1677 2825 1717 ac
2867 1675 3063 1716 recens
3097 1661 3200 1712 lixa
3235 1668 3291 1712 et
3321 1656 3648 1710 constituta.
3681 1651 3822 1704 For-

2231 1770 2379 1812 tasse
2428 1757 2596 1810 etiam
2656 1755 2764 1809 dici
2814 1762 3013 1823 potest,
3085 1751 3194 1804 hac
3246 1750 3464 1803 ratione
3520 1746 3819 1798 adductum

529 1861 828 1905 structura:
860 1865 1057 1902 manus
1107 1859 1354 1903 extrema
1394 1855 1480 1900 est
1539 1848 1820 1915 imposita.
1851 1843 1988 1897 Cum
2015 1859 2112 1896 au-
2151 1853 2192 1906 Β
2227 1853 2398 1907 fuisse
2431 1849 2784 1922 Gregorium,
2819 1856 2878 1901 ut
2925 1859 3149 1898 murum
3202 1857 3408 1896 agi-eum
3460 1838 3814 1905 intelligeret,

529 1952 635 1994 tem
666 1942 733 1994 de
771 1941 959 2005 domo,
984 1941 1157 2008 prima
1190 1949 1273 1993 est
1324 1938 1500 2005 ipsius
1535 1937 1880 1989 inhabitatio.
1915 1939 1984 1988 At
2013 1935 2118 1988 hoc

526 2036 646 2088 loco
680 2033 938 2088 Eni-anna
973 2033 1316 2104 regeneratio
1350 2048 1414 2086 ea
1447 2041 1554 2095 est,
1587 2045 1753 2100 quam
1785 2045 1883 2098 per
1916 2045 2110 2082 resur-

526 2130 825 2179 rectioiiem
863 2126 1284 2191 consequimur,
1331 2134 1498 2193 atque
1545 2123 1612 2176 ad
1647 2119 2116 2175 immortalitatem

527 2220 941 2273 transmutatio.
1002 2215 1256 2272 Veterem
1309 2233 1476 2286 porro
1524 2219 1720 2283 legem,
1757 2211 2120 2267 consuetudi-

527 2326 654 2364 nem
709 2310 950 2379 appellat
978 2310 1318 2376 Theologus.
1361 2308 1717 2360 Consuetudo
1742 2307 1886 2359 enim
1914 2305 1996 2358 lex
2036 2313 2120 2358 est

527 2416 639 2452 non
678 2402 898 2467 scripta.
935 2397 1244 2468 Legemque
1281 2400 1422 2450 hanc
1459 2395 1683 2459 laudat,
1719 2411 1829 2464 qua
1861 2394 2117 2448 Encaznia

531 2491 902 2553 honorantur,
953 2500 1007 2542 et
1041 2491 1265 2556 quidem
1297 2487 1506 2550 laudat,
1544 2488 1814 2541 calculum
1861 2502 2022 2541 suum
2064 2495 2120 2540 et

528 2585 854 2637 sententiam
889 2582 1178 2652 adjiciens,
1213 2582 1359 2650 quod
1398 2582 1514 2635 lucc
1565 2582 1650 2632 lex
1684 2579 1944 2650 przeelare
1983 2595 2119 2633 con-

526 2677 720 2729 stituta
751 2675 844 2740 sit,
891 2690 1015 2744 qua:
1065 2674 1338 2729 Encwniis
1399 2675 1665 2728 honorem
1711 2673 1898 2726 haberi
1939 2671 2116 2741 jubet.

526 2767 858 2836 Quanquam
892 2783 1000 2821 non
1037 2769 1153 2836 ipsa
1185 2767 1442 2821 Encasnia
1487 2767 1850 2830 honorantur,
1891 2766 1983 2820 sed
2021 2781 2118 2835 po-

531 2862 642 2912 tius
665 2875 750 2912 rcs
795 2874 971 2922 novae,
1017 2869 1237 2928 Propter
1271 2874 1412 2928 quas
1443 2857 1694 2913 Encaenia
1745 2859 2118 2912 celebramus.

528 2952 698 3022 quue
763 2969 870 3007 non
909 2953 1080 3008 semel
1133 2957 1447 3017 duntaxat,
1502 2953 1600 3006 sed
1671 2953 1978 3022 quotannis
2034 2952 2115 3016 lit,

531 3048 794 3100 nimirum
829 3062 954 3100 cum
1002 3062 1066 3100 ex
1132 3046 1394 3116 temporis
1427 3045 1805 3111 conversione,
1854 3045 1958 3099 hoc
2010 3055 2118 3111 est,

533 3141 882 3194 revolutione
921 3139 1042 3193 dies
1079 3138 1216 3202 haec,
1249 3155 1357 3209 qua
1405 3155 1492 3192 res
1519 3154 1582 3193 ea
1621 3147 1773 3209 gesta
1806 3147 1910 3202 est,
1944 3139 2120 3192 redie-

2225 1946 2444 2000 etiamsi
2471 1945 2575 1997 hoc
2607 1942 2673 1996 ad
2707 1941 2936 1995 verbum
2971 1949 3295 2007 expressum
3328 1933 3472 2003 apud
3497 1932 3817 2001 prophetam

2227 2051 2338 2089 non
2396 2033 2712 2092 invenerit,
2771 2028 3034 2099 quoniam
3095 2027 3232 2080 dixit
3291 2022 3820 2079 |saias:Sonabunt

2223 2131 2525 2201 prrecordia
2583 2143 2697 2180 utea
2755 2125 2908 2195 quasi
2960 2121 3271 2187 rnurasyrb
3310 2121 3466 2189 ἠχεῖν
3523 2127 3703 2171 autem
3754 2115 3823 2170 de

2225 2241 2334 2280 rere
2371 2224 2592 2278 dicitur.
2637 2219 2812 2274 Porro
2837 2214 3008 2272 Isaias
3055 2229 3114 2270 se
3163 2212 3530 2267 hloahitarum
3562 2211 3744 2264 clades
3768 2218 3824 2263 et

2226 2319 2572 2374 calamitates
2608 2310 2988 2390 eXpositurum
3021 2306 3333 2378 proﬁtetur,
3367 2306 3578 2359 cithara
3625 2301 3820 2357 videli-

2228 2422 2316 2466 cet
2347 2419 2510 2478 atque
2539 2419 2807 2476 organum
2833 2401 3072 2471 Spiritus
3100 2399 3277 2455 sancti
3307 2397 3506 2457 factus,
3547 2395 3616 2449 ab
3643 2409 3822 2464 eoque

2228 2504 2526 2557 innovatus
2549 2509 2606 2553 et
2629 2495 2872 2560 amatus,
2905 2502 3072 2562 atque
3097 2502 3153 2546 et
3179 2499 3424 2544 ventrem
3457 2496 3512 2543 et
3539 2487 3819 2547 intestina,

2228 2596 2330 2650 hoc
2389 2601 2511 2658 est,
2569 2587 2938 2660 cogitationes
2993 2593 3048 2638 et
3103 2581 3446 2652 intelligendi
3503 2579 3819 2632 facultatem

2227 2690 2404 2744 instar
2451 2687 2594 2741 muri
2645 2682 2934 2754 cujusdam
2994 2676 3447 2747 inexpugnabilis
3499 2673 3704 2729 habere
3761 2688 3824 2728 se

2227 2783 2379 2844 dicit,
2415 2797 2484 2835 ne
2515 2778 2774 2834 videlicet
2827 2775 2896 2830 ad
2924 2786 3050 2829 eam
3089 2771 3456 2841 cogitationes
3494 2768 3653 2821 mula:
3705 2767 3822 2821 ullo

2228 2877 2396 2931 modo
2431 2875 2678 2943 irrepere
2712 2871 2949 2942 possint.

2298 2968 2417 3022 Col.
2461 2965 2564 3020 607
2594 2965 2650 3019 Β.
2687 2964 2768 3017 Ad
2791 2963 2900 3018 hare
2925 2963 3193 3016 canticum
3226 2975 3416 3014 novum
3441 2956 3690 3017 Domino,
3710 2965 3816 3008 etc.

2229 3061 2399 3116 David
2446 3075 2608 3114 CXLIX
2630 3056 2777 3112 Psal.
2835 3057 2910 3111 ait
2942 3074 2956 3111 ε
2990 3055 3221 3110 Cantate
3278 3052 3504 3106 Domino
3551 3048 3820 3101 canticum

2231 3170 2444 3208 norum.
2493 3154 2587 3206 list
2633 3158 2816 3204 autem
2853 3151 3131 3204 canticum
3175 3162 3402 3210 novum,
3436 3145 3480 3200 si
3530 3143 3818 3196 historiam

536 3233 630 3285 νὴ·
667 3231 779 3285 "ac
806 3247 936 3285 V3”)
960 3229 1026 3284 de
1056 3246 1226 3285 causa
1245 3232 1445 3301 ⁸³³Ρίυ⁸
1472 3230 1730 3284 Εηείιεηίει
1758 3230 2122 3296 celebramus.
2150 3213 2193 3269 δ
2231 3257 2464 3316 spectes,
2502 3246 2796 3315 prter-latus
2821 3263 2824 3266 ‘
2852 3241 2945 3296 ille
2982 3250 3038 3295 et
3101 3238 3334 3310 insignis
3384 3247 3598 3297 cantus,
3627 3235 3718 3304 qui
3749 3232 3822 3287 ob

531 3334 591 3377 ut
632 3324 908 3393 praeclaris
943 3339 1032 3378 res
1078 3326 1362 3378 memoriae
1415 3325 1650 3378 condita:
1679 3335 1997 3388 serventur,
2024 3337 2125 3377 nec

531 3413 802 3483 temporis
861 3413 1066 3481 injuria
1124 3413 1555 3478 oblitterentur,
1601 3424 1765 3483 atque
1829 3414 2126 3467 oblivionis

532 3503 745 3571 gurgite
769 3504 1077 3558 obscurata:
1094 3514 1148 3558 et
1174 3505 1423 3560 obducue
1443 3507 1763 3576 obrutaque
1787 3506 2125 3560 dilabantur.

549 3594 809 3664 Ἐξίτηλα
859 3607 1041 3649 autem
1072 3610 1134 3649 ea
1189 3596 1452 3651 dicuntur
1485 3599 1730 3668 proprie,
1764 3613 1886 3668 qua:
1934 3598 2123 3653 florem

536 3687 863 3751 amiserunt,
897 3697 952 3741 et
985 3697 1045 3742 ut
1076 3689 1322 3743 nominis
1360 3699 1582 3760 etymon
1635 3690 1864 3756 indicat,
1916 3693 1984 3744 τὰ
2018 3693 2127 3759 ἐξω

532 3783 629 3834 τοῦ
665 3781 976 3853 τεθηλέναι,
1013 3783 1064 3837 id
1095 3793 1198 3844 est,
1231 3798 1354 3853 qua:
1377 3784 1756 3839 ellloruerunt.

613 3874 756 3928 lbid.
812 3871 1152 3928 lnnovantur
1203 3877 1414 3944 quidem
1461 3877 1529 3928 ad
1558 3875 1730 3930 Deum
1764 3877 1980 3940 insulae,
2018 3889 2126 3932 etc.

543 3970 584 4018 Α
618 3964 902 4035 Scriptura
938 3982 1097 4020 sacra
1145 3966 1530 4022 Eneaauiorum
1570 3972 1894 4025 testimonia
1927 3971 2130 4039 produ-

540 4063 636 4114 cit.
669 4060 748 4113 Ac
792 4063 1028 4128 primum
1062 4061 1254 4114 Isaiam
1291 4061 1516 4130 profert,
1555 4078 1648 4132 per
1671 4079 1836 4132 quem
1871 4064 2014 4118 Deus
2055 4065 2129 4117 ita

537 4151 781 4221 loquitur
823 4152 1207 4206 :lnnovamini
1239 4155 1310 4207 ad
1354 4172 1470 4219 me,
1508 4157 1698 4210 insula:
1726 4155 1795 4210 "z
1844 4173 1958 4226 quo
2011 4155 2131 4211 loco

540 4258 635 4311 per
668 4243 899 4309 insulas,
949 4247 1195 4314 gentium
1255 4249 1564 4316 assumptio
1587 4248 1955 4317 significatur,
2010 4263 2132 4318 quae

540 4349 607 4386 cx
645 4333 782 4388 falsa
815 4346 868 4388 et
913 4352 1101 4390 amara
1141 4339 1466 4393 inﬁdelitate
1503 4350 1847 4410 emergentes
1893 4343 2134 4397 calcabi-

546 4427 648 4478 lem
679 4436 735 4480 et
770 4428 1028 4481 stabilem
1065 4431 1118 4483 in
1148 4429 1370 4486 Christo
1407 4435 1588 4487 sedem
1631 4436 1928 4504 accipiunt.
1968 4433 2136 4489 Inno-

2231 3353 2554 3410 prospcrum
2591 3337 2884 3405 quemdam
2945 3347 3266 3389 successum
3316 3343 3381 3385 ac
3415 3328 3698 3384 victoriam
3726 3341 3821 3380 ca-

2232 3431 2425 3484 nitur:
2471 3429 2514 3482 si
2550 3439 2730 3482 autem
2764 3427 3118 3498 allegoricum
3149 3438 3372 3480 sensum
3409 3437 3647 3492 quaeras,
3682 3417 3822 3473 Novi

2230 3523 2568 3579 Testamenti
2608 3525 2816 3577 cantio.
2869 3520 3012 3575 Tum
3060 3519 3208 3573 enim
3247 3530 3386 3571 nova
3438 3515 3626 3570 omnia
3673 3514 3818 3567 facta

2231 3631 2381 3684 sunt,
2430 3630 2483 3676 et
2532 3628 2786 3675 creatura
2843 3632 3006 3680 nova,
3043 3624 3100 3673 et
3165 3629 3342 3670 novus
3389 3613 3575 3678 homo,
3625 3619 3679 3664 et
3707 3608 3825 3664 vita

2232 3729 2392 3779 nova,
2431 3723 2486 3768 et
2535 3728 2672 3766 nova
2710 3711 2995 3774 mandata,
3029 3717 3084 3762 et
3136 3722 3276 3761 nova
3319 3708 3520 3776 gratia,
3562 3713 3617 3757 et
3673 3717 3827 3756 nova:

2231 3806 2684 3879 pollicitationes,
2717 3813 2772 3857 et
2817 3817 2960 3856 nova
3002 3809 3377 3859 sacramenta,
3407 3806 3464 3852 et
3499 3811 3638 3850 nova
3686 3810 3829 3864 prae-

2233 3911 2413 3969 cepta.
2465 3897 2647 3967 Atque
2725 3911 2791 3948 eo
2849 3895 3077 3948 nomine
3138 3889 3352 3945 Novum
3407 3887 3826 3944 Testamentum

2234 3991 2460 4051 dicitur,
2502 4003 2611 4041 non
2641 3988 2818 4042 solum
2865 4003 2894 4040 a
2936 3997 3204 4055 tempore,
3234 3983 3330 4038 sed
3368 3984 3533 4036 etiam
3561 3996 3592 4034 a
3625 3988 3826 4034 natura

2235 4098 2427 4137 carum
2468 4095 2673 4145 rerum,
2707 4095 2829 4149 quae
2865 4079 2920 4132 in
2963 4093 3028 4134 eo
3053 4078 3426 4144 contigerunt,
3455 4072 3821 4144 quandoqui-

2237 4175 2362 4230 dem
2419 4174 2606 4229 omnia
2654 4176 2911 4227 innovata
2963 4183 3112 4234 sunt,
3166 4179 3220 4223 ct
3273 4171 3327 4222 in
3390 4167 3581 4237 primis
3638 4167 3829 4231 homo,

2241 4279 2462 4340 propter
2491 4284 2654 4339 quem
2694 4268 2879 4322 omnia
2911 4268 3267 4320 exstiterunt.
3305 4261 3372 4317 Et
3413 4260 3634 4331 quidem
3669 4263 3830 4328 juxta

2243 4363 2554 4424 historiam,
2590 4361 2854 4431 quoniam
2907 4374 2972 4411 ex
3030 4355 3282 4410 Hebraeis
3317 4353 3410 4408 alii
3460 4350 3661 4422 captivi
3723 4348 3834 4403 Ba-

2243 4456 2494 4525 bylonem
2533 4453 2753 4508 abducti
2788 4459 2936 4516 sunt,
2969 4465 3036 4504 ac
3089 4464 3283 4503 rursus
3316 4445 3455 4502 salvi
3510 4455 3566 4498 et
3617 4443 3831 4497 incolu-

543 4519 768 4581 vamini,
804 4520 973 4588 igitur
996 4521 1204 4585 insulto,
1229 4524 1424 4593 inquit,
1455 4525 1559 4579 hoc
1579 4535 1686 4592 est,
1721 4537 2046 4582 vetustatem
2068 4543 2125 4583 ex

2245 4519 2360 4599 nics
2428 4545 2863 4613 l-lierosolymam
2909 4541 3214 4603 redierunt,
3273 4536 3366 4592 alii
3428 4533 3836 4604 Hierosolymis

545 4627 732 4666 errore
778 4621 832 4666 et
873 4626 1098 4682 peccato
1134 4627 1478 4670 contractam
1543 4633 1573 4671 a
1632 4619 1892 4674 cordibus
1928 4621 2132 4676 vestris

545 4704 748 4772 rjicite,
783 4723 846 4760 uc
881 4724 974 4774 per
1014 4711 1390 4778 paenitentiam
1447 4721 1501 4765 et
1562 4712 1721 4766 fidem
1763 4713 2132 4768 innovamini.

618 4799 757 4852 lbid.
835 4796 1140 4854 Innovatur
1221 4805 1384 4856 etiam
1451 4805 1594 4871 apud
1674 4803 1846 4858 alium
1905 4807 2136 4875 prophe-

551 4901 660 4943 tam
690 4889 826 4962 (25),
848 4901 953 4945 etc.
985 4892 1176 4948 Murus
1201 4895 1422 4964 quidem
1457 4913 1631 4950 aereus
1658 4899 1802 4966 apud
1840 4895 2133 4952 Jeremiam

555 4983 824 5049 reperitur
861 4997 876 5035 :
933 4982 1068 5037 Ecce
1103 4987 1272 5050 enim,
1313 4987 1515 5057 inquit,
1563 4991 1715 5054 posui
1770 5001 1818 5044 te
1856 5001 1912 5043 ut
1953 4991 2144 5044 civita-

556 5081 657 5122 tem
695 5074 978 5138 munitam,
1013 5085 1059 5126 et
1090 5085 1145 5126 ut
1177 5093 1388 5132 murum
1412 5080 1692 5135 cereum“.
1738 5083 1924 5138 Murus
1957 5095 2138 5137 autem

560 5166 853 5218 iiinovatus
890 5169 1240 5237 simpliciter,
1275 5187 1338 5226 ac
1367 5190 1475 5227 non
1520 5190 1698 5230 aereus
1741 5177 1888 5246 apud
1944 5177 2140 5232 Isaiam

625 5323 671 5354 ⁴³
708 5322 812 5377 lsa.
847 5339 955 5389 xu,
995 5327 1045 5379 1.
1121 5327 1165 5359 ⁸⁵
1192 5327 1394 5384 Jerem.
1425 5347 1462 5395 ι,
1497 5333 1585 5388 18.
1661 5335 1706 5366 ⁸⁵
1742 5335 1848 5390 lsa.
1885 5352 1995 5401 xw,
2028 5336 2115 5390 11.

632 5460 744 5542 (Ξᾷ)
787 5463 938 5528 Apul!
981 5462 1147 5517 alium
1185 5475 1529 5542 prophetam.
1591 5473 1795 5542 Duplici
1847 5476 1913 5528 de
1973 5491 2140 5530 causa

565 5533 841 5608 propheta:
897 5549 1093 5608 nomen
1152 5540 1372 5592 silentio
1407 5533 1830 5608 pressum-esse
1859 5549 2099 5600 arbitror
2131 5565 2144 5600 :

565 5607 942 5685 velul‘lecluttl
974 5607 1194 5673 quidem
1222 5624 1251 5660 a
1279 5607 1569 5685 scriptore,
1596 5623 1853 5669 caeterum
1887 5616 2149 5685 prudenti

567 5675 799 5755 consilio
825 5677 1075 5740 tacitum,
1111 5687 1169 5731 ut
1211 5675 1434 5755 animus
1471 5694 1655 5737 noster
1694 5688 1760 5739 ad
1796 5675 1988 5740 eor-um
2031 5703 2152 5755 quae

571 5753 993 5822 commemorata
1031 5759 1179 5814 sunt,
1228 5750 1631 5820 indagationem
1681 5750 2154 5822 exstimularetur,

568 5811 656 5864 Vel
696 5819 897 5885 potius,
956 5829 1016 5874 ut
1072 5811 1302 5888 prorsus
1339 5811 1708 5893 ilicosuitum,
1735 5829 1919 5894 qualia
1964 5837 2018 5882 et
2050 5811 2157 5883 alia

2245 4645 2888 4704 manserunt:utrosque
2951 4632 3119 4687 David
3183 4632 3254 4686 ad
3304 4645 3508 4685 novum
3553 4626 3830 4682 canticum

2247 4731 2647 4785 decantandum
2677 4729 3022 4792 Cohortatur,
3044 4727 3183 4779 alios
3203 4725 3350 4793 quod
3377 4723 3431 4776 in
3461 4721 3657 4791 patriis
3686 4720 3836 4775 sedi-

2249 4821 2352 4876 bus
2382 4821 2704 4883 mauserint,
2735 4820 2873 4872 alios
2899 4817 3043 4887 quod
3088 4819 3141 4870 in
3183 4820 3416 4886 patriam
3461 4813 3671 4868 reversi
3697 4811 3830 4867 sint.

2248 4912 2496 4981 Atjuxta
2549 4911 2908 4982 anagogicum
2957 4925 3206 4972 sensum,
3240 4908 3475 4978 Babylon
3507 4916 3590 4962 est
3632 4903 3834 4958 confu-

2247 5000 2350 5062 sio,
2382 5009 2439 5052 et
2463 4999 2666 5052 mentis
2703 4999 3024 5053 obscuratio
3063 5013 3093 5051 a
3123 4998 3360 5052 turbidis
3392 4997 3560 5050 animi
3594 4997 3835 5050 motibus

2245 5105 2310 5143 ac
2351 5090 2859 5158 perturbationibus
2903 5089 3122 5157 injecta.
3179 5090 3418 5160 Babylon
3455 5089 3604 5141 enim
3636 5085 3834 5146 confu-

2247 5183 2457 5235 sionem
2496 5189 2678 5236 sonat.
2717 5180 3022 5237 Jerusalem
3064 5192 3248 5235 autem
3297 5190 3382 5233 est
3418 5178 3750 5247 tranquillus
3780 5185 3838 5230 ct

2246 5478 2436 5540 verba,
2460 5493 2583 5548 quae
2608 5477 2866 5533 similiter
2897 5485 2954 5532 ut
2995 5475 3310 5546 pr0phctica
3345 5474 3840 5529 circumferuntur.

2249 5561 2414 5618 atque
2470 5550 2826 5611 scribuntur.
2885 5564 2986 5603 nec
3023 5559 3200 5600 tamen
3253 5562 3486 5614 nsquam
3523 5561 3712 5600 eorum
3739 5561 3843 5602 uo-

2251 5623 2398 5674 mina
2449 5629 2707 5686 exstant,
2749 5629 2845 5674 aut
2901 5629 3092 5674 contra
3148 5618 3493 5670 exstantibus
3549 5626 3842 5669 auctorum

2257 5692 2599 5756 nominibus,
2622 5691 2823 5760 scripta
2854 5689 2968 5758 ipsa
3007 5688 3431 5760 interciderunt.
3464 5686 3660 5760 Neque
3692 5687 3842 5740 enim

2256 5762 2557 5814 verisimile
2585 5774 2669 5815 est
2731 5759 2897 5824 etini,
2959 5760 3003 5814 si
3053 5759 3432 5828 propheticum
3484 5759 3588 5811 hoc
3637 5771 3846 5828 nomen

2263 5833 2546 5900 cognitum
2584 5831 2892 5898 habuisset,
2923 5827 3065 5887 illud
3104 5827 3202 5885 nes
3234 5828 3536 5885 celaturum
3573 5827 3769 5884 fuisse.
