4116 6454
312 385 450 449 1H3

1230 393 1556 455 NICETAS
1601 397 1679 456 IN
1721 397 1944 457 ΟΗΛΤ.
1993 398 2198 457 XLIII
2239 400 2302 458 S.
2343 399 2575 462 GREG.

3451 399 3590 464 14η

308 509 534 570 pacatus
561 499 754 552 animae
786 507 983 563 status,
1020 510 1186 568 atque
1212 504 1281 557 ab
1327 503 1620 561 affectuum
1654 510 1893 563 tumultu
1926 515 1972 570 Α
2003 507 2147 577 quod
2181 506 2325 561 Deus
2372 509 2533 562 Pater
2588 507 2728 562 bona
2785 517 3060 564 voluntate
3104 515 3466 580 comprobans
3505 529 3596 566 os-

306 608 373 646 nc
409 595 639 660 strepitu
683 593 840 646 liber.
875 591 1175 648 Jeruszdetn
1210 598 1379 661 enim,
1415 600 1457 653 si
1492 600 1890 670 interpreteris,

307 685 460 752 pacis
518 684 782 738 visionem
843 684 1136 754 significat.
1196 686 1668 753 Quemadmodum
1726 693 1895 763 igitur

308 786 439 830 tunc
475 777 556 830 fas
593 791 700 828 non
729 785 846 830 erat
874 775 1076 830 .lud:cis
1104 778 1320 834 divinos
1351 791 1544 837 cantus
1578 784 1630 838 in
1664 786 1893 840 hat-hara

304 857 448 922 ierra
483 880 728 930 cantare,
769 871 988 923 tametsi
1027 871 1134 925 illis
1169 872 1536 931 instrumenta
1590 894 1701 933 non
1735 880 1894 936 dees-

305 970 454 1021 sent,
491 977 679 1012 verum
718 961 976 1015 dicebant
1009 979 1023 1015 :
1067 964 1342 1027 Quomodo
1395 969 1730 1023 cantabimus
1762 987 1893 1024 can-

305 1055 466 1104 ticum
506 1052 718 1105 Domini
775 1053 828 1104 in
881 1065 1028 1107 terra
1083 1056 1257 1110 aliena
1279 1056 1361 1114 “3
1423 1061 1501 1115 sic
1536 1077 1636 1116 nec
1693 1065 1892 1132 nobis,

305 1145 520 1198 etiamsi
556 1159 619 1198 os
646 1159 710 1198 ac
737 1145 996 1215 linguam,
1031 1163 1153 1216 qua:
1189 1153 1460 1205 sermonis
1493 1168 1695 1222 organa
1743 1168 1892 1221 sunt,

312 1235 633 1300 habeamus,
692 1233 775 1290 fas
803 1245 886 1290 est
941 1236 1191 1292 libertate
1246 1238 1502 1309 loquendi
1545 1245 1621 1296 uti
1647 1283 1663 1311 ι
1698 1245 1748 1298 id
1785 1253 1888 1311 est,

307 1329 535 1382 tidenter
567 1344 631 1384 ac
679 1330 852 1384 libere
900 1330 1075 1400 ipsius
1119 1333 1388 1388 auxilium
1421 1350 1671 1404 quzerere
1724 1345 1888 1406 atque

305 1419 622 1488 implorare,
655 1423 900 1492 quandiu
927 1433 1174 1492 peccato,
1196 1440 1306 1494 quo
1339 1428 1470 1480 nulli
1492 1427 1709 1482 barbari
1741 1445 1891 1482 acer-

307 1511 488 1566 biores
547 1517 762 1585 tyranni
815 1529 970 1584 sunt,
1031 1521 1412 1587 serviet-imus,
1449 1536 1612 1590 atque
1664 1524 1726 1590 in
1781 1524 1888 1577 alia

307 1604 587 1672 republica
637 1607 928 1666 fuerimus.
961 1611 1034 1667 Os
1064 1612 1208 1667 enim
1273 1615 1432 1669 nobis
1476 1589 1744 1684 ProphEta
1791 1618 1890 1670 ob-

307 1699 474 1750 struit
508 1698 698 1754 dicens
729 1719 742 1754 :
775 1704 1060 1756 Peccatori
1097 1715 1281 1758 autem
1329 1706 1470 1758 dixit
1513 1706 1676 1772 Deus,
1713 1708 1890 1773 Quare

311 1795 368 1839 tu
401 1804 625 1844 enarras
670 1791 919 1860 justitias
965 1811 1131 1859 meas,
1163 1805 1210 1848 et
1243 1799 1472 1852 assumis
1520 1806 1886 1853 testamentum

2001 601 2193 663 tendit,
2221 610 2273 654 et
2306 599 2544 668 Spiritus
2573 610 2822 666 sanctus,
2856 601 3013 668 cujus
3046 601 3275 670 figuram
3310 605 3450 672 gerit
3496 619 3588 657 sa-

2002 694 2158 762 piens
2190 691 2449 756 Beseleel,
2487 693 2672 745 labore
2698 708 2800 746 suo
2831 704 2881 746 et
2917 694 3184 747 industria
3217 695 3467 762 perfecit,
3526 710 3590 749 ac

2009 786 2310 854 spiritualis
2351 785 2526 838 Moses
2552 783 2804 838 Christus
2840 785 3050 854 opificis
3091 785 3196 838 ritu
3234 801 3330 853 per
3363 801 3420 840 se
3459 786 3594 839 effe-

1997 877 2072 931 cit
2099 916 2115 940 ,
2158 877 2451 930 humanam
2487 875 2743 928 videlicet
2788 885 3038 928 naturam
3077 877 3128 928 in
3167 893 3224 928 se
3261 877 3379 945 ipso
3438 894 3590 930 Ctilll-

1995 969 2225 1037 pingens
2259 984 2352 1036 per
2388 967 2786 1036 hypostaticam
2822 968 3100 1021 unionem.
3133 967 3274 1021 Area
3315 980 3589 1035 postremo

1995 1075 2177 1112 rerum
2209 1059 2452 1112 omnium
2485 1058 2820 1113 creationem
2871 1059 3160 1128 designare
3207 1069 3392 1128 queat,
3423 1077 3586 1129 quam

1993 1151 2152 1204 Pater
2177 1159 2400 1204 utmens
2421 1150 2697 1219 cogitavit,
2721 1148 2893 1205 Filius
2909 1159 2968 1204 ut
2987 1149 3218 1205 Verbum
3239 1151 3507 1210 condidit.
3526 1169 3590 1207 ac
3614 1193 3621 1199 .

1994 1239 2230 1309 denique
2257 1239 2496 1309 Spiritus
2524 1248 2750 1294 sanctus
2772 1241 3034 1295 omnibus
3060 1243 3302 1296 numeris
3325 1245 3589 1297 absolvit.

2065 1329 2203 1384 Ibid.
2233 1331 2298 1384 C.
2329 1329 2456 1383 Jam
2508 1346 2726 1400 regnum
2773 1347 2978 1401 quoque
3030 1331 3224 1386 Βανιάὶ
3279 1335 3584 1387 innovatum

1993 1431 2094 1490 est,
2125 1433 2230 1477 etc.
2279 1423 2440 1478 Prius
2494 1422 2663 1477 David
2697 1424 3008 1478 aSamuele
3055 1425 3110 1478 in
3157 1424 3434 1480 Betlneem
3483 1444 3589 1480 uu-

1995 1523 2118 1569 ctus
2145 1523 2250 1580 est,
2295 1521 2354 1568 ut
2395 1515 2630 1568 habetur
2659 1514 2679 1568 I
2715 1515 2847 1584 lteg.
2879 1530 2998 1585 cap.
3029 1532 3085 1570 v.
3116 1515 3339 1579 Deinde,
3371 1519 3583 1571 exstin-

1995 1614 2083 1659 cto
2116 1604 2302 1668 Saule,
2337 1604 2390 1657 in
2426 1603 2642 1659 llebron
2686 1619 2781 1658 rex
2811 1607 3078 1658 salutatus
3109 1615 3213 1668 est,
3254 1615 3305 1659 ut
3352 1616 3591 1661 testatur

2000 1695 2276 1749 secundus
2312 1693 2484 1760 liber;
2515 1694 2675 1748 tertio
2709 1702 2830 1764 post
2879 1694 3156 1747 interitum
3207 1693 3584 1763 Mephihoseth

1997 1788 2067 1841 ab
2093 1786 2369 1841 universis
2401 1785 2675 1840 tribubus.
2712 1786 2852 1856 Ergo
2883 1795 2936 1840 et
2965 1800 3090 1839 cum
3125 1794 3246 1853 post
3271 1785 3582 1839 unctionem

307 1895 482 1933 meum
513 1896 605 1948 per
661 1899 720 1936 os
750 1894 899 1938 tuan:
937 1886 982 1918 ⁵⁷
1008 1889 1034 1942 7
1071 1885 1434 1959 Posteaquam
1463 1900 1646 1946 autem
1675 1908 1741 1947 ex
1776 1895 1890 1962 spi-
1925 1865 1966 1922 δ
1998 1897 2226 1951 regnum
2269 1881 2370 1950 ipsi
2405 1891 2720 1945 novaretur,
2747 1880 2948 1935 festum
2983 1881 3282 1934 celebravit
3319 1896 3332 1933 :
3368 1889 3423 1935 et
3457 1896 3587 1934 rur-

305 1971 489 2027 rituali
515 1975 828 2044 captivitate
853 1993 948 2046 per
976 1981 1356 2050 paenitentiam
1379 1983 1534 2053 quasi
1558 1985 1892 2053 postliminio

306 2065 973 2142 redierimus,novamque
995 2088 1189 2130 rursus
1213 2075 1334 2129 vitae
1353 2078 1626 2130 rationem
1646 2087 1698 2131 et
1716 2076 1862 2130 admi
1877 2104 1892 2116 η

304 2156 690 2214 nistrationem
716 2161 1025 2227 inierimhs,
1047 2171 1160 2218 tum
1192 2165 1412 2220 demum
1435 2167 1504 2222 ob
1533 2167 1676 2222 hanc
1694 2183 1890 2222 novam

310 2250 506 2318 vitam,
556 2267 759 2308 novum
804 2271 1026 2326 quoque
1065 2267 1288 2312 cantum
1333 2261 1710 2315 concinemus.
1748 2261 1890 2326 Quin

305 2345 469 2397 etiam
501 2343 600 2410 illi,
631 2345 727 2415 qui
759 2346 1100 2416 spiritualem
1121 2348 1490 2419 captivitatem
1529 2355 1879 2422 nequaquam

304 2448 386 2503 pet
403 2435 670 2501 tulerunt,
690 2435 785 2491 sed
823 2438 876 2491 in
913 2438 1112 2494 virtute
1154 2449 1414 2510 tanquam
1459 2442 1514 2494 in
1539 2444 1717 2510 patria
1735 2459 1893 2498 man-

302 2537 519 2593 serunt,
537 2542 601 2583 ac
622 2529 953 2598 proflciendo
971 2547 1140 2586 novos
1157 2532 1389 2587 subinde
1407 2533 1621 2589 virtutis
1640 2549 1893 2605 progres-

302 2634 398 2675 sus
416 2621 860 2684 faciunt,novum
885 2636 1106 2693 quoque
1122 2625 1396 2679 canticum
1427 2627 1536 2680 Deo
1569 2628 1887 2682 concinunt.

381 2713 519 2766 Ibid.
552 2712 686 2766 Tum
707 2715 871 2767 etiam
921 2716 1210 2770 testimonii
1258 2732 1388 2771 arca
1437 2719 1744 2783 innovatur,
1781 2729 1886 2776 etc.

307 2802 588 2873 Scriptum
631 2814 718 2860 est
749 2806 890 2860 libro
923 2804 1286 2863 Numerorum
1329 2807 1664 2881 :Postquam
1712 2811 1890 2870 Moses

303 2909 490 2950 arcam
521 2897 718 2961 erexit,
753 2898 1069 2953 obtulerunt
1115 2901 1399 2956 duodecim
1440 2906 1715 2974 principes
1736 2943 1752 2971 ,
1785 2905 1891 2962 hoc

302 2996 412 3054 est,
470 2991 710 3045 tribuum
771 2991 1037 3061 praefecti,
1089 2994 1157 3048 ad
1215 2993 1410 3050 altaris
1463 2997 1885 3066 dedicatiouern,

305 3096 532 3137 uulnera
582 3098 702 3146 sua,
735 3084 995 3138 nimirum
1028 3087 1312 3141 acetabula
1342 3099 1616 3158 argentea,
1646 3102 1696 3145 et
1728 3091 1888 3160 phia-

1999 1990 2094 2030 sus
2116 1989 2240 2028 cum
2302 1987 2399 2043 per
2452 1973 2722 2028 universa:
2773 1972 2967 2041 ,plebis
3032 1971 3413 2028 salutationem
3482 1972 3584 2041 ipsi

1997 2067 2334 2138 principatus
2383 2069 2757 2131 innovaretur,
2793 2067 2934 2121 diem
2979 2066 3128 2120 illum
3166 2066 3351 2122 laetitia
3394 2074 3449 2121 et
3495 2082 3589 2122 so-

1999 2162 2280 2217 lemnitate
2334 2171 2660 2232 prosecutus
2695 2169 2815 2226 est,
2851 2161 3000 2230 regni
3051 2159 3582 2214 administrationem

2002 2270 2317 2325 capessens.
2351 2254 2514 2309 Juxta
2568 2253 2882 2324 allegoriam
2919 2261 3100 2307 autem
3132 2253 3433 2323 spiritualis
3484 2251 3590 2306 Da-

2004 2349 2094 2405 vid
2134 2349 2390 2403 Christus
2422 2358 2527 2410 est,
2562 2361 2748 2409 verus,
2798 2345 3059 2415 inquam,
3095 2345 3184 2400 ille
3214 2361 3308 2399 rex
3344 2345 3470 2399 novi
3505 2345 3586 2400 Is-

1998 2446 2160 2502 raelis
2184 2459 2248 2499 ac
2265 2443 2502 2498 videntis
2515 2441 2705 2509 Deum,
2721 2449 2780 2496 ut
2799 2458 2864 2496 ex
2885 2455 3084 2512 genere
3100 2439 3265 2495 David
3285 2440 3589 2495 secundum

1998 2552 2217 2593 carnem
2240 2535 2650 2593 oriundus.Hic
2677 2535 2731 2588 in
2767 2535 2943 2604 primo
2995 2547 3098 2588 suo
3139 2535 3374 2587 adventu
3414 2549 3588 2603 quan-

2004 2638 2120 2683 tum
2141 2628 2208 2683 ad
2247 2628 2647 2682 humanitatem
2673 2636 2871 2681 unctus
2892 2635 2976 2678 est
3003 2643 3015 2678 :
3036 2633 3092 2678 at
3114 2626 3167 2678 in
3191 2627 3436 2678 secundo
3454 2634 3505 2678 et
3523 2625 3588 2676 il-

2001 2720 2164 2775 lustri
2193 2729 2250 2773 ut
2272 2720 2414 2774 Deus
2431 2728 2484 2772 et
2504 2717 2789 2780 Dominus,
2810 2719 3098 2786 onmisque
3121 2725 3384 2770 creatura:
3406 2713 3515 2768 Rex
3534 2725 3588 2768 et

1995 2811 2223 2868 Creator
2253 2810 2710 2880 proclamabitur,
2747 2808 2826 2861 vel
2856 2809 3028 2862 etiam
3063 2806 3434 2876 proclamatus
3479 2815 3585 2872 est,

1994 2906 2119 2961 data
2151 2905 2365 2960 scilicet
2394 2903 2464 2965 ei,
2494 2911 2554 2955 ut
2579 2900 2810 2966 homini,
2842 2902 2992 2954 omni
3025 2907 3296 2968 potestate
3346 2899 3400 2952 in
3445 2899 3588 2952 caelo

1994 3006 2048 3052 et
2079 2997 2132 3050 in
2161 3003 2306 3049 terra
2339 2994 2408 3047 ⁸³.
2445 2992 2616 3046 Porro
2642 2993 2818 3063 ipsius
2841 3007 3095 3062 regnum,
3119 2992 3164 3045 si
3193 2992 3412 3060 quidem
3440 2995 3588 3062 prio.

1997 3101 2112 3142 rem
2151 3084 2466 3139 unctionem
2508 3093 2838 3152 spectemus,
2891 3083 2945 3135 in
2993 3081 3368 3151 conceptionis
3416 3083 3593 3153 ipsius

305 3173 387 3228 las
423 3184 741 3243 argenteas,
785 3187 839 3230 et
887 3177 1161 3232 thuribula
1205 3193 1393 3243 aurea,
1427 3189 1482 3235 et
1518 3181 1774 3238 animalia
1821 3184 1888 3239 ad
1918 3209 1961 3268 ο
2003 3179 2085 3234 vel
2122 3177 2426 3233 nativitatis
2461 3177 2600 3230 festo
2632 3176 2926 3229 innovatur
2959 3193 2972 3228 :
3005 3175 3050 3230 si
3087 3185 3266 3228 autem
3290 3181 3586 3231 secundam

306 3267 687 3322 holocaustum
721 3265 958 3323 “.Hanc
983 3284 1148 3339 porro
1190 3272 1488 3326 testimonii
1527 3288 1711 3329 arcam
1751 3275 1888 3333 Mosi

303 3359 760 3429 compingendam
815 3362 1090 3438 mandavit
1134 3360 1278 3417 Deus
1309 3381 1325 3418 :
1359 3361 1546 3419 Facies
1587 3367 1724 3419 enim
1749 3408 1763 3430 ,
1804 3370 1888 3421 in-

302 3452 446 3523 qtit,
474 3451 636 3520 juxta
680 3451 858 3504 omnia
891 3467 1214 3520 quwcunque
1234 3453 1329 3505 tibi
1362 3453 1417 3506 in
1451 3467 1622 3509 monte
1648 3460 1888 3524 ostendo,

303 3546 404 3597 hoc
449 3553 546 3606 est,
581 3543 752 3612 juxta
787 3543 1068 3611 exemplar
1106 3557 1268 3608 arcae,
1303 3545 1449 3613 quod
1499 3547 1595 3600 tibi
1645 3563 1745 3618 ego
1795 3565 1887 3604 os-

304 3636 491 3696 tendo,
525 3645 629 3688 etc.
657 3633 723 3688 ”.
758 3631 996 3687 Beseleel
1033 3643 1212 3704 autem
1261 3648 1324 3688 ex
1352 3633 1494 3688 tribu
1538 3635 1681 3690 Juda
1711 3647 1886 3704 ortus,

301 3741 468 3795 quem
513 3725 652 3779 Deus
708 3725 902 3794 spiritu
956 3726 1237 3794 sapientia:
1280 3727 1563 3796 impletum
1607 3731 1886 3787 architecti

305 3832 533 3871 munere
575 3817 724 3885 fungi
762 3817 948 3885 jussit,
985 3832 1104 3870 eam
1156 3819 1412 3886 absolvit,
1436 3820 1582 3876 Mose
1613 3821 1732 3892 ejus
1771 3823 1886 3877 for-

306 3926 452 3964 mam
499 3911 884 3979 pamscribente
931 3911 1084 3980 juxta
1135 3914 1409 3979 exemplar
1463 3915 1565 3984 ipsi
1608 3931 1637 3969 a
1670 3915 1780 3972 Deo
1831 3919 1885 3972 in

306 4010 495 4054 monte
517 4009 826 4054 ostensum.
851 4004 921 4055 At
946 4001 1127 4057 Moses
1165 4003 1282 4072 ipse
1309 4018 1429 4058 eam
1456 4007 1664 4071 statuit,
1691 4021 1888 4077 quem-

307 4092 601 4146 admodum
637 4091 704 4146 de
745 4091 830 4145 his
858 4091 1114 4146 omnibus
1147 4092 1202 4146 in
1235 4092 1406 4149 Exodi
1431 4094 1570 4150 libro
1610 4095 1888 4153 fusissime

304 4185 569 4253 scriptum
609 4191 715 4237 est.
748 4182 1070 4236 'I‘estimonii
1120 4197 1288 4253 porro
1332 4200 1458 4239 arca
1484 4187 1627 4241 dicta
1664 4198 1768 4254 est,
1803 4193 1887 4245 vel

307 4279 434 4346 quia
464 4292 706 4346 capsam,
736 4277 790 4330 in
826 4291 934 4346 qua
967 4285 1022 4331 et
1041 4276 1377 4331 Testamenti
1417 4279 1612 4335 tabulae
1635 4319 1651 4347 ,
1683 4289 1736 4335 ct
1767 4297 1886 4336 am-

308 4369 481 4439 phora
510 4369 681 4437 ipsius
714 4382 914 4421 manna
947 4367 1390 4432 continebantur,
1424 4369 1490 4423 ad
1541 4385 1732 4426 eorum
1767 4389 1889 4443 qua:

305 4469 423 4512 tum
469 4473 613 4526 gesta
666 4465 716 4510 et
772 4457 890 4525 lege
940 4458 1147 4512 sancita
1213 4457 1449 4522 fuerant,
1507 4462 1886 4519 testimonium

1997 3273 2504 3344 proclamatlonem,
2545 3268 2765 3322 infesto
2805 3267 3007 3322 celebri
3043 3265 3508 3322 Resurrectionis.

2067 3361 2204 3418 Ibid.
2232 3358 2405 3413 Facta
2427 3367 2549 3413 sunt
2577 3358 2736 3411 etiam
2767 3357 3019 3411 Enca’nia
3054 3355 3460 3426 Hierosolymis,
3479 3367 3586 3412 etc.

1995 3457 2252 3512 Encaznia
2288 3455 2394 3508 hoc
2433 3453 2554 3507 loco
2586 3451 2862 3520 intelligit,
2899 3466 3008 3503 non
3048 3450 3247 3520 prioris
3272 3452 3417 3505 illius
3443 3461 3594 3505 stru-

1994 3559 2164 3606 ctura:
2187 3546 2400 3616 templi,
2431 3559 2552 3615 qua:
2580 3554 2848 3614 regnante
2872 3540 3339 3612 Salomonefacta
3366 3551 3467 3604 est,
3492 3542 3587 3597 sed

1993 3639 2319 3712 posterioris
2349 3638 2518 3701 illius,
2546 3651 2668 3704 quae
2699 3635 2934 3689 reditum
2981 3632 3295 3688 Iudaeorum
3325 3649 3392 3687 ex
3417 3631 3596 3704 Baby-

1993 3735 2172 3789 lonica
2215 3730 2534 3798 captivitate
2577 3736 2768 3783 secuta
2824 3732 2930 3781 est.
2961 3724 3099 3779 Cum
3137 3725 3302 3797 igitur
3336 3725 3596 3780 Encmtna

1992 3827 2084 3881 illa
2134 3823 2477 3879 celebrarent
2519 3820 2774 3874 Israelitte
2803 3859 2817 3881 ,
2867 3833 2976 3872 non
3035 3819 3198 3872 modo
3247 3819 3421 3872 hiems
3472 3831 3597 3871 erat

1993 3915 2259 3972 naturalis
2291 3929 2356 3968 ac
2385 3911 2659 3968 sensibilis
2681 3949 2698 3975 ,
2733 3910 3194 3979 quemadmodum
3245 3925 3594 3965 comtnemo~

1992 4020 2077 4065 rat
2103 4008 2342 4064 Joannes
2364 4006 2432 4070 “,
2485 4004 2578 4059 sed
2607 4005 2774 4058 etiam
2813 4002 3116 4073 spiritualis
3137 4041 3153 4065 ,
3187 4017 3382 4072 nempe
3424 4002 3587 4073 perfl-

1993 4105 2098 4160 diaa
2128 4113 2183 4158 et
2214 4098 2638 4160 incredulitatis,
2665 4106 2724 4150 ut
2771 4094 3072 4164 Gregorius
3117 4105 3304 4149 noster
3335 4095 3588 4164 exponit.

1991 4198 2191 4250 Aderat
2211 4200 2393 4247 autem
2415 4199 2470 4244 et
2485 4187 2666 4249 Jesus,
2681 4187 2775 4256 qui
2793 4194 3005 4268 tempus
3024 4184 3243 4254 quidem
3264 4199 3430 4239 omne
3448 4199 3585 4255 pra:-

1992 4282 2136 4337 cedit
2170 4289 2229 4335 ut
2267 4277 2431 4341 Deus,
2457 4291 2646 4330 recens
2673 4283 2855 4328 autem
2907 4283 2960 4329 et
3016 4289 3190 4328 novus
3217 4283 3336 4340 est,
3364 4285 3422 4328 ut
3450 4287 3585 4328 tem.

1993 4374 2142 4444 plum
2178 4379 2232 4426 et
2265 4367 2770 4439 bomogtemplum,
2797 4367 3043 4436 inquam.
3075 4369 3142 4421 de
3179 4381 3288 4435 quo
3333 4365 3586 4421 Salvator

1996 4465 2111 4535 ipse
2128 4462 2260 4516 dixit
2278 4478 2292 4515 :
2307 4459 2506 4516 Solvite
2533 4459 2783 4526 templum
2796 4458 2964 4522 lioc,et
2980 4458 3035 4510 in
3057 4457 3226 4511 tribus
3245 4456 3426 4512 diebus
3449 4458 3588 4512 illud

305 4550 911 4618 contirmationemque,
933 4549 1176 4604 clausam
1203 4549 1422 4606 haberet
1446 4552 1495 4584 '°
1525 4569 1538 4606 :
1569 4553 1652 4609 vel
1675 4554 1804 4625 quia
1835 4557 1888 4611 in
1916 4543 1970 4603 D
1996 4555 2235 4612 excitabo
2255 4551 2587 4622 ".Corporis
2607 4552 2754 4605 enim
2775 4550 3033 4619 templum
3055 4564 3167 4604 uno
3184 4549 3483 4620 eodemque
3499 4550 3601 4604 die-

306 4641 425 4710 ipsa
479 4639 746 4696 Dominus
801 4641 1248 4711 conspiciendum
1306 4658 1364 4698 se
1419 4645 1688 4713 praebens,
1752 4648 1889 4705 Mosi

308 4749 496 4788 rerum
543 4736 871 4802 agendarum
905 4734 988 4788 vel
1029 4749 1137 4788 non
1192 4736 1526 4802 agendarum
1571 4739 1792 4795 oracuIa
1837 4749 1893 4795 et

310 4827 747 4881 contestationes
776 4825 989 4890 edebat,
1040 4841 1071 4880 a
1135 4828 1338 4896 quibus
1397 4842 1596 4884 nomen
1633 4832 1885 4901 accepit:

314 4915 651 4982 Coutestare,
681 4916 880 4986 inquit,
913 4918 967 4970 id
1001 4929 1106 4982 est,
1147 4919 1400 4989 praecipe,
1440 4902 1798 4989 populo'huic
1819 4926 1891 4991 ἰς

313 5013 399 5066 vel
427 5013 589 5066 etiam
624 5030 654 5068 a
693 5015 811 5084 lege
841 5015 916 5068 ita
947 5018 1385 5086 nuncupabatur,
1417 5032 1539 5085 quae
1573 5018 1740 5071 etiam
1778 5019 1894 5087 ipsa

309 5106 681 5160 testiumnium
733 5107 954 5172 dicitur,
996 5105 1153 5173 juxta
1199 5109 1372 5164 illud:
1430 5109 1753 5164 Testimonia
1802 5119 1895 5162 tua

305 5197 589 5264 credibilia
633 5199 780 5267 facta
804 5210 929 5252 sunt
968 5201 1124 5253 nimis
1157 5201 1224 5254 ".
1258 5202 1432 5271 Hujus
1460 5217 1605 5256 arca:
1644 5200 1893 5256 Encamia

309 5291 660 5359 primumque
720 5306 917 5352 usum,
971 5291 1036 5343 ad
1097 5307 1254 5360 quem
1286 5293 1574 5363 magnifice
1610 5301 1664 5347 et
1713 5293 1895 5346 multis

308 5383 620 5450 sumptibus
663 5392 941 5436 exstructa
979 5384 1187 5443 fuerat,
1211 5384 1390 5439 Moses
1416 5384 1733 5438 celebravit.
1778 5384 1894 5438 Cae-

313 5489 490 5528 terum
541 5491 669 5530 arca
725 5491 944 5546 quoque
1002 5477 1299 5530 testimonii
1347 5477 1454 5530 dici
1524 5477 1697 5547 possit
1758 5476 1890 5530 illud

312 5570 601 5638 mysticum
656 5566 750 5622 Dei
805 5568 1097 5622 consilium
1149 5570 1213 5623 de
1264 5569 1424 5623 Verbi
1489 5570 1888 5634 incarnatione,

384 5753 428 5784 “
462 5751 600 5804 Psal.
631 5765 849 5812 cxxxvt,
884 5746 936 5798 4.
1048 5747 1088 5779 ⁸⁷
1113 5747 1256 5802 Psal.
1291 5765 1437 5805 xux.
1475 5748 1561 5802 I6.

311 5839 494 5880 xxxvi.
571 5820 804 5876 “Exod.
839 5833 952 5883 xu“,
991 5816 1079 5871 21.
1166 5818 1373 5874 "Psal.
1404 5835 1532 5885 seu,
1575 5821 1626 5874 ὃ.

1676 5749 1721 5780 ⁸⁸
1762 5747 1922 5801 Num.
1939 5761 2029 5810 vn,
2055 5748 2074 5800 I
2102 5761 2254 5816 seqq.

1706 5819 1751 5852 δ’
1788 5818 1979 5880 Matth.
2011 5834 2155 5879 xxvi,
2191 5819 2277 5872 18.

1999 4644 2297 4719 (passionis
2313 4643 2544 4712 scilicet)
2557 4641 2793 4698 solutum
2814 4649 2919 4704 est,
2933 4656 2998 4695 ac
3017 4641 3177 4695 tertio
3194 4649 3318 4709 post
3337 4643 3426 4695 die
3441 4642 3588 4695 exci-

2001 4749 2171 4794 tatum
2209 4757 2222 4794 :
2260 4751 2361 4792 nec
2385 4737 2498 4805 jam
2553 4734 2807 4798 moritur,
2861 4733 2977 4796 sed,
3019 4743 3073 4786 ut
3127 4730 3368 4786 Dauielis
3405 4731 3591 4786 verbis

2001 4844 2151 4897 utar,
2184 4837 2367 4885 manet
2411 4829 2465 4882 in
2504 4827 2726 4881 saecula.
2759 4825 2826 4879 Et
2862 4825 3083 4894 quidem
3139 4834 3370 4878 mortem
3415 4824 3586 4880 subiit

2003 4925 2296 4986 Christus,
2359 4929 2420 4974 ut
2470 4918 2630 4980 mihi,
2687 4919 2786 4970 hoc
2846 4929 2967 4980 est,
3020 4916 3278 4971 omnibus
3349 4917 3587 4971 salutem

2004 5018 2215 5072 aﬂ'erat.
2254 5013 2510 5070 Surretit
2538 5018 2744 5070 autem,
2793 5017 2853 5062 ut
2901 5024 2989 5062 me
3022 5023 3050 5061 a
3085 5009 3252 5062 veteri
3289 5010 3442 5076 lapsu
3473 5009 3589 5062 eri«

2005 5119 2118 5180 gat,
2149 5118 2310 5176 atque
2341 5121 2408 5159 ex
2434 5104 2600 5158 veteri
2629 5117 2828 5156 novum
2862 5099 3224 5154 instauranda
3257 5099 3440 5154 faciat.

2102 5201 2220 5255 Col.
2283 5197 2389 5250 610
2438 5197 2500 5250 Α.
2539 5195 2683 5261 Quin
2731 5192 2943 5246 divinus
3001 5209 3206 5262 quoque
3257 5191 3436 5246 Dat-id
3495 5208 3586 5246 eor

1997 5295 2251 5348 mundum
2292 5291 2346 5343 in
2375 5305 2430 5342 se
2463 5303 2660 5349 creare,
2686 5297 2794 5340 etc.
2842 5285 3178 5354 Intelligendi
3218 5287 3296 5339 vis
3329 5296 3382 5339 et
3417 5285 3591 5338 facul-

1995 5395 2078 5440 tas
2103 5403 2132 5439 a
2157 5383 2357 5436 Davide
2386 5395 2483 5435 eor
2512 5387 2740 5433 vocatur
2775 5395 2788 5430 :
2818 5377 3134 5431 Intellectus
3182 5385 3361 5430 autem
3415 5375 3585 5442 agita-

1995 5479 2172 5532 tiones
2207 5475 2476 5529 viscerum
2526 5471 2750 5526 nomine
2785 5471 3150 5539 appellantur.
3184 5469 3262 5522 Ac
3305 5468 3588 5521 facultatis

1992 5565 2368 5623 intellectricis
2392 5563 2690 5634 puritatem
2724 5569 2778 5615 et
2803 5561 3026 5630 spiritus
3069 5558 3469 5613 innovationem
3526 5575 3581 5610 in

3001 5739 3044 5770 ⁸ο
3074 5737 3384 5804 ExoLxxn,
3415 5754 3576 5800 xxxv.

2912 5811 2960 5843 ⁸⁵
3002 5807 3132 5863 Jean
3167 5826 3200 5862 ι.
3232 5809 3314 5861 19.

2370 5745 2416 5776 ⁴⁹
2447 5743 2616 5797 Exod.
2645 5757 2772 5803 xxv,
2798 5739 2885 5795 40.

2355 5817 2400 5847 ⁵³
2428 5815 2586 5868 10ml.
2623 5827 2675 5878 ι,
2713 5813 2806 5865 ‘22.
