4116 6414
517 334 659 397 1415

1943 333 2331 394 ADDENDA.

3666 340 3809 398 ιιιιι

520 450 945 523 cogitationibus
1014 448 1172 519 petit,
1228 463 1333 503 non
1386 457 1445 503 ιιι
1497 464 1602 503 non
1657 449 1888 512 hahens,
1916 449 2011 502 scd
2060 460 2118 503 ut
2148 462 2190 512 Α
2223 447 2473 519 angelico
2499 447 2711 504 lumine
2738 448 3010 520 posterius
3043 456 3288 505 creatum
3320 466 3384 505 ac
3416 453 3811 521 temporarium

520 554 789 614 exoptans
818 542 1093 597 recentius
1132 540 1391 611 quiddam
1415 540 1660 610 quotidie
1696 541 1801 594 sibi
1828 540 2112 594 accedere.

522 636 814 692 Innovatio
845 635 1048 705 quippe
1100 649 1300 688 novum
1353 635 1659 703 profectum
1722 632 1970 702 quotidie
2020 648 2117 686 na-

526 737 764 782 scentem
794 725 1282 794 accessionemth
1310 724 1607 794 significat.

604 819 741 872 Ibid.
777 814 882 871 Sed
914 816 1043 887 quid
1087 816 1219 869 mihi
1251 816 1408 885 plura
1437 815 1699 869 Eucmuia
1734 814 1980 885 colligere
2026 830 2122 867 ne.

526 927 669 965 casse
705 920 801 972 est,
841 916 947 962 etc.
983 906 1146 974 Quid,
1182 908 1384 978 inquit,
1412 908 1570 977 plura
1602 904 1854 960 Encaenia
1875 919 2121 960 comme-

527 1019 747 1059 morare
790 1017 1017 1058 necesse
1046 1010 1149 1068 cst,
1203 1018 1328 1057 cum
1357 1005 1560 1071 possim
1593 999 1845 1055 Eat-mnia
1884 1000 1996 1054 haec
2021 999 2123 1055 do-

528 1112 675 1163 cere,
704 1112 826 1167 qua‘
854 1112 1003 1151 nunc
1036 1104 1261 1166 propter
1304 1095 1538 1149 salutem
1588 1103 1837 1151 nostram
1881 1093 2125 1148 celebra-

530 1207 678 1256 mus,
718 1202 778 1244 ut
822 1194 916 1260 qui
960 1205 1068 1245 non
1112 1190 1289 1245 solum
1314 1188 1596 1259 duplicem
1649 1197 1882 1242 mortem
1924 1186 2125 1257 fugeri-

530 1299 677 1347 mus,
723 1284 951 1337 alteram
1004 1282 1264 1336 nimirum
1330 1280 1703 1352 corruptionis
1749 1289 1804 1335 et
1846 1279 2122 1345 interitus,

530 1377 762 1431 alteram
792 1376 996 1446 peccati
1022 1374 1076 1428 in
1116 1374 1340 1430 Christo
1369 1374 1640 1429 sublatam
1666 1383 1721 1429 et
1751 1372 2079 1428 exstinctam
2105 1389 2123 1427 :

532 1469 628 1523 sed
658 1468 827 1523 etiam
861 1467 1063 1537 duplici
1091 1467 1212 1522 vita:
1259 1465 1424 1522 nobis
1478 1465 1534 1520 in
1572 1465 1795 1522 Christo
1832 1473 2005 1535 partae
2033 1463 2129 1518 ad-

526 1561 703 1631 juncti
758 1561 1047 1626 fuerimus,
1093 1574 1289 1628 nempe
1319 1569 1374 1614 et
1402 1558 1700 1615 immortali
1742 1559 1821 1613 illi
1864 1567 2031 1628 atque
2071 1557 2124 1609 in

531 1670 626 1723 spe
660 1653 873 1722 posita.
903 1662 961 1707 et
993 1652 1042 1708 ei
1082 1667 1206 1720 quae
1250 1652 1305 1706 in
1353 1653 1563 1720 peccati
1612 1650 1976 1720 oppressione
2020 1649 2128 1703 sita

531 1757 637 1799 est.
667 1745 926 1800 Christus
968 1745 1116 1799 enim
1158 1754 1409 1800 mortuus
1457 1754 1542 1800 est
1595 1753 1652 1799 et
1690 1742 2022 1808 resurrexit,
2068 1751 2129 1796 ut

2221 546 2326 602 est,
2359 540 2482 601 hoc,
2513 538 2761 609 inqttam,
2801 540 3026 595 materia
3057 551 3321 596 constans
3363 553 3420 596 et
3474 544 3811 599 mundanum

2222 629 2402 684 iumen
2455 631 2507 684 ιιι
2557 643 2950 702 aspectumque
2992 634 3216 689 cadens.
3252 632 3389 687 Nam
3451 644 3507 690 et
3557 649 3587 688 a
3653 645 3815 689 nocte

2224 722 2660 783 interscinditur,
2695 732 2752 778 et
2786 732 3003 779 noctem
3036 740 3232 779 rursus
3262 727 3436 795 :equis
3469 726 3818 794 portionibus

2224 813 2554 878 intersecat;
2614 830 3010 885 nonnunquam
3075 817 3224 871 enim
3272 833 3395 872 eam
3439 820 3821 888 magnitudine

2223 916 2469 977 superat,
2501 922 2903 976 nonnunquam
2957 924 3177 965 rursum
3231 910 3301 965 ab
3357 925 3421 965 ea
3477 925 3816 980 superatur:

2224 1009 2601 1067 quantumque
2644 998 2745 1067 ipsi
2774 998 2971 1065 aufert,
3002 1010 3212 1055 tantum
3242 1002 3487 1057 vicissim
3523 1002 3594 1056 ab
3623 1018 3688 1055 eo
3715 1019 3819 1056 ex-

2224 1099 2546 1159 torquetur,
2591 1106 2740 1147 nunc
2771 1091 2995 1162 quidem
3044 1096 3289 1147 maximo
3340 1095 3429 1147 die
3477 1094 3822 1148 brevissima:

2227 1182 2401 1247 nocti,
2436 1196 2585 1238 nunc
2614 1194 2809 1237 contra
2833 1184 3073 1239 maxima
3123 1194 3285 1240 nocte
3337 1186 3665 1239 brevissimo
3713 1186 3823 1239 diei

2229 1274 2561 1330 succedente
2592 1292 2608 1332 :
2640 1276 2776 1331 adeo
2816 1285 2876 1330 ut
2920 1292 3021 1331 nec
3085 1279 3345 1331 horarum
3399 1292 3663 1339 numero.
3722 1294 3826 1331 nec

2224 1368 2408 1437 spatio
2433 1375 2490 1424 et
2515 1368 2801 1423 intervallo
2831 1369 3066 1424 alterum
3087 1370 3156 1424 ab
3180 1371 3355 1425 altero
3385 1379 3699 1438 superetur,
3725 1372 3823 1424 sed

2227 1469 2419 1528 pacata
2458 1467 2513 1514 et
2572 1459 2862 1529 tranquilia
2910 1461 3263 1516 aemulatione
3318 1462 3455 1516 inter
3485 1475 3548 1517 se
3588 1470 3821 1519 certent.

2227 1565 2294 1606 ac
2324 1551 2598 1609 maximus
2647 1553 2767 1607 dies
2815 1552 3070 1609 maxima-
3098 1554 3267 1619 nocti,
3296 1554 3659 1609 brevissimus
3701 1556 3829 1608 hrc-

2228 1643 2472 1699 vissitna:
2514 1643 2866 1714 respondeat.
2917 1643 3035 1700 Hoc
3103 1646 3286 1716 itaque
3357 1646 3541 1701 lumen
3592 1648 3644 1699 itt
3698 1660 3829 1700 aere

2231 1735 2415 1791 fusum
2449 1747 2506 1794 et
2533 1752 2838 1807 expansum
2870 1746 2982 1804 est,
3016 1752 3181 1807 quem
3212 1747 3407 1793 natura
3438 1754 3537 1793 sua
3563 1738 3831 1808 caligino-

534 1850 634 1888 nos
664 1841 890 1903 peccato
942 1834 1270 1897 moriamur,
1312 1843 1476 1901 atque
1507 1832 1559 1886 in
1591 1832 1832 1886 novitate
1853 1830 1977 1886 vita:
2008 1846 2129 1884 am-
2160 1814 2206 1873 Β
2246 1846 2369 1885 sum
2400 1845 2465 1886 ac
2520 1839 2693 1886 totum
2725 1832 2779 1885 itt
2813 1846 2872 1886 se
2905 1840 3255 1902 compactum
3279 1842 3444 1901 atque
3471 1833 3827 1886 commistttm

533 1930 786 1983 huleutus
809 1929 879 1983 ⁸⁸.
915 1927 1072 1994 Quod
1121 1936 1306 1981 autem
1356 1925 1741 1981 Ettcmniorum
1791 1939 1990 1979 nomen
2039 1940 2128 1979 se-

529 2021 712 2073 cundo
745 2020 1041 2090 repetitum
1073 2026 1181 2083 est,
1206 2032 1431 2074 causam
1465 2019 1534 2072 ab
1568 2019 1688 2087 ipso
1713 2016 1992 2087 Theologo
2026 2015 2126 2069 ad-

533 2129 727 2167 nexam
758 2112 943 2167 habet.
977 2109 1113 2166 Nam
1147 2127 1211 2165 ea
1239 2126 1363 2183 qua:
1384 2110 1683 2179 voluptatis
1717 2125 1879 2164 sensu
1910 2109 2128 2163 animos

533 2217 756 2260 nostros
777 2204 1044 2268 afficiunt,
1080 2202 1381 2258 identidem
1408 2218 1519 2273 pra:
1543 2202 1744 2273 gaudio
1792 2200 2126 2269 repetimus:

533 2298 783 2352 nondum
827 2306 1011 2351 tamen
1058 2295 1329 2365 quidquid
1363 2295 1636 2358 volumus,
1663 2294 2004 2363 expressisse
2036 2308 2131 2345 tto-

535 2391 621 2446 bis
658 2390 931 2445 videmur.
991 2386 1287 2443 lnnovatas
1353 2402 1519 2442 aures
1568 2386 1778 2441 aﬂ‘erte.
1839 2386 2130 2440 innovatur

535 2483 682 2536 enim
712 2483 884 2547 auris,
916 2480 971 2535 in
1002 2495 1168 2551 quam
1217 2480 1344 2534 novi
1389 2479 1596 2548 aliquid
1654 2479 1895 2546 insonat,
1923 2489 1977 2533 ct
2010 2495 2131 2547 quae

535 2588 597 2624 ea
623 2571 800 2636 audit,
830 2586 952 2639 qua:
983 2586 1263 2641 nunquam
1296 2578 1453 2624 antea
1483 2570 1787 2624 audiverat.

612 2664 745 2717 Ibid.
779 2663 843 2721 Β.
860 2661 1056 2717 Lumen
1081 2678 1242 2716 unum
1257 2673 1304 2716 et
1328 2661 1707 2725 inaccessibile,
1725 2671 1829 2716 etc.
1843 2658 2129 2717 Pz'olessus

537 2752 851 2823 Titcologtts
876 2772 935 2809 sc
965 2753 1123 2808 nobis
1174 2752 1527 2816 traditurum,
1557 2756 1820 2824 quidnam
1867 2752 1981 2807 sint
2024 2751 2130 2806 Ett-

536 2849 728 2912 czeuia,
761 2862 883 2916 quae
936 2862 965 2901 a
999 2848 1162 2902 nobis
1205 2845 1572 2908 celebrantur,
1616 2862 1723 2899 non
1767 2847 1952 2900 statim
2004 2862 2131 2915 pro-

542 2940 699 2996 missi
735 2940 893 2994 tidem
926 2940 1127 3009 explet,
1166 2939 1264 2994 scd
1303 2939 1469 2993 altius
1508 2955 1538 2992 a
1580 2938 1848 3002 theologia
1885 2950 1940 2991 et
1976 2948 2131 2992 natu-

543 3034 643 3088 rali
675 3032 1023 3103 philosophia
1068 3046 1252 3093 orsus,
1279 3047 1343 3087 ac
1377 3030 1575 3087 deinde
1609 3032 1674 3083 ad
1709 3030 2066 3085 humanitatis
2096 3045 2127 3084 a

539 3121 758 3175 Christo
782 3127 1075 3189 assumpta:
1102 3118 1392 3175 consilium
1420 3119 1779 3186 descendens,
1807 3120 1879 3173 ita
1905 3121 2125 3174 dcmttm

538 3212 606 3267 de
620 3210 887 3267 Ettcmniis
900 3220 1215 3279 pertractat.
1234 3213 1310 3266 Ac
1325 3211 1392 3265 de
1409 3210 1695 3267 divinitate
1718 3212 1937 3282 quidem
1961 3212 2126 3267 verba

537 3305 749 3362 faciens
781 3306 965 3361 lumen
1000 3305 1168 3360 Deum
1202 3306 1539 3372 nontinat,et
1576 3305 1760 3361 lumen
1787 3322 1954 3360 unum
1995 3306 2126 3376 (una

539 3400 710 3463 enim,
768 3399 1021 3470 quamvis
1072 3400 1124 3453 in
1155 3400 1331 3454 tribus
1389 3400 1668 3469 personis,
1703 3408 1791 3455 cst
1847 3398 2128 3470 divinitas)

544 3502 712 3563 atque
741 3492 791 3546 id
828 3491 1227 3554 inaccessibile,
1263 3492 1411 3561 quod
1438 3490 1658 3561 quidem
1689 3492 1810 3561 plus
1847 3501 1931 3548 est
1960 3508 2127 3563 quam

547 3583 1005 3654 imperceptibile.
1042 3582 1425 3638 Inaccessibile
1475 3584 1621 3636 enim
1674 3583 1777 3640 hoc
1809 3585 2033 3651 dicitur,
2062 3587 2128 3637 ad

542 3677 690 3747 quod
719 3693 788 3733 ne
811 3677 1075 3732 accedere
1095 3677 1315 3747 quidem
1368 3676 1659 3747 quisquam
1695 3685 1892 3747 potest,
1927 3678 2128 3734 nedum

543 3772 598 3827 id
639 3770 1122 3841 comprehendere.
1165 3775 1346 3840 Atque
1395 3771 1563 3825 etiam
1628 3772 1997 3828 successionis
2037 3787 2134 3827 ex-

545 3880 669 3931 pers
695 3879 817 3919 esse
847 3863 1145 3918 divinitatis
1190 3864 1374 3919 lumen
1416 3863 1651 3918 aﬂirmat
1673 3903 1689 3928 ,
1722 3865 1787 3919 ad
1817 3866 2013 3921 solaris
2054 3866 2133 3921 lu-

545 3956 714 4010 minis
760 3955 1155 4018 difl’ereutiam.
1212 3956 1304 4012 cui
1350 3948 1774 4014 nox'succedit.
1834 3957 1980 4024 Jam,
2032 3972 2134 4014 nec

546 4047 898 4117 principium,
931 4063 1033 4103 nec
1080 4049 1244 4104 tinem
1290 4049 1514 4116 habere,
1544 4051 1640 4105 sed
1679 4050 1831 4105 omni
1877 4066 2134 4107 mensura

544 4148 603 4193 et
657 4139 1172 4210 circumscriptione
1227 4140 1520 4195 sublimius
1558 4156 1684 4195 esse
1713 4142 1895 4197 docet.
1932 4141 2134 4196 Adhtec

548 4241 809 4302 perpetuo
859 4231 1123 4301 fulgidum
1172 4239 1363 4297 vocat,
1409 4240 1470 4285 ut
1523 4234 1863 4289 successioni
1909 4235 2137 4289 minime

546 4323 840 4376 obnoxium
854 4337 1180 4392 semperque
1205 4322 1417 4388 lucens,
1435 4331 1602 4393 atque
1617 4323 2131 4395 adeogtrifulgidum,

550 4421 740 4482 utpote
773 4412 824 4465 in
856 4413 1032 4468 tribus
1055 4415 1311 4482 personis
1346 4414 1600 4470 rtttilans.
1631 4415 1883 4485 Cumque
1909 4417 2139 4472 dixisset

549 4508 734 4560 lumen
783 4505 938 4570 illud,
987 4514 1262 4574 quantum
1291 4516 1397 4571 est,
1459 4521 1488 4559 a
1533 4510 1725 4576 paucis
1776 4509 2047 4579 pervideri
2086 4521 2140 4564 et

548 4592 788 4660 spectari
834 4607 1016 4661 posse,
1048 4590 1336 4648 confestim
1367 4594 1473 4649 hoc
1505 4597 1713 4650 dictum
1761 4608 1823 4652 ut
1868 4614 2001 4654 vero
2036 4600 2143 4653 mi-

549 4688 695 4740 nime
722 4694 1155 4740 consentaneum
1182 4684 1435 4754 arripuit,
1466 4700 1635 4757 seque
1678 4688 1966 4758 corrigens
2009 4704 2146 4745 exa-

549 4793 639 4834 cte
681 4785 980 4846 aperteque
1029 4775 1190 4839 dixit,
1241 4777 1349 4829 imo
1384 4791 1449 4828 ne
1483 4778 1669 4846 paucis
1708 4780 1950 4849 quidem,
1986 4793 2150 4850 atque

552 4866 626 4919 ita
660 4864 978 4937 huiusmodi
1023 4865 1207 4921 lumen
1256 4867 1407 4922 nullo
1456 4869 1618 4923 modo
1658 4872 1867 4941 percipi
1901 4882 1956 4926 et
1996 4888 2148 4928 cont-

554 4959 816 5025 prehendi
872 4974 1035 5029 posse
1099 4960 1418 5016 declaravit.
1456 4960 1603 5019 Deus
1661 4964 1827 5034 igitur
1887 4966 2143 5035 princeps

556 5051 739 5105 lumen
769 5061 876 5118 est,
906 5052 1135 5123 fonsque
1175 5056 1470 5111 luminum.
1515 5054 1771 5111 Secunda
1821 5069 2004 5111 autem
2057 5058 2143 5111 lu-

574 5144 743 5206 n.ina,
798 5145 867 5198 ab
917 5160 983 5199 eo
1014 5147 1197 5202 lumen
1251 5149 1606 5219 accipientis,
1654 5151 1863 5205 caelites
1915 5152 2147 5207 virtutes

560 5243 686 5289 sunt
739 5235 907 5291 Deum
947 5238 1391 5305 circumstantes,
1440 5249 1497 5295 et
1548 5252 1607 5295 ut
1656 5240 1897 5297 Hebraeis
1945 5242 2147 5299 Paulus

553 5330 804 5384 scribens
833 5329 911 5385 ait
945 5348 960 5383 :
1005 5332 1487 5386 Administratorii
1528 5334 1778 5402 spiritus,
1814 5335 1868 5388 in
1914 5337 2149 5390 ministe-

555 5423 693 5474 rium
724 5422 896 5486 missi,
924 5431 1140 5490 propter
1165 5438 1275 5487 eos,
1311 5423 1403 5491 qui
1447 5422 1677 5478 salutem
1710 5426 2020 5479 ltwreditate
2058 5443 2148 5480 ac-

557 5516 763 5584 cepturi
801 5516 1025 5569 sunt".
1068 5515 1134 5569 At
1175 5526 1422 5570 nostrum
1479 5515 1584 5573 hoc
1626 5519 1835 5583 lumen,
1863 5536 1963 5575 nec
1997 5521 2145 5588 prin-

556 5610 721 5678 cipio,
771 5623 871 5662 nec
917 5607 1266 5663 successione
1315 5619 1488 5675 caret,
1519 5617 1579 5665 ut
1623 5612 1890 5678 divinum,
1951 5614 2044 5667 scd
2091 5622 2145 5666 cl.

629 5766 674 5800 "
716 5767 875 5825 Rom.
907 5784 982 5835 Vl,
1008 5767 1063 5823 ι.
1147 5768 1193 5802 ⁸⁷
1226 5765 1392 5829 Hebr.
1429 5784 1468 5838 t,
1506 5768 1595 5825 14.

1674 5769 1719 5801 ⁵³
1761 5768 1957 5827 Grues.
2001 5785 2038 5835 ι,
2074 5770 2109 5824 2
2145 5784 2300 5841 seqq.
2378 5773 2424 5806 "

2236 1922 2551 1977 illustravit.
2596 1922 2852 1993 Aspectui
2903 1932 3088 1978 autem
3133 1923 3417 1993 oculisque
3466 1923 3827 1993 commissum

2235 2026 2292 2070 et
2319 2015 2581 2069 donatum
2615 2027 2720 2071 est.
2754 2014 3038 2086 Siquidem
3071 2026 3301 2085 aspectu
3336 2025 3549 2072 remoto
3575 2015 3739 2071 inane
3765 2031 3834 2071 ac

2241 2122 2713 2178 supervacaneum
2766 2107 2995 2162 luminis
3063 2108 3268 2164 donum
3314 2108 3558 2163 futurum
3607 2116 3713 2163 est.
3762 2106 3834 2161 Id

2236 2198 2377 2270 quod
2412 2199 2502 2252 dat
2544 2201 2765 2262 accipit.
2796 2200 2986 2255 Oculis
3020 2203 3166 2255 enim
3198 2199 3309 2255 vim
3345 2201 3600 2256 cernendi
3652 2201 3834 2264 amirt.

2237 2292 2587 2361 primumque
2617 2291 2687 2345 ab
2719 2291 2896 2346 oculis
2941 2292 3284 2363 conspicitur
3319 2310 3336 2348 :
3369 2292 3835 2362 quemadmodum

2242 2384 2376 2438 Dion
2429 2383 2724 2439 Prusensis
2764 2384 2979 2439 erudite
3021 2384 3264 2454 scripsit.
3310 2383 3499 2455 Neque
3549 2388 3692 2440 enim
3747 2402 3840 2440 res

2238 2476 2417 2530 oculis
2451 2476 2728 2545 subjectas
2763 2474 2980 2531 sublato
3031 2474 3237 2530 lumine
3275 2486 3530 2545 aspectus
3569 2476 3719 2531 solus
3753 2478 3809 2529 in

2238 2579 2443 2637 tuetur,
2471 2571 2564 2625 sed
2596 2570 2780 2625 lumen
2819 2558 3455 2630 oculoscircumlustrat.
3485 2571 3840 2641 primumque

2237 2675 2360 2729 quae
2391 2661 2443 2714 itt
2476 2659 2673 2714 oculos
2706 2641 2964 2725 incurrit,
2999 2673 3066 2714 ac
3099 2659 3299 2714 deinde
3337 2659 3506 2729 ipsius
3540 2675 3703 2728 Opera
3750 2676 3842 2712 res

2238 2767 2456 2823 quoque
2471 2752 2590 2806 aliae
2606 2753 2658 2806 itt
2678 2760 3027 2821 conspectum
3043 2753 3245 2806 cadunt
3271 2752 3673 2806 Circumfusutu
3690 2752 3840 2806 enim

2240 2848 2308 2901 iis
2333 2847 2515 2909 rebus,
2536 2861 2656 2916 qua:
2672 2855 2894 2915 aspectu
2913 2845 3241 2908 sentiuntur,
3263 2844 3564 2902 libertatem
3586 2844 3693 2898 illis
3712 2859 3840 2914 per-

2239 2939 2696 3007 spicuitatemque
2718 2937 2910 3000 donat,
2932 2938 2984 2990 id
3005 2948 3114 2998 est.
3151 2936 3333 3001 cﬂicit,
3355 2948 3409 2990 ut
3430 2945 3725 3007 appareant
3750 2946 3841 2990 ειη

2238 3049 2341 3103 quc
2363 3043 2681 3088 cernantur.
2708 3030 2800 3087 Vel
2846 3032 3009 3086 etiam
3037 3032 3336 3086 libertatem
3373 3030 3550 3095 aﬂ‘ert,
3584 3042 3642 3085 ut
3666 3047 3844 3085 unus-

2238 3126 2470 3195 quisque
2501 3124 2724 3195 proprio
2777 3126 2927 3195 operi
2964 3123 3288 3193 ntuneriquc
3345 3123 3642 3181 incumbat.
3665 3120 3844 3177 Nocte

2234 3221 2321 3272 cui
2335 3236 2381 3269 ιιι
2410 3232 2471 3271 ac
2498 3217 2736 3272 tenebris
2757 3217 3161 3271 dominantibus
3182 3230 3374 3271 omnes
3392 3216 3462 3270 ab
3478 3216 3691 3271 actione
3707 3231 3847 3271 con-

2230 3314 2553 3381 quiescunt,
2592 3325 2689 3364 nec
2730 3309 2918 3377 pedem
2966 3308 3131 3363 domo
3165 3308 3358 3362 t-ﬂ‘erre
3418 3308 3585 3363 libere
3611 3308 3840 3364 audent.

2300 3402 2421 3455 Col.
2454 3404 2561 3456 610
2615 3400 2849 3455 C.Nnm
2897 3416 3018 3454 cum
3064 3398 3215 3455 Deus'
3248 3402 3386 3455 hunc
3428 3415 3495 3455 ea:
3538 3398 3840 3456 visibiltbus

2234 3506 2281 3549 et
2318 3495 2699 3558 inuisibilibus,
2735 3503 2845 3550 etc.
2885 3494 3081 3549 Adhuc
3120 3493 3175 3548 in
3211 3508 3465 3549 sermone
3516 3494 3585 3549 de
3620 3492 3838 3549 lumine

2233 3598 2630 3649 commoratur,
2667 3587 2855 3658 aitque
2892 3603 2906 3640 :
2942 3585 3180 3641 Mundus
3223 3586 3552 3641 intellectilis
3582 3602 3646 3642 ac
3673 3587 3840 3656 spiri-

2234 3682 2398 3736 tttalis
2421 3697 2450 3734 a
2482 3681 2587 3735 Deo
2612 3692 2850 3746 creatus,
2869 3679 3045 3749 ipsum
3076 3678 3267 3745 Deum,
3293 3680 3477 3736 lumen
3506 3682 3808 3737 maximum
3826 3732 3847 3756 ,

2236 3772 2495 3837 habebat,
2552 3786 2619 3827 ac
2664 3773 2894 3842 proinde
2925 3771 3060 3826 nihil
3089 3780 3232 3836 erat,
3265 3788 3363 3826 cur
3391 3775 3692 3828 secundum
3751 3777 3844 3830 lu-

2238 3881 2364 3921 men
2393 3865 2713 3935 requireret.
2740 3865 2820 3920 Ac
2858 3866 3025 3920 rebus
3065 3865 3441 3929 inferioribus,
3472 3876 3527 3922 et
3557 3870 3704 3924 circa
3730 3885 3839 3926 nos

2238 3957 2456 4028 positis,
2500 3964 2628 4012 ante
2667 3957 2774 4011 alia
2823 3957 3046 4012 luminis
3096 3958 3263 4027 hujus
3306 3960 3583 4015 sensibilis
3625 3963 3734 4013 vim
3787 3971 3851 4015 ct

2239 4049 2552 4106 facultatem
2584 4047 2867 4118 produxit.
2896 4034 3269 4106 Conveniebat
3306 4052 3453 4106 enim
3501 4068 3699 4123 magno
3748 4056 3801 4107 lu
3823 4083 3843 4096 -

2238 4141 2398 4207 mini,
2426 4143 2533 4195 hoc
2564 4150 2669 4206 est,
2710 4139 2818 4197 Deo
2841 4183 2857 4208 ,
2893 4141 3152 4196 inferiora
3198 4142 3301 4198 ista
3330 4142 3547 4199 edicere
3596 4147 3845 4215 paranti,

2248 4251 2357 4292 non
2400 4235 2621 4290 aliunde
2657 4235 2860 4306 opificii
2891 4237 2980 4291 sui
3016 4236 3344 4306 principium
3380 4254 3545 4306 quam
3574 4242 3848 4295 alumine

2244 4328 2467 4394 ducere,
2500 4344 2611 4398 quo
2643 4341 2697 4384 et
2732 4327 2987 4383 tenebras
3034 4330 3219 4393 solvit,
3273 4344 3340 4382 ac
3382 4341 3593 4385 vastam
3642 4346 3851 4402 conge-

2245 4422 2381 4476 riem
2430 4433 2484 4476 et
2530 4420 2911 4476 confusionem
2939 4464 2954 4486 ,
2997 4423 3182 4476 omnia
3250 4422 3404 4492 prius
3460 4435 3849 4493 occupantem.

2170 4534 2222 4595 D
2255 4514 2398 4571 Luce
2429 4515 2631 4585 quippe
2677 4516 2919 4569 nondum
2955 4526 3159 4582 creata,
3195 4501 3536 4570 inconditum
3579 4530 3698 4572 erat
3739 4519 3851 4575 hoc

2251 4608 2571 4662 universum
2601 4617 2766 4675 atque
2800 4607 3197 4662 inordinatum.
3222 4607 3481 4664 Ordinem
3508 4619 3691 4664 autem
3721 4621 3853 4680 post

2261 4699 2389 4754 cteli
2448 4709 2501 4753 et
2551 4709 2710 4753 terras
2773 4702 3107 4754 creationem
3174 4700 3356 4755 statim
3410 4701 3853 4758 animadvertere

2249 4805 2420 4859 queas
2451 4807 2467 4844 :
2503 4788 2631 4843 Fiat
2667 4790 2813 4846 enim
2838 4828 2853 4856 ,
2906 4791 3115 4861 inquit,
3164 4793 3582 4861 ﬁrmamentum.
3617 4793 3848 4859 Deinde,

2249 4881 2517 4938 Cerminet
2549 4892 2714 4948 terra,
2740 4891 2797 4938 et
2831 4893 3024 4938 caetera
3080 4886 3269 4940 eodem
3305 4888 3466 4941 modo
3490 4887 3561 4940 ⁵⁸.
3589 4887 3690 4941 Ubi
3748 4905 3853 4940 au-

2253 4982 2359 5029 tem
2389 4974 2627 5044 primum
2676 4974 2940 5044 quiddam
2982 4983 3086 5041 est,
3121 4991 3188 5031 ac
3215 4975 3536 5042 secundum,
3570 4978 3696 5046 quis
3739 4977 3854 5032 illic

2254 5066 2502 5122 ordinem
2529 5081 2655 5121 esse
2704 5066 2919 5122 inficias
2969 5067 3127 5122 iverit
3154 5069 3175 5121 ἳ
3205 5066 3331 5123 llaec
3361 5079 3540 5123 autem
3566 5085 3595 5122 a
3622 5068 3853 5124 Platone

2257 5167 2541 5212 mutuatus
2580 5166 2685 5220 est.
2718 5159 2878 5227 cujus
2922 5158 3038 5215 haec
3080 5162 3241 5237 verba
3279 5171 3411 5217 sunt
3447 5162 3628 5216 :Cum
3678 5163 3848 5222 Deus,

2255 5249 2522 5320 quidquid
2554 5250 2607 5303 iu
2641 5250 2902 5305 cernendi
2924 5265 3145 5305 sensum
3166 5252 3410 5317 caderet,
3436 5254 3847 5322 assutupsisset,

2256 5358 2369 5397 non
2403 5342 2760 5411 tranquillum
2796 5354 2852 5397 et
2883 5346 3153 5413 quietum,
3193 5347 3286 5400 sed
3322 5347 3681 5402 immoderate
3727 5350 3851 5417 agi-

2255 5443 2425 5489 tatum
2450 5444 2502 5490 et
2526 5435 2885 5502 fluctuans,ex
2911 5438 3225 5492 inordinato
3250 5437 3303 5493 in
3327 5440 3573 5497 ordinem
3597 5442 3848 5497 adduxit.

2255 5523 2456 5579 Verum
2479 5524 2716 5581 fortasse
2748 5528 3020 5599 quispiam
3052 5529 3480 5597 addubitaverit,
3512 5550 3634 5590 cunt
3669 5513 3853 5589 Moses

2253 5613 2397 5669 dicat
2426 5632 2440 5667 :
2478 5612 2547 5668 In
2580 5617 2844 5686 principio
2867 5618 3067 5672 creavit
3094 5618 3234 5675 Deus
3263 5624 3448 5677 caelum
3481 5633 3529 5677 et
3557 5633 3755 5677 terram
3776 5624 3849 5703 δ’,

2488 5772 2624 5829 ibid.
2670 5773 2722 5830 Ι.
