4116 6464
375 385 511 454 Ml?

1289 377 1611 440 NlCETAS
1650 375 1729 435 IN
1770 375 1990 435 OllAT.
2032 372 2232 432 XLIII
2275 371 2335 430 S.
2376 368 2602 427 GREG.

3493 360 3630 429 HIS

374 522 437 563 ac
461 513 645 578 postea
679 501 994 570 subjungat:
1025 498 1087 552 Et
1120 498 1256 551 dixit
1284 497 1453 550 Deus:
1478 494 1599 548 Fiat
1625 494 1718 546 tua:
1743 492 1949 561 “,quid
1983 500 2025 553 Α
2064 489 2205 542 Dens
2245 485 2565 558 organicum
2607 498 2634 535 a
2682 483 2953 552 principio
2985 497 3334 555 nequaquam
3370 484 3629 561 ostendit,

375 613 555 653 causa:
598 597 705 661 sit,
762 611 859 651 cur
895 591 1209 662 Tbcologus
1293 591 1460 643 Deum
1521 596 1657 655 Opus
1720 601 1881 639 suum
1925 599 1951 636 a

378 690 583 745 ltnnine
616 687 959 757 auspicatum
992 699 1115 740 esse
1135 684 1304 737 dicat.
1343 679 1498 747 Quod
1529 679 1691 733 etiam
1720 693 1824 731 non
1855 676 1956 729 boc

376 792 586 837 tantum
615 782 737 834 loco
769 779 923 843 dicit,
954 778 1048 834 sed
1086 779 1138 831 in
1165 775 1314 846 poesi
1345 788 1563 844 quoque
1596 786 1717 835 sua,
1759 770 1813 823 in
1849 784 1955 838 qua

288 900 303 911 -
376 872 451 926 ita
478 873 675 927 cecinit
707 889 722 926 :

448 996 719 1067 ITrincipio
747 996 924 1050 lunten
957 1012 1193 1067 summus
1227 996 1529 1051 Moderator
1551 995 1747 1065 olympi

452 1066 623 1139 fecit,
659 1077 714 1119 ut
745 1083 958 1120 accessu
990 1066 1445 1139 Iut‘isAjncundior
1475 1082 1604 1139 esset

412 1144 417 1153 '
450 1138 586 1190 Tota
617 1139 787 1205 operis
822 1139 998 1206 magni
1029 1136 1191 1205 facies
1218 1152 1236 1189 :
1270 1152 1331 1188 ac
1364 1135 1545 1204 postea
1576 1135 1762 1206 malum

445 1204 744 1267 Sidereum,
772 1204 981 1276 {acinus
1012 1204 1272 1270 mirabile,
1305 1206 1455 1259 duxit
1483 1209 1536 1258 in
1568 1204 1765 1258 orbem.

382 1321 446 1373 Et
480 1334 602 1389 quae
631 1328 956 1389 sequuntur.

452 1410 560 1464 Sed
608 1410 797 1465 multis
859 1412 1035 1465 modis
1090 1412 1231 1465 banc
1285 1411 1689 1466 dubitationem
1746 1411 1961 1464 solvere

378 1502 526 1567 licet,
569 1511 736 1572 atque
774 1502 1065 1557 ostendere
1097 1502 1378 1573 ⁸Τιιροιοςςί
1414 1503 1580 1557 verba
1628 1518 1752 1558 cum
1797 1501 1963 1557 Mosis

378 1593 562 1646 verbis
605 1608 950 1663 nequaquam
1003 1610 1269 1664 pugnare.
1325 1595 1567 1648 Primum
1615 1595 1742 1663 quia
1787 1593 1964 1649 Moses

380 1700 601 1754 quoque
660 1685 777 1751 ipse
829 1694 953 1754 post
998 1685 1157 1754 primi
1216 1685 1341 1741 cceli
1396 1686 1726 1740 creationem
1778 1686 1961 1739 lumen

382 1773 616 1839 factum,
648 1773 843 1828 deinde
877 1775 1305 1841 firmamentum,
1341 1775 1396 1829 in
1427 1790 1537 1844 quo
1580 1783 1634 1829 et
1677 1774 1847 1828 solem
1910 1786 1965 1828 et

381 1865 561 1920 sidera
607 1865 870 1919 collocata
911 1879 1033 1921 esse
1082 1867 1299 1923 asserit.
1349 1865 1550 1921 Eodem
1602 1865 1747 1920 enim
1803 1862 1968 1919 modo

384 1954 694 2024 Theologus
734 1971 954 2025 quoque
991 1957 1169 2011 lucem
1203 1958 1439 2027 primum
1482 1955 1758 2011 conditam
1800 1955 1969 2011 fuisse

383 2044 480 2108 ait,
533 2043 731 2099 deinde
780 2048 982 2100 cmium
1047 2045 1148 2100 boc
1210 2045 1385 2100 stellis
1430 2046 1771 2111 distinctum,
1822 2046 1968 2114 quod

383 2137 547 2191 etiam
585 2135 994 2190 firmamentum
1048 2137 1393 2191 nominatum
1433 2146 1536 2202 est,
1565 2153 1629 2191 ac
1662 2140 1837 2206 primo
1868 2138 1971 2191 ltoc

385 2228 528 2283 cmlo
575 2226 805 2282 inferius
843 2236 947 2291 est,
976 2227 1121 2297 quod
1168 2226 1413 2297 profanis
1435 2243 1653 2298 quoque
1690 2228 1972 2297 scriptori-

388 2322 515 2385 bus,
544 2318 714 2374 Mosis
751 2319 1057 2373 doetrinam
1090 2319 1513 2386 suifurantibus,
1548 2336 1611 2373 ac
1643 2319 1748 2373 sibi
1798 2316 1972 2372 vindi—

387 2412 663 2475 cantibus,
700 2411 895 2465 caelum
936 2411 1209 2466 sideribus
1241 2426 1433 2465 carens
1472 2411 1691 2467 dicitur.
1727 2410 1975 2465 Secundo

386 2505 542 2574 juxta
577 2501 823 2573 Gregorii
862 2502 1094 2573 Nysseni
1135 2513 1461 2557 sententiam
1495 2504 1567 2557 ita
1599 2504 1745 2557 hunc
1770 2505 1971 2557 nodum

390 2597 668 2666 explicare
721 2609 1016 2665 possumus
1067 2611 1081 2648 :
1131 2593 1274 2649 Dens
1330 2595 1641 2648 universam
1689 2596 1973 2649 materiam

392 2686 559 2743 simul
600 2685 831 2752 creavit,
878 2700 947 2739 ex
977 2700 1085 2755 qua
1132 2685 1317 2738 omnia
1371 2688 1636 2755 producta
1680 2695 1828 2740 sunt.
1864 2683 1976 2739 Hac

390 2791 557 2847 porro
580 2785 784 2840 creata,
814 2775 985 2844 prima
1032 2775 1145 2834 lux.
1170 2784 1355 2845 utpote
1394 2775 1569 2845 magis
1595 2774 1808 2837 ellieax,
1851 2774 1975 2830 dis-

392 2876 544 2925 creta
595 2876 651 2924 et
700 2875 950 2936 separata
975 2876 1077 2932 est,
1103 2877 1267 2937 atque
1295 2868 1521 2923 exsiliit.
1550 2867 1680 2922 Post
1705 2868 1811 2921 alia
1832 2936 1839 2943 ν
1862 2882 1977 2922 ma-

396 2960 536 3016 teria
572 2960 639 3014 ad
670 2959 795 3015 cteli
838 2958 1195 3023 creationem,
1245 2959 1351 3012 alia
1409 2959 1475 3012 ad
1524 2967 1684 3012 terra:
1727 2970 1974 3012 constru-

398 3056 641 3109 ctionem
683 3066 966 3123 assumpta
1000 3063 1101 3117 est,
1144 3062 1308 3121 atque
1334 3053 1407 3106 ita
1445 3051 1763 3105 universum
1799 3050 1979 3120 perfe-

1998 1837 2042 1890 B

2061 581 2111 633 id
2148 588 2254 641 est,
2285 578 2441 648 quasi
2478 577 2533 630 in
2566 589 2775 644 organo
2820 576 3055 645 quodam
3108 584 3162 630 et
3208 591 3436 645 corpore
3465 576 3636 644 (velut

2060 673 2112 727 in
2156 670 2306 742 vase)
2334 667 2812 736 circumscriptum
2845 679 2897 721 et
2924 667 3273 732 conclusum,
3298 667 3460 737 quale
3488 683 3635 722 nunc

2059 762 2324 828 cernitur,
2360 776 2482 816 cum
2516 759 2649 814 solis
2677 759 2809 813 orbe
2845 760 3176 824 continetur,
3211 774 3397 814 verum
3450 759 3638 815 incar-

2060 869 2286 925 porcum
2316 868 2379 908 ac
2422 852 2557 908 solis
2606 866 2822 921 expers.
2859 850 2996 905 Nam
3023 866 3147 904 cum
3176 852 3422 906 nondum
3470 851 3640 907 solari

2060 951 2193 1004 orbe
2215 947 2693 1016 circumscriptum
2733 953 2899 1008 esset,
2931 945 3311 1013 incorporeum
3341 954 3500 1010 erat;
3531 944 3638 999 hoc

2060 1044 2205 1095 enim
2270 1039 2545 1110 signiﬁcat
2605 1037 2848 1109 ἀνήλιον.
2918 1036 3116 1091 Postea
3172 1037 3350 1106 ipsum
3415 1037 3519 1092 soli
3577 1051 3643 1091 ac

2062 1133 2339 1189 sideribus
2365 1131 2536 1195 dedit,
2572 1128 2678 1186 boc
2715 1140 2822 1196 est,
2874 1129 3260 1201 primigenium
3300 1130 3480 1184 lumen
3529 1130 3641 1183 illis

2069 1222 2431 1276 lnmina‘ribus
2485 1234 2739 1275 summus
2795 1220 3129 1274 architectus
3185 1220 3445 1289 imposuit
3484 1238 3497 1273 :
3531 1235 3641 1274 non

2064 1316 2211 1385 quod
2266 1312 2493 1367 luminis
2539 1313 2768 1368 alterius
2800 1312 2984 1382 inopia
3039 1322 3398 1381 premeretur,
3432 1312 3528 1368 sed
3575 1327 3644 1366 ne

2067 1409 2249 1462 lumen
2311 1405 2443 1460 illud
2496 1406 2646 1461 iners
2692 1419 2757 1460 ac
2813 1405 3089 1474 torpidum
3138 1415 3402 1459 maneret.
3454 1402 3644 1473 Neque

2064 1500 2210 1555 enim
2271 1500 2562 1561 luminare,
2631 1498 2818 1551 lumen
2865 1497 3046 1567 ipsum
3101 1505 3206 1563 est,
3270 1499 3363 1553 sed
3421 1496 3648 1552 luminis

2068 1591 2549 1661 conceptaculum.
2580 1590 2723 1657 Quid
2774 1597 2957 1644 autem
2999 1605 3182 1645 causae
3211 1590 3337 1655 fuit,
3360 1604 3462 1645 cur
3493 1589 3648 1659 prius

2074 1685 2285 1742 lumen.
2330 1681 2534 1739 deinde
2584 1682 2814 1737 luminis
2866 1682 3348 1753 conceptaculum,
3387 1683 3490 1737 hoc
3542 1690 3649 1746 est,

2072 1773 2308 1829 solarem
2365 1773 2554 1828 orbem
2622 1772 2873 1827 crearet?
2941 1771 3210 1826 Nimirum
3274 1781 3331 1826 ut
3393 1787 3651 1842 magnum

2074 1865 2354 1935 quoddam
2393 1872 2448 1918 et
2494 1863 2714 1932 insigne
2752 1863 3080 1917 miraculum
3109 1863 3319 1918 ederet.
3358 1862 3494 1917 Nam
3527 1878 3650 1917 cum

2074 1958 2127 2011 in
2179 1956 2407 2026 reliquis
2455 1956 2725 2010 creaturis
2779 1954 3065 2009 materiam
3114 1956 3265 2023 prius
3314 1954 3656 2010 condidisset

2075 2051 2181 2120 (est
2232 2060 2413 2103 autem
2467 2049 2698 2102 materia
2756 2048 2832 2113 id,
2891 2048 3041 2117 quod
3096 2047 3400 2116 unicuique
3456 2048 3534 2102 rei
3585 2049 3657 2101 ad

2074 2140 2369 2194 essentiam
2429 2139 2699 2207 subjacet,
2752 2139 2905 2193 velut
2962 2148 3200 2205 quatuor
3247 2137 3562 2209 elementa),
3589 2153 3656 2192 ac

2074 2230 2272 2284 deinde
2333 2228 2567 2282 formam
2622 2228 2916 2283 indidisset
2963 2245 2976 2279 :
3029 2227 3119 2282 bic
3177 2240 3357 2283 tamen
3423 2230 3656 2284 formam

2079 2323 2235 2392 prius
2277 2320 2506 2385 creavit,
2561 2320 2665 2372 boc
2698 2330 2804 2381 est,
2859 2320 3043 2372 lumen
3094 2319 3250 2387 (solis
3296 2321 3440 2374 enim
3485 2319 3662 2375 forma

2079 2414 2263 2466 lumen
2319 2419 2435 2474 est,
2498 2411 2583 2465 sol
2637 2422 2818 2463 autem
2846 2409 3071 2464 luminis
3131 2413 3408 2480 materia),
3471 2423 3662 2482 postea

2080 2513 2260 2556 autem
2312 2502 2600 2555 materiam
2635 2501 2867 2565 elﬁnxit,
2912 2502 3016 2556 boc
3066 2515 3170 2567 est,
3208 2506 3390 2560 solare
3436 2521 3662 2576 corpus,

2081 2610 2145 2649 ac
2177 2595 2382 2649 solem.
2403 2593 2508 2649 diei
2542 2604 2822 2663 parentem
2856 2592 3155 2651 fabricatus
3206 2607 3309 2651 est.
3346 2599 3419 2651 Ita
3452 2599 3665 2668 produ-

2080 2699 2167 2744 cto
2208 2688 2420 2743 lumine
2468 2688 2677 2756 primus
2711 2687 2851 2749 dies,
2894 2695 2951 2741 et
2997 2690 3277 2744 secundus
3324 2701 3664 2755 numeratur,

2082 2796 2147 2836 ac
2200 2780 2283 2837 sic
2331 2780 2596 2848 deinceps
2649 2793 2826 2848 usque
2873 2782 2942 2835 ad
2995 2781 3310 2849 septimum,
3371 2798 3481 2853 quo
3520 2784 3665 2840 Deus

2083 2874 2354 2945 requievit
2378 2874 2448 2928 ab
2474 2872 2730 2928 omnibus
2754 2874 3038 2943 operibus.
3071 2889 3193 2944 quae
3218 2875 3441 2943 fecerat,
3473 2892 3667 2946 quem-

2084 2968 2380 3023 admodum
2425 2975 2657 3021 testatur
2713 2964 3021 3036 Scriptura.
3065 2967 3267 3022 Diebus
3313 2969 3462 3023 enim
3505 2969 3668 3039 opili-

2085 3064 2232 3120 cium
2278 3059 2374 3115 Dei
2425 3059 2708 3115 dividitur.
2762 3059 2949 3115 Primo
2989 3060 3190 3115 etenim
3224 3061 3315 3115 lux
3368 3061 3512 3118 facta
3560 3075 3664 3130 est,

324 3188 345 3207 .
399 3158 551 3206 ctum
577 3155 682 3204 est.
723 3147 907 3202 Tertia
939 3146 1274 3202 difﬁcultatis
1312 3145 1512 3200 solutio
1539 3160 1714 3211 eaque
1742 3145 1978 3201 exaetis-
2008 3184 2052 3239 ο
2085 3170 2209 3226 quae
2263 3161 2317 3210 et
2369 3151 2568 3208 ditiusa
2614 3161 2668 3207 et
2724 3153 2956 3207 collecta
3018 3162 3130 3210 tres
3183 3154 3302 3210 dies
3351 3163 3477 3211 ante
3534 3156 3668 3213 solis

404 3241 542 3296 sima
565 3240 679 3295 haec
708 3255 829 3295 esse
860 3241 1052 3310 possit.
1097 3237 1240 3293 lnter
1281 3237 1624 3293 etiectionem
1665 3246 1720 3292 et
1742 3237 1981 3293 fabrica-

404 3337 607 3390 tionem
640 3333 933 3388 discrimen
955 3333 1296 3388 constituunt
1329 3347 1453 3386 cum
1490 3331 1584 3393 alii
1615 3332 1769 3386 multi
1787 3331 1984 3386 eruditi

406 3427 547 3492 viri,
603 3436 713 3480 tum
771 3435 996 3481 sanctus
1054 3433 1108 3478 et
1184 3424 1548 3495 pbil080pbus
1622 3421 1678 3479 et
1738 3423 1984 3496 martyrii

408 3516 569 3570 laude
628 3516 811 3569 clarus
859 3522 915 3568 et
963 3512 1194 3567 celebris
1245 3509 1522 3567 Justinus.
1579 3507 1715 3566 Nam
1771 3509 1986 3571 factor,

413 3608 563 3662 nulla
603 3608 708 3661 alia
741 3621 801 3661 re
833 3603 1120 3675 indigens,
1162 3618 1261 3658 sua
1318 3602 1494 3671 ipsius
1523 3603 1573 3656 vi
1616 3612 1672 3656 et
1722 3610 1990 3670 potestate

413 3715 553 3770 opus
582 3697 768 3753 el'licit.
809 3697 880 3750 At
921 3695 1238 3761 fabricator,
1275 3695 1385 3748 vim
1435 3692 1638 3763 opificii
1675 3693 1760 3747 sui
1797 3709 1830 3748 a
1872 3709 1989 3746 ma-

416 3793 555 3846 teria
600 3791 896 3860 accipiens,
944 3803 1083 3858 opus
1136 3786 1456 3841 fabricatur.
1499 3783 1769 3852 Quoniam
1820 3784 1989 3853 igitur

415 3883 521 3937 hoc
560 3881 716 3951 prius
746 3887 1088 3948 assumptum
1121 3884 1228 3942 est,
1263 3888 1317 3931 et
1344 3893 1442 3947 pro
1469 3886 1620 3931 certo
1643 3889 1708 3930 ac
1731 3873 1990 3930 confesso

412 3974 666 4038 habetur,
694 3971 954 4025 nimirum
986 3969 1249 4025 factorem
1289 3985 1354 4023 ex
1409 3968 1584 4023 nibilo
1619 3966 1817 4031 facere,
1870 3965 1991 4037 opi-

415 4067 569 4122 licem
618 4075 797 4121 autem
829 4080 895 4119 ex
942 4063 1193 4131 subjecta
1245 4061 1497 4127 materia,
1552 4060 1847 4116 videndum
1875 4060 1989 4131 jam

414 4170 579 4231 atque
629 4156 1175 4213 animadvertendum
1237 4164 1429 4221 restat,
1470 4170 1636 4225 quam
1688 4160 1880 4208 exacte
1927 4166 1993 4208 ac

416 4267 545 4308 vere
595 4252 710 4305 haec
768 4247 1081 4318 Theologns
1137 4246 1361 4300 dixerit.
1430 4247 1551 4300 Non
1600 4246 1748 4300 enim
1806 4246 1988 4300 dixit:

414 4343 787 4400 Conveniebat
824 4339 935 4395 Deo
978 4341 1313 4393 creationem
1363 4352 1395 4392 a
1450 4337 1658 4393 lumine
1710 4338 1989 4407 exordiri;

416 4452 544 4493 nam
587 4437 641 4491 id
676 4452 704 4491 a
741 4435 972 4490 veritate
1012 4432 1246 4485 alienum
1283 4430 1519 4499 fuisset;
1557 4432 1652 4487 sed
1685 4434 1987 4502 opificium,

2090 3247 2422 3303 creationem
2456 3244 2621 3311 fecit;
2656 3243 2927 3305 secundo,
3007 3244 3450 3312 firmamentum;
3484 3247 3668 3310 tertio,

2091 3351 2363 3409 aquarum
2393 3337 2667 3401 collectio,
2711 3344 2980 3405 terraeque
3021 3338 3394 3406 germinatio;
3446 3348 3667 3409 quarto,

2091 3430 2415 3495 luminaria;
2471 3429 2686 3498 quinto,
2734 3427 2995 3482 animalia
3046 3444 3112 3484 ex
3160 3430 3320 3499 aquis
3363 3431 3669 3501 producta;

2092 3533 2272 3589 sexto,
2318 3520 2579 3577 animalia
2628 3521 2939 3587 terrestria,
2987 3530 3042 3575 et
3073 3522 3259 3577 homo.
3298 3521 3454 3588 Quod
3485 3534 3671 3579 autem

2092 3617 2209 3670 haec
2238 3628 2403 3685 opera
2442 3628 2511 3668 eo
2538 3612 2737 3668 ordine
2779 3611 3081 3667 constituta
3130 3614 3259 3678 sint,
3310 3623 3373 3667 ut
3422 3615 3570 3669 aliud
3602 3615 3675 3670 sit

2094 3705 2358 3775 primum,
2385 3703 2534 3757 aliud
2560 3703 2884 3769 secundum,
2931 3719 2997 3758 ac
3037 3704 3287 3774 deincps,
3324 3716 3433 3759 nom
3470 3715 3676 3761 temere

2100 3812 2168 3851 ac
2198 3797 2406 3851 frustra
2442 3795 2642 3850 factum
2691 3805 2800 3860 est,
2833 3795 2927 3851 sed
2974 3804 3201 3865 propter
3229 3798 3471 3853 rationes
3500 3811 3673 3867 quas-

2094 3885 2221 3941 dam
2268 3900 2502 3941 arcanas
2551 3892 2607 3939 et
2651 3884 2978 3941 ineffabiles.
3031 3884 3218 3942 Rebus
3273 3888 3422 3941 enim
3472 3890 3676 3946 creatis

2093 3979 2286 4035 Ordine
2313 3992 2452 4047 opus
2483 3986 2621 4033 erat.
2649 3975 2840 4033 Ordini
2868 3990 3033 4045 porro
3061 3976 3351 4034 familiaris
3378 3987 3431 4033 et
3457 3993 3679 4036 accom-

2095 4072 2291 4126 modus
2327 4079 2412 4124 est
2462 4084 2750 4133 numerus,
2801 4077 2862 4123 ut
2904 4066 3061 4121 Philo
3112 4068 3375 4125 Hebraeus
3428 4071 3675 4142 scripsit.

2096 4161 2331 4217 Proinde
2379 4161 2523 4215 baud
2571 4149 2757 4214 subito
2795 4170 2961 4230 atque
2988 4158 3282 4215 confertim
3314 4161 3499 4230 opifex
3545 4161 3679 4218 Ver-

2096 4253 2486 4324 bum,Deique
2537 4253 2732 4315 Filius,
2793 4253 2978 4307 omnia
3036 4252 3091 4306 in
3181 4268 3365 4307 rerum
3424 4262 3676 4310 naturam

2097 4345 2336 4412 extulit,
2383 4345 2510 4401 licet
2556 4343 2765 4414 alioqui
2819 4344 3005 4399 omnia
3065 4344 3245 4399 facere
3300 4346 3512 4415 possit,
3564 4344 3678 4401 nun

2098 4439 2263 4493 modo
2289 4439 2453 4508 jussu
2485 4454 2652 4508 atque
2686 4439 2941 4507 imperio,
2974 4439 3071 4493 sed
3123 4439 3241 4494 sola
3271 4441 3436 4494 etiam
3468 4428 3691 4512 cogita?

417 4531 564 4604 quod
595 4530 813 4602 quidem
845 4542 1036 4582 verum
1091 4535 1195 4580 est.
1241 4522 1453 4580 Caelum
1508 4525 1682 4587 enim,
1719 4536 1774 4580 et
1820 4537 1993 4592 terra,
2029 4536 2074 4594 ι)
2102 4531 2277 4585 tione.
2334 4530 2458 4600 Ipse
2502 4530 2647 4585 enim
2676 4530 2839 4593 dixit,
2875 4540 2926 4583 et
2951 4529 3098 4598 facta
3138 4543 3286 4595 sunt;
3316 4533 3426 4601 ipse
3450 4533 3682 4587 aranda-

419 4635 728 4693 caateraque
765 4621 1057 4682 elementa,
1107 4634 1173 4673 ex
1222 4618 1368 4672 nulla
1409 4617 1638 4672 materia
1671 4619 1996 4689 praeiacente

421 4718 563 4772 facta
599 4724 749 4779 sunt,
779 4713 944 4782 idque
990 4713 1189 4765 creatio
1219 4711 1419 4765 dicitur
1450 4725 1466 4764 :
1495 4720 1549 4765 at
1578 4713 1910 4778 animantes,
1942 4722 1999 4769 et

422 4811 645 4878 stirpes,
694 4816 747 4861 et
801 4805 1009 4861 semina
1040 4819 1105 4858 ex
1142 4804 1226 4858 bis
1274 4801 1415 4857 facta
1461 4813 1611 4867 sunt,
1646 4804 1749 4859 boc
1779 4814 1886 4869 cst,
1926 4820 1993 4860 ex

422 4917 658 4973 quatuor
717 4900 1024 4958 elementis,
1091 4907 1255 4959 terra,
1313 4912 1476 4967 aqua,
1539 4912 1685 4962 aere,
1743 4906 1796 4951 et
1851 4898 1997 4967 igne,

423 5007 587 5064 atque
636 4991 689 5047 id
740 4990 1019 5061 opificium
1070 4991 1403 5044 nominatur.
1458 4988 1643 5058 Itaque
1696 4990 1837 5046 Deus
1889 5006 1997 5044 non

423 5087 783 5148 creationem,
829 5082 922 5138 sed
968 5081 1233 5149 opiﬁcium
1274 5097 1431 5137 suum
1486 5098 1516 5135 a
1566 5083 1771 5137 lumine
1837 5097 1998 5138 orsus

425 5188 527 5234 est.
569 5176 702 5230 Nam
752 5189 877 5230 cum
927 5188 992 5227 cx
1042 5173 1329 5228 elementis
1357 5172 1470 5243 jam
1524 5189 1553 5227 a
1612 5189 1671 5229 se
1712 5175 1997 5243 productis

428 5270 736 5326 animantes
786 5275 840 5321 et
891 5266 1103 5336 plantas
1153 5280 1217 5320 ac
1269 5265 1479 5319 semina
1540 5265 1750 5321 edicere
1796 5267 1994 5333 voluit,

430 5371 543 5415 tum
571 5359 809 5427 primum
843 5356 981 5411 dixit
1014 5375 1027 5410 :
1070 5354 1190 5408 Fiat
1229 5358 1322 5410 tua:
1345 5358 1388 5388 ⁶¹
1432 5375 1447 5411 :
1480 5360 1693 5421 deinde,
1735 5360 2001 5416 Cerminet

433 5459 575 5502 terra
598 5448 643 5478 “
671 5464 686 5503 :
710 5447 777 5501 Et
801 5463 813 5497 :
848 5446 1155 5500 Producant
1175 5462 1327 5516 aqua:
1352 5448 1561 5514 rcptilia
1593 5459 1641 5502 et
1667 5451 1905 5505 volatilia
1932 5454 1999 5506 ⁸³.

436 5542 537 5594 Et:
573 5539 836 5593 Producat
874 5552 1018 5594 terra
1052 5542 1285 5593 animam
1314 5539 1592 5607 virentem,
1616 5543 2001 5610 quadrupedia,

434 5645 480 5685 et
524 5630 754 5697 reptilia,
781 5641 828 5683 et
857 5629 1053 5684 bestias
1076 5632 1142 5686 ⁸⁵.
1183 5633 1361 5700 Atque
1393 5632 1497 5685 hoc
1527 5635 1786 5689 sensibile
1820 5636 2003 5691 lumen

505 5784 549 5815 ⁶⁰
566 5784 701 5839 Gen.
743 5801 783 5852 ι,
809 5787 862 5840 5.
958 5786 998 5817 ⁶¹
1032 5786 1187 5852 ibid.,
1217 5786 1269 5840 5.

752 5882 1002 5939 l’ATnoL
1069 5878 1184 5936 Gn.
1236 5880 1541 5941 CXXVII.

1345 5788 1390 5820 "
1421 5788 1552 5842 ibid.
1592 5790 1679 5844 ll.
1743 5791 1787 5822 ⁸³
1809 5790 1941 5846 ibid.
1972 5790 2060 5843 20.

2104 4624 2199 4687 vit,
2224 4629 2274 4676 et
2306 4632 2485 4676 creata
2524 4634 2647 4676 sunt
2666 4622 2990 4687 ""“.-Quid
3016 4632 3198 4678 autem
3232 4624 3357 4679 dico
3386 4640 3407 4680 :
3437 4625 3608 4692 Dixit,
3633 4636 3686 4680 et

2107 4714 2255 4785 facta
2296 4722 2441 4775 sunt,
2475 4727 2599 4767 cum
2624 4712 2887 4779 eugitatio
2915 4712 3031 4766 sola
3064 4715 3365 4780 perfectum
3403 4730 3542 4785 opus
3573 4717 3683 4772 Deo

2109 4805 2272 4859 sistat
2332 4818 2396 4857 ac
2472 4804 2864 4872 repraesentet?
2904 4802 3109 4856 llormn
3156 4814 3337 4859 autem
3390 4809 3683 4864 verborum

2109 4895 2436 4952 sententiam
2463 4894 2773 4963 Tbeologus
2796 4911 2822 4946 a
2854 4895 2994 4949 libro
3027 4894 3214 4951 Judith
3247 4901 3483 4968 accepit,
3513 4901 3679 4956 Deum

2110 4988 2195 5042 bis
2241 4988 2423 5042 verbis
2477 4986 2807 5055 alloquentis
2841 5004 2856 5039 :
2894 4986 3178 5055 Cogitasti,
3224 5005 3286 5042 ac
3328 5001 3524 5058 ναι-ωηο
3566 4992 3685 5062 fue-

2108 5087 2230 5133 runt
2259 5080 2355 5132 tibi
2397 5081 2600 5145 ontnia,
2649 5093 2766 5146 qua:
2807 5079 2979 5147 fecisti
3008 5078 3074 5131 ⁸⁷.
3109 5079 3265 5144 Quod
3298 5083 3345 5136 si
3379 5093 3687 5151 postremus

2109 5172 2274 5226 homo
2319 5175 2501 5229 editus
2551 5182 2673 5236 est,
2735 5174 2895 5242 idque
2943 5188 3071 5227 cum
3131 5175 3195 5229 ad
3248 5175 3540 5246 imaginem
3593 5177 3687 5231 Dei

2106 5265 2317 5330 factus,
2372 5282 2650 5336 manuque
2696 5266 2879 5319 divina
2934 5263 3145 5321 ellictus
3202 5267 3409 5333 fuerit,
3461 5269 3690 5324 minime

2104 5359 2412 5414 mirandum
2456 5370 2562 5415 est.
2607 5359 2743 5414 Nam
2788 5375 2912 5414 eum
2955 5374 3149 5415 eorum
3200 5377 3324 5428 qute
3362 5373 3521 5417 terra:
3573 5377 3691 5416 am-

2105 5453 2264 5522 plexu
2294 5452 2670 5517 continentur,
2704 5469 2934 5523 regnum
2964 5469 3029 5510 ac
3069 5454 3433 5523 principatum
3468 5454 3691 5508 habitu-

2108 5560 2201 5600 rus
2234 5551 2402 5608 esset,
2462 5545 2846 5599 adornandum
2897 5546 3054 5615 prius
3105 5555 3224 5599 erat
3282 5546 3565 5614 palatium,
3637 5555 3692 5600 ct

2106 5638 2412 5692 animantia
2435 5651 2499 5695 ea
2528 5635 2731 5706 quibus
2760 5652 3002 5703 praeesse
3040 5637 3292 5705 debebat,
3324 5637 3690 5707 procreanda,

2136 5792 2180 5823 “
2210 5790 2342 5845 ibid.
2367 5789 2459 5845 24.
2506 5791 2628 5825 θΜο
2651 5789 2795 5846 Psal.
2826 5804 3052 5859 curm,
3088 5792 3142 5847 5.
3223 5794 3268 5826 ⁸⁷
3291 5793 3497 5847 .lnditb.
3530 5808 3606 5858 ix,
3638 5794 3691 5866 4,

3260 5882 3336 5942 45
