4116 6432
489 283 625 351 1419

1902 276 2278 337 ΛΒΒΕΝΒΛ.

3601 274 3741 337 1420

487 399 676 467 sicque
708 394 931 450 demum
970 392 1109 464 ipse,
1141 392 1397 449 omnibus
1431 392 1542 462 jam
1573 390 1690 446 suis
1731 389 2061 443 satillitihus
2093 393 2137 451 Α
2169 387 2370 442 festum
2422 398 2473 442 ct
2523 388 2997 443 commemoratio.
3036 388 3213 458 Atque
3260 386 3396 443 adeo
3427 387 3603 456 prima
3648 391 3738 445 illa

486 490 748 558 stipatus,
787 483 1217 542 introduceudus
1257 492 1397 551 erat,
1446 491 1503 537 ut
1547 480 1814 536 mundum
1849 482 2056 551 ingrcs-

476 597 605 646 ‘sus,
629 586 949 650 paupertate
970 585 1135 648 atque
1164 575 1347 645 inopia
1376 575 1599 630 minime
1629 574 1930 639 laboraret,
1963 572 2058 627 sed

487 672 694 727 divitiis
725 670 905 725 statim
938 676 994 723 et
1023 668 1196 737 copiis
1222 668 1490 722 alllueret.
1718 715 1775 748 ᾖ

556 761 678 816 Col.
706 760 803 815 GH
840 759 899 812 B.
945 758 1100 824 Quod
1134 760 1200 823 si,
1236 759 1375 827 quod
1418 773 1650 823 eramus,
1679 759 2060 829 permansisse-

489 870 629 918 mns,
657 860 764 905 etc.
786 850 997 916 Homo,
1032 866 1132 905 nec
1161 861 1284 905 actu
1310 850 1581 913 mortalis,
1613 865 1711 904 nec
1736 850 2059 906 immortalis

416 1010 417 1013 η
484 953 701 1001 creatus
723 954 826 1009 est,
860 958 1049 998 verum
1085 942 1296 997 medius
1324 943 1467 997 inter
1493 940 1659 997 Deum
1692 951 1747 997 et
1776 943 2057 996 materiam

478 1039 689 1101 factus,
745 1037 798 1091 iu
855 1051 917 1090 ea
963 1050 1130 1090 causa
1174 1044 1314 1097 erat,
1359 1043 1417 1088 ut
1463 1034 1508 1089 si
1563 1043 1835 1105 prarcepto
1873 1033 2058 1088 dirino

488 1129 785 1199 paruisset,
818 1125 929 1181 Deo
959 1126 1232 1187 uniretur,
1284 1133 1449 1193 atque
1490 1122 1546 1177 in
1589 1123 2057 1177 immortalitatem

485 1232 823 1277 assereretur
858 1234 873 1273 :
910 1219 957 1272 si
1020 1224 1202 1271 autem
1265 1216 1436 1284 legem
1493 1214 1841 1284 inl'rcgisset,
1895 1215 2057 1269 morti

466 1312 763 1367 obnoxius
795 1309 1123 1371 elﬁccretur,
1166 1320 1233 1360 ac
1262 1320 1359 1373 pro
1396 1305 1717 1375 impassibili
1759 1303 2055 1374 passibilis,

486 1418 586 1473 pro
611 1400 905 1456 immortali
941 1396 1188 1451 mortalis
1220 1395 1391 1449 ﬁeret.
1427 1394 1584 1461 Quod
1613 1396 1774 1450 etiam
1808 1397 1909 1449 hoc
1936 1396 2059 1449 loco

487 1494 799 1563 Theologus
858 1490 1085 1553 indicat,
1147 1503 1270 1543 cum
1319 1486 1394 1541 ait
1436 1503 1450 1539 :
1500 1486 1558 1541 Si
1618 1487 1765 1556 quod
1813 1501 2055 1550 eramus,

483 1585 978 1655 permansissemus
998 1618 1013 1643 ,
1043 1579 1148 1633 hoc
1182 1586 1265 1632 est
1322 1577 1466 1646 puri,
1507 1576 1802 1631 luisscmtts
1831 1575 1882 1631 id
1912 1577 2056 1646 quod

483 1692 592 1731 non
644 1688 890 1733 eramus.
959 1672 1063 1725 hoc
1120 1677 1204 1723 est
1267 1668 1625 1733 immortales,
1681 1668 1942 1721 nimirum
1989 1668 2056 1723 ad

483 1766 811 1823 immortalis
858 1765 982 1818 vita:
1020 1762 1251 1833 lignum,
1290 1760 1568 1830 praeterito
1599 1761 1843 1815 scientiae
1889 1762 2055 1831 ligno,

484 1861 834 1915 accedentes.
885 1856 1146 1923 Qutenam
1196 1862 1379 1907 autem
1432 1852 1630 1922 plantae
1664 1854 1783 1909 ista:
1830 1852 2055 1917 fuerint,

483 1953 618 2008 satis
658 1951 879 2021 copiose
923 1949 978 2003 in
1019 1945 1317 2016 superioris
1345 1944 1613 2001 orationis
1658 1946 2057 2001 commentario

482 2061 513 2101 a
543 2044 700 2099 nobis
735 2042 1063 2113 explicatum
1104 2051 1208 2096 est.
1255 2036 1556 2109 Postquam
1598 2049 1779 2095 autem
1814 2040 1969 2110 juxta
2002 2039 2055 2093 id

464 2138 627 2208 quod
672 2138 727 2191 in
763 2136 906 2191 libro
946 2136 1243 2206 Sapientiae
1278 2135 1513 2189 habetur
1543 2151 1557 2187 :
1588 2132 1805 2188 Invidia
1850 2131 2055 2186 diaboli

462 2248 620 2286 utter:
652 2232 707 2286 in
738 2231 993 2285 mundum
1023 2231 1243 2285 intravit
1268 2230 1338 2294 “,
1370 2243 1435 2283 ac
1475 2242 1571 2298 per
1598 2227 1844 2282 fraudem
1875 2226 2054 2281 homi-

462 2340 602 2379 'llelll
657 2324 961 2393 surripuit,
1019 2322 1225 2377 idcirco
1290 2322 1435 2376 Deus
1502 2320 1665 2374 homo
1715 2317 1810 2380 lit.
1881 2332 2056 2387 eoque

464 2416 822 2486 paupertatis
860 2414 1030 2479 venit,
1059 2422 1119 2468 ut
1152 2414 1205 2468 in
1230 2428 1451 2469 carnem
1477 2412 1861 2483 compingatur
1891 2420 2057 2481 atque

448 2516 812 2568 elcrassescat.
845 2514 906 2562 ut
944 2521 1065 2570 nos,
1112 2507 1269 2575 juxta
1308 2505 1631 2575 Apostolum
1660 2505 1725 2569 ”,
1760 2504 1880 2575 ejus
1918 2517 2054 2573 pau-

477 2605 691 2669 pertate
745 2598 1102 2652 ditescamus.
1159 2598 1237 2651 Ac
1295 2597 1544 2666 patitur,
1609 2610 1716 2650 non
1778 2605 2055 2665 quatenus

465 2688 649 2752 'Deus,
675 2688 769 2743 sed
799 2698 984 2744 nostra
1011 2690 1302 2758 passione;
1338 2688 1391 2743 id
1419 2698 1525 2752 est,
1558 2697 1832 2757 quatenus
1861 2689 2049 2744 homo.

478 2779 737 2836 Nostrum
765 2781 912 2835 enim
939 2789 1025 2836 est
1063 2789 1229 2850 atque
1254 2780 1555 2836 humanum
1595 2781 1675 2836 sic
1708 2784 1838 2851 pati.
1880 2780 2053 2836 Porro

454 2870 943 2940 quemadmodum
979 2871 1048 2925 ab
1094 2870 1475 2925 incarnatione
1513 2873 1718 2939 passio,
1762 2871 1835 2925 ita
1867 2885 1897 2925 a
1929 2886 2053 2941 pas-

478 2965 635 3020 sione
673 2977 821 3018 mors
865 2961 1020 3018 ﬂuxit
1055 2981 1069 3017 :
1106 2970 1222 3017 tum
1273 2962 1630 3025 resurrectio,
1669 2975 1701 3016 a
1748 2976 1857 3032 qua
1909 2976 2052 3015 nova

2164 478 2447 535 Dominica
2482 483 2630 536 velut
2654 480 3076 535 interliminium
3107 480 3383 551 quoddam
3415 490 3497 536 est
3528 480 3738 538 funeris

2163 591 2226 630 ac
2267 576 2580 646 scpulturm,
2618 590 2741 645 quae
2794 575 2846 628 in
2896 589 3095 641 magno
3134 572 3375 628 Sabbato
3406 575 3738 644 celebratur,

2162 674 2217 719 et
2252 665 2696 730 resurrectionis,
2745 681 2866 735 qua:
2893 665 3082 720 eadem
3115 664 3231 734 ipsa
3268 663 3555 721 Dominica
3599 684 3737 722 con-

2164 757 2304 827 tigit,
2353 758 2652 827 sepultura:
2689 758 2907 827 quidem
2943 757 3129 823 linem,
3168 759 3588 814 resurrectionis
3632 778 3735 814 au-

2162 858 2270 903 tem
2299 848 2631 919 principium
2681 849 2907 903 habens.
2944 848 3022 902 Ac
3056 849 3307 917 proinde,
3361 859 3421 904 ut
3469 852 3519 903 in
3557 853 3738 907 medio

2160 942 2360 1013 posita,
2406 941 2684 997 mmstitia:
2717 956 2782 995 ac
2810 940 3104 1010 voluptatis
3160 941 3416 1011 utrinque
3467 944 3735 1014 particeps

2163 1045 2249 1089 est
2284 1051 2299 1089 :
2336 1049 2399 1089 ac
2437 1034 2553 1088 ha:c
2601 1047 2742 1087 nova
2785 1032 3070 1087 Dominica
3127 1048 3233 1086 non
3272 1034 3384 1100 jam
3436 1034 3732 1090 conﬁnium

2160 1134 2263 1192 est,
2324 1134 2384 1180 ut
2435 1126 2590 1181 triste
2649 1123 2856 1194 aliquid
2917 1140 3102 1180 secum
3159 1123 3373 1192 aﬂerat,
3423 1127 3518 1181 sed
3574 1127 3734 1196 plane

2162 1218 2599 1288 regenerationis
2641 1225 2695 1271 ct
2730 1217 3160 1273 resurrectionis
3212 1228 3318 1281 est,
3372 1228 3430 1273 ut
3467 1222 3735 1288 quemad-

2162 1309 2384 1364 modum
2425 1309 2600 1379 printa
2654 1308 2864 1366 creatio
2915 1324 2947 1363 a
2984 1309 3267 1364 Dominico
3314 1310 3401 1365 die
3455 1313 3620 1381 coepit
3657 1313 3733 1374 (id

2163 1408 2346 1455 autem
2381 1414 2448 1453 ex
2483 1414 2551 1453 eo
2584 1399 2951 1469 liquidissime
2979 1408 3215 1465 constat,
3256 1400 3400 1471 quod
3440 1403 3494 1456 in
3546 1403 3736 1458 mundi

2162 1491 2438 1547 creatione
2468 1505 2498 1545 a
2535 1490 2823 1545 Dominico
2862 1491 2951 1546 die
2985 1494 3252 1562 septimus
3288 1493 3404 1548 dies
3438 1494 3733 1549 Sahbatum

2163 1591 2507 1646 numeratur,
2533 1596 2644 1652 quo
2678 1583 2820 1639 Deus
2853 1583 2920 1637 ab
2937 1584 3194 1653 operibus
3225 1584 3343 1642 suis
3372 1588 3736 1657 conquievit),

2162 1674 2244 1728 sic
2278 1675 2440 1727 ctiam
2466 1674 2706 1729 secunda
2741 1676 2945 1729 creatio
2974 1674 3042 1729 ab
3064 1676 3255 1731 eodem
3289 1677 3378 1731 die
3406 1677 3733 1747 principium

2159 1764 2412 1834 accipiat.
2462 1764 2640 1835 Atque
2689 1764 2822 1821 illud
2853 1767 3015 1820 etiam
3049 1767 3145 1821 tibi
3189 1767 3733 1824 animadvertendum

2159 1862 2265 1916 est,
2310 1869 2506 1909 novam
2563 1854 2704 1909 hanc
2757 1854 3123 1921 Dominicam,
3164 1863 3529 1927 praeterquam
3584 1861 3729 1928 quod

2158 1945 2380 2000 easdem
2411 1947 2802 2016 prmrogativas
2843 1946 3030 2009 habet,
3062 1962 3200 2016 quas
3225 1949 3405 2017 prima
3426 1949 3736 2011 Dominica,

2159 2034 2268 2088 alia
2315 2034 2602 2105 privilegia
2650 2035 2874 2105 insuper
2920 2036 3142 2103 habere,
3178 2038 3381 2107 quibus
3426 2038 3518 2093 illa
3563 2050 3737 2094 caret.

2156 2121 2292 2178 Nam
2324 2131 2384 2179 ut
2415 2124 2504 2179 illa
2542 2124 2743 2194 prioris
2773 2125 3076 2180 creatinnis
3108 2127 3287 2195 prima
3335 2118 3466 2182 est:
3504 2127 3576 2181 ita
3620 2128 3736 2182 lucc

2157 2229 2376 2283 quoque
2418 2216 2694 2280 secundm,
2724 2215 2829 2269 hoc
2876 2224 2980 2277 est,
3040 2230 3211 2269 novai.
3247 2215 3328 2269 Ad
3366 2218 3478 2271 haec
3517 2231 3739 2286 queque

2158 2307 2332 2375 prima
2369 2315 2453 2361 est
2497 2320 2709 2368 earum,
2752 2321 2873 2376 qua:
2903 2317 3092 2376 postea
3141 2316 3472 2378 sequuntur.
3510 2307 3590 2362 Ad
3635 2308 3740 2361 hoc

2156 2396 2419 2451 eximium
2454 2398 2612 2453 habet
2660 2412 2798 2452 nova
2833 2397 3138 2463 Dominica,
3169 2400 3312 2469 quod
3344 2399 3507 2453 etiam
3546 2408 3739 2454 octava

2157 2489 2273 2545 dies
2316 2497 2401 2545 est
2432 2492 2501 2543 ab
2548 2488 2613 2545 iis
2670 2504 2793 2560 qua:
2823 2505 2943 2545 eam
2993 2499 3416 2561 praecesserunt.
3453 2488 3637 2556 Quare
3689 2491 3736 2544 si

2155 2584 2281 2657 quis
2312 2598 2507 2638 novam
2540 2581 2881 2637 Dominicam
2910 2597 3034 2636 cum
3065 2580 3505 2636 Resurrertiouis
3545 2580 3733 2635 Domi—

2158 2678 2279 2732 nica
2318 2674 2568 2731 conferre
2600 2672 2857 2737 voluerit,
2898 2672 3275 2727 sublimiorem
3305 2672 3440 2728 hanc
3472 2680 3523 2727 et
3559 2687 3588 2726 a
3614 2673 3737 2725 lmi-

2157 2767 2464 2821 rahiliorem
2497 2780 2620 2821 esse
2651 2765 2963 2827 aﬂirmabit,
2998 2775 3055 2818 ut
3081 2780 3202 2835 qua:
3228 2765 3525 2835 spiritualis
3560 2777 3739 2821 mate-

2157 2858 2362 2929 riaeque
2412 2856 2653 2925 expertis
2708 2856 3001 2911 Dominica:
3058 2856 3217 2926 quasi
3273 2856 3593 2926 pratludium
3643 2857 3739 2920 sit,

2157 2952 2439 3019 beataaque
2473 2948 2593 3002 vita:
2631 2946 2907 3016 primititn,
2942 2953 3043 3003 hoc
3074 2956 3179 3016 est,
3212 2946 3468 3003 secundae
3500 2949 3737 3002 creatio-

476 3062 770 3116 creatura,
825 3051 876 3106 id
913 3061 1018 3118 est,
1066 3060 1275 3106 natura:
1323 3058 1524 3106 nostra:
1576 3052 1846 3105 recreatio
1892 3059 2054 3119 atque
2082 3061 2128 3120 ο
2161 3041 2265 3104 nis,
2315 3056 2439 3110 quae
2484 3042 2944 3096 resurrectionem
2992 3052 3382 3109 consequetur,
3439 3040 3521 3095 vel
3581 3054 3736 3093 nova:

458 3142 829 3204 instauratio,
863 3142 1052 3211 prima:
1085 3140 1457 3211 generationis
1493 3140 1707 3210 lapsum
1739 3155 1804 3195 ac
1831 3140 2050 3195 confra-

472 3229 720 3285 ctionem
746 3244 951 3285 sanans
981 3238 1035 3284 et
1060 3230 1298 3299 erigens.
1332 3228 1512 3298 Atque
1551 3229 1624 3284 ob
1652 3227 1796 3283 hanc
1828 3243 2051 3283 causam

462 3329 607 3392 post
660 3320 858 3376 lestum
906 3318 1134 3375 Pascha:
1178 3318 1380 3375 festum
1424 3319 1810 3374 Encaeniorum
1861 3334 2054 3376 omnes

476 3413 819 3470 celebramus
848 3425 865 3465 :
896 3425 962 3466 ac
1006 3426 1201 3467 rursus
1240 3425 1342 3482 ego
1363 3410 1776 3467 declamaturus
1817 3411 2049 3481 prodeo,

460 3504 862 3559 .Encazniorum
899 3503 1064 3558 modo
1091 3510 1147 3559 et
1188 3502 1418 3572 ratione,
1465 3500 1660 3559 salutis
1692 3517 1825 3560 mea:
1850 3502 2049 3560 festum

464 3608 664 3664 agens.

552 3682 687 3738 Ibid.
726 3681 791 3739 C.
833 3681 975 3749 Quid
1005 3683 1188 3753 igitur,
1216 3683 1414 3739 disserit
1446 3684 1733 3755 quispiam,
1773 3693 1881 3742 etc.
1913 3687 2049 3743 Lum

474 3774 817 3830 Dominicam
873 3776 1015 3831 hanc
1055 3774 1369 3831 Encatnium
1411 3789 1679 3844 vocasset,
1729 3794 1825 3848 per
1863 3779 2055 3850 anthy-

461 3868 781 3939 pophoram
828 3868 1141 3939 quempiam
1192 3870 1401 3926 inducit
1441 3872 1813 3927 sciscitantem
1861 3870 2050 3938 :Quid

477 3961 598 4017 ais?
631 3961 716 4016 An
751 3960 1033 4017 Dominica
1058 3963 1233 4033 prima
1266 3961 1581 4019 Encsenium
1622 3980 1730 4018 non
1765 3976 1903 4031 erat,
1935 3966 2048 4031 illa,

478 4053 724 4123 inquam,
787 4068 909 4123 qua
961 4057 1140 4125 magni
1195 4054 1418 4110 Sabbati
1478 4067 1731 4121 noctem,
1790 4057 2050 4128 illamque

477 4144 746 4196 luminum
792 4145 1172 4214 gestationem,
1206 4157 1330 4211 quae
1365 4151 1476 4197 tum
1526 4144 1853 4210 celebratur,
1882 4159 2047 4198 esce-

478 4233 593 4303 pit?
632 4231 775 4299 Quid
812 4232 979 4302 igitur
1014 4231 1104 4288 hic
1143 4231 1397 4287 secunda:
1428 4232 1730 4289 Dominica:
1770 4232 2050 4288 Encmnio-

476 4341 599 4379 rum
634 4338 831 4379 nomen
862 4324 1106 4379 tribuis?
1159 4323 1313 4381 Hanc
1338 4324 1703 4395 objectiouetu
1750 4327 1824 4381 ita
1863 4327 2045 4391 solt-it,

2155 3132 2591 3187 conversationis
2647 3132 2990 3202 rationisque
3040 3133 3185 3195 vita',
3244 3145 3367 3199 qua:
3418 3129 3475 3184 in
3538 3139 3737 3185 octavo

2156 3221 2406 3291 nullique
2453 3223 2794 3279 successioni
2849 3221 3093 3277 obnoxio
3141 3223 3344 3276 saeculo
3395 3220 3577 3276 futura
3618 3234 3729 3277 est.

2162 3311 2282 3369 Hoc
2311 3315 2434 3370 loco
2476 3313 2721 3369 nonnulli
2750 3313 3116 3383 objectionem
3164 3322 3407 3394 moycnt,
3438 3314 3678 3369 dicentes
3713 3330 3729 3367 :

2153 3403 2299 3472 Quid
2352 3404 2571 3460 tandem
2610 3402 2945 3477 Tlteologus,
2984 3420 3109 3459 cum
3154 3402 3596 3459 Resurrectionis
3629 3402 3734 3456 Do-

2154 3497 2414 3553 minicam
2463 3495 2618 3551 festis
2669 3496 2925 3552 omnibus
2978 3495 3317 3566 superiorem
3353 3509 3473 3550 esse
3507 3495 3733 3559 dixerit,

2156 3604 2301 3643 nunc
2341 3603 2536 3645 rursus
2569 3587 2675 3645 diei
2707 3587 3145 3643 llesurrectionis
3174 3584 3552 3642 Encasniorum
3584 3585 3726 3640 diem

2158 3683 2469 3753 anteponit,
2528 3698 2593 3737 ac
2643 3683 3050 3753 quodammodo
3110 3697 3298 3738 secum
3347 3683 3592 3753 pugnat?
3646 3683 3729 3736 Ad

2156 3774 2321 3844 hujus
2361 3774 2688 3844 objectionis
2718 3775 3045 3829 solutionem
3092 3789 3158 3829 ea
3186 3774 3381 3829 all‘erre
3415 3774 3564 3838 licet,
3606 3788 3730 3844 qua:

2154 3869 2207 3923 in
2237 3873 2338 3923 hac
2370 3868 2559 3922 eadem
2592 3867 2841 3922 oratione
2869 3867 3028 3936 paulo
3053 3867 3284 3923 inferius
3311 3869 3389 3923 ait
3417 3885 3432 3923 :
3462 3865 3573 3923 Nec
3600 3881 3732 3922 vero

2156 3962 2269 4014 haec
2298 3976 2365 4013 eo
2395 3975 2423 4012 a
2452 3974 2536 4011 me
2564 3958 2843 4025 dicuntur,
2869 3959 3014 4028 quod
3049 3971 3099 4015 te
3125 3962 3314 4016 eodem
3348 3975 3564 4030 semper
3583 3969 3725 4015 statu

2157 4065 2377 4107 manere
2418 4050 2605 4114 velim,
2656 4050 2750 4105 sed
2787 4062 2846 4105 ut
2878 4061 3139 4122 perpetuo
3183 4060 3237 4106 et
3281 4051 3536 4106 laudabili
3578 4063 3727 4107 metu

2154 4143 2400 4217 agiteris,
2449 4156 2513 4197 ac
2564 4156 2702 4197 nova
2754 4143 2980 4198 omnino
3018 4152 3268 4199 creatura
3316 4144 3415 4199 sis.
3454 4142 3731 4208 Quemad—

2153 4237 2374 4291 modum
2409 4237 2573 4307 igitur
2599 4249 2725 4290 eum
2763 4234 2857 4303 qui
2885 4234 3204 4301 innovatur,
3238 4233 3419 4302 scipso
3441 4234 3729 4288 sublimio-

2154 4342 2268 4382 rem
2305 4339 2358 4384 et
2385 4328 2713 4383 diviniorcm
2750 4326 2864 4380 ﬁeri
2901 4325 3281 4395 perspicimus,
3310 4326 3530 4380 virtutis
3568 4326 3732 4380 nimi-

477 4416 623 4485 quod
664 4416 756 4470 illa
792 4416 1236 4472 Resurrectionis
1267 4417 1546 4472 Dominica
1591 4418 1874 4473 salutifera
1919 4420 2043 4473 erit.
2085 4403 2127 4457 ί)
2157 4435 2275 4473 rum
2329 4419 2711 4490 progressibus
2761 4429 2812 4471 et
2872 4416 3222 4472 incrementis
3288 4414 3676 4485 fulgescentcm
3712 4434 3728 4472 :

476 4507 533 4560 lu
568 4507 681 4575 ipsa
733 4506 880 4559 enim
920 4506 1152 4560 salutem
1202 4510 1486 4563 consecuti
1517 4524 1731 4571 sumus,
1786 4510 2043 4563 nimirum

471 4597 592 4665 ejus
629 4596 889 4653 beneﬁcio
942 4613 1004 4651 ex
1049 4606 1222 4653 morte
1266 4608 1321 4654 et
1363 4601 1718 4669 corruptione
1761 4600 1831 4653 ad
1874 4602 2041 4655 vitam

471 4689 837 4744 immortalem
909 4699 963 4745 et
1020 4690 1483 4758 incorruptionem
1528 4700 1786 4765 aeternam
1844 4692 2043 4746 immu-

475 4779 571 4835 tati
609 4797 622 4833 :
660 4781 772 4832 haec
815 4788 998 4834 autem
1031 4793 1171 4833 nova
1211 4778 1519 4842 Dominica,
1553 4779 1735 4835 natale
1784 4791 1873 4835 est
1922 4783 2073 4842 illius

471 4879 527 4926 et
549 4869 1023 4924 commemoratio.
1066 4869 1165 4923 llla
1198 4871 1343 4925 enim
1371 4871 1707 4924 resurrectio
1737 4884 1875 4940 crat,
1928 4874 2043 4931 haec

476 4972 662 5015 autem
715 4958 1139 5014 resurrectionis
1187 4958 1334 5012 illius
1384 4959 1581 5013 l'cstunt
1615 4971 1671 5015 et
1702 4960 2039 5018 Encaanium.

480 5049 543 5104 Et
575 5048 1037 5119 quemadmodum
1072 5047 1307 5103 natalitii
1342 5048 1484 5114 dies,
1507 5064 1631 5105 cum
1672 5051 2037 5117 celebrantur,

472 5155 664 5196 eorum
710 5141 803 5210 qui
838 5140 1135 5210 gignuntur
1209 5142 1780 5199 commemorationem
1817 5145 2036 5209 habent,

469 5247 654 5287 annuo
676 5231 929 5288 videlicet
956 5231 1168 5287 circulo
1195 5235 1591 5300 procreationis
1624 5237 1864 5307 ipsorum
1891 5239 2036 5294 diem

467 5323 759 5376 revehente
790 5339 805 5375 :
832 5320 913 5377 sic
961 5320 1128 5375 etiam
1181 5335 1319 5375 nova
1354 5322 1467 5379 haec
1508 5325 1812 5392 Dominica,
1871 5346 2034 5399 quam

466 5413 810 5481 septenarius
842 5411 1057 5466 dierum
1098 5410 1365 5468 circuitus
1402 5412 1583 5483 elIicit,
1615 5417 1733 5473 sive
1777 5422 2036 5487 restituit,

467 5505 654 5573 prima:
706 5501 1002 5558 Dominicae
1055 5502 1236 5558 natale
1278 5504 1499 5572 dicitur,
1557 5509 1704 5578 quod
1767 5511 1917 5566 illius
1967 5516 2038 5569 sit

528 5661 730 5732 “sap.
764 5675 824 5729 lt,
854 5664 946 5718 24.
1024 5663 1067 5696 ⁶⁹
1092 5661 1134 5718 ll
1167 5661 1293 5721 Cor.
1328 5680 1449 5734 Vm,
1491 5665 1544 5721 9.

2153 4513 2234 4567 sic
2260 4511 2421 4567 etiam
2456 4524 2650 4565 omnes
2679 4517 2867 4563 nostra
2901 4523 3064 4562 causa
3097 4508 3435 4578 excogitatas
3455 4510 3732 4562 solemnes

2151 4605 2268 4659 dies
2308 4604 2504 4672 seipsis
2552 4601 2902 4656 sublimiores
2937 4600 2992 4653 in
3037 4596 3198 4653 nobis
3226 4597 3342 4652 ﬁeri
3387 4598 3727 4654 credendqu

2153 4705 2259 4760 cst,
2295 4709 2418 4750 cum
2448 4692 2794 4763 mysterium,
2820 4690 2962 4760 quod
3003 4705 3098 4759 per
3128 4704 3221 4744 eos
3251 4690 3589 4759 designatur,
3613 4691 3725 4744 vim

2150 4798 2385 4842 suamet
2420 4784 2730 4839 facultatem
2770 4782 3015 4835 numeris
3040 4781 3301 4835 erunibus
3330 4781 3633 4836 absolutam
3670 4782 3725 4836 in

2157 4878 2319 4933 nobis
2349 4876 2481 4931 edit.
2511 4874 2779 4940 Quocirca
2806 4888 2916 4927 non
2946 4873 3044 4927 abs
3072 4888 3131 4928 re
3159 4887 3356 4927 noram
3380 4871 3721 4928 Dominicam

2152 4968 2377 5023 sublimi
2408 4965 2783 5023 sublimiorem
2811 4962 3121 5033 Theologus
3150 4964 3307 5028 dixit,
3331 4962 3481 5033 quod
3507 4978 3723 5033 semper

2155 5060 2351 5115 eadem
2399 5059 2516 5114 dies
2550 5056 2835 5113 nobiscum
2872 5056 2964 5122 sit,
3006 5070 3237 5125 seseque
3269 5064 3509 5126 superet.
3542 5054 3725 5110 Prima

2149 5153 2296 5205 enim
2352 5151 2637 5206 Dominica
2696 5148 2957 5219 mysterio
3018 5164 3121 5202 suo
3182 5149 3284 5201 hoc
3337 5148 3513 5202 solum
3569 5147 3725 5203 nobis

2149 5242 2324 5307 :ill'ert,
2359 5252 2418 5296 ut
2453 5243 2619 5295 vitam
2650 5241 2717 5295 ab
2762 5239 2910 5293 omni
2942 5254 3128 5295 crassa
3170 5248 3223 5293 et
3251 5241 3495 5293 terrestri
3524 5240 3722 5310 imagi-

2151 5331 2373 5385 natione
2416 5340 2610 5399 purget
2643 5347 2656 5383 :
2690 5337 2745 5383 at
2788 5343 2946 5383 novin
2979 5327 3278 5382 Dominica:
3313 5328 3575 5384 beneﬁcio
3620 5329 3725 5385 hoc

2144 5420 2555 5491 consequimur,
2608 5429 2666 5473 ut
2720 5420 2879 5474 bonis
2936 5420 3217 5482 omnibus,
3281 5433 3517 5487 quorum
3573 5417 3723 5488 prior

2151 5512 2429 5567 Dominica
2465 5512 2612 5566 velut
2662 5510 2935 5581 primitias
2968 5510 3234 5578 quasdam
3274 5509 3558 5576 attulerat,
3590 5523 3721 5580 per-
