4116 6448
363 347 492 414 1491

1277 340 1603 402 NICETAS
1651 339 1726 398 IN
1766 336 1986 396 ORAI’.
2029 334 2227 394 XLIII
2271 335 2329 394 S.
2374 335 2604 395 GiiEG.

3481 329 3617 393 1422

360 461 634 516 fruamur.
673 457 752 511 Ad
801 457 916 511 haec
947 455 1122 526 prima
1164 453 1468 518 Dominica,
1515 450 1936 507 resurrectionis
1970 454 2009 504 Λ
2044 450 2334 504 interchta
2377 447 2768 519 signiﬁcatur),
2812 463 2874 505 ac
2925 458 3107 504 vetera
3157 447 3268 513 illa,
3316 463 3379 502 ex
3414 449 3614 516 quibus

365 552 539 614 illius,
588 565 696 620 qua
745 557 897 604 certo
926 549 1098 603 animi
1129 547 1412 618 proposito
1458 555 1512 600 et
1555 547 1832 598 voluntate
1873 544 1940 596 ad

366 645 624 697 virtutem
648 642 977 702 excitamur,
1006 640 1232 708 ﬁguram
1263 638 1434 707 gerit;
1464 637 1704 692 secunda
1731 645 1935 698 autem,

372 731 670 786 voluntarii
703 732 924 786 habitus
958 730 1025 783 ad
1057 728 1410 798 perfectionis
1449 727 1732 782 scientiam
1771 726 1940 794 ﬁgura

366 833 472 879 cst.
509 823 680 888 Adde,
709 824 854 892 quod
889 823 979 875 illa
1014 823 1253 874 futuram
1297 820 1753 874 resurrectionem
1790 817 1938 871 desi-

364 925 542 986 gnat:
577 915 691 969 haec
736 915 912 984 ipsam
966 912 1268 967 divinitatis
1313 913 1709 981 acceptionem.
1759 909 1943 975 Quare

367 1009 581 1079 Optimo
633 1008 762 1077 jure
811 1005 1032 1062 sublimi
1087 1007 1262 1075 prima
1310 1004 1594 1058 Dominica
1649 1002 1942 1058 sublimior

367 1115 510 1155 nova
549 1100 693 1154 dicta
720 1109 805 1154 est
839 1117 852 1153 :
881 1098 1346 1169 quandoquidem,
1370 1106 1423 1151 et
1450 1095 1722 1150 deiﬁcatio
1761 1095 1940 1149 incor-

367 1192 648 1261 ruptione,
681 1204 735 1245 et
767 1191 1037 1245 bonorum
1065 1189 1346 1259 perceptio
1375 1187 1696 1243 habitudine
1722 1203 1751 1240 a
1781 1187 1939 1240 malis

368 1283 597 1338 liberata
629 1320 644 1347 ,
703 1290 760 1336 et
803 1281 1047 1336 caelestis
1100 1290 1265 1351 atque
1329 1279 1699 1350 sempiternus
1768 1286 1944 1332 status

371 1375 657 1442 praesentis
706 1373 830 1428 vitae
885 1382 1034 1429 statu
1080 1382 1134 1427 et
1171 1372 1486 1428 conditione
1535 1370 1825 1425 sublimior
1861 1379 1944 1424 est

367 1480 434 1520 ac
462 1467 832 1534 praestantior.
860 1467 1016 1532 Quod
1048 1468 1212 1521 etiam
1242 1467 1419 1536 ipsum
1453 1464 1714 1520 Salomon
1742 1464 1942 1526 innuit,

366 1571 492 1612 cum
542 1559 656 1611 ait:
695 1558 774 1611 Da
822 1570 1026 1628 partem
1072 1567 1291 1627 septem,
1330 1569 1486 1627 atque
1526 1557 1688 1609 etiam
1735 1555 1939 1618 octo”,

366 1656 577 1718 septem
631 1650 853 1718 quidem
910 1651 1051 1704 hanc
1109 1651 1275 1704 vitam
1339 1651 1650 1715 nominans,
1710 1658 1771 1703 ut
1822 1661 1944 1718 quae

369 1739 565 1792 eadem
593 1754 717 1794 cum
760 1739 1081 1809 septenario
1121 1754 1350 1795 numero
1397 1755 1654 1795 mensura
1687 1739 1939 1804 ﬁniatur;

2047 543 2416 610 transgressio
2449 543 2602 596 nobis
2635 551 2754 596 orta
2777 555 2881 604 ρει,
2908 543 3329 612 contrariusque
3355 557 3614 596 sensuum

2047 648 2204 694 usus,
2239 632 2292 684 in
2331 632 2434 685 hoc
2471 633 2649 686 solum
2684 632 3048 686 recordemini
3084 642 3143 687 ut
3179 647 3244 686 ea
3279 633 3522 703 fugiatis,
3549 646 3620 685 ne

2046 741 2144 794 per
2171 725 2366 779 horum
2395 725 2722 780 oblivionem
2754 726 2808 779 itt
2837 727 3085 780 eamdem
3114 741 3310 780 rursus
3337 724 3616 780 incidatis.

2044 817 2260 887 Alioqui
2306 817 2479 882 enim,
2540 833 2642 873 nec
2692 833 2754 872 ea
2806 819 3071 872 memoria
3125 817 3418 871 recolenda
3466 829 3617 879 sunt,

2046 910 2151 964 nisi
2202 909 2274 963 ob
2317 910 2459 964 hanc
2496 925 2658 963 unam
2709 924 2954 973 causam,
3009 920 3067 962 ut
3111 924 3174 962 ea
3215 908 3459 962 vitemus
3496 923 3621 976 quae

2045 1003 2206 1056 nobis
2238 1003 2752 1057 condemnationem
2787 1003 3116 1056 attulerunt.

2117 1094 2251 1147 Ibid.
2280 1093 2339 1147 Β.
2383 1093 2613 1148 Pulcher
2635 1104 2750 1148 erat
2777 1095 2847 1148 ad
2875 1109 3163 1163 aspectum,
3198 1105 3302 1150 etc.
3347 1095 3448 1150 Hic
3495 1111 3623 1150 sen—

2045 1202 2140 1242 sus
2168 1188 2414 1252 instruit,
2449 1203 2477 1241 a
2521 1189 2723 1255 quibus
2763 1190 2925 1243 morti
2969 1190 3147 1244 aditus
3179 1191 3487 1259 patefactus
3516 1201 3621 1244 est.

2046 1277 2319 1349 Scriptum
2367 1281 2513 1335 enim
2565 1288 2648 1336 est
2678 1283 2729 1336 in
2766 1283 2906 1336 libro
2933 1281 3160 1338 Genesis
3198 1298 3212 1336 :
3249 1281 3316 1335 Et
3343 1283 3474 1337 vidit
3506 1299 3624 1334 mu-

2046 1369 2146 1422 lier
2203 1372 2344 1440 quod
2376 1372 2574 1441 lignum
2609 1372 2801 1426 bonum
2835 1385 2949 1427 erat
2984 1375 3053 1426 ad
3072 1390 3238 1440 esum,
3271 1383 3320 1428 et
3345 1373 3622 1441 pulchrum

2045 1464 2114 1516 ad
2147 1463 2547 1532 intelligendum
2590 1465 2656 1517 τθ.
2714 1463 2984 1531 Quoniam
3045 1467 3210 1537 igitur
3271 1465 3481 1521 fructus
3535 1466 3624 1518 ille

2044 1563 2158 1607 tum
2192 1555 2308 1609 visu
2350 1557 2777 1625 pulcherrimus,
2804 1569 2915 1612 tum
2949 1565 3204 1628 perceptu
3237 1559 3622 1619 suavissimus,

2045 1662 2148 1701 nos
2175 1663 2271 1715 per
2297 1649 2506 1718 primos
2540 1659 2794 1719 parentes
2827 1651 3090 1706 inescavit
3119 1662 3284 1722 atque
3328 1651 3625 1709 interemit.

2045 1739 2293 1792 colorum
2363 1741 2571 1795 nitorcs
2625 1741 2851 1810 posthac
2910 1741 3206 1811 fugiamus,
3297 1743 3473 1796 visum
3532 1745 3625 1810 qui

367 1838 497 1883 octo
522 1841 702 1884 autem
749 1829 1012 1886 futuram.
1060 1830 1109 1886 Is
1143 1846 1306 1900 porro
1352 1845 1508 1885 suam
1563 1831 1784 1900 utrique
1821 1830 1946 1884 vitae
1977 1851 2018 1905 Β
2050 1831 2353 1901 principem
2385 1833 2531 1887 inter
2572 1849 2772 1888 sensus
2803 1834 2980 1888 locum
3024 1842 3192 1898 tenet,
3237 1834 3570 1904 castigantes
3607 1854 3623 1888 :

369 1929 582 1988 partem
639 1920 773 1985 dat,
825 1923 919 1990 qui
984 1922 1074 1976 hic
1133 1922 1357 1992 quidem
1417 1922 1578 1976 bonis
1637 1921 1949 1976 aetionibus

372 2021 541 2081 atque
569 2012 829 2081 operibus
856 2013 1088 2077 studuit,
1124 2015 1177 2066 in
1213 2014 1382 2068 altero
1423 2023 1602 2068 autem
1627 2000 1760 2068 laevo
1791 2013 1948 2068 resti-

375 2113 530 2158 tutus
557 2112 661 2168 cst,
719 2103 826 2158 hoc
871 2115 975 2168 est,
1015 2107 1070 2160 in
1115 2106 1420 2160 ctelestium
1457 2107 1723 2160 bonorum
1758 2121 1948 2175 perce-

375 2196 563 2264 ptione
609 2197 969 2253 constitutus.
1012 2199 1191 2266 Atque
1225 2197 1389 2252 etiam
1438 2196 1608 2251 David
1649 2197 1778 2252 huic
1811 2198 1950 2252 duos

372 2286 617 2353 psalmos
658 2286 913 2342 accinere
943 2287 1180 2351 videtur,
1217 2297 1435 2342 sextum
1474 2297 1530 2341 et
1575 2288 1948 2353 undecimum,

368 2376 572 2444 quibus
606 2375 825 2430 titulum
859 2377 1059 2432 indidit
1091 2394 1106 2430 :
1141 2377 1214 2433 De
1242 2388 1450 2444 octava,
1485 2378 1947 2448 quemadmodum

369 2473 428 2517 et
453 2455 584 2518 'huic
606 2462 991 2518 Eucamiorum
1016 2462 1125 2518 diei
1155 2466 1515 2520 centesimum
1542 2479 1745 2518 nonum
1779 2465 1950 2528 dicat,

369 2559 782 2617 innovationem
811 2561 1009 2617 domus
1037 2561 1366 2618 inscribens.
1394 2560 1506 2617 Nos
1539 2573 1721 2617 autem
1761 2562 1950 2629 hujus-

371 2653 519 2707 modi
570 2655 769 2710 domus
814 2670 1027 2719 sumus,
1077 2657 1279 2726 quibus
1330 2656 1386 2709 in
1429 2656 1656 2712 honoris
1702 2655 1946 2710 habitum

368 2755 477 2804 est.
512 2754 570 2800 ut
614 2747 873 2816 templum
908 2747 1025 2814 Dei,
1063 2759 1118 2802 et
1148 2749 1348 2812 simus,
1392 2757 1447 2803 et
1476 2747 1852 2814 nominemur,
1893 2759 1948 2802 et

370 2835 764 2892 ciliciamur".
812 2837 958 2894 Deus
1006 2839 1153 2894 enim
1213 2853 1310 2909 per
1354 2836 1651 2894 Jeremiam
1705 2841 1946 2908 quodam

369 2927 495 2981 loco
535 2928 610 2982 ita
657 2928 947 2999 loquitur:
980 2929 1306 2985 lnhabitabo
1350 2930 1405 2984 in
1453 2929 1564 2984 illis
1613 2939 1663 2984 et
1697 2929 1944 2984 inambu-

371 3018 600 3072 labo".
660 3020 862 3075 Paulus
917 3037 1137 3090 quoque
1179 3023 1245 3076 ad
1300 3021 1616 3077 Corinthios
1667 3023 1735 3078 ad
1799 3024 1946 3080 hunc

371 3111 596 3162 modum
650 3110 845 3165 scribit
875 3127 890 3164 :
921 3109 1192 3180 Templum
1226 3111 1323 3165 Dei
1362 3113 1582 3166 viventis
1626 3113 1752 3167 estis
1777 3114 1858 3188 ⁷³..
1879 3114 1945 3168 Et

2055 1939 2153 1978 nec
2187 1924 2253 1978 ad
2286 1933 2539 1988 externa,
2572 1925 2663 1979 sed
2696 1925 2764 1979 ad
2800 1939 2901 1980 nos
2931 1927 3077 1994 ipsos
3107 1925 3295 1982 oculos
3321 1926 3626 1990 ﬂectamus,

2050 2016 2205 2081 juxta
2238 2015 2368 2070 illud
2396 2015 2797 2071 Deuteronomii
2836 2026 3167 2087 praeceptum
3209 2037 3222 2072 :
3264 2018 3487 2072 Attende
3533 2018 3628 2070 tibi

2053 2107 2153 2174 ipsi
2181 2107 2251 2172 ",
2278 2119 2442 2177 atque
2486 2107 2909 2165 Proverbiorum
2959 2118 3239 2164 auctorem
3279 2109 3629 2164 Salomonem

2052 2195 2341 2252 audiamus
2402 2197 2671 2253 dicentem
2703 2199 2749 2229 °°
2785 2217 2798 2252 :
2832 2196 2910 2252 Ne
2949 2207 2999 2252 te
3029 2209 3247 2268 superet
3275 2200 3488 2254 eximite
3517 2199 3630 2254 for-

2054 2302 2155 2340 ma:
2189 2286 2488 2355 cupiditas,
2520 2303 2622 2342 nec
2652 2304 2758 2342 una
2797 2301 2922 2342 cum
2958 2289 3236 2358 palpebris
3263 2289 3316 2343 in
3353 2298 3630 2344 transver-

2052 2393 2172 2431 sum
2233 2377 2545 2448 abripiaris,
2580 2393 2692 2434 non
2736 2380 2916 2435 solum
2972 2395 3040 2434 ex
3093 2395 3233 2434 vano
3297 2391 3356 2435 et
3415 2382 3635 2437 curioso

2053 2478 2302 2539 aspectu,
2329 2470 2445 2534 sed,
2477 2471 2523 2525 si
2560 2471 2675 2525 ﬁeri
2709 2479 2914 2542 potest,
2943 2487 3012 2527 ne
3050 2487 3115 2527 ex
3151 2471 3376 2528 fortuito
3413 2473 3633 2543 quidem

2051 2570 2216 2630 atque
2245 2562 2423 2616 obiter
2451 2577 2574 2616 sese
2602 2563 2919 2632 objiciente;
2953 2579 3141 2618 verum
3187 2567 3422 2634 teipsum
3457 2567 3539 2620 vel
3566 2567 3635 2620 ad

1970 2654 2220 2771 cilevem
2241 2667 2415 2722 usque
2437 2667 2501 2707 ac
2533 2652 2838 2721 neglectum
2859 2663 3210 2722 prospectum
3225 2658 3526 2720 communi,
3546 2665 3634 2710 at-

2051 2761 2154 2771 -..A
2189 2745 2375 2771 Αλιιιη-
2403 2746 2700 2771 ΑΛ-νι-ι-ἕκιλ
2752 2745 3019 2771 “manu”...
3049 2757 3269 2771 “-Α..ιΑ-
3299 2749 3376 2771 ..-2
3406 2749 3599 2771 ΔιΠΣ---1

2049 2745 2156 2815 'que
2186 2745 2377 2800 oculos
2400 2746 2722 2815 comprime.
2752 2745 3020 2799 Caeterum
3049 2757 3269 2816 prepter
3299 2749 3377 2803 rei
3400 2749 3634 2804 dillicul-

2050 2847 2211 2892 tatem
2240 2837 2482 2893 additum
2513 2844 2616 2891 est:
2641 2835 2696 2890 Si
2731 2836 2845 2891 ﬁeri
2878 2837 3275 2906 potest.Videre
3292 2855 3456 2910 porro
3500 2843 3636 2896 nihil

2047 2929 2192 2984 aliud
2217 2939 2322 2996 est,
2357 2945 2524 3000 quam
2552 2927 2877 2998 simpliciter
2899 2930 3187 3000 inspicere.
3215 2932 3355 2990 Huic
3378 2938 3636 3008 utrinque

2048 3034 2403 3092 opponuntur
2462 3023 2681 3078 curiose
2739 3023 2966 3087 intueri,
3014 3034 3068 3079 et
3126 3027 3414 3096 neglectim
3471 3041 3635 3100 atque

2050 3114 2230 3168 obiter
2259 3113 2526 3183 aspicere,
2557 3113 2702 3169 velut
2733 3128 2997 3169 excessus
3031 3122 3085 3169 et
3133 3117 3398 3174 defectus.
3433 3118 3637 3175 Viden-

372 3215 570 3256 rursus
609 3203 736 3256 :An
787 3204 1021 3267 nescitis,
1073 3203 1212 3272 quod
1260 3204 1511 3272 templum
1555 3204 1649 3258 Dei
1699 3184 1858 3272 estis,
1899 3215 1947 3260 et
1975 3183 2020 3245 (ἶ
2053 3200 2182 3254 dum
2218 3200 2402 3270 itaque
2434 3201 2529 3256 tibi
2563 3211 2664 3266 est,
2709 3217 2776 3256 ne
2828 3217 2952 3257 cum
3001 3204 3277 3274 palpebris
3319 3207 3635 3277 abripiaris,
3697 3245 3702 3248 ε

373 3293 610 3363 Spiritus
645 3295 744 3349 Dei
770 3295 975 3351 habitat
1010 3298 1065 3350 in
1110 3297 1294 3354 vobis?
1321 3295 1381 3351 Si
1408 3298 1522 3367 quis
1575 3301 1826 3368 templum
1859 3299 1954 3352 Dei

371 3384 668 3450 violaverit,
706 3386 970 3454 dis-perdet
995 3387 1147 3440 illum
1181 3386 1344 3441 Deus.
1382 3385 1656 3456 Templum
1686 3389 1825 3442 enim
1856 3387 1956 3442 Dei

370 3487 618 3530 sanctum
662 3486 763 3542 est,
801 3477 942 3546 quod
981 3465 1132 3531 estis
1171 3495 1261 3532 vos
1283 3479 1349 3531 ".
1391 3478 1472 3532 En
1501 3480 1780 3548 quomodo
1813 3482 1954 3550 apud

368 3567 662 3622 Jeremiam
715 3568 915 3623 domus
970 3567 1086 3633 Dei,
1133 3567 1277 3638 apud
1317 3568 1639 3639 Apostolum
1690 3571 1951 3638 templum

377 3659 474 3713 Dei
529 3659 902 3714 nominemur.
962 3658 1014 3714 Is
1057 3673 1221 3728 porro
1269 3659 1534 3728 templum
1596 3657 1688 3712 Dei
1747 3658 1954 3713 violare

371 3751 599 3817 dicitur,
650 3752 744 3821 qui
792 3752 1051 3808 obscenis
1082 3765 1146 3806 ac
1199 3751 1528 3807 meretriciis
1569 3752 1954 3823 congressibus

375 3857 597 3898 carnem
645 3844 918 3912 inquinat,
958 3859 1022 3899 ac
1051 3859 1211 3900 coeno
1242 3845 1491 3898 involvit.

445 3938 566 3991 (.‘ol.
607 3937 713 3992 614
761 3937 827 3990 Α.
871 3935 1249 3992 Encwniorum
1300 3938 1561 3991 rationem
1605 3936 1827 3991 habetis.
1884 3939 1952 3990 At

370 4045 461 4084 vos
525 4029 886 4090 innovcmini,
955 4038 1062 4083 etc.
1123 4027 1512 4082 Encaeniorum
1565 4027 1834 4081 rationem
1899 4037 1953 4082 et

373 4120 798 4190 explicationem
855 4117 1150 4173 didicistis.
1196 4117 1487 4187 Reliquum
1533 4126 1639 4183 est,
1683 4127 1744 4173 ut
1795 4119 1952 4174 inno-

373 4211 602 4278 vemini,
646 4218 834 4279 atque,
873 4219 935 4264 ut
984 4207 1280 4279 Apostolus
1328 4209 1577 4278 loquitur
1604 4211 1675 4275 ⁷⁵,
1713 4221 1953 4266 veterem

377 4303 686 4368 hominem,
720 4302 824 4356 hoc
854 4310 965 4368 est,
1004 4311 1317 4370 peccatum,
1349 4301 1498 4370 quod
1547 4303 1762 4356 senium
1793 4303 1954 4358 nobis

377 4406 434 4451 et
491 4403 824 4450 vetustatem
885 4393 1224 4464 importavit,
1283 4393 1595 4462 abjiciatis;
1647 4406 1832 4464 atque,
1897 4404 1957 4449 ut

2055 3299 2217 3360 atque
2255 3289 2366 3346 Eva
2428 3291 2526 3345 tibi
2585 3293 2768 3346 animo
2821 3297 3193 3363 proponenda,
3247 3313 3368 3368 qua;
3413 3301 3635 3368 quidem

2056 3381 2239 3438 dulcis
2267 3382 2569 3452 impostura
2597 3390 2737 3447 erat,
2775 3383 2847 3438 ob
2897 3386 3251 3454 conspicuam
3307 3389 3481 3457 ipsius
3521 3391 3636 3446 for-

2055 3490 2225 3536 mam,
2276 3483 2332 3528 et
2383 3473 2684 3530 incantatio
2722 3475 2912 3540 chara,
2961 3486 3183 3546 prepter
3231 3479 3548 3536 illicientem
3584 3494 3636 3540 et

2055 3565 2407 3620 delinientem
2435 3567 2796 3636 voluptatem.
2848 3565 3073 3622 Femina
3111 3571 3282 3634 enim,
3314 3573 3460 3628 velut
3487 3589 3637 3642 esca,

2055 3671 2260 3710 marem
2294 3657 2360 3710 ad
2391 3670 2449 3710 se
2481 3658 2666 3722 trahit,
2709 3673 2773 3712 ac
2823 3674 3035 3715 veneno
3094 3661 3288 3727 inlicit,
3350 3665 3636 3735 voluptua-

2057 3747 2262 3814 riisque
2293 3748 2560 3815 gestibus,
2615 3758 2668 3802 et
2720 3753 3089 3810 sermonibus.
3144 3770 3210 3809 ac
3263 3757 3446 3824 rebus,
3477 3761 3634 3828 quasi

2054 3837 2386 3904 quibusdam
2419 3838 2731 3908 praestigiis,
2765 3839 3104 3905 ludiﬁcatur,
3135 3843 3337 3912 quibus
3371 3847 3437 3898 ad
3479 3862 3635 3902 accr-

2057 3928 2342 3982 bissimum
2401 3929 2606 3983 animae-
2658 3931 2939 3984 interitum
3009 3943 3062 3986 et
3122 3934 3350 3988 exitium
3421 3937 3637 3995 illectus

2054 4021 2410 4088 pertrahitur.
2437 4019 2571 4074 Nam
2626 4022 2671 4075 si
2720 4022 2808 4076 illa
2840 4063 2854 4087 ,
2892 4039 3012 4093 quae
3037 4028 3257 4095 pr0pria
3288 4038 3425 4092 erat,
3461 4031 3641 4084 socia-

2054 4125 2161 4178 qtte
2189 4120 2242 4164 et
2273 4111 2587 4166 auxiliatrix
2617 4113 2740 4168 data
2776 4117 2972 4179 fuerat,
3000 4118 3177 4171 virum
3214 4119 3470 4187 perdidit,
3523 4137 3636 4190 quo

2055 4213 2213 4272 pacto
2247 4205 2504 4260 meretrix
2561 4215 2614 4258 et
2675 4205 2852 4261 aliena
2907 4208 3071 4263 saluti
3121 4208 3304 4264 futura
3330 4212 3633 4266 est?0culi

2055 4297 2224 4366 igitur
2283 4297 2364 4352 sic
2417 4310 2778 4353 coerceantur
2848 4299 2902 4352 in
2958 4301 3258 4370 palpebris,
3298 4318 3407 4357 non
3471 4319 3632 4359 secus

2056 4388 2298 4458 atquein
2327 4389 2556 4458 nuptiali
2588 4390 2853 4452 thalamo,
2883 4391 3128 4461 virgineo
3156 4407 3308 4447 more
3329 4404 3635 4460 versantes,

375 4488 522 4543 idem
553 4487 853 4556 Apostolus
894 4485 1244 4550 admonet",
1291 4484 1347 4538 in
1395 4485 1637 4541 novitate
1669 4487 1791 4541 vita:
1836 4502 1953 4540 am-
1984 4523 2029 4578 D
2060 4500 2159 4539 nec
2214 4483 2542 4553 procacibus
2609 4492 2665 4536 et
2715 4484 3009 4554 impudicis
3073 4486 3316 4541 motibus
3387 4486 3638 4540 aculeum

374 4579 599 4646 buletis,
641 4594 706 4634 ac
754 4579 1076 4645 versemini,
1131 4580 1235 4633 hoc
1266 4587 1370 4641 est,
1403 4593 1527 4633 cum
1560 4579 1782 4642 virtute,
1827 4595 1950 4649 qua:

379 4673 632 4730 alumnos
677 4687 810 4728 suos
837 4672 1086 4736 innovat,
1133 4686 1197 4725 ac
1235 4671 1468 4741 juvenes
1513 4670 1697 4736 eilicit,
1727 4671 1944 4727 vivatis.

375 4765 436 4818 Id
493 4773 678 4820 autem
736 4763 1148 4833 assequemini,
1223 4764 1272 4818 si
1332 4762 1727 4818 continentiam
1797 4763 1950 4818 velut

379 4859 624 4924 frenum,
656 4857 917 4913 omnibus
958 4871 1222 4912 sensuum
1265 4855 1650 4911 instrumentis
1696 4855 1950 4924 injeceri-

377 4951 450 5004 tis
487 4953 578 5018 (ex
628 4950 833 5019 quibus
864 4949 1061 5003 animae
1098 4963 1249 5002 mors
1288 4948 1487 5012 oritur,
1515 4947 1672 5018 juxta
1705 4948 1758 5001 id
1802 4947 1948 5017 quod

376 5042 456 5096 ait
495 5040 766 5098 .Ieremias
801 5061 814 5097 :
847 5041 1100 5096 Ascendit
1150 5055 1291 5092 mors
1334 5055 1426 5108 per
1472 5039 1729 5106 fenestras
1749 5038 1852 5106 ’7);
1903 5037 1949 5093 si

379 5151 492 5190 non
543 5137 647 5190 hoc
706 5143 801 5189 aut
869 5135 1004 5188 illud
1061 5122 1410 5197 membrum,
1469 5131 1573 5185 sed
1637 5132 1818 5184 omnia
1879 5131 1948 5183 ita

375 5228 653 5294 rexeritis,
708 5240 768 5282 ut
817 5227 1251 5295 unumquodque
1309 5225 1420 5294 regi
1465 5233 1630 5292 atque
1681 5225 1732 5276 in
1771 5222 1949 5276 olIicio

375 5323 648 5377 contineri
677 5321 1047 5392 castigarique
1093 5329 1290 5372 natura
1327 5327 1706 5385 comparatum
1737 5326 1820 5370 cst
1854 5333 1868 5381 ;
1903 5317 1949 5370 si

376 5415 616 5483 denique
667 5414 920 5468 vitiosam
986 5426 1204 5465 onmem
1271 5410 1400 5478 ligni
1458 5407 1608 5462 vetiti
1659 5406 1950 5459 manduca-

379 5503 578 5558 lioncm
633 5501 993 5558 exsecremini
1050 5505 1172 5571 (per
1233 5500 1440 5569 lignutn
1509 5499 1655 5552 enim
1705 5498 1954 5564 voluptas

941 5641 983 5669 7‘
1012 5641 1053 5693 ll
1091 5642 1296 5695 (ἴοι-,γη
1332 5639 1418 5691 16.

1228 5679 1457 5762 7idiom.
1494 5723 1566 5770 vr,
1601 5710 1650 5759 4.

449 5642 491 5671 το
517 5641 695 5695 Eccle.
728 5641 862 5702 “,2.

381 5710 468 5776 16,
502 5713 586 5764 Π.
666 5713 710 5742 ⁷⁸
735 5713 946 5767 Coloss.
986 5727 1066 5772 ιιι,
1097 5715 1148 5765 9.

380 5797 452 5849 vr,
488 5781 558 5834 25
593 5798 744 5854 seqq.

1496 5637 1538 5666 τ’
1567 5637 1696 5701 lmo,
1721 5634 1893 5687 Levit.
1926 5635 2180 5697 xxvt,l4'2;
2225 5633 2238 5682 I
2276 5634 2403 5684 Cor.
2438 5633 2605 5695 vt,l(i.

1732 5707 1771 5736 ³⁷
1797 5706 1996 5759 durem.
2029 5723 2100 5768 Ix,
2134 5705 2222 5756 ‘2l.

2055 4581 2376 4637 excitantes.
2409 4578 2584 4647 Atque
2629 4578 2794 4633 etiam
2844 4580 3068 4649 insuper
3098 4579 3429 4648 voluptatem
3470 4595 3642 4648 usque

2057 4673 2123 4725 ad
2159 4679 2353 4741 gustus
2405 4684 2626 4724 sensum
2692 4679 2746 4724 et
2806 4667 2990 4722 fauces
3051 4682 3326 4731 aversare,
3375 4667 3442 4721 ad
3499 4682 3639 4736 quas

2057 4761 2215 4817 cibus
2242 4761 2422 4816 omnis
2455 4759 2758 4814 devolvitur
2789 4777 2802 4811 ;
2837 4768 2912 4821 et,
2958 4756 3105 4824 quod
3164 4765 3291 4812 ante
3326 4752 3640 4826 perceptio-

2055 4869 2183 4908 nem
2232 4853 2463 4908 charum
2507 4850 2833 4914 habebatur,
2867 4847 3010 4902 idem
3043 4857 3360 4917 perceptum
3397 4852 3640 4904 vanescit

2057 4955 2110 4998 et
2133 4943 2518 4998 contenmitur.
2580 4941 2723 5008 Quin
2782 4940 2911 4993 illud
2947 4940 3043 4994 tibi
3077 4955 3297 5010 quoque
3333 4941 3638 4996 cavendum

2060 5045 2166 5102 est,
2204 5052 2270 5090 ne
2331 5045 2383 5089 te
2439 5033 2677 5089 olfactus
2739 5031 3036 5086 effeminet.
3076 5031 3258 5099 Turpe
3295 5033 3438 5086 enim
3469 5042 3555 5087 est
3587 5043 3643 5087 et

2060 5129 2324 5182 muliebre
2368 5137 2530 5195 atque
2589 5143 2617 5179 a
2669 5126 2784 5178 viro
2819 5125 3058 5178 alienum
3106 5127 3397 5194 unguentis
3427 5136 3480 5178 et
3509 5127 3642 5178 odo-

2063 5236 2180 5272 rum
2241 5219 2604 5274 suavitatibus
2661 5217 2736 5268 uti
2779 5233 2792 5268 :
2830 5217 3034 5278 alioqui
3089 5219 3252 5274 (tiam
3315 5218 3640 5272 immodicus

2061 5311 2373 5380 ltujustnodi
2414 5327 2593 5364 rerum
2630 5323 2761 5362 usus
2810 5309 3113 5363 salaeiores
3159 5324 3341 5363 mares
3379 5318 3543 5376 atque
3571 5314 3638 5362 ad

2061 5419 2352 5457 venereum
2386 5417 2742 5471 congressum
2776 5403 3162 5470 propensiores
3189 5401 3386 5456 reddit.
3435 5400 3639 5455 Ferunt

2062 5498 2206 5550 enim
2264 5496 2625 5549 Commodum
2680 5495 3101 5563 imperatorem,
3164 5495 3287 5546 culn
3355 5503 3640 5562 grassante

2719 5633 2762 5662 ⁷³
2783 5630 2825 5682 II
2859 5631 2986 5684 Cor.
3017 5646 3090 5691 vt,
3128 5628 3210 5681 IG.

2799 5703 2843 5732 ⁷⁹
2880 5703 3035 5754 Deut.
3069 5715 3237 5762 xxv“,
3279 5700 3327 5753 9.

3287 5625 3372 5678 ’⁷³1
3407 5627 3530 5677 (ζον.
3558 5643 3638 5688 ill,

2302 5704 2343 5733 ⁷⁸
2384 5701 2514 5755 Gen.
2550 5704 2702 5765 ttt,6.
2799 5703 2843 5732 ⁷⁹
2880 5703 3035 5754 Deut.
3069 5715 3237 5762 XXVII,
3279 5700 3327 5753 9.
3395 5702 3436 5725 *υ
3481 5699 3641 5749 νην.
