4116 6432
362 460 507 525 14ἓό

1250 463 1572 523 NICETAS
1616 463 1696 524 ΙΝ
1737 463 1963 523 ORAT.
2004 464 2201 523 XLIII
2246 464 2307 525 S.
2345 464 2574 525 GREG.

2102 319 2135 336 κ

3480 463 3632 528 1426

357 572 494 627 illud
532 581 805 641 cogitans,
832 574 979 643 quod
1035 582 1092 629 tu
1148 589 1369 644 quoque
1423 576 1686 631 invidiam
1735 577 1937 632 diaboli
1971 586 2011 639 Α
2045 589 2094 628 ιιι
2121 580 2427 635 institutum
2459 581 2752 650 delegeris,
2782 582 2849 636 da
2890 594 3111 645 operam
3166 588 3223 635 ut
3259 579 3312 633 in
3354 595 3419 635 eo
3446 596 3616 641 novos
3672 645 3678 655 ε

360 662 608 727 sensisti,
640 663 709 718 ab
757 678 934 733 eoque
988 666 1063 719 ita
1108 664 1342 721 inﬂexus
1379 682 1461 733 es,
1501 683 1560 722 ut
1597 667 1787 732 Deum,
1814 684 1939 722 eum

357 750 692 818 cognitionis
721 751 867 822 ligno
891 755 1280 822 interdixisset,
1317 758 1410 812 tibi
1445 759 1684 813 invidere
1712 775 1940 828 persua-

357 843 518 896 deres
545 858 560 896 :
588 858 711 912 quae
747 845 842 898 tibi
875 846 1237 917 prolapsionis
1256 865 1422 904 causa
1458 849 1579 904 fuit.
1617 850 1939 922 Laerymam

360 936 601 991 hominis
632 937 685 991 in
720 947 771 992 te
810 938 1076 995 intuentis
1103 952 1155 996 et
1185 942 1537 1012 plorantis,ac
1566 945 1941 1000 misericordia

359 1028 680 1097 indigentis,
713 1046 783 1085 ne
811 1032 1105 1087 crudeliter
1132 1044 1475 1103 contemnas,
1507 1039 1636 1092 illud
1660 1048 1940 1106 reputans,

357 1129 416 1173 te
447 1121 634 1175 multis
664 1136 884 1191 quoque
931 1125 1187 1194 laerymis
1229 1126 1392 1196 digna
1429 1142 1650 1196 passum
1680 1144 1824 1194 esse,
1855 1130 1941 1182 ni-

361 1210 560 1264 mirum
590 1214 848 1281 paradiso
873 1216 1248 1282 exturbatum,
1285 1218 1450 1273 morti
1498 1227 1555 1273 et
1597 1220 1941 1289 corruptioni

362 1301 660 1367 addictum,
677 1308 950 1360 sexcentis
965 1317 1312 1376 peccatorum
1331 1310 1621 1380 generibus
1639 1311 1943 1366 involutum

360 1401 530 1464 atque
555 1406 1005 1465 conspurcatum.
1041 1399 1104 1453 Et
1139 1410 1319 1456 tamen
1351 1403 1786 1458 misericordiam
1811 1418 1944 1458 con-

361 1491 589 1539 secutus
613 1499 694 1550 es,
731 1488 1067 1555 paradisum,
1110 1505 1275 1559 quem
1324 1493 1528 1548 veteris
1551 1493 1745 1547 Adami
1784 1495 1943 1563 culpa

364 1574 709 1643 perdideras,
736 1578 859 1631 novi
889 1579 1081 1634 Adami
1121 1581 1385 1637 beneﬁcio
1415 1598 1606 1638 rursus
1632 1592 1943 1642 assecutus.

358 1664 663 1736 Pauperem
698 1684 928 1725 vacuum
960 1688 1028 1726 ne
1057 1688 1086 1726 a
1135 1681 1186 1727 te
1220 1674 1373 1730 abire
1413 1676 1606 1741 iubeas
1638 1693 1652 1730 :
1682 1677 1941 1746 quoniam

359 1771 490 1811 cum
522 1767 579 1812 tu
611 1776 831 1829 quoque
853 1772 1096 1818 extrema
1126 1767 1370 1820 omnium
1401 1767 1671 1824 bonorum
1706 1778 1946 1839 egestate

360 1849 713 1914 premereris,
751 1866 818 1907 eo
849 1853 1162 1909 divitiarum
1191 1871 1289 1925 per
1329 1857 1662 1928 baptismum
1692 1861 1940 1926 evasisti,

2041 673 2286 740 quotidie
2318 688 2642 742 progressus
2676 673 2864 729 facias.

2110 765 2230 820 Col.
2272 765 2378 820 6i5
2410 765 2470 820 Β.
2512 766 2646 831 Qum
2674 768 2767 821 sub
2788 767 2921 837 jugo
2949 769 3095 831 estis,
3124 766 3229 823 Deo
3261 785 3461 839 quoque
3487 786 3622 824 non-

2044 856 2176 910 nihil
2244 857 2368 911 date
2417 875 2430 911 :
2483 868 2892 927 prwoccupatw,
2953 868 3059 915 etc.
3118 857 3291 930 Leges
3328 862 3614 917 constituit

2044 945 2350 1017 'l'hcologus
2381 956 2488 1002 tam
2524 948 2831 1017 conjugatis
2865 948 3209 1011 mulieribus,
3241 963 3404 1018 quam
3437 964 3466 1004 a
3504 965 3621 1003 ma-

2045 1038 2287 1093 trimonii
2336 1038 2472 1108 jugo
2543 1038 2767 1101 liberis,
2832 1040 3176 1095 occasionem
3237 1040 3306 1095 ab
3358 1040 3621 1109 Apostolo

2045 1138 2261 1191 nactus,
2295 1130 2388 1199 qui
2433 1130 2500 1183 ad
2536 1129 2852 1185 Corinthios
2883 1131 3132 1185 scribens
3180 1132 3400 1201 nuptias
3431 1131 3622 1186 vincu-

2045 1220 2155 1274 lum
2205 1220 2476 1282 nominat,
2521 1221 2889 1290 virginitatem
2943 1231 3124 1276 autem
3182 1221 3512 1276 solutionem
3567 1230 3624 1278 et

2045 1315 2374 1368 libertatem.
2400 1313 2493 1368 Ait
2515 1312 2659 1366 enim
2696 1330 2709 1364 :
2744 1312 3012 1380 Alligatus
3039 1330 3093 1367 cs
3123 1315 3316 1368 uxori?
3341 1315 3451 1368 noli
3479 1332 3625 1384 qure-

2046 1421 2159 1459 rere
2180 1404 2517 1460 solutionem.
2543 1403 2766 1459 Solutus
2795 1421 2850 1459 es
2892 1402 2960 1458 ab
2999 1420 3163 1460 notore
3183 1407 3208 1459 ?
3256 1406 3367 1460 noli
3393 1422 3626 1477 quaerere

2045 1513 2265 1551 uxorem
2295 1499 2366 1552 “.
2406 1497 2469 1551 Et
2495 1511 2691 1552 rursus
2723 1514 2736 1550 :
2772 1496 2906 1562 Qua:
2953 1513 3054 1551 non
3101 1498 3299 1567 nupsit,
3327 1508 3479 1552 curat
3507 1514 3627 1569 qut:
3716 1537 3719 1539 -
3760 1528 3763 1531 ν

2045 1601 2165 1651 sunt
2199 1591 2433 1655 Domini,
2462 1598 2519 1645 ut
2538 1591 2606 1645 sit
2630 1599 2816 1645 sancta
2847 1605 3064 1660 corpore
3095 1599 3147 1645 et
3176 1593 3388 1660 spiritu.
3410 1591 3542 1657 Qum
3568 1593 3627 1645 in

2048 1682 2392 1737 matrimonio
2437 1691 2713 1749 est,cttrat
2761 1698 2878 1751 qua:
2923 1683 3251 1737 matrimonii
3306 1693 3451 1746 sunt,
3494 1699 3628 1752 quo-

2047 1773 2201 1826 modo
2237 1774 2506 1841 placitura
2547 1775 2613 1828 sit
2652 1776 2765 1828 viro
2794 1774 2866 1830 “.
2924 1772 3218 1830 Videamus
3261 1774 3430 1845 igitur
3459 1788 3623 1844 quam

2047 1864 2272 1932 pulchre
2302 1864 2565 1936 Theolugi
2594 1866 2888 1922 consilium
2930 1880 3057 1921 cum
3091 1866 3407 1936 apostolicis
3440 1867 3625 1921 verbis

359 1948 426 1992 ut
454 1939 594 1995 deus
624 1941 851 1998 ell'cetus
886 1946 979 2001 sis.
1019 1946 1247 2003 Divinas
1286 1949 1433 2004 enim
1463 1951 1770 2021 baptismus
1797 1952 1939 2007 divi-
1969 1963 2016 2021 Β
2046 1964 2328 2011 consonet.
2384 1955 2538 2023 Quae,
2573 1958 2773 2026 inquit,
2811 1957 2914 2012 sub
2940 1957 3074 2027 jugo
3101 1957 3257 2022 estis,
3289 1958 3626 2011 matrimonii

360 2033 555 2089 uitatis
579 2044 663 2091 est
693 2037 948 2093 arrhabo.
983 2039 1140 2107 Quod
1186 2042 1230 2096 si
1254 2045 1513 2113 pauperis
1542 2045 1783 2116 inopiam
1815 2046 1948 2101 libe-

365 2122 580 2179 ralitate
607 2132 698 2179 tua
730 2128 1019 2184 sublevare
1053 2144 1163 2184 non
1206 2132 1308 2194 vis,
1349 2142 1403 2188 at
1439 2133 1572 2188 illud
1604 2136 1797 2190 saltem
1831 2151 1861 2191 a
1895 2144 1948 2193 te

362 2215 706 2286 impetretur,
724 2234 793 2274 ne
816 2221 881 2274 ad
911 2223 1166 2293 pauperis
1188 2229 1600 2295 oppressionem
1628 2229 1945 2284 divitiarum

362 2308 572 2363 auxilio
600 2311 869 2367 abutaris.
903 2312 1038 2366 Nam
1073 2313 1124 2367 id
1148 2330 1366 2387 quoque
1386 2333 1495 2373 non
1520 2322 1673 2389 parvi
1698 2321 1946 2376 beneﬁcii

361 2400 487 2455 loco
539 2400 854 2457 ducendum
906 2414 1011 2470 est,
1068 2421 1194 2462 cum
1253 2409 1405 2463 avari
1463 2412 1533 2466 ab
1588 2412 1788 2482 injuria
1842 2414 1947 2469 sibi

360 2502 687 2562 temperant.
719 2493 1075 2565 Peregrinum
1122 2515 1193 2555 ne
1246 2511 1588 2571 contemnas,
1630 2520 1699 2559 ne
1752 2521 1946 2561 rursus

360 2582 618 2653 paradiso
642 2585 896 2640 exsulare
921 2589 1136 2658 cogaris
1165 2607 1180 2657 ;
1216 2606 1407 2646 verum
1464 2592 1643 2662 ipsum
1704 2597 1941 2666 suscipe,

359 2674 621 2743 quoniam
662 2676 780 2745 ipse
821 2679 986 2732 etiam
1014 2678 1271 2737 Christus
1301 2693 1527 2754 propter
1562 2700 1688 2741 eum
1718 2702 1944 2758 peregre

358 2768 504 2837 apud
555 2784 656 2825 nos
702 2782 952 2827 versatus
1001 2785 1106 2831 est.
1152 2774 1363 2831 Etenim
1416 2778 1575 2848 quasi
1629 2780 1843 2837 alienus
1875 2781 1942 2837 ad

359 2859 581 2928 propria
613 2862 780 2926 venit,
810 2871 870 2919 ut
920 2866 1269 2935 peregrinum
1320 2876 1544 2924 ornaret
1597 2878 1764 2939 atque
1822 2871 1947 2925 illn-

358 2960 585 3008 straret.
637 2952 808 3023 Cujus
867 2957 1087 3026 quidem
1146 2958 1351 3015 Christi
1399 2975 1593 3017 omnes
1642 2963 1864 3018 advenae
1892 2973 1946 3018 et

361 3046 608 3115 hospites
642 3063 852 3114 sumus,
926 3060 1038 3102 tum
1098 3051 1226 3120 quia
1274 3053 1407 3106 nihil
1458 3055 1944 3123 proprinnwhabe-

360 3150 520 3191 inus:
560 3139 730 3207 ipsius
756 3140 898 3194 enitn
927 3153 1054 3196 sunt
1080 3144 1287 3206 omnia,
1312 3144 1467 3213 juxta
1500 3144 1632 3199 illud
1676 3144 1893 3200 Davidis
1924 3163 1940 3201 :

363 3229 576 3284 Domini
605 3243 684 3285 est
711 3242 852 3287 terra
883 3244 931 3287 et
966 3235 1238 3303 plenitudo
1268 3237 1383 3301 eius
1421 3238 1505 3303 ”;
1540 3245 1656 3292 tum
1693 3240 1821 3307 quia
1858 3241 1944 3293 hic

358 3323 572 3377 ﬁrmam
606 3339 668 3379 ac
702 3327 951 3381 stabilem
987 3329 1167 3382 sedem
1208 3344 1315 3382 non
1349 3330 1632 3394 habemus,
1669 3348 1853 3386 verum
1877 3333 1941 3386 ad
1971 3314 2013 3371 (ἶ

355 3427 383 3470 s
408 3430 652 3483 Ipernam
685 3419 913 3485 patriam
950 3433 1333 3487 properamus.
1377 3420 1430 3474 ld
1465 3425 1611 3491 quod
1644 3439 1744 3479 nec
1787 3424 1946 3479 Davi-

356 3508 481 3559 dem
514 3506 671 3576 fugit,
720 3523 783 3561 ac
831 3510 1054 3577 proinde
1102 3511 1167 3564 ad
1221 3510 1388 3565 Deum
1439 3513 1656 3568 dicebat
1688 3535 1699 3564 :
1730 3516 1944 3569 Advena

351 3614 452 3668 ego
486 3615 603 3651 sunt
643 3600 784 3666 apud
828 3610 874 3653 te
918 3611 967 3654 et
1002 3604 1333 3669 peregrinus,
1370 3605 1505 3657 sicut
1546 3622 1723 3660 omnes
1764 3618 1943 3675 patres

354 3688 463 3740 mei
489 3688 556 3745 ⁹¹.
604 3687 789 3757 Egenti
833 3701 1061 3756 tectum,
1120 3702 1345 3755 vestem,
1394 3695 1578 3747 cibum
1632 3699 1942 3763 suppedita,

353 3781 463 3833 hoc
497 3788 600 3844 est,
648 3795 874 3849 parvum
928 3781 1310 3845 diversorium,
1346 3791 1400 3837 et
1448 3785 1859 3853 indumentum,
1891 3800 1946 3845 et

353 3886 578 3938 panem,
608 3879 662 3924 et
699 3887 785 3924 res
814 3873 1179 3936 necessarias,
1212 3874 1413 3942 quibus
1446 3877 1580 3944 ipse,
1616 3880 1755 3932 ultra
1777 3894 1941 3948 quam

350 3978 495 4015 usus
530 3962 788 4031 postulet,
818 3964 1076 4018 deliciose
1105 3965 1306 4020 amnis.
1331 3963 1688 4036 Neque‘enim
1718 3970 1942 4026 domum

351 4055 679 4123 simpliciter
708 4056 897 4120 habes,
932 4057 1026 4111 sed
1058 4058 1294 4127 amplam
1318 4069 1372 4113 et
1412 4064 1759 4130 magniﬁcam
1794 4080 1808 4128 ;
1840 4080 1943 4120 nec

352 4148 736 4201 indumentum
778 4163 965 4211 unum,
1000 4150 1094 4203 sed
1128 4151 1297 4203 multa
1340 4161 1393 4205 et
1432 4154 1583 4206 vario
1616 4169 1780 4223 opere
1806 4170 1941 4210 cen-

350 4240 497 4293 l'ccta
532 4256 546 4306 ;
587 4255 686 4292 nec
710 4255 902 4308 panem
930 4240 995 4293 ad
1022 4242 1270 4309 corporis
1303 4243 1687 4299 necessitatem
1721 4246 1944 4301 demen-

349 4347 500 4395 sum,
536 4332 628 4385 sed
673 4331 871 4385 horrea
929 4333 1080 4386 omni
1131 4332 1411 4389 fructuum
1467 4351 1667 4405 genere
1716 4336 1940 4393 referta.

355 4423 586 4477 Divitias
623 4438 688 4475 ne
717 4431 962 4493 expetas,
1004 4424 1105 4478 nisi
1142 4425 1437 4494 indigentis
1463 4426 1659 4497 inepiaa
1683 4429 1940 4483 solatium

352 4514 628 4569 allaturus
659 4514 755 4568 sis.
805 4514 1039 4569 Remitte
1070 4516 1314 4585 debenti,
1351 4518 1397 4572 si
1435 4518 1566 4587 quid
1606 4520 1790 4585 debet,
1828 4521 1943 4576 sive

2046 2047 2177 2115 jugo
2209 2047 2519 2117 copulatae:
2554 2047 2999 2118 quandoquidem
3033 2055 3426 2119 praeoccupatae
3467 2048 3626 2113 estis,

2050 2137 2153 2192 hoc
2197 2146 2302 2205 est,
2344 2147 2629 2209 praeceptae
2696 2148 2863 2210 atque
2914 2141 3235 2209 praestricta:
3292 2140 3625 2193 matrimonii

2048 2229 2301 2291 vinculis,
2335 2229 2499 2285 facite
2532 2239 2589 2284 ut
2629 2228 2947 2285 nonnullam
2974 2244 3191 2300 quoque
3218 2230 3384 2284 vestri
3414 2239 3624 2301 partem

2052 2324 2162 2378 Deo
2202 2322 2365 2387 detis,
2416 2339 2516 2378 nec
2554 2324 2761 2379 mundo
2796 2339 3028 2393 prorsus
3071 2324 3477 2395 astringamini.
3514 2322 3626 2380 Vos

2048 2426 2228 2473 autem
2262 2417 2523 2488 virgines,
2549 2433 2671 2488 quae
2699 2418 2865 2474 nullis
2887 2419 3121 2474 vinculis
3152 2420 3360 2474 mundo
3391 2420 3631 2475 astrictze

2049 2509 2202 2574 estis,
2235 2509 2330 2564 sed
2362 2523 2427 2564 ea
2465 2518 2698 2575 tantum,
2731 2524 2852 2579 quas
2882 2509 2972 2564 Dei
3004 2518 3156 2573 sunt,
3180 2509 3404 2575 curatis,
3439 2511 3625 2564 omnia

2048 2602 2102 2656 in
2127 2601 2445 2656 universum
2477 2602 2625 2656 date.
2667 2599 2854 2671 Neque
2889 2603 3036 2654 enim
3083 2601 3188 2656 sub
3216 2602 3344 2677 iugo
3378 2602 3532 2671 estis.
3567 2611 3628 2656 ut

2048 2710 2175 2765 pars
2208 2696 2383 2751 solum
2431 2695 2611 2765 aliqua
2656 2709 2684 2747 a
2733 2695 2891 2749 vultis
2920 2699 3247 2772 postulanda
3279 2702 3348 2754 sit
3386 2716 3401 2752 :
3435 2715 3622 2754 verum

2048 2787 2261 2850 solutae,
2293 2795 2457 2857 atque
2501 2802 2529 2840 a
2592 2785 2782 2840 mundi
2835 2792 2986 2846 curis
3024 2791 3227 2845 liberae.
3278 2790 3355 2844 Ac
3397 2789 3626 2858 proinde

2046 2879 2191 2949 quod
2226 2894 2353 2948 pars
2384 2877 2714 2949 coniugatis,
2763 2883 2866 2938 hoc
2912 2882 3067 2937 vobis
3100 2880 3404 2954 virginibus
3454 2888 3625 2935 totum

2045 2983 2150 3029 est.
2201 2972 2335 3028 Illud
2386 2982 2570 3029 autem
2617 2976 2724 3041 his,
2764 2991 2886 3046 quae
2930 2974 3072 3028 dicta
3129 2981 3282 3039 sunt,
3311 2972 3630 3027 necessario

2046 3066 2447 3136 adiungendum
2491 3078 2598 3135 est,
2634 3069 2779 3139 quod
2830 3067 3042 3123 etiamsi
3084 3065 3209 3136 quis
3256 3072 3519 3135 quantum
3558 3065 3624 3117 ad

2048 3174 2244 3226 corpus
2294 3160 2661 3228 virginitatem
2711 3160 2890 3215 colere
2937 3158 3204 3226 videatur,
3255 3159 3302 3214 si
3351 3156 3626 3211 tamenin

2048 3249 2228 3303 anima
2272 3265 2496 3320 parvam
2528 3252 2820 3321 quamdam
2868 3250 3330 3321 concupiscentiae
3386 3248 3625 3303 radicem

2046 3343 2303 3412 excipiat,
2342 3344 2387 3397 is
2430 3345 2540 3413 jam
2594 3359 2693 3398 nec
2735 3343 3038 3397 libertatem
3105 3356 3209 3396 nec
3259 3340 3631 3410 virginitatem

2047 3436 2240 3490 retinet
2272 3453 2287 3490 :
2321 3435 2418 3491 sed
2462 3452 2525 3489 ex
2554 3436 2694 3505 turpi
2728 3451 2791 3489 ac
2819 3433 2960 3489 foeda
3002 3434 3274 3504 voluptate
3303 3448 3464 3503 quam
3499 3448 3623 3485 sur-

2048 3529 2240 3599 ripuit,
2272 3530 2323 3583 in
2359 3531 2678 3584 servitutem
2716 3528 2928 3590 incidit,
2962 3527 3290 3598 virginitatis
3321 3526 3625 3580 libertatem

2048 3621 2171 3691 luga
2202 3620 2488 3675 deserens.
2531 3621 2683 3688 Quod
2721 3634 2849 3674 cum
2904 3619 3247 3689 exploratum
3294 3618 3563 3681 habeatis,
3596 3633 3630 3671 o

2044 3713 2305 3782 virgines.
2346 3727 2414 3767 eo
2438 3712 2739 3767 studiosius
2772 3711 2927 3765 vobis
2962 3700 3400 3779 prospiciendum
3432 3718 3535 3773 est,
3561 3724 3631 3763 ne

2048 3804 2278 3871 turpiter
2302 3813 2356 3857 et
2387 3802 2606 3858 sordide
2640 3817 2703 3855 ac
2729 3800 2918 3855 furtim
2952 3802 3222 3869 impuram
3249 3808 3301 3855 et
3321 3798 3624 3854 adulteram

2046 3896 2374 3965 voluptalem
2410 3894 2659 3964 rapiatis,
2703 3908 2803 3948 nec
2839 3893 3139 3960 virgineam
3189 3890 3493 3946 libertatem
3538 3889 3622 3943 l’u-

2045 3988 2227 4056 giatis,
2272 3989 2531 4042 nimirum
2569 4002 2694 4041 cum
2727 3986 2794 4041 iis
2822 3984 3151 4046 habitantes,
3185 3997 3324 4052 quos
3372 3983 3624 4035 συνεισά-

2046 4097 2229 4143 κτους,
2265 4080 2369 4134 hoc
2398 4089 2500 4143 est,
2543 4078 2940 4133 introductitios
2997 4077 3223 4142 dicunt;
3272 4076 3365 4145 qui
3406 4075 3628 4144 quidem

2049 4171 2152 4227 etsi
2189 4172 2522 4225 matrimonii
2547 4171 2663 4240 lege
2711 4183 3059 4241 nequaquam
3114 4167 3213 4223 viri
3267 4167 3428 4223 vestri
3478 4177 3625 4229 sunt,

2047 4275 2243 4318 natura
2303 4272 2484 4318 tamen
2553 4262 2654 4316 viri
2723 4269 2873 4317 sunt.
2932 4260 3103 4315 Porro
3156 4258 3619 4329 quemadmodum

2048 4354 2385 4423 periculosus
2412 4362 2498 4407 est
2527 4353 2668 4423 ignis
2698 4352 2912 4420 stipulae
2934 4350 3214 4412 admotus,
3237 4348 3425 4403 eodem
3461 4348 3622 4402 modo

2046 4457 2235 4511 parum
2267 4448 2444 4496 tutum
2476 4450 2562 4496 est
2607 4440 2912 4512 virginibus
2942 4456 3089 4495 cura:
3124 4446 3288 4509 atque
3319 4437 3476 4493 o'licii
3514 4436 3614 4491 fra-

2048 4531 2185 4585 terni
2241 4537 2498 4599 prmtextu
2551 4528 2955 4584 introductitios
3004 4528 3151 4581 viros
3184 4527 3387 4581 habere
3430 4532 3620 4579 contu-

352 4608 639 4679 pecunias,
691 4608 806 4662 sive
849 4608 1130 4677 injuriam,
1180 4608 1296 4665 sive
1343 4611 1583 4681 denique
1635 4613 1940 4682 simplicem
1977 4653 2017 4706 υ
2049 4618 2321 4673 hernales.
2374 4616 2507 4671 Nam
2557 4618 2771 4672 etiamsi
2812 4616 3049 4671 lortasse
3096 4614 3371 4684 pudicitiae
3406 4613 3619 4667 laudem

352 4702 655 4772 quamdam
710 4700 1205 4769 cxpostnlationem
1267 4718 1283 4755 :
1351 4702 1792 4772 quandoquidem
1846 4705 1940 4758 tibi

350 4807 575 4863 quoque
601 4790 854 4845 Christus
888 4800 1109 4859 peccata
1141 4793 1406 4846 adversus
1436 4792 1612 4862 ipsum
1646 4796 1940 4849 commissa

351 4889 708 4943 condonavit.
760 4884 1020 4943 Miserere
1074 4889 1452 4943 misericordia
1494 4889 1717 4959 dignum
1755 4905 1768 4942 :
1801 4904 1939 4958 quo-

354 4983 503 5038 niam
538 4984 631 5038 tibi
657 4999 881 5055 quoque
915 4982 1346 5040 misericordiam
1376 4982 1641 5052 impertiit
1663 4982 1936 5036 Christus.

354 5075 713 5131 llutnanitate
761 5092 889 5149 erga
935 5076 1246 5147 indigentes
1290 5075 1385 5129 Dei
1414 5074 1803 5145 benignitatem
1836 5073 1938 5128 hu-

355 5170 788 5239 manitatemque
825 5171 918 5225 tibi
965 5171 1195 5226 concilia
1230 5168 1446 5240 (justus
1472 5173 1615 5222 enlm
1650 5168 1738 5237 ille
1770 5167 1932 5236 judex

354 5261 793 5317 misericordiam
824 5276 981 5317 suam
1015 5270 1200 5317 nostra
1230 5259 1607 5317 misericordia
1638 5259 1933 5329 expendit)

350 5356 599 5427 quandiu
651 5357 774 5410 vitae
834 5364 1046 5426 tempus
1112 5354 1375 5425 suppetit.
1452 5354 1556 5408 Per
1604 5352 1934 5407 laudabilem

351 5446 786 5520 praeclaramque
835 5444 1273 5500 immutationem
1343 5451 1491 5496 tuam
1554 5442 1721 5496 vitam
1779 5440 1936 5495 vitaa—

353 5555 466 5611 que
518 5539 784 5594 rationem
845 5539 1067 5604 innova,
1126 5538 1229 5591 hoc
1290 5543 1394 5597 est,
1428 5535 1543 5588 sive
1600 5533 1934 5596 caelibatum,

353 5634 477 5688 sive
511 5631 944 5693 matrimonium,
981 5631 1095 5684 sive
1126 5628 1273 5684 aliud
1301 5625 1571 5696 quoddam
1609 5624 1731 5681 vitae
1763 5636 1936 5693 genus

428 5865 476 5899 ³⁸
511 5862 654 5919 l‘sal.
690 5877 843 5929 χχιιι,
874 5865 921 5918 l.

999 5861 1040 5893 “
1082 5860 1225 5917 Psal.
1257 5873 1486 5925 xxxvi",
1528 5858 1609 5912 l3.
1651 5859 1695 5889 θ’
1723 5857 1740 5912 l
1770 5854 1876 5912 Cor
1930 5867 2024 5918 vn,
2056 5849 2147 5905 ‘27.

2052 4706 2304 4769 habeant,
2363 4706 2477 4758 tieri
2537 4714 2714 4759 tamen
2776 4717 2885 4756 non
2933 4707 3109 4766 potest
3141 4698 3298 4767 quin,
3349 4713 3474 4753 cum
3527 4714 3624 4755 eos

2048 4798 2348 4859 intuentur,
2388 4796 2681 4863 voluptatis
2705 4793 3031 4863 cogitatione
3059 4799 3370 4858 tangantur,
3402 4804 3466 4845 ac
3496 4804 3621 4860 per-

2046 4889 2224 4954 petuis
2266 4886 2466 4939 amoris
2511 4882 2878 4938 incitamentis
2926 4878 3254 4941 crucientur,
3286 4878 3624 4948 ﬂanimaeque

2045 4978 2442 5034 suscitahulum
2491 4985 2655 5045 atque
2707 4972 2998 5042 igniculum
3053 4971 3306 5025 habeant.
3351 4971 3461 5041 Ego
3493 4984 3625 5026 vero

2051 5081 2158 5121 non
2188 5064 2500 5134 huiusmodi
2538 5072 2748 5117 tantum
2782 5059 3122 5115 contubernii
3157 5056 3622 5112 necessitudinem

2046 5158 2387 5214 interdictam
2419 5157 2562 5219 volo,
2592 5155 2683 5210 sed
2706 5167 2829 5207 eam
2860 5166 3078 5222 quoque
3104 5164 3363 5205 exsecror
3391 5164 3621 5205 consue-

2045 5251 2309 5313 tudinem,
2342 5261 2462 5317 quae
2498 5243 2894 5316 prospiciendis
2923 5253 3073 5297 trans
3120 5241 3394 5296 fenestras
3426 5249 3622 5309 praete-

2044 5343 2326 5397 reuntibus
2372 5354 2468 5409 per
2519 5337 2755 5392 medium
2796 5350 2977 5390 aerem
3034 5334 3402 5390 contrahitur.
3462 5331 3619 5399 Saepe

2040 5435 2184 5490 enim
2234 5432 2453 5497 accidit,
2488 5438 2547 5485 ut
2580 5445 2677 5501 per
2705 5429 3079 5499 importunum
3115 5433 3392 5494 aspectum
3438 5422 3620 5476 aculei

2042 5526 2236 5579 mortis
2269 5523 2323 5576 in
2354 5531 2545 5591 pectus
2576 5519 2838 5589 irrepant.
2863 5515 3121 5572 Nonnulli
3144 5522 3328 5569 autem
3357 5513 3620 5581 ignoran-

2041 5627 2216 5683 tes,ut
2238 5615 2472 5682 videtur,
2489 5615 2713 5685 quinam
2737 5612 2843 5668 sint
2868 5609 3026 5681 ii,qui
3051 5604 3407 5671 introductitii
3430 5602 3626 5660 dicun-

2224 5851 2269 5883 ⁸⁸
2304 5848 2435 5904 ibid.
2462 5848 2549 5903 24.
