4116 6448
391 461 533 521 1429

1272 459 1595 523 NICETAS
1633 462 1719 523 IN
1760 460 1989 523 ORAT.
2031 461 2235 522 XLIII
2277 462 2336 525 S.
2377 463 2610 523 GREG.

3497 462 3648 529 ιικιι

388 588 609 626 cursnm
643 570 931 637 acccleres,
969 577 1133 640 atque
1160 572 1226 626 ad
1256 587 1341 639 ea,
1377 588 1499 644 quae
1529 589 1558 628 a
1594 573 1770 629 fronte
1805 581 1958 639 sunt,
1987 575 2030 632 Α
2060 575 2178 629 cole
2204 616 2218 640 ,
2253 585 2307 629 ct
2336 575 2473 630 alios
2528 584 2892 646 temperantes
2947 577 3133 632 redde.
3187 577 3301 632 Hoc
3356 577 3503 632 enim
3538 578 3634 633 τοῦ

385 661 722 715 extendat-is.

453 753 571 809 Col.
621 752 727 809 6l8
777 753 840 809 A.
889 751 1023 808 Heri
1066 754 1138 808 ad
1182 757 1436 826 temporis
1488 754 1809 822 arbitrium,
1852 767 1956 813 etc.

387 845 654 911 Quoniam
684 845 898 900 dixerat
924 862 938 900 :
967 844 1024 900 Si
1051 855 1199 901 recte
1221 846 1379 915 vivis,
1412 862 1635 903 cursum
1667 849 1955 913 contende;

388 939 429 992 si
453 947 633 991 autem
662 952 875 1007 peccas,
907 936 1169 1006 resipisce
1199 953 1216 991 :
1246 937 1405 992 docet
1426 954 1594 1003 nunc,
1617 954 1722 1007 qna
1748 941 1957 993 ratione

386 1029 626 1082 converti
668 1029 792 1098 quis
820 1028 1012 1097 possit,
1052 1028 1239 1097 aitque
1285 1046 1301 1083 :
1334 1030 1462 1083 Heri
1525 1044 1622 1098 pro
1650 1041 1957 1099 temporum

384 1128 527 1173 statu
558 1118 706 1173 varie
745 1118 974 1187 teipsum
1026 1117 1324 1189 el‘ﬁngebas
1349 1160 1364 1186 ,
1396 1135 1459 1175 ac
1491 1120 1649 1174 ﬁdem
1701 1128 1846 1175 tuam
1892 1120 1959 1174 ad

384 1223 759 1280 tempus,quo
779 1210 1014 1265 haeretici
1046 1226 1227 1265 rerum
1262 1211 1626 1280 potiebantur,
1652 1225 1961 1266 accommoo

385 1303 590 1364 dabas;
626 1302 788 1356 hodie
828 1300 921 1355 Dei
957 1302 1112 1355 ﬁdem
1144 1301 1387 1358 addisce.
1423 1302 1704 1373 Quousque
1744 1310 1964 1372 utroque

385 1394 579 1463 poplite
611 1392 940 1448 claudicabis
965 1395 1011 1426 "
1040 1393 1063 1447 ἲ
1097 1394 1149 1448 id
1180 1402 1285 1458 est,
1323 1395 1375 1448 in
1417 1405 1705 1464 utramque
1729 1403 1961 1464 partem,

390 1488 443 1540 in
460 1491 652 1541 neutra
669 1487 772 1541 ﬁde
789 1496 939 1540 recto
953 1487 1087 1556 pede
1101 1486 1483 1553 incedens,sed
1495 1496 1549 1540 et
1561 1484 1963 1542 secundude

386 1575 715 1642 doctrinam,
743 1584 797 1630 et
827 1577 1125 1631 secundum
1152 1586 1457 1648 temporum
1487 1578 1646 1632 ﬁdem
1672 1587 1961 1648 aegrotans.

388 1665 523 1722 Nam
560 1668 668 1722 nisi
699 1678 994 1738 aegrotarcs
1015 1711 1029 1733 ,
1062 1669 1489 1740 haudquaquam
1522 1679 1631 1725 tam
1665 1669 1823 1726 facile
1858 1671 1964 1725 im-

391 1758 702 1814 mutareris.
730 1758 857 1813 Elite
884 1775 1046 1829 porro
1059 1759 1179 1814 haec
1205 1759 1365 1814 verba
1395 1769 1544 1824 sunt,
1576 1759 1642 1815 ad
1671 1761 1964 1830 prophetas

390 1849 789 1917 ignominiosos
819 1850 893 1904 ita
933 1850 1206 1920 loquentis
1236 1868 1251 1905 :
1276 1850 1571 1921 Quousque
1613 1860 1832 1920 utroque
1865 1866 1963 1920 po-

2063 665 2433 737 σωφρονιστοῦ
2457 667 2735 737 preprium
2760 678 2865 723 est.
2897 667 3077 724 llodie‘
3095 685 3249 726 mero
3272 672 3639 742 lngurgitatus

2061 772 2121 816 es
2152 775 2165 811 :
2196 772 2318 814 cras
2353 773 2515 828 aqua:
2542 759 2769 828 potione
2795 760 2941 815 sitim
2975 762 3129 818 seda.
3161 760 3337 818 llodie
3369 765 3438 818 ab
3469 763 3650 819 Amos

2064 849 2323 919 propheta
2363 850 2583 905 miseris
2622 851 2795 906 modis
2842 851 3138 921 exagitaris
3166 893 3181 918 ,
3256 863 3322 908 ut
3394 854 3450 909 in
3482 854 3640 910 lectis

2065 940 2319 995 eburneis
2343 940 2543 996 lascive
2573 941 2936 1007 decumbens,
2962 956 3026 996 ac
3057 942 3338 1011 primariis
3361 954 3415 999 et
3445 948 3647 1012 exqui-

2066 1031 2158 1085 siti
2193 1033 2357 1102 pretit
2406 1033 2699 1103 unguentis
2729 1034 3004 1090 delibutus
3028 1036 3076 1067 ν’
3109 1053 3122 1089 :
3162 1032 3247 1089 fac
3280 1035 3524 1090 crastino
3555 1036 3650 1091 die

2068 1125 2258 1178 beatus
2295 1125 2609 1194 praediceris
2636 1167 2652 1190 ,
2696 1126 2957 1182 nimirum
2997 1127 3187 1181 humili
3219 1137 3393 1182 strato
3422 1143 3488 1181 ac
3519 1143 3647 1197 per-

2064 1214 2253 1286 vigilio
2291 1217 2598 1273 hesternam
2630 1219 2915 1274 mollitiem
2952 1235 3176 1275 curans.
3205 1221 3406 1290 Atque,
3439 1230 3497 1274 nt
3529 1235 3649 1274 rem

2067 1321 2175 1362 uno
2198 1306 2370 1364 verbo
2401 1308 2701 1376 absolvam,
2737 1309 3105 1380 pulcherrima
3136 1325 3366 1381 quaeque
3397 1325 3493 1379 pro
3525 1319 3645 1363 tur-

2065 1398 2314 1468 pissimis
2348 1397 2664 1471 quibusque
2693 1401 2967 1456 substitue
2986 1443 3001 1468 ,
3055 1415 3156 1472 pro
3181 1402 3296 1456 risu
3323 1402 3655 1472 gravitatem.

2064 1497 2122 1547 et
2146 1490 2425 1546 tristitiam
2452 1528 2469 1556 ,
2500 1504 2601 1562 pro
2631 1491 2920 1547 ambitioso
2967 1491 3114 1548 circa
3160 1492 3416 1547 vestitum
3465 1493 3647 1548 studio

2066 1581 2273 1636 cultum
2304 1581 2606 1652 simplicem
2639 1581 2974 1654 minimeque
3018 1591 3340 1639 accuratum
3365 1623 3379 1647 ,
3412 1598 3512 1652 pro
3554 1598 3647 1637 sn!

2071 1673 2257 1742 perbia
2288 1681 2346 1729 et
2375 1674 2545 1729 animi
2575 1684 2789 1731 tumore
2818 1676 3083 1731 vilitatem
3122 1677 3176 1730 in
3206 1677 3452 1732 externis
3483 1677 3648 1731 rebus

2066 1778 2122 1821 et
2158 1767 2208 1819 in
2233 1777 2515 1838 aspectum
2549 1767 2904 1833 cadentibus,
2937 1783 3039 1838 pro
3076 1768 3383 1839 magniﬁcis
3414 1769 3650 1830 aedibus.

2069 1871 2133 1912 ac
2153 1858 2502 1927 laquearibus
2518 1858 2700 1914 aureis
2717 1856 3074 1928 fulgentibus,
3092 1870 3383 1929 angustam
3401 1859 3649 1923 domum,

390 1940 518 2008 plite
551 1941 928 1996 clandicabitis
950 1980 964 2005 ,
994 1958 1140 1996 nunc
1171 1941 1323 2005 Baal,
1359 1958 1504 1997 nunc
1540 1942 1648 1997 Deo
1678 1943 1964 1997 adhaeren-
1994 1910 2043 1971 Β
2072 1959 2168 2014 pro
2190 1910 2409 2000 sublimi
2442 1946 2591 2000 vultu
2623 1954 2677 2001 et
2723 1910 2870 2000 recta
2902 1945 2956 2000 in
2996 1910 3418 2001 altumocervice
3443 1946 3652 2001 demis-

388 2032 673 2088 tes?Nam
706 2032 983 2097 Israclitae,
1015 2035 1106 2104 qui
1140 2035 1371 2104 imperio
1406 2035 1593 2089 Achab
1624 2036 1965 2100 tenebantur,

394 2125 556 2180 simul
578 2134 646 2181 ct
700 2126 966 2180 idolorum
1020 2127 1187 2179 cultui
1241 2126 1440 2180 addicti
1474 2133 1667 2189 erant,
1715 2135 1769 2179 et
1802 2126 1969 2181 Deum

394 2217 715 2274 adorabant.
752 2217 910 2274 Unde
953 2218 1259 2289 subiunxit.
1319 2220 1381 2275 Si
1415 2219 1549 2274 Deus
1580 2230 1657 2275 est
1690 2220 1970 2283 Dominus,

395 2312 674 2381 sequimini
692 2328 840 2378 eum;
875 2313 922 2367 si
941 2322 1115 2367 autem
1131 2311 1270 2367 Baal
1289 2324 1385 2375 est,
1415 2315 1700 2383 sequimini
1730 2332 1848 2369 eum
1877 2318 1966 2370 "‘.

396 2402 532 2457 Nam
558 2420 663 2460 nec
703 2404 869 2470 Deus,
902 2404 1118 2474 inquit,
1150 2406 1543 2461 commentitiis
1573 2407 1679 2462 diis
1711 2406 1972 2464 honorem

395 2492 585 2550 haberi
619 2495 733 2550 vult
757 2535 772 2560 ,
825 2510 925 2550 nec
964 2496 1016 2549 hi
1069 2511 1261 2551 verum
1292 2495 1464 2552 Deum
1516 2498 1731 2552 adorari
1764 2499 1972 2554 volunt.

397 2586 509 2643 Vos
553 2595 732 2642 autem
762 2626 778 2653 ,
816 2599 931 2643 tum
966 2588 1115 2653 haec,
1148 2597 1263 2643 tum
1316 2587 1405 2643 illa
1457 2587 1721 2644 facientes
1744 2628 1760 2653 ,
1796 2589 1975 2643 neutri

394 2677 831 2733 benevolentiam
855 2685 1058 2733 certam
1085 2688 1139 2732 et
1163 2686 1504 2734 constantem
1530 2679 1786 2735 servatis.
1812 2678 1978 2735 Clau-

396 2768 547 2823 dicat
575 2776 756 2827 autem
798 2769 1065 2824 ambobus
1100 2768 1416 2839 poplitibus,
1446 2770 1540 2839 qui
1572 2780 1808 2841 utroque
1841 2771 1978 2842 pede

393 2861 627 2917 claudus
656 2869 762 2917 est.
805 2861 1009 2928 ’ἰγνύαι
1036 2861 1182 2917 enim
1215 2861 1474 2917 dicuntur
1518 2863 1853 2932 posteriores
1887 2878 1979 2935 ge-

396 2966 570 3006 unum
606 2959 811 3022 partes,
831 2967 861 3007 a
893 2952 1061 3007 verbo
1093 2951 1394 3021 ἄγνυσθαι,
1415 2954 1559 3023 quod
1594 2952 1869 3025 signiﬁcat
1895 2955 1979 3010 in-

397 3041 565 3112 fringi
602 3051 766 3112 atque
813 3043 1036 3113 inﬂecti.
1070 3042 1149 3099 Ne
1187 3058 1423 3114 semper,
1475 3045 1707 3101 consilio
1739 3047 1979 3117 quodam

396 3133 631 3201 scilicet,
666 3145 724 3190 at
751 3150 858 3191 non
890 3150 955 3191 ex
984 3135 1191 3202 animo,
1217 3150 1283 3191 ea
1312 3136 1465 3193 dicas
1495 3146 1591 3192 aut
1622 3137 1790 3194 facias
1813 3177 1829 3203 ,
1861 3153 1984 3208 quae

2068 2049 2191 2091 sum
2229 2035 2438 2089 vultum
2478 2043 2534 2090 et
2565 2035 2861 2105 abiectum.
2899 2037 3016 2092 Hoc
3049 2037 3094 2091 si
3126 2036 3319 2092 feceris
3344 2072 3361 2098 ,
3394 2036 3498 2091 erit
3530 2036 3650 2100 tibi,

2071 2134 2133 2181 ut
2156 2141 2279 2181 cum
2304 2126 2439 2182 Isaia
2463 2126 2655 2197 lo'quar
2673 2128 2765 2195 ’9',
2797 2127 2992 2183 ctelum
3021 2141 3221 2183 novum
3246 2137 3300 2184 et
3317 2138 3460 2185 terra
3488 2143 3649 2184 nova.

2071 2219 2208 2284 Nam
2248 2234 2373 2274 cum
2427 2219 2541 2275 hinc
2580 2227 2705 2276 ante
2732 2219 3036 2276 Salvatoris
3079 2220 3513 2277 incarnationem
3545 2221 3651 2275 alia

2073 2310 2412 2375 viderentur,
2435 2311 2537 2365 alia
2564 2321 2748 2380 postea
2778 2310 2997 2381 cognita
3026 2318 3173 2365 sunt.
3198 2308 3354 2366 Prius
3380 2309 3651 2377 siquidem

2074 2403 2150 2458 dii
2184 2403 2546 2467 habebantur,
2570 2411 2758 2473 postea
2790 2412 2971 2458 autem
2994 2411 3280 2458 creaturae.
3315 2400 3440 2456 Tibi
3468 2411 3653 2456 autem

2076 2492 2185 2548 alio
2230 2492 2393 2547 modo
2438 2492 2553 2547 haec
2594 2507 2733 2547 nova
2768 2501 2969 2556 erunt,
3009 2506 3135 2546 cum
3174 2490 3281 2545 alia
3332 2490 3669 2560 percipientit

2077 2591 2240 2650 atque
2287 2581 2607 2649 intelligenti
2631 2622 2647 2649 ,
2686 2581 2851 2650 veluti
2888 2581 3055 2636 situm
3082 2619 3097 2646 ,
3134 2579 3363 2649 ﬁguram
3386 2619 3400 2644 ,
3433 2578 3656 2649 elegan-

2079 2669 2234 2735 tiam,
2257 2670 2706 2742 magnitudinem,
2726 2669 3041 2735 utilitatem,
3057 2680 3170 2722 tum
3189 2666 3416 2735 insuper
3429 2680 3654 2721 causam

2076 2770 2132 2815 et
2169 2762 2464 2826 rationem,
2500 2768 2723 2832 propter
2744 2774 2907 2830 quam
2934 2759 3001 2814 ad
3035 2759 3182 2813 hunc
3208 2760 3430 2811 modum
3457 2757 3657 2812 horum

2080 2853 2509 2922 unumquodque
2539 2850 2743 2907 factum
2775 2858 2875 2905 est.
2898 2849 2993 2905 Sic
3022 2849 3190 2915 enim,
3218 2859 3275 2902 ut
3304 2847 3511 2903 dictum
3547 2856 3658 2911 est,

2079 2940 2363 3012 cogitanti,
2395 2940 2637 3012 cognitio
2666 2953 2882 3009 quoque
2912 2938 3030 3005 ipsa
3062 2938 3116 2992 in
3149 2937 3345 2992 melius
3390 2936 3655 2991 immuta-

2082 3035 2247 3090 bitur.
2267 3033 2568 3090 Possumus
2585 3033 2748 3088 etiam
2779 3031 2887 3087 alio
2911 3031 3074 3087 modo
3104 3030 3250 3085 hunc
3284 3029 3463 3083 locum
3489 3030 3661 3096 expli-

2081 3141 2239 3193 care,
2273 3134 2334 3181 ut
2361 3141 2485 3180 cum
2504 3124 2766 3196 Gregorio
2795 3122 3042 3194 Nysseno
3066 3137 3160 3192 per
3196 3121 3396 3177 ctelum
3429 3136 3658 3184 novum,

397 3240 510 3281 nou
543 3227 1073 3299 conveniuntzquin
1104 3228 1318 3299 petius,
1348 3228 1611 3298 quoniam
1659 3228 1973 3300 huiusmodi
2000 3246 2043 3307 ε
2084 3216 2485 3272 ﬁrmamentum
2530 3217 2653 3272 ﬁdei
2697 3218 2751 3270 in
2793 3215 3070 3271 (ἷδτῖεῑωη
3116 3213 3481 3307 intelligamus
3507 3228 3661 3307 ille"

398 3318 739 3388 dispensatio
762 3319 828 3374 ad
858 3318 1155 3390 perniciem
1179 3328 1232 3375 et
1253 3320 1595 3376 eversionem
1621 3320 1719 3376 abs
1742 3328 1792 3376 te
1816 3336 1982 3377 exco-

400 3411 571 3481 gitata
593 3416 698 3474 est,
731 3410 845 3465 haec
875 3410 1041 3466 missa
1071 3410 1175 3472 fac,
1225 3419 1391 3482 atque
1419 3411 1715 3482 aliquando
1739 3413 1981 3481 tandem,

401 3500 491 3554 vel
536 3508 642 3554 tute
676 3500 874 3571 ipsius,
922 3500 1013 3571 qui
1068 3498 1329 3571 pestifera
1360 3500 1612 3558 doctrina
1661 3502 1899 3560 infectus
1929 3513 1985 3560 et

400 3599 701 3662 corruptus
730 3605 791 3646 es
817 3629 833 3656 ,
863 3591 947 3646 vel
979 3591 1254 3656 aliorum,
1286 3592 1489 3662 quibus
1535 3593 1854 3661 huiusmodi
1890 3607 1983 3650 tua

400 3683 742 3755 dispensatio
790 3684 937 3755 parit
988 3682 1378 3739 offendiculum
1407 3723 1424 3749 ,
1493 3685 1659 3749 saluti
1732 3687 1981 3743 consule.

405 3772 532 3829 ﬂeri
580 3773 943 3830 honoriﬁcum
970 3773 1363 3839 existimabas,
1403 3774 1475 3842 si,
1504 3775 1588 3830 vel
1612 3775 1849 3846 sapiens,
1902 3778 1985 3834 vel

364 3867 610 3933 -justus,
657 3863 745 3920 vel
794 3865 916 3936 pius
958 3864 1255 3932 videreris,
1283 3880 1405 3920 cum
1433 3865 1503 3921 ab
1548 3866 1634 3920 his
1688 3867 1986 3924 virtutibus

405 3957 624 4012 alienus
683 3969 861 4019 esses,
916 3970 981 4011 ac
1042 3955 1246 4011 frustra
1286 3965 1342 4009 et
1399 3956 1700 4011 insolenter
1756 3971 1849 4011 eas
1885 3957 1985 4011 tibi

406 4060 695 4120 arrogares
725 4066 741 4102 :
775 4046 939 4101 hodie
962 4086 979 4115 ,
1013 4049 1114 4102 hac
1159 4046 1566 4102 existimatione
1615 4048 1802 4103 relicta
1825 4088 1841 4112 ,
1876 4061 1986 4102 non

407 4140 583 4197 videri
608 4179 625 4207 ,
652 4139 747 4196 sed
778 4153 902 4195 esse
932 4138 1174 4208 optimus
1205 4137 1382 4192 stude.
1413 4135 1612 4206 Opinio
1643 4138 1788 4194 enim
1819 4135 1984 4192 fallax

407 4243 494 4290 est
521 4231 879 4289 insomnium.
905 4228 1165 4284 Videmur
1187 4228 1331 4282 enim
1355 4228 1514 4283 nobis
1541 4228 1683 4282 inter
1704 4229 1987 4283 somnian-

409 4331 542 4384 dum
581 4344 647 4384 ac
691 4324 1076 4384 dormiendum
1135 4322 1344 4395 aliquid
1398 4322 1621 4391 habere,
1676 4339 1777 4381 nec
1807 4334 1988 4380 tamen

414 4420 701 4475 habemus.
730 4420 801 4473 At
852 4417 1029 4488 ipsum
1064 4430 1187 4471 esse
1210 4455 1225 4481 ,
1261 4430 1445 4471 rerum
1478 4415 1761 4471 veritatem
1804 4415 1988 4473 habet.

412 4510 585 4566 Porro
609 4508 832 4574 divitiae,
859 4522 982 4579 quae
1006 4507 1258 4562 manibus
1282 4514 1560 4569 tenentur,
1584 4509 1991 4575 praestantiores

2084 3316 2284 3362 terram
2330 3315 2512 3362 autem
2547 3321 2743 3362 novam
2774 3319 2872 3359 cor
2901 3319 3097 3376 purum
3128 3312 3183 3360 et
3208 3303 3506 3375 integrum,
3533 3304 3659 3359 illa-

2084 3397 2306 3453 hentem
2339 3397 2392 3450 in
2428 3411 2487 3452 se
2523 3392 2760 3467 pluviam
2793 3395 3009 3451 bibens.

2158 3499 2290 3557 Ibid.
2321 3499 2383 3557 C.
2417 3498 2520 3556 Sed
2540 3501 2662 3570 jam
2689 3499 2759 3555 ad
2791 3499 3042 3569 temporis
3071 3513 3274 3568 quoque
3306 3498 3523 3566 festum,
3554 3506 3661 3553 etc.

2085 3592 2393 3660 Quoniam,
2454 3591 2669 3662 inquit,
2741 3605 2938 3646 novam
2996 3589 3334 3644 Dominicam
3408 3589 3663 3645 laudibus

2087 3682 2363 3754 prosecuti
2380 3696 2593 3745 sumus,
2609 3681 2872 3738 abeamus
2885 3681 3023 3752 iam,
3047 3689 3109 3735 ut
3126 3689 3179 3736 et
3200 3696 3426 3735 vernum
3447 3690 3669 3749 tempus
3710 3718 3722 3730 .

2087 3790 2329 3846 congrua
2393 3773 2687 3830 festivitate
2735 3773 3098 3828 celebremus.
3155 3771 3451 3826 Concurrit
3515 3771 3662 3827 enim

2089 3868 2194 3922 hoc
2214 3866 2427 3933 tempus
2444 3879 2569 3920 cum
2594 3863 2975 3920 Encazniorum
3001 3862 3161 3929 festo,
3179 3877 3242 3918 ac
3265 3865 3521 3917 videntur
3542 3878 3664 3919 om-

2088 3959 2180 4014 nia
2200 3958 2405 4016 Christi
2426 3955 2816 4014 resurrectioni
2844 3954 3129 4026 gratulari.
3152 3955 3327 4025 Atque
3360 3965 3416 4009 ut
3436 3954 3668 4023 iucundi

2091 4049 2351 4119 temporis
2394 4048 2855 4120 iucundissimam
2891 4046 3312 4117 descriptionem
3347 4045 3665 4108 aﬁ‘eramus,

2089 4142 2368 4213 pictricem
2399 4139 2726 4204 orationem,
2757 4139 2917 4210 quasi
2946 4147 3305 4210 spectatores,
3347 4153 3668 4208 sequamur,

2090 4250 2156 4290 ac
2185 4234 2490 4298 videamus,
2521 4247 2771 4303 quaenam
2805 4233 3102 4291 describat,
3125 4240 3179 4286 et
3202 4233 3349 4286 velut
3371 4233 3442 4286 ob
3476 4231 3666 4286 oculos

2092 4336 2278 4398 ponat.
2316 4325 2459 4381 Inter
2491 4325 2619 4380 anni
2655 4333 2899 4396 tempora
2953 4324 3318 4394 principatum
3369 4338 3462 4376 ver
3486 4330 3668 4386 .teuct,

2094 4427 2320 4490 propter
2349 4433 2443 4472 eas
2473 4416 2888 4480 oblectationes,
2920 4430 3060 4486 quas
3088 4414 3268 4471 affert.
3297 4415 3670 4485 Principatum

2094 4510 2279 4565 itidem
2299 4517 2448 4564 tenet
2469 4509 2611 4563 inter
2633 4508 2747 4564 dies
2770 4507 3052 4563 Dominica
3075 4507 3188 4570 illa.
3214 4507 3267 4561 in
3291 4522 3397 4577 qua
3416 4505 3672 4563 Christus

412 4611 544 4660 sunt
593 4602 704 4660 illis
751 4617 874 4673 quae
909 4616 1008 4673 per
1057 4600 1335 4657 somnium
1392 4599 1693 4671 ﬁnguntur.
1751 4599 1989 4658 Proinde
2023 4579 2065 4636 Ι)
2098 4603 2416 4659 resurrexit.
2467 4601 2655 4672 Itaque
2688 4615 2783 4656 rex
2829 4609 3170 4669 temporum,
3201 4599 3304 4653 hoc
3352 4606 3457 4663 est,
3508 4614 3672 4653 verna

413 4703 578 4751 certae
612 4709 675 4751 ac
702 4692 1053 4750 subsistentis
1084 4692 1356 4757 veritatis,
1388 4705 1555 4761 quam
1588 4704 1740 4745 vante
1775 4692 1989 4762 opinio-

414 4785 536 4852 nis,
570 4783 851 4854 antiquius
882 4782 976 4837 tibi
1014 4782 1083 4838 sit
1132 4780 1401 4836 studium.
1439 4778 1562 4835 Heri
1595 4780 1751 4836 vanis
1779 4792 1996 4851 specta-

413 4874 555 4932 culis
602 4874 845 4930 animum
890 4873 1222 4942 adiiciebas,
1277 4887 1340 4927 ac
1389 4872 1570 4928 visum
1597 4913 1614 4939 ,
1649 4872 1998 4944 reliquosque

420 4966 1216 5040 omnesisensusmbscenarum
1251 4980 1431 5021 rerum
1463 4974 1686 5036 aspectu
1710 4963 1954 5021 ftedabas
1979 4983 1994 5019 :

428 5060 590 5117 hodie
616 5075 646 5115 a
678 5060 842 5115 rebus
885 5073 1107 5114 sensum
1158 5057 1506 5113 moventibus
1530 5056 1761 5112 abducta
1792 5066 1996 5125 mente,

312 5202 325 5216 ,
426 5152 866 5209 intellectualiter
905 5165 1153 5221 operare,
1194 5152 1245 5206 in
1294 5151 1748 5221 sempiternarum'
1813 5165 1993 5207 rerum

421 5244 797 5315 speculatione
865 5242 1110 5299 studium
1163 5251 1217 5297 et
1275 5256 1497 5311 operam
1570 5256 1801 5311 ponens.
1868 5241 1993 5296 Heri

419 5337 760 5393 conviciator
787 5350 909 5391 eras
951 5344 1020 5390 “et
1076 5334 1326 5405 petulans
1351 5373 1367 5398 ,
1424 5333 1478 5389 id
1512 5344 1615 5401 est,
1677 5334 1915 5390 crudelis
1944 5343 1999 5389 et

416 5429 712 5500 impudens
772 5447 787 5483 :
845 5428 1005 5483 hodie
1070 5427 1267 5483 faustis
1316 5426 1500 5482 verbis
1552 5441 2002 5498 unumquemque

417 5532 774 5589 prosequere,
810 5528 974 5590 atque
1004 5533 1069 5573 ex
1107 5517 1326 5573 feritate
1351 5525 1407 5571 et
1437 5517 1763 5573 truculentia
1798 5515 1864 5570 ad
1902 5516 2002 5570 bu-

421 5609 739 5664 manitatem
772 5610 964 5678 migra.
998 5608 1125 5665 Heri
1154 5608 1648 5664 comessationibus
1681 5616 1736 5663 et
1766 5610 2003 5678 crapula:

417 5701 647 5757 deditus
700 5715 825 5757 eras
863 5720 876 5755 :
914 5701 1079 5757 hodie
1110 5700 1434 5773 gravitatem
1477 5713 1541 5756 ac
1582 5700 1999 5771 temperantiam

491 5864 537 5895 ⁸³
576 5858 645 5914 ιιι
694 5858 826 5930 Reg.
857 5872 1012 5926 xvttt,
1046 5857 1138 5913 21.
1216 5857 1280 5891 ’³⁸
1318 5857 1446 5915 ibid.

2092 4695 2412 4751 constitutio
2437 4734 2452 4758 ,
2486 4694 2617 4748 huic
2650 4694 2865 4749 dierum
2899 4692 3117 4761 reginae,
3145 4690 3196 4743 id
3238 4697 3340 4754 est,
3373 4689 3673 4746 Dominicae

2095 4801 2351 4858 pompam
2385 4786 2560 4840 laetam
2595 4784 2842 4853 peragit,
2879 4782 2930 4835 id
2960 4790 3062 4847 est,
3098 4781 3464 4837 ministerium
3497 4782 3677 4851 quod-

2099 4882 2223 4934 dam
2259 4877 2358 4948 ipsi
2406 4876 2525 4932 obit
2554 4894 2569 4929 :
2603 4887 2659 4930 et
2692 4889 2817 4944 pars
2855 4873 3007 4940 anni,
3038 4872 3329 4942 imperium
3361 4871 3471 4928 diei
3512 4872 3679 4942 huius

2104 4982 2430 5038 agnoscens,
2471 4965 2628 5035 quasi
2682 4963 2888 5018 famula
2939 4962 3195 5027 dominm,
3242 4961 3513 5032 quidquid
3550 4962 3678 5032 pul-

2102 5060 2432 5115 cherrimum
2463 5073 2526 5113 ac
2575 5056 2826 5111 sensibus
2863 5053 3233 5125 gratissimum
3265 5055 3453 5122 habet,
3499 5052 3685 5111 oﬂ‘ert.

2107 5152 2207 5217 Ac,
2243 5152 2290 5205 si
2319 5151 2486 5215 libet,
2524 5148 2677 5204 verni
2719 5147 2981 5216 temporis
3009 5146 3359 5202 amtenitates
3389 5160 3680 5202 recensea-

2104 5258 2245 5299 mus.
2270 5242 2426 5299 Nunc
2446 5242 2644 5298 etelum
2658 5239 3017 5310 splendidius,
3037 5239 3297 5293 nimirum
3320 5237 3686 5295 tenebricosis

2104 5345 2158 5392 et
2194 5334 2510 5406 caliginosis
2546 5333 2787 5388 nubibus
2818 5372 2832 5399 ,
2862 5333 3017 5402 quasi
3048 5337 3201 5386 veste
3246 5330 3481 5400 quadam
3536 5336 3678 5391 atra,

2103 5436 2351 5484 exutum.
2402 5425 2559 5482 Nunc
2589 5426 2671 5482 sol
2704 5424 3030 5491 sublimior;
3071 5423 3177 5492 iam
3209 5421 3354 5476 cnim
3394 5419 3462 5473 ab
3496 5417 3681 5473 humi:

2101 5517 2331 5574 lioribus
2364 5528 2417 5573 et
2459 5517 2791 5572 australibus
2824 5515 3072 5586 partibus
3098 5512 3166 5568 ad
3199 5510 3475 5573 Boreales,
3512 5517 3587 5572 et,
3623 5514 3687 5563 ut

2101 5608 2206 5666 dici
2262 5609 2573 5675 consuevit,
2631 5622 2853 5663 currum
2910 5606 3187 5660 Arcticum
3287 5601 3682 5673 progreditur,

2105 5698 2323 5755 tametsi
2358 5698 2576 5754 interim
2613 5700 2679 5755 ab
2712 5695 3108 5769 [EquinOCtiali
3159 5710 3266 5753 non
3323 5693 3485 5765 longe
3514 5691 3695 5748 absit..

1545 5857 1588 5890 ³⁸
1622 5858 1783 5916 Amos
1819 5876 1888 5927 vr,
1920 5858 1972 5913 4.
2049 5858 2116 5892 ’ν
2149 5857 2248 5914 lsa.
2292 5870 2414 5925 uv,
2454 5856 2539 5913 I7.
