4116 6430
493 375 622 431 1431

1900 389 2279 452 ΑΟΟΕΝΒΛ.

3599 399 3738 465 1432

491 478 643 586 Nthc
668 483 806 586 Inlue
830 489 979 543 orlris
1004 489 1266 545 illustrior
1299 512 1313 544 :
1348 495 1524 551 hieme
1546 499 1691 554 enim
1720 502 1923 557 tristior
1947 514 2065 560 erat
2093 508 2135 564 A
2169 521 2232 560 ac
2267 522 2485 562 sursum
2536 509 2727 564 oculos
2780 510 2846 563 ad
2903 509 3071 566 Deum
3108 514 3298 579 tendit,
3331 514 3641 586 ipsumque,
3676 529 3738 571 ut

490 578 544 624 et
575 572 882 639 obscurior,
938 592 1159 650 propter
1187 585 1331 640 aeris
1364 588 1692 645 erassitiem.
1727 592 1793 647 Et
1822 595 2063 650 siderum

489 665 693 720 chorus
742 668 931 728 purior
970 673 1113 729 veris
1154 683 1398 746 tempore
1433 698 1445 733 :
1479 683 1740 750 quoniam
1793 701 1901 740 non
1954 689 2063 756 jam

489 766 711 825 propter
765 759 1115 817 immodicam
1169 766 1547 827 humiditatem
1606 791 1841 845 vapores
1892 779 2067 835 crassi

487 848 817 903 excitantur.
854 851 1011 909 Nunc
1058 854 1281 924 ﬂuctus,
1342 865 1531 927 nubes,
1573 868 1758 933 venti,
1793 879 1961 935 terra,
2013 881 2066 927 et

487 938 684 1006 planta:
713 952 917 1010 pacata:
967 957 1100 1001 sunt
1127 959 1179 1003 et
1210 955 1539 1022 tranquillae,
1574 961 1787 1014 etiamsi
1825 977 1920 1030 per
1952 963 2066 1017 hic-

484 1043 627 1084 mem
659 1035 1003 1102 gravissimis
1035 1039 1276 1097 dissidiis
1306 1054 1361 1097 et
1388 1045 1544 1101 bellis
1575 1049 1715 1104 inter
1746 1066 1805 1104 se
1834 1051 2060 1105 conﬂic-

484 1130 749 1179 tarentur.
806 1125 1128 1197 Priusquam
1166 1134 1310 1187 enim
1357 1124 1662 1204 jucundum
1717 1152 1771 1196 et
1805 1144 2058 1198 blandum

481 1229 578 1268 ver
598 1217 756 1272 nobis
783 1219 1070 1285 illuxisset,
1097 1223 1293 1280 ﬂuetus
1322 1228 1523 1297 impetu
1548 1234 1852 1293 vehementi
1883 1237 2060 1293 littora

480 1306 875 1377 verberabant,
911 1324 966 1367 et
1010 1317 1184 1371 nubes
1226 1319 1394 1373 solem
1425 1323 1800 1400 obdueebant,
1830 1339 1883 1383 et
1912 1333 2060 1385 venti

478 1413 659 1454 aerem
713 1406 1155 1464 commovebant.
1210 1408 1378 1465 Terra
1415 1414 1637 1485 insuper
1675 1419 1889 1484 plantas
1923 1438 2058 1477 con-

479 1498 635 1543 sueto
670 1493 930 1548 alimento
974 1497 1226 1566 privahat
1264 1515 1279 1554 :
1332 1503 1436 1558 illa:
1485 1505 1670 1562 itidem
1722 1511 2053 1580 voluptatem

477 1582 653 1636 oculis
687 1584 1046 1655 denegabant.
1076 1591 1331 1657 Atnnne,
1380 1606 1669 1667 postquam
1701 1604 2060 1673 veris{adven-

479 1684 568 1729 tus
604 1676 720 1732 hate
746 1678 974 1735 dissidia
999 1688 1345 1752 compressit,
1376 1686 1575 1745 ﬂuctus
1603 1691 1715 1761 jam
1750 1694 2058 1764 tranquilli-

475 1775 590 1822 tate
611 1768 884 1839 fruentur,
909 1772 1093 1829 littora
1128 1777 1448 1847 salutantes,
1473 1796 1536 1836 ac
1564 1782 1755 1837 leniter
1780 1786 2057 1855 complec-

2170 597 2448 654 fructuum
2509 610 2784 655 auctorem
2840 613 2895 656 et
2950 616 3354 672 porrectorem,
3394 607 3631 674 invocat,
3674 622 3740 663 ac

2168 689 2379 744 sulcum
2400 690 2756 759 proscindens
2783 691 3021 747 laborem
3048 704 3368 763 prmsentem
3390 708 3735 764 nequaquam

2168 794 2445 855 supputat,
2473 785 2564 838 sed
2624 799 2720 854 spe
2775 784 2974 840 futurae
3010 789 3203 842 messis
3243 799 3522 842 recreatur
3576 799 3737 859 atque

2168 878 2491 931 oblectatur.

2236 967 2356 1022 Col.
2397 969 2500 1024 6l9
2556 969 2620 1023 Α.
2686 968 2844 1023 hunc
2886 978 3070 1039 pastor
3109 982 3157 1023 et
3227 969 3478 1022 bubulcus
3526 969 3736 1036 ﬁstulas

2165 1071 2372 1130 aptant,
2415 1070 2521 1116 etc.
2564 1061 2719 1116 Nunc
2779 1070 2831 1115 et
2869 1071 3071 1131 pastor,
3125 1072 3177 1114 et
3208 1060 3507 1123 bubulcus,
3544 1060 3734 1115 incisis

2164 1155 2389 1209 calamis
2408 1155 2706 1224 paStorales
2735 1154 2945 1209 ﬁstulas
2968 1152 3265 1208 conﬁciunt
3291 1169 3357 1206 ac
3375 1160 3731 1221 componunt,

2163 1248 2216 1301 in
2247 1260 2449 1315 easque
2478 1244 2810 1315 inspirantes
2835 1253 2888 1298 et
2916 1242 3258 1299 insufﬂantes
3291 1241 3567 1313 pastorale
3601 1256 3729 1295 car-

2164 1352 2290 1393 men
2326 1336 2696 1400 modulantur,
2732 1336 2989 1405 verisque
3032 1334 3310 1403 voluptate
3352 1331 3728 1403 perfruuntur,

2163 1430 2215 1483 in
2263 1429 2429 1499 petris
2490 1428 2571 1483 vel
2604 1427 2876 1482 umbrosis
2925 1426 3240 1489 arboribus,
3270 1432 3491 1495 propter
3539 1437 3728 1476 auram

2161 1530 2211 1575 et
2262 1508 2600 1575 modeiatum
2654 1519 2788 1574 solis
2839 1519 3079 1573 calorem
3138 1516 3410 1572 sedentes.
3464 1513 3620 1568 Nunc
3677 1521 3733 1567 et

2161 1614 2467 1682 plantarum
2497 1612 2673 1667 cultor
2697 1611 2910 1679 plantas
2932 1608 3303 1673 circumfodit,
3334 1617 3388 1663 et
3417 1612 3732 1677 perpurgat,

2158 1716 2320 1774 atque
2354 1703 2503 1756 omni
2535 1703 2746 1757 ratione
2779 1703 2910 1756 colit
2947 1719 2961 1757 :
2987 1714 3040 1755 et
3070 1715 3270 1770 auceps
3299 1699 3539 1754 calamos
3564 1711 3732 1764 quos-

2157 1794 2280 1848 dam
2322 1792 2596 1861 accipiens
2639 1808 2700 1845 ex
2764 1791 2831 1844 iis
2882 1790 3112 1845 aviculis
3143 1803 3339 1844 caveas
3384 1785 3639 1846 exstruit.
3667 1799 3733 1839 ac

476 1870 697 1915 tentes:
736 1864 906 1918 nubes
957 1865 1089 1922 solis
1137 1868 1435 1926 luminibus
1487 1876 1741 1930 crassitie
1788 1891 1887 1932 sua
1938 1893 2047 1932 non
2087 1858 2126 1911 Β
2154 1884 2399 1940 viscosos
2427 1858 2609 1938 ramos
2635 1883 2940 1952 inspectat,
2965 1896 3094 1934 num
3129 1889 3272 1933 recte
3295 1892 3354 1932 se
3385 1877 3731 1937 habeam.“

474 1950 564 2005 om
604 1953 711 2006 ient
735 1996 749 2018 ,
814 1970 908 2008 aer
943 1958 1126 2025 quiete
1165 1960 1499 2029 perfruetur,
1542 1970 1742 2036 stirpes
1776 1970 2051 2036 germina-

473 2040 650 2107 hunt,
685 2050 830 2099 terra
892 2046 1040 2114 ipsas
1072 2052 1316 2118 parentis
1349 2053 1524 2110 instar
1561 2058 1851 2125 nutriente,
1888 2070 2051 2132 atque

476 2131 545 2188 ad
595 2135 1070 2204 producendorum
1109 2139 1390 2198 frttctuum
1438 2145 1707 2217 principia
1738 2164 1831 2203 eas
1861 2131 2051 2219 impel-

469 2224 655 2280 lente:
685 2242 748 2282 ac
777 2228 1035 2300 deinceps
1068 2231 1260 2287 harum
1294 2249 1475 2290 rerum
1507 2237 1870 2295 oblectatione
1903 2242 2046 2299 oculi

468 2321 643 2373 nostri
674 2321 1142 2378 exhilarabuntur.
1175 2326 1330 2383 Nunc
1372 2328 1551 2387 fontes
1588 2347 1805 2402 quoque
1864 2334 2049 2403 limpi-

466 2410 593 2466 dius
621 2415 953 2477 scaturiunt,
975 2426 1033 2471 ut
1060 2420 1151 2488 qui
1182 2436 1289 2474 non
1321 2423 1557 2492 amplius
1585 2426 2047 2483 aveltementihus

466 2502 737 2560 imbribus
787 2508 1111 2571 turbentur,
1158 2511 1251 2565 sed
1309 2528 1475 2582 puros
1529 2514 1717 2571 latices
1772 2518 2042 2573 emittant.

465 2593 619 2648 Nunc
639 2609 829 2651 amnes
854 2596 1133 2655 uberiores
1160 2600 1352 2668 ﬂuunt,
1379 2604 1754 2676 colliquefacta
1784 2609 2041 2663 nimirum

464 2685 632 2751 nive,
671 2678 953 2757 glacieque
1007 2692 1245 2747 resoluta
1297 2714 1310 2749 :
1368 2696 1568 2765 quibus
1626 2700 1789 2754 rebus
1851 2700 2044 2757 hiemis

463 2785 710 2846 tempore
766 2777 1100 2847 proﬂuvium
1169 2798 1360 2838 eorum
1420 2786 1821 2857 impediebatur
1878 2800 2042 2862 atque

461 2868 830 2926 inhibebatur.
866 2874 1006 2939 Quin
1039 2877 1200 2930 etiam
1243 2889 1394 2947 prata
1425 2891 1479 2936 et
1509 2882 1650 2937 horti
1681 2900 1875 2941 suaves
1904 2886 2041 2940 odo-

460 2976 551 3017 res
611 2962 800 3028 edunl,
845 2981 909 3020 ac
948 2967 1143 3035 plantae
1178 2971 1494 3037 virescunt,
1552 2984 1717 3045 atque
1748 2992 2041 3033 ornamen-

460 3063 574 3108 tum
607 3070 765 3109 snum
807 3056 1132 3126 proferunt;
1166 3071 1217 3113 et
1248 3077 1441 3118 recens
1478 3076 1665 3120 exorta
1717 3068 1882 3122 herba
1918 3079 2039 3122 tono

459 3147 652 3213 detur,
681 3149 917 3219 agnique
965 3152 1167 3206 teneris
1200 3154 1427 3221 pedibus
1460 3156 1512 3209 in
1555 3158 1857 3214 virentibus
1889 3158 2035 3213 arvis

458 3239 660 3295 lascive
687 3241 952 3295 saltitant.

525 3327 643 3383 Col.
691 3329 794 3385 6l8
832 3331 889 3383 D.
969 3331 1125 3386 Nunc
1170 3337 1315 3387 navis
1352 3352 1471 3388 cum
1516 3314 1873 3401 ceicusmatis,
1928 3349 2033 3393 etc.

455 3415 559 3482 Qui
592 3418 658 3470 de
690 3419 854 3473 rebus
886 3422 1228 3476 naturalibus
1256 3432 1581 3488 tractarunt,
1627 3441 1751 3479 cum
1785 3426 1889 3479 alia
1923 3428 2037 3480 ele-

457 3517 671 3565 menta.
723 3519 835 3561 tum
888 3524 1112 3578 aquam,
1144 3513 1463 3579 sphaericam
1535 3515 1739 3572 habere
1804 3518 2032 3587 ﬁguram

456 3596 751 3654 afﬁrmant.
817 3599 1059 3665 Idcirco,
1106 3619 1227 3657 cum
1286 3606 1438 3660 navis
1473 3622 1503 3661 c
1539 3618 1695 3675 portu
1756 3609 1809 3663 in
1866 3609 2033 3663 altum

416 3696 423 3702 '
456 3686 649 3751 fertur,
676 3688 978 3755 ἀνάγεσθαι
1016 3691 1238 3760 dicitur,
1275 3695 1422 3749 velut
1473 3697 1541 3750 ab
1607 3697 1884 3752 humiliori
1913 3700 2035 3753 loco

457 3778 525 3832 ab
557 3779 934 3834 sublimiorem
982 3783 1283 3843 ascendens
1316 3801 1476 3840 :cum
1518 3799 1700 3843 autem
1740 3806 1767 3843 a
1805 3793 1941 3844 mari
1980 3792 2031 3844 in

457 3878 675 3938 portum
710 3873 948 3941 appellit,
988 3882 1120 3929 tunc
1150 3877 1478 3945 κατάγεται,
1512 3880 1564 3934 id
1605 3888 1708 3947 est,
1741 3883 2030 3947 descendit,

457 3963 713 4015 nimirum
774 3964 842 4017 ab
880 3965 987 4019 alta
1018 3974 1071 4019 et
1098 3981 1336 4022 convexa
1384 3980 1537 4038 parte
1578 3970 1631 4024 in
1662 3971 2029 4028 humiliorem.

454 4053 608 4119 Quod
632 4065 974 4123 perspectum
998 4058 1202 4113 habens
1218 4059 1549 4131 Theologus;
1576 4063 1684 4117 ait:
1703 4063 1859 4119 Nunc
1879 4065 2031 4119 navis

454 4160 577 4198 cum
636 4146 988 4203 eelcusmatis
1017 4164 1046 4202 e
1085 4160 1241 4217 portu
1266 4152 1447 4207 solvit.
1479 4153 1822 4211 Celeusmata
1852 4169 2029 4210 autent

452 4236 736 4291 cautiones
767 4238 871 4291 illae
905 4247 1055 4305 sunt,
1091 4257 1227 4311 quas
1260 4254 1458 4309 nautze,
1489 4260 1612 4300 cum
1635 4247 1755 4302 vela
1809 4263 2028 4303 sursum

453 4328 703 4393 tendunt,
730 4330 995 4383 modulari
1028 4332 1226 4387 solent.
1262 4334 1370 4388 Deo
1393 4350 1557 4404 porro
1581 4347 1731 4407 grata
1759 4354 1821 4391 ea
1848 4348 2027 4404 vocat,

453 4419 629 4473 utDei
660 4438 687 4471 ιι
713 4425 979 4474 cmoriam
1017 4424 1457 4491 complectentia,
1480 4437 1644 4496 atque
1676 4430 1849 4498 ipsius
1873 4431 2031 4484 auxi-

451 4513 582 4565 lium
615 4512 923 4566 invocantia
960 4531 973 4577 ;

448 4605 530 4657 nis
559 4604 775 4667 instrui,
811 4620 1001 4659 navem
1054 4606 1298 4660 adhibito
1346 4610 1466 4661 velo
1508 4611 1658 4673 dicit,
1694 4612 1929 4667 fortasse
1964 4616 2031 4670 ab

448 4694 683 4751 llomero
725 4697 867 4752 hanc
914 4714 1101 4754 vocem
1155 4710 1459 4769 mutuatus,
1505 4705 1630 4773 quia
1674 4705 1788 4759 vela
1829 4722 2034 4775 pennas

448 4789 601 4842 navis
657 4789 967 4858 appellavit,
1002 4791 1081 4843 vel
1110 4792 1272 4846 etiam
1329 4792 1561 4850 fortasse
1619 4797 1688 4851 ab
1739 4796 1896 4863 Isaia,
1959 4800 2028 4855 de

446 4884 772 4951 quihusdam
802 4882 873 4936 ita
903 4885 1158 4954 loquente
1187 4904 1198 4939 :
1239 4883 1500 4939 Volabant
1535 4888 1587 4940 in
1622 4887 1864 4942 navibus.
1907 4888 2028 4955 Quo

447 4975 612 5026 verbo
638 4976 923 5045 navigandi
949 4986 1001 5029 et
1034 4978 1332 5046 remigandi
1360 4979 1695 5034 celeritatem
1733 4982 2023 5049 expressit,

446 5080 569 5119 cum
594 5065 906 5134 hujnsmodi
931 5068 1279 5134 agitationem
1311 5085 1432 5123 eum
1466 5071 1645 5125 volatu
1666 5073 2024 5142 comparavit,

446 5157 665 5227 quando
700 5159 875 5225 plenis
913 5160 1067 5222 velis,
1101 5176 1163 5214 ac
1200 5172 1357 5214 vento
1393 5163 1457 5216 ad
1492 5165 1713 5232 puppim
1740 5166 2026 5219 commode

444 5262 493 5304 ct
520 5260 886 5318 congruenter
916 5251 1097 5317 ﬂante,
1133 5254 1183 5305 in
1224 5255 1355 5307 mari
1394 5252 1662 5310 feruntur.
1694 5259 1772 5309 Ac
1813 5258 2024 5326 delphi—

444 5360 546 5400 nus
572 5344 757 5407 etiam,
788 5344 993 5411 inquit,
1020 5360 1142 5396 eum
1166 5344 1568 5413 iucundissimo
1589 5348 1806 5403 sufﬂatu
1847 5365 1876 5404 e
1895 5366 2021 5419 pru-

444 5436 609 5490 l‘undo
631 5437 694 5489 al
715 5452 869 5505 aqute
889 5436 1229 5501 superﬁciem
1251 5438 1652 5507 ἀναπέμπεται,
1676 5440 1725 5494 id
1750 5451 1852 5510 est,
1875 5443 2027 5511 effer.

443 5542 532 5585 tur
552 5542 606 5585 et
634 5518 970 5598 ascendit,ac
1000 5543 1240 5585 vectores
1266 5532 1416 5587 l:elos
1435 5541 1488 5587 et
1514 5534 1712 5589 hilares
1737 5538 2020 5605 prosequi-

443 5629 548 5674 tur.
574 5619 705 5675 Nam
752 5622 1062 5691 huiusmodi
1100 5622 1329 5691 piscium
1371 5624 1729 5680 saltitationes
1756 5630 2021 5697 tranquil-

444 5715 644 5769 litatem
684 5715 947 5769 indicunt.
1007 5716 1125 5770 Jam
1150 5718 1312 5769 etiam
1348 5727 1590 5771 aratrum
1612 5719 1851 5788 agricola
1873 5737 2017 5775 coms

445 5808 610 5876 pingit
640 5820 688 5862 et
722 5810 1023 5877 componit,
1049 5818 1098 5863 ct
1130 5812 1289 5865 boves
1326 5821 1573 5866 aratores
1615 5812 1746 5877 iugo
1777 5814 2014 5875 stringit.

2150 1991 2356 2046 pennas
2381 1987 2436 2029 et
2464 1975 2701 2028 volatum
2728 1973 2909 2027 avium
2940 1973 3156 2026 curiose
3176 1970 3425 2039 explorat
3451 2007 3467 2032 ,
3491 1968 3596 2021 hoc
3622 1978 3726 2032 cst,

2153 2075 2335 2119 utrum
2370 2066 2437 2118 ad
2468 2078 2650 2117 ramos
2672 2062 2817 2116 visco
2839 2061 3039 2117 oblitos
3069 2061 3271 2121 volent,
3298 2075 3364 2113 an
3397 2058 3506 2111 alio
3536 2056 3723 2111 feran-

2151 2166 2260 2211 tur.
2291 2157 2471 2225 Atque
2488 2154 2652 2208 etiam
2685 2154 2926 2222 piscator
2958 2152 3012 2205 in
3046 2151 3382 2222 profundum
3416 2149 3638 2219 aspicit,
3670 2156 3728 2205 et

2151 2260 2273 2307 rete
2316 2264 2476 2305 suum
2534 2257 2782 2319 apparat,
2829 2258 2885 2307 et
2932 2247 2987 2301 in
3041 2243 3263 2303 sublimi
3298 2244 3533 2314 quadam
3572 2250 3724 2313 petra

2151 2342 2347 2397 sedens
2389 2342 2662 2410 piscatur.

2219 2431 2355 2487 Ibid.
2386 2430 2544 2486 Nunc
2583 2429 2785 2485 sedule
2805 2445 2926 2498 apes
2944 2469 2960 2495 ,
2992 2427 3180 2483 solutis
3209 2427 3417 2497 pennis,
3437 2434 3542 2483 etc.
3568 2423 3727 2478 Veris

2148 2526 2311 2579 etiam
2368 2533 2615 2591 tempore
2674 2521 2895 2590 sapiens
2944 2528 3000 2573 et
3054 2518 3324 2574 industria
3372 2517 3509 2587 apis,
3539 2526 3599 2570 ut
3640 2523 3724 2569 est

2146 2613 2287 2684 apud
2324 2611 2693 2675 Salomonem,
2728 2625 2961 2679 pennam
2994 2623 3148 2663 suam
3171 2646 3187 2670 ,
3240 2608 3308 2661 ab
3355 2606 3585 2659 hiberno
3619 2602 3719 2657 fri-

2146 2721 2296 2777 gore,
2324 2705 2479 2775 quasi
2510 2719 2541 2757 a
2570 2702 2790 2758 vinculo
2820 2701 3057 2771 quodam
3089 2707 3507 2768 torpescentem.
3542 2695 3718 2759 velut;

2144 2814 2251 2868 que
2300 2797 2691 2861 constrictam,
2723 2794 2909 2861 solvit,
2962 2802 3126 2863 atque
3182 2791 3251 2846 ab
3299 2789 3632 2849 alvearibus,
3663 2786 3716 2839 in

2145 2890 2344 2961 quibus
2388 2889 2617 2951 habitat,
2651 2902 2714 2941 ac
2743 2888 2849 2941 mel
2882 2894 3143 2954 tanquam
3183 2884 3237 2937 in
3273 2883 3488 2937 horreis
3529 2894 3721 2933 recon—

2145 2982 2246 3046 dit,
2293 2980 2592 3050 egreditur,
2646 2987 2699 3033 et
2750 2977 2804 3031 in
2863 2975 3076 3037 hortos,
3125 2982 3177 3029 et
3222 2972 3448 3027 ﬂoribus
3501 2982 3719 3023 ammna

2146 3071 2260 3123 loca
2295 3068 2570 3130 convolat,
2595 3081 2659 3121 ac
2692 3081 2875 3121 ceram
2922 3064 3144 3135 quidem
3173 3078 3238 3119 ex
3271 3060 3496 3116 ﬂoribus
3536 3068 3722 3128 aperte

2143 3157 2371 3227 colligit,
2402 3156 2506 3211 mel
2563 3164 2768 3218 autem,
2821 3155 2924 3208 hoc
2967 3160 3071 3216 est,
3121 3151 3434 3220 inspersum
3490 3145 3718 3201 ﬂoribus

2144 3250 2446 3308 humorem,
2491 3260 2587 3299 ore
2617 3252 2933 3308 attractnm,
2970 3241 3217 3295 favorum
3251 3239 3581 3294 caritatibus
3616 3238 3718 3291 im-

2141 3339 2325 3395 mittit.
2359 3338 2489 3404 Qua:
2542 3338 2705 3392 etiam
2765 3351 2930 3391 causa
2985 3346 3087 3397 est,
3119 3350 3218 3389 cur
3266 3334 3424 3388 initio
3455 3333 3716 3387 acerbum

2140 3442 2303 3499 atque
2360 3444 2606 3483 amarum
2667 3429 2759 3492 sit,
2795 3435 3050 3482 caeterum
3109 3426 3371 3494 temporis
3422 3436 3718 3494 progressu

2140 3531 2461 3577 concoctum
2494 3521 2558 3576 ad
2588 3521 2861 3591 propriam
2895 3518 3343 3573 constitutionem
3363 3515 3718 3572 suavitatem-

2139 3631 2245 3683 que
2305 3613 2463 3669 redit.
2511 3613 2781 3683 Σύριγγες
2836 3625 3000 3678 porro
3052 3609 3312 3664 dicuntur
3360 3623 3492 3662 cava
3538 3608 3629 3661 illa
3662 3616 3717 3661 et

2137 3707 2368 3777 oblonga
2429 3708 2536 3760 duo
2598 3705 2773 3759 mellis
2830 3703 3222 3772 promptuaria.
3263 3700 3486 3755 Diverso
3532 3712 3713 3754 autem

2137 3808 2301 3867 atque
2317 3797 2571 3867 opposito
2605 3797 2765 3851 modo
2789 3796 2891 3851 sibi
2922 3796 3154 3849 invicem
3189 3795 3546 3864 respondent,
3576 3809 3714 3863 quo-
3756 3868 3765 3877 ι

2138 3891 2281 3943 niam
2316 3889 2418 3943 alia
2447 3888 2511 3941 ad
2540 3896 2741 3941 rectam
2785 3886 2983 3940 lineam
3016 3885 3193 3963 posita
3218 3896 3374 3951 sunt,
3406 3884 3509 3938 alia
3552 3900 3715 3954 supc-

2138 3982 2376 4036 rioribus
2432 3979 2774 4033 fundamenti
2805 3978 2925 4034 loco
2963 3990 3115 4043 sunt,
3148 3978 3436 4047 mellisque
3480 3976 3715 4030 adminio

2135 4076 2254 4129 eula
2280 4114 2294 4136 ,
2350 4088 2456 4126 non
2520 4072 2702 4126 minus
2736 4070 2803 4124 ad
2839 4071 3019 4140 operis
3055 4070 3406 4139 elegantiam,
3439 4083 3602 4139 quam
3646 4067 3711 4122 ad

2135 4165 2505 4219 securitatem.
2559 4162 2707 4217 Adeo
2765 4162 2903 4215 scite
2955 4173 3011 4215 et
3061 4161 3293 4216 solerter
3344 4160 3461 4229 apis
3514 4161 3711 4213 horrea

2135 4255 2312 4309 mellis
2348 4251 2665 4306 fabricatur.
2743 4250 2956 4305 Etenim
2991 4266 3171 4305 ceram
3209 4250 3261 4303 io
3291 4258 3508 4304 tenuem
3538 4263 3711 4302 mem-

2136 4350 2361 4400 branam
2417 4342 2737 4399 distendens
2760 4384 2774 4408 ,
2803 4345 3002 4397 densas
3055 4352 3109 4396 et
3156 4341 3450 4397 continuas
3486 4342 3628 4394 inter
3653 4355 3712 4394 se

2135 4436 2397 4491 caritates
2410 4432 2664 4504 porrigit,
2684 4434 2758 4486 ita
2779 4442 2837 4486 ut
2858 4433 3132 4488 densailla
3156 4447 3337 4486 rerum
3359 4431 3709 4485 minimarum

1017 4514 1352 4583 πτεροῦσθαι
1381 4528 1585 4579 autem,
1621 4522 1724 4575 hoc
1767 4532 1870 4579 est.
1899 4539 2023 4591 pen—
2056 4520 2109 4580 Β
2138 4529 2280 4583 inter
2310 4543 2368 4581 se
2397 4526 2724 4595 compositio
2779 4526 3093 4580 universum
3125 4525 3406 4595 opificium
3440 4531 3713 4577 sustentet

2139 4635 2201 4673 ac
2258 4617 2466 4673 fulciat.
2503 4615 2857 4687 Unaquaeque
2919 4617 3065 4670 enim
3130 4616 3324 4671 cellula
3359 4630 3484 4669 cum
3537 4615 3706 4668 altera

2136 4710 2397 4771 cohaeret,
2430 4708 2577 4760 tenui
2613 4713 2765 4776 septo
2805 4706 2874 4759 ab
2901 4720 2962 4760 ea
2994 4706 3261 4774 dirempta
3302 4705 3466 4759 simul
3491 4714 3543 4759 et
3576 4721 3710 4759 cun-

2131 4800 2345 4869 juncta.
2390 4797 2594 4851 Deinde
2636 4798 2720 4850 ha:
2769 4795 2963 4851 ﬁstula:
3005 4797 3077 4850 ita
3118 4806 3413 4851 exstructa:
3462 4807 3613 4859 sunt,
3651 4806 3710 4849 ut

2135 4878 2244 4948 duo
2273 4901 2439 4962 atque
2490 4893 2625 4945 adeo
2660 4892 2762 4944 tria
2817 4890 3055 4944 tabulata
3104 4890 3362 4944 habeant.
3400 4887 3589 4944 Verita
3623 4900 3708 4943 est

2134 4987 2277 5040 enim
2313 4999 2476 5039 unam
2524 4998 2617 5051 per
2668 4982 2981 5036 universam
3048 4982 3338 5037 cavitatem
3398 4980 3602 5044 facere,
3639 4995 3707 5034 ne

2134 5078 2401 5147 gravitate
2462 5074 2756 5142 depressus
2807 5074 3005 5126 humor
3052 5072 3120 5127 ad
3172 5083 3455 5127 externam
3491 5081 3703 5141 partem

2136 5168 2426 5219 laberetur.
2465 5162 2583 5216 Jam
2619 5177 2745 5217 vero
2774 5177 2962 5217 omnes
2991 5161 3477 5216 favorum'ﬁstulse
3510 5177 3707 5215 sexan—

2133 5258 2268 5328 gul.e
2300 5266 2354 5310 ct
2385 5255 2713 5325 :equilaterze
2738 5265 2889 5319 sunt,
2920 5270 3027 5308 non
3053 5267 3234 5308 autem
3267 5253 3320 5306 in
3350 5263 3558 5307 rectum
3585 5254 3706 5308 alia:

2132 5349 2253 5403 aliis
2283 5348 2682 5410 ineumbentcs,
2724 5360 2788 5399 ne
2834 5346 2954 5400 ium
2987 5356 3168 5414 partes
3217 5344 3475 5400 inanibus
3508 5346 3705 5414 adjun-

2130 5450 2229 5494 ctae
2282 5439 2509 5492 nimium
2566 5447 2899 5507 premantur,
2928 5453 3115 5491 verum
3149 5436 3330 5506 anguli
3376 5436 3699 5492 inferiorum

2133 5537 2570 5603 hexagenorum,
2624 5532 2690 5586 iis
2738 5532 2829 5600 qui
2882 5531 3217 5600 superiorem
3254 5532 3433 5586 locum
3491 5540 3698 5594 tenent,

2133 5626 2281 5680 basis
2309 5633 2362 5679 et
2398 5624 2757 5678 sustentaculi
2796 5623 2968 5677 vicem
3008 5622 3271 5691 praebent,
3306 5634 3361 5678 ut
3395 5639 3559 5693 super
3604 5639 3699 5677 eos

2130 5727 2244 5772 tuto
2303 5717 2537 5784 pondera
2592 5718 2930 5775 attollantur,
2966 5730 3028 5768 ac
3093 5714 3342 5782 privatim
3391 5717 3457 5768 ad
3504 5730 3699 5768 unam-

2130 5826 2401 5875 quamque
2450 5811 2733 5866 ('avitatem
2790 5809 2987 5861 humor
3044 5806 3379 5861 demittatur.
3416 5804 3496 5859 Ad
3556 5806 3697 5861 hunc
