4116 6486
359 454 497 517 1433
806 502 831 513 η

1243 452 1569 513 NICETAS
1611 453 1691 512 IN
1733 452 1962 515 ORAT.
2006 455 2205 513 XLIII
2247 457 2304 514 S.
2352 454 2585 515 GREG.

3472 456 3611 521 1434

357 566 583 621 modum
639 569 758 635 apis
812 580 950 631 opus
1000 580 1160 619 suum
1217 567 1583 625 constituens,
1636 578 1699 617 ac
1755 571 1933 616 rectas
1965 568 2091 623 Aet
2143 568 2483 637 triumphum
2542 572 2766 634 obeunt,
2840 570 3067 640 piosque
3115 568 3264 624 viros
3314 578 3366 623 et
3411 566 3612 622 Christi

358 661 537 714 lineas
569 659 783 728 angulis
814 659 1093 712 alternans
1140 658 1191 713 id
1236 669 1338 722 est,
1373 658 1764 728 constringens
1789 660 1935 724 (nam

360 766 487 807 cum
519 750 648 806 dua!
671 760 835 805 recta:
863 750 1019 804 liueat
1055 751 1196 805 inter
1223 766 1284 807 se
1316 751 1654 812 inseruntur,
1700 751 1800 804 boc
1833 760 1935 813 cst,

368 843 702 906 vinciuntur,
748 858 915 911 seque
971 842 1339 904 intersecant.
1397 844 1630 912 angulus
1675 842 1937 913 gignitur)

365 941 553 1003 aptum
608 933 849 988 curatori
889 933 1102 987 dulcem
1162 933 1419 997 fructum,
1455 948 1556 987 nec
1606 932 1791 985 labore
1825 931 1938 983 ullo

364 1036 418 1081 et
437 1026 684 1080 aratione
710 1025 1133 1095 quresitum,sed
1155 1027 1304 1081 omni
1336 1041 1581 1080 aerumna
1609 1035 1661 1080 et
1691 1024 1938 1093 corporis

362 1116 650 1172 vexatione
675 1126 952 1171 carentem
979 1117 1216 1185 profert:
1244 1116 1703 1187 quemadmodum
1730 1116 1935 1170 utinam

364 1225 467 1266 nos
496 1224 737 1280 quoque,
769 1208 864 1279 qui
891 1209 1093 1265 Christi
1118 1210 1387 1278 apiarium
1423 1222 1615 1264 sumus
1635 1249 1652 1274 ,
1683 1209 1939 1276 spiritua-

364 1300 471 1354 lem
504 1312 559 1354 et
595 1299 754 1355 nobis
788 1300 1008 1368 dignum
1038 1300 1274 1354 fructum
1308 1298 1410 1368 ipsi
1445 1299 1810 1368 porrigamus,
1843 1297 1937 1365 qui

365 1391 472 1444 tale
504 1390 704 1459 partim
738 1387 1039 1457 sapientiae“,
1073 1388 1272 1457 partim
1326 1388 1611 1442 industria:
1645 1397 1694 1442 et
1732 1387 1938 1441 seduli-

367 1480 495 1535 tatis
525 1480 830 1548 exemplum
861 1479 931 1534 ab
959 1495 1062 1549 ape
1090 1482 1426 1549 accepimus.
1455 1479 1588 1533 Nam
1647 1490 1939 1548 utramque

366 1570 581 1626 laudem
616 1571 878 1627 Salomon
901 1572 954 1626 in
978 1571 1290 1627 Proverbiis
1308 1572 1397 1642 api
1425 1570 1837 1635 tribuit,dicens
1869 1570 1885 1600 ί
1911 1589 1925 1624 :

367 1664 536 1734 Perge
564 1664 630 1718 ad
656 1666 825 1736 apim,
849 1680 914 1720 ac
941 1664 1113 1731 disce,
1141 1680 1306 1734 quam
1339 1662 1607 1720 industria
1633 1664 1728 1729 sit,
1749 1677 1941 1730 quam-

365 1771 472 1825 que
504 1755 796 1811 honestum
822 1766 876 1811 et
904 1756 1221 1827 praeclarum
1250 1765 1518 1826 qtuestum
1546 1755 1750 1811 faciat:
1777 1768 1938 1821 quus

364 1846 601 1912 labores,
635 1856 692 1902 et
725 1848 1020 1916 principes,
1053 1857 1110 1904 et
1156 1848 1379 1917 privati,
1419 1849 1578 1903 bona
1607 1845 1938 1901 valetudinis

366 1954 499 2010 ergo
550 1912 882 2010 percipiunt,
904 1912 970 1997 et
1006 1912 1332 2011 quanquam
1368 1912 1584 1996 rviribus
1638 1938 1934 1999 imbecilla,
1967 1912 2017 1970 Β

366 2031 510 2101 apud
540 2045 730 2087 omnes
752 2041 929 2086 tamen
959 2033 1210 2088 amabilis
1240 2041 1323 2088 est
1352 2041 1407 2087 et
1441 2032 1691 2096 illustris,
1714 2031 1940 2099 sapien-

367 2122 565 2191 tiaeque
597 2121 757 2178 laude
789 2125 1055 2179 instructa
1094 2140 1127 2180 α
1165 2124 1278 2181 Deo
1312 2132 1598 2195 procreata
1628 2132 1730 2180 est.

436 2212 555 2270 Col.
581 2214 685 2270 6l9
743 2214 808 2270 Β.
832 2214 954 2270 lam
978 2217 1092 2272 ovis
1122 2216 1306 2272 nidum
1337 2218 1621 2282 construit,
1652 2227 1758 2272 etc.
1789 2216 1947 2271 Nunc

363 2311 530 2364 etiam
562 2324 718 2374 aves,
742 2312 940 2379 partim
975 2310 1202 2367 festucis
1223 2312 1550 2393 quibusdam
1573 2321 1669 2365 aut
1691 2310 1946 2381 quisqui-

367 2395 458 2450 liis
490 2396 730 2465 acceptis
769 2397 931 2453 nidos
958 2398 1248 2464 adiurant;
1270 2400 1468 2466 partim
1492 2415 1524 2454 e
1548 2400 1847 2469 longinquo
1877 2400 1944 2454 ad

367 2485 554 2540 nidum
614 2501 674 2543 se
704 2487 996 2544 conferunt
1025 2497 1121 2543 aut
1149 2488 1395 2544 referunt
1425 2509 1441 2557 ;
1476 2492 1675 2561 partim
1725 2491 1837 2560 jam
1890 2494 1943 2544 in

311 2643 329 2656 .
364 2592 491 2633 cum
520 2579 835 2650 immigrant
882 2592 1046 2651 atque
1075 2583 1453 2654 ingrediuntur
1478 2592 1507 2652 ;'
1532 2587 1727 2653 partim
1779 2601 1942 2654 supra

369 2669 557 2724 nidum
613 2672 819 2738 volant,
858 2688 922 2728 ac
963 2675 1109 2729 circa
1159 2677 1406 2739 nativum
1437 2676 1619 2731 locum
1653 2677 1941 2731 stridorem

366 2764 536 2818 edunt
584 2772 637 2819 et
689 2768 959 2835 garriunt,
990 2776 1153 2837 atque
1186 2768 1459 2823 hominem
1515 2769 1662 2823 velut
1706 2769 1945 2838 alloquio

366 2857 602 2925 quodam
635 2857 934 2927 excipiunt.
964 2861 1044 2913 Ac
1075 2860 1322 2928 proinde,
1355 2876 1461 2914 non
1490 2860 1614 2914 caeli
1655 2859 1942 2923 duntaxat,

365 2950 469 3005 etsi
501 2965 687 3005 vocem
718 2967 824 3005 non
858 2953 1101 3015 edentes,
1156 2950 1250 3008 Dei
1309 2952 1536 3025 gloriam
1579 2960 1839 3007 enarrant
1872 2954 1893 2985 ²
1929 2968 1944 3017 ;

365 3038 462 3092 sed
508 3037 613 3091 alia
670 3039 837 3092 etiam
897 3039 1104 3097 omnia.
1143 3050 1310 3109 atque
1343 3041 1479 3094 adeo
1537 3041 1637 3109 ipsi
1692 3055 1946 3110 passeres

366 3126 596 3181 vocibus
631 3128 798 3183 mutis
843 3127 935 3182 Dei
979 3129 1166 3184 laudes
1201 3130 1517 3199 praedicant.
1555 3129 1691 3185 Nam
1722 3139 1947 3200 propter

368 3220 487 3272 lure
513 3217 718 3280 omnia,
752 3236 871 3287 qu.e
909 3221 1116 3274 ratione
1169 3230 1224 3274 et
1270 3222 1542 3277 sermonis
1576 3238 1680 3276 usu
1730 3230 1944 3287 carent,
1978 3256 2019 3317 ε

368 3324 467 3379 per
501 3326 608 3374 me,
648 3310 737 3365 cui
776 3311 914 3364 ratio
962 3320 1018 3364 et
1050 3311 1301 3381 loquendi
1351 3313 1583 3368 facultas
1617 3315 1815 3367 tributa
1841 3323 1947 3379 est,

372 3402 626 3457 Creatori
658 3403 846 3472 gratia:
880 3414 1317 3474 aguntunatque
1358 3406 1459 3459 bac
1489 3407 1700 3460 ratione
1730 3407 1946 3459 illorum

371 3493 612 3549 laudatio
646 3509 764 3549 mea
795 3495 1047 3559 ciiicitur,
1078 3505 1262 3563 utpote
1286 3512 1315 3550 a
1341 3499 1541 3566 quibus
1566 3514 1670 3565 ego
1692 3481 1969 3551 laudandi.

372 3585 469 3639 Dei
527 3585 806 3639 materiam
855 3594 909 3641 et
965 3596 1345 3655 argumentum
1401 3590 1580 3657 capio.
1653 3589 1949 3643 Enimvero

373 3677 552 3731 ridere
584 3693 691 3731 non
756 3688 841 3733 est
892 3678 1181 3748 cujuslibet
1229 3678 1548 3740 animantis.
1584 3683 1676 3735 sed
1711 3680 1953 3736 hominis

372 3769 549 3824 solius
587 3769 891 3836 proprium.
947 3768 1129 3835 Quare
1182 3771 1285 3825 hoc
1337 3770 1457 3824 loco
1489 3770 1716 3824 abusive
1745 3770 1949 3825 dictum

372 3871 482 3926 est,
512 3876 675 3916 omne
704 3862 1065 3917 animantium
1112 3878 1284 3931 genus
1327 3863 1524 3927 ridere,
1560 3863 1662 3916 hoc
1700 3871 1786 3917 est
1815 3877 1952 3932 gau-

372 3954 505 4009 dere
559 3964 723 4024 atque
778 3956 1062 4012 obiectari.
1108 3958 1245 4022 Quin
1292 3959 1457 4011 etiam
1511 3972 1708 4011 sensus
1760 3971 1953 4011 omnes

372 4046 570 4109 nostri,
601 4055 658 4101 ut
688 4048 887 4117 cuique
918 4051 1196 4119 congruit,
1238 4058 1557 4116 pascuntur.
1588 4046 1721 4101 Nam
1766 4063 1798 4103 e
1825 4057 1955 4101 sen-

373 4136 648 4203 sibilibus,
698 4139 752 4193 in
804 4156 926 4209 quae
969 4140 1346 4210 unusquisque
1377 4155 1572 4196 sensus
1604 4140 1739 4207 agit,
1773 4139 1956 4195 suavi-

372 4238 546 4299 tatum
589 4230 803 4286 fructus
832 4234 1186 4302 percipimus.
1208 4232 1340 4299 Quae
1380 4242 1563 4288 autem
1595 4234 1663 4288 de
1692 4248 1833 4302 equo
1863 4232 1953 4286 hic

372 4321 650 4389 dicuntur,
687 4325 757 4378 ab
783 4324 1015 4380 Homero
1037 4334 1255 4394 accepta
1281 4327 1695 4395 parapltrastice
1755 4325 1954 4380 extulit

372 4417 709 4487 Theologus.
735 4417 825 4473 Sic
846 4419 996 4473 enim
1040 4428 1194 4486 poeta
1224 4419 1466 4489 loquitur
1503 4435 1517 4471 :

459 4506 549 4572 Ὦς
580 4509 628 4563 δ’
658 4510 686 4563 ὅ
710 4510 771 4561 τέ
804 4527 886 4572 τις
919 4511 1133 4575 στατός,
1164 4520 1273 4565 etc.

2041 671 2288 715 amantes
2313 662 2378 715 ad
2410 662 2513 716 hoc
2538 662 2737 716 festum
2781 668 3107 724 convocant,
3139 659 3617 725 certaminumque

2040 769 2264 807 suorum
2297 755 2643 808 narrationes
2696 755 2925 821 publicte
2969 753 3239 821 cujusque
3275 750 3519 805 historiae
3553 764 3618 803 ac

2043 846 2416 899 dimicationis
2445 861 2542 914 pro
2571 847 2791 900 Christo
2824 855 3091 914 susceptae
3115 845 3345 898 lectione
3371 840 3618 911 promul-

2040 948 2191 1004 gant.
2223 936 2462 1003 Quorum
2498 950 2800 1008 martyrum
2861 952 3150 991 numerum
3199 943 3360 1004 auget
3389 930 3616 991 Marnas,

2041 1045 2196 1083 meus
2225 1030 2469 1093 quidem,
2496 1030 2755 1097 quoniam
2791 1030 2908 1098 ipse
2947 1043 3166 1096 quoque
3191 1025 3479 1093 Cappadox
3511 1031 3620 1085 est,

2042 1136 2148 1175 non
2179 1130 2360 1174 autem
2391 1120 2537 1190 apud
2576 1135 2684 1182 me,
2724 1131 2913 1189 utpote
2944 1120 2998 1172 in
3034 1119 3209 1171 aliena
3245 1124 3390 1170 terra
3429 1113 3620 1167 condi-

2043 1225 2153 1279 tus,
2190 1231 2384 1285 nempe
2440 1215 2640 1269 liorim.
2719 1214 2834 1267 Divi
2890 1213 3035 1267 enim
3096 1211 3385 1265 Mamantis
3423 1221 3623 1276 corpus

2041 1306 2303 1361 Ctesarcte
2367 1307 2529 1360 situm
2597 1315 2680 1359 est
2732 1324 2745 1358 :
2804 1304 2897 1373 qui
2959 1311 3142 1357 autem
3216 1303 3330 1355 haec
3384 1297 3627 1359 dicebat.

2042 1398 2281 1450 Arianzo
2315 1409 2466 1451 ortus
2494 1406 2634 1451 erat.
2666 1397 2932 1449 Caeterum
2962 1392 3091 1462 quia
3124 1400 3392 1461 praesente
3420 1388 3625 1442 Basilio

2042 1489 2232 1560 Magno
2256 1491 2395 1543 hanc
2417 1489 2720 1543 orationem
2749 1488 2981 1541 habebat
2996 1485 3315 1554 Gregorius,
3337 1490 3624 1551 preptarea

2041 1582 2176 1639 scite
2224 1583 2469 1653 adjuuxit
2505 1599 2521 1639 :
2555 1581 2809 1636 Facessat
2852 1580 3083 1642 invidia,
3156 1576 3313 1647 quasi
3360 1576 3622 1628 diceret:

2044 1674 2120 1728 Ne
2154 1675 2283 1728 mibi
2329 1689 2677 1733 succenseas,
2734 1673 2916 1727 divine
2948 1670 3137 1731 Basili.
3179 1668 3229 1723 si
3272 1668 3419 1736 quod
3472 1675 3625 1719 tuum

2041 1772 2147 1826 est,
2182 1764 2577 1819 benevolentiae
2623 1763 2818 1818 ali‘ectu
2874 1762 3011 1817 mibi
3056 1761 3298 1822 vindico,
3334 1770 3628 1825 nit-umque

2046 1855 2291 1912 nomino.
2329 1853 2540 1908 Bonum
2600 1854 2744 1909 enim
2801 1851 2977 1916 illud,
3040 1852 3186 1920 quod
3227 1849 3360 1904 mihi
3414 1859 3626 1901 assero.

2042 1945 2317 2016 eiusmodi
2355 1955 2462 2006 est,
2498 1955 2557 1998 ut
2589 1944 2985 1998 detrimentum
3018 1941 3248 2006 nesciat,
3272 1954 3339 1994 ac
3372 1934 3630 2007 perennis

2042 2050 2098 2095 et
2159 2039 2519 2094 inexhaustus
2558 2039 2870 2092 .tbesaurus
2920 2041 3005 2088 est
3059 2031 3290 2085 Mauras.
3326 2027 3432 2094 Qui
3472 2024 3629 2095 prius

2043 2131 2260 2203 quidem
2294 2132 2347 2183 in
2374 2138 2561 2184 monte
2587 2143 2773 2183 cervas
2806 2125 3106 2196 mulgebat,
3133 2134 3463 2190 unaquaque
3491 2116 3630 2168 mira

2044 2225 2399 2279 contentione
2430 2232 2484 2277 et
2508 2221 2691 2277 studio
2712 2227 3060 2282 accurrente,
3090 2231 3156 2271 ac
3184 2225 3481 2269 mammam
3506 2217 3632 2262 ante

2046 2314 2185 2368 alias
2221 2326 2414 2368 omnes
2461 2310 2687 2382 martyri
2750 2310 3075 2365 submittere
3125 2305 3411 2376 gestiente,
3447 2311 3507 2355 ut
3540 2313 3633 2369 per

2045 2422 2166 2462 eam
2194 2415 2418 2462 sanctus
2451 2402 2774 2459 admirando
2809 2411 2865 2456 et
2892 2400 3156 2455 inusitato
3189 2396 3329 2451 lacte.
3358 2394 3632 2449 aleretur:

2047 2514 2196 2555 nunc
2239 2509 2424 2553 autem
2476 2496 2741 2551 Caesarea:
2797 2494 3007 2564 plebem
3055 2490 3254 2562 pascit.
3309 2486 3432 2542 Uno
3488 2484 3635 2538 enim

2045 2591 2266 2646 circiter
2288 2591 2356 2644 ab
2378 2589 2512 2644 urbe
2528 2588 2705 2643 stadio
2724 2588 2987 2656 templum
3012 2581 3238 2652 martyri
3258 2584 3635 2663 constructum

2047 2694 2151 2749 est,
2180 2682 2325 2753 quod
2354 2681 2442 2735 illa
2474 2681 2589 2747 ipsa
2624 2667 2861 2741 Au‘unia,
2893 2691 3018 2746 qua:
3041 2690 3166 2728 eum
3186 2673 3418 2732 aluerat,
3446 2669 3638 2736 singu~

2046 2776 2148 2829 lari
2201 2770 2609 2842 magniﬁcentia
2655 2784 2720 2823 eo
2776 2769 2900 2822 loco
2938 2765 3241 2821 aedificasse
3289 2762 3490 2825 fertur,
3525 2771 3638 2826 quo

2047 2876 2171 2937 post
2226 2864 2578 2933 martyrieatn
2640 2862 2788 2916 illam
2850 2867 2905 2914 et
2935 2866 3271 2928 postremam
3302 2854 3548 2906 lanceam
3607 2862 3639 2901 c

2048 2960 2284 3019 theatro,
2335 2954 2634 3025 praeordia
2680 2954 2792 3023 jam
2862 2949 3206 3019 erumpentia
3247 2945 3511 3006 retinens,
3545 2942 3637 2994 vix

2051 3046 2267 3100 tandem
2301 3058 2412 3113 prae
2446 3041 2658 3095 ardenti
2709 3038 2985 3093 desiderio
3011 3035 3297 3106 pervenire
3324 3042 3490 3100 atque
3515 3028 3641 3083 ani-

2051 3153 2196 3193 mam
2231 3135 2414 3191 efflare
2452 3135 2646 3205 potuit.
2692 3131 2750 3186 lu
2789 3131 2894 3185 hoc
2924 3130 3089 3200 igitur
3128 3128 3329 3196 templo
3360 3121 3637 3178 Encrenio-

2053 3246 2173 3285 rum
2232 3227 2433 3283 festum
2494 3228 2664 3281 totius
2713 3222 2956 3279 civitatis
3011 3234 3289 3275 concursu
3350 3212 3639 3272 commode

2055 3322 2457 3379 celebrabatur.
2489 3322 2563 3372 Ac
2606 3326 2835 3389 martyr,
2874 3316 3072 3380 inquit,
3110 3313 3162 3366 iu
3204 3313 3308 3367 hoc
3354 3305 3635 3361 Euctemo-

2056 3430 2175 3469 rum
2249 3415 2390 3468 festo
2461 3412 2747 3481 Spiritu-ale
2816 3425 2909 3462 ver
2973 3408 3201 3460 innovat
3271 3401 3638 3466 undcrunque

2056 3504 2486 3561 confluentibus.
2515 3501 2991 3569 Quemadmodum
3041 3505 3229 3550 autem
3280 3508 3371 3547 ver
3400 3488 3638 3544 munda-

2055 3612 2185 3652 num
2214 3608 2267 3650 et
2300 3596 2554 3650 naturale
2586 3593 2912 3662 multiplicia
2940 3600 2994 3644 et
3024 3590 3169 3643 varia
3204 3588 3401 3641 florum
3438 3595 3640 3653 genera

2054 3687 2268 3757 profert
2313 3705 2328 3740 :
2374 3686 2454 3741 sic
2502 3688 2607 3741 boc
2662 3699 2882 3755 quoque
2941 3682 3188 3750 divinum
3245 3693 3362 3743 ver,
3425 3673 3639 3728 varium

2055 3778 2275 3850 quidem
2308 3794 2371 3832 ac
2402 3777 2681 3830 diversum
2726 3785 2810 3829 est
2858 3775 3080 3827 virtutis
3110 3768 3480 3830 ornamentis,
3506 3780 3640 3833 qua-

2056 3879 2215 3923 tenus
2246 3883 2314 3921 ev
2350 3868 2418 3921 iis
2470 3866 2562 3934 qui
2611 3866 2966 3928 conveniunt,
3016 3862 3157 3914 alius
3192 3859 3355 3913 aliam
3385 3856 3640 3910 virtutem

2055 3975 2240 4015 secum
2278 3958 2436 4012 ali'ert
2468 3976 2481 4011 :
2514 3957 2725 4010 varium
2758 3956 2924 4010 etiam
2952 3952 3304 4008 sermonibus
3340 3945 3641 4013 triumpha-

2059 4053 2223 4116 libus,
2287 4051 2419 4119 quia
2487 4049 2580 4102 alii
2636 4049 2745 4101 alio
2812 4046 2978 4100 modo
3022 4042 3281 4111 martyris
3338 4036 3643 4111 certamina

2058 4150 2284 4197 narrant
2316 4142 2678 4210 laudibusque
2727 4146 3161 4208 prosequuntur,
3219 4132 3311 4187 alii
3377 4128 3641 4185 nimirum

2057 4236 2426 4306 eloquentius,
2461 4233 2551 4287 alii
2583 4232 2966 4300 inelegantius,
2998 4244 3061 4282 ac
3093 4242 3191 4297 pro
3226 4223 3431 4294 ingenii
3462 4220 3640 4275 facul-

2061 4338 2187 4383 tate.
2213 4329 2406 4397 Atque,
2455 4337 2514 4379 ut
2561 4325 2615 4378 in
2663 4337 2877 4378 summa
2906 4321 3110 4383 dicam,
3147 4333 3245 4373 ver
3279 4315 3414 4370 illud
3450 4312 3642 4382 probi-

2059 4422 2209 4479 tatis,
2236 4428 2398 4487 atque
2427 4415 2670 4473 virtutis,
2719 4412 2866 4482 quod
2921 4426 2952 4464 a
3007 4408 3208 4480 populo
3234 4406 3310 4469 fit,
3366 4402 3640 4474 prmclaris

2059 4511 2241 4582 populi
2270 4509 2581 4581 pastoribus
2602 4506 2828 4574 dignum
2851 4512 2954 4568 est,
2980 4503 3295 4572 optimeque
3324 4499 3638 4567 respondet.

449 4599 583 4656 ibid.
613 4600 674 4655 C.
732 4601 872 4666 Quid
908 4615 1103 4656 cratera
1135 4605 1576 4658 commemorem?
1620 4603 1778 4659 Nunc
1809 4622 1950 4660 mar-
1983 4594 2028 4648 ἶ)
2058 4605 2324 4675 Denique,
2356 4612 2415 4656 ut
2442 4617 2554 4657 uno
2593 4599 2763 4653 verbo
2791 4612 2902 4652 rem
2936 4596 3289 4664 complectar,
3319 4592 3515 4659 duplex
3548 4602 3640 4643 ver

373 4704 537 4765 tyrias,
564 4702 670 4747 etc.
701 4693 868 4759 Quid,
896 4695 1093 4763 inquit,
1124 4703 1352 4751 czeteras
1374 4695 1516 4750 veris
1534 4697 1949 4753 commoditates

373 4799 658 4839 resen-ere
697 4785 926 4840 attinet?
954 4784 1111 4843 Nune
1144 4796 1412 4858 martyres
1442 4790 1742 4843 subdialem
1778 4806 1949 4859 popu-

377 4878 492 4929 lum
553 4878 794 4931 retinent
843 4888 1006 4947 atque
1059 4888 1212 4934 extra
1248 4888 1473 4946 tectum,
1509 4882 1704 4950 partim
1735 4892 1952 4951 propter

375 4984 611 5036 tempus,
649 4968 901 5025 hiemalis
946 4971 1185 5025 tristitiae
1225 4972 1363 5026 nihil
1395 4972 1623 5030 habens.
1657 4974 1850 5040 partim
1884 4974 1956 5026 ob

374 5060 821 5114 concurrentium
879 5062 1310 5131 multitudinem,
1369 5079 1492 5134 qua:
1540 5073 1690 5119 tanta
1751 5075 1856 5127 est,
1900 5073 1959 5118 ut

378 5149 578 5204 domus
636 5166 730 5206 cos
786 5166 887 5205 nec
942 5160 1123 5222 tegere
1164 5168 1267 5210 nec
1315 5154 1598 5224 suscipere
1629 5162 1853 5223 queant.
1882 5153 1958 5207 Ac

377 5252 631 5311 pompam
655 5251 846 5310 agunt,
874 5244 974 5299 boc
999 5255 1084 5301 est
1107 5244 1306 5315 insigni
1329 5245 1644 5301 celebritate
1668 5246 1957 5313 prodeunt,

454 5397 470 5426 ⁸
512 5393 676 5450 l’rov.
719 5412 791 5461 vr,
821 5397 950 5467 6-8;
998 5414 1110 5456 sec.
1144 5399 1284 5455 LXX
1317 5417 1332 5456 :
1369 5402 1506 5473 πρὸς
1542 5400 1632 5455 τὸν
1669 5400 1960 5473 μύρμηκα.

2057 4695 2216 4750 nobis
2236 4694 2584 4759 est,alteru:u
2608 4688 2944 4743 mundanum
2977 4686 3106 4739 etin
3134 4691 3417 4750 aspectum
3438 4678 3640 4733 cadens

2057 4785 2487 4855 corporibusque
2514 4779 2878 4843 conveniens;
2912 4780 3143 4830 alterum
3178 4771 3464 4842 spirituale
3492 4780 3546 4823 et
3572 4770 3639 4823 ab

2059 4878 2344 4932 oculorum
2391 4884 2610 4943 aspectu
2653 4881 2950 4932 remotum,
2985 4868 3296 4936 animisque
3325 4878 3637 4931 congruen-

2059 4969 2354 5024 tissimum.
2405 4965 2525 5030 Quo
2587 4963 2801 5017 utinam
2855 4961 2910 5014 in
2974 4960 3152 5016 altero
3212 4957 3414 5014 steculo
3481 4955 3638 5010 nobis

2056 5059 2265 5129 perfrui
2306 5057 2609 5125 contingat.
2667 5052 3024 5106 Perfruemur
3082 5059 3289 5115 autem,
3337 5050 3383 5105 si
3431 5048 3486 5103 in
3539 5047 3638 5102 hac

2058 5153 2171 5205 vita
2228 5151 2454 5203 bonestc
2502 5155 2556 5201 et
2606 5144 2953 5199 laudabiliter
3000 5143 3271 5208 vivamus,
3329 5140 3522 5212 sicque
3570 5138 3639 5192 ad

2064 5258 2257 5298 novam
2296 5240 2443 5295 illam
2484 5240 2647 5295 vitam
2684 5239 3052 5295 discedamus.

2066 5402 2087 5431 ¹
2129 5398 2270 5454 Psai.
2296 5411 2450 5458 xvnt,
2494 5397 2544 5453 l.
