4116 6448
488 481 623 540 M35

1893 483 2270 549 ADDENDA.

3590 487 3730 557 1536

1087 823 1207 910 IN
1282 820 2002 914 ORATIONEM
2081 820 2336 942 XLI,
2411 822 2713 912 OLIM
2792 825 3130 919 XLIV.

998 1175 1549 1233 ARGUMENTUM.

561 1273 775 1328 Generis
803 1271 1201 1327 demonstrativi
1244 1272 1468 1339 speciem
1496 1285 1699 1339 quoque
1746 1283 1856 1339 prce
1877 1284 1930 1323 se
1963 1269 2065 1338 [ert

492 1367 602 1421 haec
645 1365 838 1420 oratio.
885 1362 1009 1418 Non
1049 1372 1226 1416 tamen
1273 1362 1443 1430 magis
1499 1360 1912 1415 demonstrativa
1964 1372 2065 1428 est,

492 1475 654 1528 quam
681 1456 957 1525 judicialis
979 1466 1193 1524 propter
1217 1455 1543 1507 incurrentes
1578 1468 1642 1507 ea:
1665 1455 1885 1508 adverso
1909 1470 2068 1524 oppoo

493 1542 733 1604 sitiones,
765 1555 830 1593 ac
883 1538 1180 1592 necessario
1224 1546 1493 1606 sequentes
1538 1534 1844 1597 solutiones,
1871 1538 2068 1603 princi-

493 1631 638 1697 pium
665 1630 733 1684 ab
769 1631 883 1699 ipsa
908 1645 962 1683 re
996 1630 1225 1683 sumitur
1254 1641 1274 1681 :
1310 1628 1686 1698 propositionis
1727 1636 1902 1681 autem
1944 1644 2067 1683 con-

493 1722 731 1792 ﬁrmatio
758 1738 788 1774 a
817 1738 1003 1775 causa.

562 1812 681 1868 Col.
713 1813 819 1867 427
846 1815 912 1869 Δ.
954 1813 1030 1867 De
1058 1813 1155 1867 hoc
1190 1813 1325 1879 [csto
1363 1830 1533 1879 pauca
1572 1814 1923 1875 disseramus,
1959 1820 2066 1867 etc.

496 1900 828 1972 Theologus,
859 1918 955 1972 per
1001 1903 1169 1957 animi
1216 1903 1539 1958 modestiam
1596 1916 1695 1957 sua
1747 1910 2069 1963 extenuans,

497 2002 559 2049 ut
605 1996 924 2066 plerumque
977 1996 1159 2051 facere
1206 1996 1379 2061 solet,
1434 2011 1597 2065 parva
1664 2009 1728 2049 ea
1788 1994 2068 2058 nominat,

497 2102 621 2154 quae
664 2088 731 2141 de
772 2086 912 2142 festo
958 2089 1210 2144 dicturus
1256 2098 1359 2153 est,
1389 2088 1641 2156 quamvis
1682 2102 1872 2158 magna
1916 2087 2064 2139 sint:

498 2177 616 2232 sive
653 2179 782 2247 quia
814 2179 996 2232 onmia
1046 2196 1169 2248 qua:
1208 2182 1275 2235 de
1315 2180 1521 2246 Spiritu
1570 2186 1760 2233 Sancto
1797 2177 2069 2247 quispiam

497 2267 684 2324 dicere
735 2284 802 2324 ac
856 2269 1230 2338 philosophari
1298 2270 1508 2339 possit,
1565 2268 1858 2322 admodum
1908 2282 2071 2337 parva

499 2366 649 2423 sunt,
685 2370 954 2428 quantum
1007 2362 1075 2414 ad
1135 2359 1372 2428 Spiritus
1405 2357 1721 2427 dignitatem
1754 2355 2071 2429 (tremenda

497 2449 642 2504 enim
691 2467 779 2506 res
819 2460 941 2516 est,
987 2452 1054 2507 de
1121 2453 1409 2505 divinitate
1458 2451 1710 2505 tractatio
1765 2450 2071 2520 majorque,

498 2563 665 2615 quam
730 2558 786 2601 ut
843 2564 941 2618 pro
1001 2550 1267 2619 dignitate
1324 2547 1586 2617 explicari
1635 2547 1809 2616 possit
1851 2564 1866 2601 :
1907 2559 2072 2616 atque

500 2639 705 2703 omnis,
750 2656 868 2707 qua:
922 2640 990 2694 de
1060 2640 1168 2695 Deo
1234 2640 1464 2694 habetur
1510 2639 1708 2702 oratio,
1759 2638 1936 2693 brevis
1989 2648 2074 2693 est

502 2731 764 2801 humique
816 2733 1121 2800 provoluta,
1177 2747 1277 2787 nec
1340 2731 1578 2786 divinam
1638 2729 2071 2801 magnitudinem

500 2824 718 2893 assequi
761 2825 870 2879 ullo
900 2826 1062 2880 modo
1085 2823 1322 2895 potest);
1357 2824 1472 2880 sive
1498 2823 1687 2886 etiam,
1727 2832 1786 2877 ut
1820 2821 2072 2878 nonnulli

500 2918 839 2981 existimant,
884 2918 1012 2986 quia
1069 2919 1136 2973 de
1188 2919 1290 2974 hoc
1318 2908 1481 2979 festO,
1534 2916 1640 2971 hoc
1668 2926 1753 2973 est
1785 2917 1852 2971 de
1886 2914 2079 2972 Pente-

503 3017 674 3073 coste,
708 3023 881 3078 pauca
947 3009 1113 3063 verba
1143 3009 1289 3075 facit,
1322 3024 1386 3065 ac
1415 3023 1513 3079 per
1559 3009 1823 3078 reliquum
1853 3022 2072 3063 omnem

504 3101 768 3155 orationis
791 3116 1014 3157 cursum
1041 3101 1107 3155 de
1129 3099 1330 3170 Spiritu
1365 3109 1556 3156 sancto
1585 3099 1847 3170 disputat.
1873 3099 2079 3155 Deinde

505 3189 672 3259 hujus
694 3189 1079 3260 disputationis
1128 3191 1396 3245 rationem
1456 3190 1683 3245 reddit:
1727 3180 1818 3253 Ut,
1867 3190 2069 3259 inquit,

503 3281 776 3350 spirituali
808 3283 970 3338 modo
1001 3282 1202 3339 festum
1249 3282 1394 3337 diem
1442 3283 1733 3352 agitemus,
1775 3283 1825 3335 id
1856 3292 1968 3347 est,
2009 3283 2077 3336 de

504 3370 648 3426 festo
677 3372 968 3442 loquamur
997 3388 1060 3427 ac
1109 3373 1554 3441 pbilosopbemur
1598 3373 1663 3425 ad
1696 3373 1927 3443 gloriam
1962 3370 2078 3427 Dei.

508 3462 703 3518 Postea
733 3463 859 3518 huic
891 3463 1314 3526 conﬁrmationi,
1357 3464 1500 3533 quod
1530 3464 1595 3517 de
1622 3463 1939 3519 Pentecoste
2004 3463 2075 3518 sit

508 3554 914 3620 disserendum,
947 3554 1414 3609 confirmationem
1449 3555 1612 3609 aliam
1648 3555 1942 3611 subnectit.
1968 3554 2073 3609 Alii

508 3659 747 3715 namque
775 3646 880 3700 alia
913 3646 1039 3702 festi
1092 3646 1400 3701 celebrandi
1456 3647 1666 3701 ratione
1713 3645 2079 3715 oblectantur,

509 3743 572 3790 ut
606 3735 785 3790 mollis
815 3744 871 3791 et
902 3735 1167 3790 delicatus
1185 3735 1419 3802 deliciis,
1446 3736 1815 3804 intemperans
1836 3735 2081 3799 libidine,

2089 1173 2139 1235 Δ
2167 1189 2462 1243 corporeos
2488 1176 2656 1232 animi
2689 1189 2871 1236 motus
2902 1195 2959 1236 et
2988 1185 3313 1254 voluptates,
3348 1200 3411 1241 ac
3435 1189 3734 1246 secundum

2167 1267 2439 1324 obscenos
2478 1269 2706 1325 at‘leetus
2737 1286 2928 1327 eorum
2963 1274 3055 1343 qui
3087 1276 3156 1330 ab
3178 1275 3313 1346 ipsis
3360 1279 3577 1348 quidem
3636 1298 3734 1352 pro

2167 1359 2273 1414 diis
2303 1360 2577 1425 coluntur,
2603 1375 2632 1414 a
2657 1361 2816 1416 nobis
2863 1373 3063 1419 autem.
3090 1380 3188 1435 pro
3242 1366 3582 1426 daemonibus
3646 1375 3739 1427 ba-

2170 1450 2383 1504 bcntur.
2414 1449 2659 1516 Quorum
2684 1451 2774 1506 alii
2831 1453 3191 1510 obscenarum
3223 1472 3403 1512 rerum
3436 1470 3564 1515 sunt
3599 1461 3742 1517 eiic-

2168 1552 2369 1609 ctores,
2410 1545 2864 1613 quemadmodum
2897 1546 3112 1614 ipsimet
3153 1549 3382 1619 gentiles
3439 1551 3736 1608 afﬁrmant.

2168 1632 2302 1688 Nam
2331 1647 2383 1689 et
2405 1634 2628 1690 Martem
2656 1647 2911 1692 asserunt
2938 1638 3030 1692 irae
3052 1641 3336 1707 praesidem
3361 1653 3414 1696 et
3437 1644 3739 1701 antistitem

2169 1739 2314 1787 esse,
2344 1740 2409 1780 ac
2435 1726 2661 1781 caedium
2696 1727 3058 1782 architectum
3086 1744 3102 1795 ;
3135 1739 3187 1785 et
3232 1728 3495 1785 Venerem
3540 1749 3745 1789 concu-

2173 1817 2448 1887 piscentire
2470 1819 2804 1886 etlibidinis;
2829 1819 3156 1876 Mercurium
3184 1822 3310 1877 item
3339 1825 3472 1877 artis
3507 1825 3743 1893 furandi;

2172 1908 2447 1963 Bacchum
2469 1911 2820 1977 temulentiai,
2842 1921 3008 1982 atque
3040 1914 3180 1968 alios
3206 1913 3438 1970 aliorum
3459 1918 3739 1973 vitiorum.

2173 2000 2276 2054 Alii
2307 2018 2371 2057 ex
2402 2002 2655 2057 obscenis
2687 2004 2850 2058 rebus
2881 2007 3144 2058 honorem
3182 2007 3464 2062 consecuti
3506 2018 3654 2069 sunt.
3690 2020 3750 2064 ut

2174 2090 2457 2160 Hercules,
2487 2094 2749 2162 quoniam
2769 2108 2876 2148 una
2899 2104 3060 2150 nocte
3081 2097 3472 2168 quinquaginta
3493 2098 3749 2171 Thyestis

2177 2184 2315 2240 ﬁlias
2345 2187 2742 2254 constupravit,
2775 2187 2976 2255 aliique
3003 2187 3258 2243 similiter
3280 2188 3351 2244 ob
3395 2190 3558 2245 aliam
3591 2209 3750 2262 spur-

2174 2276 2354 2331 citiem
2384 2287 2440 2331 et
2499 2277 2888 2331 obscenitatem
2933 2279 2983 2330 in
3023 2278 3251 2332 deorum
3300 2279 3482 2335 album
3529 2285 3749 2355 ascripti

2175 2377 2321 2422 sunt.
2357 2367 2493 2423 llinc
2539 2370 2620 2431 iit,
2676 2378 2735 2423 ut
2780 2369 2922 2439 apud
2968 2368 3173 2424 Graecae
3212 2372 3625 2441 superstitionis
3662 2389 3750 2428 se-

2176 2470 2415 2518 ctatores
2469 2462 2661 2516 vitiosa
2713 2476 2934 2531 quoque
2976 2462 3047 2516 sit
3098 2461 3361 2517 festorum
3414 2464 3747 2532 agendorum

2176 2553 2337 2609 ratio.
2379 2553 2589 2607 Etenim
2625 2567 3071 2627 unumquemque
3106 2553 3333 2609 deorum
3362 2567 3586 2608 suorum
3615 2569 3751 2608 con-

2175 2642 2387 2712 gruenti
2418 2642 2552 2697 vitio
2579 2643 2768 2697 colunt
2801 2661 2815 2698 :
2863 2652 2922 2697 ut
2963 2642 3095 2698 illud
3130 2643 3305 2712 ipsum
3335 2643 3477 2713 quod
3503 2653 3750 2713 peccant,

2176 2734 2229 2788 in
2283 2734 2370 2789 dei
2436 2734 2703 2789 honorem
2756 2736 2933 2799 cedat,
2985 2735 3054 2790 ad
3106 2750 3269 2804 quem
3321 2737 3511 2790 vitium
3544 2734 3748 2804 ipsum,

2174 2826 2334 2895 quasi
2361 2841 2446 2880 res
2481 2826 2727 2896 quaedam
2760 2825 2986 2881 honesta
3006 2834 3060 2881 et
3086 2826 3452 2897 praedicanda,
3480 2824 3746 2894 confugit.

2177 2912 2311 2968 Nam
2341 2930 2463 2971 cum
2491 2914 2711 2969 sceleris
2740 2914 3026 2984 cujusdam
3058 2916 3294 2972 convicti
3340 2926 3525 2971 essent
3575 2916 3753 2985 genti-

2178 3006 2281 3068 les,
2335 3021 2445 3060 non
2479 3006 2638 3059 modo
2679 3021 2784 3060 non
2836 3006 3255 3072 erubescebant,
3305 3007 3582 3076 sealquasi
3616 3021 3756 3077 prm-

2178 3102 2329 3157 claro
2359 3102 2541 3169 aliquo
2559 3100 2800 3154 facinOrc
2830 3110 3041 3169 patrato
3059 3100 3456 3168 gloriabantur,
3486 3115 3549 3154 ac
3591 3099 3755 3154 deum

2179 3191 2354 3253 illum,
2380 3207 2539 3259 quem
2573 3190 2841 3254 colebant,
2872 3205 2970 3257 pro
3010 3190 3347 3246 defensionis
3389 3199 3444 3247 et
3474 3192 3758 3261 purgatio-

2183 3283 2267 3335 nis
2326 3280 2574 3350 pcrfugio
2627 3281 2920 3344 habebant,
2987 3281 3229 3335 dicentes
3296 3282 3609 3350 hujusmodi
3645 3283 3759 3338 vitii

2183 3375 2515 3426 inventorem
2557 3370 2714 3424 deum
2757 3384 2900 3434 esse,
2958 3384 3129 3439 seque
3157 3370 3229 3425 ob
3264 3386 3385 3425 eam
3426 3387 3650 3426 causam
3697 3373 3754 3427 in

2183 3461 2329 3516 illius
2378 3461 2638 3514 honorem
2663 3468 2716 3514 et
2749 3459 2955 3515 cultum
2982 3459 3032 3514 id
3065 3458 3247 3514 facere
3296 3461 3441 3530 quod
3491 3460 3758 3517 facerent.

2182 3551 2467 3607 Feriamur
2498 3542 2600 3621 ipsi
2623 3567 2859 3621 quoque,
2884 3552 2937 3605 id
2969 3563 3072 3619 est,
3097 3567 3198 3608 nos
3225 3554 3545 3619 Christiani,
3571 3572 3759 3610 verum

2185 3657 2245 3703 ut
2272 3647 2476 3716 Spiritu
2520 3655 2711 3701 sancto
2742 3655 2954 3715 gratum
2998 3655 3104 3701 est.
3155 3646 3383 3701 Gratum
3449 3656 3535 3702 est
3597 3663 3763 3717 porro

2185 3740 2258 3795 ita
2280 3738 2499 3794 demum
2531 3736 2744 3793 anobis
2781 3736 2915 3791 festa
2966 3736 3250 3799 celebrari,
3303 3744 3361 3791 ut
3408 3752 3598 3792 eorum
3642 3754 3764 3808 qua:

509 3837 675 3898 atque
734 3829 1109 3899 unusquisque
1160 3843 1222 3883 ea
1289 3844 1348 3884 re
1404 3844 1567 3898 quam
1598 3836 1746 3881 amat
1785 3836 1881 3882 :at
1917 3827 2077 3881 Verbi
2108 3831 2152 3893 ο
2184 3830 2239 3884 in
2280 3844 2392 3884 rem
2421 3836 2569 3892 sunt,
2596 3827 2676 3883 vel
2699 3827 2901 3895 aliquid
2926 3827 3197 3892 dicamus,
3225 3828 3307 3882 vel
3332 3843 3581 3897 agamus,
3605 3839 3766 3899 atque

510 3920 863 3977 subsistentis
893 3922 1122 3985 scilicet,
1152 3930 1208 3976 et
1263 3920 1383 3976 Filii
1417 3920 1509 3975 Dei
1551 3920 1751 3985 cultor,
1784 3920 1864 3975 vel
1913 3919 2078 3975 etiam

509 4011 771 4067 doctrina:
828 4013 1129 4079 studiosus,
1169 4026 1477 4068 sermonem
1525 4026 1627 4081 pro
1665 4010 1802 4065 festo
1836 4011 2012 4074 habet,
2035 4022 2088 4064 et

510 4103 728 4172 quidem
782 4119 905 4158 eum
961 4104 1054 4174 qui
1115 4104 1243 4159 huic
1293 4102 1520 4174 tempori
1603 4102 1915 4158 conveniat.
1977 4100 2089 4157 Nec

510 4195 799 4264 quisquam
842 4197 1144 4254 honestatis
1169 4197 1451 4252 studiosus
1476 4196 1594 4265 pari
1644 4194 1836 4249 aﬂ‘ccttt
1911 4194 2086 4248 bone-

512 4293 654 4339 stutn
711 4287 1007 4356 quidquam
1052 4295 1107 4342 et
1150 4287 1370 4356 elegans
1420 4286 1801 4357 amplectitur,
1851 4293 1910 4339 ut
1964 4283 2083 4338 festi

515 4393 704 4433 amans
729 4378 1064 4447 spiritualem
1094 4378 1354 4431 festorum
1396 4376 1840 4431 celebrationem.
1894 4376 1970 4429 Ac
1992 4413 2008 4439 ,
2038 4374 2084 4429 si

514 4468 716 4537 placet,
782 4468 856 4521 ita
907 4482 1018 4521 rem
1072 4469 1450 4523 discutiamus.
1501 4466 1692 4523 Festos
1735 4468 1852 4522 dies
1909 4464 2086 4521 Judaei

514 4576 730 4630 quoque
785 4572 975 4630 agunt,
1041 4561 1134 4615 sed
1183 4559 1336 4630 juxta
1369 4559 1628 4625 litteram,
1675 4564 1779 4614 hoc
1815 4569 1899 4615 est
1928 4561 2084 4631 juxta

516 4666 797 4707 externam
849 4653 982 4723 legis
1057 4653 1313 4722 speciem,
1371 4662 1428 4706 et
1473 4650 1812 4720 corporalem
1861 4667 2082 4707 sensum

517 4756 681 4817 atque
710 4745 1143 4815 intelligentiam.
1178 4744 1347 4810 Nam,
1400 4755 1459 4798 ut
1522 4740 1597 4798 ait
1640 4745 1841 4799 Paulus
1877 4747 1941 4799 ad
1980 4746 2085 4801 Ro-

516 4855 712 4895 manos
739 4839 983 4894 scribens
1016 4855 1032 4892 :
1062 4836 1237 4893 Israel
1258 4835 1505 4890 sectanda
1535 4836 1696 4906 legem
1727 4835 1980 4905 justitiae,
2016 4836 2085 4890 ad

514 4935 683 5006 legem
704 4935 932 5007 justitia:
992 4948 1096 4986 non
1154 4928 1444 4999 pervenit',
1495 4929 1596 4983 hoc
1630 4937 1734 4994 est,
1766 4944 2084 4997 corpoream

519 5030 690 5098 legem
723 5036 1031 5098 quaerentes
1068 5037 1122 5080 et
1152 5025 1458 5095 implentes,
1492 5022 1560 5078 ad
1582 5022 1942 5092 spiritualem,
1968 5035 2090 5091 qua:

2190 3921 2385 3975 animm
2421 3920 2682 3973 virtutum
2724 3917 3042 3971 thesaurum
3098 3916 3485 3985 rccondamus,
3534 3935 3657 3990 quae
3709 3931 3765 3975 ct

2191 4028 2314 4068 cum
2345 4025 2408 4065 ea
2454 4016 2795 4079 permanent,
2848 4015 2902 4061 et
2963 4007 3329 4062 discedentem
3386 4011 3762 4065 comitantur:

2190 4116 2297 4157 non
2326 4111 2508 4155 autem
2541 4113 2603 4153 ea
2628 4104 2751 4167 quae
2811 4113 2931 4153 sese
2977 4099 3291 4154 subducunt
3318 4115 3383 4155 ac
3423 4101 3760 4167 dilabuntur,

2189 4190 2350 4259 cujus
2417 4188 2631 4258 generis
2691 4195 2825 4242 sunt
2884 4184 3109 4251 divitiae,
3170 4185 3531 4256 principatus,
3564 4186 3763 4258 gloria.

2190 4291 2497 4350 cacteraque
2521 4277 2641 4347 eius
2669 4277 2886 4349 generis
2922 4293 3046 4346 quae
3076 4278 3293 4347 quidem
3350 4293 3546 4333 sensus
3577 4279 3765 4334 leviter

2193 4372 2469 4434 mulcent,
2513 4371 2690 4442 iisque
2744 4369 3155 4434 lenocinantur,
3213 4383 3408 4437 magna
3466 4378 3647 4422 autem
3700 4385 3765 4424 ex

2193 4473 2344 4534 parte
2377 4475 2542 4532 atque
2568 4469 2628 4516 ut
2693 4461 2987 4530 plurimum
3051 4467 3269 4523 nocent,
3304 4458 3766 4528 quemadmodum

2191 4558 2308 4628 ipse
2324 4557 2500 4612 sentio
2530 4565 2693 4624 atque
2722 4552 2948 4608 alllrmo.
3009 4550 3153 4607 Satis
3183 4551 3328 4606 enim
3384 4566 3658 4620 superque
3686 4562 3772 4607 est

2192 4650 2405 4719 corpori
2463 4648 2757 4703 domestica
2811 4657 2864 4700 et
2920 4643 3178 4700 intestina
3240 4642 3411 4711 ipsius
3481 4644 3662 4699 rabies
3716 4652 3771 4697 et

2195 4743 2422 4806 malitia,
2451 4742 2555 4795 hoc
2582 4749 2667 4795 est
2696 4739 2763 4792 ad
2798 4753 2883 4792 res
2941 4744 3189 4791 terrenas
3242 4736 3531 4804 propensio
3581 4743 3637 4788 et
3667 4734 3770 4788 im-

2193 4835 2452 4905 probitas.
2483 4832 2694 4900 Corpus
2729 4830 3023 4899 siquidem,
3045 4837 3231 4896 utpote
3260 4843 3326 4881 ex
3359 4827 3585 4881 materia
3614 4839 3771 4880 crea-

2193 4936 2329 4988 tum,
2363 4925 2428 4979 ad
2468 4939 2555 4977 res
2586 4922 2817 4976 materia
2847 4927 3163 4976 constantes
3190 4928 3245 4975 et
3278 4928 3536 4987 cognatas
3561 4924 3613 4971 et
3645 4931 3769 4971 cor-

2194 5034 2388 5091 poreas
2421 5016 2658 5086 proclive
2689 5022 2793 5079 cst,
2816 5013 3161 5082 maximeque
3178 5012 3244 5066 ad
3277 5025 3341 5065 ea
3370 5025 3491 5080 qua:
3518 5010 3771 5078 volupta-

520 5125 623 5176 sub
677 5122 850 5175 littera
914 5119 1284 5183 delitescebat,
1338 5125 1501 5184 atque
1551 5124 1833 5169 externam
1892 5113 2087 5167 litterae
2125 5158 2168 5213 υ
2198 5123 2301 5169 tem
2329 5111 2585 5172 ail'erunt,
2606 5108 2673 5165 ad
2699 5122 2820 5176 qua:
2854 5104 3087 5213 natprali
3115 5105 3322 5172 impetu
3347 5101 3537 5213 feftn'r.
3567 5100 3768 5213 Atque;

521 5216 757 5284 speciem
785 5229 1118 5281 sensumque
1146 5212 1460 5287 superabat.
1484 5218 1537 5263 et
1563 5207 1855 5264 sublimem
1889 5219 2090 5275 specu-

524 5310 782 5364 lationem
819 5307 1094 5375 poscehat,
1125 5306 1348 5358 minime
1369 5309 1742 5372 pervenerunt.
1765 5299 2088 5367 Quanquam

523 5402 666 5458 enim
690 5418 755 5454 ex
786 5399 875 5453 Dei
908 5396 1243 5467 praescripto,
1273 5394 1563 5458 sacriﬁcia,
1592 5393 1936 5447 victimarum
1966 5403 2095 5441 san-

522 5498 663 5566 guis,
697 5504 753 5549 et
800 5493 929 5558 cibi,
984 5500 1037 5545 et
1064 5490 1309 5559 potiones
1345 5488 1593 5556 religiose
1628 5481 2029 5539 observabantu
2044 5494 2090 5542 r,

525 5588 766 5642 crassius
804 5596 981 5638 tamen
1015 5598 1077 5637 ea
1122 5581 1462 5648 gerebantur.
1516 5577 1704 5632 Festos
1754 5574 1917 5629 etiam
1977 5572 2095 5625 dies

527 5692 689 5750 agunt
714 5680 960 5751 gentiles,
987 5678 1078 5734 sed
1113 5678 1263 5746 juxta
1291 5690 1507 5746 corpus,
1557 5674 1657 5727 hoc
1682 5681 1761 5727 est
1798 5669 2093 5725 secundum

600 5864 621 5893 ³
659 5859 816 5915 Rom.
845 5875 920 5924 ix,
954 5857 1045 5914 51.

2202 5215 2262 5261 ιιι
2298 5206 2453 5275 plane
2487 5201 2687 5262 dicam,
2717 5212 2914 5268 corpus
2944 5196 3160 5251 ﬂamma
3185 5204 3287 5259 est,
3312 5203 3366 5249 et
3397 5192 3597 5248 bellua.
3627 5191 3769 5259 Quid

2194 5298 2358 5368 igitur
2384 5307 2522 5363 opus
2543 5300 2625 5347 est
2660 5290 2788 5345 huic
2811 5298 3013 5344 nostra:
3038 5289 3269 5341 ﬂamma:
3314 5284 3533 5340 fomites
3589 5284 3775 5352 plures

2195 5389 2468 5458 ingerere,
2497 5399 2595 5453 per
2622 5389 2903 5438 externam
2932 5392 3242 5435 crassarum
3280 5387 3334 5431 et
3383 5390 3771 5445 corporearum

2195 5493 2375 5534 rerum
2436 5471 2972 5545 suppeditationcm?
3053 5470 3194 5535 Quid
3274 5468 3555 5523 indomitas
3598 5476 3767 5536 atque

2196 5569 2365 5625 atroci
2422 5567 2619 5623 bellua:
2672 5566 2857 5635 plures
2909 5562 3061 5618 cibos
3115 5561 3394 5631 porrigere
3452 5573 3517 5613 ac
3544 5556 3769 5628 profuse

2195 5660 2401 5733 largiri,
2434 5658 2691 5713 nimirum
2751 5673 2845 5726 per
2884 5656 3004 5709 vita:
3058 5652 3282 5707 delicias
3338 5659 3391 5705 et
3450 5648 3773 5718 voluptates,
