4116 6442
424 453 555 512 14ἰῖ

1308 461 1629 523 NICETAS
1672 467 1752 526 ΙΝ
1814 468 2036 532 ORAT.
2078 474 2261 537 XLIV
2302 477 2358 537 S.
2404 478 2634 541 GREG.

3546 490 3683 556 1438

417 582 539 617 rmn
566 581 632 620 ne
662 570 934 623 internum
966 570 1186 640 quidem
1221 578 1467 643 corporis
1514 579 1765 634 ardorem
1791 591 1845 635 et
1869 581 1993 635 feri—
2020 587 2568 659 Aparticipalionem
2634 605 2897 665 perpetuo
2954 578 3275 656 scaturiaut'
3320 612 3487 672 atque
3540 621 3681 660 cou~

415 666 577 713 tatem
613 658 768 715 facile
791 662 983 718 sedare
1011 678 1078 719 ac
1115 667 1477 738 comprimere
1514 672 1824 740 possimus?
1858 673 1997 729 For-

415 758 560 804 tasse
609 760 790 805 autem
823 768 921 823 per
952 753 1228 810 flammam
1260 772 1324 813 ac
1355 760 1611 827 belluam,
1648 777 1767 818 eam
1798 767 1995 821 auimte

412 852 619 912 partem
650 845 964 917 Theologus
1011 850 1287 921 intelligit,
1334 870 1454 925 qua:
1487 858 1993 925 perturbationibus

410 936 837 1006 concilatur;pcr
850 939 1124 996 flammam
1143 944 1360 1013 quidem
1384 947 1660 1003 libidinem
1679 950 1991 1021 designans,

410 1041 506 1094 per
533 1025 769 1083 belluam
814 1040 995 1086 autem
1046 1033 1408 1090 iracundiam.
1460 1038 1727 1105 Quocirca
1761 1044 1991 1101 rationis

407 1134 628 1187 quoque
650 1120 921 1187 meminit,
953 1139 1074 1193 qua:
1104 1135 1315 1194 partem
1357 1128 1503 1184 illam
1550 1131 1836 1189 affectibus
1887 1136 1990 1189 ob.

406 1208 625 1263 noxiam
663 1208 894 1281 imperio
957 1221 1124 1271 tenet.
1166 1219 1232 1273 Et
1294 1222 1756 1290 quemadmodum
1809 1243 1986 1297 equus

402 1298 632 1368 aurigae,
657 1301 737 1356 sic
767 1301 871 1370 ipsi
904 1319 1124 1377 quoque
1157 1312 1600 1381 concupiscentia
1631 1327 1687 1371 et
1726 1317 1806 1371 ira
1851 1319 1986 1375 sub-

401 1386 555 1454 jecta:
574 1400 721 1445 sunt.
758 1389 993 1448 Proinde
1026 1396 1072 1450 si
1114 1397 1488 1457 inflammandi
1552 1406 1658 1460 vim
1722 1406 1985 1467 habentes

403 1482 664 1535 materias
699 1491 866 1553 atque
895 1486 1155 1543 alimenta
1188 1491 1483 1550 iracundiae
1513 1508 1568 1552 et
1612 1498 1824 1555 libidini
1856 1517 1985 1571 por-

400 1569 728 1638 rexerimus,
769 1574 1098 1633 horrendam
1160 1580 1430 1640 feritatem
1480 1587 1535 1642 hi
1572 1588 1801 1647 affectus
1839 1569 1979 1648 eon-

398 1662 638 1730 trabent,
669 1682 733 1722 ac
758 1669 968 1726 ratione
1001 1674 1142 1731 duce
1197 1677 1549 1738 violentiores
1584 1695 1768 1752 erunt,
1805 1687 1982 1743 baud-

395 1769 672 1825 quaquam
697 1757 807 1827 jam
835 1761 938 1831 ipsi
973 1766 1221 1838 aurigam
1290 1774 1468 1839 agenti
1513 1774 1977 1846 obtemperantes,

395 1860 589 1902 verum
648 1849 822 1919 ipsam
886 1856 1069 1922 potius
1123 1860 1460 1932 abripientes
1494 1880 1560 1922 ac
1609 1877 1976 1926 transversam

393 1948 643 2007 agentes.

462 2026 585 2083 Col.
639 2031 745 2087 430
801 2033 863 2089 Β.
912 2037 1175 2103 Quocirca
1222 2047 1373 2101 nobis
1426 2050 1803 2119 spiritualiter,
1866 2064 1973 2112 etc.

392 2116 690 2189 Quocirca,
722 2125 921 2197 inquit,
962 2140 1021 2186 ut
1053 2148 1082 2187 a
1109 2133 1316 2193 Iudaeis
1350 2147 1405 2195 et
1453 2116 1762 2212 gentilibus
1787 2116 1973 2202 idier-

393 2224 606 2278 ramus,
638 2229 701 2268 ac
730 2231 800 2272 ne
835 2220 1002 2277 animi
1024 2231 1423 2287 commotiones
1468 2235 1735 2292 rationem
1768 2238 1975 2297 viribus

388 2314 672 2373 Bupcrent,
724 2308 1039 2371 faciendum
1107 2320 1269 2375 nobis
1333 2333 1438 2388 est,
1515 2336 1576 2382 ut
1603 2330 1974 2399 spiritualiter

389 2396 675 2454 feriemur.
711 2402 1015 2474 Disputatio
1035 2425 1204 2480 porro
1237 2414 1306 2470 de
1357 2396 1671 2487 septenario
1732 2425 1973 2494 primum

387 2490 657 2547 orationis
688 2493 867 2551 locum
896 2504 1207 2571 occupabit.
1241 2504 1317 2562 De
1343 2524 1409 2564 eo
1437 2511 1584 2566 enim
1614 2490 1771 2582 prius
1801 2534 1969 2589 agen-

386 2581 518 2635 dum
544 2594 651 2648 est,
671 2588 887 2646 etiamsi
911 2597 1133 2662 paulum
1159 2599 1228 2654 ab
1255 2601 1500 2657 instituta
1525 2581 1754 2663 materia
1779 2581 1965 2681 egredi

386 2672 559 2727 videri
588 2678 887 2744 possimus,
921 2687 1180 2753 quoniam
1212 2704 1338 2745 cum
1392 2693 1659 2765 principio
1726 2699 1795 2755 de
1813 2672 1968 2756 Pen-

387 2770 598 2821 tecoste
651 2771 815 2824 verba
863 2772 1046 2830 facere
1116 2784 1636 2854 pr0posuissemus,
1694 2805 1845 2847 nunc
1901 2794 1969 2849 de

390 2859 704 2922 septenario
727 2861 1071 2924 disserimus.
1104 2872 1282 2942 Atque
1339 2875 1393 2929 in
1433 2891 1789 2936 numerorum
1843 2899 1969 2954 spe-

384 2946 661 3005 cnlatione
718 2954 1110 3015 elaborandum
1165 2974 1269 3031 est,
1327 2977 1386 3023 ut
1442 2984 1565 3025 eam
1609 2974 1776 3029 veluti
1834 2991 1965 3032 con—

384 3036 689 3096 dimentum
730 3048 1004 3116 quoddam
1033 3058 1271 3112 sermoni
1303 3058 1358 3114 in
1392 3060 1518 3118 festi
1554 3067 1770 3123 laudem
1796 3068 1965 3125 insti-

326 3152 333 3157 -
385 3138 505 3185 tuto
526 3132 951 3198 admisceamus.
985 3142 1197 3201 Etenim
1234 3150 1338 3206 cibi
1392 3154 1621 3212 minime
1645 3162 1962 3228 necessarii,

2099 683 2318 740 llentur.
2352 686 2421 740 At
2456 701 2606 749 vero.
2656 688 2958 759 Theologe,
3021 692 3168 748 dicet
3211 695 3532 765 quisquam,
3567 713 3674 752 non

2099 791 2195 846 per
2240 779 2676 846 quaternarium.
2724 783 2818 837 sed
2861 798 2957 851 per
2995 783 3362 855 Pythagoram
3413 789 3678 858 jurabant

2095 871 2369 942 discipuli.
2412 874 2488 928 lta
2549 891 2704 940 sane,
2769 877 3006 948 inquit:
3066 895 3254 935 verum
3309 880 3674 953 Pythagoram

2095 971 2314 1030 prepter
2339 966 2748 1030 quaternarium
2781 966 2981 1025 divinis
3009 969 3312 1027 honoribus
3347 971 3668 1039 adicientes,

2097 1052 2198 1105 hac
2239 1053 2607 1121 jurisjurandi
2643 1055 2877 1112 formula
2935 1060 3248 1128 utebantur,
3280 1074 3339 1120 ut
3397 1066 3490 1134 qui
3539 1065 3675 1135 ipsis

2092 1153 2348 1194 arcanam
2377 1150 2431 1196 et
2460 1142 2743 1212 mysticam
2773 1144 2916 1202 illius
2941 1151 3155 1204 numeri
3183 1152 3291 1206 vim
3331 1153 3674 1212 tradidisset.

2093 1231 2275 1298 Quare
2314 1236 2588 1291 secundus
2621 1250 2651 1290 a
2710 1242 3065 1308 quaternario
3107 1244 3177 1299 ab
3233 1244 3343 1301 illis
3370 1248 3672 1305 collocatus

2090 1323 2446 1396 Pythagoras,
2480 1342 2545 1381 ac
2580 1343 2673 1397 per
2693 1344 2818 1385 eum
2847 1332 3005 1401 plane
3030 1334 3084 1388 in
3132 1335 3274 1392 hanc
3332 1338 3563 1395 formam
3583 1341 3675 1412 ju-

2090 1417 2304 1470 rabant.
2335 1415 2455 1472 Jam
2490 1433 2619 1473 vero
2661 1419 2848 1476 Simon
2906 1437 2962 1478 et
3005 1425 3243 1483 Marcion
3294 1429 3673 1490 haeresiarchas

2087 1504 2332 1561 fuerunt.
2358 1508 2434 1562 Ac
2461 1506 2768 1565 Simoniani
2812 1512 3033 1582 quidem
3067 1519 3414 1574 octonarium
3448 1532 3672 1591 propter

2085 1605 2210 1650 octo
2240 1597 2364 1653 illos
2417 1602 2661 1670 magistri
2724 1604 2807 1658 sui
2855 1620 3035 1661 scenes
3105 1608 3302 1664 honori
3365 1612 3660 1668 habebant.

2083 1687 2297 1744 Etenim
2348 1706 2413 1747 ex
2447 1691 2753 1762 Bythicum
2817 1696 2943 1769 Sige
2973 1714 3274 1771 congressu
3322 1702 3553 1759 Mentem
3603 1720 3671 1760 ac

2086 1779 2376 1837 Veritatem
2410 1797 2724 1853 procreatas
2748 1803 2871 1844 esse
2907 1789 3187 1849 fabulatus
3233 1802 3341 1858 est,
3385 1805 3551 1865 atque
3597 1798 3670 1853 ita

2080 1870 2292 1939 primos
2334 1883 2611 1942 parentes,
2669 1884 2726 1930 ut
2771 1877 2884 1946 jam
2939 1879 3146 1935 dictum
3203 1891 3310 1949 est,
3357 1883 3590 1952 Bythum
3616 1896 3672 1941 et

2081 1960 2242 2033 Sigeo
2276 1962 2539 2019 confinxit
2570 1986 2585 2019 :
2611 1969 2681 2021 ab
2721 1968 2807 2023 bis
2839 1972 3113 2026 secundos
3164 1972 3394 2028 Mentem
3429 1987 3483 2030 et
3512 1974 3668 2030 Veri-

2080 2060 2268 2119 tatem,
2306 2055 2494 2112 tertios
2532 2072 2727 2114 rursus
2760 2057 3085 2116 Sermonem
3150 2073 3204 2118 et
3253 2062 3458 2132 Vitam,
3504 2074 3669 2135 atque

2079 2143 2147 2198 ab
2178 2144 2264 2197 his
2297 2154 2577 2215 postremo
2604 2159 2832 2216 quartos
2875 2151 3169 2207 Hominem
3226 2163 3282 2209 et
3337 2154 3664 2213 Ecclesiam.

2078 2237 2150 2295 At
2196 2235 2586 2305 Marcionistaa,
2646 2241 2903 2297 morbum
2961 2254 3245 2314 augentes,
3302 2247 3663 2303 tricenarium

2077 2327 2329 2384 emebant
2356 2337 2583 2401 propter
2635 2330 2854 2399 triginta
2888 2347 3092 2400 amnes,
3146 2349 3285 2404 quos
3311 2335 3663 2393 inducebant.

2076 2418 2437 2492 Nugabantur
2460 2424 2606 2478 enim
2637 2438 2703 2478 ex
2733 2424 3180 2481 Simonianorum
3234 2427 3483 2484 tenuibus
3534 2426 3665 2483 Ser-

2077 2528 2294 2570 monem
2325 2524 2383 2569 et
2434 2514 2610 2570 Vitam
2637 2516 2820 2571 decem
2853 2532 3047 2573 rursus
3080 2533 3267 2574 aaones
3298 2516 3660 2590 produxisse;

2074 2604 2361 2660 llominem
2394 2606 2523 2660 item
2553 2614 2609 2660 et
2638 2605 2939 2662 Ecclesiam
2971 2608 3109 2664 alios
3133 2609 3420 2666 duodecim
3452 2626 3657 2666 aeones.

2074 2696 2177 2764 Qui
2207 2698 2254 2753 si
2290 2696 2621 2766 supradictis
2652 2695 2781 2752 octo
2825 2698 3074 2754 monibus
3103 2699 3458 2769 adjiciantur,
3485 2701 3659 2756 trice-

2073 2787 2286 2842 narium
2346 2785 2598 2843 efﬁcient.
2672 2785 3151 2858 Supervacaneum
3236 2800 3420 2844 autem
3488 2790 3658 2845 fuerit

2067 2894 2259 2937 eorum
2285 2881 2507 2934 nomina
2531 2878 2797 2950 proferre,
2828 2880 2900 2936 ob
2922 2881 3149 2946 anilem,
3184 2888 3238 2937 et
3264 2883 3650 2950 deridendam,

2070 2979 2235 3042 atque
2265 2971 2669 3041 conspuendam
2694 2971 2936 3041 ipsorum
2979 2973 3266 3042 ineptiam.
3331 2971 3442 3028 Hoc
3471 2982 3652 3030 tamen

2070 3062 2377 3125 sciendum,
2402 3061 2551 3132 quod
2581 3061 2669 3116 his
2699 3062 2945 3118 numeris
2983 3077 3168 3131 parem
3199 3078 3416 3119 aeouutn
3448 3080 3652 3120 nume.

2069 3170 2191 3211 rum
2217 3157 2523 3226 assignant,
2563 3154 2829 3209 nimirum
2859 3153 3164 3210 Simoniani
3217 3165 3365 3223 octo,
3419 3166 3475 3213 et
3506 3156 3652 3214 Mar-

383 3237 576 3278 verum
608 3229 786 3297 epulis
834 3234 1161 3301 quibusdam
1199 3244 1541 3303 extrinsecus
1574 3251 1643 3305 ad
1673 3254 1957 3311 oblectan-

2072 3248 2316 3303 ciouistte
2348 3247 2595 3317 triginta.

384 3313 517 3365 dum
576 3330 797 3374 sensum
853 3324 1059 3394 injecti,
1099 3330 1388 3403 ἡδύσματα
1443 3339 1749 3411 dicuntur;
1793 3361 1968 3418 eoque

385 3408 613 3464 nomine
646 3417 946 3483 septenarii
1008 3437 1245 3494 quoque
1283 3431 1705 3498 explicationem
1735 3408 1962 3497 icondi-

386 3510 633 3557 mentum
657 3510 900 3575 vocavit,
941 3522 1108 3582 atque
1141 3531 1261 3571 eam
1289 3522 1509 3588 quidem
1557 3530 1798 3585 orationi
1860 3535 1965 3589 mi-

384 3589 533 3644 nime
570 3600 935 3655 necessariam
994 3618 1115 3660 esse
1146 3607 1496 3681 significavit,
1546 3633 1736 3673 verum
1770 3625 1968 3679 condi-

384 3690 571 3738 mento
618 3701 726 3742 non
784 3690 1087 3749 absimilem
1144 3711 1267 3755 esse
1335 3717 1435 3760 nec
1496 3707 1566 3761 ab
1642 3723 1966 3780 argumento

381 3786 640 3845 suscepto
679 3780 937 3838 alienam.
965 3786 1137 3856 lgitur
1202 3797 1665 3862 quemadmodum
1730 3804 1962 3872 polliciti

381 3882 596 3933 sumus,
626 3874 891 3932 orationis
916 3881 1248 3953 principium
1280 3886 1385 3941 hoc
1441 3891 1533 3946 sit.
1570 3891 1956 3964 Septenarium

381 3974 674 4017 numerum
706 3981 773 4020 ex
806 3969 939 4041 legis
984 3972 1237 4034 Mosaicae
1290 3987 1610 4055 praescripto
1644 3974 1718 4044 in.
1752 3992 1963 4052 honore

383 4052 585 4109 habent
622 4054 831 4115 Hebraei
864 4079 880 4116 :
920 4066 1107 4122 multis
1137 4072 1283 4126 enim
1336 4052 1532 4146 legum
1570 4096 1795 4138 suarum
1823 4086 1961 4145 locis

380 4145 676 4213 septimum
710 4152 857 4208 hunc
880 4170 1169 4214 numerum
1219 4145 1455 4222 assumit
1504 4169 1704 4230 Moses.
1739 4175 1817 4232 Ex
1849 4195 1959 4250 quo

380 4237 637 4295 eximiam
699 4247 997 4313 quamdam
1026 4251 1135 4306 vim
1199 4269 1265 4310 ac
1296 4260 1579 4329 mysticam
1608 4280 1729 4321 eum
1761 4237 1961 4329 habere

380 4340 604 4386 constat
647 4351 662 4388 :
695 4341 995 4405 przesertim
1032 4359 1163 4399 vero
1192 4362 1317 4404 cum
1346 4355 1659 4413 cessatione
1690 4370 1746 4415 et
1772 4365 1960 4433 quiete

381 4421 683 4482 Sabbatum
718 4429 976 4488 honorari
1012 4440 1279 4508 praecipit,
1310 4445 1405 4513 qui
1434 4446 1648 4505 dierum
1685 4421 1959 4525 septimus

378 4524 484 4581 est,
522 4532 685 4585 quem
715 4532 768 4577 et
792 4524 1090 4584 honorifice
1135 4533 1432 4592 observant
1479 4538 1714 4601 Hebraei.
1752 4524 1959 4616 Quem-

377 4611 674 4670 admodum
709 4628 895 4687 postea
915 4620 1236 4694 Pythagorei
1262 4636 1702 4699 quaternarium.
1731 4611 1954 4703 semitis

380 4798 580 4852 rabant
607 4799 781 4869 ipsius
812 4804 1099 4876 discipuli,
1135 4816 1598 4882 quemadmodum
1653 4823 1710 4879 in
1770 4798 1954 4885 aureis

874 5013 1084 5101 pet-qu
1103 5015 1593 5101 ψυχςλιαραδόντα
1613 5034 1947 5101 τετρακτὺν,

489 5072 682 5144 Πηγὰν
702 5072 929 5133 ἀεννόῆυ
958 5072 1331 5160 φῦἐεὼςῖέαί),

381 5163 609 5222 Fontem
646 5186 812 5240 porro
848 5190 1030 5232 rerum
1057 5180 1202 5235 hunc
1226 5199 1517 5242 numerum
1569 5188 1646 5244 illi
1690 5195 1958 5261 vocabant

379 5266 603 5328 propter
626 5274 865 5331 quatuor
892 5268 1180 5335 elementa,
1207 5287 1271 5329 ex
1304 5277 1506 5346 quibus
1544 5282 1728 5338 omnis
1755 5294 1952 5342 natura

381 5351 783 5409 mundanarum
842 5374 1020 5415 rerum
1079 5376 1546 5434 coagmentatur:
1618 5381 1671 5426 et
1719 5376 1850 5444 quia
1891 5394 1957 5434 ex
1996 5438 2009 5450 _

380 5441 539 5509 ipsis,
570 5457 693 5498 cum
756 5448 1064 5506 animantes
1092 5461 1148 5507 et
1172 5454 1368 5524 stirpes
1401 5473 1496 5525 per
1520 5441 1954 5530 successionem,

379 5538 495 5584 tum
553 5532 758 5603 reliqua
811 5538 993 5594 omnia
1050 5555 1147 5611 per
1193 5546 1512 5602 earumdem
1558 5549 1953 5610 elementorum

451 5703 563 5794 (ἓξ)
597 5707 726 5794 Quae
762 5711 922 5765 verba
950 5713 1024 5766 sic
1049 5725 1323 5794 utcunque
1356 5726 1489 5778 verti
1523 5736 1749 5794 possunt
1784 5745 1796 5779 :

523 5774 877 5863 interfurit,
910 5787 1112 5838 νει-ἠρνὶ
1150 5774 1295 5843 nobis
1329 5774 1549 5848 arcanar
1565 5800 1805 5863 quaterni

522 5846 625 5915 Qui
654 5846 857 5918 tribuit,
895 5868 1065 5907 rerum
1109 5872 1279 5914 causa:
1320 5846 1587 5929 rituum;
1617 5870 1906 5931 pcrrcuuis.

1989 4593 2036 4650 D

2143 3339 2212 3392 Et
2266 3339 2497 3409 quidem,
2550 3354 2655 3408 qua
2712 3340 3067 3409 proportionis
3110 3343 3345 3410 ratione,
3417 3351 3526 3399 etc.
3587 3342 3656 3400 Et

2069 3433 2287 3503 quidem
2321 3434 2612 3498 honorant,
2644 3434 3081 3504 inquit,Hehraei
3114 3437 3487 3507 septenarium
3520 3439 3655 3509 (huc

2067 3525 2214 3579 enim
2244 3539 2435 3579 rursus
2463 3540 2523 3580 se
2557 3524 2754 3596 recipit
2784 3527 2986 3599 oratio)
3034 3529 3177 3583 haud
3235 3530 3350 3585 scio
3387 3546 3494 3600 qua
3526 3547 3652 3600 pro-

2068 3616 2338 3685 portionis
2365 3617 2603 3674 ratione.
2672 3618 2934 3690 lgnorare
2986 3636 3046 3676 se
3102 3622 3328 3677 simulat
3355 3638 3453 3692 pro
3483 3623 3653 3678 animi

2066 3709 2156 3764 sui
2184 3719 2239 3765 et
2264 3724 2479 3764 morum
2510 3711 2803 3781 probitate.
2839 3713 2893 3767 ld
2936 3713 3084 3767 enim
3133 3714 3353 3784 ingenui
3381 3716 3553 3770 animi
3588 3732 3654 3772 ac

2066 3800 2350 3857 moderate
2386 3802 2454 3857 de
2481 3817 2541 3857 se
2570 3803 2861 3860 sentientis
2886 3813 2994 3861 est.
3030 3804 3095 3859 Et
3131 3807 3401 3862 rationem
3427 3808 3650 3876 quidem

2063 3906 2287 3948 causam
2320 3902 2499 3963 vocat,
2540 3897 2948 3965 proportionem
3008 3907 3192 3953 autem
3234 3899 3649 3956 similitudinem

2062 3994 2183 4034 eam
2212 3990 2262 4034 et
2317 3985 2759 4053 congruentiam,
2832 4001 2998 4055 quam
3051 4003 3175 4043 cum
3233 3991 3648 4047 intellectilibus

2065 4071 2248 4126 habet.
2280 4070 2416 4127 Nam
2445 4083 2500 4129 et
2529 4075 2675 4145 apud
2723 4077 3147 4135 mathematicos
3201 4089 3286 4136 est
3337 4082 3567 4139 rationis
3594 4093 3651 4139 et

2063 4166 2436 4233 proportionis
2464 4167 2735 4236 definitio,
2769 4179 2828 4225 ut
2858 4171 3001 4225 ratio
3031 4172 3105 4226 sit
3152 4187 3218 4227 ea
3261 4172 3473 4241 relatio,
3524 4191 3647 4245 qua:

2063 4254 2313 4310 estinter
2339 4256 2480 4314 duos
2503 4259 2807 4328 terminos;
2854 4263 3091 4332 exempli
3150 4279 3338 4332 causa,
3375 4268 3647 4321 octonarii

2062 4347 2129 4402 ad
2163 4350 2593 4417 quaternarium.
2620 4360 2719 4406 aut
2746 4354 3082 4421 quaternarii
3110 4355 3177 4410 ad
3202 4355 3504 4412 binarium.
3534 4356 3645 4412 lla-

2064 4442 2153 4497 bet
2177 4443 2322 4498 enim
2375 4445 2528 4516 dupli
2570 4454 2864 4513 rationem,
2929 4451 3246 4506 octonarius
3312 4452 3530 4522 quidem
3577 4453 3645 4507 ad

2062 4537 2500 4605 quaternarium.
2549 4542 2941 4609 quaternarius
3010 4553 3191 4599 autem
3240 4545 3307 4599 ad
3339 4544 3641 4610 binarium,

2063 4636 2229 4698 atque
2261 4644 2292 4684 e
2334 4644 2604 4688 converso
2645 4634 2903 4705 subdupli
2967 4635 3235 4713 rationem
3289 4635 3454 4689 habet
3483 4635 3644 4689 bina-

2064 4716 2185 4773 rius
2214 4716 2282 4771 ad
2313 4721 2756 4788 quaternarium.
2796 4732 2849 4776 et
2891 4724 3281 4791 quaternarius
3308 4722 3376 4776 ad
3408 4731 3644 4777 octona-

2063 4807 2232 4861 rium.
2259 4808 2339 4864 Ac
2373 4810 2514 4865 ratio
2543 4811 2762 4879 quidem
2798 4812 2923 4866 talis
2974 4822 3078 4867 est.
3122 4811 3412 4882 Proportio
3457 4822 3642 4869 autem

2064 4904 2380 4975 hujusmodi
2413 4904 2688 4960 rationum
2722 4905 3025 4960 similitudo
3051 4918 3153 4972 est,
3198 4918 3366 4977 atque
3392 4907 3445 4962 in
3472 4924 3642 4963 unum

2062 4998 2317 5066 idemque
2375 4997 2652 5054 collectio.
2707 4995 2868 5054 Verbi
2926 5001 3124 5070 gratia,
3171 5017 3339 5072 quam
3374 5001 3644 5057 rationem

2062 5090 2225 5146 habet
2253 5091 2574 5148 octonarius
2606 5093 2675 5148 ad
2701 5094 3143 5162 quaternarium,
3202 5096 3454 5151 eamdem
3479 5106 3644 5166 'qua-

2065 5184 2338 5239 ternarius
2359 5184 2427 5239 ad
2464 5185 2762 5249 binarium,
2787 5186 3048 5241 nimirum
3074 5187 3261 5257 dupli.-
3284 5187 3350 5241 Et
3376 5203 3644 5244 converso

2060 5275 2242 5340 modo,
2280 5290 2447 5346 quam
2485 5275 2753 5332 rationem
2784 5277 2945 5333 habet
2998 5279 3244 5336 binarius
3291 5280 3358 5334 ad
3421 5288 3644 5350 quater-

2060 5369 2318 5433 narium,
2392 5371 2642 5425 eamdem
2691 5372 3087 5440 quaternarius
3139 5373 3207 5428 ad
3271 5373 3639 5435 octonarium,

2059 5475 2253 5530 nempe
2277 5461 2556 5532 subdupli.
2591 5462 2744 5518 Haud
2775 5465 2890 5519 scio
2947 5466 3137 5536 igitur,
3194 5465 3400 5534 inquit,
3436 5477 3637 5518 secun-

2055 5552 2185 5608 dum
2236 5569 2400 5623 quam
2462 5557 2834 5626 proportionis
2895 5561 3162 5625 rationem
3200 5558 3341 5628 apud
3373 5556 3632 5613 Hebraeos

2055 5730 2126 5784 De
2153 5731 2254 5809 hoc
2286 5731 2752 5809 Pythagoreorum
2810 5736 3190 5809 jurejurando,
3221 5745 3276 5790 et
3295 5737 3352 5809 _vi
3405 5748 3630 5809 quater-

2051 5802 2187 5854 narii
2207 5802 2483 5879 Juniuerii,
2516 5806 2637 5879 vide
2667 5802 3017 5879 Plutarchum
3048 5808 3138 5862 lib.
3169 5808 3241 5864 De
3259 5807 3394 5877 plac.
3423 5802 3626 5879 philos.

2050 5887 2169 5937 cap.
2207 5872 2257 5937 3,
2282 5875 2372 5928 [liii
2400 5876 2464 5931 de
2504 5875 2788 5946 principiis
2816 5886 3030 5934 tractat.

2050 6435 2058 6437 Α
2077 6416 2291 6437 ,αις-ηαμα-
