4116 6432
462 460 619 535 71439
700 535 705 542 .

1903 470 2281 529 ADDENDA.

3611 471 3741 537 lttu

481 578 676 638 honori
714 592 796 637 est
850 580 1213 649 septenarius,
1257 591 1351 635 aut
1412 589 1632 649 propter
1690 596 1853 651 quam
1890 583 2054 651 hujus
2087 586 2128 641 A
2160 585 2668 653 quinquagesimum.
2727 584 2789 638 Et
2838 586 3241 654 proclamabitis
3288 586 3645 641 remissionem
3690 590 3742 641 in

476 676 692 729 numeri
748 676 878 739 vim,
935 674 1041 729 hoc
1100 685 1205 737 cst,
1236 682 1416 728 utrum
1467 674 1729 743 quoniam
1766 676 1919 729 solus
1973 675 2062 729 hic

480 783 739 821 numerus
780 783 844 821 ex
895 767 1173 831 omnibus,
1226 768 1320 837 qui
1352 768 1580 822 denario
1629 768 1876 822 minores
1910 776 2060 827 sunt,

480 874 578 914 nec
612 859 682 913 ab
704 860 813 913 alio
863 861 1123 929 gignitur,
1159 877 1258 915 nec
1290 862 1457 915 alium
1479 861 1652 931 gignit
1679 861 1865 929 (quam
1891 862 2057 915 etiam

479 950 549 1003 ob
577 966 800 1005 causam
846 951 1176 1007 arithmetici
1227 954 1493 1021 virginem
1554 955 1699 1008 hunc
1766 969 2055 1007 numerum

476 1053 823 1111 nuncupant,
859 1055 911 1097 et
933 1044 1178 1097 σεπτάδα
1211 1046 1324 1113 (‘25)
1357 1047 1419 1097 t‘z
1470 1045 1692 1110 σεπτὸν,
1727 1045 1779 1098 id
1813 1056 1918 1107 est,
1970 1061 2063 1099 ve-

2167 684 2307 729 tcrra
2336 678 2398 731 δ’.
2436 676 2682 745 Septimo
2723 678 2886 746 igitur
2933 692 3078 731 anno
3131 687 3329 732 terram
3384 678 3643 732 incultam
3690 688 3740 732 et

2166 769 2435 821 inaratam
2490 770 2749 836 requietis
2808 770 2981 839 ipsius
3033 786 3197 825 causa
3246 771 3550 839 relinquere
3582 771 3742 841 iube-

2166 860 2385 921 bantur,
2428 870 2733 931 sponteque
2782 864 3137 917 nascentibus
3186 863 3433 916 contenti
3473 878 3615 923 esse.
3648 864 3744 916 de-

2167 951 2446 1020 bitumque
2496 968 2659 1008 omne
2710 955 3008 1018 remittere,
3068 963 3231 1023 atque
3288 954 3544 1008 Hebraeos
3577 993 3593 1019 ,
3651 955 3744 1025 qui

2166 1042 2426 1096 servitute
2455 1043 2665 1097 astricti
2708 1053 2885 1109 erant,
2923 1044 3172 1097 libertate
3201 1044 3435 1108 donare;
3469 1043 3741 1111 quinqua-

480 1130 817 1184 iterationem
851 1139 905 1184 et
961 1133 1339 1188 excellentiam
1377 1135 1451 1188 illi
1479 1134 1806 1203 tribuentes)
1840 1151 1905 1187 an
1935 1152 2061 1188 vero
2084 1122 2373 1201 εἰςρείωο
2407 1144 2588 1188 autem
2625 1150 2794 1200 anno,
2826 1151 2933 1190 non
2968 1136 3130 1189 modo
3169 1136 3355 1189 eadem
3390 1134 3507 1189 haec
3540 1134 3743 1198 facere,

476 1220 583 1275 alia
613 1225 867 1291 quapiam
901 1226 1111 1280 ratione
1146 1228 1446 1281 ducantur.
1488 1227 1594 1281 Sed
1627 1240 1807 1281 tamen
1844 1243 1904 1281 ea
1935 1244 2057 1296 pcr-

478 1314 670 1383 spicua
723 1333 889 1371 causa
931 1319 1111 1373 aﬂ'erri
1172 1329 1368 1389 potest,
1418 1335 1517 1373 cur
1575 1337 1701 1374 eum
1768 1321 2059 1385 liouorent,

475 1408 626 1479 quod
661 1425 786 1463 cum
820 1408 962 1466 Deus
996 1412 1278 1466 materiam
1315 1411 1665 1481 produxisset
1689 1422 1743 1466 et
1768 1412 2062 1465 informas-

477 1508 581 1565 set,
620 1510 786 1571 atque
825 1503 1134 1571 omnigenis
1189 1503 1506 1574 speciebus.
1538 1504 1592 1558 id
1651 1517 1760 1566 est,
1801 1504 2062 1559 discretis

475 1590 736 1658 operibus
759 1603 814 1647 et
846 1594 1328 1650 commistionibus
1365 1594 1493 1667 (hoc
1541 1603 1626 1649 est
1664 1595 1730 1649 iis
1766 1594 1876 1665 (26)
1939 1611 2063 1664 qua:

477 1691 778 1753 temperata
810 1695 865 1738 et
894 1686 1187 1754 conjuncta
1226 1694 1378 1749 sunt,
1408 1684 1722 1752 cuiusmodi
1760 1693 1890 1739 sunt
1944 1686 2059 1738 ele-

477 1771 746 1833 menta'et
770 1778 1084 1847 qualitates)
1117 1792 1235 1833 eam
1286 1778 1629 1840 adornasset,
1693 1787 1860 1846 atque
1916 1776 2064 1830 hunc

2164 1228 2257 1281 sed
2300 1228 2465 1283 etiam
2503 1243 2695 1284 servos
2743 1229 2992 1283 ethnicos
3047 1227 3454 1291 manumittere,
3505 1243 3569 1282 ac
3606 1245 3751 1297 pura

2163 1319 2379 1373 diorum
2431 1328 2737 1387 emptorum
2790 1319 3141 1387 possessione
3186 1318 3461 1373 veteribus
3508 1319 3745 1372 dominis

2164 1412 2374 1464 cedere.
2410 1410 2544 1464 Nam
2580 1411 2693 1465 haec
2724 1410 3076 1464 Hebraeorum
3111 1410 3291 1475 natio,
3313 1425 3417 1463 non
3454 1411 3744 1465 torcularis

2164 1503 2342 1557 solum
2381 1512 2435 1557 et
2483 1518 2624 1557 area:
2671 1518 2734 1557 ac
2774 1503 3264 1572 primogenitorum
3320 1500 3586 1569 primitias
3639 1500 3747 1554 Deo

2164 1596 2349 1648 dicare
2377 1604 2432 1649 et
2458 1610 2782 1650 consecrare
2822 1595 2984 1656 solet,
3016 1594 3107 1648 sed
3142 1593 3304 1647 etiam
3337 1592 3550 1646 dictum
3586 1604 3747 1660 atque

2163 1701 2455 1741 annorum.
2493 1687 2586 1741 Sic
2619 1686 2807 1756 igitur,
2853 1695 2911 1740 ut
2951 1685 3155 1739 dictum
3220 1693 3328 1752 est,
3385 1683 3620 1739 eximius
3662 1700 3749 1739 se-

2164 1780 2447 1845 ptenarius
2497 1776 2851 1834 Pentecostes
2892 1778 3157 1833 honorem
3216 1776 3443 1832 invexit.
3485 1776 3749 1846 Septena-

475 1866 754 1922 visibilem
800 1869 1064 1924 mundum
1119 1877 1381 1935 creasset,
1414 1869 1653 1939 septimo
1695 1868 1918 1923 tandem
1948 1869 2056 1932 die,
2090 1897 2136 1957 Β
2168 1869 2284 1925 rius
2321 1871 2468 1925 enim
2545 1872 2598 1925 in
2657 1872 2897 1940 seipsum
2952 1871 3171 1934 ductus,
3229 1869 3746 1939 quinquagesimum

479 1969 539 2012 ut
559 1960 841 2029 Scriptura
861 1968 1095 2016 testatur
1115 1962 1179 2026 ⁸⁴,
1207 1963 1276 2016 ab
1298 1962 1555 2031 operibus
1579 1963 1697 2016 suis
1721 1960 2059 2030 conquievit.

478 2050 949 2117 Quemadmodum
981 2054 1159 2123 ipsum
1188 2069 1407 2122 quoque
1446 2052 1671 2107 Sabbati
1735 2067 1934 2106 nomen
1978 2050 2067 2104 in-

478 2142 647 2210 dicat,
676 2144 822 2213 quod
855 2144 903 2199 si
938 2143 1338 2215 interpreteris,
1379 2145 1607 2214 quietem
1657 2153 1839 2199 sonat.
1887 2142 2070 2211 Atque

480 2234 597 2290 haec
625 2236 845 2305 quidem
878 2245 1132 2306 prompta
1161 2246 1215 2290 et
1275 2237 1438 2292 obvia
1474 2244 1559 2291 est
1623 2236 1785 2296 ratio,
1847 2243 2068 2303 promer

479 2339 647 2397 quam
703 2328 820 2384 dies
877 2329 1144 2399 septimus
1194 2329 1388 2384 honori
1443 2330 1696 2382 habetur.
1748 2326 1904 2393 Quod
1933 2328 1979 2380 si
2014 2336 2069 2381 et

482 2419 588 2473 alia
615 2421 866 2489 qua'dam
893 2429 978 2476 est
1000 2420 1141 2475 ratio
1160 2421 1469 2482 sublimior,
1493 2421 1778 2490 magisque
1809 2420 2065 2488 mystica,

482 2511 575 2564 alii
608 2527 798 2567 rursus
825 2527 943 2567 eam
971 2513 1025 2566 in
1060 2512 1298 2567 medium
1337 2512 1636 2580 proferant.

554 2603 677 2658 Col.
706 2604 902 2660 451A.
964 2605 1136 2659 Porro
1188 2605 1272 2658 hic
1333 2604 1502 2658 Iinnor
1553 2603 1695 2673 apud
1725 2620 1835 2666 eos,
1879 2619 1982 2656 non
2011 2619 2067 2656 ιη

481 2694 692 2756 diebus,
716 2704 824 2750 etc.
856 2697 1041 2752 Honor
1066 2696 1362 2767 septenarii
1383 2696 1593 2750 numeri
1616 2695 1760 2764 apud
1785 2693 2064 2760 Hebraeos,

482 2802 592 2840 non
631 2789 683 2840 in
716 2789 909 2845 diebus
960 2799 1165 2843 tantum
1208 2798 1319 2853 est,
1367 2791 1461 2844 sed
1522 2789 1587 2841 ad
1636 2802 1814 2842 annos
1846 2802 2067 2856 qunque

484 2880 762 2948 pertingit.
817 2883 894 2935 Ac
951 2881 1246 2950 septenarii
1305 2880 1525 2951 quidem
1579 2884 1755 2935 honor
1786 2880 1839 2933 in
1871 2880 2069 2933 diebus

485 2969 783 3026 Sabbatum
826 2982 928 3033 est,
990 2974 1135 3043 quod
1198 2982 1461 3044 perpetuo
1507 2982 1560 3027 et
1585 2989 1680 3043 per
1703 2988 1896 3026 oinnes
1934 2971 2068 3024 heb-

484 3064 751 3117 domadas
775 3063 946 3119 Judaei
1002 3062 1305 3120 honoriﬁce
1346 3066 1672 3128 observant,
1709 3064 2070 3134 quemadmo-

482 3155 613 3207 dum
643 3164 695 3209 et
730 3155 979 3211 fermeuti
1039 3172 1172 3213 usus
1221 3167 1430 3226 septem
1462 3158 1656 3213 diebus
1696 3156 2063 3210 interdicitur.

2169 1970 2438 2029 procreat,
2473 1975 2583 2015 uno
2615 1960 2703 2014 die
2750 1960 2818 2014 ad
2856 1976 3126 2014 summam
3176 1960 3497 2028 explendam
3534 1959 3749 2012 deside-

2167 2059 2308 2105 rato.
2359 2052 2516 2103 Httuc
2564 2065 2728 2119 porro
2768 2066 2960 2115 unum,
2998 2051 3065 2104 ab
3101 2066 3167 2105 eo
3198 2050 3291 2120 qui
3342 2051 3557 2120 proprie
3605 2065 3749 2104 unus

2166 2150 2276 2207 est,
2302 2156 2369 2195 ex
2417 2143 2605 2195 futuro
2652 2141 2855 2195 stt-culo
2901 2141 3050 2195 velut
3086 2140 3378 2209 imaginem
3412 2154 3477 2194 ac
3521 2141 3749 2209 ﬁguram

2168 2233 2506 2303 adiecimus;
2541 2241 2795 2287 octavum
2826 2234 3078 2287 eumdem
3107 2244 3157 2286 et
3186 2232 3425 2301 primum
3453 2248 3467 2283 :
3495 2242 3748 2286 octavum

2167 2327 2386 2395 quidem
2440 2326 2865 2395 pratcedentium
2903 2341 3257 2379 numerorum
3302 2324 3511 2378 ratione
3552 2334 3605 2379 rt
3642 2327 3752 2379 ad-

2166 2422 2474 2487 iunctione,
2524 2429 2578 2474 et
2627 2422 2756 2489 quia
2816 2419 3108 2488 septimum
3163 2416 3415 2485 sequitur
3467 2417 3755 2486 (septimus

2168 2513 2313 2566 cnim
2349 2527 2587 2579 prmsens
2623 2522 2706 2565 est
2741 2510 3029 2573 sreculum,
3067 2515 3255 2577 ntp.:te
3298 2507 3443 2575 quod
3485 2521 3580 2576 per
3613 2505 3750 2561 heb-

2167 2604 2434 2658 domadas
2475 2602 2846 2667 numeretur),
2903 2599 3140 2669 primum
3195 2605 3399 2657 autem,
3453 2606 3509 2649 ut
3555 2596 3754 2649 divinas

2170 2710 2233 2750 ac
2270 2694 2507 2750 ctelcstis
2542 2693 2851 2762 reipublicae
2881 2702 3045 2761 atque
3091 2687 3417 2744 immOvtal‘s
3449 2688 3569 2740 vita:
3604 2687 3752 2755 prin-

2169 2785 2396 2855 cipium,
2452 2785 2531 2837 vel
2583 2794 2642 2837 ut
2690 2783 2952 2837 eximium
3002 2792 3056 2833 et
3106 2778 3464 2834 excellentem
3500 2792 3515 2831 :
3551 2779 3652 2840 vel,
3694 2783 3755 2829 ut

2172 2878 2375 2933 rectius
2412 2876 2628 2945 loquar,
2681 2874 2940 2943 quoniam
2995 2873 3208 2941 primus
3243 2872 3360 2924 dies
3410 2868 3620 2923 ratione
3665 2883 3751 2923 sc-

2171 2969 2364 3033 eundi,
2409 2976 2465 3022 et
2517 2966 2661 3021 tertii
2713 2975 2767 3019 et
2819 2967 3053 3018 aliorum
3094 2962 3354 3029 deinceps
3407 2958 3751 3028 sequentium

2170 3061 2407 3126 dicitur;
2442 3059 2564 3114 dies
2599 3068 2782 3113 autem
2829 3057 2997 3110 futuri
3031 3053 3215 3109 saeculi
3259 3052 3437 3108 nullos
3471 3053 3607 3105 alios
3638 3050 3776 3104 dies.

2170 3155 2279 3209 sibi
2325 3152 2680 3207 succedentes
2719 3149 2900 3209 habet,
2950 3162 3050 3201 nec
3084 3147 3218 3200 solis
3253 3144 3509 3200 occubitu
3549 3143 3757 3198 exstin-

486 3243 670 3298 llouor
699 3258 883 3300 autem
921 3248 1085 3315 hujus
1113 3248 1327 3301 numeri
1369 3248 1422 3302 in
1465 3249 1650 3308 annis,
1683 3247 1952 3314 septimus
1982 3254 2067 3298 est
2093 3230 2136 3289 ο
2170 3246 2393 3316 guitur;
2444 3243 2652 3296 idcirco
2709 3241 2859 3293 solus
2910 3240 3001 3292 ille
3048 3252 3191 3293 unus
3244 3235 3616 3289 nominandus
3652 3244 3758 3296 est,

481 3353 681 3402 annus,
714 3343 781 3391 de
814 3355 921 3407 quo
957 3340 1007 3391 iu
1036 3339 1466 3393 Deuteronomio
1530 3339 1605 3391 ita
1638 3338 1883 3405 loquitur
1915 3336 2069 3389 Scri-

484 3436 690 3496 ptura:
738 3426 973 3497 Septimo
1030 3447 1233 3499 quoque
1282 3446 1419 3482 anno
1468 3429 1827 3482 remissionem
1881 3426 2066 3493 facies.

487 3521 735 3574 Ilemittes
806 3538 958 3574 omne
1024 3524 1284 3590 privatum
1346 3521 1605 3582 debitum,
1670 3536 1773 3588 quo
1826 3520 1924 3571 tibi
1975 3519 2069 3570 ub-

484 3613 701 3663 strictus
761 3621 838 3665 est
882 3615 1154 3679 proximus
1203 3621 1346 3675 tuus,
1404 3627 1495 3664 nec
1542 3628 1574 3664 a
1633 3610 1802 3678 fratre
1841 3618 1929 3661 luo
1954 3609 2071 3661 eri—

486 3717 596 3768 ges,
621 3704 710 3755 sed
749 3703 815 3755 ab
859 3704 1053 3756 alieno.
1088 3703 1244 3769 Quod
1280 3705 1326 3756 si
1381 3704 1551 3773 frater
1597 3714 1717 3756 tuus
1768 3703 1863 3754 tibi
1898 3703 2075 3754 vendi-

486 3806 573 3848 tus
603 3796 782 3864 fuerit,
825 3811 917 3848 sea:
981 3798 1134 3849 annis
1178 3796 1273 3849 tibi
1301 3798 1508 3858 serviet,
1555 3806 1605 3848 et
1631 3796 1856 3863 septimo
1891 3794 2074 3846 dimit-

488 3896 566 3940 tes
617 3903 736 3939 eum
785 3887 1026 3953 liberum,
1082 3905 1144 3940 ac
1201 3889 1392 3941 viatico
1450 3887 1743 3940 iustrues".
1779 3885 2070 3954 Propterea

491 3994 696 4031 annum
776 3978 924 4033 hunc
1006 3980 1366 4032 remissionem
1439 3976 1752 4045 Thcol0gus
1833 3976 2068 4029 voearit.

488 4068 600 4124 Nec
639 4085 768 4126 vero
822 4072 876 4124 in
930 4070 1284 4125 hebdomadis
1335 4070 1513 4124 solum
1571 4068 1885 4137 septenatio
1937 4081 2072 4122 suus

491 4164 664 4219 honor
694 4172 929 4227 constat,
957 4165 1050 4218 sed
1077 4162 1241 4217 etiam
1270 4162 1324 4215 in
1352 4159 1823 4215 hebdomadarum
1862 4159 2071 4212 hebdo-

492 4256 690 4311 madis.
749 4255 1132 4310 "ebdomadas
1182 4265 1364 4309 autem
1424 4252 1683 4315 dicimus,
1744 4265 1852 4304 non
1911 4249 2074 4302 modo

491 4350 727 4413 dierum,
763 4348 857 4404 sed
895 4357 949 4400 et
988 4363 1281 4401 annorum.
1322 4348 1398 4398 Ae
1441 4344 1653 4399 dierum
1696 4343 1915 4411 quidem
1944 4342 2077 4395 heb-

491 4440 742 4493 domadae
778 4439 1131 4493 Pentecosten
1173 4436 1405 4496 faciunt.
1447 4437 1715 4505 insignem
1745 4444 1800 4489 et
1834 4434 2073 4488 nobilem

493 4531 637 4601 apud
671 4531 927 4585 llebrzcos
958 4530 1125 4595 diem,
1168 4546 1232 4583 ac
1274 4529 1537 4583 divinitus
1578 4544 1776 4582 nomen
1807 4542 2074 4583 consecu-

495 4638 632 4679 tum.
688 4624 971 4679 Annorum
1006 4633 1183 4678 autent
1233 4622 1575 4693 septimanae,
1609 4621 1888 4690 iubilaeum
1939 4635 2076 4675 cou-

492 4716 705 4781 ticiunt,
746 4717 837 4785 qui
875 4724 1059 4770 nostra
1113 4716 1295 4785 lingua
1348 4715 1714 4767 remissionem
1770 4711 2067 4782 signiﬁcat.

500 4809 572 4862 De
604 4824 715 4878 quo
755 4810 808 4862 in
849 4799 1092 4863 Leviﬁco
1131 4809 1202 4862 ita
1244 4807 1507 4876 scriptum
1554 4807 1781 4859 habetur
1814 4824 1827 4859 :
1868 4804 2073 4859 Nume-

494 4902 638 4954 rabis
669 4901 766 4953 tibi
795 4901 896 4971 ipsi
928 4909 1120 4970 septem
1153 4901 1356 4969 requies
1384 4906 1871 4968 annorum,septem
1903 4915 2069 4952 annos

492 4987 703 5053 septies.
741 4988 810 5041 Et
858 4997 1010 5043 erunt
1056 4989 1150 5041 tibi
1190 4998 1383 5057 septem
1428 4988 1774 5041 Itebdomades
1810 5004 2071 5040 annorum

496 5092 674 5131 novem
703 5091 750 5132 et
776 5080 1132 5150 quadraginta
1163 5081 1311 5135 αιυιὶ.
1346 5078 1413 5134 Ει
1440 5080 1839 5149 sanctiﬁcabitis
1871 5095 2071 5134 anitum

566 5279 609 5310 ³⁸
645 5278 781 5335 Gen.
817 5296 877 5344 ιι,
905 5281 961 5335 ‘3.
1033 5279 1056 5310 δ
1090 5281 1246 5336 Deut.
1281 5296 1371 5344 xv,
1413 5282 1465 5347 1,
1498 5281 1553 5345 ’5,
1588 5279 1678 5334 12.

571 5454 686 5527 (‘25)
722 5456 786 5509 Et
821 5456 1115 5511 σεπτάδα.
1184 5457 1493 5512 Macrobius
1541 5458 1636 5512 lib.
1692 5474 1730 5517 ι.
1767 5472 1890 5526 cap.
1917 5456 1973 5519 6,
2011 5455 2082 5509 de

500 5529 814 5594 septenario
845 5528 1009 5581 verba
1041 5529 1243 5583 faciens
1282 5545 1296 5582 :
1356 5548 1375 5579 η
1420 5528 1520 5582 llic
1564 5543 1847 5592 numerus,
1880 5527 2078 5596 inquit,

504 5598 693 5668 ineptas
724 5614 870 5652 nunc
903 5608 1146 5661 vocatur,
1195 5600 1478 5668 antiquato
1523 5614 1620 5650 usu
1653 5596 2078 5668 primmlitterm.

502 5666 658 5731 Apud
700 5681 905 5721 veteres
931 5669 1074 5721 enim
1118 5680 1299 5737 septas
1326 5666 1687 5731 vocitabatur,
1722 5667 1865 5735 quod
1894 5666 2083 5719 Graeco

508 5737 729 5787 nemine
766 5738 1065 5790 testabatur
1090 5739 1495 5791 venerationem
1528 5738 1763 5789 debitam
1799 5752 2079 5789 numero»

581 5804 694 5875 (26)
730 5805 841 5858 Hoc
872 5817 968 5873 est,
1002 5809 1086 5860 iis.
1124 5806 1248 5861 Ilaec
1277 5809 1408 5860 utin
1443 5823 1559 5859 tneo
1596 5808 1777 5860 Niceta
1812 5807 2082 5873 leguntur.

510 5883 531 5930 ι
563 5878 787 5930 anstuli.
820 5877 874 5930 In
914 5879 1131 5947 ltcgtnze
1154 5878 1339 5932 codice
1371 5878 1620 5945 quaedam
1650 5879 1813 5930 verba
1841 5880 1939 5930 hoc
1968 5880 2086 5929 loco

1751 5280 1794 5311 δ’
1834 5278 2006 5335 Levit.
2053 5294 2178 5343 xxv,
2214 5278 2271 5342 8,
2316 5275 2400 5331 10.

2175 3344 2236 3390 ut
2280 3346 2602 3388 successore
2653 3344 2867 3395 carens,
2916 3329 3151 3395 ﬁnisque
3202 3325 3446 3389 nescius,
3501 3338 3599 3379 nec
3644 3323 3757 3391 iam

2175 3436 2334 3482 nocte
2369 3426 2680 3488 intercisus,
2729 3436 2917 3476 verum
2962 3419 3298 3486 sempiterno
3348 3415 3561 3487 fulgore
3597 3431 3761 3470 coru-

2174 3529 2444 3583 scantem,
2475 3533 2574 3573 nec
2605 3530 2846 3585 unquam
2878 3495 3292 3567 οεουιιώρηιθιή
3325 3509 3495 3564 solem
3529 3509 3757 3562 habens.

2173 3613 2367 3665 Merito
2416 3619 2597 3664 autem
2649 3623 2817 3662 unum
2856 3607 3000 3659 hunc
3033 3602 3202 3669 diem,
3257 3602 3351 3670 qui
3386 3599 3453 3654 ad
3487 3601 3759 3669 quinqua-

2174 3704 2459 3774 genarium
2488 3700 2815 3770 explendum
2849 3697 3217 3761 desideratur,
3243 3708 3309 3747 ex
3340 3692 3527 3747 futuro
3555 3691 3760 3745 saeculo

2174 3796 2513 3865 accepimus.
2540 3792 2777 3846 Necesse
2801 3798 2884 3844 est
2912 3790 3059 3842 enim
3088 3787 3141 3840 in
3170 3786 3315 3840 illius
3343 3781 3528 3839 szeruli
3555 3791 3757 3837 statum

2173 3888 2429 3943 desinere
2457 3884 2856 3941 sabbatismum
2889 3881 3067 3943 illum,
3093 3879 3184 3947 qui
3227 3877 3427 3931 animis
3467 3876 3673 3931 nostris
3702 3876 3758 3929 in

2178 3983 2281 4033 hac
2331 3978 2439 4030 \ita
2493 3974 2783 4036 contingit,
2841 3972 2945 4025 hoc
2995 3978 3079 4026 est
3125 3969 3496 4023 cessationem
3548 3967 3692 4022 illam
3726 3982 3756 4021 a

2176 4073 2469 4127 mundanis
2517 4068 2776 4136 operibus
2809 4081 2971 4132 quam
3010 4078 3156 4116 mors
3189 4060 3367 4126 all'ert,
3400 4059 3757 4130 quemadmo-

2173 4166 2303 4219 dum
2359 4161 2700 4231 srptenarius
2753 4160 2806 4211 iu
2864 4156 3209 4211 octonarium
3263 4153 3501 4220 desinit,
3543 4161 3605 4206 ut
3656 4152 3759 4205 hac

2175 4255 2386 4308 ratione
2417 4266 2565 4305 curae
2610 4259 2810 4303 nostra:
2853 4257 3057 4316 partem
3100 4253 3308 4314 septem
3351 4242 3757 4314 impertiamus,

2179 4349 2284 4400 hoc
2317 4354 2399 4398 est
2452 4345 2578 4396 huic
2611 4343 2756 4402 vitm,
2798 4352 2960 4409 atque
3013 4339 3084 4391 ita
3135 4338 3354 4391 demum
3393 4343 3539 4400 octo,
3592 4333 3644 4387 id
3677 4342 3760 4388 est

2178 4436 2396 4500 futuras,
2430 4435 2688 4487 nimirum
2719 4442 2777 4483 ut
2813 4445 2919 4483 non
2954 4427 3113 4495 huius
3145 4434 3359 4478 tantum
3393 4425 3517 4478 vita:
3543 4437 3676 4477 cura
3704 4433 3759 4477 et

2183 4525 2558 4582 solliritudine
2591 4530 2870 4590 tangatur,
2915 4519 3008 4574 sed
3040 4518 3203 4571 etiam
3238 4515 3456 4568 futura.
3497 4511 3589 4567 Sic
3614 4512 3759 4567 enim

2186 4615 2432 4670 nonnulli
2469 4614 2616 4667 illttm
2653 4610 2965 4663 Salomonis
3000 4609 3178 4661 locum
3213 4603 3599 4659 intellexerunt
3633 4619 3648 4656 :
3680 4600 3762 4655 Da

2184 4719 2390 4775 portent
2423 4719 2617 4775 septem
2651 4715 2807 4772 atque
2875 4703 3004 4754 adeo
3036 4709 3152 4752 octo
3177 4698 3218 4761 ⁵,
3251 4712 3347 4767 per
3377 4704 3583 4765 septem
3613 4694 3757 4749 vide-

2185 4803 2333 4865 licet,
2367 4809 2687 4872 pracscntem
2713 4799 2877 4849 vitam
2906 4794 3260 4863 accipientes,
3284 4806 3379 4860 per
3403 4798 3530 4844 octo
3553 4795 3761 4853 autem,

2187 4894 2445 4947 futuram.
2482 4890 2712 4956 Quidam
2755 4898 2933 4941 autem
2973 4900 3070 4954 per
3113 4883 3506 4939 sabbatismum
3551 4878 3762 4933 anima-

2189 4997 2306 5036 rum
2345 4982 2494 5034 illum
2534 4979 2727 5031 animae
2757 4986 2957 5031 statum
2998 4975 3400 5037 intellexerunt,
3436 4985 3545 5040 quo
3575 4970 3629 5023 in
3661 4968 3763 5023 hac

2188 5080 2299 5130 vita
2352 5073 2720 5127 mediocribus
2756 5080 2966 5123 tantum
3018 5068 3311 5123 aﬂectuum
3349 5063 3600 5134 procellis
3649 5060 3762 5130 agi-

2476 5285 2497 5317 ι
2527 5274 2707 5331 Eccle.
2750 5288 2823 5337 in,
2861 5271 2920 5327 2.

2189 5455 2481 5524 interiecta
2539 5462 2687 5518 sunt,
2762 5451 2856 5524 sed
2882 5522 2888 5524 Α
2919 5451 2994 5505 ita
3055 5446 3322 5509 involuta,
3359 5453 3415 5499 ut
3446 5440 3599 5524 nulla
3630 5441 3766 5496 mihi

2182 5512 2355 5582 causa
2376 5526 2491 5578 visa
2514 5525 2603 5583 sit,
2639 5512 2736 5577 cur
2761 5522 2828 5575 iis
2844 5522 3089 5573 chartam
3108 5531 3414 5571 Onerarem.
3439 5512 3764 5580 Quanquam

2185 5596 2287 5650 hoc
2322 5597 2552 5649 inuucre
2587 5594 2823 5653 videtur,
2848 5588 3181 5656 Theologum
3217 5601 3311 5651 per
3334 5585 3474 5653 εἴδη,
3499 5583 3767 5635 elementa

2184 5666 2297 5721 sola
2335 5673 2389 5718 et
2430 5674 2676 5731 separata
2717 5661 3039 5727 intelligere;
3074 5672 3169 5727 per
3201 5657 3553 5731 συγκρξματα
3583 5659 3767 5731 autem

2184 5721 2506 5787 eornmdeni
2532 5733 2673 5785 inter
2704 5747 2761 5784 se
2790 5721 3178 5789 reiiitrxiones,
3217 5721 3297 5778 vel
3328 5721 3490 5777 etiam
3527 5721 3768 5788 qualita-

2188 5819 2299 5858 tum
2328 5804 2760 5871 conjunctiours,
2794 5809 2849 5851 ut
2896 5814 3015 5851 cum
3066 5799 3157 5871 ait
3181 5795 3436 5865 frigidum
3471 5803 3523 5847 cl
3553 5793 3763 5848 siccum

2190 5878 2393 5929 intctsc
2430 5867 2685 5927 coeuntia
2714 5881 2910 5923 tetram
2964 5867 3274 5937 peticciSac.
