4116 6454
364 369 498 431 1141

1290 370 1611 431 NKETAS
1657 371 1733 430 ΙΝ
1774 370 1997 429 ORAT.
2041 370 2224 429 XLIV
2258 369 2316 430 S.
2362 368 2592 427 GREG.

3493 362 3626 424 1412

365 486 532 547 tatur,
564 480 656 550 qui
702 479 921 551 quidem
972 480 1025 533 iu
1058 493 1241 533 veram
1278 481 1495 534 tandem
1546 480 1709 533 futuri
1763 479 1944 535 δτι-(ξιιιί
1980 489 2019 542 Α
2053 482 2252 532 lestum
2281 486 2364 531 est
2399 477 2686 530 transitus.
2722 473 2854 528 ναός
2887 483 3096 543 quanto
3136 473 3392 528 desiderii
3434 477 3632 529 artiore

367 572 814 642 tranquillitatem
867 581 920 625 et
974 587 1003 624 a
1061 572 1568 640 perturbationibus
1620 572 1945 625 vacuitatem

364 663 584 720 desinit.
639 664 744 717 Alii
802 680 996 719 rursus
1049 680 1145 733 per
1185 663 1586 717 sabbatismum
1640 664 1946 715 animarum

368 754 472 807 hoc
515 753 812 823 significari
864 754 1307 822 pronuntiarunt,
1345 768 1432 808 res
1474 769 1569 807 eas
1611 769 1801 807 omnes
1828 767 1949 821 qna‘

367 853 515 900 motu
546 847 784 909 cientur,
824 848 875 901 in
922 845 1110 900 futuro
1142 862 1258 900 aevo
1291 844 1454 899 finem
1490 845 1744 900 movendi
1776 843 1952 899 factu-

369 952 479 995 ras,
510 951 576 990 ac
613 935 726 1006 jam
774 952 842 991 ne
889 937 1197 991 animarum
1250 936 1468 1005 quidem
1514 938 1948 1005 procreationem

354 1026 534 1080 .ullam
568 1025 711 1081 fore.
742 1028 810 1082 At
841 1043 1071 1096 magnus
1101 1037 1155 1081 et
1199 1028 1421 1082 divinus
1458 1027 1730 1082 Maximus
1765 1028 1952 1096 hujus-

369 1118 515 1171 modi
561 1118 843 1188 quidplam
907 1119 1117 1174 all'crt:
1177 1118 1630 1190 Quandoquidem
1689 1119 1953 1173 Dominus

367 1219 564 1266 octavo
598 1211 687 1266 die
726 1211 1062 1279 conspicuus
1095 1212 1210 1281 (‘27)
1248 1211 1569 1281 proditurus
1602 1219 1704 1278 est,
1739 1209 1842 1265 hoc
1868 1217 1954 1264 est

366 1295 434 1349 ad
455 1296 650 1365 judicii
675 1298 1055 1368 adventusque
1080 1300 1249 1368 ipsius
1272 1299 1440 1366 diem,
1462 1309 1625 1368 atque
1648 1299 1713 1353 iis
1734 1298 1951 1368 quidem

369 1386 460 1455 qui
494 1398 685 1443 sancte
710 1399 762 1443 et
793 1389 1019 1443 honeste
1052 1389 1216 1443 vitam
1249 1389 1480 1461 egerint,
1511 1390 1869 1444 aeternitatem
1900 1397 1955 1443 et

371 1479 760 1535 beatitudinem
800 1481 1025 1547 tribuet,
1054 1497 1150 1535 eos
1177 1492 1360 1537 autem
1397 1483 1490 1552 qui
1527 1481 1775 1551 improbe
1805 1481 1953 1536 vixe-

372 1574 502 1639 rint,
545 1574 892 1643 sempiternis
935 1574 1115 1644 pmnis
1151 1573 1378 1636 alliciet;
1421 1573 1706 1629 sciendum
1746 1580 1830 1627 est
1861 1586 1957 1640 per

368 1666 765 1722 sabbatismum
814 1668 1149 1735 animarum,
1188 1679 1416 1725 mortem
1452 1667 1699 1738 intelligi,
1735 1668 1838 1720 hoc
1873 1674 1958 1719 cst

368 1771 488 1810 eam
537 1757 608 1811 ab
656 1758 918 1827 operibus
981 1760 1274 1815 mundanis
1338 1759 1742 1821 cessationem,
1789 1771 1955 1827 quam

2051 571 2280 625 dissolvi
2315 571 2501 639 cupiat
2542 568 2766 632 l‘aulus,
2802 576 2855 621 et
2897 584 3020 621 cum
3057 567 3278 622 Christo
3318 584 3438 624 esse
3463 571 3506 623 '.
3543 570 3633 623 Sic

2054 666 2221 732 igitur
2275 662 2652 731 accipiendum
2700 669 2784 716 est
2835 662 2962 715 illud
2999 680 3010 714 :
3044 662 3121 715 Ne
3172 662 3363 716 leviter
3409 664 3633 734 quidem

2054 755 2382 824 percutitur,
2439 754 2543 808 hoc
2585 762 2670 806 est
2721 768 2789 807 ne
2836 754 3139 821 simplicem
3196 753 3415 822 quidem
3470 756 3632 808 ullius
3718 807 3722 815 ,

2054 843 2317 896 molestia:
2367 843 2751 911 cogitationem
2808 844 3024 910 accipit.
3079 842 3216 896 Nam
3267 844 3629 897 exuberantia

2053 936 2351 1007 voluptatis
2384 937 2552 1001 illius,
2588 953 2694 1003 qua
2739 947 2850 990 lu:n
2890 937 3027 990 ht-ati
3069 935 3441 1006 perfruentur,
3474 955 3627 991 acer.

2054 1028 2244 1083 bitatis
2293 1030 2473 1084 omnis
2528 1029 2849 1083 memoriam
2904 1029 3091 1098 procul
3142 1030 3314 1099 pellit.
3357 1029 3636 1096 Quemad-

2057 1124 2279 1176 modum
2316 1124 2458 1176 euim
2498 1124 2552 1176 in
2594 1124 2831 1193 septimo
2873 1124 2960 1177 die
3010 1122 3154 1178 Deus
3188 1125 3256 1177 ab
3287 1125 3637 1194 aspectabilis

2056 1226 2322 1268 creaturae
2358 1214 2579 1284 opilieio
2615 1213 2885 1283 requievit
2916 1228 2931 1267 :
2965 1214 3044 1268 sic
3076 1214 3130 1268 in
3164 1214 3397 1282 septimo
3435 1215 3636 1267 szcculo

2057 1306 2273 1376 requies
2300 1306 2465 1375 justis
2495 1307 2623 1371 erit,
2658 1317 2950 1376 postquam
2991 1321 3116 1360 cum
3162 1307 3348 1362 multis
3381 1306 3636 1361 afﬂictio-

2059 1397 2224 1453 nibus
2270 1397 2565 1453 conflictati
2608 1398 2837 1462 fuerint,
2885 1398 2996 1452 Deo
3043 1398 3164 1453 illos
3197 1400 3476 1454 liberante.
3518 1399 3636 1453 .larn

2056 1506 2185 1543 vero
2235 1490 2287 1543 in
2346 1490 2657 1560 Evangelio,
2710 1492 3091 1561 percunctanti
3143 1490 3306 1545 Petro
3352 1508 3368 1545 :
3421 1490 3641 1554 Quotirs

2057 1582 2287 1650 peccabit
2335 1582 2389 1634 in
2433 1598 2515 1637 me
2557 1582 2725 1650 frater
2769 1599 2935 1647 meus,
2979 1594 3026 1636 et
3064 1584 3333 1636 dimittant
3362 1583 3410 1637 ei
3426 1584 3450 1635 ?
3481 1598 3641 1653 usque

2057 1674 2294 1742 septies?
2333 1676 2621 1744 respondet
2672 1675 2936 1730 Dominus
2970 1697 2982 1730 :
3018 1674 3143 1728 Non
3191 1677 3310 1729 dico
3345 1675 3444 1729 tibi
3481 1691 3642 1744 usque

2059 1768 2272 1835 septies,
2301 1768 2392 1820 sed
2425 1785 2587 1839 usque
2614 1770 2912 1838 septuagies
2941 1770 3132 1837 septies
3160 1768 3225 1836 η,
3262 1772 3363 1825 hoc
3389 1779 3473 1825 est
3502 1769 3643 1823 resi-

371 1848 583 1902 Ιιοηιὶηὶ
623 1848 733 1901 Vlla
775 1847 966 1903 Τυηειο
1006 1863 1155 1905 mOI‘S
1183 1848 1362 1903 affert.
1400 1848 1538 1902 Tum
1570 1848 1717 1902 enim
1762 1847 1958 1901 anim-'3
1990 1838 2029 1894 Β
2061 1860 2292 1927 piscenti
2327 1860 2378 1913 in
2411 1860 2685 1914 infinitum
2715 1862 2977 1916 oll‘ensam
3012 1862 3371 1917 condonabis.
3402 1861 3479 1915 En
3507 1878 3631 1931 quo-

369 1938 668 1994 Sabbatum
697 1951 888 2010 agunt,
912 1941 1153 2011 quietem
1180 1941 1250 1994 ab
1276 1941 1424 1995 omni
1458 1949 1609 1994 motu
1637 1948 1832 2004 nactae,
1856 1953 1957 1993 nec

373 2033 539 2086 ullam
591 2033 817 2087 omnino
865 2034 1221 2104 agitationem
1275 2033 1533 2087 habentes
1585 2039 1708 2101 post
1756 2029 1956 2084 summi

371 2128 519 2183 illius
561 2129 710 2194 boni,
743 2129 888 2198 quod
936 2140 1063 2183 ante
1093 2122 1511 2197 exquit‘ehatur,
1544 2125 1957 2180 manifestatio-

372 2234 495 2272 nem
526 2234 632 2287 qua
666 2220 1041 2289 quaerentibus
1071 2219 1422 2290 perspicuum
1454 2220 1510 2271 lit
1550 2216 1603 2270 id
1633 2218 1777 2286 quod
1809 2229 1961 2285 quae-

370 2313 537 2364 situm
570 2322 679 2367 est.
707 2309 846 2366 Nam
883 2325 1012 2365 cum
1045 2311 1098 2365 id
1129 2311 1275 2381 quod
1312 2308 1959 2380 qu‘acrebatur,apparuit,

374 2412 556 2457 motus
615 2402 864 2458 omnium
935 2416 1127 2457 eorum
1193 2419 1316 2472 quae
1385 2404 1769 2468 movebantur,
1824 2416 1960 2456 cou-

374 2494 630 2563 quiescit.

446 2587 565 2643 Col.
598 2586 701 2642 451
741 2586 801 2643 C.
840 2587 1157 2656 Quanquam
1191 2596 1372 2639 autem
1407 2586 1473 2638 de
1502 2586 1808 2654 septenarii,
1851 2598 1958 2641 etc.

373 2679 533 2745 Quod
583 2694 782 2751 magno
827 2682 882 2733 in
927 2680 1137 2733 honore
1170 2678 1244 2734 sit
1291 2679 1637 2748 septenarius
1670 2693 1958 2743 numerus,

375 2772 480 2828 etsi
526 2772 714 2829 multis
756 2772 1081 2828 testimoniis
1131 2772 1493 2841 comprobare
1544 2785 1860 2840 possumus,
1897 2786 1961 2826 ex

377 2864 563 2919 multis
590 2873 772 2921 tamen
805 2881 980 2935 pauca
1007 2880 1073 2919 ex
1105 2863 1385 2933 Scriptura
1415 2878 1571 2918 sacra
1599 2863 1960 2933 proferemus.

379 2958 624 3012 l’rimum
676 2957 845 3013 Isaias
897 2957 965 3011 de
1012 2956 1235 3012 Christo
1289 2958 1467 3027 inquit
1516 2973 1529 3009 :
1582 2954 1962 3026 Requiet'erunt

376 3064 536 3119 super
586 3049 758 3119 ipsum
804 3049 1026 3119 spiritus
1077 3057 1274 3119 septem
1310 3048 1353 3114 ‘,
1398 3064 1503 3102 non
1556 3048 1700 3119 quod
1755 3056 1961 3117 septem

378 3142 610 3211 spiritus
647 3142 802 3206 sint;
836 3157 983 3197 unus
1018 3142 1164 3195 enim
1197 3154 1278 3197 est
1309 3140 1550 3211 Spiritus
1582 3149 1837 3199 sanctus;
1870 3139 1961 3194 sed
1988 3169 2033 3232 Ο

379 3235 596 3289 divinas
647 3249 842 3289 omnes
875 3234 1148 3300 actiones,
1176 3249 1298 3304 qua:
1335 3233 1433 3302 ipsi
1473 3233 1681 3297 insunt,
1716 3230 1961 3300 spiritus,

382 3333 442 3379 ut
470 3325 687 3396 opinor,
714 3326 954 3397 appellat
1009 3327 1295 3395 propheta.
1340 3325 1437 3378 Hae
1469 3335 1651 3377 autem
1680 3332 1827 3390 sunt,
1857 3323 1968 3393 spi-

381 3416 521 3471 ritus
554 3418 860 3487 sapientia‘,
890 3417 1119 3487 spiritus
1159 3414 1481 3483 prudentiae,
1517 3414 1743 3483 spiritus
1777 3413 1968 3482 cogni-

380 3512 573 3579 tionis,
617 3513 860 3582 pietatis,
906 3511 1145 3571 consilii,
1190 3508 1551 3572 fortitudinis,
1590 3506 1804 3561 timoris
1848 3504 1965 3559 Dei.

385 3604 553 3658 David
589 3615 776 3660 autem
810 3604 956 3659 Psal.
994 3618 1050 3667 ι,
1084 3603 1162 3656 ait
1191 3617 1206 3657 :
1244 3599 1475 3671 Eloquia
1510 3598 1725 3652 Domini
1759 3598 1970 3668 eloquia

383 3708 558 3765 casta,
590 3707 868 3768 argentum
906 3700 1024 3767 igne
1057 3694 1443 3758 examinatum,
1476 3700 1761 3762 purgatum
1792 3699 1971 3759 septu-

381 3793 529 3860 ptum
556 3792 602 3854 τ,
640 3791 692 3845 id
729 3800 813 3845 est
860 3789 1257 3859 multipliciter.
1311 3784 1782 3852 Quemadmodum
1820 3784 1968 3837 enim

387 3893 670 3953 argentum
750 3881 950 3951 saepius
998 3878 1318 3945 conﬂatum,
1378 3877 1606 3947 probum
1653 3889 1717 3929 ac
1769 3889 1967 3944 purum

388 3976 685 4046 reperitur,
712 3974 795 4030 sic
821 3976 984 4027 etiam
1016 3975 1180 4027 verba
1208 3972 1299 4026 Dei
1330 3969 1518 4025 omnia
1547 3967 1616 4023 ab
1639 3967 1789 4022 muni
1820 3981 1974 4020 men-

386 4071 547 4124 dacio
591 4081 644 4124 et
694 4068 827 4123 vitio
862 4077 992 4123 sunt
1028 4067 1222 4123 libera.
1263 4065 1365 4122 Job
1400 4074 1662 4136 praeterea
1710 4062 1779 4117 de
1821 4062 1972 4133 justo

385 4163 458 4216 ita
489 4163 679 4217 scribit
713 4178 728 4217 :
762 4158 944 4216 Senties
975 4160 1038 4215 de
1067 4159 1469 4214 necessitatibus
1498 4157 1734 4212 extrahet
1778 4166 1825 4211 te
1861 4171 1879 4210 :
1919 4156 1970 4208 in

385 4257 606 4325 septimo
635 4265 811 4311 autem
855 4271 958 4309 non
1008 4262 1182 4324 tanget
1232 4262 1280 4307 te
1326 4252 1528 4306 malum
1554 4252 1598 4306 ⁸.
1646 4249 1780 4316 Qua:
1808 4250 1971 4304 verba

386 4351 544 4419 quasi
604 4363 671 4403 ex
743 4362 976 4419 persona
1056 4345 1151 4400 Dei
1213 4345 1281 4400 ad
1328 4344 1541 4415 justum
1596 4342 1969 4412 proferuntur.

389 4441 602 4506 Sexies,
631 4442 733 4496 hoc
757 4451 841 4495 est
870 4442 922 4494 in
953 4437 1206 4510 praesenti
1235 4438 1371 4503 vita,
1394 4436 1449 4490 in
1477 4449 1586 4506 qua
1613 4435 1969 4495 tentationes,

2061 1953 2222 2006 modo
2256 1952 2538 2022 Scriptura
2575 1953 2920 2007 remissiOnis
2961 1963 3316 2023 peccatorum
3349 1969 3640 2008 numerum

2061 2045 2372 2112 septenario
2426 2045 2677 2101 deliniat.
2730 2043 2867 2099 Nam
2919 2062 3043 2101 cum
3097 2044 3294 2101 Petrus
3348 2045 3578 2101 dixisset
3629 2064 3645 2099 :

2066 2134 2236 2205 Usque
2289 2136 2523 2204 septies?
2580 2151 2687 2190 non
2742 2136 2808 2190 ad
2859 2137 3028 2211 alium
3085 2150 3376 2189 numerum
3429 2137 3647 2189 transiit

2066 2226 2353 2292 Dominus,
2385 2242 2576 2281 verum
2615 2227 2986 2296 septenarium
3024 2226 3400 2296 multiplicans
3435 2228 3488 2281 in
3528 2228 3648 2295 ipso

2065 2320 2413 2373 remissionis
2450 2319 2744 2373 terminum
2779 2319 3088 2380 constituit.
3134 2317 3305 2371 Porro
3335 2321 3648 2388 scptttagies

2066 2419 2273 2476 Septem
2304 2409 2413 2463 490
2444 2408 2703 2462 cilicium.
2739 2407 2848 2462 Nec
2884 2419 3061 2461 tamen
3095 2410 3196 2463 hoc
3226 2424 3459 2462 numero
3492 2410 3648 2462 venia

2065 2503 2544 2557 circumscribitur
2580 2520 2593 2555 :
2626 2518 2816 2556 verum
2861 2518 2951 2573 per
3003 2518 3127 2557 eum
3177 2518 3397 2572 semper
3443 2503 3652 2556 condo.-

2067 2593 2301 2646 namlam
2338 2608 2462 2648 esse
2494 2608 2691 2660 noxam
2727 2595 3002 2662 proximo,
3034 2603 3089 2648 et
3120 2596 3334 2663 quoties
3366 2604 3648 2663 peccatum

2065 2683 2358 2737 confessus
2386 2682 2550 2737 luerit
2581 2697 2644 2738 ac
2674 2682 2995 2753 resipuerit,
3025 2686 3418 2756 ignoscendum
3452 2687 3498 2739 ei
3526 2701 3650 2740 esse

2065 2776 2350 2830 docemur.
2382 2774 2653 2841 Quoniam
2687 2783 2874 2830 autem
2923 2779 3194 2833 scelerum
3228 2794 3447 2849 quoque
3487 2793 3648 2849 ptena

2067 2865 2339 2919 laudanda
2369 2873 2469 2931 est,
2496 2866 2623 2919 audi
2652 2865 2764 2935 jam
2793 2881 2822 2921 e
2848 2868 3149 2931 contrario,
3179 2871 3309 2939 quid
3340 2871 3394 2924 in
3426 2869 3655 2925 Genesis

2068 2958 2205 3010 libro
2235 2957 2502 3011 habeatur
2526 2974 2540 3010 :
2564 2956 2767 3026 Septies
2796 2959 2930 3012 ultio
2959 2959 3177 3012 dabitur
3207 2962 3268 3013 de
3292 2959 3425 3014 Cain
3450 2962 3516 3028 “,
3550 2962 3656 3015 hoc

2066 3059 2153 3105 est
2203 3049 2455 3119 septuplo
2506 3050 2883 3114 cruciahitur,
2938 3066 3038 3121 pro
3086 3067 3151 3105 eo
3201 3054 3347 3121 quod
3402 3053 3656 3108 fraternae

2067 3143 2233 3198 caedis
2263 3142 2498 3196 crimine
2532 3143 2776 3212 seipsum
2813 3143 3169 3198 constrinxit.

2143 3233 2336 3304 Opera:
2377 3233 2608 3303 pretium
2649 3241 2729 3288 est
2759 3241 2944 3287 autem
2985 3235 3270 3305 septempli
3316 3251 3510 3304 ptenae,
3543 3253 3653 3306 qua

2069 3327 2335 3383 multatus
2383 3335 2466 3382 est
2509 3326 2670 3391 Cain,
2717 3324 2950 3382 Joannis
2994 3327 3375 3399 Chrysostomi
3422 3344 3655 3386 enarra-

2070 3422 2275 3477 tionem
2316 3420 2635 3492 adjungere,
2672 3435 2796 3490 quae
2829 3420 2934 3475 hoc
2982 3424 3147 3476 modo
3195 3436 3254 3477 sc
3291 3422 3451 3477 habet
3486 3441 3500 3477 :
3535 3423 3657 3477 Pri-

2069 3529 2222 3569 mum
2291 3513 2642 3583 septenarius
2707 3528 2971 3569 numerus
3032 3527 3133 3583 pro
3193 3514 3542 3569 multitudine
3597 3516 3658 3572 in

2072 3606 2355 3676 Scriptura
2405 3617 2596 3661 sancta
2636 3605 2907 3675 accipitur
2942 3622 2957 3660 :
2988 3613 3154 3676 atque
3200 3607 3256 3660 in
3292 3607 3394 3661 hac
3441 3607 3658 3678 signin-

2072 3700 2290 3754 catioue
2334 3699 2624 3768 permultis
2671 3698 2809 3754 locis
2855 3698 3098 3768 positum
3133 3712 3254 3754 esse
3287 3699 3551 3768 reperies.
3587 3695 3663 3755 Ut

2073 3792 2202 3847 illud
2238 3809 2251 3846 :
2284 3790 2504 3847 Sterilis
2535 3792 2749 3861 peperit
2779 3799 3073 3861 septem,et
3097 3806 3460 3861 quascumque
3491 3791 3665 3860 hujus

2072 3892 2198 3942 sunt
2232 3884 2474 3953 generis.
2513 3884 2613 3939 llic
2659 3893 2841 3941 autem
2891 3885 3115 3941 sceleris
3171 3884 3395 3940 admissi
3447 3885 3667 3955 magni-

2076 3980 2206 4035 tudo
2247 3978 2612 4049 signilicatur,
2647 3984 2701 4032 et
2745 3978 2893 4050 quod
2942 3992 3051 4033 non
3101 3993 3268 4031 unum
3312 3992 3375 4032 ac
3424 3978 3670 4047 simpleur

2073 4079 2190 4125 erat
2221 4069 2402 4128 scelus
2446 4069 2517 4124 ab
2547 4083 2613 4124 eo
2644 4069 3014 4136 designatum,
3052 4081 3243 4122 verum
3285 4074 3492 4136 septem
3530 4079 3659 4134 pec-

2074 4167 2306 4229 cata,et
2352 4161 2575 4230 quidem
2638 4159 2808 4223 talia,
2864 4168 2925 4214 ut
2975 4157 3409 4227 unumquodque
3465 4171 3658 4211 eorum

2074 4252 2400 4324 gravissima
2437 4267 2596 4322 ptena
2641 4252 3031 4305 vindicandum
3081 4258 3251 4304 esset.
3295 4248 3475 4316 Atque
3512 4256 3663 4302 utea

2074 4359 2480 4409 enumeremus,
2529 4345 2603 4398 ita
2650 4359 2683 4398 a
2732 4343 2890 4399 nobis
2943 4340 3082 4396 ratio
3133 4342 3370 4399 ineatur.
3413 4337 3671 4395 Primum

2076 4439 2233 4494 fratri
2264 4439 2482 4503 invidit,
2509 4440 2637 4508 quia
2666 4451 2794 4492 eum
2827 4451 2858 4490 a
2894 4435 3005 4490 Deo
3036 4434 3214 4489 amari
3251 4432 3616 4504 perspiciebat
3647 4448 3665 4485 :

389 4544 558 4604 atque
622 4547 849 4604 operum
901 4532 1117 4586 labores
1159 4529 1453 4593 exsistunt,
1507 4527 1802 4582 teutaberis
1852 4525 1973 4595 qui-
2003 4523 2223 4602 unod
2271 4532 2491 4601 quidem
2537 4531 2768 4594 crimen,
2818 4528 3033 4584 caeteris
3082 4528 3251 4582 etiam
3305 4524 3553 4588 remotis,
3597 4523 3663 4576 ad

388 4628 538 4690 dem,
576 4634 741 4696 atque
797 4624 854 4679 in
895 4623 1318 4680 necessitatibus
1356 4631 1411 4677 et
1452 4634 1633 4676 rerum
1680 4617 1971 4675 diﬂicnlta-

392 4721 541 4774 tibus
587 4719 944 4784 versaberis;
977 4732 1165 4772 verum
1212 4716 1279 4771 iis
1319 4715 1570 4787 superior
1625 4712 1842 4768 futurus
1874 4728 1970 4777 es;

393 4825 591 4866 manus
623 4810 768 4864 enim
802 4823 922 4864 mea
955 4810 1049 4863 tibi
1098 4822 1256 4879 opem
1310 4806 1466 4862 feret.
1515 4806 1585 4859 At
1622 4806 1677 4859 in
1711 4808 1971 4876 septimo,

392 4905 447 4958 in
474 4918 586 4974 quo
614 4902 805 4958 beatus
830 4902 1106 4972 iustorum
1138 4901 1507 4956 sabbatismus
1533 4912 1618 4954 εει
1645 4908 1699 4953 et
1734 4898 1971 4967 requies,

392 4997 598 5050 nullius
634 4995 900 5050 molestiae
947 4993 1257 5049 recordatio
1296 4995 1540 5048 animum
1595 5000 1748 5045 tuum
1785 5001 1971 5062 anget.

393 5094 568 5159 Atque
615 5090 686 5144 ob
741 5088 881 5142 hanc
929 5100 1153 5142 causam
1222 5087 1440 5157 sapiens
1489 5085 1710 5154 quidam
1763 5082 1901 5138 dixit
1953 5097 1969 5138 :

392 5182 449 5236 ln
479 5181 567 5237 die
610 5180 732 5236 festi
778 5188 941 5249 atque
974 5178 1178 5233 laetitiae
1212 5179 1452 5234 triStium
1485 5192 1665 5233 rerum
1709 5175 1974 5230 memoria

392 5274 588 5330 caluit.
616 5273 765 5331 Mors
798 5274 946 5328 enim
983 5271 1230 5342 profecto
1267 5271 1435 5340 justis
1464 5271 1532 5326 ad
1576 5269 1967 5338 sempiternum

2079 4624 2306 4680 exitium
2344 4623 2443 4692 ipsi
2478 4620 2822 4676 inferendum
2861 4626 2996 4675 satis
3030 4635 3192 4689 grave
3227 4625 3363 4671 erat.
3395 4616 3669 4676 Alterum,

2081 4717 2207 4785 quia
2243 4715 2345 4767 hoc
2379 4714 2430 4767 in
2469 4711 2689 4766 fratrem
2735 4710 2976 4765 admisit.
3008 4709 3276 4773 Ter:ium,
3311 4707 3439 4777 quia
3476 4705 3666 4759 dolum

2082 4805 2305 4862 struiit.
2352 4806 2641 4871 Quartum,
2680 4803 2810 4871 quia
2851 4803 3054 4857 caedem
3102 4798 3458 4871 perpetravit.
3490 4795 3669 4863 Quin-

2080 4911 2217 4965 tum,
2253 4899 2380 4969 quia
2410 4898 2632 4952 fratrem
2673 4896 2967 4951 interemit.
3001 4895 3252 4957 Sextum,
3285 4891 3413 4963 quia
3451 4893 3669 4961 primus

2081 4993 2284 5048 caedem
2315 4993 2556 5047 admisit.
2593 4989 2920 5060 Septimum,
2955 4989 3087 5057 quia
3130 4987 3239 5041 Deo
3267 4984 3530 5041 mentitus
3555 4991 3667 5039 est.

2084 5084 2362 5140 lntelleetu
2392 5083 2632 5139 assecuti
2667 5083 2803 5138 estis
2832 5097 2894 5136 ea
2926 5097 3049 5152 qua:
3095 5080 3359 5143 diximus,
3400 5093 3468 5133 an
3500 5077 3669 5131 vultis

2084 5194 2169 5233 me
2196 5193 2384 5232 eorum
2417 5180 2889 5231 enumerationem
2924 5174 3090 5228 altius
3120 5181 3386 5242 repetere,
3420 5179 3477 5223 ut
3504 5168 3668 5224 intel-

2083 5269 2263 5338 ligatis
2312 5256 2746 5337 utiuu'iquodque
2793 5269 3010 5326 horum,
3059 5265 3143 5319 vel
3201 5264 3403 5327 solmn,
3456 5260 3667 5329 gravis-

464 5440 486 5470 ‘
525 5439 630 5495 lsa.
664 5454 741 5500 xl,
772 5436 827 5490 2.
906 5436 924 5466 τ
971 5434 1114 5492 Psal.
1161 5446 1239 5500 xl,
1272 5434 1326 5487 7.
1403 5430 1425 5463 ⁸
1455 5428 1561 5485 Job
1601 5445 1656 5490 γ,
1699 5428 1787 5482 19.
1863 5428 1882 5458 ⁹
1917 5424 1957 5479 Ρ

2067 5407 2156 5496 pp.
2190 5442 2226 5490 ι,
2261 5425 2355 5480 25.
2437 5426 2486 5459 ιο
2512 5424 2701 5480 Matth.
2736 5438 2894 5489 xvnt,
2922 5423 3014 5489 21,
3045 5423 3138 5478 29..
3222 5423 3260 5454 “
3291 5420 3427 5476 Gen.
3463 5435 3538 5484 tv,
3569 5419 3663 5474 2-1.
3738 5428 3742 5432 ‘

467 5600 581 5672 {27)
609 5598 814 5672 Eodem
843 5606 1053 5672 spectat
1077 5594 1221 5672 quod
1252 5594 1331 5649 ait
1361 5596 1592 5672 Aﬁugust.
1622 5604 1745 5658 cap.
1777 5588 1973 5672 ultimo

398 5662 497 5729 tibi
546 5662 721 5724 ultimi
776 5669 853 5720 De
876 5662 1037 5720 ‘cirit.
1096 5662 1197 5718 Dei
1241 5679 1260 5718 .-
1313 5682 1330 5714 ι
1385 5663 1517 5717 Post
1568 5662 1711 5729 hanc
1763 5667 1975 5711 aetatem

398 5728 658 5813 tanquam
707 5742 760 5792 in
806 5739 892 5789 die
928 5737 1160 5813 septimo
1200 5735 1525 5813 requiescet_
1556 5728 1702 5811 Deus
1750 5748 1764 5783 :
1820 5729 1976 5813 cuius

395 5798 526 5870 diei.
558 5811 683 5865 linis
734 5824 841 5863 non
893 5798 1002 5860 erit
1044 5798 1291 5873 vespera,
1341 5806 1433 5859 sed
1492 5801 1808 5856 Dominicus
1860 5798 1976 5851 dies

2082 5587 2228 5641 velut
2276 5593 2505 5641 octavus
2552 5595 2811 5649 aeternus,
2862 5586 2953 5655 qui
3004 5584 3225 5655 Christi
3261 5580 3668 5655 resurrectione

2085 5667 2333 5711 sacratus
2359 5665 2726 5721 est,a:tcrnam
2756 5672 2861 5709 non
2880 5651 3066 5709 solum
3098 5654 3345 5722 spiritus,
3374 5653 3466 5709 sed
3494 5651 3662 5705 etiam

2085 5728 2330 5795 corporis
2366 5726 2828 5781 resurrectionem
2862 5729 3243 5795 prae-figurans.
3281 5743 3299 5775 ι
