4116 6494
499 348 634 416 illi?

1907 355 2288 417 ADDENDA.

3610 357 3744 422 1448

495 459 637 526 Quid
699 461 864 534 igitur
918 461 985 518 de
1053 463 1156 517 hac
1233 464 1548 519 inversione
1601 463 1930 518 dicendum?
1985 465 2066 517 An
2098 475 2144 532 Α
2174 465 2378 536 septies
2425 481 2485 521 se
2540 466 2870 532 incurvavit,
2918 467 2970 521 id
3011 478 3119 533 est,
3159 471 3438 526 contraxit
3471 479 3635 542 atque
3665 475 3740 529 iu'

495 563 690 622 praeter
715 554 953 608 historia:
982 543 1262 610 veritatem
1297 555 1634 625 Theologum
1669 556 1783 610 haec
1815 555 2068 627 prolocu-

499 653 614 699 tum
638 645 796 700 esse?
823 645 1066 701 Minime.
1113 646 1312 702 Verum
1349 650 1436 703 hic
1481 649 1806 703 inversionis
1842 651 2067 703 verbum

496 737 848 805 descriptoris
882 752 1067 790 errore
1097 740 1431 809 Obrepsisse.
1459 741 1635 808 Atque
1661 742 1820 793 etiam
1844 740 2066 810 quidam

496 829 714 882 codices
747 816 972 882 minimi:
1008 830 1287 900 depravati
1325 833 1465 886 hanc
1501 833 1790 888 dictionem
1827 847 1933 886 non
1977 833 2072 886 ha-

496 921 640 975 bent.
693 919 1086 991 Mysticamque
1129 922 1275 976 illam
1323 925 1588 993 triplicem
1645 923 2078 983 insuiilationem.

495 1013 622 1066 Elia:
650 1013 946 1082 prophetae,
989 1030 1098 1083 qua
1143 1013 1504 1086 Sarephtana:
1559 1017 1736 1072 viduae
1789 1018 1898 1070 lilio
1963 1017 2068 1070 vita

493 1106 756 1175 inspirata
794 1117 895 1161 est.
939 1105 1050 1161 lioc
1083 1123 1302 1178 quoque
1339 1109 1505 1163 refert
1533 1109 1782 1174 historia,
1817 1109 1988 1162 Eliam
2015 1109 2068 1162 in

493 1195 850 1266 Sarephtanae
899 1197 1068 1252 lilium
1111 1209 1192 1254 ter
1251 1199 1578 1264 insultlassc,
1613 1201 1804 1270 sicque
1843 1215 1965 1254 cum
2001 1202 2067 1254 ad

493 1289 658 1341 vitam
716 1304 1001 1344 revocasse
1029 1290 1096 1344 “.
1137 1291 1217 1344 Ad
1264 1292 1406 1346 hanc
1453 1304 1633 1346 autem
1683 1293 1950 1363 triplicem
1986 1293 2069 1346 itt-

491 1379 878 1442 suillationem,
915 1383 1164 1452 :cqualis,
1218 1383 1324 1439 hoc
1387 1395 1470 1439 est
1521 1395 1697 1449 terna,
1739 1386 2072 1456 intelligetur

491 1471 921 1540 l'ragmentorum
951 1475 1079 1544 ligni
1114 1475 1374 1545 prolutio.
1407 1473 1542 1530 Nam
1577 1477 1628 1530 id
1661 1491 1883 1546 quoque
1911 1491 2069 1531 sacra

493 1562 726 1616 historia
775 1563 956 1618 docet.
989 1565 1124 1620 Cum
1158 1566 1302 1620 enim
1329 1567 1478 1622 Elias
1512 1582 1575 1622 ex
1610 1575 1854 1636 tempore
1901 1567 2071 1621 altare

492 1657 918 1721 construxisset,
956 1674 1019 1712 ac
1059 1659 1328 1729 lignorum
1360 1659 1678 1729 fragmenta
1705 1674 1868 1728 super
1892 1657 2068 1727 ipsum

491 1752 806 1818 struxisset,
847 1764 1144 1823 posteaque
1191 1755 1512 1808 holocausta
1557 1768 1721 1824 super
1767 1755 1911 1824 ligna
1962 1753 2064 1806 im-

491 1849 790 1912 posuisset,
819 1846 956 1899 dixit
989 1863 1004 1900 :
1031 1845 1264 1916 Accipite
1297 1846 1426 1898 mihi
1452 1844 1671 1916 Itydrias
1709 1861 1995 1914 aquarum,
2024 1854 2072 1898 et

491 1935 756 2004 infundite
793 1951 951 2004 super
991 1935 1385 2000 holocaustum,
1417 1947 1465 1989 et
1507 1953 1663 2005 super
1691 1936 1856 2006 ligna.
1898 1937 2074 2006 Atque

491 2025 566 2078 ita
600 2025 866 2079 fecerunt.
906 2025 972 2079 Et
1011 2026 1193 2080 dixit:
1225 2023 1466 2080 Secundo
1503 2025 1600 2080 hoc
1641 2025 1844 2094 facile;
1889 2035 1943 2080 ct
1988 2041 2074 2082 se-

489 2116 670 2170 cundo
698 2117 800 2172 hoc
839 2115 1103 2172 fecerunt.
1164 2115 1340 2172 Tertio
1371 2119 1466 2170 hoc
1490 2118 1678 2188 facile;
1705 2127 1758 2172 et
1785 2117 1944 2172 tertio
1972 2117 2074 2170 hoe

491 2205 758 2261 fecerunt.
793 2207 1004 2274 Quibus
1031 2211 1270 2278 peractis
1318 2209 1384 2262 ad
1426 2209 1600 2278 ipsius
1655 2223 1844 2278 preces
1880 2207 2076 2263 cecidit

491 2295 637 2364 ignis
671 2294 892 2350 Domini
937 2298 1005 2352 de
1047 2298 1210 2364 caalo,
1249 2307 1303 2352 et
1341 2297 1624 2352 devoravit
1669 2299 2070 2363 holocaustum,

491 2396 546 2440 et
571 2387 736 2458 ligna,
767 2397 822 2442 et
847 2389 1038 2454 altare,
1069 2401 1122 2443 et
1150 2404 1370 2459 aquam,
1411 2399 1466 2444 et
1509 2389 1785 2458 pulverem
1817 2392 1886 2445 ".
1919 2391 2073 2455 Que-

491 2479 640 2532 niam
701 2488 881 2532 autem
945 2481 1192 2534 nonnulli
1239 2491 1298 2535 ut
1344 2484 1734 2550 septenariam,
1769 2483 1908 2536 hanc
1941 2498 2072 2552 pro-

493 2571 692 2624 luviem
729 2583 1042 2637 numerant,
1075 2588 1175 2627 nos
1207 2587 1428 2642 quoque
1457 2575 1786 2629 sententiam
1822 2587 2070 2630 nostram

489 2663 917 2732 explicabimus.
963 2665 1307 2720 Aritlnnetici
1335 2681 1690 2722 numerorum
1733 2654 2071 2738 ~pronuntia-

491 2757 690 2818 tiones,
717 2758 784 2810 ad
811 2757 1031 2810 modum
1055 2773 1236 2812 rerum
1261 2760 1654 2828 subjectarmn,
1679 2778 1786 2814 non
1809 2763 1874 2816 ad
1895 2777 2071 2832 quan—

490 2849 728 2912 titatem,
751 2849 1046 2918 accipiunt.
1075 2849 1166 2902 Ait
1197 2849 1360 2920 igitur
1381 2851 1524 2905 Elias
1555 2853 1793 2921 primum
1824 2871 1838 2908 :
1874 2852 2071 2921 Infun-

491 2939 642 2994 dite:
705 2941 904 2994 deinde
937 2957 958 2995 :
994 2939 1197 2996 Iterum
1250 2943 1538 3012 infundite,
1593 2956 1734 3014 post,
1783 2944 1961 2998 Tertio
2015 2946 2068 3000 id

490 3031 675 3100 facile.
709 3033 822 3086 Duo
853 3034 1039 3102 itaque
1103 3031 1195 3086 uni
1225 3033 1458 3104 adjecta,
1503 3035 1605 3088 tria
1631 3035 1912 3103 elliciunt;
1948 3035 2070 3106 qui-

2173 559 2323 612 tiexit
2377 575 2541 630 super
2574 575 2698 614 eum
2729 599 2745 624 ,
2788 562 2926 615 adeo
2961 572 3021 616 ut
3067 578 3127 618 os
3166 563 3274 629 ori,
3300 573 3356 617 et
3389 567 3582 621 oculos
3611 580 3741 619 ocu-

2173 649 2240 702 lis
2262 690 2277 713 ,
2306 659 2360 703 et
2392 665 2587 705 manus
2625 652 2882 705 manibus
2919 651 3243 722 adjungt-ret
3273 653 3339 707 “.
3391 653 3744 710 lnﬂexionein

2174 749 2356 794 autem
2391 740 2703 810 Theologns
2749 742 3062 808 huiusmodi
3114 743 3470 812 jactationem
3515 754 3570 798 et
3609 758 3740 797 con-

2172 833 2456 884 llexionem
2488 833 2801 902 appellavit,
2851 849 2958 903 qua
3031 835 3254 902 spiritus
3302 835 3606 888 suscitatus
3640 842 3745 896 est,

2173 925 2222 976 id
2286 934 2390 986 est,
2453 924 2678 992 spiritus
2730 924 2914 978 vitalis
2981 935 3277 979 recreatus.
3337 923 3461 980 llzre
3527 925 3745 980 locutus

2171 1013 2496 1084 Gregorius,
2531 1015 2846 1069 candelabri
2873 1016 3158 1069 histotiam
3192 1019 3606 1085 praetermittere
3629 1032 3733 1086 qut-

2172 1106 2293 1159 dem
2339 1106 2576 1172 videtur,
2636 1109 2728 1161 sed
2790 1117 2966 1160 tamen
3031 1107 3170 1161 hanc
3218 1123 3438 1177 quoque
3491 1122 3745 1162 sermone

2173 1199 2576 1266 complectitur,
2612 1213 2677 1252 ac
2707 1199 3092 1266 prartcritionis
3121 1200 3287 1268 ﬁgura
3321 1214 3474 1264 usus,
3497 1197 3662 1253 simul
3692 1205 3742 1250 et

2171 1286 2442 1340 auditoris
2490 1287 2724 1340 satietati
2778 1287 3110 1357 fastidioque
3159 1287 3424 1351 occurrit,
3460 1296 3513 1341 et
3539 1287 3744 1339 variam

2172 1378 2476 1430 orationem
2505 1377 2686 1432 tlIicit.
2720 1377 3046 1433 Camlelabri
3087 1387 3272 1432 autem
3325 1378 3489 1447 hujus
3539 1377 3742 1431 descri-

2171 1469 2287 1540 ptio
2317 1470 2368 1522 in
2407 1469 2581 1524 Exodi
2628 1471 2769 1524 libro
2813 1471 2920 1524 sita
2958 1480 3040 1524 est
3071 1469 3136 1524 ³¹.
3171 1469 3235 1522 Et
3265 1471 3485 1539 quidem
3519 1467 3745 1522 historia

2172 1580 2344 1618 unum
2397 1567 2664 1619 duntaxat
2725 1565 2922 1619 hastile
2964 1564 3276 1619 candelabri
3337 1569 3747 1624 commemorat,

2171 1673 2266 1714 sex
2292 1669 2474 1711 autem
2509 1658 2750 1713 calamos
2785 1658 2991 1713 circum
3022 1658 3218 1712 hastile
3257 1667 3312 1711 et
3338 1664 3538 1726 septem
3567 1655 3736 1709 lucer-

2172 1764 2291 1814 nas,
2322 1749 2505 1804 bastili
2531 1759 2584 1804 et
2608 1750 2830 1805 calamis
2859 1748 3396 1819 adjacentesNerum
3418 1747 3749 1816 Theologus,

2175 1857 2299 1896 cum
2326 1841 2510 1896 hastili
2541 1841 2784 1896 calamos
2809 1842 2972 1896 etiam
3019 1851 3287 1904 statuens,
3323 1855 3389 1895 ac
3425 1853 3748 1906 numerans,

2178 1936 2283 1989 hoc
2343 1949 2564 2004 quoque
2611 1935 2891 1990 hastilium
2947 1935 3172 1989 nomine
3223 1933 3534 2003 appellavit.
3573 1935 3748 2003 Atque

2177 2027 2250 2080 ita
2311 2027 2630 2080 universum
2687 2027 2907 2095 quidem
2979 2031 3086 2081 hoc
3165 2025 3551 2081 candelabrum
3611 2033 3747 2087 erat,

2177 2127 2434 2170 caeterum
2494 2116 2842 2170 ὲπτάκαυλον
2904 2116 2998 2171 καὶ
3063 2116 3433 2186 ἑπτάλυχνον,
3489 2115 3746 2169 nimirum

2178 2217 2401 2278 propter
2447 2207 2664 2262 hastilia
2713 2217 2766 2262 et
2825 2207 3082 2263 lucernas
3137 2209 3202 2262 iis
3249 2207 3647 2277 superpositas.
3683 2205 3744 2260 [ι

2179 2300 2366 2368 igitur,
2395 2299 2595 2368 inquit,
2624 2298 2806 2366 templi
2832 2298 3222 2353 candelabrum
3257 2310 3464 2368 septem
3500 2299 3750 2352 lucernas

2176 2393 2512 2464 protendens
2552 2390 2895 2462 praeteream,
2929 2391 3172 2460 ejusdem
3232 2402 3314 2447 est
3367 2391 3632 2446 doctrina-
3687 2404 3750 2443 ac

2175 2485 2592 2555 speculationis,
2626 2485 2692 2544 de
2721 2500 2950 2540 numero
2979 2485 3288 2555 septi-nario
3333 2484 3561 2545 seilicel,
3603 2482 3749 2550 quod

2177 2577 2222 2632 is
2249 2577 2340 2646 qui
2372 2578 2439 2630 ad
2469 2577 2761 2632 sacerdotii
2794 2577 3112 2648 dignitatem
3159 2578 3368 2630 electus
3403 2582 3507 2638 est,
3542 2573 3748 2641 templo

2174 2668 2402 2732 assidet,
2438 2682 2504 2722 ac
2534 2676 2743 2738 septem
2776 2667 2988 2722 dierum
3037 2665 3211 2736 spatio
3237 2679 3432 2718 manus
3459 2663 3577 2731 ejus
3614 2677 3749 2716 con-

2175 2771 2482 2827 secrantur,
2515 2758 2980 2830 quemadmodum
3005 2760 3058 2812 in
3081 2757 3268 2812 Exodo
3291 2752 3744 2825 praiscrihitur”.

2176 2851 2430 2922 Ejusdem
2465 2855 2592 2908 item
2619 2853 2903 2917 doctrinae,
2937 2851 3083 2921 quod
3111 2851 3177 2914 is,
3209 2851 3298 2919 qui
3335 2835 3482 2917 lepra
3509 2845 3748 2900 infectus

2171 2953 2274 3006 est,
2305 2953 2512 3013 septem
2537 2944 2730 2998 diebus
2762 2952 3045 3012 purgatur,
3077 2941 3214 2996 utin
3242 2938 3484 2994 Levitico
3510 2936 3748 2992 edictum

2173 3044 2337 3106 atque
2381 3037 2708 3106 imperatum
2743 3044 2827 3089 est
2857 3034 2924 3087 “.
2970 3033 3176 3088 Eodem
3233 3046 3454 3102 quoque
3508 3030 3750 3084 referettv

491 3124 595 3179 bus
635 3126 738 3178 tria
776 3125 1000 3196 insuper
1037 3126 1316 3194 adjuncta,
1353 3142 1450 3181 sex
1481 3128 1800 3182 coniiciunt.
1839 3127 2067 3181 Senario
2094 3151 2137 3208 ε
2173 3126 2324 3192 dum,
2349 3127 2492 3196 quod
2523 3126 2786 3196 templum
2819 3140 2848 3178 a
2871 3123 3164 3179 Salomone
3195 3123 3370 3192 ipsius
3408 3130 3750 3179 exstructore

491 3229 672 3272 autem
710 3219 882 3287 prima
935 3220 1118 3274 unitas
1175 3219 1360 3274 addita
1423 3221 1721 3290 perfectum
1777 3234 2068 3274 numerum

491 3311 744 3366 absolvit.
776 3313 902 3376 Aut,
923 3313 968 3367 si
1007 3313 1198 3380 mavis,
1227 3330 1320 3367 sex
1350 3313 1752 3384 prolutionibus
1777 3317 2066 3382 septimam

491 3403 747 3476 adjunge,
803 3406 1061 3460 nimirum
1115 3421 1262 3472 eam,
1299 3423 1421 3478 quae
1455 3421 1550 3476 per
1582 3407 1761 3476 ignem
1805 3407 2069 3460 divinitus

491 3497 721 3552 missum
746 3498 1008 3565 contigit;
1037 3506 1324 3568 postquam
1361 3497 1505 3553 Elias
1537 3496 1830 3565 ignominia
1871 3497 2067 3566 dignos

493 3590 832 3654 sacerdotes,
871 3599 1060 3660 utpote
1093 3588 1241 3646 findo
1269 3600 1322 3644 et
1352 3591 1594 3645 obsceno
1621 3589 1766 3643 idolo
1793 3588 1920 3642 Baal
1949 3604 2067 3643 ser-

493 3681 724 3748 vientes,
761 3683 1193 3752 quadringentos
1237 3693 1293 3738 ct
1341 3683 1737 3754 quinquaginta
1771 3680 2066 3738 interfecit.

491 3769 628 3827 Nam
689 3789 816 3828 cuni
861 3789 956 3829 eos
1015 3774 1084 3828 ad
1137 3790 1338 3829 novum
1383 3774 1641 3830 sacriﬁcii
1685 3774 2066 3830 holocaustum

491 3879 867 3936 provocasset,
925 3882 1024 3922 nec
1075 3867 1180 3938 ipsi
1230 3868 1284 3922 iu
1347 3869 1568 3922 nomine
1609 3866 1738 3922 Banl
1788 3868 1968 3939 ignem
1999 3867 2067 3922 ad

493 3961 762 4030 propositi
795 3959 1054 4026 sacriﬁcii
1088 3959 1571 4032 consumptionem
1618 3961 1836 4017 erelitus
1868 3961 2068 4016 demit-

491 4063 608 4105 tere
643 4053 970 4121 potuissent,
1007 4055 1468 4122 quemadmodum
1516 4053 1656 4109 inter
1686 4053 1860 4122 ipsum
1893 4059 1944 4106 et
1977 4065 2069 4107 eos
2105 4128 2110 4132 Ι

493 4153 848 4208 convenerat,
884 4145 1004 4213 ipse
1034 4154 1219 4200 autem
1260 4145 1312 4198 in
1369 4144 1464 4198 Dei
1511 4145 1734 4198 nomine
1765 4145 1870 4200 hoc
1907 4143 2069 4197 fecis-

495 4242 600 4299 set,
654 4233 1054 4288 condemnatos
1107 4250 1202 4289 eos
1261 4243 1509 4288 extremo
1556 4233 1824 4302 supplicio
1869 4231 2067 4288 all‘ecit.

459 4323 644 4378 ‘idem
677 4327 838 4386 ccelo,
873 4325 1048 4378 tribus
1107 4324 1270 4379 annis
1312 4334 1366 4378 et
1408 4339 1502 4378 sex
1541 4323 1827 4378 mensibus
1855 4322 2067 4386 clauso,

495 4430 622 4470 cum
677 4413 788 4483 jam
839 4414 1108 4468 siccitatis
1167 4414 1448 4468 vinculum
1513 4413 1836 4470 solvendum
1901 4424 2068 4476 esset,

2174 3225 2382 3286 septem
2419 3216 2612 3273 diebus
2663 3217 2970 3280 dedicatur,
3026 3218 3487 3286 quemadmodum
3520 3215 3750 3270 habetur

2171 3309 2240 3363 ιιι
2312 3307 2601 3377 Regum”.
2648 3308 2765 3362 line
2843 3309 3075 3368 accedit,
3155 3309 3301 3378 quod
3383 3309 3618 3378 populus
3679 3322 3748 3362 ex

2171 3403 2500 3474 Babylonica
2539 3403 2856 3473 captivitate
2908 3403 3317 3473 septuagesimo
3372 3417 3518 3456 anno
3563 3402 3748 3465 rediit,

2171 3495 2316 3552 sicut
2343 3496 2610 3552 Jeremias
2645 3497 2969 3567 praedixerat
3034 3505 3089 3551 et
3129 3511 3308 3552 rerum
3357 3507 3587 3551 eventus
3617 3510 3752 3549 con-

2173 3587 2412 3644 ﬁrmavit
2439 3629 2459 3654 ,
2493 3601 2554 3644 ut
2583 3589 2946 3658 septenarius,
2986 3590 3078 3660 qui
3125 3589 3180 3644 in
3217 3589 3520 3645 unitatibus
3544 3590 3752 3643 honore

2172 3679 2400 3752 insignis
2428 3690 2530 3749 est,
2577 3680 2722 3736 idem
2779 3696 3000 3752 quoque
3059 3681 3110 3734 in
3169 3679 3467 3735 decadibus
3500 3679 3614 3742 ﬁat,
3647 3679 3751 3734 hoc

2169 3784 2275 3839 est,
2300 3772 2598 3842 praclarus
2625 3782 2679 3827 et
2701 3772 2932 3826 maxime
2960 3772 3222 3842 mysticus
3243 3771 3534 3826 decadicus
3564 3779 3750 3840 septe-

2171 3864 2312 3918 uarii
2343 3878 2627 3927 numerus,
2647 3865 2718 3918 ob
2743 3863 2924 3933 populi
2957 3864 3416 3934 redemptionem.
3444 3878 3507 3917 ac
3549 3872 3752 3932 mystea

2173 3956 2241 4011 rii
2310 3969 2534 4026 quoque
2601 3955 2850 4010 nonnihil
2907 3955 3123 4018 habeat,
3175 3954 3439 4010 nimirum
3509 3953 3748 4009 libertati

2174 4051 2362 4122 populi
2424 4050 2936 4120 proclamationem.
2989 4050 3260 4106 Moaadici
3303 4059 3488 4106 autem
3531 4052 3747 4106 numeri

2171 4144 2448 4210 dicuntur,
2477 4143 2570 4212 qui
2606 4143 2675 4198 ab
2705 4143 2917 4198 unitate
2943 4144 3010 4198 ad
3044 4143 3301 4198 decadem
3328 4157 3502 4212 usque
3520 4158 3746 4214 progre-

2171 4235 2420 4300 diuntur,
2477 4232 2718 4288 deeadici
2787 4248 2934 4298 vero,
2996 4233 3087 4302 qui
3137 4249 3170 4287 a
3230 4232 3454 4287 denario
3501 4233 3568 4287 ad
3621 4247 3749 4287 cen-

2173 4325 2426 4380 tesimum
2462 4339 2565 4379 :ex
2623 4338 2734 4393 quo
2787 4339 3015 4379 numero
3061 4331 3146 4379 est
3192 4325 3652 4396 septuagesimus,
3683 4340 3749 4378 ex

2173 4415 2486 4485 septenario
2545 4414 2599 4468 in
2629 4416 2915 4470 denarium
2965 4415 3419 4484 multiplicatione
3454 4416 3747 4471 conﬂatus.

496 4481 724 4576 puerulo
751 4504 849 4569 illi,
891 4519 1002 4574 quo
1045 4505 1296 4559 ministro
1348 4505 1626 4572 utebatur,
1667 4503 1978 4574 imperavit,
2011 4515 2072 4560 ut
2107 4481 2148 4536 θ
2174 4481 2468 4561 Denarium
2497 4519 2666 4576 porro
2705 4508 3018 4577 septenario
3067 4481 3446 4576 perfectiorem
3491 4508 3653 4576 dixit,
3690 4516 3750 4562 ut

497 4597 892 4670 specularetur,
923 4612 989 4652 ac
1027 4595 1236 4652 videret
1267 4613 1334 4651 an
1385 4596 1556 4652 nubes
1599 4597 1782 4664 aliqua
1813 4596 2070 4652 oriretur.

498 4689 565 4744 Et
599 4690 858 4759 quoniam
915 4687 1154 4743 nondum
1223 4697 1344 4743 orta
1405 4696 1552 4752 erat,
1587 4703 1714 4742 eum
1742 4687 1941 4758 septies
1971 4689 2076 4744 hoc

499 4780 684 4835 facere
709 4779 892 4848 jussit.
953 4780 1197 4847 Septima
1236 4787 1416 4832 autem
1453 4779 1794 4847 inspectione
1831 4780 2072 4833 nubecu-

500 4870 606 4943 Ia_m
643 4871 935 4938 quamdam
987 4872 1141 4933 vidit,
1172 4872 1329 4940 quasi
1365 4871 1651 4940 vestigium
1707 4872 1830 4932 viri,
1871 4887 2068 4940 aquam

499 4963 882 5029 advehentem,
918 4981 948 5019 a
994 4980 1094 5034 qua
1163 4981 1491 5036 magnopere
1525 4976 1707 5031 aucta,
1751 4966 1948 5020 coelum
1982 4967 2079 5021 ob-

501 5055 725 5110 ductum
761 5070 864 5121 est,
895 5073 958 5111 ac
1003 5057 1294 5112 confestim
1333 5058 1516 5126 pluvia
1544 5057 1598 5112 in
1626 5067 1824 5112 terram
1856 5059 1974 5114 fusa
2009 5061 2074 5114 ⁸³.

502 5145 776 5203 Hactenus
801 5149 867 5202 de
895 5149 1009 5202 Elia
1047 5147 1328 5204 Thesbita.
1361 5151 1419 5202 ln
1448 5152 1640 5204 eodem
1673 5150 1812 5204 libro
1863 5151 2067 5221 Regum

501 5240 681 5294 Elisazi
715 5255 932 5309 quoque
961 5239 1177 5294 inﬂexio
1203 5241 1532 5296 continetur.
1571 5240 1708 5296 Nam
1738 5259 1861 5297 cum
1894 5243 2072 5297 Suna-

501 5330 709 5386 Initidis
754 5331 897 5386 lilius
941 5341 1244 5386 extremum
1303 5335 1424 5388 vitte
1473 5333 1721 5403 spiritum
1785 5335 2068 5400 edidisset,

503 5423 765 5492 propheta
797 5423 864 5476 de
909 5433 1092 5478 monte
1131 5425 1486 5487 descendens,
1524 5427 1805 5496 ingressus
1845 5428 2066 5480 domum

502 5514 697 5582 ipsius,
741 5518 792 5568 in
841 5516 1187 5570 cmnaculum
1239 5519 1506 5584 ascendit,
1545 5533 1610 5573 ac
1645 5534 1807 5588 super
1839 5534 2069 5588 puerum

577 5693 622 5724 ’⁸
657 5692 725 5747 Ill
777 5694 915 5762 iteg.
949 5709 1078 5757 xvn,
1111 5692 1200 5746 21.

1313 5694 1358 5725 ³⁹
1400 5691 1463 5746 111
1513 5691 1644 5762 Reg.
1679 5709 1806 5762 xviii
1841 5734 1856 5757 ,
1887 5693 2074 5748 ὅδὲ-38.

511 5774 638 5830 xxv,
671 5763 858 5816 31-59.

689 5897 715 5920 κ

972 5763 1018 5794 ³³
1063 5762 1230 5815 Exod.
1266 5777 1414 5826 xxtx,
1451 5764 1472 5814 1
1523 5761 1713 5832 seqq.;
1746 5761 1918 5817 Levit.
1957 5781 2068 5828 \lll,
2109 5765 2128 5816 ι
2163 5781 2316 5834 seqq.

2173 4597 2785 4655 uumerosclaudeutem
2805 4615 2870 4654 ac
2893 4599 3298 4655 terminantem.
3313 4599 3442 4655 Post
3459 4599 3746 4657 denarium

2171 4693 2316 4748 enim
2345 4707 2610 4748 numerus
2645 4692 2826 4746 nullus
2851 4704 2954 4756 est,
2979 4692 3072 4747 sed
3097 4691 3365 4746 revolutio
3401 4709 3414 4745 :
3448 4693 3748 4761 septenarii

2171 4798 2350 4843 autem
2408 4789 2743 4858 mysterium,
2802 4789 3026 4858 mystica
3079 4795 3163 4844 est
3214 4787 3386 4856 ipsius
3417 4787 3744 4855 speculatio.

2243 4880 2360 4934 Col.
2403 4881 2508 4934 454
2536 4881 2597 4935 C.
2631 4879 2771 4945 Quid
2806 4891 2983 4934 autem
3006 4880 3288 4950 longinqua
3327 4880 3516 4951 colligo
3540 4881 3564 4933 ?
3588 4879 3749 4934 Jesus

2175 4973 2306 5040 ipse,
2352 4980 2458 5026 etc.
2513 4971 2678 5038 Quid,
2732 4973 2928 5041 inquit,
2979 4972 3111 5026 mihi
3159 4984 3337 5028 vetera
3362 4981 3417 5027 ct
3457 4973 3748 5042 longinqua

2175 5078 2608 5118 commemorare
2654 5078 2791 5133 opus
2843 5065 2962 5120 est?
2994 5063 3112 5134 Ipse
3152 5063 3422 5128 Christus,
3475 5063 3566 5134 qui
3615 5080 3748 5132 pura

2176 5166 2229 5209 ct
2261 5171 2382 5208 vera
2435 5155 2695 5223 perfectio
2737 5166 2841 5221 est,
2904 5168 3090 5226 utpote
3142 5166 3286 5211 totus
3339 5154 3632 5225 perfectus,
3683 5174 3748 5212 ac

2178 5260 2283 5298 non
2343 5257 2402 5300 ut
2461 5247 2754 5313 supradicti
2805 5248 3038 5310 muneri,
3077 5248 3168 5318 qui
3211 5263 3273 5302 ex
3327 5257 3479 5317 parte
3536 5257 3744 5303 tantum

2178 5337 2402 5405 perfecti
2444 5337 2817 5402 nominantur,
2865 5355 2972 5393 non
3019 5341 3194 5394 solum
3242 5339 3483 5408 quinque
3516 5341 3750 5409 panibus

2178 5429 2417 5498 quinque
2448 5429 2725 5484 hominum
2773 5431 2940 5486 millia
2973 5431 3162 5497 nutrit,
3207 5432 3302 5486 sed
3336 5435 3496 5486 etiam
3539 5445 3746 5502 septem

2177 5531 2410 5592 quatuor
2460 5521 2646 5576 millia.
2712 5522 2779 5578 Et
2823 5521 3036 5592 quidem
3090 5538 3157 5577 ex
3214 5525 3458 5594 quinque
3517 5525 3751 5594 panibus

2181 5696 2226 5726 ⁸⁰
2253 5697 2611 5772 iliii.l._ti(_l-45_.
2713 5700 2756 5731 “
2794 5699 2862 5755 lV
2914 5701 3046 5772 Reg.
3082 5719 3154 5767 tv,
3207 5703 3398 5759 52-57.
3494 5706 3537 5738 ³²
3575 5705 3745 5768 Exod.

2395 5768 2437 5800 ³³
2475 5767 2643 5823 Levit.
2675 5785 2793 5836 xui,
2829 5787 2937 5826 xlv.
2995 5767 3057 5804 ’³⁵
3081 5773 3145 5828 lli
3171 5774 3301 5843 Reg.
3344 5791 3461 5842 vm,
3493 5777 3580 5841 65,
3601 5777 3688 5832 66.
