4116 6482
403 477 538 541 iiii)

1316 469 1638 532 NlCE'l‘AS
1682 469 1761 530 ΙΝ
1801 468 2027 530 ΟΡιΑΤ.
2071 468 2256 531 XLIV
2292 469 2352 527 S.
2396 468 2623 530 GREG.

3516 468 3652 531 1430

401 588 715 659 superfuere
759 586 1044 640 duodecim
1103 584 1347 654 eophini,
1402 591 1623 653 propter
1675 581 1972 652 apostolos,
2003 588 2202 644 Artem
2260 591 2313 636 et
2373 580 2676 635 doctrinam
2738 578 2960 634 habent.
3016 580 3090 634 Ac
3144 578 3439 649 spiritualis
3485 582 3649 636 etiam

403 691 453 731 ut
492 677 660 733 Judas
691 692 909 747 quoque
943 676 1061 745 ipse
1078 686 1269 729 'suum
1317 682 1556 744 gestaret
1591 689 1606 724 :
1641 688 1704 725 ex
1763 681 1971 742 septem

402 782 579 822 autem
632 769 885 837 panibus,
936 777 1136 835 sporta:
1169 777 1396 831 septem,
1448 772 1668 831 propter
1709 762 1975 818 honorem

403 858 715 925 septenarii.
749 855 895 911 .Sunt
947 864 1128 909 autem
1185 851 1474 923 allegorico
1521 865 1685 904 sensu
1734 850 1977 918 quinque

402 963 608 1016 panes,
661 947 926 1000 naturalis
984 945 1073 998 illa
1131 942 1198 996 de
1252 943 1359 995 Deo
1407 940 1691 1006 doctrina,
1741 954 1862 1008 qua:
1909 953 1971 992 ex

401 1039 645 1107 quinque
705 1038 959 1091 sensibus
1023 1033 1328 1087 innascitur
1385 1048 1399 1084 :
1466 1044 1571 1099 qua
1639 1030 1976 1092 nutriuntur,

402 1131 495 1199 qui
556 1128 860 1184 sensualem
897 1128 1162 1180 duntaxat
1209 1124 1373 1177 vitam
1429 1131 1618 1192 agunt,
1652 1135 1751 1183 nec
1779 1121 1978 1174 mentis

403 1223 504 1276 a'is
537 1222 603 1274 ad
639 1220 1009 1275 sublimiorem
1040 1217 1464 1287 speculationem
1519 1214 1674 1268 evehi
1727 1220 1976 1282 possunt.

407 1309 559 1365 Unde
605 1310 768 1364 etiam
827 1322 921 1377 per
978 1306 1310 1362 hordeareos
1344 1316 1513 1371 panes
1545 1299 1675 1353 illud
1704 1297 1978 1368 significa-

405 1413 512 1464 tur,
573 1402 712 1454 hanc
785 1399 1089 1452 doctrinam
1162 1403 1468 1465 promptam
1533 1400 1700 1459 atque
1758 1389 1975 1443 obviam

404 1510 570 1556 esse,
620 1492 1036 1557 naturalemque
1100 1485 1529 1557 speculationem
1608 1481 1978 1551 imperfectam

405 1589 607 1641 habere
682 1604 696 1639 :
764 1582 1206 1653 quandoquidem
1295 1594 1396 1635 nec
1467 1576 1768 1632 hordeaceo
1844 1589 1981 1644 pane

406 1677 704 1745 quidquam
761 1683 845 1728 est
889 1673 1072 1727 vilius.
1108 1671 1262 1739 Quod
1293 1681 1474 1725 autem
1504 1684 1628 1723 cum
1664 1666 1981 1721 mulieribus

404 1778 453 1819 et
488 1765 675 1836 pueris
728 1764 1046 1827 comedunt,
1104 1761 1155 1815 id
1210 1760 1503 1831 significat,
1533 1773 1628 1813 eos
1668 1772 1698 1811 a
1732 1755 1981 1824 volupta-

405 1866 519 1912 tum
577 1855 971 1924 cupiditatibus
1033 1865 1197 1922 atque
1253 1849 1569 1921 imperfecta
1623 1848 1848 1902 rationis
1896 1847 1974 1899 itt-

409 1948 577 2003 fantia
650 1961 759 2001 non
832 1946 991 2016 plane
1061 1945 1263 2000 liberos
1330 1954 1494 2013 atque
1553 1942 1764 1996 alienos
1839 1954 1981 1994 esse.
2017 1944 2058 1999 Β

409 2042 655 2110 Denique
685 2040 904 2108 cephini
935 2036 1248 2103 duodecim,
1280 2036 1375 2105 qui
1407 2034 1756 2089 multitudine
1790 2032 1987 2087 satiata

409 2144 726 2201 supersunt,
780 2131 1080 2186 naturalem
1131 2138 1186 2184 et
1233 2127 1493 2182 moralem
1536 2135 1591 2181 et
1625 2124 1985 2193 theol0gicam

406 2225 713 2280 doctrinam
794 2220 1128 2291 significant.
1186 2217 1281 2273 Ηω
1337 2216 1485 2272 enim
1545 2213 1936 2285 superfuerunt
1969 2251 1986 2279 ,

407 2319 537 2386 quia
591 2314 796 2369 nullam
859 2315 1050 2366 harum
1112 2310 1424 2374 subierunt,
1485 2309 1588 2362 hoc
1638 2316 1742 2371 est,
1798 2320 1990 2376 pervo-

411 2407 630 2459 luerunt
660 2410 755 2457 aut
790 2401 1210 2461 intellexerunt,
1255 2398 1516 2453 nimirum
1546 2412 1610 2450 ex
1644 2396 1775 2450 solis
1814 2394 1992 2450 sensi-

411 2498 537 2561 bus,
567 2496 712 2550 velut
744 2493 916 2550 crassi
946 2502 1001 2547 et
1032 2492 1248 2561 stupide
1302 2490 1577 2545 Creatoris
1626 2488 1990 2557 cegnitionem

413 2588 673 2642 assecuti.
707 2586 861 2653 Quod
893 2585 938 2638 si
974 2583 1089 2654 (28)
1116 2580 1569 2651 ὑπερὸεὸήκασιν
1605 2582 1772 2648 legas,
1803 2578 1857 2632 id
1887 2588 1990 2644 est,

414 2687 742 2746 superarunt
802 2685 966 2745 atque
1025 2673 1350 2744 supergressi
1416 2681 1580 2731 sunt,
1643 2685 1753 2725 non
1810 2677 1990 2723 autem

414 2770 853 2838 ὐποδεόήκασιν,
897 2767 950 2822 id
985 2775 1070 2822 est
1120 2767 1415 2828 subierunt,
1468 2766 1548 2818 sic
1584 2763 1686 2817 erit
1719 2762 1994 2831 accipien-

412 2865 542 2919 dum
567 2881 582 2917 :
610 2862 761 2917 Licet
788 2861 1088 2916 secundum
1113 2873 1309 2915 sensus
1338 2857 1716 2927 praescriptum
1748 2853 1996 2908 viverent

413 2954 648 3024 quinarii
692 2954 768 3007 illi
804 2951 1158 3023 (μοναδικοὺς
1201 2951 1345 3005 enim
1390 2948 1569 3018 vocat)
1623 2957 1995 3014 sensuumque

415 3062 582 3116 opera
648 3055 703 3102 et
769 3045 1086 3115 adjutnento
1148 3042 1515 3113 cognitionem
1583 3040 1676 3095 Dei
1742 3038 1992 3109 expisca-

419 3150 609 3195 rentur
642 3178 658 3204 ,
724 3149 900 3194 tamen
940 3137 995 3191 iu
1027 3152 1094 3191 eo
1141 3136 1539 3197 redundarunt,
1574 3130 1717 3202 quod
1754 3145 1856 3185 nec
1896 3144 1996 3185 na-

419 3230 648 3285 turalem
677 3271 692 3296 ,
748 3245 848 3284 nec
899 3229 1184 3291 moralem,
1223 3240 1321 3280 nec
1379 3225 1739 3294 theologicam
1789 3222 1994 3279 doctri-

420 3335 550 3377 nam
597 3293 976 3386 trattsilierint,
1024 3318 1079 3372 id
1129 3324 1236 3382 est,
1295 3318 1515 3371 missam
1560 3293 1808 3369 fecerint.
1854 3293 2063 3368 Νειωο

419 3416 509 3472 his
566 3416 657 3485 qui
706 3430 801 3483 per
849 3412 1158 3467 naturalem
1215 3409 1647 3481 speculationem
1692 3407 1761 3462 ad
1809 3406 1993 3476 inqui-

419 3508 644 3563 rendam
693 3505 788 3559 Dei
838 3504 1208 3575 cognitionem
1247 3511 1556 3565 nmventur,
1603 3500 1700 3555 Dei
1754 3499 1994 3556 Verbum

422 3598 734 3670 spirituales
796 3606 1007 3652 naturae
1064 3610 1230 3666 panes
1285 3592 1574 3664 frangens,
1637 3607 1855 3647 omnem
1908 3591 1998 3645 bo-

420 3706 614 3746 norum
657 3688 986 3744 afﬂuentiam
1034 3686 1447 3753 satietatemque
1496 3683 1766 3753 largitur:
1807 3698 2000 3752 quem-

422 3788 719 3845 admodum
785 3786 1031 3843 indicant
1103 3784 1393 3841 duodecim
1454 3782 1720 3853 cophiui,
1772 3796 1840 3834 ex
1910 3779 1996 3836 bis

422 3898 548 3953 quae
596 3879 981 3952 superfuerant
1057 3878 1295 3935 collecti.
1355 3876 1436 3955 Δρ
1486 3875 1724 3930 ternaria
1777 3874 1995 3945 quidem

419 3984 507 4033 est
552 3976 855 4047 theologica
907 3974 1199 4038 doctrina,
1259 3978 1482 4042 propter
1527 3979 1769 4025 sanctam
1830 3967 1996 4021 unius

422 4069 722 4124 divinitatis
792 4066 1138 4122 Trinitatem.
1206 4062 1555 4133 Quadruplex
1614 4070 1793 4116 autem
1875 4073 1995 4114 mo-

425 4160 600 4225 ralis,
661 4154 881 4230 pr0pter
938 4164 1179 4227 quatuor
1247 4155 1538 4225 primarias
1601 4161 1656 4206 et
1720 4149 1997 4221 generales

428 4255 704 4320 virtutes;
755 4250 1100 4322 prudentiam
1136 4285 1151 4312 ,
1206 4246 1577 4302 fortitudinem
1605 4283 1621 4309 ,
1683 4253 1996 4313 temperan-

422 4345 554 4399 tiam
616 4353 669 4398 et
720 4343 1038 4413 justitiam;
1104 4338 1359 4411 qttinaria
1433 4345 1616 4392 autem
1688 4335 1993 4399 naturalis,

424 4445 644 4505 propter
716 4434 1041 4501 materiam,
1092 4447 1213 4502 quae
1276 4446 1342 4486 ex
1401 4438 1636 4500 quatuor
1714 4427 1998 4483 elementis

423 4527 654 4584 Conflata
732 4527 964 4582 fortnam
1047 4526 1297 4594 quintam
1393 4523 1703 4592 adjunctam
1806 4521 1993 4575 habet.

2077 688 2265 728 eorum
2318 673 2491 735 cibus,
2550 680 2755 742 septem
2812 687 2981 742 panes
3028 681 3178 737 Strat,
3239 682 3458 743 propter
3496 674 3650 743 pnri-
3708 688 3709 693 ‘

2048 762 2248 820 'tatem
2308 775 2364 820 ct
2420 765 2704 836 mysticam
2772 764 2878 819 vim
2935 762 3099 834 hujus
3175 765 3409 818 numeri.
3469 764 3647 834 Septe-

2081 856 2269 911 narius
2303 855 2448 937 enim
2479 863 2665 910 castus
2710 862 2791 909 est
2837 862 2890 908 et
2935 854 3108 923 virgo.
3162 854 3341 924 Atque
3370 853 3420 908 id
3460 849 3652 932 etiam,

2078 946 2225 1017 quod
2279 946 2528 1002 convivio
2585 956 2853 1016 superest,
2913 961 3106 1015 purum
3161 956 3216 1001 et
3269 946 3647 1017 incorruptum

2079 1054 2201 1095 esse
2228 1054 2325 1107 per
2365 1039 2736 1108 septenarium
2764 1037 3105 1110 designatur.
3145 1037 3470 1108 llujusmodi
3502 1040 3648 1095 enim

2081 1140 2210 1185 sunt
2268 1131 2468 1185 divinas
2535 1139 2591 1185 et
2665 1146 2882 1206 arcanae
2954 1146 3018 1186 ac
3078 1132 3396 1202 spirituales
3461 1148 3642 1202 specu-

2081 1222 2333 1277 lationes.
2388 1221 2526 1276 Nam
2586 1233 2792 1291 septem
2864 1237 3083 1292 quoque
3157 1231 3282 1276 sunt
3341 1222 3656 1291 spirituales

2080 1313 2287 1379 gratiae.
2358 1310 2626 1379 Quocirca
2715 1312 2809 1382 qui
2876 1314 2928 1366 in
3004 1312 3202 1382 triplici
3267 1312 3656 1383 philosophia,

2083 1403 2239 1472 quasi
2286 1402 2464 1458 tribus
2512 1403 2741 1467 diebus,
2799 1411 3116 1456 constanter
3175 1404 3523 1471 persistunt,
3578 1402 3656 1457 illi

2082 1496 2323 1561 demum,
2367 1502 2421 1548 ct
2460 1494 2716 1560 naturali,
2758 1504 2811 1550 et
2863 1494 3087 1563 scripta,
3127 1505 3179 1549 et
3210 1495 3439 1564 spiritali
3474 1495 3591 1565 lege
3624 1510 3654 1548 a

2082 1588 2267 1642 divino
2331 1584 2509 1642 Verbo
2537 1589 2875 1642 nutriuntur.
2929 1585 3004 1642 Ea
3063 1601 3227 1656 porro
3292 1589 3499 1642 ratione
3547 1587 3656 1656 pri-

2083 1695 2231 1733 mum
2285 1681 2527 1750 qttinq'te
2611 1679 2781 1734 millia
2852 1689 3204 1750 pascuntur,
3272 1679 3531 1750 quoniam
3602 1679 3656 1733 itt

2082 1787 2341 1827 sensuum
2389 1787 2578 1827 curam
2631 1772 2784 1842 prius
2840 1771 3263 1826 incumbendum
3317 1781 3442 1836 est,
3494 1783 3658 1841 atque

2083 1865 2158 1919 ita
2203 1864 2270 1919 ad
2305 1864 2643 1935 perfectiora
2695 1865 3170 1936 progrediendum.
3221 1862 3341 1919 Jam
3403 1879 3532 1920 vero
3573 1879 3658 1920 eo-

2088 1957 2260 2027 phini,
2295 1959 2387 2028 qtti
2427 1973 2491 2014 ex
2525 1958 2697 2013 textili
2730 1958 2981 2021 materia,
3030 1957 3134 2013 hoc
3174 1965 3283 2025 est,
3330 1973 3395 2012 ex
3443 1957 3659 2013 vimini-

2093 2049 2196 2102 bus
2252 2048 2381 2102 texti
2442 2055 2593 2113 sunt,
2641 2048 2973 2104 laboriosam
3024 2058 3078 2103 et
3129 2063 3493 2103 aerumnosam
3541 2063 3658 2102 eam

2090 2140 2253 2195 vitam
2311 2140 2620 2213 designant,
2672 2157 2794 2213 quae
2853 2143 2906 2197 in
2964 2145 3183 2199 actione
3227 2154 3500 2209 versatur,
3553 2160 3658 2214 qua

2090 2247 2228 2302 opus
2265 2232 2469 2288 habent
2494 2278 2506 2297 ,
2545 2232 2636 2304 qui
2669 2233 2902 2303 alicujus
2936 2235 3250 2305 magisterio
3279 2246 3331 2289 et
3374 2235 3659 2304 disciplina

2092 2331 2375 2393 reguntur.
2424 2322 2633 2391 Sparta:
2672 2332 2874 2391 autem,
2911 2340 3036 2394 quae
3065 2339 3127 2379 ex
3161 2326 3463 2390 palmarum
3496 2327 3661 2379 ramis

2095 2413 2273 2480 fitmt,
2332 2411 2615 2467 victoriam
2679 2428 2800 2468 eam
2860 2413 3203 2484 significant,
3271 2429 3432 2484 quam
3490 2413 3662 2484 perfe-

2094 2506 2295 2560 criores
2343 2505 2631 2567 homines,
2697 2505 3025 2560 turbulentis
3080 2506 3250 2560 animi
3301 2507 3538 2563 motibus
3570 2507 3651 2562 do-

2092 2596 2245 2651 mitis
2294 2605 2347 2650 ct
2399 2597 2746 2667 expugnatis,
2797 2606 3251 2667 consequuntur.
3294 2598 3434 2652 Nam
3487 2598 3539 2652 in
3587 2599 3658 2653 vi-

2093 2688 2279 2743 ctoria:
2315 2688 2532 2758 signum
2562 2687 2876 2757 huiusmodi
2914 2702 3099 2743 ramus
3128 2689 3302 2758 accipi
3339 2690 3499 2747 solet.
3552 2688 3663 2747 Nec

2092 2795 2223 2834 vero
2254 2780 2553 2850 quidquam
2604 2779 2800 2834 horum
2842 2778 3233 2835 miraculorum
3285 2790 3507 2847 temere,
3562 2783 3663 2839 hoc

2093 2882 2216 2934 est,
2284 2872 2402 2926 sine
2460 2886 2627 2927 causa
2693 2872 2957 2927 edebatur
3036 2870 3180 2945 (hoc
3243 2873 3388 2927 enim
3471 2874 3664 2944 spiritu

2096 2966 2374 3037 in'tliguum
2424 2963 2549 3036 est)
2607 2981 2796 3020 verum
2857 2966 3000 3021 haud
3058 2966 3222 3021 dubie
3269 2966 3660 3022 miraculorum

2093 3057 2376 3114 diversitas
2410 3098 2424 3124 ,
2486 3073 2550 3114 ac
2599 3060 2829 3114 diversae
2887 3058 3096 3114 satiata:
3144 3059 3316 3129 plebis
3373 3058 3661 3129 reliquias,

2096 3147 2293 3216 optima
2349 3148 2585 3218 quadam
2644 3147 2858 3203 ratione
2904 3157 2957 3202 et
3006 3148 3233 3219 mystica
3263 3148 3662 3217 speculatione,

2097 3252 2127 3292 a
2179 3237 2396 3293 Domini
2458 3238 2738 3293 divinitate
2812 3253 3155 3308 nequaquam
3216 3239 3435 3304 aliena,
3490 3240 3664 3294 conti-

2097 3338 2308 3402 gerunt.
2360 3330 2501 3397 Quin
2551 3342 2607 3384 tu
2673 3345 2891 3400 quoque
2944 3330 3143 3385 multos
3201 3345 3458 3385 numeros
3513 3332 3665 3387 inve-

2098 3424 2240 3489 nies,
2278 3424 2370 3494 qui
2417 3422 2748 3494 profundius
2781 3422 2981 3491 aliquid
3025 3423 3278 3488 habeant,
3322 3439 3486 3495 quam
3520 3430 3666 3494 quod

2100 3518 2274 3587 prima
2345 3516 2523 3571 fronte
2585 3519 2902 3580 ostendunt,
2954 3516 3005 3570 id
3051 3525 3157 3580 est,
3208 3515 3354 3571 aliud
3410 3516 3668 3588 quiddam

2100 3607 2500 3679 significantes,
2536 3615 2732 3678 praeter
2762 3605 2841 3677 id,
2871 3606 3014 3678 quod
3059 3608 3236 3676 primo
3266 3608 3447 3663 statim
3473 3608 3669 3664 obtutu

2100 3701 2363 3764 cernitur,
2418 3694 2582 3768 atque
2627 3697 2922 3768 unicuique
2965 3698 3187 3752 obvium
3233 3708 3337 3753 est.
3386 3696 3500 3755 lloe
3546 3702 3670 3770 qui-

2097 3794 2221 3848 dem
2273 3791 2562 3847 dieendum
2614 3797 2718 3859 est,
2756 3790 2903 3860 quod
2943 3790 3196 3859 praesenti
3251 3791 3504 3846 instituto
3536 3807 3670 3847 con-

2098 3883 2286 3949 venit,
2359 3895 2555 3951 nempe
2620 3881 2766 3952 quod
2829 3888 3048 3951 propter
3102 3882 3352 3952 superius
3425 3897 3670 3939 comme-

2098 3981 2337 4029 moratas
2380 3972 2447 4027 de
2496 3972 2984 4042 quinquagenaria,
3033 3973 3117 4027 vel
3166 3974 3330 4027 etiam
3366 3975 3670 4043 septenario

2100 4079 2370 4129 numero,
2426 4064 2707 4128 rationes,
2758 4070 2852 4116 aut
2917 4072 3139 4133 propter
3209 4064 3347 4120 alias
3403 4065 3670 4136 quasdam

2101 4158 2184 4211 his
2235 4155 2528 4210 admodum
2595 4154 2950 4224 propinquas,
2999 4163 3094 4208 aut
3147 4165 3366 4225 propter
3436 4156 3669 4210 nonnul-

2102 4249 2181 4305 las
2230 4248 2523 4303 diviniores
2560 4260 2757 4302 causas
2814 4256 2976 4315 atque
3026 4245 3133 4315 his,
3169 4261 3306 4316 quas
3339 4247 3671 4307 adduximus

2100 4340 2491 4395 reconditiores
2521 4338 2808 4410 magisque
2845 4337 3124 4408 mysticas,
3154 4337 3670 4409 quinquagesimum

2101 4434 2243 4489 diem
2316 4431 2665 4489 Hebraeorum
2743 4444 2895 4487 more
2976 4429 3228 4488 colimus.
3287 4432 3425 4486 lllnd
3489 4444 3667 4494 tamen

2102 4521 2349 4590 interest,
2396 4521 2546 4593 quod
2599 4522 2679 4577 illi
2730 4529 2951 4593 propter
2984 4523 3351 4595 septenarium
3385 4542 3673 4583 numerum

424 4619 611 4688 Neque
657 4623 801 4671 enim
853 4616 996 4671 aliud
1057 4615 1358 4686 quidquam
1399 4622 1484 4668 est
1526 4620 1722 4666 natura
1775 4611 1829 4665 in
1870 4626 1994 4666 seu-
2022 4628 2076 4689 D
2105 4616 2252 4671 hunc
2296 4617 2438 4671 diem
2484 4615 2537 4670 ίη
2594 4614 2770 4686 pretio
2805 4615 3010 4671 hame
3038 4661 3052 4682 ν
3099 4631 3200 4673 nos
3245 4628 3425 4673 autem
3454 4629 3673 4690 propter

426 4725 548 4765 sum
604 4708 845 4773 cadens,
902 4721 1067 4777 quam
1129 4705 1354 4760 materia
1414 4701 1590 4757 forma
1672 4703 1995 4755 convestita.

427 4800 506 4851 Ac
535 4798 670 4852 tales
717 4796 938 4866 quidem
982 4804 1109 4850 sunt
1153 4807 1343 4850 eorum
1391 4792 1596 4863 epulae,
1647 4792 1739 4860 qui
1789 4791 1998 4860 simpli-

426 4889 563 4944 citer
614 4889 682 4943 ad
736 4888 906 4942 Deum
974 4888 1252 4951 tendunt,
1302 4900 1401 4940 nec
1466 4884 1535 4938 ab
1593 4882 1890 4937 inveterata
1947 4892 2003 4937 et

426 4983 485 5036 in
538 4982 784 5036 habitum
827 4980 1089 5051 perducta
1143 4978 1311 5033 animi
1367 4976 1651 5031 affectione
1702 4990 1828 5045 erga
1879 4989 2000 5029 eam

427 5074 625 5149 anima:
674 5081 883 5142 partem
912 5110 928 5136 ,
992 5086 1115 5142 quas
1168 5069 1673 5141 perturbationibus
1723 5069 1997 5139 agitatur,

320 5156 331 5163 ’
425 5172 591 5234 atque
619 5178 650 5218 a
681 5164 893 5218 ratione
924 5177 1117 5217 aversa
1145 5173 1248 5227 est,
1291 5160 1451 5232 plene
1495 5159 1674 5213 adhuc
1711 5157 1999 5228 expurgati

426 5266 573 5313 sunt.
611 5259 691 5311 Ac
734 5255 1123 5326 perfectiorum
1167 5253 1343 5324 epulae
1385 5252 1559 5307 multo
1587 5252 2000 5320 praestantiores

425 5360 481 5406 et
540 5350 889 5406 sublimiores
946 5359 1134 5404 sunt:
1190 5362 1317 5402 nam
1371 5346 1428 5400 hi
1491 5359 1709 5415 quoque
1764 5351 2002 5414 quatuor

428 5443 578 5498 mille
636 5453 807 5508 sunt,
872 5452 986 5497 tum
1041 5441 1171 5512 quia
1230 5440 1520 5509 pauciores
1578 5447 1708 5493 sunt
1755 5437 2000 5506 quinque

430 5534 714 5598 millibus,
784 5534 916 5589 mali
964 5535 1111 5589 enim
1172 5546 1401 5586 numero
1459 5530 1769 5599 superiores
1828 5537 2000 5595 sunt;

429 5636 544 5681 tum
581 5626 710 5696 quia
749 5625 1103 5696 perfectionis
1157 5622 1492 5695 generalium
1540 5623 1801 5678 virtutum
1835 5622 2001 5675 ratio.

2104 4706 2347 4776 Spiritus
2374 4706 2685 4762 adventum.
2715 4706 3184 4772 Quemadmodum
3217 4716 3269 4761 et
3292 4707 3394 4761 alia
3424 4710 3671 4779 quaedam

2103 4808 2234 4851 sunt
2290 4797 2344 4850 in
2399 4798 2519 4867 lege
2565 4794 2856 4860 Hebraica,
2914 4810 3036 4863 quae
3084 4798 3229 4868 apud
3288 4799 3410 4856 illos
3455 4800 3672 4872 quidem

2103 4902 2198 4957 per
2258 4888 2481 4958 figuram
2544 4894 2599 4941 et
2661 4886 3134 4943 adumbrationem
3203 4900 3552 4961 peraguntur
3609 4907 3673 4948 ac

2102 4978 2471 5043 celebrantur,
2522 4991 2553 5030 a
2602 4977 2763 5041 nobis
2793 4987 2973 5033 autem
3010 4978 3233 5048 mystice
3263 4988 3317 5035 et
3349 4995 3476 5037 vere
3508 4982 3699 5053 restiol

2109 5077 2337 5125 tuuntur
2369 5085 2434 5125 ac
2461 5069 2837 5140 perficiuntur.
2872 5060 3002 5137 'Quo
3035 5072 3089 5125 in
3117 5087 3312 5143 genere
3340 5082 3426 5129 est
3455 5073 3671 5132 illorum

2108 5164 2480 5229 circumcisio,
2524 5172 2577 5219 et
2606 5173 2791 5220 noster
2818 5163 3153 5234 baptismus;
3189 5165 3406 5221 illorum
3443 5166 3675 5236 Pascha,

2111 5271 2283 5327 agnus
2328 5255 2607 5312 sensibilis
2639 5296 2655 5322 ,
2696 5266 2943 5312 nostrum
2991 5253 3228 5325 Pascha,
3279 5257 3566 5326 Christus;
3608 5279 3674 5318 ac

2110 5352 2370 5421 pleraque
2415 5350 2541 5415 alia,
2574 5365 2697 5421 qua:
2749 5367 2898 5406 nunc
2930 5351 3203 5422 sigillatim
3246 5368 3527 5409 recensere
3567 5370 3676 5410 non

2109 5439 2265 5495 facile
2294 5440 2476 5496 fuerit.

2180 5531 2296 5586 Col.
2324 5531 2429 5585 455
2461 5537 2525 5586 Α.
2553 5532 2718 5603 Atque
2739 5533 2848 5587 hwc
2877 5533 2940 5588 de
2964 5532 3051 5589 die
3077 5535 3225 5589 nobis
3242 5535 3385 5588 dicta
3409 5537 3538 5604 sint,
3573 5548 3678 5592 etc.

2110 5625 2189 5678 Ac
2216 5624 2512 5694 disputatio
2546 5636 2731 5680 nostra
2766 5626 2833 5681 de
2866 5627 2954 5682 dic
2988 5626 3077 5682 hic
3107 5626 3270 5680 tinem
3305 5626 3504 5683 habeat
3534 5647 3547 5682 :
3582 5646 3679 5686 nos

496 5805 610 5877 (ἓξ)
651 5801 775 5858 Hatc
803 5803 1006 5877 omnia,
1041 5810 1102 5855 ut
1126 5802 1178 5877 i_n
1213 5799 1748 5877 Reginarexemplari
1819 5799 2110 5867 habentur,
2146 5801 2548 5859 transtulimus.
2583 5801 2641 5857 In
2708 5818 2828 5860 meo
2895 5812 3073 5860 tamett
3103 5801 3288 5859 Niceta
3361 5821 3469 5860 non
3500 5807 3678 5877 legun-

426 5869 535 5941 ιυιί.
564 5875 626 5928 Et
656 5886 803 5928 certe
834 5874 902 5927 ab
924 5872 1110 5940 aliquo
1143 5872 1346 5924 inserta
1372 5869 1541 5928 fuisse
1573 5870 1844 5940 suspicor.

746 5968 1015 6029 ΡΔτιιοι..
1048 5970 1092 6030 G
1107 5988 1165 6027 tt.
1204 5968 1496 6031 CXXVII.

3286 5966 3360 6029 liii
