4116 6444
472 429 606 495 1451

1878 419 2252 481 ADDENDA.

3587 417 3723 483 i432

475 554 656 596 autem
700 555 761 593 ea
816 552 936 605 qum
970 534 1225 604 deinceps
1276 536 1601 602 sequuntur,
1634 528 1883 597 ﬁdicendo
1922 545 2044 598 per-
2075 536 2120 591 Α
2149 529 2415 599 abiecisse
2450 548 2462 583 :
2498 530 2644 601 quod
2682 531 2799 585 ﬁeri
2835 547 2940 586 non
2980 545 3143 601 posse
3188 529 3454 593 dicerent.
3488 541 3548 586 ut
3578 535 3724 603 quod

475 645 791 702 sequamur.
853 626 907 680 Id
957 634 1159 691 autem,
1217 623 1362 694 quod
1405 622 1757 694 sequebatur,
1805 631 1863 678 et
1905 621 2048 676 unde

477 741 572 795 per
646 718 1039 790 digressionem
1097 731 1161 772 eo
1221 716 1626 784 processimus,
1695 725 1755 770 ut
1816 714 1883 770 de
1939 714 2047 769 diei

476 815 689 868 ratione
734 812 897 865 verba
945 808 1274 873 faceremus,
1330 809 1432 862 hoc
1464 817 1602 872 erat,
1650 822 1844 878 nempe
1886 807 2045 877 spiri-

477 905 696 959 tualiter
760 901 916 956 nobis
973 900 1171 955 festum
1228 914 1350 954 esse
1402 899 1807 954 celebrandum.
1853 899 1934 953 Ad
1984 914 2047 954 ea

478 996 642 1065 igitur
686 991 1144 1048 accommodanda
1193 1000 1344 1055 sunt,
1408 1005 1530 1060 quae
1579 990 1631 1044 in
1683 992 1968 1060 praesentia
2016 1007 2046 1044 a

481 1087 638 1142 nobis
665 1086 943 1149 dicentur;
993 1097 1156 1152 atque
1208 1082 1282 1137 ita
1330 1081 1734 1152 quodammodo
1775 1083 2046 1154 agendum

478 1188 581 1232 cst.
648 1177 1004 1231 Pentecosten
1085 1175 1473 1240 celebramus,
1550 1189 1656 1229 non
1727 1174 2049 1245 simpliciter

479 1285 803 1333 numerum,
864 1268 958 1322 sed
1016 1266 1252 1336 Spiritus
1310 1266 1473 1320 etiam
1526 1266 1865 1330 adventum,
1922 1282 2047 1319 nam

477 1374 591 1416 tum
653 1362 744 1416 ille
799 1360 867 1414 ad
922 1357 1220 1427 discipulos
1274 1357 1546 1424 accessit;
1600 1368 1760 1427 atque
1801 1358 1892 1413 hic
1931 1358 2048 1413 dies

478 1464 619 1518 erat,
669 1468 827 1521 quem
877 1450 1134 1506 Christus
1188 1450 1565 1520 pollicitationi
1610 1465 1725 1507 sua
1772 1450 2050 1521 explenda:

477 1545 843 1613 praestituerat
869 1585 883 1608 ,
936 1557 1060 1596 cum
1104 1542 1364 1611 apostolis
1410 1542 1615 1597 diceret
1659 1559 1673 1596 :
1732 1542 1827 1597 Vos
1871 1552 2047 1596 autem

478 1630 881 1696 baptizabimini
926 1631 977 1683 in
1036 1628 1246 1699 Spiritu
1272 1639 1455 1684 sancto
1490 1647 1593 1684 non
1641 1632 1822 1685 multis
1862 1632 2050 1685 abhinc

477 1722 660 1773 diebus
693 1720 759 1773 “.
815 1718 1027 1773 Etenim
1086 1718 1406 1789 pollicitatio
1459 1720 1677 1789 quidem
1724 1721 1776 1775 in
1828 1736 1895 1775 eo
1944 1722 2053 1775 sita

477 1823 619 1880 erat,
649 1813 791 1883 quod
831 1811 964 1881 ipsis
1012 1811 1189 1867 sancti
1237 1810 1474 1880 Spiritus
1509 1810 1805 1867 adventum
1839 1810 2050 1880 prorni-

480 1912 626 1959 serat
685 1920 699 1957 :
761 1902 1029 1958 terminus
1084 1912 1263 1956 autem
1335 1909 1453 1956 erat
1513 1901 1772 1970 temporis
1825 1915 1890 1955 ac
1948 1900 2048 1955 loci

481 1994 783 2050 declaratio
815 2010 830 2048 :
867 1992 1049 2048 Sedete
1086 1994 1255 2058 enim,
1293 1994 1486 2064 inquit,
1542 1994 1596 2045 in
1639 1992 1850 2046 civitate
1897 1990 2053 2045 Jeru-

476 2086 661 2151 salem,
690 2100 955 2154 quousque
1004 2084 1304 2139 induamini
1361 2085 1552 2138 virtute
1587 2098 1651 2135 ea:
1681 2082 1792 2137 alta
1825 2082 1890 2137 ³⁷.
1933 2082 2052 2137 .lam

478 2179 672 2233 horum
709 2177 1071 2247 exspectatio,
1119 2178 1234 2248 spei
1285 2189 1424 2244 erat,
1465 2193 1630 2249 quam
1670 2186 1899 2233 eventus
1931 2185 2054 2230 tan-

470 2269 601 2324 dem
649 2269 907 2338 explevit.
967 2270 1066 2329 Ac,
1130 2269 1272 2322 Deus
1300 2269 1464 2337 bone,
1500 2279 1767 2340 quantum
1811 2276 1896 2324 est
1947 2268 2052 2321 hoc

478 2361 824 2431 mysterium.
888 2360 1067 2428 Illud,
1136 2370 1440 2430 quantum,
1502 2375 1625 2415 cum
1690 2358 2055 2415 admiratione

479 2451 819 2507 efferendum
856 2460 960 2514 est,
989 2451 1152 2521 idque
1189 2465 1254 2505 ex
1301 2465 1367 2504 eo
1412 2451 1603 2521 liquet,
1649 2451 1793 2522 quod
1822 2450 2055 2518 subiun-

478 2544 625 2616 gitur
659 2563 672 2599 :
707 2543 883 2609 Quam
922 2556 1180 2612 magnum
1222 2551 1278 2595 et
1312 2540 1710 2595 venerandum.
1752 2540 1889 2595 Nam
1927 2554 2049 2593 cum

476 2635 591 2703 ait,
664 2642 968 2705 quantum,
1042 2631 1167 2688 l'esti
1244 2632 1673 2703 magnitudinem
1732 2640 1785 2686 et
1838 2630 2055 2701 quanti-

477 2735 644 2783 tatem
688 2726 938 2797 requirit.
995 2723 1164 2796 ldque
1207 2723 1486 2794 explicans
1541 2721 1854 2793 Theologus
1920 2724 2048 2777 ait:

477 2818 649 2885 Quam
704 2829 980 2885 magnum,
1037 2814 1141 2869 hoc
1192 2821 1313 2879 est,
1365 2811 1523 2868 valde
1574 2827 1854 2883 magnum.
1917 2811 2050 2866 Cum

478 2916 659 2964 autem
712 2906 941 2962 dixisset
983 2923 998 2960 :
1056 2902 1331 2976 Corporea
1373 2902 1581 2960 Christi
1611 2903 1775 2958 finem
1826 2904 2048 2969 habent,

476 3013 765 3053 commune
832 2997 1107 3068 quoddam
1182 3010 1383 3051 nomen
1449 3010 1508 3051 se
1574 2996 1853 3064 accepisse
1918 3010 2049 3050 sen-

477 3091 640 3157 tiens,
694 3091 841 3160 quod
892 3105 1000 3144 non
1065 3088 1226 3144 modo
1266 3103 1330 3143 ea
1368 3101 1493 3159 quae
1528 3101 1848 3158 corpoream
1882 3086 2050 3156 ipsius

473 3185 819 3254 praesentiam
888 3192 944 3237 et
1013 3180 1470 3237 consuetudinem
1545 3193 1671 3235 cum
1738 3179 2052 3233 hominibus

2153 622 2509 690 quantitatem
2567 631 2622 676 et
2673 622 2991 691 qualitatem
3058 621 3403 692 lormamque
3455 620 3724 692 haberet,

2155 727 2278 767 cum
2339 728 2405 767 eo
2461 712 2829 783 iungeretur,
2893 712 3040 784 quod
3105 714 3191 769 bis
3243 712 3508 769 omnibus
3562 713 3728 771 rebus

2155 815 2399 870 careret;
2438 804 2750 874 huiusmodi
2786 805 2981 875 dogma
3007 805 3225 869 evertit,
3254 804 3444 859 dicens
3474 821 3489 858 :
3524 802 3731 861 Vereor

2155 896 2300 951 enim
2349 895 2570 960 dicere,
2628 897 2990 973 proprietates
3033 896 3286 964 corpOris
3329 894 3629 951 deﬂuxisse
3666 911 3732 951 ac
3828 959 3836 968 ι

2157 988 2395 1057 dtlapsas
2444 1002 2589 1043 esse.
2644 986 2738 1042 llis
2793 989 2939 1042 enim
2995 987 3230 1042 sublatis
3286 987 3468 1056 ipsum
3509 1003 3731 1058 quoque

2158 1079 2323 1135 simul
2377 1078 2588 1132 tollitur
2636 1090 2689 1133 et
2750 1080 3049 1139 evanescit.
3102 1087 3289 1147 utpote
3332 1093 3363 1132 a
3419 1094 3532 1146 quo
3580 1080 3730 1132 nullo

2159 1172 2318 1224 modo
2349 1169 2617 1239 separari,
2645 1184 2711 1224 ac
2753 1185 2823 1224 ne
2870 1170 3203 1240 cogitatione
3235 1169 3457 1239 quidem
3500 1170 3730 1225 distrahi

2158 1261 2391 1331 possint.
2462 1259 2897 1315 Ἀπεσκευάσθαι
2944 1272 3151 1326 autem,
3198 1261 3251 1315 id
3300 1269 3385 1316 est
3416 1264 3731 1328 excussisse,

2158 1355 2327 1419 dixit,
2385 1354 2703 1424 metaphora
2753 1355 2917 1409 ducta
2966 1355 3033 1409 ab
3074 1355 3159 1409 his
3195 1355 3287 1424 qui
3322 1369 3452 1410 vasa
3485 1357 3730 1424 quantum

2155 1453 2523 1515 comportant,
2572 1460 2746 1515 eaque
2792 1446 2938 1500 velut
2984 1461 3204 1516 gravem
3241 1447 3516 1501 sarcinam
3560 1446 3733 1516 depo-

2158 1548 2315 1593 nunt.
2371 1537 2582 1594 Idcirco
2632 1553 2741 1593 non
2790 1538 2928 1593 dixit
2988 1554 3249 1609 corporea
3306 1539 3517 1594 Christi
3572 1540 3732 1592 tinem

2161 1630 2404 1696 habere,
2462 1631 2558 1685 sed
2608 1644 2671 1685 ea
2725 1645 2847 1701 quae
2890 1629 2959 1684 ad
2988 1644 3319 1700 corpoream
3368 1639 3424 1684 et
3462 1638 3732 1683 terrenam

2157 1719 2331 1789 ipsius
2364 1720 2712 1790 praesentiam
2750 1720 3043 1789 pertinent.
3079 1718 3317 1790 Spiritus
3352 1728 3532 1773 autem
3565 1723 3736 1774 actio-

2157 1813 2245 1867 nis
2278 1811 2604 1881 principium
2641 1812 2884 1881 capiunt.
2929 1811 3227 1881 Postquam
3268 1811 3418 1866 enim
3473 1810 3734 1867 (.hristus

2158 1902 2308 1957 omni
2366 1915 2632 1972 corporeo
2691 1917 2922 1957 munere
2985 1901 3312 1973 perfunctus
3343 1941 3359 1966 ,
3425 1902 3478 1956 in
3533 1903 3732 1957 caelum

2158 2003 2409 2062 receptus
2437 2002 2542 2057 est,
2598 1992 2837 2061 Spiritus
2875 2001 3100 2049 sanctus
3128 1993 3432 2056 descendit,
3467 2008 3735 2063 suamque

2156 2082 2210 2136 in
2267 2083 2551 2152 apostolos
2600 2084 2707 2137 vim
2762 2093 2818 2139 et
2882 2086 3157 2138 actionem
3217 2099 3477 2140 exercere
3546 2087 3732 2155 erepit,

2156 2174 2210 2227 in
2271 2174 2547 2229 divisione
2605 2174 2892 2245 ignearum
2940 2175 3300 2243 linguarum,
3353 2190 3464 2245 quo
3516 2177 3735 2230 nomine

2154 2261 2353 2319 festum
2388 2266 2529 2319 diem
2580 2265 2945 2320 celebramus.
2985 2265 3155 2321 Porro
3183 2280 3254 2321 ne
3304 2268 3427 2337 quis
3455 2266 3736 2323 addubitet

2155 2369 2220 2410 ac
2269 2355 2603 2421 sciscitetur,
2663 2370 2918 2425 quaenam
2977 2356 3070 2411 illa
3128 2358 3265 2422 sint,
3325 2373 3451 2429 qum
3504 2359 3573 2413 ad
3608 2373 3736 2412 cor-

2154 2461 2377 2517 poream
2432 2444 2637 2501 Christi
2700 2449 3049 2518 praesentiam
3116 2458 3409 2519 spectant,
3472 2465 3735 2520 expresso

2154 2539 2377 2615 disertis
2407 2540 2588 2594 verbis
2616 2554 2680 2593 ea
2711 2554 3078 2609 exponamus.
3131 2540 3392 2605 Qua-nam
3444 2556 3574 2610 ergo
3604 2549 3732 2595 sunt

2153 2631 2255 2687 ea?
2305 2629 2472 2702 Virgo
2514 2645 2614 2701 pro
2666 2631 2918 2697 muliere,
2978 2633 3234 2687 nativitaa
3281 2647 3382 2702 pro
3434 2632 3730 2696 creatione,

2155 2740 2401 2796 prasepe
2456 2732 2679 2795 propter
2730 2724 3071 2794 paradisum,
3108 2722 3294 2778 fasciae
3352 2734 3575 2793 propter
3630 2738 3733 2776 nu-

2153 2819 2422 2882 ditatem,
2494 2817 2673 2888 angeli
2755 2817 3035 2873 cmlestem
3101 2816 3293 2880 illum,
3368 2815 3564 2870 deinde
3618 2821 3734 2869 ter-

2155 2922 2348 2962 renum
2422 2906 2808 2971 celebrantes,
2883 2907 3181 2977 magnique
3252 2905 3468 2961 consilii
3550 2903 3731 2960 Patris

2152 2999 2443 3071 Angelum,
2496 3008 2745 3067 pastores
2791 3006 3141 3054 accurrentes
3163 2998 3229 3051 ad
3262 2997 3474 3068 Agnum
3517 3006 3573 3052 et
3619 2995 3736 3051 Pas

2153 3101 2383 3157 storem,
2436 3091 2598 3147 stella
2655 3105 3001 3162 praecurrens
3049 3090 3328 3163 (creatura
3376 3090 3526 3145 enim
3565 3089 3735 3145 Crea-

2154 3194 2327 3239 torem
2388 3182 2648 3253 adorat),
2712 3181 2855 3252 Magi
2923 3182 2990 3237 ad
3054 3183 3225 3251 pedes
3286 3182 3603 3237 accidentes
3671 3196 3735 3237 ac

477 3276 738 3343 habitam,
802 3274 870 3330 de
922 3290 1027 3343 qua
1089 3273 1347 3344 deinceps
1399 3285 1709 3329 sermonem
1765 3269 2053 3325 habiturus
2077 3271 2124 3335 C
2155 3274 2298 3329 dona
2325 3273 2640 3336 offerentes,
2668 3273 2912 3342 gentium
2946 3270 3203 3341 primitiae
3224 3283 3393 3340 atque
3424 3273 3731 3342 ingressus,

477 3379 579 3432 est,
634 3367 944 3436 significare
994 3371 1197 3434 posset,
1252 3363 1346 3417 sed
1407 3362 1571 3417 etiam
1619 3360 1899 3415 naturales
1929 3374 2052 3414 cor—

476 3459 628 3530 poris
672 3457 1056 3527 proprietates,
1109 3453 1255 3508 velut
1305 3452 1576 3522 triplicem
1627 3451 2053 3516 dimensionem,

480 3550 710 3605 formam
763 3586 778 3614 ,
853 3546 1208 3616 quantitatem
1274 3553 1330 3600 et
1384 3542 1749 3614 qualitatem,
1842 3542 2057 3610 aliaque

480 3639 646 3708 hujus
678 3637 895 3709 generis
929 3676 942 3701 ,
975 3651 1042 3691 ne
1089 3650 1278 3690 ansam
1327 3634 1596 3689 haereticis
1644 3631 1907 3703 praeberet
1942 3631 2055 3684 exi-

479 3731 732 3784 stimandt
817 3726 1116 3792 Christum,
1199 3740 1321 3781 cum
1380 3725 1434 3779 in
1521 3724 1720 3781 coelum
1810 3732 2056 3791 receptus

478 3828 644 3886 esset,
677 3834 878 3888 corpus
908 3833 1124 3888 quoque
1146 3817 1323 3886 ipsum
1359 3816 1646 3887 abiecisse,
1669 3830 1734 3869 ac
1768 3814 1885 3868 sola
1915 3814 2055 3868 divi-

479 3914 649 3967 nitate
698 3913 750 3965 in
783 3912 980 3966 caelum
1026 3911 1342 3966 ascendisse
1370 3909 1482 3981 (29)
1510 3951 1523 3975 ,
1576 3907 2043 3979 quemadmodum

480 4007 867 4060 existimarunt
932 4004 1263 4069 Manichazi,
1332 4003 1423 4072 qui
1500 4004 1567 4057 ad
1639 4001 1910 4072 dogmatis
1969 3999 2053 4054 sui

477 4097 840 4166 patrocinium
902 4098 1047 4149 hunc
1106 4093 1323 4148 Davidis
1382 4094 1560 4147 locum
1620 4091 2053 4172 produxerunt:

479 4187 548 4240 In
600 4186 710 4242 sole
751 4186 924 4256 posuit
969 4185 1372 4239 tabernaculum
1422 4199 1577 4237 suum
1606 4182 1652 4237 ’β
1684 4201 1697 4237 ;
1731 4192 1888 4237 acuta
1916 4197 2055 4252 prm-

477 4278 786 4332 munitione
828 4277 956 4331 huic
1002 4275 1300 4345 suspicioni
1366 4274 1653 4338 medetur,
1705 4273 2053 4344 subiiciens:

480 4368 689 4423 Vereor
733 4369 916 4423 dicere
949 4382 1035 4421 res
1078 4366 1146 4421 ad
1195 4380 1398 4435 corpus
1443 4366 1801 4435 pertinentes,
1858 4365 1912 4418 id
1947 4372 2053 4430 est,

482 4459 712 4529 ltcl‘ugio
765 4473 831 4513 ac
886 4457 1183 4511 reformido
1235 4457 1419 4511 dicere
1472 4472 1559 4510 res
1615 4456 1889 4525 corporis,
1951 4456 2057 4510 hoc

477 4561 580 4616 est,
630 4551 807 4620 ipsum
864 4562 1088 4619 corpus,
1123 4547 1303 4618 quoad
1335 4546 1468 4600 mihi
1512 4545 1839 4616 cujusquam
1874 4545 2052 4600 oratio

480 4643 807 4713 persuaserit
852 4641 1152 4714 (nunquam
1201 4648 1382 4694 autem
1423 4639 1805 4710 persuadebit)
1860 4639 2079 4701 melius,

479 4753 543 4791 ac
591 4734 952 4806 praestabilius
1013 4749 1135 4788 esse
1188 4732 1430 4803 corpori,
1493 4735 1659 4802 atque
1702 4737 1769 4786 ad
1820 4732 2054 4802 gloriam

480 4841 534 4883 et
592 4833 857 4883 honorem
919 4825 1285 4896 praeclarius,
1347 4822 1655 4895 projectum
1714 4838 1879 4891 esse,
1945 4838 2056 4877 non

480 4932 643 4973 secus
673 4931 735 4970 ac
765 4931 859 4971 vas
884 4915 1157 4985 quoddam
1208 4930 1701 4985 supervacaneum,
1737 4925 1830 4970 aut
1861 4915 2057 4969 inutile

478 5016 532 5062 et
585 5008 787 5060 infame
840 5007 1245 5071 vestimentum,
1304 5014 1470 5075 atque
1529 5004 1583 5059 in
1630 5005 1763 5061 solis
1825 5018 2057 5074 corpore

482 5099 781 5166 repositum
839 5109 959 5151 esse
992 5135 1009 5161 ,
1060 5096 1216 5169 juxta
1279 5095 1702 5151 Manichaeorum
1760 5094 2044 5150 delirium.

479 5187 575 5243 Est
607 5189 768 5242 etiam
822 5189 1016 5243 horum
1068 5190 1357 5244 verborum
1405 5190 1512 5244 alia
1558 5191 1719 5245 ratio.
1777 5188 2050 5256 Quoniam

478 5281 621 5333 enim
686 5281 937 5333 nonnulli
1001 5282 1208 5335 unitam
1252 5282 1473 5351 quidem
1522 5296 1736 5350 semper
1786 5296 1908 5336 esse
1961 5296 2052 5335 as-

478 5381 750 5439 sumptam
783 5374 1179 5427 humanitatem
1226 5389 1350 5427 cum
1388 5374 1679 5429 divinitate
1708 5374 2051 5440 asserebant,

478 5476 665 5516 verum
748 5463 1109 5532 proprietates
1185 5478 1314 5518 suas
1389 5474 1514 5534 post
1585 5466 2049 5518 resurrectionem

538 5642 595 5681 ’⁸
636 5643 755 5697 Act.
794 5659 830 5707 t,
871 5642 924 5698 5.
1001 5643 1047 5675 ³⁷
1082 5642 1214 5698 Luc.
1250 5659 1396 5709 xxw,
1433 5644 1523 5702 49.
1600 5643 1645 5677 ³⁸
1684 5644 1828 5699 Psal.
1865 5660 2016 5708 xvm,
2058 5644 2111 5697 6.

2158 3364 2589 3434 idololatriaeque
2630 3365 2887 3419 interitus
2932 3374 2988 3417 et
3041 3365 3353 3433 oppressio,
3403 3365 3472 3418 ab
3514 3362 3735 3419 llerode

2158 3465 2370 3527 patrata
2432 3470 2731 3525 puerorum
2788 3455 2966 3510 credes
3020 3455 3170 3526 (hoc
3233 3464 3354 3519 est,
3419 3463 3736 3510 tenerarum

2156 3560 2210 3606 et
2249 3550 2539 3621 puerilium
2596 3551 2730 3621 legis
2785 3550 3081 3620 ﬁgurarum
3110 3551 3126 3616 )
3154 3590 3169 3616 ,
3217 3548 3386 3606 Vetus
3434 3551 3580 3605 enim
3631 3548 3737 3604 Te»

2156 3652 2485 3697 atamentum
2571 3640 2706 3695 Novi
2757 3642 2926 3711 figura
3002 3650 3122 3695 erat
3180 3640 3513 3712 (submouo
3576 3651 3738 3711 atque

2155 3733 2516 3804 exstinctio);
2557 3731 2718 3789 Jesus
2762 3734 2814 3787 in
2866 3731 3164 3804 Egyptum
3220 3731 3471 3802 fugiens,
3531 3743 3590 3786 ut
3636 3747 3738 3788 nos

2155 3840 2396 3894 quoque,
2467 3822 2947 3894 persecutionibus
3001 3824 3218 3887 vexati,
3280 3839 3347 3878 ex
3391 3824 3612 3878 civitate
3682 3823 3736 3877 in

2156 3916 2433 3970 civitatem
2484 3915 2820 3983 migremus,
2870 3928 3064 3969 rursus
3114 3929 3180 3966 ex
3230 3912 3470 3985 Egypto
3518 3913 3738 3970 rediens

2156 4015 2449 4075 postquam
2480 4005 2602 4074 ejus
2631 4003 2930 4059 simulacra
2975 4004 3259 4059 concussit
3293 4014 3460 4073 atque
3499 4004 3738 4074 deiecit;

2156 4096 2546 4161 circumcisus,
2581 4095 2839 4165 baptismi
2874 4110 3018 4165 aqua
3052 4096 3329 4165 perfusus.
3379 4095 3567 4167 Atqui,
3593 4096 3738 4152 dicet

2159 4187 2478 4258 quisquiam
2517 4226 2533 4253 ,
2600 4188 2921 4256 priusquam
2993 4188 3047 4242 in
3116 4185 3411 4258 Egyptum
3468 4189 3734 4258 fugisset,

2158 4290 2357 4333 octavo
2393 4280 2517 4332 vitae
2551 4278 2641 4333 die
2686 4278 3050 4334 circumcisus
3104 4279 3301 4333 fuerat.
3371 4276 3446 4332 lta
3495 4276 3738 4347 profecto

2157 4377 2262 4425 est.
2324 4366 2524 4422 Verum
2585 4370 2719 4439 quia
2792 4371 3139 4426 circumcisio
3195 4370 3451 4440 baptismi
3505 4369 3735 4438 ﬁguram

2159 4461 2425 4531 gerebat,
2491 4462 2615 4515 ideo
2670 4476 2790 4516 eam
2849 4462 3125 4532 baptismo
3181 4464 3489 4533 proximam
3548 4461 3733 4515 Theo-

2157 4553 2315 4623 logus
2387 4553 2696 4609 collocavit.
2759 4552 2887 4610 Erat
2944 4567 3126 4610 autem
3190 4554 3507 4626 huiusmodi
3582 4555 3737 4609 lava-

2159 4660 2359 4709 crum,
2417 4654 2767 4715 peccatorum
2828 4656 3150 4703 nostrorum
3220 4647 3494 4719 purgatio.
3556 4646 3738 4701 Testi-

2155 4736 2339 4790 monio
2388 4738 2604 4792 coalitus
2655 4738 2825 4794 misso
2877 4740 3310 4811 comprobatus:
3370 4739 3525 4794 illine
3586 4742 3735 4794 enim

2155 4825 2273 4894 ipse
2334 4841 2664 4895 congressus
2712 4835 2852 4892 erat,
2886 4834 3047 4896 atque
3095 4828 3339 4896 ejusdem
3373 4842 3498 4882 cum
3543 4829 3737 4882 testifi-

2156 4926 2316 4972 cante
2355 4917 2701 4972 substantia.
2754 4916 3021 4972 Teutalus
3058 4918 3113 4975 in
3144 4919 3362 4974 deserto
3401 4934 3433 4972 a
3468 4919 3729 4985 diabolo;

2156 5013 2389 5067 tentatio
2447 5022 2628 5067 autem
2686 5024 2807 5067 erat
2862 5015 3228 5084 perscrutatio
3274 5013 3576 5069 divinitatis
3630 5013 3736 5068 bu-

2164 5107 2426 5158 manitate
2477 5114 2653 5159 tectae.
2692 5103 2990 5173 Lapidibus
3024 5116 3244 5175 propter
3287 5119 3385 5159 nos
3409 5105 3733 5174 impetitus:

2161 5192 2502 5249 Sustulerunt
2545 5195 2691 5250 enim
2716 5232 2731 5259 ,
2775 5196 2950 5265 inquit
2976 5232 2991 5258 ,
3034 5197 3239 5263 lapides
3297 5206 3354 5249 at
3395 5195 3633 5263 jacerent
3681 5197 3735 5248 in

2159 5298 2278 5337 eum
2335 5283 2400 5338 '9.
2453 5280 2628 5353 Atque
2681 5284 2796 5337 luec
2855 5294 3079 5355 propter
3129 5300 3233 5339 nos
3282 5285 3626 5353 perpetiens,
3682 5286 3736 5337 id

2160 5383 2262 5437 est,
2312 5374 2640 5429 eruditionis
2680 5386 2886 5431 nostrae
2938 5391 3125 5432 causa.
3182 5374 3355 5431 Nobis
3403 5379 3548 5431 enim
3601 5374 3733 5430 alni-

2161 5462 2564 5535 ctionis,'pro
2649 5468 2966 5538 evangelica
3044 5467 3433 5537 praedicatione
3515 5479 3568 5523 et
3634 5471 3735 5523 lide

2190 5645 2233 5677 "
2268 5644 2427 5701 Joan.
2464 5664 2581 5711 vttt,
2618 5647 2707 5703 59.

547 5799 655 5869 (29)
696 5802 1052 5855 ’I'heodoritus
1083 5804 1134 5854 in
1175 5800 1407 5870 Epitom.
1441 5801 1634 5858 [rt-res.
1673 5817 1687 5855 ι
1716 5801 1878 5871 huius
1919 5803 2189 5856 lncrcseos
2220 5811 2494 5860 auctorem
2530 5804 2653 5861 facit
2686 5803 3105 5876 ll.~rtnogene.n.
