4116 6478
438 503 573 566 1453

1390 500 1706 561 NltlETAS
1745 499 1824 556 ΙΝ
1863 497 2084 557 ORAT.
2128 496 2314 557 XLIV
2356 495 2414 555 S.
2458 494 2691 554 GREG.

3545 497 3684 563 1454

430 611 791 685 perferendae,
844 609 1078 664 formam
1130 618 1294 680 atque
1344 611 1654 678 exemptum
1688 605 1806 660 dari
1841 620 2006 675 opor-
2037 602 2348 673 Ajusmodi
2406 601 2601 657 saltem
2655 600 2958 657 orationem
3015 603 3280 658 concedat
3335 620 3458 674 quae
3518 606 3683 678 hujus

428 707 597 761 tebat.
654 702 911 758 Proditus
954 718 981 755 a
1028 701 1299 773 discipulo
1328 716 1524 771 panem
1577 698 1750 769 ipsius
1783 698 1997 752 edente.

425 796 606 852 Clavis
662 795 993 858 transfixus,
1041 804 1100 849 ut
1154 802 1438 863 peccatum
1482 806 1664 845 meum
1722 787 1998 860 conligat,

426 888 531 943 hoc
580 895 682 953 cst,
734 894 923 940 enecet
978 896 1031 939 et
1087 886 1361 939 absumat.
1429 882 1601 937 Morte
1655 881 1899 944 functus,
1944 889 2003 933 ut

429 983 654 1030 mortem
688 989 862 1029 meam
912 974 1085 1028 tollat.
1142 971 1323 1027 Humo
1357 972 1612 1027 conditus
1647 1011 1661 1037 ,
1704 981 1763 1024 ut
1801 979 2002 1024 nostra:

425 1069 479 1121 in
536 1078 735 1122 terram
779 1066 1081 1122 rerersioui
1127 1065 1429 1121 medeatur.
1491 1063 1622 1118 Vita:
1665 1062 1951 1117 restitutus
1984 1103 1999 1126 ,

425 1168 485 1212 ut
514 1173 615 1212 nos
645 1173 706 1211 ex
755 1155 971 1211 inferno
1021 1156 1215 1211 liberet
1290 1156 1526 1225 vitaeque
1570 1153 1842 1209 restituat.
1900 1156 2001 1207 As-

429 1250 684 1314 ?endens,
743 1257 802 1302 ut
838 1264 923 1303 me
962 1263 1181 1319 quoque
1228 1249 1518 1304 subvehat.
1566 1242 1813 1313 Quorum
1856 1258 2001 1298 nunc

422 1341 587 1395 etiam
639 1340 874 1410 plurima
905 1339 1130 1409 patitur,
1186 1350 1297 1394 tam
1352 1353 1544 1394 eorum
1594 1352 1716 1406 quae
1756 1342 2002 1390 contem-

422 1441 549 1502 plus
600 1439 763 1501 atque
805 1431 1119 1500 ignominiae
1160 1437 1312 1495 sunt,
1368 1442 1533 1498 quam
1583 1440 1705 1497 qua:
1749 1426 1998 1481 honoris.

423 1521 561 1580 Nam
626 1537 843 1587 eorum,
906 1536 1086 1591 quaea
1147 1522 1305 1577 nobis
1372 1528 1794 1576 commemorata
1849 1526 1997 1584 sunt,

423 1618 624 1685 partim
671 1615 736 1668 ad
782 1614 902 1684 ejus
954 1614 1219 1669 honorem
1269 1612 1413 1668 facta
1466 1621 1630 1679 sunt,
1680 1613 1875 1682 partim
1933 1610 2000 1665 ad

424 1715 795 1776 contemptum
848 1714 901 1760 et
949 1703 1335 1775 ignominiam.
1380 1702 1496 1757 Pati
1531 1703 1676 1759 enim
1719 1703 1995 1767 dicimus,

423 1813 534 1851 non
564 1805 773 1851 tantum
820 1795 887 1851 de
926 1795 1089 1858 malo,
1119 1794 1215 1853 sed
1241 1793 1405 1848 etiam
1432 1794 1499 1849 de
1540 1795 1702 1850 bono.
1747 1784 1999 1849 Christus

422 1890 691 1959 siquidem
745 1887 816 1943 ab
883 1886 1067 1958 impiis
1109 1901 1171 1941 ea
1222 1901 1345 1956 quae
1397 1886 1748 1956 ignominiam
1799 1885 2001 1940 habent

2103 689 2226 745 festi
2255 690 2557 746 celebritati
2601 707 2699 761 par
2759 693 2852 759 sit,
2910 692 3375 767 immodicamque
3430 698 3683 755 humana:

2105 790 2309 837 naturae
2342 782 2695 853 cupiditatem
2749 784 3122 840 mediocritate
3159 786 3306 842 velut
3347 789 3567 846 incidat.
3603 794 3682 849 Ac

2104 867 2347 938 profecto
2383 868 2632 924 lieriliter
2668 879 2721 925 et
2752 881 2967 927 suomet
2998 872 3154 944 jussu
3196 875 3675 948 (quemadmodum

2106 976 2204 1016 nos
2232 958 2469 1030 Spiritus
2505 961 2715 1031 afﬂatu,
2749 972 2803 1018 et
2845 966 3139 1034 sentimus,
3194 975 3248 1022 et
3294 970 3678 1042 profitemur),

2104 1067 2211 1105 non
2251 1062 2428 1108 autem
2458 1054 2683 1111 alterius
2713 1055 2932 1127 jussum
2970 1067 3133 1128 atque
3177 1058 3467 1130 itnperium
3500 1065 3678 1117 scr-vi-

2103 1143 2226 1198 liter
2258 1161 2586 1216 exsequens.
2613 1157 2673 1203 ut
2700 1160 2988 1217 creaturae,
3014 1152 3475 1219 quemadmodum
3501 1153 3680 1211 Mace-

2101 1235 2347 1303 doniani,
2383 1237 2616 1308 Spiritui
2649 1249 2844 1295 sancto
2892 1239 3095 1307 bellum
3132 1242 3452 1311 inferentes,
3487 1247 3671 1303 existi-

2104 1338 2275 1394 mant,
2333 1329 2595 1384 nimirum
2662 1332 2939 1386 contrario
2990 1332 3186 1402 Spiritu
3224 1333 3408 1390 atlluti.
3449 1336 3680 1408 Spiritus

2101 1418 2269 1486 enim,
2309 1420 2397 1475 ubi
2440 1421 2573 1488 vult,
2617 1422 2808 1492 spirat,
2852 1432 2908 1479 ut
2942 1425 3086 1494 apud
3120 1422 3385 1481 Joannem
3443 1430 3683 1500 loquitur

2099 1510 2353 1567 Christus
2385 1512 2454 1579 ⁸³,
2487 1512 2541 1567 id
2587 1523 2690 1580 est,
2742 1513 2795 1567 in
2861 1529 2970 1584 quo
3020 1514 3143 1570 loco
3203 1517 3352 1573 orbis
3411 1529 3679 1576 terrarum

2100 1605 2238 1671 vult,
2271 1615 2326 1659 et
2368 1621 2533 1680 super
2592 1622 2732 1677 quos
2787 1606 3038 1666 homines
3091 1609 3227 1679 vult;
3261 1611 3375 1667 vult
3404 1626 3584 1668 autem
3632 1617 3682 1671 si

2100 1698 2372 1753 invenerit
2404 1699 2595 1770 quales
2634 1701 2752 1770 ipse
2793 1702 2910 1756 vult
2937 1720 2950 1755 :
2979 1711 3034 1757 et
3062 1709 3282 1773 quando
3322 1707 3455 1771 vult,
3488 1708 3542 1762 id
3571 1719 3677 1774 est,

2099 1806 2343 1862 congruo
2380 1803 2644 1863 tempore.
2692 1791 2855 1849 Verbi
2903 1794 3101 1866 gratia,
3151 1796 3320 1851 alium
3379 1813 3447 1853 ex
3487 1801 3682 1856 matris

2099 1894 2288 1939 ventre
2310 1900 2408 1955 per
2431 1886 2835 1957 praescientiam
2866 1889 3157 1946 sanctitate
3182 1892 3481 1961 perfundit,
3510 1895 3678 1951 alium

424 1981 652 2051 patitur,
674 1994 738 2034 ac
769 1994 866 2049 pro
894 1994 995 2033 sua
1036 1978 1267 2033 lenitate
1312 1977 1552 2046 perfert;
1591 1994 1623 2032 a
1674 1978 1777 2049 piis
1815 1967 1994 2033 autem
2027 1971 2073 2031 B
2101 1989 2290 2045 greges
2325 1976 2507 2029 ovium
2545 1987 2881 2046 pascentem,
2922 1975 3090 2032 alium
3122 1979 3270 2034 aliud
3303 1980 3564 2050 quiddam
3594 1981 3678 2036 fa-

424 2074 707 2144 ipsiusque
728 2087 918 2127 amore
946 2071 1211 2142 praeditis,
1234 2086 1298 2126 ea
1323 2087 1445 2143 quae
1474 2087 1598 2126 cum
1630 2071 1840 2127 honore
1867 2087 1999 2126 con-

417 2166 609 2237 juncta
648 2171 798 2220 sunt.
832 2166 911 2233 Ac
949 2178 1129 2234 neque
1165 2164 1275 2220 illis
1302 2166 1438 2220 iram
1476 2163 1661 2229 infert,
1694 2179 1857 2235 quam
1895 2163 1997 2219 sibi

424 2258 671 2314 thesauri
711 2258 886 2313 instar
913 2254 1199 2330 celligunt,
1243 2273 1344 2314 nec
1373 2274 1468 2315 eos
1508 2273 1701 2313 rursus
1739 2272 1771 2312 a
1801 2257 1999 2328 quibus

423 2352 644 2416 colitur,
682 2350 865 2406 statim
909 2351 1023 2406 suis
1046 2351 1206 2407 bonis
1252 2360 1686 2406 remuneratur:
1719 2365 1905 2405 verum
1947 2359 2000 2404 et

423 2443 534 2498 illis
570 2440 923 2513 supplicium,
956 2449 1009 2495 et
1048 2440 1207 2497 nobis
1229 2443 1579 2511 prmmioruui
1605 2442 1996 2511 benignitatem

422 2533 625 2598 differt,
655 2542 717 2587 ut
739 2542 795 2587 et
814 2532 924 2586 illis
950 2540 1165 2601 tempus
1201 2532 1537 2602 poenitentia:
1562 2532 1671 2599 det,
1699 2542 1753 2588 et
1775 2547 1876 2587 nos
1903 2548 1999 2587 ex-

423 2623 623 2694 ploret,
649 2633 815 2693 atque
844 2623 1159 2694 experiatur
1186 2638 1318 2677 num
1351 2637 1453 2693 pro
1485 2622 1687 2692 pietate
1714 2621 2000 2678 decertan-

425 2726 508 2772 tes
533 2715 732 2771 animis
771 2715 1086 2787 frangentur
1134 2729 1201 2772 ac
1243 2714 1669 2770 debilitabimur.
1698 2714 1823 2769 Haec
1849 2715 1996 2768 enim

418 2806 533 2876 jam
562 2806 692 2862 olim
716 2813 770 2860 et
809 2819 839 2859 a
882 2804 1153 2875 principio
1192 2805 1334 2858 ratio
1369 2813 1424 2857 et
1464 2819 1634 2859 causa
1681 2812 1766 2859 est
1801 2803 2000 2858 divinae

422 2897 854 2968 dispensationis
885 2907 939 2953 et
986 2897 1499 2968 irnperceptibilium
1548 2897 1723 2966 ipsius
1759 2895 1993 2966 judicio-

422 3006 568 3058 rum,
594 2990 797 3061 quibus
819 2989 1094 3059 sapienter
1117 3005 1203 3044 res
1226 2998 1443 3044 nostras
1464 2988 1660 3044 recitat
1682 2998 1737 3043 et
1762 2985 1998 3042 admini-

421 3091 582 3139 strat.
621 3079 776 3148 Quod
835 3088 1018 3135 autem
1075 3079 1414 3135 abstrusiora
1464 3078 1574 3133 sint
1602 3078 1696 3133 Dei
1747 3077 1996 3145 consilia,

424 3187 588 3246 quam
621 3181 679 3227 ut
710 3186 774 3227 ea
822 3171 1115 3241 quisquam
1150 3172 1368 3241 assequi
1400 3170 1600 3241 possit,
1632 3168 1762 3225 hinc
1799 3170 2001 3225 clamat

426 3263 597 3319 David
635 3264 824 3319 dicens
860 3279 876 3317 :
924 3261 1144 3317 Iudicia
1174 3273 1263 3316 tua
1300 3262 1520 3333 abyssus
1550 3263 1720 3316 multa
1752 3262 1832 3329 ⁸ος
1871 3262 2000 3316 hinc

422 3359 587 3410 etiam
616 3355 840 3421 Paulus,
873 3369 994 3408 cum
1028 3355 1390 3409 admiratione
1420 3370 1614 3425 magna
1647 3366 1699 3410 et
1737 3364 1994 3425 stupore:

426 3449 603 3517 Quam
630 3444 1003 3500 inscrutabilia
1029 3447 1381 3516 suntjudicia
1404 3448 1569 3517 ipsius
1586 3458 1633 3501 et
1661 3447 2000 3516 investigabiv

424 3540 498 3593 les
526 3540 625 3593 vite
671 3538 786 3608 ejus
817 3536 897 3589 ιιι
942 3536 1169 3601 Verum,
1199 3537 1400 3591 dixerit
1443 3538 1663 3607 aliquis,
1706 3538 1760 3591 Si
1790 3537 1882 3592 Dei
1907 3540 1997 3607 ju-

348 3636 355 3645 ‘
423 3630 567 3684 dicia
608 3628 812 3700 percipi
845 3634 1144 3695 nequeunt,
1180 3628 1272 3696 qui
1307 3628 1363 3680 fit
1395 3636 1453 3681 ut
1485 3625 1818 3697 Theologus,
1850 3629 1998 3683 velut

424 3734 615 3774 eorum
637 3718 1004 3788 c0gtiit;onem
1033 3727 1344 3778 assecutus.
1374 3718 1884 3787 procrastinationis
1904 3719 1996 3774 Dei

424 3826 646 3866 causam
671 3809 953 3881 proferat?
973 3807 1307 3879 Responderi
1337 3820 1535 3878 potest,
1556 3812 1701 3878 quod
1735 3826 1831 3879 per
1860 3826 1996 3867 con-

421 3901 688 3970 jecturam
713 3914 834 3953 eam
859 3899 1112 3967 protulit;
1133 3901 1203 3953 ob
1227 3899 1276 3953 id
1299 3902 1443 3952 enim
1467 3898 1694 3962 addidit,
1718 3898 1995 3954 Fortasse.

424 3988 562 4044 Tum
603 3990 731 4060 quia
782 3989 875 4043 Dei
915 3988 1087 4045 Filius
1138 3992 1541 4045 communiores
1588 4005 1769 4043 rerum
1799 4004 1995 4044 causas

426 4096 489 4135 ac
510 4083 770 4145 ratiOnes,
803 4081 904 4135 etsi
938 4095 1046 4134 non
1066 4096 1280 4146 omnes,
1309 4096 1681 4151 sa‘penumero
1712 4079 1864 4135 nobis
1895 4097 1994 4150 pa-

423 4171 627 4239 tefecit;
653 4171 1009 4241 particulares
1034 4180 1214 4225 autem
1238 4181 1291 4226 et
1319 4173 1626 4243 singulares
1653 4173 1997 4243 imperceptia

422 4264 560 4319 biles
592 4272 794 4319 servat.
850 4262 1025 4331 Atque
1076 4260 1391 4331 hujusmodi
1425 4263 1646 4333 quidem
1695 4273 1825 4320 sunt
1875 4279 1997 4332 qua:

423 4357 491 4411 ad
523 4355 807 4410 Christum
857 4354 1154 4424 pertinent,
1183 4354 1299 4410 sive
1338 4356 1640 4425 passiones,
1673 4357 1790 4413 sive
1818 4358 1996 4412 actio-

423 4462 521 4502 nes
547 4462 563 4514 ;
605 4455 657 4500 et
699 4460 821 4516 qua:
842 4453 1030 4515 postea
1063 4459 1380 4515 sequentur,
1414 4446 1517 4503 hoc
1547 4458 1652 4514 est,
1683 4463 1804 4518 quae
1824 4449 1891 4504 ad
1913 4464 2000 4504 se-

420 4541 656 4594 cundam
694 4538 1036 4608 pra-sentiam
1092 4538 1349 4604 attinent,
1382 4548 1512 4593 tunc
1557 4540 1848 4609 gloriosius
1872 4558 1998 4611 spe-

2099 2068 2357 2121 cientem.
2380 2067 2447 2123 Et
2477 2080 2743 2140 quantum
2779 2071 2925 2138 vult;
2959 2073 3153 2130 modus
3173 2074 3320 2129 enim
3350 2087 3530 2133 certus
3559 2091 3673 2145 est,

2100 2165 2148 2208 et
2184 2155 2475 2213 diversitas
2514 2159 2816 2228 gratiarum
2851 2173 3014 2232 atque
3060 2162 3459 2233 inspirationis.
3500 2168 3680 2239 Atque

2100 2246 2231 2301 illud
2263 2248 2489 2304 observa
2517 2291 2532 2317 ,
2590 2251 2678 2305 ubi
2730 2252 2908 2308 locum
2939 2254 3287 2324 significare;
3321 2271 3481 2328 super
3527 2275 3679 2329 quos,

2099 2351 2362 2406 personas
2420 2355 2515 2395 eas
2556 2357 2675 2411 qua:
2728 2343 3094 2413 inspirautur;
3145 2346 3381 2414 quando,
3428 2358 3682 2419 tempus;

2100 2436 2393 2496 quantum,
2422 2431 2661 2486 modum.
2690 2430 2984 2488 Enimvero
3014 2433 3270 2491 Christus
3298 2439 3401 2493 hoc
3443 2439 3561 2495 loco
3587 2455 3681 2511 per

2100 2520 2375 2587 Spiritum,
2433 2537 2541 2576 non
2596 2521 2864 2592 Spiritum
2935 2535 3188 2580 sanctum
3260 2526 3535 2600 iugelligit,
3585 2536 3681 2587 sed

2100 2624 2320 2664 aereum
2343 2620 2398 2667 et
2431 2623 2588 2670 vento
2618 2614 2938 2683 conﬂatum,
2972 2633 3067 2687 per
3091 2618 3468 2676 obscuriorem
3519 2623 3682 2679 nimi-

2101 2718 2221 2756 rum
2274 2698 2635 2776 cognitionem
2691 2707 2794 2762 hoc
2834 2709 3084 2778 exemplo
3139 2711 3519 2780 perfectiorem
3572 2716 3683 2773 illis

2100 2794 2354 2850 afferens.
2384 2794 2521 2851 Nam
2555 2813 2677 2852 cum
2706 2798 2935 2853 dixisset
2979 2796 3310 2855 Nicodemus
3340 2819 3355 2856 :
3402 2802 3680 2868 Quomodo

2099 2895 2268 2956 potest
2316 2888 2472 2943 homo
2525 2891 2670 2944 nasci
2716 2891 2887 2945 denuo
2918 2890 2997 2945 ιιι
3042 2891 3192 2947 velut
3242 2892 3505 2964 ignorans
3557 2912 3679 2952 eam

2102 2980 2465 3045 nativitatem,
2495 2982 2562 3037 de
2589 2996 2698 3053 qua
2727 2980 2992 3038 Dominus
3024 2983 3366 3053 loquebatur,
3402 2987 3677 3058 Christus,

2100 3073 2331 3141 exempli
2358 3077 2557 3144 gratia,
2586 3085 2806 3131 ventum
2838 3075 2943 3145 ipsi
2993 3075 3318 3148 pr0posuit:
3355 3078 3412 3133 Si
3446 3090 3637 3135 ventus
3661 3123 3678 3149 ,

2100 3178 2263 3233 quem
2298 3165 2471 3230 vides,
2509 3175 2563 3220 et
2587 3166 2743 3236 cujus
2792 3181 2982 3223 vocem
3039 3169 3215 3235 audis,
3259 3170 3402 3226 unde
3452 3173 3681 3240 prodeat

2101 3264 2155 3319 et
2183 3271 2292 3326 quo
2323 3257 2504 3323 vadat,
2530 3260 2732 3322 nescis,
2760 3274 2865 3327 qua
2894 3259 3111 3314 tandem
3138 3261 3348 3315 ratione
3377 3261 3676 3331 spiritalem

2104 3348 2445 3403 nativitatem
2482 3349 2787 3418 intelligere
2818 3353 3044 3419 poteris,
3082 3366 3203 3405 cum
3240 3361 3435 3421 praeter
3464 3367 3527 3406 ea
3557 3368 3678 3423 qua:

2101 3440 2156 3493 in
2193 3456 2417 3494 sensum
2467 3451 2633 3510 atque
2678 3443 2871 3496 oculos
2908 3441 3199 3495 incurrunt
3230 3443 3469 3496 nondum
3516 3444 3676 3512 quid-

2099 3547 2264 3602 quam
2291 3532 2635 3602 cognoscas?
2662 3528 2971 3602 Theologus
3001 3545 3180 3587 autem
3215 3533 3318 3587 hoc
3342 3534 3463 3588 loco
3491 3544 3679 3589 Osten-

2099 3624 2235 3676 dens
2261 3620 2523 3691 Spiritum
2559 3632 2804 3676 sanctum
2839 3623 3269 3679 dominationem
3302 3636 3468 3697 atque
3504 3629 3677 3696 impe-

2100 3713 2241 3766 rium
2277 3727 2372 3780 per
2400 3727 2458 3766 se
2512 3712 2733 3778 habere,
2785 3728 2892 3766 non
2937 3724 3120 3769 autem
3187 3725 3496 3771 creaturam
3523 3733 3675 3782 esse,

2099 3815 2195 3858 aut
2223 3819 2442 3857 servum
2474 3804 2630 3872 jussa
2675 3812 3054 3874 capessentem
3111 3808 3190 3862 ait
3222 3826 3237 3863 :
3271 3808 3507 3879 Spiritus
3549 3826 3679 3866 san-

2098 3902 2217 3947 ctus
2237 3896 2408 3963 spirat
2436 3894 2526 3946 ubi
2555 3903 2690 3958 vult,
2716 3903 2771 3948 et
2799 3895 2853 3948 in
2880 3909 3019 3965 quos
3043 3897 3181 3963 vult,
3204 3907 3259 3953 et
3285 3915 3393 3970 quo
3414 3909 3677 3969 tempore,

2099 3994 2154 4040 et
2192 3998 2457 4056 quantum
2495 3988 2629 4041 vult.

2168 4078 2286 4134 Col.
2320 4078 2426 4132 458
2452 4078 2516 4133 Α.
2546 4077 2652 4144 Qui
2683 4078 2946 4147 Spiritum
2977 4090 3224 4137 sanctum
3249 4084 3304 4138 in
3333 4100 3506 4139 rerum
3532 4102 3681 4140 crea-

2100 4178 2313 4235 tarum,
2355 4179 2462 4225 etc.
2499 4169 2767 4240 Spiritum
2819 4180 3065 4226 sanctum
3112 4173 3206 4228 alii
3240 4176 3347 4232 vim
3381 4186 3590 4232 tantum
3627 4195 3680 4234 et

2099 4261 2413 4318 facultatem
2442 4277 2561 4318 esse
2582 4263 2856 4329 dicebant,
2878 4265 2968 4317 alii
2988 4275 3290 4321 creaturam
3312 4307 3330 4336 ,
3366 4283 3396 4322 a
3419 4268 3456 4323 ii
3483 4270 3677 4334 Deum,

2099 4356 2190 4409 alii
2209 4355 2387 4409 medio
2409 4354 2645 4424 quodam
2669 4355 2830 4409 modo
2871 4354 3048 4410 aﬂ‘ecti
3069 4368 3224 4412 erant
3244 4399 3259 4425 ,
3294 4375 3394 4415 nec
3425 4342 3675 4419 \ideltcet

2098 4456 2222 4501 eum
2258 4446 2520 4510 colentes,
2550 4460 2650 4501 nec
2687 4446 3028 4516 contemptui
3061 4447 3347 4506 habentes.
3380 4453 3553 4509 Porro
3581 4457 3677 4525 qui

2103 4536 2272 4595 Deum
2309 4541 2490 4608 ipsum
2542 4554 2664 4594 esse
2711 4540 3125 4611 existimabant,
3173 4544 3373 4612 partim
3407 4545 3676 4602 inclusam

419 4634 713 4697 ctahimus,
764 4629 1086 4699 utinamque
1140 4629 1243 4700 ipsi
1280 4645 1311 4683 a
1363 4631 1583 4686 Christo
1648 4634 1994 4702 potissimum
2030 4624 2072 4697 ὑ
2103 4634 2287 4687 animo
2341 4632 2597 4702 pietatem
2650 4630 2944 4699 habebant,
2998 4633 3202 4702 partim
3261 4634 3418 4691 labiis
3457 4653 3679 4708 quque

420 4733 749 4791 spectemur.
778 4719 935 4786 Quod
963 4733 1143 4778 autem
1168 4721 1461 4791 perfectius
1486 4732 1600 4778 tum
1623 4728 1995 4795 spectabimus

421 4829 486 4870 ac
545 4813 936 4881 spectabimur,
982 4813 1172 4868 Davidi
1214 4814 1347 4869 lides
1398 4816 1646 4871 habenda
1675 4817 1868 4874 estsic
1908 4820 1993 4874 lo-

421 4907 610 4973 quenti
649 4922 662 4959 :
704 4902 817 4974 Ego
853 4906 1119 4966 autemin
1143 4903 1367 4975 justitia
1394 4907 1660 4977 apparebo
1687 4910 1996 4979 conspectui

421 5008 533 5064 tuo,
564 4996 802 5052 satiabor
843 5012 961 5050 cum
1016 4998 1323 5067 apparuerit
1380 4998 1550 5070 gloria
1586 5009 1678 5054 tua
1722 4999 1790 5055 “.
1836 5001 1993 5057 Nunc

422 5086 568 5141 enim
597 5085 741 5140 Deus
770 5084 905 5138 viris
929 5085 1241 5155 integritate
1275 5096 1331 5141 et
1373 5089 1662 5145 sanctitate
1696 5089 1823 5144 vitae
1855 5105 1997 5159 prae-

421 5177 553 5233 ditis
569 5175 716 5230 velut
729 5185 949 5247 gustum
965 5177 1258 5245 quemdam
1279 5187 1337 5232 et
1358 5181 1720 5236 arrhabonem
1740 5183 1989 5252 praebuit:

422 5269 639 5338 plenam
668 5277 849 5321 autem
882 5279 936 5322 et
958 5268 1288 5322 cumulatam
1334 5270 1750 5339 beatitudinem,
1778 5288 1884 5343 qua
1926 5273 1995 5327 ad

422 5359 728 5415 satietatem
766 5366 942 5426 usque
971 5356 1344 5427 perfruentur,
1376 5371 1493 5415 tum
1540 5363 1759 5418 domum
1810 5365 1991 5434 perci-

422 5450 593 5520 pient.
619 5448 753 5503 Mihi
770 5462 923 5512 vero,
941 5448 1009 5504 de
1029 5446 1235 5519 Spiritu
1250 5451 1397 5521 loqui
1420 5452 1748 5519 instituenti,
1776 5454 1987 5511 utinam

424 5541 665 5612 Spiritus
702 5540 818 5609 ipse
867 5542 1030 5608 adsit,
1064 5551 1228 5612 atque
1282 5544 1457 5615 ipsius
1512 5547 1778 5603 beneficio
1841 5557 1990 5605 tanta

422 5631 555 5687 mihi
586 5633 759 5686 oratio
785 5630 964 5695 detur,
996 5643 1259 5702 quantam
1291 5634 1450 5705 cupio
1475 5652 1490 5703 ;
1519 5646 1613 5691 aut
1640 5638 1685 5692 si
1704 5653 1813 5692 non
1842 5647 1992 5696 tanta

421 5727 592 5798 (quod
617 5723 1061 5796 intempestivum
1093 5728 1199 5781 hoc
1229 5729 1303 5781 sit
1345 5728 1637 5801 minusque
1674 5711 1851 5803 utile),
1888 5734 1992 5788 hu-

488 5910 535 5943 ”
566 5910 706 5969 Psal.
746 5929 903 5979 xxxv,
936 5914 989 5966 7.
1065 5914 1105 5945 δ¹
1139 5913 1296 5969 liom.
1336 5930 1407 5979 xi,
1444 5913 1530 5967 55.
1609 5913 1652 5945 ”
1688 5915 1829 5969 Psal.
1869 5929 1979 5979 χιιι,

2100 5953 2112 5967 .
2193 5899 2242 5945 ’δέ
2283 5913 2438 5969 Joan.
2487 5931 2567 5984 ιιι,
2615 5913 2665 5968 8.

2098 4724 2236 4794 ipsis
2273 4725 2439 4779 Deum
2464 4723 2886 4779 confitebantur.
2910 4722 3221 4792 Theologus
3260 4726 3426 4796 igitur
3458 4745 3556 4785 eos
3578 4748 3674 4801 qui

2100 4816 2366 4890 Spiritum
2397 4826 2704 4872 creaturam
2742 4830 2865 4870 esse
2888 4826 3055 4886 atque
3092 4832 3124 4871 a
3151 4815 3295 4875 Filio
3332 4820 3534 4877 factum
3588 4840 3679 4879 as-

2097 4911 2375 4975 serebant,
2417 4908 2848 4964 contumeliosos
2879 4916 3058 4973 vocat,
3085 4908 3492 4984 imperiumque
3513 4929 3679 4987 repit-

2097 5001 2316 5057 diantes
2349 5017 2414 5056 ac
2469 5000 2800 5070 rejicieutes,
2852 4998 3114 5056 adversus
3169 5000 3462 5059 Dominum
3512 5021 3673 5062 suum

2097 5094 2301 5163 perfide
2346 5094 2742 5164 insurgentes;
2784 5107 2880 5162 eos
2932 5103 3137 5161 autem,
3171 5096 3267 5166 qui
3313 5095 3575 5168 Spiritum
3620 5102 3676 5155 in

2095 5186 2295 5240 animis
2328 5186 2443 5241 suis
2478 5185 2649 5240 Deum
2704 5184 3114 5251 existimabant,
3147 5187 3433 5256 splendido
3490 5192 3677 5246 animo

2095 5275 2352 5345 praeditos
2382 5291 2505 5331 esse
2538 5276 2674 5332 dicit
2700 5293 2714 5343 ;
2740 5292 2836 5332 eos
2869 5292 3017 5341 vero,
3067 5279 3162 5348 qui
3200 5294 3310 5333 non
3360 5282 3521 5336 modo
3550 5298 3674 5337 eum

2044 5398 2059 5406 -
2098 5365 2264 5421 Deum
2285 5366 2605 5432 credebant,
2654 5369 2747 5423 sed
2776 5367 2940 5423 etiam
2971 5370 3356 5438 praedicabant,
3380 5372 3426 5426 si
3456 5376 3676 5442 quidem

2098 5458 2239 5529 apud
2267 5472 2455 5529 aequos
2489 5475 2556 5514 ac
2605 5461 2808 5529 probos
2833 5463 3135 5531 auditores,
3188 5462 3423 5534 ﬁdeique
3474 5466 3679 5534 pietate

2099 5551 2375 5622 praeditos,
2410 5551 2513 5606 hoc
2552 5551 2818 5616 dicerent,
2877 5553 3145 5610 sublimes
3168 5570 3287 5619 eos,
3328 5567 3383 5611 et
3431 5557 3678 5613 mirificis

2101 5644 2356 5700 laudibus
2387 5645 2585 5715 dignos
2614 5644 2872 5713 appellat.
2898 5644 3002 5719 Sin
3033 5656 3216 5703 autem
3257 5647 3402 5718 apud
3434 5650 3677 5714 humiles

2100 5748 2153 5792 et
2182 5735 2532 5806 imperfectos
2563 5746 2911 5806 mentemque
2964 5738 3227 5797 habentes
3265 5741 3420 5797 humi
3449 5742 3676 5812 depres-

2745 5914 2788 5946 δῖ
2836 5914 2966 5969 ibid.
3012 5915 3065 5971 4.
