4116 6412
437 421 604 484 3455

1877 396 2251 457 ΑΒΒΕΝΒᾹ.

3586 386 3724 451 1456

460 550 600 597 sam,
635 545 866 601 eamque
891 525 961 581 ob
982 536 1206 580 causam
1235 517 1464 590 Spiritui
1498 523 1689 570 sancto
1722 510 1814 567 Dei
1849 524 2047 564 nomen
2079 514 2123 568 Α
2153 506 2405 577 quendam
2448 514 2550 570 est,
2594 505 2677 559 vel
2719 510 2971 559 creatura
3034 499 3431 557 existimandus
3485 499 3614 564 erit,
3644 500 3727 553 vel

460 625 629 681 tribui
689 632 1034 692 nequaquam
1100 614 1360 673 ferentes,
1415 604 1728 676 huiusmodi
1789 601 2039 657 homines

463 713 647 767 minus
688 686 986 781 prudentes
1039 711 1095 757 et
1141 698 1423 755 consultos
1468 709 1592 751 esse
1635 694 1729 747 ait.
1763 686 2041 757 Quemad-

464 778 869 859 modum—enim
926 794 1156 850 infirnue
1192 805 1355 845 aures
1390 787 1614 844 tonitrui
1667 798 1860 840 sonum
1899 778 2042 835 ferre

466 899 763 962 nequeunt,
798 904 898 943 nec
944 885 1146 941 infirmi
1181 882 1328 938 oculi
1363 882 1541 935 lucem
1588 876 1830 945 solisque
1859 872 2042 944 splen-

465 986 654 1040 dorem
689 978 929 1043 obtueri,
965 992 1065 1031 nec
1101 975 1191 1040 iis,
1229 972 1319 1042 qni
1372 968 1532 1024 lactis
1576 964 1833 1021 alimonia
1865 960 2045 1015 adhuc

471 1085 723 1139 utuntur,
749 1071 983 1127 solidum
1017 1058 1211 1121 cibum
1233 1062 1512 1134 porrigere
1538 1057 1759 1129 expedit
1789 1072 1802 1109 :
1840 1054 1914 1109 ita
1946 1066 2045 1108 nec

402 1211 407 1215 .
471 1168 560 1234 iis,
594 1165 688 1236 qui
741 1161 936 1235 primis
984 1157 1163 1213 adhuc
1211 1152 1332 1208 lidci
1356 1150 1681 1205 rudimentis
1728 1146 2045 1201 imbuuntur

472 1258 712 1329 perfecta
741 1253 993 1311 doctrina
1027 1246 1419 1306 committenda
1449 1257 1555 1300 est.
1586 1240 1873 1312 Temporis
1899 1239 2045 1294 enim

471 1362 525 1407 ct
546 1360 901 1421 personarum
926 1342 1192 1398 rationem
1217 1338 1419 1391 habere
1442 1333 1715 1399 convenit,
1746 1346 1809 1386 ac
1833 1344 2047 1385 sermo-

474 1458 573 1499 nes
607 1443 661 1495 in
683 1437 894 1511 iudicio
923 1437 1213 1504 disponere
1231 1430 1301 1494 “,
1324 1443 1425 1483 nec
1444 1435 1684 1495 repente,
1716 1422 1810 1479 sed
1842 1422 2047 1477 sensim

472 1545 524 1586 ιιι
556 1529 884 1601 pedetentim
914 1540 1010 1581 eos
1044 1523 1111 1579 ad
1155 1521 1477 1578 sublimiora
1522 1517 1826 1588 provehere
1871 1512 2048 1568 mino-

476 1625 630 1693 rique
659 1620 863 1675 lumine
895 1616 1157 1688 paulatim
1192 1612 1502 1677 illustratis,
1534 1621 1701 1679 atque
1727 1605 2050 1663 obscuriore

476 1718 702 1770 veritate
738 1709 1025 1766 instructis
1057 1706 1235 1777 majus
1279 1704 1498 1760 tandem
1549 1701 1756 1766 lumen,
1787 1697 2052 1753 illustrio—

459 1820 700 1877 remqne
719 1804 999 1858 veritatem
1028 1796 1318 1868 impertiri.
1339 1791 1787 1861 Quandoquidem
1816 1799 1870 1844 et
1893 1786 2053 1844 Chri-

474 1911 594 1954 stus
629 1896 895 1967 Spiritum
941 1901 1193 1947 sanctum
1215 1887 1476 1958 paulatim
1503 1882 1775 1953 patefecit.
1804 1881 2049 1935 Primum

473 1988 624 2042 enim
661 2025 678 2053 ,
705 2000 775 2039 ne
808 1981 1161 2035 adversarius
1184 1977 1460 2047 quispiam
1490 1973 1585 2028 Dei
1616 1986 1740 2028 esse
1786 1971 2053 2034 videatur,

458 2078 613 2132 'dixit
646 2091 660 2127 :
698 2073 911 2144 Rogabo
966 2070 1209 2130 Patrem,
1238 2077 1286 2122 et
1324 2067 1491 2120 alium
1512 2063 1858 2119 Paracletum
1885 2062 2055 2115 mittet

475 2167 697 2225 vobis“.
733 2167 924 2221 Postea
946 2173 1129 2217 autem
1162 2158 1339 2230 inquit
1364 2176 1377 2212 :
1411 2157 1464 2211 Μ
1473 2160 1584 2211 ittet
1614 2157 1667 2210 in
1687 2156 1892 2209 nomine
1922 2169 2057 2217 meo,

483 2264 611 2333 (hoc
638 2269 743 2326 est,
775 2272 885 2311 non
918 2266 978 2310 ut
1012 2267 1230 2309 servum
1259 2259 1354 2305 aut
1394 2249 1696 2313 subditum,
1742 2247 1836 2302 sed
1868 2248 1922 2299 in
1959 2261 2059 2299 no-

474 2353 621 2407 mine
685 2364 821 2412 meo,
877 2346 930 2400 id
978 2352 1101 2409 est,
1178 2350 1239 2397 ut
1287 2340 1458 2396 Deum
1510 2338 2059 2401 consubstantialem,

480 2437 952 2515 quemadmodum
983 2444 1037 2490 et
1087 2434 1205 2504 ipse
1246 2432 1492 2504 ejusdem
1541 2444 1667 2483 cum
1717 2425 1880 2481 Patre
1934 2439 2058 2479 sum

478 2513 830 2590 substantiae.
870 2526 984 2583 Hoc
1030 2525 1175 2581 enim
1229 2518 1543 2591 significant
1590 2519 1704 2573 haec
1738 2516 1902 2572 verba
1938 2537 1947 2567 :
1991 2513 2061 2569 In

478 2623 695 2680 nomine
728 2618 900 2689 meo);
926 2619 1027 2671 hoc
1054 2623 1240 2670 autem
1271 2611 1521 2671 verbum,
1546 2606 1784 2678 Rogabo,
1819 2603 2059 2675 nonjam

483 2716 707 2787 adiecit.
740 2712 945 2767 Deinde
976 2708 1116 2764 dixit
1150 2724 1163 2760 :
1199 2702 1312 2774 Ego
1356 2702 1588 2767 mittam,
1621 2714 1775 2754 suam
1811 2698 2063 2753 videlicet

483 2806 801 2880 dignitatem
834 2810 890 2858 et
934 2796 1317 2855 auctoritatem
1355 2792 1696 2863 perspicuam
1723 2789 1953 2847 faciens.
1982 2787 2062 2844 Ac

487 2908 768 2969 postremo
789 2896 862 2949 ita
888 2893 1101 2947 locutus
1121 2895 1205 2943 est
1229 2904 1242 2943 :
1268 2884 1441 2941 Veniet
1468 2883 1723 2956 Spiritus,
1752 2894 1812 2939 ttt
1833 2883 2060 2939 liberam

486 2989 727 3060 Spiritus
784 2983 1082 3056 potentiam
1136 2980 1465 3035 ostenderet.
1522 2975 1682 3033 Vides
1738 2992 1848 3047 quo
1902 2985 2062 3047 pacto

487 3080 809 3150 splendores
830 3074 990 3129 nobis
1023 3080 1174 3128 certo
1200 3071 1391 3127 ordine
1421 3067 1737 3143 aﬂulgeant.
1774 3068 1866 3123 Sic
1897 3070 1950 3123 in
1979 3070 2061 3123 lu-

2144 597 2323 653 Deus:
2362 612 2543 667 neque
2582 595 2728 651 enim
2754 595 3060 666 quidquam
3097 590 3481 647 intermedium
3526 600 3634 646 est.
3669 591 3726 644 Si

2145 698 2419 753 creatura,
2466 684 2747 757 quomodo
2795 686 2850 739 itt
2899 699 3025 740 eum
3081 680 3392 737 credimus?
3429 679 3488 735 Si
3541 679 3726 746 Deus,

2147 796 2247 835 cur
2278 793 2387 834 non
2428 778 2594 833 simul
2625 792 2749 833 cum
2779 775 2940 831 Patre
2963 784 3021 831 et
3044 774 3182 828 Filio
3217 771 3577 827 adorabiturf
3604 771 3728 825 ιιειιο

2147 881 2280 928 sunt
2304 870 2568 941 Theologi
2601 870 2765 924 verba
2799 869 2853 922 in
2888 868 3136 922 oratione
3158 868 3225 921 de
3268 864 3474 934 Spiritu
3514 872 3725 919 sancto.

2146 963 2263 1020 Hoc
2292 970 2478 1017 autem
2508 962 2631 1016 loco
2663 959 2730 1014 ad
2765 959 2914 1013 hunc
2967 972 3164 1012 rursus
3196 955 3415 1010 modum
3448 969 3573 1008 cum
3619 951 3732 1007 ha:-

2148 1056 2340 1112 reticis
2364 1052 2723 1125 congreditur
2756 1068 2773 1107 z
2800 1049 2844 1105 0
2866 1049 2971 1104 viri
2999 1045 3213 1120 optimi,
3244 1047 3292 1103 si
3317 1046 3579 1117 Spiritum
3604 1060 3702 1102 san
3719 1072 3734 1084 ι

2148 1157 2300 1203 ctum
2348 1147 2655 1201 increatum
2683 1158 2840 1208 esse,
2882 1156 2948 1197 ac
2972 1141 3233 1211 temporis
3286 1150 3566 1210 expertem
3619 1153 3728 1193 non

2149 1242 2475 1308 admittitis,
2511 1240 2606 1295 sed
2636 1254 2764 1295 eum
2795 1238 2849 1293 itt
2879 1252 3065 1294 rerum
3084 1248 3395 1292 ereatarnm
3438 1246 3728 1288 numerum

2151 1332 2453 1395 ascribitis.
2478 1345 2542 1385 ac
2567 1338 2858 1400 pr0pterea
2880 1328 3113 1398 tempori
3145 1325 3417 1396 subjicitis
3445 1322 3731 1394 (quidquid

2149 1425 2299 1477 enim
2349 1433 2599 1476 creatum
2644 1429 2758 1487 est,
2819 1419 3054 1489 tempori
3098 1418 3293 1473 subest
3343 1416 3560 1469 etiamsi
3625 1429 3730 1467 non

2151 1530 2318 1571 omne
2345 1513 2492 1583 quod
2540 1520 2723 1567 motus
2755 1525 3014 1566 mensura
3053 1507 3533 1565 circumscribitur
3582 1521 3733 1560 eam-

2155 1604 2278 1659 dem
2313 1604 2583 1656 rationem
2638 1598 2861 1669 habeat)
2900 1599 2948 1654 si
3002 1597 3127 1662 hoc,
3162 1597 3411 1667 inquam,
3462 1594 3733 1659 dixeritis,

2155 1695 2578 1765 haudquaquam
2607 1690 2740 1746 boni
2771 1690 3011 1759 Spiritus
3038 1699 3123 1743 est
3168 1687 3257 1740 hic
3283 1684 3519 1745 adlatus.
3546 1699 3736 1736 verum

2160 1785 2409 1858 perversi
2438 1784 2703 1838 tia-monis
2732 1789 2789 1837 et
2830 1780 3075 1836 veritatis
3118 1777 3454 1842 adversarii,
3507 1775 3738 1846 impuri,

2083 1849 2137 1912 Β
2163 1881 2415 1951 inquam,
2449 1875 2599 1931 illius
2629 1884 2683 1930 et
2716 1873 2857 1929 servi
2894 1887 2960 1927 ac
3000 1871 3193 1937 creati,
3249 1870 3316 1924 ad
3371 1869 3624 1923 eumdem
3659 1882 3741 1921 se-

2161 1986 2286 2027 cum
2319 1981 2704 2024 creaturarum
2767 1964 3045 2028 ordinem,
3093 1962 3146 2015 id
3184 1959 3329 2030 quod
3360 1969 3600 2014 creatum
3634 1973 3743 2013 non

2159 2070 2266 2125 cst,
2321 2055 2722 2112 contumeliose
2773 2051 3160 2122 deprimentis.
3224 2049 3437 2105 Dabitis
3471 2050 3620 2103 enim
3652 2064 3744 2103 ve—

2161 2150 2329 2210 niam,
2365 2147 2413 2202 si
2446 2160 2545 2200 vos
2573 2143 2764 2199 divino
2795 2142 2912 2196 zelo
2936 2151 3217 2211 permotus
3248 2141 3537 2210 aliquanto
3562 2139 3740 2194 acrio-

2161 2242 2314 2296 ribus
2338 2238 2520 2294 verbis
2540 2237 2835 2301 incessam,
2857 2246 3023 2306 atque
3048 2248 3115 2289 eo
3135 2234 3379 2288 audacia:
3403 2231 3740 2304 progrediar,

2163 2343 2218 2390 ut
2254 2349 2355 2389 vos
2388 2333 2443 2387 in
2477 2340 2685 2386 tantam
2718 2328 3117 2400 blasphemiam
3161 2336 3577 2397 prorumpentes
3603 2341 3737 2380 con-

2164 2422 2331 2481 trario
2366 2421 2564 2492 spiritu
2597 2419 2769 2475 afﬂari
2804 2419 3006 2474 dicam.
3043 2414 3101 2471 Si
3138 2424 3320 2471 autem
3369 2425 3596 2471 eatenus
3624 2415 3743 2470 sani

2162 2517 2317 2581 estis,
2358 2524 2417 2570 ut
2450 2513 2797 2569 manifestam
2828 2510 3161 2579 impietatem
3203 2507 3449 2578 fugiatis,
3493 2522 3591 2560 nec
3618 2505 3744 2575 Spi-

2165 2609 2331 2664 ritum
2362 2622 2583 2663 servum
2610 2605 2830 2670 dicatis,
2859 2602 2954 2673 qui
2984 2615 3084 2657 nos
3111 2616 3330 2671 quoque
3361 2598 3562 2651 liberos
3585 2594 3745 2650 eliicit

2162 2700 2270 2768 (lex
2295 2700 2441 2755 enim
2471 2697 2727 2769 Spiritus.
2775 2696 2879 2751 hoc
2904 2704 3010 2762 est,
3056 2700 3298 2765 potestas
3333 2688 3572 2759 Spiritus
3594 2687 3739 2744 vita‘.

2164 2793 2344 2863 inquit
2371 2789 2597 2855 Paulus,
2626 2788 2882 2842 l.beravit
2920 2800 3007 2840 me
3041 2800 3071 2839 a
3121 2784 3238 2854 lege
3269 2780 3473 2853 peccati
3502 2789 3555 2835 et
3598 2792 3745 2832 mor~

2166 2886 2238 2941 tis
2263 2885 2334 2937 δ’.
2368 2886 2552 2952 Atque
2582 2880 2747 2935 etiam
2770 2866 3232 2945 idetn'Apostolus
3260 2872 3342 2928 sic
3378 2870 3585 2925 Calatis
3613 2866 3749 2924 scri-
3794 2896 3797 2901 -

2166 2982 2283 3039 bit:
2316 2976 2465 3033 una
2498 2976 2636 3031 Deus
2665 2973 2925 3043 Spiritum
2959 2968 3092 3023 Filii
3119 2969 3203 3022 sui
3243 2969 3298 3021 in
3336 2965 3500 3021 corda
3543 2973 3749 3025 nostra,

2167 3072 2489 3129 clamantem
2518 3084 2536 3122 :
2570 3068 2740 3134 Abba,
2771 3064 2954 3119 Pater.
2984 3059 3171 3131 Itaque
3197 3077 3297 3114 non
3314 3059 3429 3130 jam
3458 3073 3511 3113 es
3530 3072 3706 3112 servus
3734 3094 3750 3118 ,

487 3149 636 3223 mine
665 3166 851 3219 lumen
886 3161 1182 3216 invenitur.
1219 3157 1376 3215 Hunc
1418 3159 1684 3228 Theologi
1728 3159 1979 3213 ordinem
2013 3156 2060 3213 si
2090 3184 2134 3240 ο
2167 3168 2258 3223 δρα
2294 3166 2439 3234 ﬁlius
2482 3163 2550 3216 ⁸³,
2592 3160 2766 3214 Pot-ru
2806 3158 3046 3225 Spiritus
3090 3153 3215 3231 Filii
3256 3154 3461 3208 dicitur
3510 3149 3752 3221 Spiriltll

491 3272 591 3314 nos
610 3269 830 3329 quoque
850 3255 1211 3319 tenuerimus,
1235 3262 1377 3307 recte
1394 3251 1710 3315 fecerimus,
1733 3249 1991 3303 nimirtttn
2003 3260 2068 3302 ut

492 3365 593 3406 nec
618 3346 907 3404 confertim
935 3359 998 3400 ac
1021 3353 1242 3414 repente
1265 3345 1545 3399 cmlestetn
1584 3342 1891 3397 doctrinam
1924 3354 2071 3410 pale-

496 3438 792 3498 faciamus,
814 3448 881 3485 ue
911 3433 1121 3487 alienos
1149 3447 1178 3482 a
1203 3432 1305 3484 fide
1330 3431 1703 3490 vulneremus,
1724 3428 2071 3497 graviterque

495 3529 776 3591 lwdamus,
800 3522 1263 3595 quemadmodum
1302 3524 1393 3588 qui
1430 3520 1697 3574 obscuros
1734 3529 1787 3573 et
1823 3518 2070 3572 infirmos

495 3619 685 3674 oculos
705 3616 994 3671 immodica
1009 3615 1129 3669 luce
1142 3613 1325 3669 subito
1339 3612 1555 3682 explere
1568 3610 2068 3676 conantur,fontetn

497 3709 635 3763 lucis
705 3707 1025 3770 debilitant;
1087 3719 1187 3760 nec
1238 3718 1433 3758 rursus
1488 3713 1755 3773 perpetuo
1828 3703 2071 3756 abditam

492 3801 928 3864 abstrusamqne
952 3803 1255 3855 teneamus,
1287 3805 1388 3846 nec
1422 3800 1640 3846 nostros
1666 3791 1734 3844 ab
1764 3789 2071 3844 orthodoxa

490 3892 606 3947 Alide
630 3900 943 3945 avertantus
968 3896 1133 3955 atque
1172 3883 1469 3955 perdamus
1499 3898 1515 3936 :
1547 3899 1735 3937 verum
1775 3882 2075 3952 prudenter

499 3992 553 4040 et
586 3981 789 4038 sensim
820 3994 886 4035 ac
944 3979 1138 4034 leniter
1199 3976 1408 4030 alienos
1446 3976 1514 4029 ad
1569 3977 1851 4029 veritatem
1897 3973 2075 4028 addu-

494 4089 729 4130 camus:
758 4072 904 4143 quod
941 4071 1182 4125 nondum
1213 4077 1431 4138 tempus
1469 4069 1540 4122 sit
1583 4067 1926 4138 perfectioris
1972 4065 2077 4121 do~

501 4167 694 4222 ctrina:
722 4164 1037 4227 fundendm,
1086 4177 1209 4231 qua:
1247 4159 1574 4230 promiscuae
1622 4158 1796 4227 plebis
1829 4157 2075 4213 auditum

502 4267 840 4329 captumque
878 4263 1129 4324 superat.

570 4352 688 4405 Col.
725 4350 829 4404 438
857 4349 917 4405 Β.
953 4348 1014 4403 Si
1047 4347 1286 4416 quidem,
1311 4347 1477 4411 oriri,
1509 4361 1600 4400 nec
1625 4345 1944 4411 increatum,
1967 4356 2074 4400 etc.

505 4443 781 4497 Adversus
821 4441 1128 4494 contrarias
1171 4438 1239 4492 de
1279 4437 1485 4507 Spiritu
1542 4450 1733 4493 sancto
1778 4437 2079 4492 sententias

2171 3265 2418 3318 sanctus,
2452 3260 2636 3321 utpote
2675 3248 2918 3319 eiusdem
2966 3259 3088 3299 cum
3138 3241 3275 3297 Filio
3324 3240 3647 3296 substantiae
3690 3253 3754 3293 ac

2171 3341 2518 3418 potestatis):
2569 3343 2637 3407 si,
2669 3341 2916 3410 inquam,
2950 3336 3213 3405 Spiritum
3253 3343 3501 3389 sanctum
3535 3345 3754 3387 servum

2171 3440 2356 3495 dicere
2387 3451 2495 3492 non
2537 3433 2774 3497 audetis,
2804 3429 2947 3500 quod
2981 3427 3251 3499 sequitur,
3283 3435 3444 3496 atque
3489 3425 3617 3479 hinc
3645 3422 3753 3479 col-

2152 3531 2381 3600 ligitur,
2413 3528 2697 3584 nobiscum
2738 3534 2791 3579 et
2821 3538 2945 3578 cum
2977 3517 3185 3590 Spiritu
3226 3528 3416 3574 sancto
3444 3516 3752 3587 expendite.
3794 3560 3804 3570 .

2170 3625 2538 3694 Aliquatenus
2575 3620 2720 3676 enim
2772 3617 2944 3686 ipsius
2986 3612 3276 3684 participes
3329 3610 3498 3674 estis,
3527 3622 3756 3675 eamque

2173 3718 2244 3773 ob
2287 3730 2509 3772 causam
2561 3728 2655 3767 ros
2705 3725 2814 3765 non
2856 3708 3084 3763 omnino
3131 3721 3164 3759 a
3207 3712 3354 3758 cmtu
3400 3709 3453 3756 et
3485 3697 3757 3768 colloquio

2175 3808 2368 3865 nostro
2400 3805 2585 3876 eiicio,
2613 3800 3081 3874 quemadmodum
3116 3796 3239 3850 illos
3271 3806 3501 3865 prorsus
3526 3790 3756 3852 alienos,

2175 3900 2271 3971 qui
2301 3898 2613 3953 daemonum
2665 3888 3005 3960 intemperiis
3053 3886 3349 3956 agitantur,
3387 3898 3451 3939 ac
3489 3881 3754 3953 Spiritunt

2177 3999 2489 4048 creaturam
2516 3999 2638 4041 esse
2665 3982 2936 4038 affirmant
2962 3997 2978 4048 ;
3002 3979 3135 4050 quin
3169 3976 3351 4048 potius
3378 3989 3473 4029 vos
3501 3971 3756 4036 admitto,

2179 4099 2244 4138 ac
2288 4080 2600 4143 vobiscum,
2647 4074 2800 4129 velut
2841 4087 2967 4129 eum
3017 4072 3085 4125 iis
3134 4069 3227 4140 qui
3264 4069 3376 4138 iam
3421 4066 3489 4122 ad
3541 4073 3759 4121 nostras

2178 4184 2364 4248 partes
2402 4169 2649 4243 adiuncti
2692 4177 2842 4233 sunt,
2876 4173 2994 4233 aut,
3043 4172 3104 4218 ut
3150 4176 3333 4233 Spero,
3368 4158 3758 4230 adiungentur,

2179 4270 2489 4329 doctrinam
2536 4267 2605 4323 de
2655 4263 2864 4335 Spiritu
2915 4270 3107 4317 sancto
3158 4258 3322 4314 simul
3372 4259 3648 4314 discutere
3697 4272 3760 4312 ac

2180 4361 2515 4435 perpendere
2540 4356 2687 4414 volo.
2711 4354 2970 4422 Quaenam
2998 4363 3180 4409 autem
3205 4362 3289 4407 est
3314 4353 3428 4406 haec
3453 4351 3761 4407 discussioi

2184 4453 2594 4511 Contrariorum
2649 4451 2753 4506 alia
2806 4448 2987 4503 medio
3039 4454 3230 4501 carent
3281 4452 3340 4498 ut
3393 4444 3661 4513 integrum
3709 4453 3758 4497 et

508 4535 824 4591 accuratius
886 4534 1246 4600 cxactiusque
1317 4534 1370 4583 in
1438 4531 1687 4584 oratione
1739 4529 1807 4584 de
1869 4530 2063 4600 Spiritu

2183 4544 2538 4616 superfluunt,
2571 4544 2662 4597 lux
2705 4550 2761 4597 et
2802 4540 3041 4595 tenebrae
3066 4539 3285 4607 (horum
3330 4535 3477 4589 enim
3525 4534 3762 4590 medium

505 4638 699 4685 saneto
734 4626 1050 4694 Tlteologus
1103 4624 1422 4693 disputavit.
1468 4621 1588 4678 .llae
1616 4624 1780 4692 igitur
1814 4623 2063 4678 divisiont

2181 4638 2390 4693 nullum
2439 4636 2569 4708 est),
2604 4632 2991 4690 alia'trtediutn
3043 4629 3261 4685 habent.
3310 4625 3524 4682 Rursus
3571 4641 3761 4680 eorum

512 4724 692 4776 utitur
722 4718 1004 4788 {Spiritus
1036 4726 1284 4783 sanctus,
1317 4727 1412 4769 aut
1457 4730 1552 4784 per
1588 4723 1646 4769 'se
1696 4716 1968 4780 subsistit,
2004 4724 2077 4770 at-

506 4834 616 4891 que
644 4825 729 4873 est
762 4816 998 4871 essentia
1034 4826 1048 4866 :
1076 4821 1171 4867 aut
1187 4813 1247 4866 in
1268 4815 1439 4867 altero
1457 4811 1857 4874 consideratur,
1881 4826 1946 4866 ac
1969 4819 2083 4865 tum

509 4910 789 4967 accidens.
815 4907 1209 4962 nominabitur.
1236 4904 1300 4960 Si
1329 4904 1581 4960 accidens
1622 4913 1729 4969 est,
1763 4904 1953 4975 utique
1990 4902 2084 4958 Dei

515 5012 670 5057 actus
698 5003 822 5057 erit.
872 4998 1046 5055 Porro
1096 4999 1141 5055 si
1199 5006 1355 5052 artus
1424 5005 1530 5062 est,
1587 5007 1781 5066 agetur
1814 4993 2080 5065 profecto,

513 5106 624 5145 non
658 5101 838 5146 autem
879 5096 1002 5159 aget
1055 5107 1070 5144 :
1141 5102 1207 5143 ac
1262 5087 1427 5141 simul
1490 5097 1653 5155 atque
1690 5096 1846 5139 actus
1895 5085 2079 5150 fuerit,

511 5182 675 5237 finem
711 5181 954 5237 habebit.
990 5180 1317 5250 Huiusmodi
1348 5178 1495 5232 enim
1532 5182 1615 5232 est
1669 5186 1824 5232 actus
1861 5187 2083 5230 natura.

512 5276 675 5345 Atqui
713 5274 951 5344 Spiritus
979 5273 1111 5341 agit,
1141 5281 1196 5325 et
1228 5269 1477 5340 quaedam
1524 5270 1677 5335 dicit,
1710 5278 1764 5322 et
1803 5279 2080 5340 segregat,

515 5379 573 5423 et
595 5378 829 5422 maerore
853 5362 1107 5426 afﬁcitur,
1131 5359 1468 5424 etirritatur,
1490 5369 1542 5412 et
1567 5370 1760 5413 cattera
1782 5359 1900 5426 eius
1921 5374 2083 5429 gene-

510 5462 613 5525 ris,
637 5474 760 5530 qua
783 5472 890 5512 non
921 5455 1117 5519 motui,
1169 5455 1263 5508 sed
1296 5454 1343 5507 ei
1396 5454 1543 5522 quod
1590 5463 1797 5506 motum
1830 5453 2083 5517 habebat,

508 5552 870 5615 conveniunt,
918 5549 1023 5604 hoc
1057 5556 1163 5611 est,
1212 5546 1415 5614 agenti,
1450 5558 1515 5599 ac
1547 5558 1658 5598 non
1715 5543 1881 5598 actui.
1917 5544 2086 5599 Actus

508 5644 695 5712 itaque
724 5657 833 5696 non
867 5653 950 5696 est
972 5639 1219 5710 Spiritus
1248 5649 1495 5693 sanctus.
1522 5634 1639 5689 tiam
1679 5637 1722 5689 si
1771 5636 2078 5692 sobstantia

2182 4741 2304 4797 qua:
2340 4726 2580 4780 medium
2631 4722 2853 4788 habent,
2885 4719 2992 4774 alia
3038 4718 3278 4772 medium
3324 4731 3494 4769 unum
3540 4714 3763 4777 habent,

2184 4830 2246 4876 ut
2266 4820 2482 4891 iustum
2514 4829 2569 4873 et
2615 4815 2881 4885 iniustum
2928 4815 3147 4884 (horum
3182 4810 3332 4865 enim
3382 4810 3623 4864 medium
3658 4818 3763 4865 est.

2184 4912 2329 4984 quod
2378 4918 2636 4965 neutrum
2670 4906 2818 4977 est);
2867 4905 2973 4959 alia
3017 4912 3221 4966 autem,
3269 4900 3427 4971 plura
3476 4900 3675 4965 media,
3710 4908 3763 4953 ut

2190 4991 2467 5058 album‘et
2500 5000 2751 5071 nigrum:
2794 4999 2989 5053 horum
3020 4998 3164 5051 enim
3199 4996 3376 5048 media
3412 4993 3583 5046 multa
3612 5006 3765 5054 sunt,

2189 5096 2442 5163 fuscum,
2500 5093 2794 5164 pallidum,
2850 5092 3113 5153 rubrum,
3173 5087 3393 5142 ﬂavum.
3450 5085 3765 5139 caeruleum.

2193 5187 2399 5242 Eodem
2450 5186 2613 5256 igitur
2644 5182 2805 5238 modo
2849 5181 3153 5236 dominium
3179 5188 3231 5232 et
3257 5177 3513 5236 servitus,
3547 5190 3669 5229 eum
3703 5176 3765 5227 tle

2191 5279 2360 5332 rebus
2409 5272 2654 5330 fortuitis
2699 5272 2899 5343 agitur,
2955 5271 3189 5324 medium
3242 5267 3443 5320 habent
3489 5265 3656 5332 (inter
3704 5282 3765 5316 ea

2193 5367 2336 5423 enim
2372 5367 2597 5422 libertas
2636 5364 2919 5433 interiecta
2949 5364 3091 5429 est);
3124 5375 3246 5414 cum
3287 5368 3467 5411 autem
3502 5358 3571 5411 de
3608 5367 3766 5409 natu-

2193 5458 2405 5511 ralibus
2468 5470 2654 5512 ser-mo
2722 5455 2972 5517 habetur,
3039 5465 3267 5521 prorsus
3325 5448 3504 5503 medio
3557 5457 3766 5502 carent.

2197 5548 2351 5616 Quod
2393 5549 2439 5603 si
2474 5548 2713 5603 medium
2747 5544 3005 5616 quiddam
3052 5544 3194 5597 inter
3228 5541 3530 5597 dominium
3562 5549 3617 5593 et
3649 5552 3767 5591 ser-

2195 5645 2424 5696 vitutem
2471 5655 2593 5695 esse
2636 5636 2985 5700 contenditis,
3038 5635 3272 5689 medium
3328 5634 3458 5688 illud
3505 5629 3767 5702 proferte,

584 5818 631 5851 ⁶⁵
672 5815 815 5869 Psa‘l.
864 5831 943 5880 nt,
981 5817 1036 5870 ὃ.
1111 5817 1159 5849 ⁸⁸
1192 5813 1348 5871 Joan.
1407 5830 1514 5878 xrv,
1573 5816 1656 5869 l6.
1735 5816 1776 5846 ⁸⁷
1835 5814 1991 5867 Rom.
2040 5827 2158 5883 vttt,
2212 5814 2267 5864 2.
2344 5810 2391 5842 ⁸⁸
2439 5808 2614 5865 Galat.
2653 5824 2725 5875 tv,
2758 5810 2811 5875 ϐ,
2848 5809 2899 5864 7.
