4116 6420
345 449 348 451 λ
434 411 568 479 tm

1418 421 1736 480 NICETAS
1776 422 1852 480 ΙΝ
1896 422 2116 482 ΟΠΛΤ.
2151 422 2326 484 XLIV
2369 423 2428 481 S.
2473 421 2700 480 GREG.

3530 414 3696 478 MSS?

427 530 593 590 atque
635 522 908 592 exponitc,
934 522 1213 593 quodnam
1265 524 1314 578 id
1365 526 1457 591 sil,
1490 537 1548 580 ut
1599 526 1706 580 illic
1739 526 1997 597 Spiritum
2031 528 2074 590 Α
2105 542 2242 597 quas
2289 525 2462 595 magis
2487 523 2770 578 honoratis
2801 536 2864 576 ac
2896 521 3253 584 veneratnini,
3305 525 3363 575 ιιι
3415 522 3672 591 probatas

424 612 708 667 collucent.
759 615 922 683 Atqui
959 614 1090 668 nihil
1128 615 1366 670 medium
1417 616 1556 671 inter
1590 617 1904 672 servitutem
1947 626 1999 670 ct

425 703 724 758 dominium
779 705 957 760 afferri
1007 716 1203 776 potest.
1255 708 1298 760 Α
1349 709 1572 762 veritate
1621 708 1783 777 igitur
1822 708 1995 778 pressi

426 807 591 864 atque
637 797 835 861 coacti,
879 813 944 852 eo
984 796 1295 867 adigemini,
1350 807 1406 852 ut
1440 799 1701 867 Spiritum
1752 811 1996 854 sancttun

429 886 596 940 Deum
633 902 696 941 ac
744 887 1034 941 Dominum
1073 888 1373 944 fateamini.
1422 889 1555 943 Nam
1603 891 1646 946 si
1693 891 1891 959 ipsum,
1941 901 2002 943 ut

425 994 517 1047 par
569 988 687 1040 est,
745 994 965 1033 servum
1020 979 1200 1034 dicere
1255 980 1652 1043 reformidatis,
1712 982 1996 1035 Dominum

424 1085 548 1122 eum
599 1084 662 1124 ac
711 1069 880 1123 Deum
936 1069 1092 1125 fateri
1145 1073 1298 1126 vobis
1349 1088 1573 1126 necesse
1618 1073 1740 1126 erit.
1789 1071 1997 1126 Etenim

423 1161 518 1228 qui
560 1160 624 1213 de
658 1161 988 1217 immrdiatis
1018 1163 1311 1218 contrariis
1345 1165 1732 1234 interrrgaiur,
1766 1164 1997 1217 duorum

423 1252 654 1304 alterum
705 1253 1038 1321 respondere
1085 1268 1307 1310 necesse
1358 1255 1519 1309 habet
1562 1273 1575 1309 :
1613 1271 1722 1309 non
1770 1255 1896 1310 item
1944 1255 1997 1308 in

424 1341 696 1396 mediatis.
730 1341 852 1398 Haec
894 1354 1075 1398 autem
1119 1345 1322 1400 idcirco
1351 1360 1380 1400 a
1413 1345 1679 1416 Gregorio
1718 1346 1997 1411 dicuntur,

423 1433 684 1498 quoniam
713 1433 938 1503 quidam
989 1451 1052 1488 ex
1083 1435 1152 1489 iis
1180 1436 1272 1505 qui
1306 1435 1532 1506 Spiritui
1575 1446 1765 1492 sancto
1796 1436 1996 1491 bellum

423 1522 773 1585 indixerant,
825 1537 924 1578 nec
973 1521 1261 1578 Dominum
1315 1539 1379 1579 ac
1427 1524 1594 1578 Deum
1641 1539 1766 1580 eum
1819 1524 2000 1580 dicere

422 1613 788 1677 sustinebant,
815 1614 959 1683 quod
988 1623 1172 1683 aperte
1202 1615 1253 1669 id
1286 1616 1337 1670 in
1367 1613 1650 1686 Scriptura
1677 1632 2009 1687 expressum

423 1720 529 1756 11011
571 1713 716 1758 85881.
761 1721 773 1757 τ
809 1720 908 1759 nec
955 1721 1148 1759 I‘UI‘SUS
1194 1722 1409 1759 servum
1457 1723 1656 1763 vocare
1698 1709 1993 1763 audebant.

421 1792 505 1844 Ab
552 1792 618 1846 iis
665 1793 830 1863 igitur
873 1804 1184 1864 extorquet,
1223 1812 1288 1850 ne
1333 1808 1627 1868 utrumque
1662 1800 1991 1863 inficientur,

2102 618 2236 672 etin
2281 617 2560 686 Scriptura
2605 628 2914 684 expressas.
2952 615 3224 679 Quoniam
3274 615 3417 666 enim
3445 616 3662 668 unicam
3710 630 3713 634 ·

2105 707 2249 762 hanc
2295 723 2508 772 vocem,
2561 705 2726 764 Deus,
2777 705 2935 758 nobis
2975 707 3104 757 dare
3158 703 3485 775 gravamini,
3538 703 3673 756 alias

2102 801 2290 854 saltem
2341 799 2484 864 date,
2531 799 2678 853 verbi
2710 798 2903 868 gratia,
2962 797 3104 865 quod
3160 796 3398 866 Spiritus
3449 805 3673 849 sanctus

2102 887 2377 943 increatus
2399 889 2489 953 sit,
2522 888 2667 956 quod
2699 887 3066 956 omnipotens,
3113 892 3166 938 et
3193 885 3430 953 reliquas
3478 883 3670 949 hujus—

2105 979 2298 1045 modi,
2353 994 2419 1033 ex
2483 979 2679 1047 quibus
2743 976 3136 1045 compendioso
3197 974 3429 1028 artiﬁcio
3491 973 3669 1040 ipsum

2102 1083 2322 1138 quoque
2359 1067 2526 1122 Deum
2553 1081 2674 1120 esse
2721 1065 3065 1134 colligamus.
3113 1061 3224 1115 Nos
3256 1069 3440 1114 autem
3490 1058 3670 1111 haud-

2101 1174 2374 1228 quaquam
2427 1173 2524 1213 vos
2563 1165 2620 1210 ut
2662 1170 2862 1226 pravos
2931 1162 2984 1207 et
3044 1152 3340 1208 sceleratos
3368 1149 3673 1204 exsecrabi-

2103 1267 2244 1312 mur,
2272 1249 2366 1305 sed
2396 1260 2454 1304 ut
2495 1249 2742 1302 infirmos
2770 1247 3107 1300 medicorum
3138 1259 3291 1298 more
3329 1242 3669 1304 curabimus,

2102 1341 2444 1414 ignoratione
2507 1339 2690 1409 potius
2723 1353 2886 1408 quam
2934 1336 3172 1391 amentia
3223 1334 3370 1389 circa
3405 1333 3541 1387 fidei.
3569 1333 3668 1386 do-

2101 1433 2332 1490 ctrinam
2371 1429 2732 1493 ofl‘cndentes,
2759 1443 2824 1482 ac
2854 1438 3076 1497 pr0pter
3106 1425 3308 1481 mentis
3353 1424 3686 1493 languorem.

2099 1534 2153 1580 (ιι
2199 1523 2634 1579 imbecillitatem
2684 1519 3002 1589 bujusmodi
3035 1532 3222 1573 vocem
3278 1515 3528 1586 proferre
3563 1527 3670 1566 non

2100 1615 2385 1670 audentes.
2432 1612 2564 1667 Eam
2594 1620 2772 1666 autem
2804 1609 2858 1664 in
2896 1609 3139 1664 curando
3169 1608 3436 1662 rationem
3462 1605 3671 1659 tenebi-

2100 1723 2258 1772 nms,
2311 1717 2370 1761 ut
2419 1713 2766 1775 nequaquam
2823 1719 3014 1773 puram
3075 1703 3142 1757 de
3201 1702 3441 1770 Spiritus
3493 1700 3671 1754 sancti

2099 1799 2382 1853 divinitate
2411 1799 2716 1852 doctrinam
2767 1794 2920 1850 vobis
2967 1794 3361 1864 propinemus,
3411 1793 3504 1848 sed
3534 1808 3672 1845 non-

423 1899 615 1951 rempe
645 1886 788 1954 quod
827 1901 926 1940 nec
961 1902 1170 1951 servus,
1213 1904 1312 1942 nec
1345 1888 1610 1946 Dominus
1652 1893 1724 1948 sit
1760 1892 1996 1962 Spiritus
2029 1865 2068 1920 Β
2102 1891 2248 1944 nulla
2300 1903 2520 1958 quoque
2549 1888 2735 1950 verba,
2795 1901 2917 1956 quae
2956 1887 3111 1941 vobis
3160 1887 3337 1956 magis
3383 1885 3668 1947 arrident,

420 1986 689 2029 sanctus:
733 1979 989 2047 quoniam
1026 1980 1160 2032 nihil
1208 1981 1277 2034 sit
1315 1983 1556 2046 tertium,
1590 1986 1732 2054 quod
1770 2001 1996 2056 respon-

419 2067 599 2122 dendo
639 2069 882 2137 proferre
933 2081 1158 2139 queant,
1207 2089 1420 2139 verum,
1471 2079 1727 2146 quoniam
1779 2093 1994 2132 servum

418 2177 541 2213 cum
594 2161 777 2216 dicere
826 2161 1137 2235 refugiunt,
1190 2168 1521 2236 persuadere
1569 2169 1650 2224 eis
1699 2170 1890 2225 nititur
1940 2180 2000 2226 ut

419 2252 565 2320 quod
605 2253 877 2322 reliquum
919 2265 1004 2309 est
1051 2255 1347 2323 fateantur,
1399 2258 1659 2330 Spiritum
1705 2259 1995 2317 Dominum

416 2358 538 2397 esse
587 2361 601 2398 :
651 2346 1093 2414 quandoquidem
1159 2349 1305 2403 inter
1353 2350 1632 2406 dominum
1685 2362 1737 2407 et
1782 2369 1995 2408 servum

420 2432 627 2486 nullum
674 2436 746 2487 sit
782 2435 1044 2488 medium.
1078 2439 1144 2489 At
1173 2437 1412 2507 syllabas
1460 2439 1687 2493 moleste
1718 2439 1910 2494 fertis?
1945 2441 1996 2495 id

418 2535 538 2588 est,
598 2541 794 2578 nomen
849 2527 988 2590 hoc,
1047 2526 1228 2589 Deus,
1283 2528 1410 2598 quia
1463 2545 1726 2599 eXpresso
1780 2534 1999 2588 nomine

415 2617 654 2686 Spiritus
699 2633 922 2674 sanctus
967 2620 1018 2673 in
1076 2618 1360 2691 Scriptura
1398 2620 1540 2676 Deus
1590 2638 1697 2676 non
1753 2626 1993 2678 dicitur:

415 2723 481 2760 ac
511 2717 798 2778 propterea
831 2711 896 2764 ad
943 2714 1081 2767 hanc
1113 2728 1322 2779 vocem,
1356 2722 1614 2783 tanquam
1659 2717 1724 2770 ad
1767 2717 1995 2785 lapidem

417 2801 708 2869 quemdam
753 2802 1076 2874 impingitis,
1113 2815 1275 2876 atque
1311 2808 1360 2860 id
1396 2808 1551 2863 vobis
1584 2807 1905 2864 offensionis
1935 2825 1998 2864 ac

417 2892 700 2949 divisionis
732 2911 895 2950 causa
926 2908 1008 2952 est
1043 2914 1054 2952 :
1097 2915 1195 2953 nec
1230 2900 1452 2965 mirum,
1500 2917 1624 2956 cum
1674 2903 1788 2972 ipse
1830 2903 1993 2958 etiam

415 2987 669 3044 Christus
719 2990 789 3045 ob
841 3006 1062 3046 carnem
1116 2993 1441 3063 quibusdam
1490 2995 1748 3050 scandan
1799 2997 1992 3062 fuerit,

416 3082 878 3148 quernallmodum
912 3093 964 3138 et
1007 3087 1329 3155 praedixerat
1372 3087 1557 3152 lsaias,
1591 3098 1644 3142 et
1687 3087 1882 3144 Paulus
1928 3089 1993 3143 ad

418 3171 694 3228 Romanos
721 3175 970 3230 scribens
999 3178 1389 3246 interpretatus
1417 3190 1500 3234 est
1530 3201 1541 3234 :
1569 3179 1800 3249 Oﬂ'endit
1824 3183 1990 3247 enim,
2020 3201 2063 3258 ο

417 3266 616 3332 inquit,
647 3273 714 3318 ad
752 3267 983 3336 lapidem
1023 3270 1352 3338 offensionis,
1394 3273 1530 3325 sicut
1575 3275 1828 3343 scriptum
1872 3290 1990 3328 est:

413 3355 552 3409 Ecce
587 3373 722 3425 pono
767 3359 820 3410 in
867 3358 994 3412 Sion
1040 3360 1265 3428 lapidem
1321 3363 1648 3430 o/fensionis,
1691 3373 1740 3417 et
1787 3373 1991 3432 petram

413 3449 658 3501 scandali
684 3449 748 3503 δ’.
790 3451 1157 3515 Quamobrem
1201 3453 1247 3508 si
1293 3455 1394 3508 hoc
1430 3471 1525 3510 vos
1574 3456 1816 3520 offendit,
1848 3458 1991 3527 quod

414 3556 682 3609 nusquam
734 3543 1030 3612 Scriptura:
1080 3545 1260 3598 verbis
1311 3562 1632 3615 expressum
1687 3551 1792 3613 sit,
1847 3552 1992 3620 quod

417 3631 657 3700 Spiritus
706 3634 776 3688 sit
827 3634 991 3700 Deus,
1036 3635 1274 3690 humano
1321 3652 1507 3692 errore
1555 3639 1688 3708 lapsi
1740 3643 1893 3705 estis,
1928 3659 2031 3699 ac

413 3723 572 3778 vobis
625 3724 982 3794 ignoscimus.
1034 3725 1277 3794 Agedum
1333 3727 1499 3798 igitur
1561 3735 1988 3788 controversiam

414 3818 808 3888 transigantus,
859 3819 911 3874 id
963 3830 1069 3886 est,
1114 3821 1289 3876 amice
1340 3832 1393 3875 et
1443 3822 1666 3891 pacifice
1706 3823 1846 3877 inter
1892 3842 1990 3880 uos

413 3909 712 3964 cfliciamur
764 3926 780 3965 :
835 3911 998 3980 idque
1052 3928 1158 3966 non
1214 3915 1534 3983 simpliciter
1587 3916 1677 3969 sed
1730 3918 1987 3985 spiritua-

413 4003 538 4056 liter
588 4001 874 4067 faciamus,
932 4003 1035 4057 hoc
1073 4013 1191 4070 est,
1224 4014 1280 4058 ut
1334 4006 1559 4074 Spiritui
1614 4017 1826 4076 gratum
1881 4018 1982 4062 cst.

413 4091 638 4144 Gratum
704 4101 787 4146 est
845 4103 1063 4156 autem,
1121 4104 1210 4160 ut,
1267 4096 1487 4162 privatis
1547 4096 1988 4151 contentionibus

413 4184 876 4253 opinionibusque
941 4186 1180 4252 relictis,
1245 4186 1474 4239 aliorqu
1552 4188 1810 4243 utilitates
1866 4205 1987 4242 cum

411 4277 561 4331 omni
641 4277 1038 4347 tranquillitate
1109 4293 1467 4348 procuremus
1552 4297 1567 4333 :
1648 4281 1793 4350 quod
1864 4281 1987 4352 qui-

411 4371 534 4424 dem
571 4368 778 4422 faciunt
807 4369 900 4439 qui
948 4385 1055 4423 non
1108 4371 1214 4433 sui,
1259 4371 1351 4424 sed
1404 4372 1632 4425 fratrum
1688 4388 1751 4426 ac
1804 4374 1988 4442 proxi-

413 4475 628 4513 morum
677 4473 865 4513 amore
909 4461 1147 4530 correpti
1192 4469 1341 4516 sunt.
1388 4458 1437 4515 ls
1468 4471 1648 4515 autem
1684 4463 1767 4516 sui
1803 4478 1988 4516 amore

2099 1980 2497 2034 admisceamus
2551 1994 2566 2033 :
2622 1992 2727 2030 non
2806 1991 2969 2032 secus
3029 1991 3094 2029 ac
3178 1975 3372 2030 medici
3425 1975 3669 2045 jucunda

2099 2071 2348 2142 quaedam
2417 2069 2810 2139 aegrotantibus
2878 2067 3213 2137 indulgent,
3276 2082 3387 2137 quo
3455 2065 3702 2121 facilius-

2098 2161 2424 2216 medicinam
2451 2161 2760 2215 admittant.
2792 2158 2974 2230 Turpe
2999 2160 3145 2214 enim
3174 2171 3258 2215 est
3295 2169 3348 2215 et
3385 2162 3699 2229 perabsuro-

2099 2251 2252 2316 dum,
2303 2267 2423 2316 vos,
2483 2267 2608 2307 cum
2667 2253 2852 2306 animo
2894 2251 3012 2306 sani
3046 2261 3100 2304 et
3160 2251 3469 2306 incolumes
3516 2252 3703 2316 sitis,-

2102 2345 2396 2418 (quatenus
2469 2343 2735 2414 Spiritum
2803 2351 3054 2399 sanctum
3131 2344 3437 2399 rectissime
3500 2344 3672 2399 Deum

2098 2438 2446 2508 existimatis)
2487 2439 2695 2492 minute
2714 2437 2860 2493 circa
2882 2438 3034 2492 vocis
3056 2452 3254 2493 sonum
3282 2438 3430 2491 litem
3457 2451 3670 2501 creare,
3689 2485 3705 2490 ..

2100 2547 2164 2586 ac
2219 2531 2482 2584 tenaciter
2537 2520 2853 2592 immorari,
2912 2529 3095 2582 dicere
3149 2529 3392 2584 nolentes
3439 2528 3503 2582 ιιι-
3526 2530 3672 2598 quod

2101 2623 2283 2677 animo
2341 2621 2586 2688 creditis,
2647 2621 2908 2674 nimirum
2954 2622 3098 2688 quod
3151 2619 3387 2687 Spiritus
3449 2629 3675 2675 sanctus

2100 2713 2244 2768 Deus
2299 2715 2372 2768 sit
2418 2728 2655 2768 :verum
2689 2713 3004 2766 thesaurum
3037 2751 3049 2772 ,
3103 2727 3267 2780 quem
3336 2713 3389 2765 in
3453 2721 3674 2781 pectore

2099 2803 2335 2870 habetis,
2390 2803 2812 2866 abscondentes,
2863 2811 2922 2856 ιιι
2958 2801 3340 2871 suspicionem
3379 2801 3680 2867 moveatis,-

2099 2897 2148 2948 id
2180 2913 2241 2950 ea
2284 2899 2348 2951 de
2377 2910 2542 2950 causa
2574 2910 2605 2950 a
2631 2896 2786 2950 vobis
2811 2894 2948 2959 ﬁeri,
2992 2895 3072 2947 vel
3097 2894 3242 2962 quod
3267 2893 3391 2947 aliis
3419 2893 3666 2947 invidea-

2098 2986 2188 3052 tis,
2221 3001 2286 3040 ac
2319 2987 2421 3041 soli
2460 2986 2560 3040 hac
2587 2985 2898 3054 cognitione
2947 2993 3001 3038 et
3050 2983 3278 3038 scientia
3325 2982 3432 3036 frui
3464 2983 3666 3047 velitis,

2097 3078 2181 3131 vel
2250 3079 2396 3145 quod
2456 3077 2738 3139 metuatis,
2800 3090 2872 3128 ne
2937 3074 3138 3142 linguae
3194 3087 3416 3141 quoque
3479 3082 3706 3127 vestra}-

2099 3168 2362 3224 sanctitas
2417 3170 2534 3236 ipsa
2588 3163 3032 3236 pronuntiatione
3063 3173 3670 3231 compareturzquent-

2098 3259 2393 3316 admodum
2447 3258 2629 3312 anima
2690 3273 2788 3327 per
2843 3268 3050 3311 rectam
3102 3256 3168 3310 de
3221 3255 3428 3325 Spiritu
3477 3264 3694 3310 sancto.

2094 3352 2256 3406 fidem
2314 3351 2656 3406 sanctificata
2707 3357 2813 3406 est.
2847 3349 3090 3420 Turpius
3133 3359 3316 3403 autem
3370 3348 3526 3402 nobis
3559 3356 3669 3411 est,

2095 3445 2139 3500 si
2174 3445 2316 3499 idem
2345 3445 2634 3498 admittere
2665 3444 3094 3514 comperiantur,
3123 3443 3269 3511 quod
3301 3441 3453 3497 vobis
3479 3440 3672 3509 objici-

2101 3551 2245 3602 mus,
2274 3537 2379 3590 hoc
2410 3544 2516 3598 est,
2561 3549 2685 3589 cum
2717 3551 2814 3588 vos
2858 3549 3208 3599 accusamus,
3243 3541 3300 3586 ut
3334 3533 3480 3587 circa
3513 3531 3666 3585 vocis

2101 3644 2296 3683 sonum
2349 3629 2542 3699 jejune
2607 3637 2661 3681 et
2725 3641 3001 3696 prmparce
3057 3625 3316 3689 affectos,
3378 3639 3477 3677 nec
3545 3638 3667 3676 eam

2092 3721 2478 3786 intendentes,
2531 3721 2693 3774 iidem
2747 3729 2982 3788 quatuor
3045 3718 3251 3772 litteras
3310 3718 3478 3788 (quae
3519 3727 3667 3782 sunt,

2099 3809 2263 3881 Deus)
2302 3811 2532 3865 nimium
2579 3811 2740 3865 anxie
2783 3823 3204 3880 persequamur,
3239 3824 3340 3864 nec
3385 3810 3542 3864 aliter
3571 3823 3670 3862 vos

2091 3903 2466 3967 admittamus,
2500 3918 2664 3971 quam
2698 3901 2743 3955 si
2767 3917 2861 3956 eas
2888 3903 3255 3970 pronuntietis
3289 3918 3304 3954 :
3343 3900 3566 3970 perinde
3606 3915 3670 3952 ac

2091 3996 2135 4048 si
2175 3992 2347 4061 pietas
2384 3993 2437 4045 in
2472 3991 2790 4046 nmninibus
2822 3993 2999 4060 posita
3033 3993 3126 4059 sit,
3157 4006 3265 4044 non
3295 3992 3349 4044 in
3376 3991 3561 4045 rebus.

2159 4096 2273 4150 Col.
2315 4095 2418 4150 459
2445 4096 2505 4149 B.
2532 4095 2872 4160 Trinitatem,
2917 4113 2946 4148 ο
2978 4095 3097 4160 t-iri,
3131 4096 3287 4148 unius
3328 4094 3539 4147 deitati-s
3557 4110 3674 4147 esse

2092 4189 2388 4257 fateamini,
2429 4200 2536 4242 etc.
2599 4186 2929 4251 Fateamini,
2985 4187 3186 4256 inquit,
3229 4203 3262 4240 o
3306 4187 3493 4249 amici,
3540 4202 3670 4239 sau-

2090 4293 2232 4336 Ctam
2265 4278 2587 4334 Trinitatem
2623 4280 2782 4332 unius
2810 4294 2931 4334 esse
2959 4277 3268 4333 divinitatis
3303 4294 3367 4332 ac
3404 4289 3610 4332 natura:
3651 4297 3667 4337 :

2092 4383 2253 4443 atque
2278 4387 2379 4443 ego
2432 4371 2694 4439 Spiritum
2749 4369 3034 4437 precabor,
3071 4380 3131 4423 ut
3161 4387 3262 4424 vox
3309 4371 3444 4436 haec,
3489 4372 3668 4438 Deus,

2093 4463 2250 4516 vobis
2304 4461 2622 4530 inspiretur.
2655 4457 2808 4513 Haec
2860 4467 3043 4512 autem
3099 4459 3305 4514 idcirco
3356 4458 3678 4526 Theologus

411 4559 647 4616 tenetur,
701 4551 796 4620 qui
853 4553 1050 4620 quaerit
1106 4567 1228 4621 qua:
1286 4568 1384 4606 sua
1443 4562 1605 4617 sunt;
1667 4554 1990 4623 φιλάδελφος
2024 4533 2064 4586 ³)
2097 4556 2245 4621 dicit,
2282 4553 2543 4624 quoniam
2568 4553 2676 4607 illis
2709 4553 2883 4606 levius
2923 4551 3208 4607 videbatur
3241 4551 3452 4616 dicere,
3487 4552 3669 4606 'Frini-

411 4651 592 4693 autem
638 4640 686 4694 is
734 4648 835 4704 est,
889 4641 981 4710 qui
1034 4641 1266 4696 aliorum
1309 4643 1611 4696 commodis
1653 4642 1842 4698 servit.
1891 4644 1990 4697 Ve-

412 4746 569 4794 rum,
629 4746 750 4799 quae
820 4731 1108 4786 laudabilis
1165 4734 1471 4787 concordia:
1549 4734 1795 4788 ineundae
1853 4736 1991 4790 ratio

409 4821 554 4874 erit?
605 4821 737 4875 Date
782 4836 879 4876 vos
926 4822 1034 4875 vim
1078 4821 1379 4877 divinitatis
1423 4839 1486 4878 ac
1526 4825 1849 4892 potentiam,
1889 4826 1990 4882 hoc

409 4923 516 4977 est,
547 4915 731 4968 omnia
777 4930 901 4984 quae
931 4925 1111 4984 potest
1132 4915 1417 4979 divinitas,
1451 4915 1633 4971 omnia
1664 4933 1786 4985 qua:
1811 4917 1987 4987 ipsius

411 5006 628 5075 propria
693 5017 845 5072 sunt,
878 5007 1062 5060 omnia
1107 5023 1229 5076 quae
1262 5009 1427 5062 certis
1472 5010 1614 5063 notis
1640 5011 1983 5065 divinitatem

407 5097 767 5164 exprimunt:
803 5111 866 5151 ac
916 5111 1017 5150 nos
1079 5097 1318 5152 vicissim
1372 5099 1513 5154 hanc
1558 5114 1744 5154 vocem
1768 5141 1783 5166 ,
1816 5099 1983 5166 Deus,

408 5186 804 5256 aliquantisper
857 5187 1014 5241 vobis
1064 5189 1474 5253 concedamus,
1535 5205 1878 5260 nequaquam
1951 5208 1981 5247 a

411 5278 563 5331 vobis
595 5294 714 5332 eam
743 5279 1046 5349 exigentes.
1087 5279 1246 5335 Modo
1268 5284 1413 5336 enim
1447 5283 1552 5336 vim
1593 5293 1647 5337 et
1679 5285 1979 5352 potentiam

409 5370 805 5433 confiteamini,
847 5371 916 5424 de
947 5386 1077 5425 voce
1108 5374 1516 5428 contentionem
1547 5375 1776 5428 minime
1800 5390 1984 5429 move-

414 5462 618 5515 bimus.
649 5459 912 5516 Naturam
945 5472 1002 5517 et
1022 5464 1360 5518 divinitatem
1395 5465 1634 5534 Spiritus
1652 5466 1825 5520 sancti
1848 5481 1984 5519 con-

410 5553 671 5608 liteatuini
708 5555 762 5608 itt
793 5555 916 5608 aliis
941 5555 1300 5619 dictionibus,
1319 5557 1570 5611 eamdem
1595 5557 1701 5610 vim
1733 5557 1984 5612 habenti-

408 5647 534 5713 bus,
564 5663 626 5702 ac
662 5645 768 5702 Deo
799 5649 1274 5717 convenientibus,
1306 5650 1508 5720 quibus
1556 5650 1680 5722 plus
1719 5651 1979 5714 tribuitis,

484 5804 528 5838 υ
563 5803 718 5858 lium.
751 5819 825 5868 Ix,
860 5805 946 5868 52,
979 5805 1081 5870 '55;
1118 5806 1221 5861 lsn.
1258 5823 1373 5869 \‘lll,
1416 5809 1500 5863 li.

2097 4656 2259 4700 tatem
2307 4645 2471 4699 unius
2525 4659 2648 4698 esse
2690 4653 2918 4708 naturte,
2956 4658 3120 4711 quam
3177 4643 3296 4697 haec
3344 4644 3463 4697 tria.
3498 4660 3666 4698 unum

2099 4739 2267 4793 Deum
2303 4753 2444 4802 esse,
2485 4751 2800 4806 quanquam
2834 4735 3026 4789 eadem
3061 4739 3362 4790 verborum
3384 4735 3668 4792 visessct.

2096 4828 2302 4881 Deinde
2340 4824 2624 4895 subiungit
2654 4841 2669 4877 :
2700 4825 2802 4890 Qui
2857 4825 3097 4894 primum
3153 4825 3326 4890 dedit,
3379 4841 3573 4896 nempe
3612 4841 3665 4879 ut

2093 4916 2418 4971 Trinitatem
2468 4918 2632 4970 unius
2687 4930 2810 4969 esse
2859 4924 3072 4970 natura!
3129 4915 3459 4982 fateamini,
3519 4919 3667 4973 dabit

2092 5013 2257 5064 etiam
2318 5010 2664 5074 secundum,
2724 5009 2981 5063 nimirum
3057 5017 3118 5062 ut
3168 5009 3427 5078 Spiritum
3498 5010 3664 5065 Deum

2094 5112 2283 5171 aperte
2316 5099 2709 5154 confiteamini.
2737 5098 2876 5152 Nam
2915 5099 2959 5152 si
2993 5101 3158 5153 unius
3202 5109 3412 5154 natura:
3444 5111 3502 5154 et
3528 5102 3656 5154 divi-

2094 5193 2283 5248 nitatis
2309 5203 2392 5246 est
2421 5191 2680 5254 Trinitas,
2705 5189 2950 5260 profecto
2970 5205 3094 5244 cum
3113 5205 3231 5244 eam
3255 5193 3466 5260 expleat
3499 5193 3664 5260 Spiri-

2093 5295 2179 5339 tus
2219 5293 2467 5351 sant-tus,
2519 5285 2635 5353 ipse
2672 5298 2891 5353 quoque
2943 5282 3085 5338 Deus
3131 5293 3234 5338 cst.
3280 5283 3438 5338 Dabit
3482 5296 3662 5339 autem

2091 5376 2249 5428 vobis
2284 5375 2596 5443 lmjusmodi
2621 5389 2808 5428 vocem
2847 5389 2912 5429 ac
2959 5374 3388 5440 confessionem,
3425 5376 3470 5429 si
3504 5375 3666 5429 modo

2089 5465 2422 5521 conflictatio
2447 5478 2675 5521 vestraa
2712 5467 3003 5522 timiditate
3035 5469 3302 5538 spirituali
3342 5469 3664 5536 proficisca-

2093 5569 2178 5614 tur
2229 5559 2399 5628 (quod
2448 5558 2685 5615 fortasse
2735 5561 2976 5617 timeatis
3023 5561 3226 5628 dicere,
3282 5578 3404 5631 qu.e
3465 5561 3666 5630 apertis

2093 5649 2271 5706 verbis
2336 5649 2622 5721 Scriptura
2684 5665 2796 5706 non
2845 5650 3170 5723 expressit):
3233 5669 3339 5707 non
3400 5661 3579 5707 autem
3637 5665 3672 5704 a
