4116 6412
438 375 575 440 MSS)

1853 373 2236 436 ADDENDA.

3550 371 3685 434 1460

431 490 702 544 diabolica
749 488 1160 544 COHII'iILIlCt'Ddi
1194 489 1439 553 libidine,
1473 487 1823 557 cupientibus
1853 487 2000 540 scili-
2034 493 2215 545 Anon
2276 487 2565 542 dubitem:
2627 487 2886 555 Optabam
2937 484 3218 540 anathema
3282 499 3392 534 esse
3445 499 3476 532 α
3532 480 3690 533 (λίπε-

434 595 519 638 eet
548 584 699 638 vobis
740 583 1021 653 proprium
1079 583 1276 652 dogma
1320 583 1697 648 conscribere,
1747 582 2003 650 quamvis

434 679 707 730 infirmum
745 677 814 729 sit
843 684 896 729 et
948 675 1207 729 vanitatis
1245 675 1489 744 plenum.
1519 674 1718 742 Atque,
1769 682 1828 726 ιιι
1856 687 2005 726 com-

434 771 751 840 pendiosius
792 771 1006 836 loquar,
1041 769 1119 823 sic
1164 769 1305 822 inter
1359 784 1456 822 nos
1497 783 1748 838 agamus,
1794 776 1851 819 ut
1906 781 2006 819 nec

434 875 530 914 vos
565 860 902 915 sublitnioris
933 859 1082 914 vocis
1119 874 1251 928 ergo
1293 873 1392 912 nos
1422 858 1717 922 accusctis,
1750 858 1853 912 hoc
1899 866 2005 922 est,

432 951 557 1021 quia
594 966 790 1021 magna
839 951 1088 1021 quaedam
1123 951 1191 1006 de
1227 951 1436 1020 Spiritu
1486 961 1678 1007 sancto
1725 951 2009 1020 proloqui-

434 1061 574 1109 mur,
609 1055 772 1114 atque
801 1047 866 1098 ad
899 1045 1156 1114 perfecta:
1189 1045 1478 1114 theologia:
1519 1045 1782 1100 verticem
1814 1059 2007 1098 ascen-

430 1135 638 1197 dimus,
680 1135 848 1190 Deum
884 1136 1058 1205 ipsum
1089 1152 1212 1191 esse
1254 1136 1674 1205 pronuntiantes
1708 1137 1829 1204 (nec
1861 1135 2006 1188 enim

430 1227 697 1280 invidiam
754 1238 808 1282 et
859 1227 1345 1298 reprehensionem
1391 1237 1636 1282 meri-tur
1692 1224 2006 1295 hujusmodi

431 1317 774 1386 tlteologicus
831 1316 1120 1387 ascensus)
1162 1335 1177 1374 :
1212 1333 1314 1373 nec
1379 1332 1478 1372 nos
1537 1318 1776 1372 vicissim
1857 1317 2010 1371 vobis

431 1405 665 1462 infirmis
687 1415 741 1461 et
770 1406 998 1463 rudibus
1015 1423 1134 1462 eam
1163 1423 1374 1472 vocem,
1401 1408 1560 1477 cujus
1587 1409 1761 1462 solum
1783 1423 2011 1478 capaces

433 1502 615 1556 adhuc
648 1503 804 1565 estis,
848 1502 1096 1558 criminis
1128 1518 1295 1558 causa
1345 1503 1716 1573 proferemus.
1752 1504 2012 1570 Quamvis

432 1592 580 1645 enim
642 1592 907 1662 Spiritum
967 1604 1219 1650 sanctum
1275 1595 1599 1650 nominatim
1670 1595 1838 1650 Deum
1901 1610 2011 1649 non

433 1681 708 1750 dixeritis,
760 1684 924 1738 modo
974 1685 1134 1740 aliam
1187 1687 1484 1756 quamdam
1539 1699 1727 1741 vocem
1758 1688 2010 1740 eamdem

434 1775 546 1827 vim
577 1775 868 1830 habentem
898 1778 950 1831 in
977 1777 1154 1832 altero
1180 1779 1471 1834 verborum
1512 1794 1647 1833 sono
1678 1778 2011 1844 extuleritis,

439 1867 862 1936 haudquaquam
923 1884 988 1923 eo
1048 1871 1272 1924 nomine
1338 1887 1436 1926 vos
1500 1872 1884 1926 accusabimns
1950 1888 2013 1926 ac

439 1956 904 2023 reprehendemus
936 1975 953 2011 :
983 1959 1164 2028 quoad
1193 1961 1331 2014 velut
1365 1962 1588 2029 quidam
1635 1962 1876 2016 viatores
1917 1977 2014 2031 per

434 2046 541 2098 alia
598 2047 819 2101 nomina
871 2058 926 2105 et
969 2051 1135 2105 verba
1167 2054 1326 2122 quasi
1361 2068 1458 2123 per
1503 2055 1664 2108 aliam
1717 2056 2010 2124 quamdam

435 2137 709 2206 orbitam,
762 2142 827 2194 ad
886 2141 1026 2196 idem
1069 2143 1433 2200 diversorium
1475 2156 1642 2214 atque
1712 2145 2012 2215 hospitium

440 2229 606 2297 hujus
632 2232 800 2297 vocis,
833 2232 972 2287 Deus
995 2276 1009 2301 ,
1045 2236 1302 2290 veniatis.
1337 2235 1522 2305 Neque
1576 2235 1722 2291 enim
1757 2237 1824 2291 de
1856 2237 2014 2291 vobis

441 2320 728 2375 victoriam
784 2323 993 2378 referre
1045 2323 1404 2390 aﬂectamus,
1441 2333 1500 2379 ut
1558 2324 1594 2378 ii
1648 2325 1827 2379 solent
1877 2340 2016 2394 quos

438 2421 597 2460 amor
650 2409 735 2463 sui
791 2410 1101 2480 praecipites
1155 2411 1305 2482 agit:
1363 2425 1556 2466 verum
1628 2420 1690 2464 ut
1747 2410 2016 2465 charitate

449 2499 658 2566 praediti
718 2500 916 2558 fratres
967 2517 1252 2558 assumere
1315 2504 1569 2572 cupimus
1622 2502 1750 2557 tidei
1807 2503 2016 2558 unitate

443 2590 570 2644 uobi
606 2606 730 2646 cum
769 2593 1124 2661 conjunctos,
1153 2609 1390 2664 quorum
1427 2594 1740 2653 secessione
1768 2611 1874 2650 non
1909 2596 2016 2650 mi-

445 2696 549 2736 nus
603 2684 801 2739 acerbe
859 2683 1263 2741 discruciamur
1295 2725 1312 2753 ,
1376 2701 1541 2756 quam
1593 2686 1641 2744 si
1693 2703 1722 2741 a
1780 2687 2018 2757 propriis

446 2772 708 2828 membris
739 2773 1148 2831 divelleremur.

511 2863 650 2918 Ibid.
700 2864 872 2934 Atque
915 2865 1028 2920 htec
1078 2868 1147 2919 ad
1179 2883 1267 2920 vos
1297 2866 1445 2921 dicta
1497 2868 1626 2934 sint,
1681 2877 1786 2923 etc.
1835 2869 2017 2939 Atque

443 2955 580 3017 haec,
619 2954 818 3024 inquit,
871 2957 1030 3011 vobis
1076 2958 1426 3023 disserimus,
1473 2961 1614 3030 apud
1667 2975 1808 3030 quos
1851 2961 2018 3015 vitale

440 3044 722 3115 quidpiam
775 3049 1100 3117 reperimus.
1163 3049 1305 3116 Quid
1342 3051 1486 3107 hoc?
1540 3052 1743 3108 Sanam
1775 3053 1843 3108 de
1875 3051 2018 3109 Filio

441 3137 750 3192 doctrinam
788 3149 843 3194 et
874 3139 1058 3195 fidem.
1093 3139 1471 3197 Macedoniani
1496 3144 1643 3197 enim
1685 3143 1912 3217 dimidia
1948 3159 2012 3198 ex

446 3237 598 3295 parte
656 3239 805 3286 recte
850 3233 1194 3300 sentiebant,
1249 3244 1412 3305 atque
1463 3237 1627 3291 etiam
1689 3235 2019 3292 S.-miariani

441 3324 895 3389 nominabantur,
930 3335 988 3378 ut
1011 3325 1103 3395 qui
1152 3325 1207 3380 in
1239 3324 1502 3395 Spiritum
1551 3337 1802 3382 sanctum
1837 3329 2018 3383 solum

445 3401 908 3482 blasphemarent,
938 3430 1051 3470 non
1092 3416 1221 3470 item
1263 3417 1318 3470 in
1351 3416 1576 3471 Filium.
1600 3417 1848 3483 Quorum
1877 3434 2019 3484 pra:-

441 3504 652 3558 claram
712 3513 766 3559 et
818 3506 1040 3574 pietatis
1089 3507 1331 3562 colendae
1383 3509 1569 3564 studio
1611 3511 1861 3566 devotam
1897 3512 2022 3566 vitae

443 3595 713 3649 rationem
737 3597 1128 3666 suspicientes,
1145 3598 1452 3654 doctrinam
1478 3610 1654 3656 tamen
1677 3617 2020 3672 nequaquam

444 3688 918 3756 rourprobamus,
986 3700 1175 3760 utpote
1238 3707 1347 3746 non
1408 3703 1556 3748 recte
1615 3704 1820 3748 sectam
1883 3696 2020 3769 (50).

443 3779 746 3848 Quocirca,
798 3795 924 3836 cum
987 3782 1225 3852 Spiritus
1286 3783 1523 3839 fructum
1575 3786 1818 3842 habeatis
1848 3789 1918 3853 ⁸ο,
1970 3789 2022 3843 id

446 3883 530 3928 est
585 3873 859 3942 spiritales
917 3861 1191 3941 actiones,
1243 3877 1510 3947 Spiritum
1541 3894 1765 3949 quoque
1797 3881 2024 3950 insuper

447 3966 734 4030 assuntite,
797 3967 864 4021 de
916 3967 1090 4036 ipsius
1133 3969 1467 4036 divinitate,
1519 3981 1578 4026 ut
1637 3973 1861 4041 dignum
1918 3985 2024 4041 cst,

449 4058 780 4113 disserentes
803 4075 817 4119 ;
853 4070 908 4112 ιιι
939 4059 1220 4130 (quoniam
1241 4061 1396 4131 juxta
1424 4065 1746 4132 Apostolum
1769 4066 1834 4130 “,
1861 4069 2022 4121 etiam

451 4148 496 4200 si
527 4149 651 4216 quis
669 4157 864 4216 certet,
889 4165 996 4203 non
1031 4159 1214 4206 tamen
1250 4154 1625 4220 coronabitur,
1658 4156 1761 4210 nisi
1788 4157 2028 4226 legitime

451 4237 642 4307 certet)
675 4254 773 4294 vos
806 4254 916 4293 non
947 4240 1123 4295 solum
1170 4243 1416 4305 certetis,
1447 4244 1542 4298 sed
1575 4247 1739 4299 etiam
1767 4248 2026 4316 legitime.

453 4329 586 4382 Nam
644 4331 772 4385 hinc
819 4346 1040 4386 coronae
1073 4336 1240 4388 decus
1302 4347 1689 4404 comparatur,
1730 4356 1924 4408 nempe
1962 4357 2028 4393 ex

451 4421 702 4489 legitimo
751 4425 1075 4477 certamine.
1121 4424 1286 4479 Stulti
1337 4428 1484 4481 enim
1518 4444 1582 4483 ac
1628 4431 1811 4484 stolidi
1859 4431 2028 4486 animi

2043 3187 2090 3250 C

2112 578 2265 642 sto",
2297 578 2349 631 id
2381 589 2484 644 est,
2519 578 2826 648 disjunctus
2857 587 2909 631 et
2953 588 3256 645 separatus.
3296 571 3497 624 Paulus
3537 571 3682 622 enim

2113 669 2315 724 Mosem
2369 670 2724 734 imitabatur,
2785 679 3144 739 cognatorum
3199 680 3262 718 ac
3317 662 3688 716 contribulnm

2113 777 2332 815 suorum
2366 762 2537 816 vicem
2571 762 2864 825 dolentem,
2897 759 3175 826 Deumque
3222 756 3308 808 his
3344 753 3523 806 verbis
3553 753 3690 806 allo-

2111 863 2366 924 quentem
2405 871 2418 909 :
2455 853 2513 908 Si
2545 863 2819 922 peccatum
2854 853 2980 920 ipsis
3008 850 3299 914 dimiseris,
3331 847 3537 900 dimitte
3567 846 3690 902 :sin

2111 948 2304 1011 minus,
2343 949 2406 1000 de
2439 947 2596 1012 libro,
2627 962 2780 1016 quem
2803 945 3088 1012 scripsisti,
3121 959 3197 994 me
3228 955 3430 1010 quoque
3451 936 3565 990 dele
3588 936 3688 989 δν.

2113 1039 2289 1108 Atque
2330 1040 2625 1093 multorum
2673 1039 2908 1093 salutem
2969 1051 3068 1092 sua
3132 1034 3300 1088 unius
3341 1031 3518 1085 salute
3571 1028 3690 1082 fru-

2121 1129 2452 1182 etuosiorem
2503 1128 3071 1197 prmslabiliorcmque
3120 1121 3402 1178 ducebat:
3446 1121 3497 1173 id
3545 1117 3692 1186 quod

2113 1227 2196 1271 est
2239 1217 2495 1281 hominis,
2531 1228 2645 1271 tum
2703 1217 3011 1287 proximum
3052 1221 3110 1268 ut
3164 1211 3406 1280 seipsum
3461 1207 3692 1278 diligen-

2115 1309 2230 1370 tis,
2292 1315 2406 1362 tum
2459 1309 2694 1363 maxime
2748 1307 3026 1362 Christum
3101 1303 3380 1367 amantis,
3455 1315 3518 1354 ac
3585 1300 3693 1353 duo

2113 1399 2288 1467 prima
2320 1407 2374 1452 et
2419 1413 2614 1467 magna
2647 1409 2913 1466 praecepta
2966 1396 3129 1448 simul
3161 1391 3451 1461 explentis.
3488 1389 3692 1442 Eodem

2115 1487 2281 1556 igitur
2325 1488 2489 1542 modo
2545 1490 2658 1558 ipse
2688 1502 2906 1557 quoque
2956 1484 3231 1548 nonnihil,
3271 1492 3328 1536 ut
3375 1481 3693 1539 damnatus,

2115 1582 2326 1649 perpeti
2363 1596 2472 1634 non
2509 1595 2724 1645 recuso,
2759 1579 2864 1632 hac
2896 1577 3243 1638 conditione,
3298 1583 3358 1626 ut
3407 1573 3695 1626 nobiscum

2117 1671 2270 1724 stetis
2303 1687 2366 1723 ac
2395 1669 2781 1724 communibus
2829 1667 3027 1722 animis
3057 1665 3381 1719 Trinitatem
3442 1661 3696 1715 concele-

2119 1761 2360 1816 bremus.
2426 1761 2561 1816 Nam
2608 1761 2737 1831 quid
2782 1761 2849 1814 de
2889 1760 3010 1813 aliis
3065 1759 3242 1811 dicam
3272 1797 3286 1820 ,
3353 1754 3421 1808 de
3478 1752 3698 1806 Arianis

2046 1833 2091 1891 Β
2121 1854 2327 1908 scilicet
2357 1867 2412 1906 et
2439 1851 2822 1918 Eunomianis,
2859 1851 2951 1918 qui
2984 1864 3091 1901 non
3123 1848 3297 1900 solum
3333 1846 3384 1898 in
3428 1843 3697 1912 Spiritum

2125 1945 2472 2013 blasphemus
2531 1958 2818 1998 sermones
2853 1949 3137 1998 evomunt.
3193 1953 3382 1990 verum
3435 1936 3598 1988 etiam
3644 1937 3697 1987 in

2121 2035 2316 2087 Filium
2348 2073 2361 2098 ,
2399 2049 2462 2087 ac
2483 2042 2795 2102 propterea.
2833 2041 3094 2100 quantum
3126 2030 3192 2083 ad
3215 2031 3453 2081 animam
3486 2028 3700 2088 attinet,

2123 2141 2346 2197 prorsus
2381 2127 2579 2178 mortui
2611 2135 2774 2194 atque
2801 2122 3050 2176 exstincti
3077 2116 3230 2175 sunt?
3261 2121 3469 2172 Anima:
3500 2119 3700 2187 quippe

2121 2235 2271 2274 tnors
2303 2220 2572 2286 separatio
2598 2227 2680 2270 est
2710 2232 2739 2269 a
2767 2214 2897 2282 Deo,
2951 2213 3411 2284 quemadmodum
3454 2210 3700 2278 corporis

2122 2326 2272 2366 mors
2296 2319 2381 2366 est
2419 2309 2592 2379 ipsius
2625 2309 2694 2361 ab
2725 2309 2904 2362 anima
2933 2303 3246 2373 disjunctio.
3274 2301 3384 2355 llos
3411 2301 3554 2355 enim
3611 2316 3700 2368 per

2127 2404 2568 2458 incredulitatem
2631 2413 2684 2456 et
2735 2400 3020 2470 perﬁdiam
3087 2408 3333 2450 mortuos
3397 2395 3462 2448 ad
3533 2395 3697 2446 vitam

2123 2511 2403 2559 revocare,
2432 2495 2637 2550 Christi
2684 2494 2854 2548 solius
2887 2502 2970 2545 est
2993 2490 3132 2561 (qui,
3170 2499 3231 2542 ut
3266 2496 3350 2542 est
3379 2485 3520 2555 apud
3556 2485 3698 2538 Pau-

2125 2587 2323 2650 lum”,
2385 2587 2622 2639 virilicat
2679 2595 2962 2649 mortuos,
3007 2584 3309 2636 secundum
3373 2575 3697 2629 inellabtlcm

2125 2677 2432 2732 divinitatis
2462 2690 2577 2729 sua:
2612 2673 2957 2744 potentiam).
3011 2670 3151 2737 Quid
3184 2667 3404 2738 quidem
3457 2663 3645 2715 Ariani
3677 2660 3701 2714 ἳ

2123 2771 2388 2825 Pietatem
2411 2768 2756 2831 simulantes,
2778 2767 2895 2822 loco
2917 2765 3134 2835 quidem
3155 2777 3186 2816 a
3205 2760 3430 2829 reliquis
3452 2755 3695 2826 ejusdem

2125 2857 2388 2912 doctrinae
2436 2858 2803 2912 assertor-ibus
2835 2895 2849 2920 ,
2901 2853 3158 2908 nimirum
3198 2850 3266 2906 ab
3323 2844 3698 2904 Eunornianis.

2127 2952 2325 3007 callide
2374 2962 2536 3020 atque
2586 2959 2766 3004 astute
2813 2957 3162 3017 separantur,
3195 2955 3540 3012 nequaquam
3577 2950 3700 2990 curn

2126 3043 2237 3098 illis
2274 3043 2425 3097 velut
2452 3042 2521 3096 ab
2559 3057 2750 3096 eorum
2796 3040 3051 3109 dogmate
3100 3034 3546 3092 abhorrentibus,
3578 3044 3704 3081 ver-

2126 3146 2308 3191 santes
2343 3152 2358 3190 :
2391 3145 2647 3189 caaterum
2672 3141 2936 3202 quantum
2970 3129 3037 3182 ad
3067 3127 3376 3183 doctrinam
3406 3139 3469 3176 ac
3497 3129 3701 3175 sectam

2125 3226 2337 3290 attinet,
2384 3223 2737 3290 inseparabili
2774 3236 2913 3274 nexu
2965 3233 3092 3273 cum
3132 3218 3240 3270 illis
3281 3215 3580 3274 cohaerent,
3640 3222 3703 3261 ac

2127 3319 2344 3372 tametsi
2374 3316 2441 3370 de
2467 3316 2590 3369 ﬁdei
2621 3313 2869 3368 doctrina
2900 3312 3043 3364 inter
3075 3325 3133 3363 se
3173 3306 3443 3360 dissidere
3475 3303 3703 3354 videan-

2129 3420 2238 3474 tur,
2278 3408 2407 3478 quia
2458 3407 2701 3460 locorom
2755 3401 3056 3457 intervallis
3092 3397 3337 3454 distincti
3385 3404 3550 3456 sunt,
3595 3408 3704 3446 non

2130 3512 2312 3556 tamen
2368 3499 2683 3564 dissident,
2738 3493 3184 3567 quandoquidem
3238 3492 3303 3543 ad
3338 3504 3501 3542 unam
3556 3501 3708 3540 eam.

2127 3595 2363 3663 demque
2429 3608 2543 3646 rem
2612 3589 2977 3645 concordibus
3031 3584 3232 3639 animis
3304 3581 3575 3634 feruntur.
3641 3577 3708 3628 Et

2128 3685 2592 3756 quemadmodum
2625 3683 2741 3737 duo
2763 3681 2905 3735 oculi
2936 3678 3178 3741 distorti,
3215 3673 3433 3728 tametsi
3489 3672 3558 3724 oh
3587 3683 3708 3738 per-

2130 3795 2344 3835 versum
2376 3789 2428 3833 et
2470 3778 2792 3846 ina-qualem
2825 3774 2990 3827 situm
3033 3771 3135 3824 sibi
3167 3768 3396 3822 invicem
3430 3760 3705 3816 adversari

2128 3873 2436 3933 videantur,
2495 3870 2719 3922 minime
2772 3877 2953 3918 tamen
3008 3862 3396 3920 adversantur,
3445 3854 3704 3925 quoniam

2133 3981 2246 4021 rem
2279 3964 2525 4019 eamdem
2565 3963 2847 4014 intuentur
2879 3959 3077 4023 (neque
3118 3955 3264 4006 enim
3317 3958 3570 4019 aspectu,
3609 3944 3706 4000 sed

2127 4059 2234 4112 situ
2289 4054 2594 4118 dissident;
2632 4066 2731 4104 nec
2764 4059 3032 4119 quantum
3099 4047 3164 4099 ad
3220 4054 3403 4099 actum
3466 4042 3606 4094 inter
3647 4053 3706 4094 se

2130 4144 2397 4201 contrarii
2446 4141 2614 4213 sunt)
2650 4160 2664 4201 :
2703 4141 2782 4198 sic
2835 4142 2997 4194 etiam
3032 4138 3220 4191 Ariani
3280 4134 3706 4203 haudquaquam

2133 4237 2275 4291 inter
2301 4251 2382 4299 se,
2414 4246 2681 4305 quantum
2716 4234 2781 4287 ad
2816 4233 2940 4286 tidei
2991 4231 3297 4285 doctrinam
3333 4236 3600 4296 pugnant,
3643 4221 3712 4276 ad

2132 4326 2378 4380 eamdem
2439 4325 2640 4379 etenim
2708 4325 3040 4393 impietatem
3110 4320 3434 4382 collitnant,
3506 4328 3706 4369 verum

2132 4429 2399 4484 quantum
2455 4417 2521 4470 ad
2591 4417 2798 4482 locum,
2841 4429 2949 4485 quo
2987 4413 3128 4467 inter
3184 4425 3245 4465 se
3294 4409 3709 4476 disjunguntur.

453 4521 541 4566 est
589 4513 642 4565 in
677 4511 1058 4581 spiritualibus
1092 4514 1394 4582 elaborare,
1430 4520 1632 4574 laboris
1662 4527 1842 4574 autem
1872 4536 2028 4577 coro-

2139 4509 2284 4575 Quin
2317 4513 2481 4589 etiam
2510 4509 2613 4563 hoc
2665 4508 2720 4561 in
2751 4508 2858 4561 ista
2907 4503 3322 4574 comparatione
3371 4495 3713 4554 discriminis

452 4619 578 4656 nam
615 4602 736 4658 ideo
768 4618 877 4657 non
915 4605 1185 4674 accipere,
1215 4606 1342 4676 quia
1376 4606 1689 4676 hujusmodi
1720 4611 1870 4666 labor
1893 4628 2026 4680 non,

454 4702 513 4747 nt
572 4705 826 4765 oportet,
889 4697 1207 4766 suscipitur.
1260 4698 1313 4754 Is
1367 4715 1530 4769 porro
1559 4702 1804 4772 legitime
1838 4716 2030 4772 certat,

453 4786 549 4855 qui
587 4803 693 4840 non
728 4789 892 4842 modo
920 4789 986 4842 ad
1011 4799 1287 4846 certamen
1321 4793 1602 4849 accinctus
1628 4807 1735 4862 eet,
1766 4807 1930 4869 atque
1971 4802 2022 4855 in

456 4894 680 4932 arenam
744 4880 992 4949 prodiit,
1045 4882 1140 4936 sed
1208 4884 1372 4939 etiam
1431 4889 1750 4943 certaminis
1819 4891 2032 4962 legibus

455 4969 746 5034 satisfecit,
775 4978 942 5042 atque
972 4972 1350 5030 adversarium
1381 4981 1677 5047 superavit.
1705 4981 1823 5059 lps_e
1853 4985 2033 5036 cnim-

461 5077 594 5116 vcro
659 5063 813 5117 vobis
867 5065 1008 5120 hanc
1058 5066 1345 5122 laudabilis
1379 5055 1504 5124 vitae
1554 5055 1861 5128 tnercedent
1915 5076 2030 5130 dari

461 5160 611 5218 opto,
653 5163 710 5204 ιιι
749 5151 1013 5220 Spiritum
1065 5157 1281 5226 egregie
1330 5160 1726 5216 conﬁteamini.
1783 5165 1860 5218 Ac
1903 5181 2028 5219 cum

465 5253 660 5295 caetera
693 5252 871 5296 vestra
904 5254 1049 5299 recte
1079 5246 1242 5314 facta,
1297 5253 1715 5318 tumpallorem
1747 5255 1910 5309 istum
1965 5272 2029 5310 ex

459 5332 585 5385 vita:
619 5330 957 5385 continentia
1007 5340 1060 5387 et
1093 5333 1401 5404 frugalitate
1443 5337 1677 5393 all'usum
1729 5343 2030 5408 amplector

461 5433 517 5477 ct
546 5428 858 5488 exosculor,
902 5433 958 5478 ut
991 5441 1090 5496 pro
1138 5429 1292 5482 vobis
1328 5430 1458 5484 illud
1492 5432 1738 5501 Apostoli
1788 5435 2035 5503 proferre

535 5583 581 5615 '°
605 5583 781 5639 Galat.
814 5600 867 5649 v,
895 5583 986 5639 22.

1062 5583 1108 5616 ’ί
1148 5582 1190 5638 ll
1215 5584 1356 5640 Tim.
1387 5604 1448 5652 lt,
1482 5587 1535 5642 5.
1607 5589 1654 5621 "
1686 5587 1840 5642 Rom.
1875 5605 1948 5651 rx,
1981 5589 2036 5644 '5.
2100 5589 2170 5622 ⁸²⁶
2196 5588 2367 5644 Exod.
2399 5604 2573 5655 χχιιι,
2604 5585 2695 5642 '52.

2135 4611 2241 4666 est,
2272 4601 2417 4668 quod
2443 4599 2592 4670 pravi
2625 4614 2688 4653 ac
2713 4596 2928 4652 distorti
2951 4595 3095 4650 oculi
3121 4603 3404 4659 utcunque
3435 4593 3670 4642 cernunt
3697 4600 3712 4641 :

2135 4695 2188 4748 hi
2226 4702 2433 4759 autent,
2465 4701 2524 4747 ut
2573 4691 2756 4760 aptius
2786 4689 3004 4758 loquar,
3061 4683 3228 4740 animi
3261 4683 3436 4736 oculis
3488 4693 3714 4748 prorsus

2137 4787 2396 4856 ealigant.
2429 4788 2630 4854 Atque,
2668 4793 2727 4837 ut
2776 4783 2882 4835 alio
2915 4780 3163 4848 exemplo
3201 4786 3442 4836 utamur,
3474 4771 3619 4840 quod
3658 4772 3712 4821 in

2134 4881 2237 4932 viis
2269 4888 2320 4931 et
2348 4876 2529 4930 fluviis
2561 4875 2797 4943 reperire
2835 4880 2939 4933 est,
2969 4879 3076 4922 uta
3108 4883 3164 4920 se
3193 4867 3421 4920 invicem
3443 4870 3715 4923 secentur,

2143 4988 2206 5026 ac
2255 4985 2448 5024 rursus
2501 4970 2552 5022 in
2587 4980 2755 5020 unum
2806 4972 3022 5027 coeant,
3085 4962 3222 5014 idern
3284 4955 3551 5010 luereticis
3587 4969 3717 5006 usu-

2143 5065 2310 5118 venit.
2343 5061 2478 5114 Nam
2523 5061 2576 5113 in
2609 5057 2939 5128 quibusdam
2966 5052 3378 5111 dissentientes,
3409 5047 3461 5099 in
3488 5044 3717 5114 quibus-

2141 5155 2267 5210 dam
2317 5168 2507 5208 rursus
2558 5148 2950 5205 consentiunt:
2985 5146 3122 5198 adeo
3172 5150 3231 5194 ut
3279 5141 3436 5208 plane
3486 5133 3717 5204 perspici

2141 5255 2397 5316 nequeat,
2419 5247 2472 5298 in
2509 5258 2618 5313 quo
2644 5241 2727 5295 vel
2753 5241 3024 5303 differant,
3058 5239 3139 5292 vel
3167 5237 3430 5289 doctrinae
3464 5247 3712 5287 commu-

2142 5341 2302 5394 nione
2332 5341 2653 5409 jungantur.
2682 5336 2793 5408 (5t)
2827 5337 2948 5389 llaec
2979 5335 3141 5388 verba
3175 5341 3340 5399 atque
3400 5331 3514 5382 haec
3566 5324 3718 5377 vobis

2145 5434 2494 5496 disserimus,
2554 5433 2620 5485 ad
2680 5428 2981 5484 Macedonii
3017 5434 3318 5483 sectatores
3383 5422 3717 5477 referuntur.

2773 5587 2820 5619 ⁵³
2849 5586 3009 5640 Rom.
3043 5596 3119 5644 Iv,
3156 5579 3246 5634 i7.

543 5719 659 5795 (30)
697 5719 1380 5795 ‘Opeozopouttéqu.__Hac
1422 5724 1652 5778 dictione
1694 5727 1863 5780 utitur
1899 5724 2031 5780 Paul

2163 5725 2226 5780 II
2259 5726 2396 5780 Tim.
2451 5742 2569 5795 cap.
2612 5742 2676 5791 tt,
2746 5718 3190 5794 Ὀρῡοτομοῦντα
3249 5716 3340 5769 τὸν
3386 5711 3544 5781 λόγον
3613 5703 3718 5777 τῆς

470 5790 727 5860 ἀληθείας
758 5790 893 5846 recte
931 5790 1214 5858 secantem,
1240 5791 1467 5861 Vulgata
1506 5796 1699 5857 versio,
1729 5805 2063 5850 tractantem.
