4116 6422
383 382 512 447 1461

1328 379 1645 441 NICETAS
1689 377 1768 439 ΙΝ
1814 378 2032 437 ORAT.
2077 377 2260 437 XLIV
2301 377 2358 434 S.
2403 375 2610 434 GREG

3455 337 3628 420 uss

381 497 569 551 Ariani
589 493 737 549 enim
768 499 822 547 et
856 490 1181 546 Eunomiani
1214 497 1363 544 tanta
1385 491 1696 546 animorum
1727 502 1956 544 conten-
1986 492 2028 545 Α
2060 489 2156 542 llic
2184 489 2327 544 enim
2362 487 2596 557 primum
2625 481 2864 554 Spiritus
2887 479 3064 535 sancti
3101 474 3386 537 meminit,
3431 470 3631 524 deinde

382 588 534 641 tione
586 585 730 639 inter
765 597 824 639 se
869 582 1205 653 pugnabant,
1247 589 1307 635 ut
1363 595 1430 635 ne
1460 589 1710 634 mutuum
1735 580 1954 650 quidem

387 684 675 748 aSpectum
710 684 761 729 et
786 688 1142 744 congressum
1168 672 1310 726 ferre
1332 683 1578 742 possent.
1616 670 1766 737 Quos
1791 671 1957 724 etiam

389 769 532 824 haud
559 767 722 822 dubie
751 773 1000 822 mortuos
1029 780 1151 821 esse
1177 765 1329 831 dicit,
1368 773 1552 835 utpote
1579 780 1644 818 eo
1674 763 1959 834 impuden-

390 861 478 913 tiae
499 866 940 928 prorumpentes,
976 865 1115 911 utet
1162 855 1385 921 Filium,
1434 865 1488 910 et
1517 856 1780 926 Spiritum
1831 871 1963 909 san-

390 959 541 1005 ctum
598 951 780 1021 impiis
813 950 1073 1006 comitiis
1128 950 1552 1005 insectarentur.
1583 947 1750 1018 Optat
1780 959 1960 1002 autem

389 1043 684 1113 Gregorius
721 1045 861 1100 hanc
913 1044 1316 1113 probatissimae
1343 1043 1467 1097 vitae
1512 1042 1816 1097 mercedem
1855 1043 1967 1096 Ma-

391 1137 711 1191 cedonianis
740 1137 882 1200 dari,
920 1145 980 1190 ut
1011 1135 1276 1206 Spiritum
1301 1146 1551 1190 sanctum
1587 1135 1752 1190 Deum
1794 1135 1968 1189 conﬁ-

390 1238 630 1295 teantur,
670 1243 905 1297 eumque
932 1245 1056 1283 cum
1091 1228 1420 1284 Christianis
1456 1228 1622 1282 Deum
1649 1229 1966 1297 praedicent;

393 1319 507 1373 imo
555 1319 719 1373 etiam
750 1329 876 1372 ante
907 1333 1031 1381 nos,
1081 1317 1133 1372 id
1180 1327 1283 1382 est,
1320 1317 1550 1372 Seorsim
1589 1332 1618 1371 a
1662 1317 1852 1381 nobis;
1887 1317 1968 1369 vel

394 1411 560 1463 etiam
596 1409 700 1463 hoc
731 1409 870 1474 vult,
910 1418 968 1462 ut
995 1408 1316 1477 priusquam
1364 1408 1433 1460 ad
1477 1407 1619 1460 hanc
1666 1405 1970 1460 confessio-

395 1517 520 1556 nem
574 1501 823 1565 veniant,
879 1516 999 1569 quae
1058 1497 1324 1569 Spiritum
1375 1508 1628 1554 sanctum
1686 1498 1973 1568 perspicue

396 1593 568 1649 Deum
602 1594 880 1663 pru‘dicat,
937 1608 1032 1662 per
1080 1593 1219 1647 alias
1261 1592 1533 1648 dictiones
1586 1592 1726 1646 idem
1763 1593 1974 1661 signiﬁ—

399 1694 594 1739 cantes
647 1685 1039 1738 confiteantur.
1095 1683 1234 1738 Nam
1286 1683 1403 1739 haec
1451 1685 1614 1737 verba
1648 1702 1662 1738 :
1697 1683 1972 1749 Quantum

400 1779 579 1843 ipsius
630 1777 871 1846 dignitas
935 1776 1202 1847 postulat,
1251 1778 1622 1846 exprimendae
1674 1777 1975 1831 divinitatis

399 1869 536 1920 mihi
577 1845 953 1922 vimihabere‘
987 1868 1268 1922 videntur.
1297 1845 1397 1922 Vel
1422 1869 1588 1921 etiam
1627 1886 1640 1922 :
1675 1870 1816 1920 Ante
1847 1882 1973 1928 nos,
2009 1845 2043 1897 η

404 1960 565 2021 dixit,
591 1959 645 2014 id
679 1969 788 2026 est,
815 1960 872 2014 in
913 1961 1162 2016 omnium
1189 1968 1487 2030 conspectu
1525 1969 1579 2015 et
1601 1960 1882 2029 pr0palam
1913 1973 1977 2013 ac

407 2053 606 2108 libere.

475 2145 594 2201 Col.
646 2145 775 2201 442.
807 2145 1100 2216 Postquam
1142 2155 1320 2200 autem
1366 2145 1436 2199 ad
1457 2161 1545 2200 vos
1570 2155 1976 2216 utcunque,ete.

403 2236 723 2303 Postquam,
779 2237 977 2306 inquit,
1008 2236 1078 2290 ad
1112 2249 1210 2292 vos
1259 2245 1543 2302 utcunque
1593 2237 1851 2296 disserui,
1885 2236 1978 2305 qui

403 2325 709 2382 Macedonii
733 2337 929 2397 dogma
952 2327 1292 2396 profitentes,
1318 2327 1465 2380 circa
1493 2326 1613 2380 Filii
1644 2328 1979 2382 divinitatem

406 2427 564 2474 recto
587 2418 795 2488 judicio
830 2417 1130 2481 ducimini,
1183 2417 1416 2487 agedum
1465 2417 1532 2471 ad
1576 2433 1885 2472 sermonem
1919 2419 1985 2472 de

405 2511 612 2581 Spiritu
641 2519 836 2566 sancto
863 2525 924 2565 se
954 2508 1157 2564 referat
1181 2511 1382 2564 oratio.
1419 2509 1496 2562 Ac
1522 2524 1623 2563 vos
1647 2525 1893 2579 quoque,
1925 2519 1984 2563 ut

408 2605 628 2672 opinor,
676 2602 782 2660 bis.
815 2616 939 2671 quae
969 2601 1276 2664 attulimus,
1316 2600 1588 2669 persuasi,
1633 2601 1985 2654 contentione

407 2696 620 2766 abjecta
642 2696 912 2751 dicentem
941 2694 1269 2764 sequemini,
1307 2709 1371 2747 ac.
1397 2693 1634 2763 benigne
1675 2701 1730 2747 et
1754 2693 1985 2747 candide

409 2789 576 2844 verba
599 2773 791 2844 nostra
823 2788 1084 2843 audietis.
1128 2785 1268 2841 Hinc
1303 2795 1486 2841 autem
1523 2785 1827 2840 ordiemur.
1861 2786 1985 2854 Spi-

411 2881 553 2936 ritus
583 2889 828 2946 sanctus,
867 2895 968 2936 nec
1017 2881 1184 2948 erepit
1218 2893 1342 2934 esse
1379 2878 1618 2950 (semper
1654 2878 1986 2946 enumerat)

412 2987 516 3028 nec
546 2987 671 3028 esse
695 2972 946 3037 desinet;
983 2987 1173 3028 verum
1200 2981 1304 3038 est,
1332 2979 1388 3026 et
1429 2972 1553 3038 erit,
1583 2978 1637 3025 et
1668 2986 1791 3026 cum
1828 2970 1989 3024 Patre

415 3079 481 3118 ac
509 3061 648 3118 Filio
678 3064 1033 3134 coniungitur
1077 3071 1133 3118 et
1174 3072 1632 3126 connumeratur,
1664 3077 1772 3116 non
1807 3071 1988 3116 autem

2064 581 2206 644 Filii,
2238 587 2513 649 postremo
2542 577 2636 632 Dei
2669 584 2725 630 et
2749 573 2945 628 Patris.
2978 570 3097 627 Jam
3130 584 3228 623 nec
3253 582 3314 621 ca
3348 564 3461 619 sola
3500 577 3632 615 con-
3694 577 3702 591 -

2062 683 2444 738 numerantur,
2479 689 2600 746 qua:
2657 668 2959 726 substantia
3010 665 3198 720 eadem
3241 669 3393 723 sunt,
3444 657 3540 713 sed
3573 671 3634 708 ca

2061 773 2249 831 etiam,
2276 783 2395 838 qua:
2418 768 2691 823 diversam
2722 760 3083 819 substantiam
3114 757 3334 811 habent.
3369 751 3458 805 Ait
3485 749 3630 803 enim

2061 837 2302 918 Joannes
2331 878 2344 913 :
2387 857 2512 912 Tres
2539 865 2701 918 sunt,
2732 854 2822 924 qui
2861 848 3222 906 testimonium
3273 844 3426 906 dant,
3457 837 3635 907 Spiri-

2068 962 2171 1015 tus,
2207 967 2366 1020 aqua,
2422 958 2469 1002 et
2513 944 2802 1015 sanguis“.
2856 941 2983 996 Haec
3033 952 3198 1008 porro
3245 941 3514 1003 quantum
3567 926 3635 981 ad

2068 1041 2430 1099 substantiam
2469 1039 2655 1092 eadem
2692 1049 2797 1088 non
2826 1041 2972 1088 sunt.
3008 1029 3174 1084 Vides
3205 1023 3478 1094 quomodo
3512 1035 3635 1073 cor-

2069 1111 2193 1190 ruat
2252 1131 2532 1187 haereticis
2597 1128 2689 1182 illa
2746 1119 3256 1180 connttmerationis
3314 1110 3634 1183 disputatio.

2072 1225 2310 1296 Spiritus
2361 1222 2527 1290 igitur
2578 1219 2770 1274 eodem
2805 1215 2998 1269 ordine
3029 1226 3150 1265 cum
3206 1207 3364 1259 Patre
3405 1212 3458 1257 et
3507 1199 3642 1300 [filio

2071 1327 2323 1374 censetur
2376 1329 2441 1368 ac
2498 1309 2879 1381 glorificatur,
2933 1311 3120 1372 utpote
3171 1313 3266 1367 per
3301 1307 3464 1364 quem
3526 1303 3640 1356 lpSu

2072 1423 2290 1479 quoque
2353 1405 2538 1460 divina
2585 1401 2834 1471 operatio
2869 1397 3198 1464 expleatur:
3246 1386 3435 1442 Gratia
3496 1381 3642 1436 enim

2073 1476 2285 1556 Dom—ini
2325 1497 2492 1551 nostri
2531 1495 2661 1549 Jesu
2721 1489 2946 1552 Christi,
2991 1484 3166 1554 inquit
3220 1476 3520 1549 Apostolus
3546 1515 3560 1538 ,
3598 1483 3643 1523 et

2074 1595 2306 1648 Charitas
2349 1589 2443 1643 Dei
2477 1586 2675 1648 Patris,
2712 1592 2760 1638 et
2798 1577 3138 1652 participatio
3171 1571 3342 1628 sancti
3382 1566 3643 1636 Spiritus.

2075 1688 2290 1740 sitcum
2326 1681 2570 1737 omnibus
2601 1677 2742 1732 vobis
2759 1676 2827 1729 ".
2868 1672 2932 1726 Et
2982 1677 3184 1724 nostra:
3234 1661 3430 1719 salutis
3463 1663 3648 1725 caput,

2078 1791 2140 1830 ac
2174 1775 2413 1844 perfecta
2459 1773 2526 1826 de
2575 1768 2864 1824 divinitate
2903 1761 3126 1818 traditio
3173 1759 3289 1812 haec
3331 1761 3436 1817 cst,
3466 1759 3527 1804 ut
3558 1746 3650 1817 qui

2082 2236 2388 2293 divinitatis
2474 2233 2640 2287 unius
2702 2233 3088 2296 argumentum
3155 2226 3260 2273 est.
3327 2215 3405 2268 Ac
3471 2221 3662 2264 rursus

2083 2329 2379 2400 Apostolus
2411 2327 2464 2380 in
2495 2325 2640 2378 hunc
2673 2321 2896 2375 modum
2919 2313 3159 2384 loquitur
3191 2330 3203 2365 ε
3239 2308 3385 2363 Unus
3419 2304 3573 2364 Deus,
3600 2312 3664 2352 ea:

2083 2398 2186 2494 quo
2231 2420 2434 2481 omnia,
2474 2424 2522 2470 et
2555 2431 2691 2468 unus
2743 2411 3002 2465 Dominus
3041 2404 3199 2459 Jesus
3257 2398 3532 2456 Christus,
3578 2404 3668 2460 per

2084 2491 2238 2584 quem
2271 2510 2470 2572 omnia,
2511 2515 2558 2560 et
2590 2520 2724 2558 unus
2758 2501 2994 2570 Spiritus
3027 2502 3264 2557 sanctus,
3295 2491 3351 2543 in
3396 2501 3497 2557 quo
3550 2498 3669 2584 om—

2087 2573 2177 2656 nia
2207 2602 2272 2655 ”.
2315 2600 2391 2653 En
2423 2599 2524 2651 hoc
2561 2607 2780 2664 quoque
2810 2593 2928 2644 loco
2961 2587 3196 2656 Spiritus
3225 2589 3451 2636 sanctus
3475 2573 3666 2628 eodem

2087 2693 2280 2745 ordine
2340 2703 2403 2742 ac
2425 2700 2658 2740 numero
2709 2697 2834 2735 cum
2897 2679 3060 2733 Patre
3117 2682 3174 2729 et
3235 2669 3372 2724 Filio
3424 2665 3670 2736 ponitur.

2087 2781 2275 2850 Neque
2313 2781 2457 2834 enim
2517 2773 2721 2844 alioqui
2762 2771 3002 2824 Trinitas
3054 2766 3239 2824 fuerit,
3273 2761 3379 2815 nisi
3429 2757 3671 2828 Spiritus

2088 2893 2309 2950 quoque
2338 2880 2794 2931 cottnumeretur.
2851 2869 2916 2921 Et
2940 2853 3415 2935 quemadmodum
3450 2852 3676 2909 tradidit

2090 2945 2324 3040 magnus
2386 2965 2499 3030 ille,
2550 2973 2605 3017 et
2649 2976 2676 3015 a
2716 2957 3000 3013 miraculis
3052 2951 3218 3008 editis
3275 2945 3673 3040 Thaumaturgi

2092 3033 2517 3131 cognomentum
2583 3055 2815 3124 adeptus
2869 3046 3206 3118 Gregorius,
3255 3051 3534 3108 nunquam

415 3121 810 3225 ευδὶυηείιιπξ
862 3121 960 3209 εἴη
1015 3155 1441 3210 subnumeratur
1469 3192 1484 3218 ,
1529 3121 1988 3224 quemadmodum
2018 3178 2060 3236 ρ
2095 3121 2244 3208 Ρεῖτὶ
2294 3151 2470 3205 Filius
2513 3121 2710 3211 defuit,
2752 3141 2836 3197 vel
2869 3137 3010 3193 Filio
3038 3135 3276 3204 Spiritus
3319 3135 3587 3236 sanctus,
3621 3121 3674 3226 id

418 3246 692 3301 hasreticis
727 3247 906 3315 placet
959 3245 1135 3315 ipsius
1169 3246 1492 3315 dignitatern
1533 3245 1864 3298 imminuere
1892 3257 1990 3296 cu-

418 3336 722 3408 pientibus.
753 3336 924 3390 Aiunt
955 3336 1103 3391 enim
1132 3335 1440 3405 aequalibus
1487 3343 1541 3390 et
1591 3335 1837 3389 eamdem
1869 3333 1999 3388 sub-

421 3430 678 3484 stantiam
761 3430 1120 3494 habentibus,
1205 3429 1692 3482 connumerationis
1767 3425 1996 3481 verbum

423 3524 764 3578 convenire:
817 3520 1176 3576 inferioribus
1224 3531 1408 3574 autem
1436 3519 1824 3587 diversamque
1864 3518 2000 3572 sub-

426 3617 686 3672 stantiam
759 3613 1130 3678 habentibus,
1239 3612 1730 3666 subnumerationis
1803 3625 2002 3664 nomen

431 3711 725 3780 quadrare,
761 3709 850 3763 vel
890 3707 1187 3778 singularis
1230 3705 1643 3759 declarationis.
1679 3705 1756 3756 Ac
1794 3717 2006 3756 connu-

429 3803 790 3858 merationem
844 3801 1065 3871 quidem
1120 3807 1322 3854 vrcant
1382 3795 1811 3852 contractionem
1861 3808 2002 3859 eam,

431 3910 555 3965 quas
601 3897 656 3949 in
692 3910 861 3949 unum
905 3909 1198 3949 numerum
1239 3893 1319 3958 fit,
1365 3900 1426 3944 ut
1463 3904 1589 3944 cum
1623 3887 1862 3943 dicimus
1897 3896 2008 3940 tres

432 3989 565 4043 deos
591 3996 688 4042 aut
719 3996 832 4042 tres
864 3987 1116 4041 homines
1151 4002 1167 4039 :
1201 3999 1312 4039 non
1339 3994 1523 4039 autem
1558 3979 2004 4036 connumeratio-

434 4096 581 4146 nem,
611 4083 705 4136 sed
737 4080 1074 4150 singularem
1103 4077 1570 4140 enuntiationem,
1601 4090 1725 4129 cum
1751 4072 2007 4136 dicimus,

437 4188 607 4227 unum
632 4183 686 4228 et
714 4188 884 4226 unum
911 4189 927 4225 :
962 4169 1512 4226 subnumerationem
1541 4167 1775 4236 denique
1797 4174 2010 4235 postre-

437 4282 587 4319 mum
622 4265 676 4318 in
727 4262 1148 4318 enumeratione
1179 4261 1435 4332 gradum,
1495 4268 1555 4314 ut
1583 4257 1764 4323 Pater,
1819 4255 2013 4320 Filius,

439 4367 495 4412 et
557 4355 796 4427 Spiritus
853 4363 1120 4412 sanctus:
1157 4352 1235 4406 En
1269 4392 1284 4418 ,
1349 4351 1653 4421 inquiunt,
1707 4358 2016 4420 postremus

441 4460 758 4506 recensetur
793 4464 859 4504 ac
902 4447 1291 4517 pronuntiatur
1344 4444 1620 4512 Spiritus,
1676 4456 1742 4496 ac
1772 4441 1920 4495 Patri
1964 4446 2018 4493 et

2099 3245 2242 3318 quod
2290 3253 2469 3299 tamen
2523 3237 2767 3308 Spiritus.
2787 3235 2970 3289 hostes
2999 3234 3275 3285 astruunt.
3319 3222 3372 3276 Id
3422 3219 3567 3274 enim
3623 3215 3676 3269 in

2101 3314 2395 3395 maximam
2428 3331 2784 3404 ignominiam
2815 3327 2908 3382 Dei
2941 3323 3178 3380 cederet.
3205 3317 3346 3371 Hinc
3373 3314 3517 3404 enim
3544 3324 3676 3404 eon-

2105 3432 2380 3494 ﬁceretur,
2407 3425 2576 3480 Deum
2608 3438 2638 3477 a
2671 3416 2943 3491 principio
2975 3411 3276 3484 perfectum
3325 3419 3436 3460 non
3483 3399 3674 3462 fuisse,

2105 3537 2295 3577 verum
2331 3529 2543 3589 postea,
2577 3513 2735 3585 quasi
2759 3505 3081 3582 pmnitentia
3127 3511 3362 3563 motum,
3388 3506 3680 3566 personam

2106 3630 2229 3684 quae
2269 3609 2704 3672 desiderabatur,
2768 3605 2874 3659 hoc
2908 3608 3014 3663 est,
3072 3595 3338 3666 Spiritum
3409 3594 3684 3684 sanctum.

2107 3677 2497 3774 assumpsisse,
2529 3709 2693 3768 atque
2723 3697 2798 3750 ita
2832 3695 2898 3748 ad
2931 3689 3108 3744 modis
3137 3684 3391 3740 omnibus
3437 3677 3684 3733 cumula-

2111 3809 2219 3853 tam
2286 3769 2342 3852 et
2392 3794 2692 3866 perfectam
2742 3784 3080 3842 divinitatem
3149 3775 3486 3848 pervenisse.
3558 3769 3691 3822 Erat

2110 3891 2277 3960 igitur
2301 3888 2357 3941 in
2393 3861 2662 3955 principio
2695 3878 2954 3947 Spiritus,
2990 3883 3152 3940 atque
3193 3868 3261 3923 ab
3292 3863 3440 3960 omni
3467 3861 3690 3930 quidem

2110 3955 2365 4039 creatura
2425 3975 2766 4047 percipitur,
2811 3969 2880 4024 ad
2911 3966 2994 4023 sui
3062 3955 3588 4032 coagmentationem
3639 3958 3694 4004 et

2113 4044 2590 4131 conversationem
2607 4080 2674 4120 eo
2710 4077 2848 4132 opus
2891 4053 3291 4122 habentczipse
3339 4055 3521 4102 autem
3565 4044 3691 4096 nul-

2115 4169 2223 4225 lius
2262 4165 2340 4222 rei
2381 4162 2650 4234 particeps
2696 4155 2947 4211 ellicitur.
2983 4147 3197 4203 Nullius
3248 4142 3393 4198 enim
3456 4136 3692 4234 indiget,

2118 4273 2287 4328 seque
2320 4228 2441 4326 ipso
2473 4259 2765 4307 contentus
2779 4255 2880 4301 est.
2905 4239 3122 4298 Perlicit
3153 4235 3339 4292 omnia
3358 4239 3518 4298 atque
3547 4228 3710 4296 ipsos.

2119 4327 2282 4407 etiam
2332 4347 2553 4417 angelos
2616 4357 2712 4413 per
2767 4334 3252 4394 sanctificationem
3290 4346 3306 4383 :
3340 4327 3453 4395 ipse
3513 4329 3696 4375 autem

2121 4458 2232 4499 non
2263 4412 2563 4509 perﬁcitur,
2602 4412 2802 4505 quippe
2852 4438 3045 4484 natura
3078 4421 3355 4495 perfectus
3398 4425 3562 4485 atque
3605 4412 3694 4509 in.

442 4543 585 4598 Filio
619 4507 1070 4598 subnumeratur.
1104 4541 1286 4608 Atque
1312 4507 1428 4589 haec
1449 4533 1552 4604 ipsi
1577 4507 1788 4597 dicunt,
1817 4531 2022 4587 doctri-
2053 4536 2098 4591 D
2127 4507 2465 4592 uenientum
2499 4527 2769 4584 nesciens.
2813 4521 3012 4592 Implet
3039 4517 3224 4573 omnia
3267 4526 3366 4568 sua
3414 4507 3696 4608 essentia-z

445 4653 571 4691 nam
623 4651 778 4690 suam
813 4634 971 4704 quasi
1013 4633 1120 4686 lata
1152 4631 1272 4701 lege
1300 4628 1735 4699 promulgantes,
1767 4635 1993 4680 caeterum

2107 4633 2339 4702 Spiritus
2387 4625 2530 4680 enim
2570 4621 2784 4676 Domini
2819 4617 3034 4687 replevit
3100 4612 3278 4666 orbem
3331 4615 3591 4659 terrarum
3628 4599 3698 4660 ⁸⁷,

447 4743 476 4782 a
505 4727 732 4780 veritate
759 4726 1099 4793 recedentes.
1133 4721 1268 4776 Nam
1302 4735 1487 4775 revera
1522 4717 1758 4786 Spiritus
1787 4726 2012 4772 sanctus

450 4822 506 4874 in
540 4819 826 4891 Scriptura
870 4834 978 4872 non
1032 4831 1250 4886 semper
1287 4824 1566 4885 postremo
1603 4811 1725 4864 luco
1776 4809 2022 4879 ponitur,

448 4917 545 4970 sed
595 4913 872 4969 interdum
905 4913 1072 4967 etiam
1105 4910 1276 4980 priori
1316 4909 1434 4962 loco
1468 4911 1810 4968 numeratur;
1861 4902 2023 4956 Pater

451 5017 633 5062 autem
669 5005 983 5074 posteriori,
1017 5011 1216 5057 utcum
1247 5001 1324 5054 ait
1360 4997 1696 5067 Apostolus:
1729 4995 2024 5047 Diuisione:

453 5102 751 5170 gratiarum
784 5106 931 5162 sunt,
969 5097 1108 5149 idem
1150 5102 1327 5148 autem
1365 5090 1627 5158 Spiritus,
1656 5089 1747 5156 qui
1776 5095 2027 5156 Operatur

453 5192 738 5245 divisiones
798 5191 1092 5261 gratiarum
1134 5187 1254 5260 (pro
1306 5188 1540 5246 ratione,
1594 5191 1652 5236 ut
1686 5181 1917 5251 opinor,
1972 5185 2027 5233 et

457 5286 658 5340 merito
688 5299 903 5349 eorum,
959 5283 1054 5353 qui
1104 5297 1198 5336 eas
1231 5279 1538 5348 suscipiunt
1573 5275 1632 5346 );
1659 5285 1707 5328 et
1739 5273 2028 5326 divisiones

458 5379 915 5433 ministrationum
974 5381 1133 5436 sunt,
1194 5371 1333 5425 idem
1393 5379 1570 5423 autem
1640 5365 1931 5426 Dominus;
1977 5369 2027 5415 et

460 5472 741 5526 divisiones
793 5469 1160 5540 Operationum
1197 5475 1340 5529 sunt,
1388 5464 1526 5516 idem
1571 5468 1750 5515 autem
1780 5457 1920 5511 Deus
1937 5454 2027 5509 "‘.

2124 4692 2305 4794 inquit
2323 4719 2577 4772 Salomon
2603 4731 2618 4781 ;
2651 4721 2707 4767 et
2736 4709 2904 4764 David
2928 4726 2942 4762 :
2971 4705 3087 4770 Quo
3111 4704 3190 4756 ibo
3219 4718 3251 4753 a
3273 4697 3490 4794 Spiritu
3517 4692 3702 4794 tuo'”?

2124 4783 2248 4884 Ipse
2293 4818 2476 4866 autem
2525 4820 2631 4860 non
2671 4801 2954 4871 impletur,
3004 4802 3190 4864 utpote
3236 4791 3426 4859 plenus
3470 4799 3534 4840 ac
3584 4783 3704 4851 plus

2126 4882 2288 4976 quam
2339 4903 2574 4972 plenus:
2616 4894 2684 4948 Et
2728 4894 2791 4947 de
2822 4888 3152 4960 plenitudine
3205 4882 3320 4951 ejus
3373 4893 3466 4932 nos
3525 4889 3704 4976 omnes

2129 4967 2425 5066 accepimus
2470 4993 2540 5055 δ’,
2569 4999 2622 5043 et
2669 4984 2988 5054 accipimus,
3035 4987 3202 5048 atque
3242 4971 3554 5042 implcmur.
3640 4967 3708 5016 At

2132 5091 2254 5161 ipse
2280 5102 2383 5142 nec
2415 5084 2490 5139 rei
2528 5081 2688 5137 ullius
2728 5075 2954 5143 indiget,
2981 5085 3082 5124 nec
3118 5065 3384 5123 minuitur
3418 5075 3566 5161 :non

2135 5148 2234 5235 cus
2274 5194 2339 5234 ae
2370 5177 2450 5232 sol
2481 5171 2814 5243 corporibus
2845 5164 3135 5235 aﬂulgens,
3187 5156 3444 5225 varieque
3489 5151 3557 5204 ab
3603 5148 3710 5243 illis

2134 5281 2446 5343 perceptus,
2522 5239 2944 5334 haudquaquam
2987 5270 3017 5309 a
3065 5248 3492 5343 percipienti‘bu's
3531 5239 3713 5343 innui-

2136 5329 2347 5412 inuitur.
2377 5329 2716 5415 sanctiﬁcat,
2756 5329 2814 5403 ut
2847 5354 3036 5401 natura
3067 5347 3290 5398 sanctus
3317 5353 3332 5391 :
3363 5333 3541 5388 Abluti
3567 5329 3710 5385 enim

2136 5454 2282 5514 estis,
2312 5447 2511 5519 inquit,
2535 5455 2586 5501 et
2615 5441 2937 5512 sanctiﬁcati
2982 5437 3106 5492 estis
3156 5436 3208 5488 in
3255 5428 3460 5484 nomine
3501 5422 3714 5477 Domini

531 5587 630 5640 ³³⁸1
657 5589 787 5643 Cor.
817 5600 918 5654 xtl,
947 5583 1068 5638 4—6.
1142 5579 1187 5616 "
1216 5577 1415 5648 lJoan.
1443 5595 1496 5644 v,
1517 5576 1573 5631 8.
1648 5573 1693 5606 ⁵⁸
1719 5571 1763 5625 ll
1788 5570 2079 5634 COLXIIII,
2102 5568 2186 5622 I5.
2259 5563 2307 5596 ⁸⁸
2335 5562 2502 5616 Itlor.
2534 5573 2652 5624 vnt,
2676 5557 2729 5612 6.
2803 5555 2849 5588 "
2880 5556 3009 5624 Sap.
3029 5551 3143 5618 t,7.
3217 5548 3263 5581 ⁵⁸
3285 5544 3430 5602 Psal.
3454 5551 3718 5602 cxxnvm,

464 5658 544 5718 7.~
595 5663 640 5694 ⁸³
671 5660 830 5716 Jnau.
862 5674 898 5724 ι,
942 5656 1031 5710 16.

539 5823 650 5890 (3i)
694 5820 816 5876 Hanc
845 5820 898 5874 in
934 5831 1058 5872 meo
1107 5813 1289 5869 Niceta
1323 5826 1426 5866 non
1469 5806 1788 5869 habentur,
1817 5811 1870 5856 et
1903 5799 2042 5853 alius
2083 5793 2388 5864 cuiuspiam
2429 5786 2748 5858 interpretis
2786 5798 2907 5840 esse
2935 5782 3210 5837 videntur.
