4116 6414
484 363 507 420 ἶ
527 358 620 419 £63
1922 358 2053 417 ADY

2159 358 2302 418 EDA.
3621 362 3757 426 1464

479 472 646 525 nostri
677 469 804 524 Jesa
842 470 1062 534 Christi,
1099 480 1146 522 et
1181 470 1233 521 in
1274 468 1476 538 Spir-ua
1528 467 1619 520 Dei
1665 469 1834 522 nostri
1861 468 1926 536 ⁶⁰;
1954 469 2066 538 ipse
2094 472 2141 528 Α
2172 471 2223 525 id
2257 479 2364 537 est,
2400 481 2592 525 natura
2621 479 2674 526 et
2707 485 2803 541 per
2834 471 3078 543 seipsum
3119 474 3420 542 potentiam
3465 477 3651 541 habet,
3693 495 3758 534 ac

480 573 663 618 autem
694 561 932 632 Spiritus
961 560 1186 615 minime
1231 562 1648 624 sanctiﬁcatur;
1679 575 1856 630 neque
1916 561 2063 616 enim

481 655 631 726 quod
690 656 928 711 essentia
976 666 1229 709 sanctum
1277 663 1362 709 est
1415 653 1911 709 sanctiﬁcationem
1975 669 2067 710 re-

481 747 674 817 quirit.
708 745 1034 802 Hominibus
1063 747 1403 802 divinitatem
1451 745 1625 808 ailert,
1662 761 1760 816 per
1807 745 2065 815 adoptio-

478 854 601 894 nem
644 848 698 894 et
740 839 967 911 gratiam
1005 857 1018 894 :
1052 841 1169 910 ipse
1222 851 1402 895 autem
1459 840 1601 895 Deus
1645 856 1751 893 non
1811 840 2062 895 eiiicitur.

476 929 612 986 Nam
663 933 811 1001 quod
857 932 979 986 aliis
1013 932 1351 986 divinitatem
1385 932 1634 1002 largitur,
1665 941 1860 985 natura
1921 932 2062 988 Deus

475 1033 580 1081 est.
611 1027 814 1080 Adhme
856 1025 944 1079 ille
991 1025 1092 1080 sibi
1138 1026 1238 1095 ipsi
1267 1041 1484 1096 semper
1542 1027 1770 1093 aequalis
1812 1035 1866 1079 et
1918 1025 2059 1104 idem

473 1130 579 1182 est,
625 1119 830 1173 nullam
877 1120 1292 1174 conversionem
1353 1135 1417 1174 ac
1445 1120 1804 1174 mutationem
1858 1119 2061 1173 admit-

473 1220 632 1275 tens,
679 1210 1140 1279 quemadmodum
1187 1226 1287 1266 nec
1343 1212 1505 1266 Pater
1535 1227 1634 1266 nec
1687 1210 1882 1277 Filius,
1935 1227 2059 1267 cum

473 1302 678 1370 quibus
735 1301 976 1373 Spiritus
1041 1303 1374 1372 coniunctus
1441 1314 1546 1358 est.
1610 1303 2062 1360 invisibiliszsic

472 1396 620 1449 enim
671 1397 747 1450 ait
784 1396 1038 1451 Christus
1074 1415 1087 1452 :
1127 1396 1388 1467 Spiritum
1428 1398 1655 1453 mundus
1689 1400 1925 1468 accipere
1957 1415 2060 1452 non

469 1499 654 1556 potest,
685 1492 808 1556 quia
837 1507 940 1545 non
975 1493 1113 1545 videt
1145 1491 1648 1561 eum“.Tcmporis
1685 1509 1900 1562 expers,
1923 1508 2062 1562 quo-

468 1581 617 1635 niam
650 1591 704 1636 et
730 1581 1030 1638 increatus.
1060 1583 1256 1638 Creata
1292 1586 1436 1639 enim
1474 1595 1622 1651 sunt,
1653 1601 1774 1655 qua:
1813 1585 1869 1639 in
1916 1597 2058 1640 tem-

469 1689 603 1742 pore
633 1685 781 1730 sunt.
819 1675 1397 1746 lncomprehensibiiis
1429 1678 1654 1744 mundo,
1695 1687 1960 1748 quantum
1990 1676 2057 1732 ad

467 1768 770 1835 potentiam
808 1776 863 1822 et
905 1769 1362 1839 magnitudinem,
1411 1778 1631 1840 propter
1658 1770 1957 1825 bonitatem
1992 1785 2056 1824 ac

471 1860 886 1915 beneﬁcentiam
921 1876 1150 1932 capaces
1192 1864 1278 1919 sui
1322 1863 1574 1918 homines
1607 1863 1756 1919 facit.
1793 1863 2056 1918 lmmuta-

467 1951 614 2019 bilis,
647 1955 776 2023 quia
819 1962 871 2010 et
912 1955 1232 2024 ingenitus;
1267 1971 1390 2028 qua:
1433 1956 1580 2012 enim
1628 1966 1748 2013 orta
1788 1965 1843 2012 et
1891 1972 2058 2029 gene-

467 2055 587 2100 rata
662 2058 816 2113 sunt,
864 2047 1158 2104 mutationi
1204 2048 1440 2104 obnoxia
1521 2057 1668 2104 sunt.
1749 2048 2056 2116 Qualitate,

464 2138 793 2206 quantitate,
824 2139 1024 2194 forma.
1059 2149 1112 2196 et
1143 2149 1290 2195 tactu
1319 2155 1541 2208 carens,
1577 2141 1705 2211 quia
1738 2141 1967 2212 simplex
2004 2150 2058 2196 et

463 2231 846 2301 incorporeus.
892 2233 1276 2289 Aceideutium
1331 2234 1478 2288 enim
1535 2235 1802 2290 rationem
1852 2234 2058 2289 habent
2111 2299 2113 2301 _

463 2321 722 2388 qualitas,
764 2325 1072 2391 quantitas,
1119 2334 1320 2392 tactus,
1372 2333 1426 2379 et
1470 2324 1669 2388 forma,
1721 2341 1816 2380 seu
1859 2327 2052 2395 ﬁgura,

467 2426 588 2479 quae
627 2412 849 2481 quidem
895 2414 949 2468 in
999 2416 1321 2485 compositis
1367 2415 1813 2471 considerantur.
1835 2417 1906 2469 At
1947 2417 2056 2470 Deo

467 2501 701 2570 qualitas
735 2503 882 2558 nulla
915 2503 1202 2560 tribuenda
1245 2515 1328 2561 est
1351 2507 1444 2576 (ne
1475 2508 1840 2576 compositum
1875 2509 2052 2576 ipsum

466 2601 798 2660 statuamus,
858 2596 1120 2650 nimirum
1171 2613 1238 2652 ex
1294 2599 1604 2653 substantia
1652 2607 1705 2654 et
1743 2600 2051 2669 qualitate),

467 2698 566 2739 nec
609 2685 782 2740 ullum
836 2687 1063 2741 omnino
1131 2688 1408 2744 accidens.
1454 2689 1595 2744 Nihil
1640 2691 1784 2744 cnim
1828 2690 1880 2744 in
1931 2691 2052 2760 ipso

467 2775 715 2830 nascitur
761 2789 927 2848 atque
979 2779 1398 2851 exstinguitur:
1432 2797 1622 2836 verum
1692 2783 2050 2840 immutabilis

464 2876 549 2921 est
583 2876 636 2922 et
667 2868 1048 2936 inalterabilis,
1087 2887 1439 2942 semperque,
1474 2884 1533 2928 ut
1568 2874 1831 2939 diximus,
1861 2877 2050 2931 codem

465 2960 629 3016 modo
664 2977 724 3017 se
771 2963 957 3018 habet.
990 2961 1110 3018 Jam
1159 2981 1288 3020 vero
1346 2977 1542 3022 caetera
1592 2968 1779 3022 omnia
1831 2967 2052 3022 aliunde

465 3062 676 3108 motum
705 3053 925 3119 habent,
958 3056 1064 3112 hoc
1107 3068 1212 3121 est,
1243 3075 1274 3114 a
1303 3058 1434 3125 Deo,
1468 3074 1499 3115 a
1531 3075 1640 3129 quo
1685 3060 1828 3116 facta
1871 3072 2001 3117 sunt
2034 3079 2048 3116 :

464 3158 521 3200 at
548 3146 788 3216 Spiritus
814 3161 1060 3215 sanctus,
1085 3150 1179 3220 qui
1225 3151 1369 3206 Deus
1409 3162 1515 3214 est,
1556 3167 1658 3208 nec
1697 3170 1725 3206 a
1768 3169 2047 3223 quoquam
2079 3175 2123 3234 ο

461 3250 682 3295 creatus
709 3249 814 3302 est,
848 3256 948 3296 nec
985 3253 1266 3309 movetur,
1296 3259 1486 3298 verum
1518 3255 1712 3314 saepte
1743 3256 1895 3299 motu
1933 3248 2047 3300 cie-

465 3341 579 3396 tur,
609 3347 673 3386 ac
705 3333 935 3402 proinde
988 3347 1314 3404 perpetuum
1357 3345 1566 3390 motum
1615 3337 1796 3389 habet.
1823 3337 2049 3404 Insuper

464 3425 678 3478 arbitrii
707 3440 926 3494 quoque
956 3425 1112 3479 liberi
1159 3439 1242 3480 est
1274 3426 1514 3496 Spiritus
1543 3439 1788 3482 sanctus.
1823 3426 2048 3481 Diversa

463 3526 646 3570 autem
677 3516 1078 3586 signiﬁcatione
1113 3516 1325 3571 arbitrii
1349 3517 1573 3572 libertas
1605 3521 1854 3587 capitur,
1892 3518 2048 3572 aliter

462 3622 591 3663 cum
624 3608 692 3662 de
715 3607 827 3662 Deo
862 3623 1046 3664 sermo
1071 3609 1323 3672 habetur,
1355 3609 1511 3662 aliter
1544 3623 1668 3662 cum
1708 3609 1776 3664 de
1816 3610 2044 3677 angelis,

464 3700 625 3756 aliter
658 3701 895 3771 denique
928 3717 1052 3757 cum
1086 3703 1154 3757 de
1190 3702 1524 3756 hominibus.
1572 3701 1630 3757 ln
1679 3701 1789 3756 Deo
1825 3710 1910 3758 est
1952 3718 2049 3757 su-

459 3789 958 3858 peressentialiter;
986 3791 1038 3844 in
1073 3791 1300 3860 angelis,
1338 3790 1464 3859 quia
1494 3802 1727 3849 conatus
1756 3794 2048 3863 operisque

461 3883 806 3952 expromptio
849 3897 971 3937 cum
1015 3884 1204 3938 ltabitu
1235 3887 1536 3951 concurrit,
1575 3901 1679 3942 nec
1709 3886 1874 3941 ullam
1903 3897 2046 3942 tem-

462 3973 611 4038 poris
651 3975 1118 4043 intercapedinem
1164 3977 1426 4031 admittit.
1461 3976 1598 4032 Nam
1652 3993 1776 4033 cum
1822 3979 2048 4046 angelus

461 4068 674 4122 arbitrii
724 4067 1030 4123 libertatem
1079 4077 1275 4123 natura
1313 4070 1529 4131 habeat,
1569 4071 1692 4125 sine
1721 4071 1833 4124 ullo
1865 4072 2040 4140 impe-

459 4159 710 4214 dimento
740 4175 803 4215 ea
835 4162 1030 4226 utitur,
1065 4163 1514 4232 quandoquidem
1540 4177 1642 4218 nec
1679 4165 1926 4234 corporis
1958 4181 2044 4218 re-

460 4250 816 4306 luctationem
852 4253 1091 4321 patitur,
1125 4268 1227 4308 nec
1258 4254 1584 4323 cujusquam
1633 4257 2047 4325 oppugnatione

458 4343 750 4408 premitur.
783 4342 959 4397 Simul
991 4346 1138 4396 enim
1165 4360 1289 4398 cum
1322 4356 1517 4399 natura
1545 4355 1599 4400 et
1631 4347 1912 4400 creatione
1943 4361 2040 4400 sua

460 4435 688 4488 liberam
754 4435 966 4487 arbitrii
1027 4419 1338 4490 facultatem
1396 4439 1641 4507 accepit,
1695 4453 2041 4507 nequaquam

462 4620 776 4674 habentem.
828 4618 884 4673 Id
925 4632 1102 4673 autem
1170 4620 1454 4689 proposito
1526 4619 1777 4687 exetnplo
1838 4618 2044 4673 clarius

457 4715 583 4768 erit.
639 4711 784 4768 Puer
829 4711 1014 4780 enim,
1061 4713 1162 4768 etsi
1216 4721 1414 4767 natura
1471 4713 1702 4767 liberum
1754 4712 2042 4766 arbitrium

459 4807 649 4871 habet,
684 4815 864 4862 tamen
897 4809 969 4862 ob
1003 4806 1434 4862 imbecillitatem
1473 4806 1525 4860 iu
1579 4806 1766 4861 multis
1794 4805 1956 4860 rebus
1982 4819 2044 4858 ea

456 4896 706 4951 libertate
759 4897 836 4952 uti
879 4897 1224 4967 prohibetur.
1258 4898 1327 4950 At
1371 4897 1425 4950 in
1463 4896 1779 4950 hominibus
1827 4894 2046 4949 habitus

457 4997 590 5042 ante
615 4988 1018 5058 aggressionem
1050 4987 1340 5058 temporali
1372 4989 1532 5042 modo
1562 4987 1709 5058 prjor
1747 4985 2040 5055 cogitatur.

459 5078 702 5134 Tametsi
734 5081 878 5134 enim
905 5081 1020 5150 ipse
1056 5095 1277 5152 quoque
1310 5079 1522 5135 arbitrii
1559 5079 1810 5133 libertate
1845 5076 2040 5145 pnedi-

459 5183 549 5226 tus
599 5183 704 5234 est,
752 5185 984 5241 eamque
1025 5183 1222 5226 natura
1274 5174 1434 5225 habet
1465 5188 1478 5224 :
1507 5180 1686 5224 tamen
1727 5169 1797 5224 ob
1838 5166 2040 5223 diaboli

459 5264 727 5333 impetum
772 5272 827 5318 et
870 5264 1368 5332 oppugnationem,
1420 5273 1474 5318 et
1521 5270 1740 5332 prepter
1795 5259 2042 5327 corporis

459 5357 806 5424 gravitatem,
843 5371 975 5411 usus
1004 5355 1177 5423 ipsius
1211 5366 1264 5411 ct
1319 5355 1602 5410 exsecutio
1633 5353 1820 5407 habitu
1855 5360 2041 5421 poste-

458 5449 634 5503 riores
670 5455 822 5503 sunt.
854 5445 973 5503 lam
1005 5447 1241 5520 Spiritus
1281 5462 1501 5519 quoque
1528 5446 1902 5515 αὑτοδύναμος
1931 5449 2036 5507 est,

2168 573 2456 634 propterea
2509 566 2736 629 omnia,
2789 582 2908 635 qua:
2943 569 3090 630 vult,
3141 575 3358 638 potest;
3411 585 3521 624 non
3569 581 3755 626 autem

2151 657 2352 710 .omnia
2387 656 2522 719 vult,
2561 672 2684 728 qua:
2726 666 2925 726 potest.
2959 656 3221 712 Mundam
3265 660 3412 712 enim
3460 659 3642 714 delere
3693 676 3758 715 ac

2168 749 2395 817 perdere
2427 758 2628 818 potest,
2666 765 2773 802 non
2825 758 3005 802 tamen
3033 751 3171 804 vult.
3205 750 3360 816 Quod
3393 751 3439 804 si
3476 751 3610 820 quid
3654 751 3758 805 hu-

2169 839 2355 892 milius
2385 850 2437 892 et
2463 839 2732 906 abjeCtius
2760 840 2826 894 de
2875 855 2942 893 eo
2977 841 3180 895 dictum
3220 841 3488 906 invenias,
3522 841 3756 910 exempli

2167 942 2335 980 causa
2372 945 2384 980 :
2418 928 2572 993 Quod
2607 945 2630 979 a
2665 928 2828 982 Patre
2863 929 3121 992 mittitur,
3152 939 3246 984 aut
3277 933 3457 997 datur,
3492 941 3582 984 aut
3615 932 3756 984 divi-

2165 1021 2334 1084 ditur,
2356 1031 2450 1073 aut
2479 1021 2792 1085 intercedit,
2821 1032 2914 1076 aut
2949 1023 3092 1076 aliud
3139 1025 3421 1093 quidpiam
3456 1025 3622 1091 hujus
3655 1040 3750 1095 ge-

2167 1112 2335 1174 neris,
2369 1113 2508 1165 scito
2549 1113 2661 1166 haec
2687 1114 2870 1167 omnia
2901 1114 2967 1167 ad
2999 1115 3227 1184 primam
3261 1131 3482 1169 causam
3529 1116 3742 1178 referri,

2169 1203 2268 1256 hoc
2307 1211 2412 1265 est,
2445 1203 2510 1256 ad
2545 1202 2784 1267 Patrem,
2821 1205 3283 1274 quemadmodum
3323 1216 3374 1258 rt
3397 1207 3464 1259 ad
3500 1208 3752 1262 eumdem

2165 1311 2260 1347 sua
2295 1294 2466 1352 Filius
2498 1296 2681 1352 refert.
2721 1296 2811 1352 Sic
2842 1299 2987 1352 enim
3021 1299 3140 1355 Vita
3167 1301 3280 1368 ipsa
3325 1298 3607 1368 loquitur:
3640 1299 3753 1370 Ego

2164 1388 2275 1439 viva
2308 1399 2519 1458 propter
2549 1389 2764 1443 Patrem
2791 1391 2858 1445 ".
2892 1390 2956 1446 Et
2979 1392 3094 1460 ipsa
3130 1390 3376 1446 Potentia
3398 1410 3412 1446 :
3433 1392 3558 1447 Non
3586 1403 3750 1462 potest

2167 1482 2341 1537 Fiiius
2379 1482 2553 1550 facere
2579 1499 2610 1535 tt
2643 1485 2812 1552 seipse
2843 1483 3129 1553 quidquam
3173 1485 3236 1538 ⁸³.
3277 1483 3342 1539 Ει
3383 1486 3624 1554 perfecta
3653 1487 3755 1541 Sa-

2163 1577 2412 1647 pientia:
2453 1575 2765 1630 Mandatum
2810 1579 3008 1646 accepi,
3051 1578 3176 1648 quid
3226 1578 3427 1644 dicam,
3480 1590 3598 1648 aut.
3628 1581 3754 1650 quid

2163 1669 2357 1739 loquar
2391 1669 2435 1701 “
2461 1670 2484 1724 ?
2514 1669 2593 1722 Ac
2631 1687 2865 1725 rursus:
2894 1672 2930 1722 Α
2968 1673 3166 1740 meipso
3203 1688 3303 1724 non
3348 1689 3466 1725 sum
3517 1673 3753 1736 locutus,

2163 1761 2721 1831 sed'quemadmodum
2747 1763 2882 1818 dixit
2913 1765 3038 1816 mihi
3068 1763 3251 1827 Pater,
3280 1767 3356 1818 sic
3391 1765 3532 1832 facio
3559 1766 3624 1816 ⁸⁵.
3659 1765 3754 1819 llis

2166 1865 2348 1909 autem
2381 1855 2563 1910 verbis
2595 1871 2702 1910 non
2731 1870 2796 1910 eo
2820 1855 3008 1920 utitur,
3038 1855 3485 1926 quod,voluntate
3515 1872 3580 1909 ac.
3603 1867 3750 1910 motu

2164 1957 2368 2012 careat,
2403 1957 2458 2002 ct
2493 1947 2637 2001 velut
2691 1947 3026 2016 imperialem
3092 1956 3358 2003 tesseram
3418 1959 3745 2018 exspectet;

2164 2039 2259 2095 sed
2293 2048 2353 2093 ut
2368 2040 2693 2094 sententiam
2719 2053 2874 2093 suam
2895 2040 3231 2108 conjunctim
3251 2049 3302 2094 et
3321 2040 3768 2110 inseparabiliter.

2165 2147 2194 2186 a
2229 2130 2388 2185 Patre
2416 2129 2743 2200 pendentem
2793 2132 3070 2210 ostendat,
3104 2146 3168 2184 ac
3199 2146 3294 2200 per
3326 2133 3441 2187 ha~c
3471 2132 3655 2185 omnia
3682 2131 3750 2187 ad

2163 2221 2344 2276 Patris
2385 2223 2750 2292 cognitionem
2810 2222 2971 2275 nobis
3009 2231 3210 2290 praeeat
3237 2242 3250 2276 :
3275 2223 3341 2275 ad
3369 2237 3532 2290 quem
3571 2238 3749 2275 rerum

2176 2331 2393 2380 earum,
2424 2330 2546 2384 quae
2587 2314 2654 2368 ab
2685 2328 2749 2368 eo
2787 2311 3048 2375 eduntur,
3091 2314 3414 2367 miraculum
3458 2313 3645 2373 refert.
3692 2325 3751 2368 ut

2162 2423 2260 2477 per
2295 2421 2421 2460 eum
2470 2407 2536 2459 ad
2587 2404 2763 2458 Patris
2809 2405 3174 2474 cognitionem
3235 2405 3553 2459 evehamur.
3605 2405 3748 2470 Quin

2162 2499 2325 2553 etiam
2361 2496 2601 2566 Spiritus
2635 2498 2740 2550 vita
2780 2506 2882 2560 est,
2918 2504 2972 2550 et
3020 2496 3326 2562 viviﬁcaris;
3360 2497 3438 2550 sic
3477 2497 3622 2550 enim
3671 2496 3750 2549 ait

2163 2589 2456 2659 Apostolus
2512 2605 2526 2644 :
2569 2586 2802 2657 Spiritus
2857 2590 2962 2642 vita
3017 2597 3094 2642 est
3139 2603 3232 2657 per
3259 2587 3537 2656 justitiam
3558 2586 3624 2640 ⁸⁸.
3683 2586 3746 2640 Et

2163 2699 2360 2737 rursus
2394 2700 2407 2735 :
2442 2680 2646 2735 Littera
2676 2681 2898 2747 occidit,
2931 2681 3170 2749 Spiritus
3208 2690 3382 2733 autem
3416 2678 3645 2747 viviﬁcat
3674 2678 3740 2732 ".

2161 2775 2227 2830 Et
2284 2775 2548 2831 Dominus
2587 2773 2705 2844 ipse
2754 2774 2858 2829 hoc
2896 2773 3208 2829 testimonio
3264 2787 3365 2826 suo
3401 2761 3688 2826 conﬁrmat
3722 2785 3740 2822 ς

2161 2865 2420 2937 Spiritus,
2455 2866 2656 2935 inquit,
2690 2875 2766 2919 est
2797 2866 2887 2936 qui
2924 2865 3186 2934 viviﬁcat;
3216 2879 3342 2918 caro
3383 2878 3488 2915 non
3524 2860 3743 2930 prodest

2159 2960 2446 3030 quidquam
2470 2958 2537 3011 ⁸⁸.
2589 2955 2837 3012 Viviﬁcat
2867 2971 3029 3025 porro
3061 2972 3184 3010 cum
3217 2955 3330 3011 Deo
3365 2955 3526 3008 Patre
3556 2953 3743 3008 oumia

2160 3050 2488 3113 viviﬁcante,
2526 3056 2581 3103 et
2614 3063 2737 3103 cum
2775 3047 2912 3102 Filio
2949 3048 3116 3101 vitam
3147 3047 3334 3102 dante.
3370 3047 3461 3101 Sic
3491 3045 3638 3100 enim
3670 3047 3747 3099 ait

2157 3143 2457 3211 Apostolus
2491 3158 2504 3195 :
2539 3141 2643 3204 Qui
2682 3141 2954 3193 suscitavit
2989 3138 3258 3194 Christum
3311 3156 3342 3191 a
3373 3138 3628 3204 mortuis,
3662 3137 3744 3192 ui-

2161 3236 2389 3304 riﬁcabit
2418 3244 2465 3287 et
2499 3247 2724 3301 corpora
2773 3241 2956 3284 nostra
2998 3233 3248 3284 mortalia
3297 3247 3401 3298 per
3441 3230 3745 3284 inhabitan-

2161 3333 2265 3376 tem
2291 3321 2548 3391 Spiritum
2602 3337 2758 3374 suum
2788 3319 2843 3372 in
2878 3319 3025 3372 nobis
3061 3319 3129 3373 ".
3165 3319 3233 3372 Et
3278 3317 3574 3374 Christus:
3609 3318 3742 3373 θυαε

2162 3430 2289 3468 mea:
2323 3429 2491 3466 rocem
2530 3428 2696 3465 meam
2735 3411 2997 3475 audiunt,
3040 3419 3088 3463 et
3133 3425 3226 3479 ego
3280 3410 3445 3462 vitam
3486 3418 3742 3462 wteruam

2160 3523 2226 3558 ao
2258 3505 2333 3560 eis
2367 3505 2435 3556 ⁷ο.
2466 3504 2534 3558 Ει
2560 3514 2618 3557 ιιι
2650 3518 2758 3557 uno
2801 3503 2969 3558 verbo
3019 3502 3300 3557 absolvam
3321 3542 3334 3563 ,
3381 3502 3742 3570 quemadmo-

2159 3598 2288 3652 dum
2326 3610 2425 3650 nec
2455 3596 2524 3650 ab
2553 3595 2675 3662 igne
2709 3595 2880 3658 calor,
2920 3609 3020 3648 nec
3062 3609 3092 3647 a
3123 3593 3244 3647 luce
3287 3594 3547 3661 splendor
3583 3606 3739 3660 sepao

2159 3691 2269 3745 rari
2303 3698 2506 3760 potest,
2531 3688 2611 3743 sic
2641 3703 2740 3743 nec
2767 3704 2796 3741 a
2829 3687 3035 3757 Spiritu
3071 3685 3454 3748 sanctiﬁcatio,
3493 3685 3738 3740 viviﬁca-

2159 3784 2257 3849 tio,
2297 3782 2533 3846 bonitas,
2569 3782 2860 3835 rectitndo.
2908 3778 3022 3833 Nec
3067 3780 3365 3849 quidquam
3410 3778 3606 3833 horum
3643 3779 3740 3833 ad-

2158 3875 2446 3929 ventitinm
2495 3873 2596 3943 ipsi
2635 3881 2719 3928 est
2751 3881 2844 3926 aut
2888 3873 3162 3940 p..:sterius
3201 3871 3489 3925 accedens.
3527 3870 3737 3926 Lumen

2156 3980 2238 4024 est
2263 3978 2317 4024 et
2345 3968 2570 4024 luminis
2594 3966 2840 4033 largitor.
2867 3963 2932 4018 lu
2965 3964 3164 4018 lumine
3196 3964 3343 4018 enim
3393 3974 3502 4030 tuo,
3534 3965 3734 4034 inquit,

2157 4061 2440 4116 uidebimus
2489 4058 2667 4111 lumen
2689 4057 2756 4122 τ’,
2786 4056 2839 4110 id
2881 4065 2986 4120 est,
3029 4056 3082 4108 in
3121 4054 3323 4125 Spiritu
3366 4053 3588 4111 Filium.
3624 4053 3737 4108 Hoc

2159 4167 2321 4222 porro
2371 4148 2589 4204 Davidis
2629 4147 2912 4202 oraculum
2966 4155 3078 4200 tum
3125 4146 3404 4214 impletum
3450 4156 3555 4210 est,
3607 4159 3733 4198 cum

2157 4245 2431 4313 baptizato
2465 4242 2702 4312 Jcanut
2735 4253 2820 4297 est
2844 4241 2986 4310 apud
3013 4238 3305 4305 Joannem,
3347 4239 3584 4308 Spiritus
3616 4254 3737 4292 san-

2157 4347 2279 4391 ctus
2357 4335 2494 4389 Filio
2547 4333 2848 4389 divinitatis
2915 4331 3288 4387 testimonium
3347 4331 3624 4400 praebuit,
3680 4331 3732 4383 in

2157 4426 2422 4481 eolumbze
2467 4426 2640 4478 ferina
2680 4424 3206 4485 descendensmam
3251 4433 3363 4474 tum
3419 4422 3471 4474 in
3524 4419 3733 4489 Spiritu

453 4535 650 4603 postea
694 4525 797 4594 ipsi
843 4525 1216 4588 accedentem,
1272 4536 1366 4581 aut
1405 4527 1790 4582 intermedium
1833 4539 2046 4596 tempus

2159 4527 2351 4571 sancto
2384 4514 2579 4570 Filium
2611 4515 2993 4584 cognovimus.
3039 4513 3248 4566 Lumen
3273 4519 3456 4566 autem
3501 4512 3734 4580 Spiritus

2150 4621 2376 4665 sanctus
2440 4611 2768 4679 appellatur,
2817 4609 2946 4678 quia
2997 4621 3213 4660 omnem
3262 4607 3621 4676 ignorantiam
3681 4614 3734 4678 ct

2149 4717 2394 4757 errorem
2444 4717 2510 4755 ex
2538 4701 2758 4766 animis,
2805 4699 3006 4767 quibus
3053 4695 3272 4750 inlusus
3307 4706 3412 4758 est,
3445 4695 3683 4764 dispellit
3714 4711 3731 4754 :

2151 4804 2262 4850 tum
2329 4795 2495 4849 etiam
2559 4794 2688 4862 quia
2750 4793 2970 4855 omnia,
3033 4805 3155 4859 qua:
3205 4787 3379 4858 ipsius
3446 4785 3735 4856 splendore

2149 4891 2518 4950 continentur,
2573 4886 2638 4939 ad
2689 4883 2930 4953 seipsum
2969 4881 3196 4951 colligit.
3251 4880 3471 4934 Bonitas
3519 4878 3633 4946 ipsa
3681 4887 3736 4931 et

2148 4979 2272 5035 fons
2333 4978 2613 5040 bonitatis,
2672 4976 2722 5030 id
2755 4984 2840 5029 est
2883 4973 3174 5030 essentiale
3211 4972 3436 5036 bonum,
3480 4986 3511 5024 a
3542 4983 3650 5038 quo
3680 4979 3735 5023 et

2152 5071 2258 5124 alia
2291 5081 2349 5124 ut
2379 5084 2446 5124 ex
2486 5067 2635 5124 fonte
2679 5068 2976 5122 bonitatem
3032 5064 3312 5119 hauriunt.
3377 5062 3540 5115 David
3587 5060 3729 5113 enim

2150 5159 2413 5228 Spiritum
2443 5159 2647 5213 bonum
2676 5158 2851 5226 ipsum
2886 5156 3169 5218 nominat;
3201 5149 3512 5218 Theologus
3545 5156 3728 5202 autem

2147 5254 2362 5309 laudem
2392 5253 2753 5322 ampliﬁcans,
2791 5261 2954 5320 atque
2982 5247 3276 5305 ostendens
3300 5259 3424 5298 eum
3462 5257 3570 5298 non
3601 5257 3729 5310 par-

2147 5347 2462 5415 ticipatione
2491 5345 2692 5399 bonum
2722 5359 2867 5408 esse,
2901 5342 3196 5397 bonitatem
3233 5339 3404 5405 ipsam
3437 5349 3560 5390 cum
3590 5349 3732 5387 nun-

2147 5439 2386 5508 cupavit,
2444 5437 2604 5507 cujus
2659 5434 2924 5490 beneﬁcio
2987 5433 3094 5487 alia
3148 5444 3370 5499 quoque
3426 5427 3726 5482 bonitatem

531 5630 576 5660 ⁸ο
607 5627 625 5680 l
665 5615 792 5682 cor.
822 5644 896 5691 vr,
922 5627 1008 5681 ιι.
1085 5628 1126 5659 ⁸¹
1164 5625 1321 5681 .loan.
1351 5639 1464 5690 xw,
1508 5625 1596 5678 17.
1674 5623 1719 5652 ⁶²
1743 5619 1902 5677 Joan.
1945 5637 2019 5688 vr,
2048 5619 2136 5675 58.
2179 5690 2184 5691 ί
2217 5618 2262 5650 ⁸³
2293 5619 2448 5691 δυτψ.
2483 5633 2536 5680 v,
2573 5617 2659 5671 l9.
2733 5615 2785 5691 ξξ
2815 5614 2973 5691 Joan.
3016 5630 3114 5691 ειη,
3155 5596 3255 5669 49.
3306 5611 3385 5691 ⁸⁸⁸⁵
3420 5610 3726 5691 ham-fl".

489 5701 581 5754 5i.
607 5677 625 5680 β
657 5677 704 5730 εἷ
727 5677 1013 5765 Salsa—vt,
1052 5697 1105 5751 8.
1169 5677 1318 5749 "illi
1347 5677 1475 5751 (Σοί.
1520 5709 1601 5753 nt.
1633 5691 1686 5748 6.
1765 5693 1810 5727 °°
1837 5677 2096 5758 Jaaufvr,
2131 5690 2221 5745 (ii.
2300 5691 2346 5722 "
2379 5677 2537 5742 Roin.
2573 5703 2662 5742 vut
2687 5727 2701 5751 ,
2727 5686 2815 5743 ll.
2927 5687 2974 5718 ⁷ο
3008 5677 3168 5740 Joan.
3215 5701 3264 5753 ι,
3305 5682 3394 5737 28.
3503 5680 3546 5711 “
3579 5677 3726 5736 Psal.

460 5784 627 5834 xxxv,
665 5770 751 5822 10.
