4116 6448
391 401 525 466 1463

1350 409 1668 470 NICETAS
1711 409 1791 470 IN
1833 408 2056 469 ORAT.
2097 408 2277 473 XLIV
2322 410 2384 470 S.
2421 410 2654 470 GREG.

3510 406 3654 470 1466

388 525 818 586 consequuntur.
878 517 1120 590 Spiritus
1170 528 1349 575 rectus
1369 562 1384 586 ,
1441 522 1784 591 principalis.
1839 520 1964 574 “me
1996 524 2039 580 Α
2068 520 2285 573 modum
2314 519 2619 575 vaticinans
2649 537 2662 573 :
2704 516 2770 571 Et
2801 516 3124 587 requiescent
3154 531 3319 585 super
3345 531 3459 570 eum
3495 520 3654 585 spiri-

389 623 610 679 quoque
636 611 856 667 Davidis
876 621 1006 667 sunt
1035 630 1049 666 :
1081 610 1339 683 Spiritum
1356 614 1527 677 enim,
1545 614 1739 684 inquit.
1768 626 1969 668 rectum

388 700 581 754 innoua
621 702 678 755 in
713 702 994 756 visceribus
1029 704 1156 757 meis
1187 704 1253 757 ".
1293 704 1385 759 Et:
1427 702 1635 771 Spiritu
1686 704 1971 774 principali

389 791 650 856 conﬁrma
700 808 783 846 me
829 794 897 847 ⁷³.
955 793 1033 848 Ac
1101 804 1281 848 rectus
1343 794 1561 864 quidem
1617 794 1851 856 dicitur,
1909 802 1970 849 ut

389 881 636 938 ﬂexuoso
672 895 726 938 et
770 884 995 954 obliquo
1050 886 1289 955 serpenti
1338 888 1670 941 contrarius.
1703 885 1838 940 Nam
1864 927 1877 949 ,
1910 896 1970 941 ιιι

390 974 467 1026 ait
516 974 844 1045 Scriptura:
881 974 1117 1046 Spiritus
1166 986 1380 1031 sanctus
1427 978 1641 1047 effugiet
1689 979 1873 1033 dolum
1902 980 1967 1037 ⁷⁸.

390 1063 590 1121 Rectus
628 1068 788 1121 etiam
824 1068 1047 1130 dicitur,
1076 1071 1204 1138 quia
1236 1070 1351 1139 ipse
1394 1071 1603 1139 iustitia
1632 1082 1716 1126 cst
1748 1082 1801 1125 et
1830 1074 1970 1126 veri-

391 1163 498 1222 tas,
523 1156 892 1226 tligrcssiones
917 1175 980 1214 ac
1001 1158 1330 1215 dcﬂexiones
1362 1161 1415 1214 in
1446 1170 1731 1231 utramque
1758 1172 1967 1231 partem

390 1263 499 1300 non
534 1249 764 1304 habens.
797 1250 1121 1320 Principalis
1151 1262 1356 1316 autem,
1384 1261 1442 1307 ut
1476 1254 1727 1324 princeps
1769 1266 1821 1308 et
1866 1255 1965 1309 do-

387 1341 647 1404 minator,
680 1352 793 1396 tum
826 1346 990 1398 etiam
1025 1354 1082 1399 ut
1109 1345 1407 1415 principem
1434 1356 1669 1401 mentem
1707 1349 1965 1417 dirigens.

391 1430 465 1484 Ita
502 1430 793 1486 Dominum
826 1449 950 1487 eum
984 1444 1142 1488 vorat
1176 1438 1491 1505 Apostolus,
1516 1436 1702 1492 dicens
1737 1454 1752 1491 :
1789 1439 1969 1491 Domi-

389 1535 487 1572 nus
518 1528 694 1572 autent
739 1521 935 1591 dirigat
967 1523 1129 1576 corda
1171 1533 1341 1576 vestra
1376 1524 1428 1576 in
1459 1526 1721 1579 churitate
1772 1525 1886 1591 Dei,
1919 1536 1968 1579 et

387 1612 649 1678 patientia
689 1609 893 1667 Christi
925 1614 990 1665 ".
1021 1614 1082 1668 Et
1106 1617 1212 1668 alio
1243 1617 1362 1670 loco
1388 1635 1402 1670 :
1439 1616 1534 1670 Vos
1565 1627 1741 1671 autem
1786 1618 1968 1674 Domi~

391 1716 491 1755 nus
548 1701 858 1770 multiplices
908 1713 957 1756 et
1001 1703 1275 1759 abundare
1324 1706 1488 1774 faciat
1536 1722 1629 1774 per
1656 1709 1967 1762 charitatem

391 1804 652 1860 mutuam,
676 1802 726 1847 et
756 1795 825 1847 ad
849 1796 1216 1865 conﬁrmanda
1246 1798 1411 1852 corda
1436 1809 1611 1853 vestra
1648 1801 1764 1854 sine
1793 1817 1971 1868 repreo

2073 620 2157 665 tus
2179 624 2393 681 septem,
2418 612 2636 679 spiritus
2670 610 2946 673 sapientiw
2977 618 3029 662 ct
3065 608 3389 680 prudentia,
3431 611 3651 677 spiritus

2070 704 2279 757 consilii
2317 713 2366 757 et
2415 702 2766 770 fortitudinis,
2798 702 3020 769 spiritus
3065 701 3301 755 scientia:
3344 712 3394 753 et
3436 702 3650 769 pietatis

2069 796 2288 864 spiritus
2322 796 2525 847 timoris
2557 793 2649 847 Dei
2673 793 2909 861 implebit
2942 807 3061 846 eum
3085 793 3154 847 ’³.
3182 791 3273 845 Sic
3321 803 3501 845 autem
3556 807 3651 845 vo-

2070 899 2227 941 (:tlttt‘
2258 887 2496 956 Spiritus
2538 897 2784 947 sanctus,
2833 896 2891 939 ut
2920 900 3109 938 eorum
3158 894 3350 938 auctor
3379 895 3426 935 et
3460 900 3655 952 suppe.

2069 980 2286 1032 dilator.
2338 978 2514 1045 Atque
2543 976 2706 1031 etiam
2740 976 2897 1029 Pater
2932 991 3025 1045 per
3059 974 3324 1043 Spiritum
3362 973 3651 1041 cognosci—

2071 1081 2188 1123 tur:
2225 1069 2454 1135 Spiritus
2483 1070 2654 1130 enim,
2688 1077 2746 1121 ut
2775 1068 2850 1121 ait
2880 1067 3195 1135 Apostolus,
3221 1066 3400 1117 omnia
3435 1075 3648 1115 scruta.

2071 1172 2178 1224 tur,
2215 1162 2375 1214 etiam
2406 1161 2676 1229 profunda
2710 1159 2802 1212 Dei
2827 1160 2895 1213 ".
2931 1159 2994 1210 Et
3033 1158 3108 1210 ait
3137 1159 3253 1209 loco
3288 1173 3304 1212 :
3347 1153 3474 1219 Quis
3517 1155 3653 1207 enim

2067 1273 2127 1309 ea
2164 1259 2280 1315 scit,
2323 1272 2440 1324 qum
2475 1255 2866 1315 sunthomints,
2913 1253 3014 1304 nisi
3048 1253 3267 1319 spiritus
3306 1248 3531 1303 hominis
3565 1247 3657 1317 qui

2068 1351 2122 1402 in
2149 1350 2201 1417 ip
2232 1365 2261 1401 ο
2291 1357 2366 1401 est
2394 1351 2420 1402 .’
2453 1348 2527 1400 sic
2555 1347 2715 1399 etiam
2756 1362 2818 1399 ea
2858 1361 2975 1414 qua:
3017 1345 3111 1397 Dei
3155 1353 3296 1404 sunt,
3345 1356 3490 1394 nemo
3531 1339 3653 1403 scit,

2069 1437 2175 1490 nisi
2209 1435 2441 1503 Spiritus
2472 1433 2566 1487 Dei
2592 1434 2662 1489 ".
2691 1430 2794 1487 Per
2826 1431 3090 1501 Spiritum
3122 1428 3292 1482 Filius
3323 1428 3651 1480 celebratur.

2068 1525 2188 1595 ipse
2220 1526 2365 1578 enim
2402 1524 2724 1595 Unigenitus
2763 1523 2816 1576 in
2848 1521 3078 1577 Joannis
3127 1519 3420 1587 Evangelio
3457 1517 3522 1570 de
3556 1515 3658 1568 Pa-

2069 1617 2271 1671 raclcto
2308 1617 2389 1670 sic
2421 1616 2699 1682 loquitur:
2725 1613 2829 1667 Ille
2857 1629 2936 1666 me
2969 1610 3289 1681 gloriﬁcabit
3320 1609 3386 1661 ".
3411 1606 3652 1676 Spiritus

2067 1708 2211 1761 enim
2264 1706 2554 1760 Domitium
2596 1707 2754 1777 digne
2795 1705 3081 1776 glorilicat,
3115 1717 3223 1755 non
3276 1709 3336 1755 ut
3379 1705 3651 1761 creatura,

2070 1797 2164 1853 sed
2206 1806 2265 1852 ut
2294 1796 2532 1866 Spiritus
2572 1796 2850 1860 veritatis,
2885 1794 3125 1849 dilucide
3165 1806 3230 1847 ac
3263 1790 3554 1861 perspicue
3599 1788 3653 1841 in

388 1883 639 1938 hensione
682 1886 738 1938 in
783 1888 1068 1941 sanctitate
1114 1904 1293 1941 coram
1341 1902 1389 1943 et
1445 1890 1549 1943 Deo
1609 1901 1657 1945 et
1702 1889 1865 1946 Patre
1913 1891 1971 1946 in
2004 1874 2043 1927 Β
2073 1890 2257 1959 εεοίρεο
2290 1889 2571 1944 veritatem
2601 1888 2919 1947 ostendens.
2947 1893 3113 1954 atque
3141 1885 3303 1938 etiam
3338 1891 3398 1935 ut
3423 1880 3659 1950 Spirtius

396 1977 623 2030 aduentu
666 1976 879 2032 Domini
913 1981 1080 2033 nostri
1116 1978 1246 2034 Jesu
1290 1980 1488 2037 Christi
1513 1982 1580 2034 ".
1615 1983 1680 2038 Et
1705 1984 1833 2038 alibi
1877 1999 1972 2039 ex-

388 2082 580 2136 presse
608 2068 897 2124 Dominum
931 2087 1056 2125 eum
1095 2082 1274 2134 vocat.
1312 2075 1396 2127 his
1436 2075 1617 2129 verbis
1653 2091 1667 2128 :
1715 2074 1970 2129 Dominus

390 2169 568 2213 autem
623 2160 860 2230 Spiritus
906 2173 982 2217 est
1015 2165 1081 2217 ".
1116 2164 1183 2218 Et
1213 2180 1407 2221 rursus
1442 2183 1455 2219 :
1495 2164 1769 2237 Tanquam
1801 2183 1832 2220 a
1874 2166 1974 2220 Do-

389 2252 531 2306 mino
584 2251 815 2322 Spiritus
851 2253 921 2309 ".
974 2255 1155 2327 Atque
1206 2259 1370 2311 etiam
1431 2256 1671 2328 Spiritus
1749 2270 1974 2314 sanctus

389 2346 556 2399 mittit
582 2355 635 2401 et
674 2356 939 2417 segregat.
974 2349 1060 2403 Ait
1093 2351 1237 2403 enim
1266 2350 1435 2406 Isaias
1463 2370 1477 2406 :
1536 2352 1787 2409 Dominus
1829 2356 1974 2408 misit

390 2424 574 2500 mc,’et
610 2437 846 2507 Spiritus
898 2439 1065 2506 ipsius
1095 2441 1165 2494 ".
1198 2440 1472 2509 Scriptum
1524 2445 1688 2497 etiam
1743 2447 1974 2499 habetur

316 2520 327 2528 ’
389 2530 445 2584 in
492 2530 719 2586 Actibus
777 2532 1196 2601 apostolorum:
1233 2532 1298 2586 Et
1345 2534 1429 2587 illi
1470 2536 1680 2602 quidem
1717 2538 1894 2591 emissi
1941 2555 1974 2592 a

391 2621 596 2689 Spiritu
646 2622 1025 2677 descenderunt
1090 2623 1392 2679 Seleuciam
1438 2626 1506 2679 ‘°.
1572 2625 1632 2680 Et
1679 2606 1747 2680 in.
1778 2629 1968 2681 eodem

392 2715 530 2766 libro
562 2731 577 2767 :
608 2713 756 2768 Dixit
798 2713 1028 2785 Spiritus
1055 2726 1271 2771 sanctus
1298 2734 1318 2773 :
1354 2718 1642 2788 Segregate
1674 2720 1802 2773 mihi
1827 2719 1973 2773 Pau-

391 2805 501 2859 lum
563 2816 613 2858 et
661 2806 971 2863 Barnabam
1014 2810 1067 2862 in
1109 2825 1241 2878 opus
1280 2809 1350 2862 ad
1392 2812 1531 2880 quod
1577 2827 1665 2865 eos
1703 2812 1878 2880 accepi
1903 2813 1971 2867 ⁸¹.

392 2897 678 2969 Templum
732 2899 839 2954 sibi
868 2909 1182 2957 exstruens.
1219 2901 1336 2957 lioc
1366 2918 1586 2974 quoque
1618 2905 1688 2958 ab
1717 2907 1974 2973 Apostolo

391 3001 669 3059 sumptum
707 3003 789 3046 cst
817 3010 831 3047 :
869 2990 1096 3047 Nescitis
1121 2993 1261 3064 quod
1303 2996 1555 3056 templum
1590 2994 1692 3049 ‘Dei
1724 2997 1848 3050 estis
1869 3038 1885 3060 ,
1923 3005 1972 3050 et

391 3081 628 3153 Spiritus
664 3085 757 3139 Dei
780 3084 987 3139 habitat
1025 3089 1078 3139 in
1114 3086 1256 3141 vobis
1280 3087 1364 3141 “‘i
1396 3086 1461 3140 Et
1492 3103 1714 3143 rursus:
1737 3087 1973 3159 Corpora

389 3187 565 3232 uestra
622 3182 872 3247 templum
904 3190 1026 3232 sunt
1073 3178 1310 3249 Spiritus
1360 3182 1555 3245 sancti,
1587 3182 1677 3251 qui
1730 3183 1785 3235 in
1829 3182 1972 3237 vobis

389 3282 468 3325 cst
497 3271 563 3324 ⁸³.
600 3271 781 3341 Atque
816 3271 978 3326 etiam
1016 3273 1253 3342 Spiritus
1284 3282 1511 3328 sanctus
1542 3254 1645 3328 ἰιὲι·
1683 3289 1969 3328 common-

390 3371 567 3417 strat:
598 3362 877 3417 Descendit
908 3366 1075 3430 enim,
1097 3365 1295 3432 inquit,
1322 3362 1556 3435 Spiritus
1589 3384 1623 3420 a
1653 3366 1896 3429 Domino,
1924 3375 1973 3420 et

389 3457 596 3525 prteicit
622 3457 694 3510 eis
725 3455 791 3509 “.
829 3456 890 3511 Et
923 3456 1089 3512 David
1120 3476 1134 3512 :
1160 3458 1394 3527 Spiritus
1425 3470 1547 3514 tuus
1570 3460 1736 3515 bonus
1757 3460 1975 3515 deducet

390 3564 476 3603 me
514 3548 572 3602 in
602 3550 743 3603 uiam
790 3557 990 3601 rectam
1033 3550 1101 3603 ".
1139 3550 1208 3604 Et
1246 3553 1512 3606 Dominus
1547 3568 1561 3605 :
1595 3553 1731 3607 Cum
1780 3554 1977 3607 uenerit

392 3638 732 3704 Paracletus,
767 3639 999 3708 Spiritus
1029 3641 1295 3705 veritatis,
1328 3641 1420 3697 ille
1459 3658 1546 3695 vos
1578 3642 1901 3705 admonebit,
1927 3652 1979 3697 et

393 3731 610 3787 deducet
660 3733 714 3786 in
763 3748 971 3787 onmem
1011 3734 1285 3788 veritatem
1313 3734 1384 3786 ”.
1413 3739 1491 3788 Ac
1530 3749 1597 3788 ne
1647 3735 1781 3788 mihi
1835 3735 1978 3790 hanc

393 3822 732 3892 pmilionem
768 3828 820 3876 in
848 3825 1199 3893 abjectiorem
1220 3840 1440 3881 sensum
1460 3826 1856 3894 interpreteris,
1877 3828 1979 3882 hoc

394 3932 614 3986 quoque
670 3933 806 3986 opus
855 3917 1140 3987 Scriptura
1203 3917 1314 3972 Deo
1376 3919 1664 3974 attribuit:
1703 3918 1978 3973 Deduxisti

395 4010 564 4075 enim,
607 4010 805 4080 inquit,
837 4013 988 4081 quasi
1023 4027 1138 4065 oves
1166 4013 1416 4081 populum
1448 4021 1609 4066 tuum
1641 4012 1709 4066 ⁸⁷.
1740 4010 1806 4066 Ει
1835 4031 1849 4066 :
1876 4011 1982 4077 Qui

396 4101 613 4156 deducis
643 4102 779 4157 velut
815 4119 958 4157 orem
1003 4102 1199 4170 Ioseph
1222 4104 1288 4159 ⁸⁸.
1319 4103 1383 4157 Ει
1414 4123 1428 4158 :
1466 4104 1747 4158 Deduxiin
1787 4121 1873 4158 cos
1925 4106 1980 4159 in

397 4208 510 4261 spe,
541 4202 590 4246 et
640 4210 743 4248 non
789 4195 1074 4248 timuerunt
1103 4194 1167 4248 ⁸⁸.
1199 4193 1461 4249 [δι-,ιιιθνθε
1501 4195 1774 4263 Spiritus.
1820 4205 1982 4265 prout

400 4282 550 4344 vult,
607 4293 867 4352 operatur
910 4299 976 4339 ac
1027 4284 1222 4339 dividit
1265 4287 1491 4353 gratias,
1522 4286 1981 4355 quemadmodum

397 4383 451 4428 ct
486 4374 686 4430 Paulus
712 4383 968 4443 testatur,
996 4377 1184 4431 dicens
1220 4393 1236 4430 :
1271 4380 1400 4431 llwc
1432 4387 1610 4430 autem
1652 4378 1832 4432 omnia
1860 4394 1986 4449 ope-

398 4478 555 4519 ratur
584 4483 720 4521 unus
759 4477 917 4535 atque
953 4467 1091 4520 idem
1124 4465 1356 4537 Spiritus
1376 4508 1390 4532 ,
1414 4467 1669 4521 dividens
1705 4470 1987 4538 unicuique

2075 1982 2376 2051 sapientiae,
2427 1980 2733 2044 libristum,
2763 1980 2856 2048 qui
2891 1977 2984 2030 Dei
3020 1976 3284 2045 sapientia
3316 1984 3422 2039 eat,
3469 1973 3521 2026 iu
3557 1985 3659 2025 sua

2079 2074 2454 2143 magnitudine
2518 2072 2874 2142 patefaciens.
2917 2068 3058 2123 Tum
3108 2069 3273 2122 etiam
3330 2065 3529 2134 duplex
3576 2072 3660 2116 cst

2076 2166 2273 2235 gloria,
2310 2165 2413 2219 alia
2446 2165 2732 2229 naturalis,
2768 2173 2829 2217 ut
2883 2161 3056 2232 gloria
3103 2161 3237 2215 solis
3271 2160 3363 2213 lux
3401 2165 3506 2220 est,
3553 2155 3660 2209 alia

2075 2268 2324 2318 extenta,
2351 2272 2456 2325 qua
2491 2273 2555 2310 ex
2596 2255 2767 2309 animi
2822 2254 3106 2324 proposito
3153 2261 3206 2304 et
3257 2250 3538 2303 voluntate
3595 2260 3661 2298 ac

2073 2351 2302 2421 judicio,
2354 2351 2447 2420 qui
2479 2366 2541 2404 ea
2575 2349 2724 2419 digni
2776 2356 2924 2409 sunt,
2968 2346 3297 2400 adiciuntur.
3328 2342 3501 2408 Cujus
3550 2340 3661 2392 duo

2077 2461 2297 2515 quoque
2322 2455 2449 2500 sunt
2481 2458 2675 2513 genera
2704 2461 2716 2496 :
2747 2441 2915 2494 Filius
2939 2440 3106 2500 sitim,
3136 2436 3314 2507 inquit
3351 2434 3460 2493 ille,
3494 2432 3663 2502 glori-

2079 2539 2202 2591 licat
2229 2547 2436 2606 patrem
2467 2551 2649 2597 suum,
2679 2543 2734 2588 et
2764 2546 2960 2587 servus
2989 2530 3270 2583 dominum
3304 2541 3487 2580 suum.
3516 2523 3667 2587 Quo-

2083 2632 2228 2684 circa
2270 2629 2440 2697 gloria
2498 2626 2715 2680 servilis
2760 2642 2788 2678 a
2839 2624 3106 2677 creaturis
3138 2629 3427 2697 praestatur
3454 2635 3467 2669 :
3497 2625 3545 2669 at
3580 2614 3666 2669 fa-

2076 2721 2305 2777 tniliaris
2331 2729 2387 2774 et
2419 2718 2636 2789 propria
2658 2755 2675 2779 ,
2702 2731 2731 2770 a
2769 2715 2964 2784 spiritu
3031 2713 3309 2767 tribuitur.
3326 2709 3434 2763 ‘Sic
3476 2707 3663 2775 igitur,

2076 2823 2130 2869 et
2164 2813 2328 2869 Pater
2356 2827 2450 2882 per
2488 2812 2752 2881 Spiritum
2806 2806 3175 2878 cognoscitur,
3211 2814 3260 2857 et
3288 2801 3464 2856 Filius
3495 2797 3666 2868 glori-

2077 2908 2293 2963 ﬁcatur.
2330 2904 2543 2959 Rursus
2570 2914 2748 2958 alitem
2782 2902 3022 2971 Spiritus
3053 2899 3122 2953 ab
3155 2898 3238 2950 bis
3281 2893 3417 2951 solis
3459 2904 3666 2961 cogno—
3708 2966 3713 2969 _

2079 3003 2270 3063 scitur,
2314 3003 2419 3052 hoc
2467 3006 2551 3053 cst
2578 3037 2594 3061 ,
2627 3015 2655 3050 ιι
2696 2994 2857 3049 Patre
2908 2993 3025 3048 solo
3057 2999 3111 3045 et
3140 2988 3300 3044 Filio.
3335 2988 3511 3053 Atque
3556 2999 3663 3037 una

2078 3104 2281 3149 sancta:
2314 3090 2602 3145 Trinitatis
2628 3088 2823 3142 classis
2845 3094 2947 3149 est,
2972 3085 3027 3139 id
3050 3091 3149 3139 est.
3176 3081 3310 3137 unio
3334 3086 3390 3133 et
3416 3076 3666 3131 adoratio

2076 3187 2284 3240 eadem.
2321 3182 2434 3238 Nec
2463 3182 2608 3236 enim
2652 3181 2812 3235 aliter
2860 3178 3080 3233 l‘atrem
3119 3190 3184 3229 ac
3220 3172 3418 3226 Filium
3444 3209 3460 3233 ,
3510 3168 3669 3221 aliter

2080 3278 2342 3350 Spiritum
2373 3285 2623 3332 sanctum
2656 3275 2890 3330 colimus
2919 3281 2972 3327 et
3003 3271 3319 3326 adoramus,
3353 3264 3446 3320 sed
3470 3262 3662 3317 eodem

2084 3386 2316 3442 prorsus
2339 3371 2523 3426 modo.
2555 3369 2673 3424 Una
2705 3365 2973 3428 adoratio,
3009 3371 3058 3416 ct
3093 3375 3235 3413 unus
3270 3359 3443 3411 bonor
3474 3368 3671 3408 set-un-

2077 3465 2208 3520 dum
2245 3464 2474 3527 cultum,
2521 3477 2627 3515 non
2673 3459 2971 3514 secundum
3022 3454 3363 3509 relationem.
3398 3446 3520 3502 Una
3571 3462 3670 3515 pn-

2082 3558 2250 3612 tentia
2275 3556 2437 3611 trium
2469 3568 2824 3622 personarum
2851 3550 3113 3603 immensa
3137 3554 3190 3599 et
3224 3542 3456 3598 inﬁnita.
3488 3538 3670 3592 Potest

2060 3647 2224 3702 'enim
2254 3655 2440 3701 sancta
2467 3643 2708 3698 Trinitas
2739 3639 3002 3710 quidquid
3034 3638 3169 3692 vult.
3189 3635 3303 3690 Una
3333 3631 3594 3703 perfectio
3616 3638 3670 3682 et

2080 3736 2467 3798 sanctiﬁcatio,
2493 3750 2615 3804 qum
2651 3749 2680 3787 a
2712 3732 2890 3786 tribus
2921 3729 3170 3799 personis
3199 3726 3424 3781 aﬂertur
3451 3723 3582 3792 452).

2154 3828 2244 3881 14.
2286 3827 2429 3892 Quid
2458 3824 2698 3894 pluribus
2744 3824 2912 3877 verbis
2957 3837 3088 3890 opus
3123 3820 3243 3873 est!
3283 3815 3501 3879 Omnia,
3560 3822 3670 3864 ctc.

2086 3919 2267 3983 Pater,
2299 3918 2491 3979 Filius,
2529 3915 2766 3986 Spiritus
2802 3924 3048 3976 sanctus,
3088 3909 3420 3979 ingenitum,
3450 3921 3676 3976 genera-

2085 4012 2198 4075 tio,
2265 4008 2545 4080 processio
2599 4025 2613 4061 :
2672 4006 2760 4061 iac
2816 4004 3179 4075 proprietates
3248 4001 3348 4054 bas
3409 3996 3675 4051 memoria

2086 4111 2297 4158 teneas.
2329 4100 2491 4167 Quid,
2527 4100 2719 4167 inquit,
2753 4108 2951 4152 ctetera
2977 4107 3413 4150 commemorare
3437 4088 3674 4143 attinet?

2087 4194 2283 4247 Omnia
2321 4206 2663 4261 qmerunque
2700 4188 2859 4242 Pater
2901 4187 3084 4251 habet,
3113 4193 3242 4240 sunt
3283 4183 3427 4242 Filii.
3450 4189 3676 4252 praeter-

2086 4297 2250 4353 quam
2291 4282 2434 4351 quod
2472 4281 2747 4348 ingenitus
2780 4293 2887 4331 non
2917 4286 3023 4338 est,
3053 4276 3211 4346 juxta
3252 4272 3464 4327 Domini
3499 4271 3673 4338 ipsius

2087 4390 2298 4436 vocem,
2348 4373 2627 4426 dicentis!
2655 4371 2873 4431 Omnia,
2920 4384 3241 4439 quwcunque
3285 4366 3436 4419 habet
3491 4364 3673 4426 Pater,

2089 4482 2204 4520 mea
2233 4475 2357 4520 sunt
2393 4465 2541 4518 "°”.
2571 4462 2706 4517 Nam
2745 4461 2985 4532 perfecto
3039 4472 3380 4530 qumcunque
3443 4454 3676 4527 principi

398 4560 533 4614 sicut
562 4559 677 4614 vult
706 4560 1025 4629 ".Spiritus
1058 4560 1389 4630 adoptionis.
1429 4560 1519 4613 Sic
1554 4575 1748 4616 rursus
1785 4560 1986 4617 Paulus
2020 4558 2064 4612 D
2094 4558 2286 4612 formae
2333 4555 2567 4620 adsunt,
2617 4554 2807 4609 eadem
2855 4553 3115 4622 imaginis
3158 4566 3379 4618 quoque
3427 4557 3575 4604 sunt.
3618 4545 3678 4599 Et

399 4651 579 4719 ipsum
610 4662 789 4717 vocat,
821 4652 903 4707 sic
928 4653 1161 4723 loquens
1190 4674 1206 4708 :
1239 4651 1363 4707 Non
1387 4654 1526 4706 enim
1568 4653 1843 4721 accepistis
1877 4653 1987 4722 spi-

400 4742 563 4798 ritum
603 4743 870 4798 seroitutis
920 4743 978 4796 in
1025 4744 1249 4808 timore,
1295 4743 1387 4797 sed
1426 4741 1684 4812 Spiritum
1741 4743 1981 4813 adoptio-

401 4836 482 4890 nis
509 4836 578 4888 ".
620 4834 886 4904 Spiritum
931 4846 1115 4890 autem
1153 4837 1395 4890 veritatis
1432 4835 1694 4890 Dominus
1721 4835 1835 4904 ipse
1860 4850 1984 4888 eum

404 4927 749 4989 nominavit,
793 4925 983 4982 dicens
1026 4944 1042 4981 :
1085 4925 1220 4982 Cum
1275 4927 1470 4981 venerit
1504 4924 1838 4992 Paracletus,
1868 4925 1990 4994 Spi-

408 5021 543 5074 ritus
576 5019 823 5075 veritatis
847 5021 918 5073 ".
945 5017 1180 5075 Nomina
1210 5030 1416 5082 autem,
1450 5035 1572 5090 qua:
1599 5019 1856 5089 deinceps
1903 5035 1991 5074 se-

406 5121 650 5184 quuntur
675 5153 693 5180 ,
730 5113 899 5169 Isaias
951 5122 1273 5180 enumerat,
1313 5114 1380 5169 de
1416 5113 1638 5169 Christo
1692 5113 1763 5168 ad
1843 5113 1993 5167 hunc

477 5267 523 5299 "
555 5265 703 5322 Psal.
731 5269 900 5330 t..12.
1010 5267 1058 5300 ⁷³
1088 5267 1218 5323 ibid.
1252 5267 1338 5321 14.
1448 5270 1497 5302 τ’*
1533 5267 1658 5336 Sap.
1709 5284 1746 5332 I,
1779 5267 1833 5323 5.

406 5338 454 5369 ⁷⁸
491 5336 537 5391 ιι
570 5338 694 5393 Cor.
726 5354 811 5405 Ill,
846 5339 935 5393 18.
1010 5338 1056 5372 ⁷⁹
1081 5337 1184 5391 Isa.
1222 5354 1413 5403 vanI,
1449 5339 1516 5393 16

409 5407 458 5439 ⁸⁵
489 5407 590 5462 Isa.
628 5423 797 5476 1.qu,
833 5409 919 5463 14.

410 5492 614 5543 Lxxvn,
635 5479 725 5533 55.
800 5480 891 5534 ὀι
926 5479 1054 5537 Cor.
1076 5494 1191 5540 xm.
1224 5480 1310 5533 11.

411 5548 459 5581 ’⁵
489 5547 623 5603 ibid.
656 5548 745 5605 11.

1414 5481 1457 5512 "
1487 5479 1645 5532 Rom.
1683 5494 1797 5542 vin.
1832 5478 1920 5534 15.

819 5550 867 5584 "
898 5549 1057 5606 Joan.
1093 5565 1204 5615 xvr,
1239 5550 1326 5604 14.
1402 5550 1523 5587 ’Μ’
1555 5547 1713 5604 Joan.
1746 5565 1855 5613 xvi,
1887 5548 1971 5604 15.

486 5709 602 5777 (32)
633 5708 750 5765 Hoc
790 5709 912 5782 loco
941 5709 995 5765 in
1033 5709 1253 5782 Regina}
1293 5709 1479 5782 codice
1500 5708 1747 5782 quaedam
1782 5707 1988 5764 inserta

414 5788 595 5850 erant,
625 5795 748 5850 quae
801 5780 934 5835 nihil
975 5782 1049 5850 ad
1076 5780 1188 5836 rem
1219 5780 1512 5845 faciebant,
1549 5794 1649 5835 nec
1698 5781 1751 5833 in
1803 5788 1989 5835 nostro

418 5845 606 5909 Niceta
642 5845 995 5922 legebantur.
1020 5849 1202 5927 Quare
1237 5867 1302 5910 ea
1330 5852 1451 5909 luco
1496 5850 1790 5918 movimus,
1826 5860 1991 5922 atque

1633 5288 1658 5320 ι.
1709 5284 1746 5332 ι,
1779 5267 1833 5323 5.
1929 5265 1975 5298 ⁷³
2003 5264 2197 5321 Thess.
2247 5281 2330 5327 ιιι.
2365 5264 2420 5319 5.

1633 5339 1681 5371 ιο
1719 5340 1807 5371 Ant
1874 5353 1966 5371 νιη
2026 5339 2055 5371 ι
2151 5337 2194 5367 BI
2231 5336 2338 5371 ilsid
2397 5336 2420 5371 εὖ

1028 5338 1056 5368 ’⁹
1081 5337 1184 5391 Isa.
1222 5354 1413 5403 vanI,
1449 5339 1516 5393 16
1633 5339 1681 5371 ⁸ο
1712 5340 1833 5393 Act.
1874 5353 1989 5397 xm,
2023 5339 2076 5391 4.
2151 5337 2194 5367 ⁸³
2231 5336 2362 5389 ibid.
2397 5336 2455 5388 2.
2558 5336 2605 5366 ε’
2638 5336 2676 5388 ll
2705 5336 2774 5388 Co

1028 5409 1076 5442 ³⁵
1106 5409 1248 5464 l’sal.
1278 5424 1442 5466 cun.
1476 5409 1564 5462 10.
1640 5410 1686 5442 ⁸⁸
1711 5408 1868 5463 Joan.
1910 5422 2020 5474 xw,
2053 5408 2141 5461 15.
2219 5406 2263 5438 ⁸⁷
2299 5405 2444 5461 Psal.
2476 5421 2657 5469 uxvu,
2683 5404 2774 5459 Ἠ.

1028 5496 1054 5533 ι.
1076 5494 1191 5533 xnt.
1224 5480 1310 5533 11.
1414 5481 1457 5512 "
1487 5479 1645 5532 Rom.
1683 5494 1797 5533 vin.
1832 5478 1920 5533 15.
2029 5478 2073 5512 “
2101 5477 2260 5533 Joan.
2294 5492 2406 5533 ενι.
2435 5476 2519 5531 15.
2635 5475 2682 5508 ’³
2714 5474 2774 5530 ls:

2135 5492 2260 5533 oan.
2294 5492 2406 5541 ενι,
2435 5492 2519 5531 to.

2109 4648 2294 4703 omnia
2338 4664 2460 4715 qua-
2512 4646 2685 4701 Filius
2744 4645 2929 4708 habet,
2981 4641 3218 4710 Spiritus
3267 4639 3446 4694 sancti
3531 4645 3680 4702 sunt,

2034 4734 2037 4738 ’
2099 4751 2322 4811 excepta
2354 4740 2730 4810 generatione.
2768 4735 2958 4805 Neque
3005 4734 3153 4788 enim
3195 4733 3414 4801 genitus
3445 4741 3530 4784 est
3559 4727 3681 4796 Spi-

2100 4839 2262 4897 ritus,
2296 4833 2391 4888 sed
2441 4832 2766 4903 procedens.
2812 4826 3052 4897 Spiritus
3093 4841 3289 4880 rursus
3336 4821 3460 4877 Filii
3506 4822 3682 4890 imago

2096 4935 2199 4981 est.
2228 4924 2352 4978 [late
2377 4935 2557 4977 autem
2590 4920 2833 4984 nomina,
2859 4916 3118 4971 nimirum
3148 4915 3495 4986 ingenitum,
3525 4928 3681 4982 gene-

2100 5019 2350 5083 rationis,
2362 5026 2418 5072 et
2445 5016 2839 5085 processionis,
2862 5010 2985 5066 licet
3007 5009 3453 5081 pronuntiatione
3469 5007 3684 5060 diversa

2098 5112 2248 5174 sint,
2315 5110 2738 5179 haudquaquam
2797 5118 2979 5161 tamen
3040 5104 3290 5157 diversas
3352 5100 3683 5155 substantiae

2534 5264 2581 5304 ⁷⁸
2618 5261 2635 5316 1
2675 5260 2871 5319 Thess.
2931 5276 3012 5322 ut,
3068 5260 3155 5314 15.
3192 5258 3235 5290 ⁷⁷
3267 5256 3425 5313 Joan.
3478 5271 3550 5317 tv,
3582 5253 3682 5311 21.

2558 5336 2605 5366 ε’
2638 5333 2676 5388 ΙΙ
2705 5334 2832 5388 Cor.
2866 5348 2947 5387 ιιι.
2989 5331 3074 5385 16.
3185 5328 3231 5360 ⁸³
3258 5326 3274 5380 I
3302 5327 3407 5382 Cor
3468 5340 3519 5378 vt
3542 5364 3557 5386 .
3600 5323 3684 5377 15.

2854 5403 2900 5435 ⁸⁸
2935 5403 3078 5457 Psal.
3108 5414 3292 5460 Lxxtx,
3329 5399 3382 5452 1.
3458 5397 3502 5429 ”
3544 5394 3684 5447 Psal.

2635 5464 2682 5508 δ’
2714 5474 2820 5530 lsa.
2858 5489 2935 5539 st,
2961 5477 3020 5539 ‘2,
3048 5472 3103 5527 '5.
3207 5469 3254 5502 “
3288 5466 3464 5522 lCor.
3498 5480 3558 5529 tt,
3604 5464 3685 5522 10.

2098 5707 2153 5763 in
2191 5720 2289 5762 sua
2320 5704 2451 5760 sede
2473 5703 2905 5764 collocavimus.
2949 5700 3208 5756 nimirum
3255 5697 3345 5753 ubi
3395 5696 3551 5751 locus
3592 5691 3684 5748 ille

2103 5776 2320 5832 Davitlis
2349 5775 2625 5845 profertur
2667 5792 2680 5830 :
2721 5772 2790 5830 In
2833 5773 3031 5830 lumine
3063 5781 3153 5825 tuo
3185 5768 3472 5843 videbimus
3506 5765 3686 5823 lun'es

2100 5846 2268 5917 (Psal.
2300 5861 2465 5916 xxxv,
2497 5846 2615 5918 10).
