4116 6412
449 359 580 420 nm
1872 360 2256 419 ADDENDA.
2891 338 2894 340 ’
3577 356 3713 420 ints

445 467 733 532 imlucunt,
769 475 864 523 aut
893 483 987 524 eas
1023 468 1295 537 dividunt,
1325 470 1480 540 quasi
1535 468 1852 524 essentialcs
1895 484 2041 539 qum—
2073 479 2111 532 Α
2147 479 2394 531 sanctus,
2437 469 2612 538 prius,
2649 469 2700 524 id
2734 478 2838 533 est,
2876 477 3168 538 antequam
3214 469 3488 524 sensibilis
3519 479 3716 522 natura

446 559 570 612 dum
630 561 986 627 dill'erentiaz,
1046 562 1190 615 sicut
1237 561 1426 615 Ariani
1487 572 1651 630 atque
1697 559 2024 614 Eunomiani
2138 573 2419 630 procreata
2473 573 2640 627 esset,
2691 563 2744 616 in
2795 562 3006 631 angelis
3045 563 3153 616 vim
3192 578 3347 617 suam
3404 563 3712 615 exercebat.

447 652 713 706 h‘aterant
743 671 756 706 :
790 669 1001 716 verum,
1035 663 1093 706 ut
1123 654 1238 722 ipse
1269 668 1485 717 censeo,
1511 654 1654 708 circa
1688 667 1850 708 unam
1875 668 2029 706 eam-
2135 653 2318 722 Ipsius
2363 653 2511 708 enim
2581 654 2846 709 beneficio
2896 652 3286 724 perfectionem
3347 654 3419 706 illi
3473 653 3672 706 habent
3702 668 3717 704 :

447 746 679 812 demque
709 746 1066 800 Substantiam
1104 745 1443 811 dividuntur,
1483 746 1630 800 velut
1671 746 2028 816 proprietates
2141 747 2403 815 perfectio
2464 755 2645 801 autem
2725 748 3042 817 angelorum
3137 746 3501 801 sanctificatio
3592 755 3718 808 est,

452 837 829 889 di~tinctarum
867 852 1222 904 personarum
1264 838 1592 891 indistincta:
1629 837 1950 891 substantize
1975 846 2029 892 et
2140 845 2512 905 constansque
2560 836 2614 890 in
2665 851 2726 891 ea
2775 835 3109 905 permansio.
3151 836 3229 888 Ac
3272 849 3469 890 rursus
3520 833 3722 886 illutni.

451 935 657 979 natura?
685 943 748 981 ac
782 928 1099 983 divinitatis.
1127 928 1602 995 Quemadmodum
1630 931 1774 984 enim
1810 931 2028 1001 propria
2141 927 2420 980 nationem
2472 926 2696 991 habent,
2755 942 2988 996 eamque
3028 926 3432 996 praestantiam,
3487 934 3548 978 ut
3591 939 3716 978 cum

452 1018 701 1081 noniina,
729 1022 880 1071 verbi
915 1021 1109 1089 graliu,
1145 1020 1373 1085 Petrus,
1405 1019 1629 1084 Paulus,
1666 1032 1721 1076 et
1767 1021 2030 1087 Joannes,
2143 1019 2296 1088 prius
2352 1019 2418 1071 ad
2477 1019 2679 1072 malum
2726 1034 2869 1090 aegre
2923 1019 3386 1088 impellerentur,
3449 1029 3597 1069 nunc
3653 1029 3723 1068 ne

453 1126 560 1162 non
604 1121 826 1165 naturas
857 1113 1147 1175 dividunt,
1182 1114 1274 1168 sed
1309 1117 1454 1168 circa
1497 1126 1746 1169 naturam
1785 1116 2029 1170 eamdem
2144 1113 2254 1166 ullo
2295 1111 2514 1181 quidem
2552 1111 2661 1183 (53)
2691 1115 2852 1166 modo
2894 1111 3101 1180 impelli
3133 1119 3359 1180 queant,
3392 1110 3562 1178 idque
3613 1123 3722 1160 non

452 1202 812 1268 dividuntur,
871 1219 934 1258 ac
1001 1221 1262 1273 personas
1330 1207 1672 1275 distinguunt
1729 1207 2032 1278 (quamvis
2145 1215 2366 1267 natura,
2410 1205 2500 1258 sed
2548 1204 2744 1272 gratia,
2783 1219 2878 1271 per
2926 1219 3092 1271 quam
3129 1216 3346 1256 summo
3378 1200 3525 1254 bono
3576 1197 3723 1252 indi-

450 1295 594 1347 enim
627 1297 838 1349 diversa
873 1297 982 1350 sint
1028 1299 1246 1351 nomina
1276 1339 1290 1363 ,
1339 1311 1531 1354 natura
1575 1308 1756 1353 tamen
1790 1301 2031 1369 ipsorum
2145 1299 2298 1351 vulso.
2332 1297 2598 1350 assident.
2639 1296 2888 1361 Quonam
2939 1296 3084 1348 enim
3131 1295 3294 1348 modo
3335 1292 3510 1363 angeli
3541 1291 3724 1344 dicere

453 1403 557 1439 una
585 1400 687 1450 est,
727 1388 984 1442 nimirutu
1013 1390 1373 1461 humanitas);
1399 1393 1590 1445 eodem
1618 1393 1780 1446 modo
1799 1403 1846 1446 et
1883 1391 2034 1461 inge-
2144 1398 2380 1459 queant:
2415 1388 2602 1442 Gloria
2638 1390 2691 1441 in
2725 1389 3000 1441 altissimis
3029 1387 3134 1440 Deo
3163 1386 3206 1452 ⁸,
3244 1385 3350 1439 nisi
3381 1385 3490 1437 vim
3530 1396 3648 1434 eam
3693 1395 3724 1431 a

452 1481 660 1541 nitnra,
694 1483 974 1549 generatio
1010 1495 1063 1536 et
1091 1484 1391 1552 processio,
1425 1485 1527 1539 tria
1564 1485 1783 1540 nomina
1814 1485 1952 1538 inter
1975 1499 2036 1538 se
2147 1482 2352 1551 Spiritu
2389 1481 2743 1548 acceperint?
2779 1478 2948 1533 Nemo
2983 1479 3128 1533 enim
3158 1488 3326 1546 potest
3367 1477 3539 1531 dicere
3561 1514 3576 1539 ,
3619 1472 3728 1525 Do-

451 1573 670 1641 qnidem
703 1575 893 1629 eadem
924 1590 1032 1630 non
1069 1585 1222 1641 sunt,
1259 1593 1448 1631 verum
1486 1593 1550 1632 ea
1591 1577 1790 1647 quibus
1824 1578 2032 1641 insunt,
2150 1577 2350 1628 minum
2399 1571 2606 1636 Jcsurn,
2660 1573 2762 1625 nisi
2804 1573 2856 1624 in
2912 1581 3099 1626 sancto
3143 1569 3415 1640 Spiritu".
3477 1567 3729 1633 Quonam

457 1662 646 1714 eadem
697 1675 825 1718 sunt
863 1683 874 1718 :
914 1679 1013 1720 nec
1061 1667 1422 1721 substantiam
1467 1668 1742 1736 scindunt,
1774 1668 1866 1722 sed
1890 1668 2036 1722 circa
2149 1675 2280 1723 item
2315 1667 2478 1719 modo
2517 1668 2703 1734 primae
2750 1667 2853 1718 illa:
2885 1674 3008 1733 post
3040 1664 3208 1716 Deum
3241 1672 3540 1730 potestates
3574 1662 3729 1711 beata

452 1769 553 1805 ean
578 1754 696 1805 dem
747 1754 1108 1809 substantiam
1157 1758 1499 1823 scinduntur,
1550 1775 1611 1812 ac
1646 1774 1910 1827 personas
1948 1774 2038 1812 se-
2150 1764 2257 1814 vita
2295 1759 2329 1812 fi
2349 1772 2636 1818 uerentur.
2692 1760 2792 1812 nisi
2845 1757 3035 1811 faciem
3084 1755 3282 1815 Patris,
3327 1755 3418 1823 qui
3469 1754 3521 1806 in
3575 1751 3730 1805 cmlis

451 1856 706 1902 eoruunt.
739 1847 871 1902 Nam
899 1854 1263 1920 proprietates
1295 1855 1431 1915 istae,
1454 1854 1598 1907 velut
1624 1865 1765 1908 nota:
1795 1852 2042 1921 quadam
2079 1843 2118 1899 li
2149 1864 2232 1907 est
2259 1894 2272 1914 ,
2329 1867 2547 1919 semper
2599 1850 2850 1903 viderent
2873 1850 2939 1901 5?
3009 1849 3175 1916 Atqui
3242 1847 3380 1899 visio
3439 1849 3551 1898 haec
3614 1847 3732 1896 sine

453 1941 509 1994 in
540 1943 845 1997 substantia
881 1947 1766 2016 considerata},.pr0priisqnidem
1801 1957 2045 2017 etpecu-
2152 1946 2398 2015 Spiritus
2475 1945 2650 2014 gratia
2721 1958 2828 1994 non
2894 1941 3185 2009 contingit.
3258 1938 3731 2003 Quemadmodum

453 2033 686 2089 liaribus
718 2037 858 2090 notis
890 2052 1003 2090 rem
1035 2052 1382 2092 communem
1425 2039 1697 2104 dividunt,
1725 2039 2048 2093 substantiae
2149 2039 2298 2091 enim
2365 2037 2410 2090 si
2473 2045 2637 2089 noctu
2693 2034 2878 2086 lumen
2943 2050 2973 2086 a
3037 2033 3203 2086 domo
3256 2029 3572 2090 sustuleris.
3638 2044 3736 2082 nec

454 2139 587 2178 vero
675 2127 1016 2182 identitatem
1108 2131 1334 2184 minime
1384 2131 1725 2199 disjuogunt.
1800 2127 2046 2195 Exempli
2151 2127 2326 2181 oculis
2376 2134 2605 2194 aspectu
2658 2122 2957 2184 constabit,
3017 2136 3118 2174 nec
3173 2119 3527 2173 materiarum
3563 2118 3736 2185 pretia

453 2233 644 2283 causa,
670 2223 978 2274 comrntmis
1007 2223 1223 2290 quidem
1257 2231 1340 2274 est
1368 2222 1624 2275 divinitas
1645 2240 1658 2275 :
1680 2221 2049 2291 proprietates

2152 2229 2206 2274 et
2263 2219 2565 2286 dignitates
2632 2216 2852 2286 agnosci
2911 2222 3170 2283 poterunt
3232 2219 3382 2282 (tum
3436 2211 3583 2264 enim
3645 2225 3737 2278 per

455 2319 660 2372 autem,
707 2311 1004 2376 paternitas
1052 2319 1105 2363 et
1153 2311 1364 2376 liliatio,
1415 2327 1480 2364 ex
1532 2312 1823 2379 utriusque
1882 2326 2048 2379 porro
2153 2311 2523 2381 ignorantiam
2581 2325 2737 2378 teque
2777 2323 2977 2362 aurum
3018 2323 3082 2360 ac
3143 2316 3286 2358 terra
3339 2305 3680 2370 calcahitur)
3721 2320 3734 2356 :

457 2402 809 2456 connexione
841 2402 1091 2456 veritatis
1137 2403 1375 2471 cognitio
1418 2413 1581 2472 atque
1627 2402 2049 2472 comprehensio
2153 2405 2235 2460 sic
2297 2405 2465 2458 etiam
2515 2402 2568 2455 in
2627 2402 2901 2470 spirituali
2953 2400 3277 2468 angelorum
3310 2400 3506 2452 ordine
3554 2397 3738 2450 divina

455 2493 1021 2559 nubisinguneralnr.
2151 2498 2264 2551 vita
2308 2495 2428 2551 sine
2484 2492 2693 2563 Spiritu
2745 2507 3073 2563 permanere
3135 2507 3244 2545 non
3297 2499 3499 2560 potest,
3561 2488 3736 2542 nihilo

534 2585 654 2637 Col.
691 2585 799 2638 442
844 2585 906 2638 Ι).
953 2584 1204 2638 Parturis
1252 2583 1610 2653 objectiones?
1653 2584 1722 2636 At
1776 2601 1869 2653 ego
1921 2602 2048 2638 ora-
2151 2599 2302 2643 certe
2333 2586 2508 2658 magis
2531 2601 2697 2656 quam
2727 2586 3011 2640 exercitus
3033 2583 3170 2637 ordo
3199 2593 3252 2636 et
3278 2581 3591 2648 disciplina,
3625 2579 3732 2631 nisi

461 2677 624 2729 tionis
673 2693 907 2740 cursum,
966 2688 1071 2730 etc.
1108 2677 1423 2730 Orationem
1466 2675 1532 2728 ad
1571 2673 1812 2744 Spiritus
1861 2677 2050 2732 hostes
2152 2681 2410 2737 ordinum
2443 2680 2740 2750 praefectus
2768 2678 2938 2743 adsit,
2962 2686 3058 2732 aut
3086 2675 3241 2730 chori
3271 2683 3591 2735 canet-Ilius,
3627 2670 3735 2724 ιὶὶδί

457 2768 769 2834 convertit,
803 2768 988 2837 aitque
1027 2784 1041 2821 :
1075 2767 1328 2823 Parturis
1381 2767 1724 2838 obiectiones
1749 2807 1765 2831 ,
1800 2784 1868 2823 ac
1924 2783 2051 2822 rur-

2153 2776 2308 2832 cbori
2357 2773 2622 2845 magister
2669 2783 2957 2827 cantorum
3013 2784 3180 2824 voces
3232 2775 3526 2836 componat
3573 2773 3739 2832 atque

459 2873 555 2913 sus
589 2858 642 2910 in
695 2858 1068 2913 contentiosas
1110 2858 1516 2928 disputationes
1560 2858 1851 2928 erunipis?
1883 2857 2052 2914 Paras
2154 2867 2476 2923 concinnet.
2527 2865 2778 2932 Quonam
2833 2878 3029 2918 rursus
3071 2861 3232 2916 modo
3275 2859 3457 2913 dicere
3512 2863 3740 2927 possunt

458 2965 728 3020 quzerere,
768 2950 1048 3020 quomodo
1088 2950 1330 3023 Spiritus
1377 2960 1626 3016 sanctus,
1660 2967 1784 3005 cum
1829 2968 1858 3004 a
1893 2951 2052 3006 Patre
2154 2957 2447 3028 Seraphim
2495 2971 2509 3010 :
2545 2955 2816 3019 Sanctus,
2872 2962 3088 3008 sanctus
3113 2991 3128 3016 ,
3183 2959 3398 3028 sanctus
3429 2949 3473 3013 ⁸,
3541 2946 3647 3001 nisi
3708 2960 3738 2997 3

461 3043 555 3106 sit,
620 3057 728 3095 non
799 3043 1175 3110 generationis
1239 3045 1424 3108 modo,
1492 3043 1588 3098 sed
1651 3043 2048 3113 proccssionis,

2159 3052 2368 3122 Spiritu
2427 3049 2775 3110 didicissent,
2826 3048 3047 3115 quoties
3105 3043 3421 3113 hujusmodi
3479 3042 3598 3094 laus
3657 3039 3745 3107 pie

459 3133 608 3190 Deus
659 3135 749 3190 sit.
799 3139 867 3190 At
909 3152 1014 3207 ego
1062 3137 1326 3191 instituta:
1371 3137 1640 3196 orationis
1695 3151 1920 3190 cursum
1963 3150 2052 3190 se-
2080 3185 2122 3207 ι,
2161 3143 2489 3212 repetatur?
2523 3143 2601 3196 Ita
2629 3143 2710 3206 ﬁt,
2746 3151 2806 3194 ut
2831 3137 3133 3207 spiritualis
3160 3138 3249 3191 ille
3275 3143 3602 3196 concentus,
3633 3132 3745 3185 nisi

460 3230 715 3299 rictuque
747 3231 1020 3300 parturio.
1051 3229 1294 3300 Tempus
1327 3231 1472 3284 enim
1524 3230 1630 3284 hoc
1660 3230 1867 3285 festiva:
1906 3231 2052 3283 ceie-
2083 3227 2122 3242 ν
2159 3238 2402 3307 Spiritus
2430 3236 2749 3305 magisterio
2776 3241 2832 3286 et
2861 3231 3174 3299 disciplina,
3225 3227 3450 3281 retineri
3483 3231 3742 3294 nequeat.

461 3323 682 3378 hritatis
741 3334 826 3378 est
890 3339 998 3379 non
1071 3327 1468 3381 contentionis.
1527 3324 1759 3378 Prohibe
1811 3327 2051 3395 linguam
2159 3332 2351 3386 Postea
2386 3338 2570 3381 autem
2611 3325 2874 3394 Spiritum
2912 3324 2966 3376 in
3001 3323 3250 3391 patribus
3293 3329 3349 3373 et
3381 3320 3434 3372 in
3465 3316 3748 3386 prophetis

465 3425 616 3469 luam
656 3434 689 3470 α
719 3417 859 3469 malo
889 3418 941 3482 ';
973 3417 1256 3485 paululum
1292 3432 1414 3470 eam
1458 3416 1784 3485 comprime.
1823 3415 1896 3470 De
1931 3416 2053 3471 aliis
2159 3424 2514 3494 operabatur.
2550 3417 2999 3474 Patriareharum
3037 3415 3184 3468 enim
3221 3411 3654 3471 benedictiones,
3691 3416 3749 3462 et

468 3507 679 3575 linguis
713 3508 872 3562 nobis
905 3511 1178 3578 agendum
1209 3519 1316 3564 est.
1349 3509 1460 3564 Has
1503 3526 1628 3566 cum
1669 3511 1793 3578 igne
1825 3511 2054 3580 conspi-
2161 3519 2367 3587 ﬁgurm,
2404 3531 2466 3569 ac
2492 3511 2777 3572 vaticinia,
2812 3525 2908 3578 per
2935 3508 3181 3577 Spiritus
3215 3506 3448 3576 gratiam
3482 3503 3745 3558 conficie-

465 3614 601 3653 cuas
646 3614 913 3654 venerare
937 3639 952 3662 ,
1014 3600 1143 3670 quia
1197 3601 1539 3655 divinitatem
1591 3603 1874 3657 indicant:
1913 3603 2052 3657 Deus
2159 3611 2384 3666 bantur.
2429 3606 2643 3662 Etenim
2679 3619 2745 3659 es
2773 3603 2941 3672 justis
2970 3601 3063 3655 alii
3101 3599 3272 3653 Deum
3316 3613 3414 3667 per
3448 3595 3746 3665 imaginem

465 3692 613 3746 enim
663 3701 844 3745 noster
912 3693 1048 3764 ignis
1117 3710 1430 3748 consumens
1465 3695 1627 3752 est':
1692 3695 1775 3749 vel
1830 3708 2052 3760 metue,

2163 3709 2576 3772 conspexerunt
2645 3708 2740 3752 aut
2795 3704 3204 3766 cognoverunt.
3279 3691 3382 3744 l’er
3450 3688 3745 3758 imaginem

466 3794 692 3854 prapter
747 3786 853 3838 vim
911 3785 1263 3851 adustivam,
1319 3803 1487 3855 quam
1557 3787 1816 3843 divinitas
1871 3789 2054 3844 habet.
2164 3798 2460 3852 obscuram
2517 3793 2611 3848 Dei
2675 3788 3227 3860 comprehensionem
3286 3782 3527 3852 illlellige
3581 3797 3594 3834 ε
3653 3793 3751 3849 Ροι·

468 3875 644 3932 llodie
694 3877 1016 3944 dooeamus,
1070 3879 1123 3934 id
1173 3890 1279 3944 est,
1337 3881 1572 3936 fideliter
1625 3891 1679 3935 et
1732 3884 2058 3952 simpliciter
2163 3889 2538 3959 c0gnitionem
2589 3891 2798 3940 autem.
2855 3895 2975 3934 eam
3012 3893 3139 3948 quae
3195 3875 3462 3932 illustrior
3508 3882 3594 3928 est
3633 3888 3752 3926 ma-

468 3965 721 4023 doctrina
752 3970 820 4024 de
854 3969 1065 4039 Spiritu
1111 3982 1325 4032 saneto.
1370 3988 1536 4041 quam
1573 3971 1857 4042 Scriptura
1899 3977 2059 4030 nobis
2165 3985 2362 4054 κίοαυε
2401 3979 2717 4050 perspicua.
2769 3973 2868 4029 Vel
2911 3973 3102 4033 etiam,
3144 3970 3409 4040 quoniam
3456 3964 3748 4037 phantasia

469 4059 653 4123 olIert,
685 4071 1109 4118 utamur:cras
1142 4076 1326 4118 autem
1353 4065 1656 4123 artiticiose
1685 4065 2059 4131 disserenms,
2165 4093 2308 4146 saepe
2367 4076 2730 4144 imposturain
2789 4068 2976 4122 animo
3033 4067 3201 4129 facit,
3273 4063 3482 4118 idcirco
3541 4058 3752 4129 adjecit

469 4165 525 4208 ει
555 4155 624 4209 ιιι)
658 4155 890 4210 honesto
919 4171 982 4212 ac
1009 4157 1217 4212 decoro
1254 4158 1602 4219 recedemus.
1642 4158 1692 4212 id
1736 4166 1843 4221 εει.
1868 4168 2060 4226 argute
2167 4167 2506 4235 'l‘heologus,
2530 4165 2945 4234 Cognoverunt,
2983 4167 3045 4214 ut
3077 4158 3349 4212 visionem
3388 4155 3527 4208 hanc
3566 4165 3751 4205 veram

471 4258 528 4302 et
578 4249 878 4317 sophistice
938 4260 992 4305 et
1046 4266 1111 4305 ex
1169 4250 1474 4306 dialecticae
1535 4252 1674 4306 artis
1736 4251 1950 4320 legibus
2007 4258 2062 4305 et

2167 4277 2287 4317 esse
2332 4261 2550 4314 credas.
2586 4257 2730 4325 Ergo
2759 4254 3093 4325 patriarcha:
3131 4251 3304 4304 Deum
3332 4264 3430 4318 per
3457 4246 3749 4315 imaginem

474 4340 735 4394 methodo
759 4341 1586 4408 disputationeminstituemus.
1609 4340 1767 4395 Enim
1789 4357 1918 4395 vero
1946 4342 2062 4396 hmc
2167 4359 2577 4418 conspexerunt,
2633 4347 2994 4417 :‘prophetze
3048 4355 3229 4399 autem
3294 4342 3478 4395 futura
3536 4352 3754 4408 Quoque

475 4433 642 4486 verba
677 4450 690 4486 =
731 4434 1056 4494 DoceamuS.
1091 4441 1148 4485 et
1179 4433 1400 4487 Festum
1435 4449 1686 4503 arranius,
1734 4434 2060 4488 consulendi
2169 4451 2298 4497 ante
2343 4443 2561 4511 cognita
2613 4441 2949 4500 habuerunt,
3009 4437 3336 4505 impressam
3393 4433 3568 4486 instar
3615 4444 3756 4484 cerae

477 4524 663 4577 animo
693 4523 976 4577 dicuntur.
1029 4522 1156 4578 Haec
1204 4534 1411 4590 autem,
1463 4526 1781 4581 Artificiose
1821 4527 2065 4581 dissere—
2097 4529 2142 4586 Β
2172 4542 2409 4589 mentem
2446 4549 2476 4587 a
2511 4539 2703 4587 sancto
2735 4532 2942 4600 Spiritu
2978 4529 3265 4589 habentes,
3292 4539 3356 4578 ac
3383 4523 3566 4577 futura
3595 4521 3756 4589 quasi

476 4632 624 4679 "ius,
677 4626 753 4682 εί,
794 4616 878 4670 ΑΙ)
921 4617 1156 4672 1101188ιο
1203 4626 1257 4671 ει
1285 4618 1488 4672 decoro
1538 4620 1884 4684 recedemus.
1935 4630 2066 4674 ειιηι
2174 4628 2466 4699 praesentia
2527 4635 2814 4681 cernentes
2880 4631 3045 4691 atque
3101 4619 3410 4674 audientes.
3485 4615 3756 4682 Quocirca

478 4708 692 4763 irouice
725 4709 1021 4778 loquentis.
1055 4722 1223 4780 atque
1253 4709 1571 4780 hujusmodi
1603 4725 1694 4765 res
1730 4714 2062 4768 aversantis.
2173 4720 2518 4790 prophetiam
2569 4731 2793 4785 quoque
2843 4715 3110 4768 visionem
3163 4709 3534 4779 appellabant,
3593 4715 3759 4774 atque

478 4800 633 4855 Unde
664 4810 718 4855 et
763 4803 1171 4870 turpitudinem
1218 4812 1272 4857 et
1319 4803 1702 4858 temulentiam
1749 4819 1844 4858 eas
1881 4813 2062 4870 vocat,
2174 4812 2279 4882 ipsi
2341 4811 2592 4863 videntes
2642 4805 3092 4861 nominabantur.
3165 4802 3489 4870 Huiusmodi
3550 4801 3756 4868 quippe

479 4903 645 4962 atque
676 4895 740 4947 ad
779 4893 958 4948 forum
999 4905 1052 4948 el-
1089 4897 1307 4949 llleall‘a
1341 4896 1534 4963 reiicit.
2177 4903 2416 4972 Spiritus
2465 4901 2545 4955 vis
2591 4907 2715 4964 est;
2768 4897 3128 4951 illuminatrix
3176 4896 3407 4954 scilicet,
3457 4893 3522 4946 ad
3554 4891 3756 4947 summi

553 4985 686 5040 Ibid.
732 4987 1088 5058 Posteaquam
1112 5000 1287 5042 autem
1314 4989 1515 5044 alienos
1544 4990 1926 5052 submovimm.
1951 4999 2061 5043 etc.
2177 4995 2307 5050 boni
2355 4993 2728 5062 cognitionem
2762 4991 2946 5044 omnia
2982 4989 3342 5044 collustrans.
3381 4985 3594 5040 Etenim
3639 4997 3761 5036 om-

483 5082 856 5150 Posleaquam
929 5085 1137 5138 alienos
1190 5095 1244 5137 et
1311 5085 1602 5138 haereticos
1680 5085 2066 5138 submovimus
2180 5091 2517 5157 nibus,quze
2566 5085 2783 5140 ratione
2833 5092 2888 5138 et
2935 5081 3292 5151 intelligentia
3327 5077 3554 5148 prtedita
3606 5084 3760 5142 sunt,

486 5185 650 5245 atque
690 5177 1053 5238 extrusimus,
1086 5193 1183 5245 age
1230 5170 1342 5245 jam
1397 5187 1618 5230 nostros
1651 5188 1704 5230 et
1738 5178 1928 5229 eadem
1966 5177 2068 5230 [ide
2181 5181 2246 5235 ad
2283 5178 2529 5234 veritatis
2558 5175 2928 5230 inventionem
2965 5173 3269 5243 spiritualis
3313 5171 3401 5224 lux
3439 5177 3545 5231 est,
3583 5168 3764 5237 iisque

486 5267 748 5338 praeditos
806 5267 1065 5322 meliores
1115 5271 1410 5324 faciamus.
1465 5269 1566 5324 llic
1620 5270 1788 5338 igitur
1830 5269 2072 5337 Spiritus
2182 5271 2329 5324 velut
2357 5265 2804 5339 perspicuitatem
2831 5265 3128 5336 quamdam
3156 5276 3254 5333 per
3285 5275 3345 5316 se
3368 5259 3544 5315 aﬂ‘ert.

2080 3185 2122 3207 tv

2081 3213 2122 3242 υ

564 5453 580 5484 ³
605 5447 755 5506 Psal.
791 5461 986 5512 sum,
1027 5447 1116 5503 M.
1192 5452 1212 5482 ¹
1237 5449 1397 5505 Deut.
1437 5464 1510 5513 tv,
1545 5448 1638 5506 24.
1715 5448 1891 5502 ‘Luc.
1927 5451 2024 5512 vit,
2063 5446 2152 5502 14.
2229 5445 2295 5498 ‘l
2327 5445 2460 5501 Cor.
2501 5459 2598 5510 xu,
2637 5445 2692 5500 5.
2769 5446 2791 5478 ⁸
2816 5443 3015 5500 Matth.
3049 5457 3206 5507 xvnt,
3247 5444 3336 5497 10.
3412 5442 3562 5496 ‘lsa.
3601 5455 3673 5499 v1.
3705 5436 3764 5494 5.

567 5640 681 5707 (33)
725 5635 882 5692 Nunc
905 5654 967 5691 ne
986 5636 1095 5691 ullo
1119 5634 1349 5707 quidem.
1400 5630 1803 5707 ¢_Postlapsum
1836 5631 2071 5707 Satanzc.
2185 5625 2412 5707 omnino
2448 5641 2554 5707 non
2589 5623 2944 5707 possin_t,_q_u_i
2983 5637 3049 5707 ne
3075 5621 3302 5674 omnino
3334 5621 3444 5707 jam
3477 5621 3764 5687 caderent,

496 5696 678 5779 inquit
719 5711 856 5780 Aug.
899 5709 995 5762 lib.
1042 5696 1363 5780 De'iiccles.
1410 5702 1624 5780 dogpu,
1651 5696 1792 5769 ‘cap.
1841 5701 2071 5780 62,_ita
2188 5697 2444 5752 virtutem
2483 5696 3053 5753 iucommutabilitatis
3087 5703 3440 5762 acceperunt.
3473 5711 3491 5744 ι

499 5771 833 5836 (ιοῐιίίιίιιιιιῗ
854 5787 981 5834 sunt
1023 5776 1200 5847 angeli
1234 5775 1326 5846 qui
1359 5773 1734 5845 perstiterunt,
1777 5781 1837 5826 ut
1877 5771 2073 5826 cadere
