4116 6436
277 418 281 424 ’
380 415 517 480 1469

1371 416 1693 478 NICETAS
1733 417 1813 478 IN
1853 416 2081 478 eam.
2124 414 2307 477 XLIV
2351 412 2415 473 s.
2453 409 2687 472 GREG.

3506 394 3641 460 1470

448 535 581 590 Tum
637 535 692 589 in
734 532 939 589 Christi
987 532 1301 602 discipulis,
1359 541 1465 586 etc.
1522 528 1686 598 Tum,
1749 531 1960 601 inquit,
1989 532 2039 593 Α
2067 531 2199 586 nihil
2230 544 2340 583 non
2373 533 2648 593 poterant,
2675 519 2965 589 sanctique
2994 515 3235 586 Spiritus
3257 508 3641 602 expletionem,

374 627 615 696 Spiritus
645 634 872 682 sanctus
907 625 961 679 in
996 624 1203 681 Christi
1249 623 1542 692 discipulis
1587 623 1778 677 eilicax
1809 632 1947 677 erat.

372 717 482 772 Nec
514 718 661 772 enim
696 717 880 772 dicere
912 731 1159 786 possunt,
1196 717 1345 786 quod
1395 717 1449 771 in
1483 715 1704 771 Christo
1733 730 1953 786 quoque

370 810 726 879 operabatur.
773 809 992 864 Christo
1039 809 1306 878 siquidem
1358 810 1571 872 aderat,
1617 825 1725 864 non
1769 820 1831 863 ut
1870 808 1953 862 ai-

371 903 532 962 ﬂans.
564 903 1027 973 quemadmodum
1062 903 1117 956 in
1150 902 1273 958 aliis
1317 902 1653 964 hominibus,
1690 903 1783 970 qui
1829 901 1955 971 Spi-

371 996 481 1049 ritu
533 1003 725 1049 sancto
771 993 1047 1056 aﬂlantnr,
1087 993 1181 1048 sed
1239 1002 1299 1047 ut
1353 1007 1478 1048 cum
1534 993 1731 1062 aequali
1784 992 1951 1047 simul

374 1087 638 1142 incedens
693 1092 858 1156 atque
909 1086 1203 1149 exsistens,
1258 1093 1480 1154 promer
1532 1082 1951 1152 inseparabilem

372 1180 575 1227 sancta:
609 1170 895 1227 Trinitatis
922 1173 1386 1242 coniunctionem.
1422 1171 1495 1225 De
1521 1189 1627 1241 qua
1655 1188 1713 1227 re
1748 1173 1802 1226 in
1840 1173 1955 1226 hare

374 1265 539 1320 verba
569 1265 814 1334 loquitur
844 1263 1081 1319 Basilius
1116 1282 1130 1318 :
1163 1261 1265 1318 Ubi
1291 1264 1507 1333 propria
1533 1271 1586 1317 et
1619 1271 1957 1318 connatura-

372 1357 442 1411 lis
473 1363 640 1424 atque
693 1355 1077 1425 inseparabilis
1126 1363 1212 1409 est
1240 1355 1499 1420 societas,
1544 1353 1654 1408 illic
1685 1356 1862 1423 aptior
1902 1361 1956 1406 et

372 1446 774 1516 signiﬁcantior
818 1461 923 1500 vox
969 1453 1055 1501 est
1101 1446 1495 1515 συνυπάρχειν,
1531 1446 1582 1498 id
1637 1453 1720 1500 est
1747 1482 1762 1506 ,
1794 1442 1956 1498 simul

372 1538 658 1598 exsistere,
691 1535 835 1605 quod
872 1537 976 1590 hoc
1014 1535 1240 1590 verbum
1280 1534 1661 1605 inseparabilis
1691 1533 1953 1589 consortii

371 1627 759 1698 cogitationem
825 1629 1010 1682 animo
1065 1627 1261 1683 oll'erat
1305 1643 1320 1680 :
1376 1636 1428 1680 at
1493 1627 1583 1680 ubi
1645 1641 1737 1680 res
1790 1626 1957 1680 unitas

372 1722 616 1788 separari
655 1726 911 1787 possunt,
946 1719 1060 1773 illic
1110 1718 1458 1774 commodior
1487 1728 1540 1772 et
1569 1718 1956 1787 eongrucntior

372 1825 477 1864 vox
505 1820 587 1863 est
615 1810 973 1879 ἐνυπάρχειν,
1005 1810 1111 1864 hoc
1135 1819 1237 1876 est,
1272 1811 1460 1865 inesse.
1481 1810 1951 1876 Quemadmodum

2053 624 2235 677 dicere
2265 619 2541 690 quispiam
2577 623 2763 685 posset
2795 625 2921 666 eum
2953 606 3324 663 essentiatiter
3349 616 3474 655 cum
3505 597 3643 667 ipsis

2052 731 2171 771 esse
2213 730 2277 769 ac
2307 709 2538 766 versari.
2575 706 2709 762 Nam
2747 719 2874 760 cum
2903 701 3080 756 Filius
3117 709 3352 766 corp-tre
3383 690 3642 748 sensibili

2053 810 2216 874 atque
2249 798 2545 868 conspicuo
2584 793 2875 848 nobiscum
2908 784 3368 843 consuetudinem
3408 777 3643 833 habuis-

2053 869 2156 957 set,
2225 910 2324 963 par
2380 899 2521 954 erat,
2586 896 2645 941 ut
2695 884 2933 954 Spiritus
2997 892 3218 949 quoque
3282 869 3646 941 corporaliter

2053 995 2367 1059 appareret,
2400 976 2867 1054 quemadmodum
2905 974 3067 1028 etiam
3097 968 3375 1039 apparuit,
3404 963 3642 1034 primum

2060 1056 2321 1136 informa
2380 1074 2671 1131 columbae,
2721 1081 2870 1122 nunc
2914 1074 3100 1119 autem
3135 1064 3188 1114 in
3225 1059 3399 1113 forma
3431 1056 3644 1125 lingua.

2052 1184 2175 1224 rum
2207 1168 2511 1237 ignearum.
2545 1161 2608 1215 Et
2645 1173 2769 1213 cum
2799 1155 3056 1210 Christus
3082 1151 3150 1205 ab
3183 1151 3252 1203 iis
3285 1162 3405 1217 quae
3451 1146 3646 1200 buma-

2055 1259 2213 1316 nitati
2268 1267 2562 1324 assumpta:
2616 1248 3063 1307 conveniebant,.
3102 1251 3226 1312 post
3280 1237 3647 1295 resurrectio-

2056 1368 2204 1414 nem,
2241 1350 2307 1404 ad
2331 1363 2393 1401 ea
2426 1360 2551 1416 quae
2578 1344 2691 1398 Deo
2723 1337 3149 1398 conveniebant,
3184 1347 3441 1386 reversus
3475 1336 3644 1387 esset,

2056 1458 2280 1514 suaeque
2348 1440 2578 1512 gloriae,
2641 1449 2808 1505 quam
2877 1441 3005 1486 ante
3078 1436 3394 1496 susceptum
3452 1421 3647 1476 salutis

2063 1543 2269 1596 nostra:
2303 1533 2578 1605 negotium
2610 1527 2866 1590 habebat,
2898 1523 3193 1578 restitutus
3223 1526 3367 1572 esset
3409 1517 3557 1582 (nam
3581 1527 3645 1565 ea

2055 1630 2107 1685 in
2159 1630 2322 1683 breve
2366 1636 2582 1694 tempus
2635 1628 2856 1690 prepter
2903 1630 3003 1669 nos
3050 1610 3370 1667 exinanitns
3416 1606 3639 1668 fuerat;

2055 1724 2270 1781 dicebat
2320 1721 2517 1775 enim:
2567 1714 2826 1783 Clariﬁca
2870 1726 2972 1773 me,
3014 1708 3197 1768 Pater,
3259 1702 3403 1773 apud
3458 1707 3647 1753 temet-

2060 1819 2234 1888 ipsum
2265 1812 2536 1873 ciaritate,
2567 1824 2723 1879 quam
2758 1803 3014 1858 habebam
3046 1798 3187 1865 apud
3237 1806 3304 1858 te,
3335 1793 3646 1862 priusquam

372 1901 542 1955 Vim"
576 1904 775 1955 animai
801 1901 1178 1971 συνυπάρχειν
1222 1902 1485 1965 “mimus,
1520 1903 1571 1955 id
1614 1909 1720 1966 εει»
1757 1917 1954 1967 εοεδεε,
1993 1882 2038 1936 Β
2066 1882 2292 1962 mundus
2344 1901 2539 1969 esset’)
2572 1917 2587 1953 :
2624 1897 2887 1968 Spiritum
2919 1894 2984 1946 ad
3031 1906 3131 1945 nos
3188 1896 3313 1959 post
3367 1882 3645 1938 Christum

375 1994 596 2057 corpori
656 2004 866 2056 autem,
915 1993 1276 2063 ἐνυπάρχειν,
1323 1995 1513 2047 inesse.
1566 1995 1645 2049 Ab
1689 2007 1756 2047 eo
1807 1994 1952 2047 enim

373 2085 620 2154 separari
659 2093 858 2154 potest.
896 2085 1101 2139 Eodem
1132 2085 1298 2156 igitur
1342 2088 1506 2139 modo
1540 2085 1776 2155 Spiritus
1822 2099 1955 2139 san-

374 2189 499 2232 ctus
565 2178 848 2247 unigenito
900 2177 1042 2232 Filio
1090 2193 1282 2232 coesse
1327 2179 1569 2232 dicitur:
1606 2178 1727 2232 aliis
1774 2187 1954 2231 autem

376 2273 583 2327 sanctis
646 2272 825 2326 inesse
885 2272 1146 2339 Spiritus.
1220 2269 1406 2340 Itaque
1457 2271 1654 2340 triplici
1706 2271 1874 2343 modq
1901 2270 1956 2324 in

377 2363 647 2433 aposmlis
680 2364 787 2416 vim
814 2376 969 2417 suam
1000 2363 1216 2428 edebat,
1258 2372 1418 2431 prout
1466 2364 1724 2417 nimirum
1758 2371 1812 2416 et
1853 2363 1957 2429 ipsi

377 2472 609 2526 capaces
662 2467 843 2515 erant,
881 2464 937 2509 et
981 2454 1147 2509 trium
1187 2465 1493 2524 temporum
1544 2456 1686 2509 ratio
1725 2455 1954 2509 terebat.

377 2549 645 2614 Primum,
692 2548 742 2601 id
779 2557 881 2612 est,
920 2556 1047 2601 ante
1095 2546 1299 2601 Christi
1331 2547 1664 2616 passionem,
1699 2547 1957 2611 obscure,

377 2656 504 2695 cum
532 2656 629 2695 eos
655 2640 1009 2710 praedicatum
1043 2638 1215 2702 misit,
1246 2650 1300 2693 et
1329 2638 1701 2708 pellendorum
1736 2637 1956 2691 morbo-

377 2747 526 2798 rum,
549 2732 974 2803 dazmonumque
990 2732 1451 2804 proﬂigandorum
1474 2739 1795 2802 potestatem
1823 2732 1957 2801 ipsis

380 2824 595 2878 dedit’.
626 2822 760 2889 Quae
802 2825 986 2878 omnia
1028 2839 1376 2894 nequaquam
1413 2823 1533 2878 sine
1581 2822 1820 2894 Spiritus
1857 2840 1959 2878 nu-

380 2916 528 2969 mine
556 2915 777 2969 tlehant.
814 2915 1069 2969 Secundo
1092 2924 1217 2984 post
1244 2917 1702 2971 resurrectionem
1730 2931 1957 2985 expres-

380 3009 500 3062 sius
549 3017 603 3061 et
651 3009 881 3062 clarius.
931 3008 1189 3062 Christus
1236 3010 1382 3062 enim
1427 3024 1552 3065 eum
1603 3009 1956 3073 insnﬂasset,

382 3100 523 3153 dixit
570 3115 585 3154 :
632 3102 867 3168 Arripite
920 3100 1179 3170 Spiritum
1225 3102 1552 3167 sanctum“,
1610 3115 1956 3171 nequaquam

387 3189 531 3247 alius
557 3192 855 3260 exsistens,
884 3210 1050 3263 quam
1088 3194 1180 3262 qui
1206 3208 1236 3248 a
1266 3195 1443 3264 prima
1478 3207 1660 3247 rerum
1684 3193 1961 3247 creatione
1989 3232 2032 3290 ο

385 3283 776 3353 insuﬂIaverat,
826 3285 922 3341 sed
965 3285 1109 3341 idem
1154 3287 1290 3356 ipse,
1316 3301 1410 3356 per
1456 3300 1617 3356 quem
1665 3283 1961 3339 insntilatio

385 3376 512 3430 data
550 3377 749 3442 fuerat,
799 3386 933 3433 tunc
980 3379 1201 3448 quidem
1236 3378 1353 3448 (34}
1395 3393 1519 3431 cum
1569 3376 1772 3443 anima,
1816 3391 1964 3432 nunc

384 3477 569 3524 autem
622 3469 676 3524 in
713 3469 980 3524 animam.
1024 3468 1213 3525 Tertio
1257 3472 1441 3523 autem
1472 3468 1788 3539 perfectius,
1835 3474 1961 3524 eum

384 3558 637 3613 Christus
686 3559 742 3612 in
787 3558 985 3613 cmlum
1044 3559 1309 3624 ascendit,
1376 3559 1463 3612 vel
1523 3558 1721 3613 divinae
1772 3558 1965 3628 gloriae

387 3652 677 3706 restitutus
710 3660 817 3715 est,
848 3651 934 3706 vel
963 3665 1073 3721 quo
1105 3650 1332 3705 nomine
1357 3649 1411 3704 id
1447 3651 1835 3720 appellandum
1870 3651 1961 3715 sit,

385 3743 597 3798 nescio.
650 3743 927 3798 Addubito
961 3743 1107 3798 enim
1146 3741 1293 3812 quod
1325 3757 1523 3796 nomen
1575 3740 1835 3795 ineffabili
1885 3743 1962 3795 illi

386 3833 454 3887 ad
488 3834 724 3904 priorem
754 3842 957 3887 statum
991 3832 1303 3887 ascensioni
1349 3832 1697 3886 tribuendum
1731 3833 1820 3887 sit.
1857 3831 1964 3886 Sed

387 3927 670 3995 quomodo
711 3926 956 3996 Spiritus
1001 3925 1292 3996 discipulis
1327 3924 1619 3994 perfectius
1663 3925 1718 3978 in
1752 3924 1967 3997 lingua-

391 4033 512 4073 rum
565 4018 835 4072 divisione
873 4016 982 4071 vim
1019 4031 1175 4073 suam
1227 4016 1474 4072 exeruit?
1526 4016 1789 4071 Nimirum
1836 4017 1965 4086 quia

390 4111 628 4180 Spiritus
666 4121 893 4165 sanctus
926 4124 1033 4164 non
1064 4108 1200 4177 jam,
1235 4119 1296 4164 ut
1341 4109 1592 4174 antehac,
1645 4123 1739 4178 per
1772 4123 1966 4177 opera-

391 4205 596 4258 tionem
622 4203 832 4267 aderat,
862 4201 982 4266 sed,
1011 4208 1069 4255 ut
1097 4200 1178 4256 sic
1200 4200 1417 4270 loquar,
1451 4200 1815 4256 essentialiter
1841 4214 1966 4253 cum

390 4296 528 4365 ipsis
564 4304 679 4350 erat
701 4310 766 4367 ac
792 4294 1132 4349 vetabatur.
1169 4292 1322 4359 Quod
1351 4300 1532 4348 autem
1568 4291 1748 4347 dixit:
1788 4289 1856 4347 Ut
1890 4292 1971 4348 sic

394 4387 609 4455 loquar,
639 4386 707 4443 ad
735 4386 1207 4456 praemolliendum
1245 4384 1388 4438 hanc
1421 4398 1631 4447 vocem,
1675 4382 1971 4438 essentiaii-

393 4491 494 4542 ter.
523 4480 686 4541 dixit,
706 4489 765 4533 ut
794 4478 977 4532 minus
1008 4475 1229 4547 proprie
1255 4484 1419 4544 atque
1450 4484 1639 4528 exacte
1678 4474 1970 4543 prolatam,

2060 1998 2395 2055 descendere
2423 1992 2734 2058 oportebat.
2788 1986 2949 2053 Quod
2983 1984 3028 2039 si
3081 1979 3327 2036 audieris
3361 1976 3644 2031 Christum

2059 2095 2113 2147 in
2161 2087 2455 2159 Evangelia
2505 2085 2781 2139 dicentem
2815 2098 2828 2134 :
2859 2080 2992 2133 Cum
3047 2075 3242 2157 uenerit
3306 2066 3646 2126 Paracletus,

2058 2200 2211 2255 quem
2270 2158 2363 2251 ego
2424 2180 2633 2232 mittam
2655 2175 2736 2237 “,
2801 2182 2963 2240 atque
3017 2168 3197 2222 illud:
3262 2162 3381 2217 Nisi
3429 2158 3607 2212 abiero
3628 2194 3650 2240 ,t

2064 2258 2380 2331 Paracietui
2421 2288 2526 2326 non
2565 2269 2735 2322 veniet
2774 2264 2842 2318 ad
2883 2261 3064 2325 vos“,
3094 2260 3167 2312 ita
3214 2256 3309 2309 tibi
3358 2254 3463 2305 hoc
3506 2248 3650 2302 acci-

2061 2369 2318 2441 piendum
2350 2375 2454 2424 est,
2491 2370 2553 2416 ut
2595 2359 2784 2415 venire
2819 2355 3041 2426 quidem
3092 2348 3353 2419 Spiritum
3399 2350 3647 2441 sanetum
3692 2336 3695 2339 ’

2062 2430 2333 2529 intelligas
2374 2453 2654 2515 heriliter,
2692 2458 2856 2516 atque
2902 2452 2962 2499 ut
3000 2440 3293 2495 Dominum
3337 2430 3654 2529 :mittiau—

2063 2560 2172 2606 tem
2225 2520 2375 2602 certo
2417 2543 2650 2598 consilio
2716 2552 2781 2592 ac
2834 2531 3271 2605 dispensatione,
3320 2534 3375 2580 et
3434 2533 3495 2575 ut
3542 2520 3652 2574 Deo

2060 2642 2288 2697 minime
2320 2637 2724 2692 adversantem.
2780 2628 2872 2682 Ha:
2905 2623 3179 2693 siquidem
3212 2630 3395 2677 voces,
3431 2611 3654 2680 πέμπε.

2064 2732 2191 2785 σθαι
2242 2738 2297 2784 ct.
2343 2719 2795 2783 ἀποστέλλεσθαι,
2848 2717 2899 2771 id
2961 2721 3069 2781 est,
3112 2708 3276 2773 mitti,
3324 2720 3389 2760 ac
3442 2713 3653 2758 caetera:

2062 2818 2358 2894 ejusmodi,
2412 2826 2763 2883 nequaquam
2822 2805 3051 2863 omnino
3097 2809 3325 2856 naturas
3371 2794 3649 2857 dividunt,

2063 2910 2523 2985 quemadmodum
2575 2905 2874 2975 opinantur
2925 2895 3170 2951 lueretici
3220 2903 3462 2945 :verum
3517 2900 3654 2939 con-

2062 2979 2304 3061 cordiam
2349 2998 2666 3060 ostendunt,
2719 3004 2782 3049 ut
2827 2992 2874 3047 si
2923 2990 3049 3060 quis
3082 2986 3271 3042 dicat:
3317 2979 3516 3034 Missus
3567 2985 3653 3030 est

2065 3096 2279 3154 amicus
2315 3095 2384 3149 ab
2431 3095 2634 3153 amico,
2664 3098 2760 3142 aut
2805 3085 3006 3140 littera:
3047 3079 3117 3133 ab
3153 3091 3219 3130 eo
3248 3077 3341 3143 qui
3395 3069 3651 3139 scripsit,

2065 3197 2161 3244 aut
2210 3187 2348 3258 lapis
2402 3185 2471 3241 ab
2532 3197 2611 3238 eo
2664 3178 2758 3249 qui
2810 3173 3050 3246 proiicit.
3115 3164 3485 3258 Quamobrem
3540 3172 3652 3258 non

2065 3252 2284 3352 semper
2332 3286 2566 3332 naturas
2615 3266 2950 3327 distrahunt,
3009 3261 3103 3318 sed
3158 3255 3435 3313 interdum
3485 3252 3650 3306 etiam

2065 3371 2422 3430 concordiam
2476 3375 2626 3422 certo
2681 3358 3029 3420 conﬁrmant,
3078 3361 3242 3420 atque
3294 3354 3652 3412 aeque-nunc

2066 3466 2193 3523 hoc.
2222 3475 2372 3517 nunc
2404 3456 2536 3512 illud
2583 3452 2846 3508 efﬁciunt.
2902 3442 3166 3507 Proinde,
3215 3435 3358 3506 quod
3411 3431 3653 3502 Spiritus

2065 3552 2209 3609 mitti
2255 3550 2480 3611 dicitur,
2535 3541 2891 3599 concordiam
2924 3533 3099 3604 ipsius
3154 3544 3279 3584 cum
3327 3540 3417 3590 eo,
3470 3538 3500 3576 a
3543 3531 3654 3589 quo

2068 3645 2272 3698 missus
2307 3651 2413 3702 est,
2441 3637 2670 3699 indicat,
2704 3646 2812 3686 non
2844 3636 3026 3683 autem
3054 3619 3307 3677 servilem
3338 3612 3571 3687 gradum
3600 3616 3657 3663 et

2069 3733 2465 3801 subiectionem
2510 3726 2645 3793 «54).

2140 3825 2262 3880 Col.
2313 3821 2421 3876 M5
2466 3818 2532 3872 Β.
2594 3813 2806 3867 Idcirco
2837 3816 2957 3879 post
3002 3805 3276 3858 Christum
3316 3811 3471 3867 quem
3504 3807 3656 3845 acce-

2068 3919 2170 3983 dit,
2206 3923 2315 3970 etc.
2344 3914 2579 3967 Causam
2617 3905 2855 3973 explicat
2889 3896 3226 3963 Theologus,
3258 3904 3431 3960 quare
3485 3884 3659 3956 Spiri-

2069 3979 2165 4064 tus
2193 4014 2317 4076 post
2343 4000 2549 4058 Christi
2580 4008 2876 4052 ascensum
2906 3986 3290 4050 descenderit;
3329 3991 3494 4050 atque
3528 3979 3604 4032 ait
3636 3993 3654 4034 :

2070 4100 2146 4157 Ne
2179 4070 2500 4153 liaracletus
2532 4090 2690 4145 nobis
2729 4087 2890 4141 desit.
2940 4083 3072 4136 Nam
3099 4079 3266 4134 etiam
3298 4075 3551 4129 Christus
3598 4070 3655 4127 in

2070 4194 2249 4265 prima
2306 4185 2536 4243 Joannis
2603 4179 2844 4251 Epistola
2896 4173 3201 4248 peractam:
3291 4167 3544 4265 dicitur:
3596 4163 3659 4265 Si

2071 4255 2210 4357 quis,
2246 4282 2444 4351 inquit,
2475 4273 2789 4346 peccaverit,
2814 4265 3148 4337 paraeletum
3211 4259 3461 4314 habemus
3493 4255 3657 4357 apud

2075 4348 2294 4432 i’atrem
2325 4348 2515 4427 desum
2562 4366 2833 4422 Christum
2854 4362 3067 4430 justum
3090 4355 3155 4407 λ’.
3198 4354 3448 4407 Abeunte
3493 4348 3660 4418 igitur

2074 4443 2296 4524 Christo
2358 4461 2638 4535 paracleto
2668 4496 2685 4520 ,
2768 4453 3115 4509 Paraclemm
3176 4460 3370 4500 rursus
3433 4442 3501 4496 ad
3558 4454 3659 4494 nos

393 4572 466 4625 ob
492 4569 724 4639 aptioris
750 4569 1010 4624 dictionis
1035 4568 1342 4637 penuriam.
1372 4563 1560 4634 Neque
1595 4540 1741 4618 enim
1779 4578 1968 4619 essen-
2003 4569 2044 4623 D
2075 4560 2336 4617 accedere
2381 4552 2766 4612 conveniebat,
2824 4559 3021 4613 nempe
3068 4540 3334 4639 Spiritum
3382 4543 3656 4632 sanctum.

394 4663 597 4717 tialitcr
642 4677 767 4717 eum
818 4660 960 4715 Filio
1019 4658 1256 4730 Spiritus
1310 4665 1534 4712 sanctus
1592 4655 1646 4709 in
1700 4655 1963 4722 apostolis

398 4753 664 4807 habitavit
719 4770 737 4813 ;
795 4768 985 4806 verum
1045 4766 1144 4819 per
1198 4748 1440 4804 divinam
1518 4745 1971 4799 inhabitationem

396 4859 692 4915 igneasque
722 4845 953 4914 linguas,
986 4850 1149 4912 atque
1187 4841 1425 4896 amatum
1468 4840 1645 4902 illum,
1679 4856 1778 4908 per
1812 4853 1975 4907 quem

465 5027 488 5059 "
515 5027 705 5080 Matth.
738 5043 791 5092 κ,
826 5026 876 5079 Ι.

399 5105 443 5136 ⁸³
468 5100 627 5156 Joan.
668 5113 782 5159 xiv,
822 5095 908 5151 t6.

952 5018 1156 5077 'Joan.
1191 5038 1289 5083 xx,
1321 5023 1414 5079 22.
1491 5025 1513 5056 ⁹
1539 5021 1705 5077 Joan.
1738 5036 1871 5087 ml,
1905 5020 1959 5074 5.

472 5287 586 5356 (ὅθ
627 5284 773 5356 Tunc
804 5281 1035 5353 quidem.
1076 5275 1192 5331 Hoc
1221 5286 1325 5356 est,
1358 5280 1412 5332 in
1445 5276 1641 5356 Adami
1690 5273 1974 5329 creatione

401 5346 702 5414 insomnio
733 5346 875 5408 facta
921 5359 1005 5405 est
1034 5364 1159 5403 cum
1206 5350 1414 5409 anima,
1450 5346 1502 5399 id
1532 5357 1634 5408 est,
1668 5358 1974 5412 cooperans

403 5429 621 5487 animat.
667 5441 775 5479 non
805 5421 950 5491 quod
985 5420 1125 5491 idem
1147 5433 1282 5491 cum
1330 5417 1508 5491 anima
1536 5423 1726 5491 esset_:
1763 5421 1978 5491 at__post

404 5482 863 5553 resurrectionem
925 5489 1212 5558 discipulis
1267 5488 1319 5539 in
1386 5487 1625 5558 animam
1681 5482 1978 5539 ittsoﬂlatio

406 5570 535 5623 data
585 5575 703 5627 est,
758 5564 864 5617 hoc
921 5572 1040 5621 est,
1074 5557 1404 5611 viventibus
1440 5557 1628 5627 _ipsis,
1688 5569 1798 5627 una
1822 5568 1980 5627 “cum

407 5622 700 5708 potestate
729 5630 945 5708 ligandi
993 5639 1047 5685 et
1111 5627 1376 5708 solvendi.
1435 5622 1626 5708 itaque
1686 5622 1982 5708 insulllatio

410 5693 537 5760 cum
569 5693 954 5765 animafsicut
985 5708 1109 5754 ante
1136 5699 1343 5753 dictum
1366 5703 1472 5760 est,
1519 5696 1636 5748 bch
1670 5695 1780 5748 duo
1811 5693 1982 5765 signi-

411 5778 558 5840 tlcat,
587 5763 780 5842 nempe
807 5770 954 5840 quod
982 5784 1089 5822 non
1125 5777 1181 5821 ut
1211 5782 1238 5820 a
1270 5775 1416 5819 terra
1448 5779 1649 5842 corpus
1684 5763 1924 5842 hominis
1949 5778 1980 5817 ιι

410 5848 525 5903 Deo
543 5833 841 5912 'accep'tuni
864 5849 1029 5910 atque
1058 5848 1301 5894 creatum
1331 5847 1435 5902 est,
1473 5834 1552 5890 sic
1581 5834 1746 5892 etiam
1773 5833 1980 5898 anima,

2040 5018 2083 5051 ‘°
2109 5018 2271 5074 Joan.
2302 5033 2422 5081 ινφ,
2446 5014 2537 5070 26.

2077 4653 2220 4721 Quin
2275 4651 2391 4718 ipse
2459 4659 2677 4715 quoque
2736 4639 3002 4694 Dominus
3059 4631 3203 4700 apud
3260 4626 3527 4721 Joitnnem
3587 4622 3661 4675 ita

2082 4716 2327 4813 loquitur
2351 4755 2364 4790 :
2388 4736 2500 4806 Ego
2528 4732 2725 4803 rogabo
2759 4728 3001 4786 Patrem,
3033 4730 3083 4777 et
3111 4720 3278 4774 alium
3313 4716 3660 4769 Paractelum

2084 4806 2233 4889 dabit
2277 4832 2417 4888 vobis
2444 4830 2520 4895 ",
2562 4828 2616 4881 id
2657 4834 2762 4890 est,
2791 4821 2957 4877 alium
2998 4816 3146 4874 mihi
3184 4811 3473 4884 aequalem.
3508 4806 3661 4875 Quo-

2617 5008 2846 5071 “{Joan.
2883 5021 2994 5067 va,
3033 5003 3118 5057 Η.
3198 4998 3283 5054 ⁸³1
3316 4995 3477 5052 Joaﬂ-
3513 5006 3573 5059 ιι»
3605 4991 3663 5047 2-

2080 5285 2272 5324 vernm
2341 5283 2408 5322 ex
2466 5266 2641 5323 nihilo
2693 5262 2762 5318 ab
2822 5276 2890 5317 eo
2942 5256 3210 5328 producta
3258 5270 3272 5307 :
3325 5260 3438 5306 tum
3497 5249 3662 5305 etiam

2084 5339 2431 5411 ligandorum
2483 5346 2650 5411 atque
2690 5331 3470 5411 solvendorum“peccatorum
3504 5328 3663 5411 pote:

2085 5393 2283 5466 st'atem
2339 5393 2617 5467 ostendi't,
2675 5418 2840 5473 quam
2891 5393 3140 5474 apostoli
3168 5411 3208 5474 _a
3261 5393 3665 5474 Dominonpost

2087 5461 2551 5535 resurrectionem
2578 5461 2942 5542 acceperunt."
2960 5472 3036 5542 Ac
3060 5468 3219 5542 tertio
3241 5463 3411 5542 etiam
3430 5461 3662 5542 indicat,

2090 5530 2259 5617 quod
2287 5530 2409 5617 inon
2453 5546 2649 5617 minus
2687 5530 2868 5617 fac_ile_
2890 5541 3071 5593 anima
3110 5533 3349 5617 hominis
3396 5530 3664 5617 producta

2091 5597 2196 5683 Esi}
2211 5597 2398 5686 wquam
2425 5597 2573 5669 velut
2608 5597 2653 5667 Si
2688 5612 2812 5681 quis
2835 5609 3031 5686 ﬂatum
3049 5608 3297 5686 emittere
3325 5597 3506 5686 queat.
3536 5597 3665 5686 Hice

2091 5674 2223 5758 quia
2247 5674 2452 5758 'Niceta:
2485 5674 2889 5758 commentario
2909 5680 2965 5733 in
2998 5679 3217 5758 Regina:
3247 5674 3664 5758 cedi-celtemerc

2091 5741 2484 5828 e'tfpﬁerturbate
2512 5753 2914 5828 inserta-erant,
2943 5764 3045 5804 nec
3070 5741 3124 5802 in
3150 5753 3341 5802 nostro
3366 5741 3660 5806 habentur,

2090 5820 2197 5884 huc
2227 5827 2522 5898 rejicienda
2555 5820 2884 5894 pntatimus.
