4116 6412
466 378 598 442 H71

1868 375 2241 435 ADDENDA.

3571 380 3708 445 14:2

461 492 608 546 circa
663 488 776 543 hate
824 487 1008 552 dictio,
1057 488 1230 551 Atius,
1286 486 1634 555 mqualitatis,
1697 502 1799 540 non
1850 495 2029 540 autem
2061 491 2103 548 Α
2137 490 2323 559 gratiae
2356 506 2526 560 genus
2551 493 2612 548 ".
2638 493 2958 565 Quanquam
2990 496 3131 550 enim
3162 495 3398 565 Spiritus
3430 498 3544 566 ipse
3578 501 3711 553 sim-

464 581 865 635 imminutiouis
921 593 1084 632 causa
1137 578 1311 646 posita
1364 587 1478 639 est.
1542 593 1603 631 ac
1645 592 1739 646 per
1763 593 1881 631 eam
1929 578 2030 631 do-

463 671 778 725 minationis
813 669 1176 731 consortium,
1210 685 1314 722 non
1349 677 1694 737 contemptus
1736 668 2026 722 indicatur;

462 761 586 815 Haec
644 763 786 815 enim
847 777 974 823 vos,
1036 761 1213 824 Alius,
1272 760 1340 812 ita
1401 759 1746 827 intelligenda
1803 768 1906 824 est,
1970 767 2028 812 ιιι

460 853 627 907 alium
688 853 819 905 tnihi
887 851 1150 920 aequalem
1211 850 1499 918 signiﬁct't.
1558 849 1767 903 Etenim
1829 851 1881 903 in
1936 849 2024 913 iis,

459 959 579 1012 qua:
635 944 883 1012 ejusdem
945 952 1153 996 natura:
1207 950 1360 1004 sunt,
1418 942 1582 994 alium
1645 951 1808 1010 atque
1858 941 2024 994 aliutn

457 1035 713 1096 dicimus,
751 1034 897 1088 velut
945 1034 1086 1087 alius
1135 1033 1351 1098 Petrus,
1395 1043 1448 1086 et
1486 1033 1630 1085 alius
1678 1031 1929 1087 Paulus:
1971 1042 2026 1084 at

455 1142 580 1181 cum
615 1127 682 1180 de
731 1126 798 1180 iis
830 1141 951 1194 quae
1003 1126 1214 1178 diversa
1263 1135 1456 1178 natura
1507 1133 1655 1188 sunt,
1705 1138 1890 1177 Sermo
1931 1123 2028 1176 ha-

455 1222 641 1278 betur,
696 1219 842 1272 aliud
891 1227 1054 1286 atque
1096 1217 1242 1271 aliud
1284 1214 1556 1278 dicimus,
1601 1222 1700 1279 ut,
1750 1213 1895 1268 aliud
1942 1223 2025 1268 est

456 1311 575 1375 bos,
619 1321 672 1364 et
721 1310 868 1363 aliud
927 1324 1126 1378 equus.
1200 1306 1467 1374 Quoniam
1525 1317 1707 1360 autem
1767 1307 1820 1360 in
1876 1307 2025 1361 Actis

456 1402 828 1470 apostolorum
879 1399 1197 1464 habetur“,
1256 1398 1402 1466 quod
1456 1413 1579 1451 cum
1638 1397 1690 1450 in
1737 1397 2025 1450 cmnaculo

455 1493 747 1555 sederent,
809 1498 1180 1560 apparuerunt
1253 1488 1388 1558 ipsis
1453 1488 1754 1557 dispertita:
1827 1487 2024 1556 linguae

454 1581 610 1649 quasi
645 1581 806 1650 ignis,
856 1581 1103 1648 seditque
1147 1593 1310 1647 super
1367 1579 1598 1648 singulis
1646 1594 1858 1643 eorum,
1912 1581 2024 1632 Ita‘c

453 1686 670 1738 quoque
691 1668 1020 1738 diSpicienda
1049 1677 1190 1722 sunt.
1223 1670 1299 1722 Ac
1325 1668 1560 1736 primunt
1585 1683 1682 1721 cur
1703 1668 1755 1720 in
1782 1667 2025 1738 linguis?

454 1764 623 1830 Cujus
654 1763 728 1815 rei
764 1763 996 1814 l‘ortasse
1028 1761 1142 1813 lucc
1180 1768 1263 1814 est
1293 1761 1454 1825 ratio,
1489 1761 1616 1829 quia
1665 1762 1810 1814 sicut
1840 1760 2019 1832 lingua

2137 581 2255 649 ple:
2281 590 2364 636 est
2423 594 2476 637 et
2521 585 2768 654 partibus
2825 600 3039 646 carens.
3101 595 3265 656 atque
3324 587 3708 642 indivisibilis:

2133 671 2306 740 ipsius
2342 684 2520 727 tamen
2561 677 2748 744 gratite
2803 675 3140 739 dividuntur,
3190 677 3282 730 ae'
3308 693 3404 746 pro
3446 677 3712 746 cujusque

2132 763 2327 815 merito
2355 773 2406 817 et
2439 763 2699 832 dignitate
2732 765 3151 822 distribuuntur.
3184 766 3358 834 Quam
3403 779 3584 822 autem
3642 769 3712 820 ob

2130 869 2351 908 causam
2384 856 2636 909 sedentes
2662 857 2858 926 lingure
2887 875 3049 927 super
3081 861 3355 927 apostolos
3384 863 3513 917 visre
3544 867 3712 920 sunt?

2129 945 2396 1010 Quoniam
2423 947 2602 1015 regius
2636 948 2860 1002 thronus
2891 950 2988 1018 ipsi
3023 950 3144 1004 facti
3180 961 3306 1005 sunt
3336 955 3480 1020 regis
3513 967 3559 1007 et
3591 957 3706 1016 Dei,

2133 1035 2234 1088 lzoc
2271 1046 2378 1099 est,
2410 1035 2650 1105 Spiritus
2681 1040 2872 1096 sancti.
2912 1055 2974 1093 ac
2998 1042 3262 1107 requievit
3287 1059 3452 1111 super
3473 1060 3566 1099 eos
3605 1047 3709 1100 Pa—

2127 1128 2378 1182 racletus.
2409 1127 2498 1181 Sic
2523 1127 2666 1180 enim
2718 1129 2956 1196 loquitur
2993 1129 3155 1184 David
3191 1148 3205 1183 :
3245 1131 3349 1197 Qui
3370 1133 3517 1186 sedes
3554 1150 3713 1202 super

2127 1217 2429 1284 Clterubim,
2463 1219 2803 1287 manifestare
2819 1219 2886 1276 ".
2921 1221 2986 1274 Et
3013 1237 3248 1276 rursus:
3281 1223 3530 1277 Ascendit
3555 1241 3711 1292 super

2125 1310 2426 1373 Clterubim,
2483 1323 2528 1365 et
2596 1311 2790 1364 volavit
2840 1313 2906 1365 ¹¹.
2972 1311 3035 1366 Et
3096 1312 3346 1368 Ezechiel
3397 1311 3708 1384 hujusntodi

2125 1403 2418 1471 quamdam
2469 1403 2733 1457 visionem
2788 1404 2997 1470 habuit,
3048 1421 3244 1475 nempe
3287 1406 3608 1473 Clterubim,
3654 1413 3709 1462 et

2125 1496 2537 1551 similitudinem
2568 1496 2914 1561 thronorum,
2948 1506 3001 1551 et
3034 1513 3201 1567 supra
3223 1514 3346 1552 eum
3392 1500 3708 1554 similitudi-

2125 1601 2245 1638 nem
2291 1585 2444 1655 quasi
2483 1583 2671 1639 forma:
2698 1585 2954 1641 hominis.
3013 1589 3088 1642 Ac
3136 1597 3397 1656 przeterca
3426 1589 3711 1645 bisverbis

2122 1679 2295 1733 utitur
2327 1700 2338 1734 :
2372 1678 2600 1748 Egressa
2617 1690 2690 1733 est
2715 1681 2887 1748 gloria
2927 1681 3148 1736 Domini
3179 1683 3245 1735 ab
3277 1683 3458 1752 aprico
3493 1685 3708 1750 domus,

2121 1780 2170 1824 et
2205 1772 2439 1824 ascendit
2457 1788 2614 1838 super
2641 1772 2922 1827 Cherubim
2947 1775 3012 1828 “.
3046 1774 3202 1840 Quod
3231 1775 3275 1829 si
3299 1775 3386 1830 cui
3417 1775 3707 1841 curiosior,

453 1854 728 1922 proprium
767 1862 851 1907 est
891 1852 1160 1906 sermonis
1214 1866 1476 1919 organum
1510 1868 1522 1905 :
1560 1851 1632 1905 ita
1679 1851 1842 1906 etiam
1891 1867 2024 1920 apo-
2058 1843 2098 1900 Β
2127 1877 2290 1929 quam
2327 1878 2423 1932 par
2463 1863 2555 1926 sit,
2597 1878 2704 1918 ηοη
2727 1864 2934 1930 videor,
2965 1874 3025 1920 οι
3055 1867 3149 1935 qui
3181 1866 3437 1921 omnibus
3468 1867 3605 1922 locis
3632 1868 3710 1921 ιι-

453 1947 576 1999 stoli
638 1946 703 1999 ad
772 1945 1050 2014 Evangelii
1110 1946 1335 1997 verbum
1397 1944 1506 2013 apti
1565 1954 1620 1996 et
1675 1944 2020 1998 accommodi

452 2046 648 2102 crant,
699 2053 806 2091 non
848 2053 1004 2092 secus
1052 2047 1214 2106 atque
1248 2052 1494 2107 organa,
1541 2039 1718 2108 ipsum
1768 2055 2028 2093 resonan-

451 2140 532 2182 tes
584 2147 598 2182 :
647 2143 712 2184 ac
771 2145 866 2198 per
915 2129 1172 2199 linguas,
1244 2132 1602 2198 congruentia
1664 2145 1900 2195 eorum,
1972 2140 2024 2184 et

448 2221 696 2288 aptitudo
782 2221 849 2275 ad
945 2221 1268 2276 Christianae
1329 2221 1592 2289 doctrinae
1683 2221 2026 2290 praedicatio-

448 2328 570 2368 nem
626 2312 1217 2380 signiticabatur.Aut,
1280 2313 1326 2368 si
1397 2315 1568 2383 magis
1620 2316 1870 2381 arridet,
1927 2332 2025 2386 per

451 2399 686 2454 Verbum
743 2402 844 2454 hoc
893 2400 1014 2455 loco
1046 2400 1325 2454 Christum
1360 2401 1624 2470 iutellige.
1679 2401 1867 2470 Itaque
1896 2417 2021 2456 cum

449 2492 762 2561 huiusmodi
812 2492 989 2547 Verbo
1045 2491 1285 2560 Spiritus
1345 2502 1622 2557 sanctus,
1679 2493 1908 2562 perinde
1957 2509 2024 2549 ac

448 2585 628 2653 lingua
697 2583 986 2653 quaedam,
1067 2584 1452 2654 cognationem
1529 2584 2021 2639 necessitudinem-

446 2693 551 2743 qtte
603 2677 786 2730 habet.
846 2677 1021 2730 Tanta
1072 2684 1157 2730 est
1203 2677 1348 2730 enim
1391 2675 1628 2745 Spiritus
1680 2677 1854 2732 sancti
1898 2693 2022 2732 cum

444 2770 666 2824 Christo
718 2770 1079 2839 eonjuuctio,
1133 2780 1190 2824 ut
1254 2769 1456 2824 Christi
1513 2785 1734 2839 quoque
1788 2770 2026 2840 Spiritus

443 2865 692 2917 dicatur:
726 2861 785 2915 Si
814 2863 930 2930 quis
975 2862 1146 2926 enim,
1184 2859 1383 2930 inquit,
1418 2858 1680 2929 Spiritum
1712 2876 1815 2913 non
1843 2861 2022 2924 habet,

445 2957 529 3006 Itic
564 2971 666 3008 non
707 2963 786 3008 est
833 2953 1036 3024 ejus".
1079 2952 1191 3006 Cur
1241 2963 1422 3006 autem
1468 2953 1520 3005 in
1577 2953 1749 3022 igneis
1783 2953 2025 3022 linguis?

444 3048 700 3102 Fortasse
723 3048 845 3114 quia
878 3046 1116 3114 Spiritus
1150 3046 1414 3115 purgandi
1441 3045 1547 3098 vim
1599 3055 1654 3100 et
1712 3045 2022 3100 facultatem

2129 1951 2390 2020 legoriattt
2426 1962 2664 2021 captem,
2697 1954 2799 2008 boc
2833 1968 3052 2024 quoque
3095 1955 3394 2014 excutiam.
3434 1955 3609 2021 Quam
3639 1957 3710 2011 ob

2126 2057 2372 2105 causam,
2411 2057 2535 2096 eum
2566 2043 2794 2112 apostoli
2832 2044 2883 2096 in
2913 2045 3200 2100 ctenaculo
3228 2055 3435 2108 essent,
3476 2045 3710 2115 Spiritus

2126 2137 2192 2186 ad
2227 2149 2320 2188 eos
2369 2134 2619 2190 accessit.
2669 2133 2924 2190 Fortasse
2979 2145 3039 2190 ut
3079 2138 3426 2206 perspicuum
3465 2139 3578 2203 ﬁat,
3615 2155 3710 2194 eos

2125 2224 2218 2294 qui
2243 2223 2546 2292 spiritualia
2573 2224 2713 2278 dona
2743 2225 3018 2295 accepturi
3043 2234 3190 2292 sunt,
3225 2242 3392 2297 supra
3421 2245 3506 2284 res
3535 2239 3709 2285 terre-

2127 2331 2224 2368 nas
2244 2315 2415 2370 attolli
2475 2316 2676 2371 debere
2729 2333 2746 2372 :
2793 2317 3234 2388 quandoquidem
3281 2321 3447 2374 etiam
3509 2321 3709 2374 divinis

2127 2410 2284 2478 aquis
2313 2409 2595 2464 cmnacula
2629 2409 2877 2478 quzedam
2905 2419 3180 2480 teguntur.
3207 2413 3295 2468 Ait
3323 2415 3466 2469 enim
3502 2415 3706 2471 David:

2128 2499 2232 2565 Qui
2262 2501 2390 2569 tegis
2431 2500 2583 2570 aquis
2610 2501 2884 2555 caenaculo
2909 2501 3024 2570 ejus
3042 2503 3106 2557 ⁸³.
3150 2501 3271 2569 Quo
3303 2504 3424 2559 loco
3453 2521 3546 2574 per
3591 2520 3710 2559 ete-

2127 2593 2344 2654 nacula,
2372 2593 2622 2646 homines
2671 2593 2890 2648 sublimi
2923 2605 2977 2648 et
3002 2596 3217 2650 excelsa
3257 2608 3436 2650 mente
3496 2597 3702 2664 praediti

2127 2683 2426 2752 signiﬁcari
2458 2687 2671 2752 possint
2701 2702 2718 2742 :
2756 2701 2853 2756 per
2885 2701 3057 2756 aquas
3091 2697 3268 2742 autem
3319 2704 3412 2744 eos
3441 2698 3700 2758 tegentes,

2126 2773 2385 2844 angelicas
2438 2784 2760 2844 potestates.
2807 2774 2910 2832 Per
2944 2793 3080 2846 quas
3121 2794 3292 2850 aquas
3323 2779 3462 2836 Deus
3487 2795 3706 2850 quoque

2129 2869 2379 2924 laudibus
2429 2870 2779 2927 celebratur:
2851 2871 3093 2927 Laudote
3127 2874 3270 2928 enim
3321 2890 3460 2941 eum,
3510 2876 3706 2945 inquit,

2126 2959 2242 3012 (teli
2266 2960 2536 3025 oculorum,
2563 2970 2612 3014 et
2646 2977 2797 3030 aqute
2832 2978 2951 3032 quae
2976 2978 3132 3032 super
3157 2963 3314 3018 calas
3361 2975 3484 3020 sunt
3507 2965 3574 3022 “.
3611 2967 3709 3020 Λι-

2127 3066 2234 3119 que
2267 3052 2382 3119 ipse
2399 3051 2565 3106 etiam
2601 3051 2852 3109 Christus
2878 3053 2932 3107 in
2968 3057 3255 3110 caenaculo
3285 3057 3566 3128 mysticam
3595 3072 3710 3112 em-

447 3140 630 3201 babct,
663 3139 803 3192 νι-ιυι
861 3139 1000 3207 ignis
1056 3138 1164 3202 ille,
1223 3137 1290 3191 de
1337 3152 1446 3206 quo
1496 3137 1748 3193 Christus
1804 3138 2095 3236 aiebat":C
2132 3155 2257 3193 nam
2283 3140 2570 3210 discipulis
2604 3141 2864 3208 impertit,
2890 3157 3012 3196 cum
3062 3143 3174 3212 jam
3224 3144 3590 3201 divinioribus
3646 3161 3710 3200 ac

445 3228 630 3297 Ignem
659 3231 774 3284 veni
827 3231 1033 3283 mittere
1092 3230 1148 3282 in
1177 3237 1371 3282 terram
1396 3229 1459 3283 ".
1496 3227 1594 3284 llic
1623 3239 1804 3284 autem
1861 3231 2025 3286 absu-

447 3325 658 3377 tnendte
689 3324 954 3386 materiae,
989 3321 1308 3390 vitiosaeque
1348 3321 1584 3376 actionis
1611 3331 1664 3375 et
1691 3321 2026 3377 habitudinis

448 3419 756 3473 facultatem
785 3417 967 3479 habet,
999 3430 1160 3484 quem
1187 3416 1346 3468 etiam
1372 3413 1776 3483 quamprimum
1802 3413 2024 3468 accendi

445 3510 618 3580 cupit,
669 3509 773 3562 hoc
821 3515 925 3571 est,
981 3506 1346 3576 evangelicam
1402 3504 1872 3575 praedicationem,
1905 3519 2028 3573 quae

447 3603 588 3670 ignis
609 3601 782 3654 instar
809 3599 1144 3654 credentium
1174 3607 1394 3668 peccata
1428 3605 1621 3667 purgat
1649 3605 1810 3666 atque
1827 3595 2023 3652 abolet.

447 3692 706 3749 Fortasse
735 3693 898 3748 etiam
950 3701 1168 3761 prepter
1206 3691 1525 3746 essentiam.
1575 3689 1850 3759 Scriptum
1879 3690 2026 3745 enim

445 3789 675 3842 habetur
744 3787 797 3841 in
858 3785 1273 3841 Deuterouomio
1321 3803 1335 3838 :
1386 3783 1642 3838 Dominus
1710 3784 1847 3838 Deus
1907 3793 2026 3839 tnus

445 3883 580 3951 ignis
606 3896 911 3934 consumens
940 3889 1040 3946 est,
1064 3878 1198 3932 Deus
1216 3876 1653 3931 armutator"““.
1683 3876 1828 3944 Ignis
1862 3875 2028 3945 igitur

446 3975 665 4027 nomine
700 3971 794 4027 Dei
826 3971 1120 4026 essentiam
1149 3969 1490 4038 intelligitur,
1539 3983 1647 4022 non
1698 3968 1841 4036 quod
1886 3967 2027 4037 ignis

446 4067 537 4131 sit,
576 4080 762 4118 verum
800 4063 1091 4132 allegorica
1124 4061 1357 4124 ratione,
1390 4060 1514 4128 quia
1547 4059 1595 4112 vi
1627 4075 1725 4115 sua
1750 4059 2030 4114 consumit

443 4167 608 4224 atque
647 4153 849 4215 abolet,
888 4167 952 4206 ac
985 4151 1122 4204 mira
1152 4148 1491 4204 vehementia
1523 4147 1652 4213 agit.
1685 4146 1828 4202 Deus
1857 4146 2026 4209 enim,

378 4311 385 4317 _
445 4258 506 4300 ut
539 4246 700 4314 iustis
727 4245 814 4297 lux
847 4254 950 4308 est,
972 4243 1046 4295 ita
1077 4239 1457 4309 peccatoribus
1489 4237 1648 4307 ignis.
1689 4235 1891 4291 Eodem
1929 4237 2028 4306 igi-

445 4351 535 4392 tur
599 4339 762 4392 modo
820 4335 1060 4402 Spiritus
1110 4347 1328 4402 quoque
1382 4332 1523 4402 ignis
1570 4329 1790 4391 dicitur,
1840 4338 2030 4398 utpote

448 4431 611 4492 Deus,
644 4429 708 4482 ad
737 4427 1169 4496 exprimendam,
1210 4425 1266 4479 ni
1314 4423 1495 4487 fallor,
1531 4423 1652 4492 ejus
1685 4436 1809 4474 cum
1865 4420 2028 4473 Patre

442 4532 495 4575 et
525 4519 664 4574 Filio
702 4518 1020 4572 substantia:
1048 4515 1430 4584 aequalitatem,
1485 4513 1860 4581 disrumpatur
1902 4511 2029 4565 licet

447 4614 755 4676 haereticus,
777 4620 939 4681 atque
966 4609 1020 4663 in
1053 4619 1346 4680 angustum
1367 4614 1666 4674 prematur,
1689 4603 1817 4669 quia
1845 4602 2020 4671 Spiri-

446 4718 556 4760 tum
598 4713 845 4760 sanctum
903 4700 1046 4755 Patri
1079 4712 1132 4756 et
1154 4700 1293 4755 Filio
1339 4695 1861 4752 consubstantialem
1903 4710 2023 4750 esse

445 4795 826 4852 concludimus
842 4802 1136 4862 aperteque
1166 4789 1483 4859 probamus.
1529 4784 1662 4838 Nam
1725 4800 1848 4839 cum
1883 4785 2024 4841 Deus

447 4888 589 4958 ignis
622 4888 712 4950 sit,
746 4887 889 4956 ignis
931 4893 1116 4939 autem
1142 4881 1376 4950 Spiritus
1403 4893 1622 4948 quoque
1657 4878 1749 4941 sit,
1775 4877 2025 4947 profecto

445 4998 567 5036 cum
589 4981 832 5050 ejusdem
857 4979 930 5032 sit
957 4973 1274 5030 substantiae
1303 4987 1426 5026 cum
1452 4969 1588 5046 Deo,
1621 4968 1789 5023 Deum
1808 4985 2024 5040 quoque

446 5075 623 5144 ipsum
659 5088 781 5128 esse
825 5069 1110 5140 perspicue
1169 5074 1403 5122 constat.
1453 5063 1564 5118 Cur
1609 5072 1789 5117 autem
1827 5063 2023 5130 lingute

444 5164 861 5220 dividebantur?
883 5163 1018 5227 Quia
1051 5160 1280 5215 diversae
1298 5167 1351 5212 et
1377 5156 1706 5225 multiplices
1736 5163 1864 5209 sunt
1900 5154 2022 5223 Spi-

447 5259 586 5314 ritus
619 5259 826 5327 gratize.
859 5257 1035 5324 Atque
1062 5253 1156 5307 alii
1182 5250 1400 5321 quidem
1429 5251 1592 5303 datur
1645 5247 1870 5316 spiritus
1931 5261 2022 5300 sa-

447 5351 682 5422 pientiae,
705 5349 796 5404 alii
831 5357 1011 5402 autem
1039 5345 1264 5414 spiritus
1295 5341 1556 5401 scientiae,
1576 5339 1666 5392 alii
1691 5349 1868 5391 autem
1901 5352 2028 5405 pro-

447 5443 662 5513 phetim,
708 5441 796 5495 alii
823 5451 1020 5510 genera
1045 5437 1375 5505 linguarum,
1417 5430 1508 5485 alii
1563 5428 1707 5482 aliud
1746 5428 2018 5482 ouoddam

1141 5642 1183 5673 "
1209 5639 1363 5694 ltom.
1401 5654 1520 5700 vttt,
1539 5638 1589 5689 9.

519 5651 562 5681 "
588 5649 707 5702 Act.
741 5663 816 5710 tt,
844 5647 869 5698 i
907 5658 1060 5712 seqq.
1141 5647 1183 5673 "
1209 5647 1363 5694 ltom.
1401 5647 1589 5700 vttt,tt.
1672 5647 1742 5686 “i

533 5717 583 5762 '7-
685 5719 731 5749 ³ο
760 5716 903 5762 Ιιςιιι-
928 5713 1187 5762 LXXIX.9.
1265 5710 1306 5741 ³¹
1332 5707 1474 5762 l’sal.
1505 5722 1612 5760 M’ll
1658 5706 1742 5759 H.

449 5719 506 5784 4,
533 5717 584 5772 7.
685 5719 731 5749 ’°
757 5716 904 5774 Psal.
928 5713 1187 5784 LXXIX,9.

451 5778 561 5854 sit,
601 5787 666 5854 l;
698 5786 810 5842 Luc
862 5801 937 5853 tv,
982 5783 1071 5838 18.
1169 5782 1217 5815 ³⁸
1246 5778 1350 5835 lsa.
1390 5794 1480 5845 ιιι,
1510 5778 1565 5831 9..

1672 5636 1713 5665 ¹⁶
1739 5633 1870 5687 Lttc.
1904 5649 1998 5700 xtl,
2023 5633 2111 5689 ‘9.

1820 5706 1864 5735 "
1898 5705 2094 5758 Ezecb.
2117 5717 2171 5764 χ,
2207 5702 2294 5758 18.

1642 5777 1686 5808 ³⁷
1714 5773 1946 5832 Ζιιοὶιιιν.
2013 5790 2099 5842 III,
2150 5773 2204 5828 9.

2127 3229 2544 3300 perfectioribus
2568 3231 2946 3287 imbuerentur
2971 3243 3134 3302 atque
3159 3235 3593 3290 institueremur.
3625 3234 3708 3301 Et,

2127 3331 2308 3379 utuno
2326 3325 2490 3379 verbo
2509 3323 2709 3388 dicam.
2733 3339 2827 3394 per
2857 3325 3004 3378 illutn
3025 3324 3416 3395 discipulorttm
3442 3328 3496 3382 in
3531 3342 3716 3382 creua-

2126 3419 2309 3471 culum
2358 3431 2646 3472 ascensum
2685 3419 2788 3472 boc
2829 3417 3113 3482 docemur,
3149 3434 3373 3474 necesse
3407 3435 3550 3486 esse,
3583 3437 3714 3490 par-

2127 3510 2222 3564 tim
2263 3518 2322 3563 ut
2363 3509 2504 3564 Deus
2531 3511 2842 3574 descendat,
2893 3510 3152 3564 nimirum
3187 3525 3282 3580 per
3322 3512 3709 3582 benignitatem

2126 3601 2446 3671 fastigiique
2475 3600 2558 3654 sui
2581 3600 3040 3666 submissionem;
3073 3602 3272 3669 partim
3298 3610 3358 3654 ut
3390 3602 3488 3670 ipsi
3522 3617 3716 3656 ascen-

2128 3695 2340 3756 damus,
2405 3707 2501 3763 per
2572 3699 2916 3747 terrenarum
2983 3705 3168 3746 rerum
3233 3691 3714 3762 contemptionem,

2127 3783 2388 3854 permista
2420 3781 2680 3836 nimirum
2723 3781 2906 3834 divina
2961 3780 3320 3849 amplitudine
3351 3795 3474 3836 cum
3511 3781 3716 3836 vilitate

2127 3880 2314 3928 nostra
2347 3887 2361 3926 :
2397 3869 2858 3940 quemadmodum
2895 3870 2950 3924 in
2978 3869 3127 3926 Mose
3150 3886 3370 3939 quoque
3395 3879 3554 3925 antea
3587 3887 3716 3926 usu-

2128 3966 2298 4019 venit.
2329 3961 2465 4017 Nam
2503 3970 2558 4017 et
2604 3962 2722 4032 ipse
2769 3961 2825 4015 in
2879 3970 3115 4015 montem
3175 3961 3306 4015 Sina
3341 3963 3585 4017 ascendit
3617 3982 3629 4016 :
3662 3973 3715 4019 et

2129 4053 2274 4110 Deus
2319 4052 2599 4108 descendit
2630 4068 2646 4107 :
2697 4061 2860 4123 atque
2905 4052 2976 4106 ita
3011 4055 3348 4108 consortium
3381 4055 3574 4109 initum
3609 4067 3713 4122 est,

2129 4163 2196 4203 ac
2242 4145 2572 4216 Decalogum
2613 4145 2841 4214 accepit.
2899 4143 3115 4214 Alioqui
3147 4145 3193 4200 si
3233 4145 3377 4201 Deus
3405 4146 3461 4200 in
3496 4145 3714 4216 fastigio

2129 4253 2231 4294 suo
2261 4247 2500 4303 maneat,
2522 4251 2587 4292 ac
2603 4250 2705 4292 nos
2728 4237 2779 4290 in
2808 4236 3114 4292 humilitate
3134 4246 3343 4303 nostra,
3376 4236 3466 4290 Dei
3499 4237 3715 4293 bonitas

2129 4331 2282 4384 nullo
2310 4329 2476 4384 modo
2509 4329 2669 4384 nobis
2695 4328 2918 4384 misceri
2948 4343 3014 4383 ac
3053 4330 3449 4384 communicari
3489 4331 3713 4398 peterit.

2130 4421 2320 4493 Neque
2361 4422 2513 4476 dives
2544 4422 2635 4476 ille
2661 4437 2690 4475 a
2718 4418 2950 4487 Lazaro,
2980 4429 3034 4475 et
3063 4421 3131 4475 ab
3159 4422 3464 4490 expetendo
3483 4423 3716 4476 Abrahae

2058 4507 2278 4577 Dsinu,
2326 4523 2478 4569 tanto
2517 4514 2663 4568 hiatu
2719 4513 3006 4582 interiecto
3045 4513 3435 4577 dirimebatur,
3484 4524 3544 4568 ut
3588 4530 3716 4582 pro-

2123 4617 2304 4662 creata
2329 4616 2514 4662 nostra
2545 4617 2760 4666 natura,
2794 4614 2848 4660 et
2873 4603 3099 4676 proinde
3117 4605 3512 4674 corruptibilis,
3537 4607 3605 4659 ab
3630 4607 3716 4660 in-

2124 4708 2307 4754 ereata
2335 4707 2530 4752 natura
2559 4713 2623 4753 ac
2649 4706 2938 4768 propterea
2977 4695 3413 4766 incorruptibili,
3447 4698 3714 4767 dirempta

2123 4787 2422 4858 dissitaque
2450 4788 2735 4843 videbitur.

2197 4881 2314 4936 Col.
2343 4881 2447 4934 446
2479 4879 2542 4935 C.
2562 4879 2660 4935 Hic
2687 4898 2720 4934 a
2743 4881 3005 4949 prophetis
3025 4881 3236 4950 quidem
3264 4881 3582 4950 prtedicatus
3613 4891 3714 4943 est.

2129 4983 2236 5029 etc.
2257 4974 2353 5028 llic
2368 4972 2839 5043 Spiritussanctus
2852 4989 2878 5025 a
2895 4973 3175 5042 prephetis
3195 4973 3519 5040 [medicatus
3535 4982 3639 5032 est.
3657 4983 3716 5027 ut

2129 5063 2461 5131 eumilsaias
2501 5063 2552 5115 itt
2583 5062 2788 5116 Christi
2823 5077 3054 5130 persona
3084 5062 3198 5116 ait:
3232 5061 3464 5131 Spiritus
3505 5061 3714 5116 Domini

2128 5168 2285 5218 super
2303 5168 2382 5205 me
2409 5151 2482 5217 ²⁸;
2505 5161 2556 5205 et
2575 5166 2768 5206 rursus
2785 5152 2852 5205 de
2868 5150 3056 5205 eodem
3082 5151 3312 5221 loquens
3331 5169 3345 5204 :
3370 5150 3712 5220 Requiescent

2131 5258 2292 5312 super
2327 5259 2445 5297 eum
2472 5251 2668 5310 septem
2691 5243 2912 5311 spiritus
2969 5243 3035 5308 ³⁸,
3066 5243 3170 5297 hoc
3192 5253 3298 5306 est,
3333 5243 3519 5309 gratia:
3544 5252 3599 5297 et
3630 5244 3713 5297 vi-

2129 5351 2218 5390 res
2233 5345 2285 5389 et
2309 5335 2578 5397 actiones,
2596 5350 2734 5403 quas
2762 5343 2968 5403 septem
2995 5333 3186 5388 oculos
3210 5330 3502 5387 Zacharias
3534 5333 3713 5388 nomi-

2130 5427 2280 5483 navit
2303 5429 2368 5478 ".
2413 5425 2626 5481 Dictqu
2659 5436 2742 5480 est
2775 5426 2998 5497 insuper
3044 5426 3111 5479 de
3152 5423 3355 5479 Judaeis
3389 5443 3402 5479 :
3433 5425 3714 5479 Descendit

2190 5631 2308 5663 ⁸⁷⁸⁸⁸
2334 5630 2489 5686 Deut.
2531 5647 2604 5698 tv,
2626 5632 2731 5696 ‘24;
2766 5629 2942 5687 Exod.
2972 5643 3154 5690 xxxw,
3186 5627 3265 5682 14.
3347 5630 3389 5660 ¹⁹
3417 5630 3434 5682 Ι
3459 5628 3586 5684 Cor.
3614 5645 3710 5696 vn,

2371 5703 2418 5736 "
2452 5701 2598 5758 Psal.
2629 5717 2746 5768 cm,
2777 5702 2832 5758 5.
2906 5700 2954 5732 ¹⁶
2979 5699 3118 5758 Psal.
3148 5713 3370 5762 csum,
3392 5699 3446 5754 4.
3524 5701 3568 5731 ⁸⁸
3603 5698 3706 5757 lsa.
