4116 6434
387 430 408 490 1
427 430 520 492 473

1369 423 1685 487 NICETAS
1725 423 1806 484 ΙΝ
1838 421 2058 482 ORAT.
2101 419 2285 484 XLIV
2325 420 2384 481 S.
2425 418 2650 480 GREG.

3504 417 3642 481 1474

388 546 622 615 Spiritus
669 543 901 608 Domini,
951 551 999 596 ct
1030 543 1244 596 deduxit
1305 558 1391 597 eos
1420 543 1485 594 ’3.
1545 543 1622 596 Ac
1666 556 1858 595 rursus
1913 539 1966 591 in
2003 545 2041 599 Λ
2073 545 2125 589 et
2169 537 2590 605 scparationem.
2642 534 2819 605 Atque
2872 534 3078 590 idcirco
3122 534 3175 590 in
3232 534 3448 590 inferno
3482 551 3641 590 nemo

386 639 551 693 Exodi
579 637 716 690 libro
742 636 1003 706 scriptum
1039 645 1124 689 cst
1165 652 1180 688 :
1219 633 1460 704 Implevit
1491 633 1724 704 Spiritus
1747 632 1956 686 divinus

389 729 615 784 Beseleel
665 728 926 798 sapientia
982 738 1030 781 et
1059 728 1332 782 industria
1383 737 1432 782 et
1477 729 1696 781 scientia
1727 726 1794 778 ".
1829 725 1961 779 Erat

397 831 580 876 autem
619 821 882 884 Beseleel,
910 820 1244 874 tabernaculi
1273 820 1408 874 Mosi
1451 821 1504 873 in
1538 827 1722 872 monte
1754 816 1961 872 ostensi

387 909 740 961 architectus.
788 907 955 960 lsaias
1006 921 1218 971 rursus,
1267 905 1484 960 Judreos
1518 917 1807 968 accusans,
1836 902 1959 955 ait:

392 997 502 1068 Ipsi
533 1007 865 1051 contumaces
885 998 1117 1066 fuerunt,
1153 1013 1216 1050 ac
1241 995 1502 1066 Spiritum
1535 1005 1773 1048 sanctum
1796 984 1961 1062 ipsius

389 1087 457 1142 ad
488 1089 627 1140 iram
659 1098 1089 1156 provolaverunt.
1125 1087 1187 1140 Et
1215 1103 1490 1140 conversus
1515 1097 1588 1140 est
1620 1087 1747 1155 ipsis
1776 1087 1830 1139 in
1863 1086 1964 1139 ini-

387 1181 647 1233 micitiam
677 1179 745 1231 ³⁸.
772 1177 942 1233 Porro
970 1179 1197 1232 historia
1243 1178 1372 1232 Elia:
1401 1178 1541 1232 libro
1571 1178 1730 1231 tertio
1756 1175 1962 1246 Regum

389 1267 601 1338 prodita
654 1280 757 1331 eat,
797 1269 890 1322 ubi
925 1267 1148 1322 disertis
1181 1267 1362 1322 verbis
1400 1268 1630 1321 habetur
1671 1286 1684 1320 :
1737 1265 1964 1335 Spiritus

391 1376 506 1412 eum
543 1359 730 1412 extulit
757 1360 823 1424 “;
864 1374 931 1414 ex
958 1375 1067 1429 quo
1090 1359 1140 1412 id
1174 1360 1336 1413 datur
1383 1360 1629 1430 intelligi,
1660 1360 1804 1428 quod
1825 1358 1964 1413 divi-

394 1465 498 1504 nus
529 1449 772 1519 Spiritus
805 1450 1090 1502 hominum
1115 1449 1370 1517 Opinione
1399 1449 1602 1518 majora
1621 1450 1675 1501 in
1701 1463 1767 1501 eo
1796 1456 1969 1516 patra-

397 1541 504 1592 bat.
543 1540 740 1594 Eodem
768 1540 907 1592 libro
938 1538 1114 1594 ΕΗεωί
1147 1554 1363 1608 quoque
1400 1538 1695 1608 postulatio
1725 1539 1970 1591 contine-

395 1639 504 1684 tur.
563 1628 708 1684 Dixit
739 1629 908 1693 enim,
968 1629 1165 1698 inquit,
1213 1627 1440 1682 Elisacus
1493 1629 1558 1682 ad
1593 1627 1764 1681 Eliam
1799 1626 1970 1680 :lt'iat

395 1722 649 1792 Spiritus,
675 1724 762 1792 qui
790 1724 844 1774 in
883 1731 933 1776 te
971 1733 1071 1786 est,
1095 1721 1290 1788 duplex
1312 1722 1367 1774 in
1397 1736 1476 1774 me
1507 1720 1574 1774 ”.
1626 1719 1759 1785 Qua:
1787 1730 1968 1772 autem

395 1826 720 1882 sequuntur,
754 1832 784 1870 e
808 1815 1038 1870 Psalmis
1075 1817 1243 1884 petita
1285 1823 1431 1868 sunt.
1464 1813 1552 1867 Ait
1580 1813 1726 1867 enim
1761 1810 1966 1866 David:

394 1903 629 1972 Spiritus
655 1918 775 1961 tuus
798 1907 963 1961 bonus
988 1907 1210 1960 deducet
1236 1922 1317 1960 me
1345 1907 1397 1960 in
1425 1907 1563 1960 viam
1593 1913 1789 1958 rectam
1810 1903 1878 1958 ³³.
1907 1902 1972 1958 Ει
2006 1889 2045 1946 Β

397 1999 506 2052 alio
536 2000 690 2053 loco:
719 1997 788 2052 Et
814 2000 1004 2062 spiritu
1030 1999 1314 2068 principali
1341 1999 1596 2066 conﬁrma
1622 2013 1702 2050 me
1731 1997 1795 2051 “.

469 2089 924 2148 lbid.Promissus
963 2102 1140 2146 autem
1172 2101 1270 2157 est,
1319 2093 1466 2160 prius
1498 2089 1702 2160 quidem
1738 2106 1770 2142 a
1802 2086 1971 2152 Joele,

396 2197 499 2239 etc.
527 2184 618 2238 Sic
643 2199 671 2238 a
711 2185 989 2254 prophetis
1046 2183 1284 2254 Spiritus
1323 2183 1652 2253 praedicatus
1697 2192 1799 2244 est,
1848 2196 1976 2248 pro-

398 2276 601 2330 missus
651 2278 872 2345 quidem
937 2289 1098 2330 antea
1124 2291 1154 2330 a
1181 2273 1396 2329 Joele"
1430 2281 1546 2344 (per
1596 2275 1772 2344 ipsum
1829 2275 1975 2329 enim

401 2369 542 2422 Deus
571 2369 839 2438 pollicitus
861 2378 946 2423 est
977 2368 1113 2433 fore,
1149 2379 1210 2423 ut
1228 2369 1466 2439 seipsum
1489 2367 1788 2424 equnderet
1815 2383 1978 2438 super

397 2475 614 2515 omnem
650 2476 893 2516 carnem.
935 2463 1005 2515 At
1047 2459 1356 2531 Theologus
1390 2460 1682 2515 dictionem
1705 2461 1846 2514 banc
1879 2475 1977 2514 ex-

397 2569 626 2622 ponens,
664 2569 771 2607 non
799 2553 1121 2623 simpliciter
1164 2552 1574 2621 intelligendam
1608 2561 1793 2606 censet
1838 2553 1976 2605 hanc

398 2642 722 2697 effusionem
763 2657 925 2711 super
959 2657 1176 2696 omnem
1213 2656 1458 2705 carnem,
1517 2656 1702 2695 verum
1745 2642 1798 2693 in
1856 2656 1975 2695 cre-

400 2736 638 2788 dentem.
687 2734 822 2789 Nam
854 2735 944 2804 qui
974 2736 1062 2805 pia
1091 2735 1195 2789 ﬁde
1241 2736 1308 2788 ad
1357 2734 1633 2790 Christum
1673 2737 1974 2798 accedunt,

401 2827 663 2896 Spiritum
690 2828 1018 2896 percipiunt,
1075 2841 1184 2882 non
1228 2837 1406 2882 autem
1455 2827 1762 2895 increduli).
1795 2827 1976 2880 Poste-

400 2920 518 2974 rius
539 2929 721 2974 autem
757 2937 785 2974 a
813 2919 1034 2974 Christo
1065 2923 1370 2990 promissus
1392 2930 1514 2975 est:
1549 2919 1766 2990 Rogabo
1816 2923 1974 2984 enim,

407 3012 608 3080 inquit,
634 3011 872 3077 Patrem,
901 3024 948 3065 et
979 3013 1145 3066 alium
1180 3012 1514 3066 Paracletum
1541 3011 1681 3065 dabit
1717 3011 1884 3074 vobis,
1920 3019 1976 3063 ut

400 3113 614 3156 maneat
655 3103 917 3166 vobiscum
965 3105 1022 3157 in
1050 3114 1301 3159 wternum
1327 3105 1394 3158 “.
1433 3103 1779 3158 Gloriﬁcatur
1813 3116 1978 3172 porro

401 3193 654 3251 Christus
685 3211 715 3248 a
746 3196 949 3266 Spiritu
989 3212 1230 3267 eumque
1261 3197 1504 3250 vicissim
1552 3193 1841 3265 gloriﬁcat.
1904 3195 1980 3248 Ac

403 3289 735 3357 glorificatur
780 3290 1021 3357 quidem,
1076 3290 1233 3358 juxta
1273 3289 1327 3342 id
1365 3288 1508 3357 quod
1560 3290 1634 3341 ait
1665 3286 1921 3340 Christus
1958 3303 1973 3340 :

403 3378 508 3434 Ille
551 3395 629 3432 me
687 3380 1006 3448 clari/icabit
1032 3380 1096 3433 ³⁷.
1160 3380 1414 3436 Vicissim
1469 3389 1649 3434 autem
1703 3375 1980 3446 Spiritum

403 3472 692 3540 glorilirat,
720 3486 843 3525 cum
869 3486 991 3524 eum
1021 3471 1296 3539 praedicat,
1331 3481 1496 3539 atque
1525 3471 1625 3522 hoc
1661 3469 1727 3522 de
1747 3483 1814 3522 eo
1854 3483 1982 3537 pro-

405 3565 510 3618 fert
565 3563 975 3618 testimonium:
1034 3561 1202 3618 Omne
1256 3574 1526 3630 peccatum
1559 3569 1624 3614 ‘et
1662 3560 1985 3629 blasphemia

406 3657 698 3708 remittetur
723 3653 1053 3720 hominibus;
1081 3652 1474 3721 atblaspltemia
1493 3654 1548 3704 in
1569 3651 1825 3718 Spiritum
1854 3667 1982 3704 san-

405 3757 544 3800 ctum
586 3763 688 3800 non
723 3747 1020 3800 remittetur
1041 3745 1105 3799 ³⁸.
1161 3744 1630 3809 Quemadmodum
1683 3753 1736 3795 et
1766 3742 1983 3796 Patrem

405 3839 658 3893 Christus
696 3837 962 3908 glorificat
986 3837 1071 3892 his
1102 3837 1283 3892 verbis
1329 3854 1344 3892 :
1376 3835 1486 3904 Ego
1514 3844 1563 3889 te
1607 3834 1901 3906 gluri/icavi
1929 3837 1986 3888 in

409 3939 553 3983 terra
587 3931 632 3962 ³³
667 3948 679 3984 :
723 3945 787 3984 ac
823 3945 1015 3983 rursus
1063 3929 1131 3982 ab
1178 3929 1296 3998 ipso
1342 3927 1504 3982 Patre
1536 3927 1865 3997 glorificatur
1897 3926 1985 3981 di-

406 4031 561 4075 cente
587 4037 601 4073 :
638 4019 704 4073 Et
735 4019 1024 4087 clariﬁcavi
1058 4029 1130 4088 te,
1161 4029 1222 4090 et.
1252 4023 1446 4075 iterum
1474 4021 1777 4089 clari/icabo
1803 4022 1866 4073 "'.
1907 4022 1987 4076 Ac

407 4114 550 4176 vide,
579 4127 743 4180 quam
802 4112 1058 4181 0pulenta
1081 4151 1097 4175 ,
1123 4127 1286 4180 quam
1310 4113 1552 4182 profusa,
1585 4123 1636 4168 et
1664 4112 1882 4182 copiosa
1913 4113 1986 4167 sit

407 4203 709 4258 Salvatoris
735 4203 1071 4272 pollicitatio.
1105 4203 1366 4258 Promisit
1410 4209 1556 4258 enim
1588 4204 1723 4272 fore,
1775 4214 1835 4258 ut
1868 4205 1989 4274 Spi-

409 4297 549 4351 ritus
587 4307 812 4351 sanctus
854 4297 907 4350 in
965 4307 1229 4350 aeternum
1259 4311 1388 4351 cum
1425 4295 1558 4366 ipsis
1583 4309 1827 4353 maneret
1858 4315 1874 4354 :
1921 4296 1988 4352 Ut

407 4398 642 4454 maneat,
685 4387 864 4458 inquit
895 4427 910 4452 ,
949 4387 1215 4441 uobiscum
1241 4387 1295 4439 in
1331 4396 1606 4441 internum.
1645 4385 1990 4442 Permanebit

409 4491 613 4548 autem,
642 4482 758 4537 sive
793 4481 846 4535 in
878 4481 1133 4549 prtesenti
1159 4482 1268 4534 vita
1297 4496 1420 4535 cum
1457 4481 1522 4534 iis
1552 4481 1645 4550 qui
1686 4481 1753 4536 ad
1780 4491 1990 4551 tempus

2061 636 2144 681 est
2191 628 2284 696 qui
2324 626 2434 681 Deo
2451 627 2778 681 conﬁteatur
2805 626 3131 696 laudemque
3165 633 3443 682 contexat.
3464 627 3648 695 Neque

2063 716 2210 771 enim
2263 732 2506 787 praesens
2541 717 2648 770 illis
2688 716 2926 785 Spiritus
2961 717 3227 769 auxilium
3281 719 3520 785 atl‘nlgct.

2139 806 2258 860 Col.
2291 805 2392 858 M7
2423 806 2488 858 A.
2525 803 2627 858 llic
2655 808 2886 874 Spiritus
2914 815 2961 858 et
2993 822 3110 858 cum
3139 804 3303 870 Filio,
3336 819 3440 863 etc.
3474 811 3650 880 Spiri-

2067 908 2152 953 tus
2186 909 2404 953 sanctus
2434 898 2488 951 in
2529 897 2796 967 principio
2827 914 3004 952 rerum
3035 902 3368 953 creationem
3397 918 3520 954 cum
3555 904 3648 956 Fi-

2065 990 2137 1043 lio
2165 990 2462 1043 fabricatus
2497 1001 2604 1051 est,
2636 991 3094 1058 quemadmodum
3117 992 3194 1045 ait
3231 994 3394 1046 David
3437 1011 3450 1047 :
3485 994 3651 1049 Verbo

2066 1081 2283 1133 Domini
2323 1079 2440 1133 εωιί
2469 1080 2671 1148 ﬁrmati
2711 1091 2859 1148 sunt,
2899 1091 2947 1135 et
2974 1081 3178 1148 Spiritu
3206 1085 3312 1137 oris
3344 1085 3456 1153 ejus
3480 1089 3648 1140 omnis

2066 1176 2231 1228 t'irtus
2262 1190 2441 1227 eorum
2465 1173 2532 1226 “.
2571 1172 2836 1239 Quocirca
2868 1176 2968 1228 hoc
2997 1176 3136 1239 loco,
3171 1192 3270 1231 nec
3291 1192 3387 1245 per
3423 1178 3648 1232 verbum

2069 1265 2213 1320 aeris
2239 1266 2533 1335 impressio
2550 1266 2909 1336 significatur,
2947 1279 3066 1336 qum
3100 1282 3195 1335 per
3216 1268 3420 1322 vocalia
3447 1283 3652 1338 organa

2068 1357 2310 1421 eflertur,
2344 1373 2444 1412 nec
2480 1373 2576 1427 per
2627 1359 2876 1427 spiritum
2919 1361 3028 1412 oris
3083 1374 3289 1428 vapor,
3339 1361 3430 1430 qui
3486 1361 3555 1414 ab
3586 1361 3654 1416 iis

2075 1451 2346 1516 partibus,
2407 1450 2608 1520 quibus
2677 1453 3034 1520 respiramus,
3089 1451 3652 1508 extruditur:vernm

2072 1540 2175 1593 hoc
2215 1537 2451 1594 Verbum
2491 1541 2671 1595 vivum
2709 1549 2792 1596 est
2819 1551 2874 1596 et
2914 1544 3243 1609 subsistens,
3294 1544 3428 1598 illud
3493 1545 3656 1598 nimi-

2071 1647 2217 1696 rum,
2243 1635 2387 1701 quod
2416 1635 2469 1686 in
2504 1634 2774 1704 principio
2819 1644 2936 1689 erat
2993 1639 3132 1706 apud
3167 1637 3360 1702 Deum,
3427 1649 3480 1691 et
3514 1638 3656 1691 Deus

2071 1735 2209 1778 erat.
2236 1726 2416 1795 Atque
2451 1727 2634 1780 itidem
2655 1728 2878 1796 spiritus
2917 1729 3029 1783 oris
3057 1729 3150 1783 Dei
3179 1771 3193 1792 ,
3238 1728 3472 1798 Spiritus
3512 1729 3656 1782 veri-

2074 1815 2199 1870 tatis
2240 1827 2344 1880 est,
2380 1817 2527 1886 quia
2559 1817 2718 1872 Patre
2744 1819 3010 1887 procedit.
3042 1819 3166 1872 Tria
3197 1820 3377 1889 itaque
3410 1819 3656 1873 animad-

2075 1917 2245 1972 verte,
2295 1906 2509 1963 Patrem
2571 1911 2950 1979 imperautem,
3005 1910 3200 1965 Filium
3280 1912 3656 1976 fabricantem,

2075 1999 2343 2068 Spiritum
2386 2001 2997 2056 sanctumﬁrmantem
3035 2012 3089 2056 et
3116 2003 3452 2056 fulcientem.
3511 2000 3656 2055 Nihil

2075 2104 2240 2160 porro
2280 2091 2429 2145 aliud
2460 2101 2543 2147 est
2592 2092 2850 2160 ﬁrmatio,
2913 2109 3075 2162 quam
3121 2093 3384 2163 perfectio
3429 2109 3658 2164 ea,qua:

2075 2181 2510 2237 sanctiﬁcatione
2545 2195 2908 2253 comparatur,
2941 2199 3006 2239 ac
3039 2185 3270 2241 ﬁrmitas
3309 2196 3363 2240 et
3400 2195 3658 2242 constan-

2077 2273 2153 2328 tia
2223 2273 2278 2326 in
2312 2274 2477 2328 bono.
2523 2275 2894 2332 Sanctiﬁcatio
2945 2293 3070 2333 vero
3111 2280 3228 2333 sine
3271 2279 3472 2348 Spiritu
3511 2279 3658 2332 nulla

2077 2374 2181 2419 est.
2207 2365 2396 2436 Neque
2419 2366 2566 2420 enim
2604 2376 2796 2422 natura
2825 2371 3078 2424 caelestes
3103 2371 3208 2424 illa:
3238 2373 3474 2424 ctbeata:
3504 2386 3659 2424 men-

2079 2468 2159 2514 tes
2187 2467 2388 2516 sancta:
2421 2470 2550 2515 sunt
2586 2483 2600 2516 :
2631 2476 2819 2517 verum
2877 2464 3115 2518 essentia
3157 2465 3399 2532 ipsarum
3466 2480 3661 2519 aereus

2077 2549 2310 2605 fortasse
2357 2552 2586 2621 spiritus
2645 2563 2746 2620 est,
2796 2565 2890 2606 aut
2932 2554 3072 2622 ignis
3130 2556 3371 2609 materia:
3420 2572 3658 2626 expers:

2078 2641 2442 2696 sanctiﬁcatio
2491 2655 2695 2710 autem,
2749 2659 2868 2712 qua:
2901 2645 2968 2698 ab
3016 2647 3253 2698 essentia
3281 2655 3506 2701 externa
3554 2657 3662 2710 est,

2075 2733 2466 2800 perfectionem
2500 2733 2632 2800 ipsis
2681 2748 2784 2802 per
2813 2734 3049 2803 Spiritus
3077 2738 3250 2791 sancti
3295 2741 3658 2793 communica-

2081 2823 2282 2877 tionem
2317 2823 2550 2879 inducit.
2585 2825 2767 2894 lgnem
2789 2835 2970 2878 autem
3019 2827 3246 2879 materia
3271 2837 3544 2882 carentem
3571 2829 3657 2882 di-

2079 2915 2174 2979 cit,
2228 2915 2386 2984 quasi
2426 2916 2724 2970 tethereum
2752 2954 2768 2980 ,
2801 2916 2896 2986 qui
2956 2917 3024 2970 ad
3069 2917 3429 2972 differentiam
3492 2922 3664 2976 nostri

2081 3007 2225 3077 ignis
2258 3007 2634 3064 immaterialis
2674 3009 2898 3062 dicitur.
2934 3008 3038 3064 Hic
3085 3010 3230 3064 enim
3266 3010 3511 3075 inferior,
3542 3013 3662 3069 abs-

2085 3115 2194 3168 que
2257 3101 2506 3162 materia,
2541 3113 2641 3156 nec
2682 3113 2905 3153 manere
2941 3109 3138 3170 potest,
3191 3117 3292 3156 nec
3336 3103 3662 3158 subsistere.

2004 3221 2050 3284 α
2087 3195 2278 3248 Vivum
2329 3210 2460 3265 ergo
2504 3193 2744 3249 Verbum
2779 3194 2907 3248 illud
2939 3204 3040 3257 est,
3067 3195 3121 3248 in
3167 3211 3277 3265 quo
3317 3197 3440 3250 coeli
3496 3197 3664 3250 creati

2083 3295 2251 3351 sunt;
2291 3286 2399 3340 vita
2428 3295 2638 3354 autem,
2683 3285 2923 3356 Spiritus
2947 3287 3036 3342 ille
3077 3296 3181 3352 est,
3210 3302 3239 3341 a
3279 3303 3388 3356 quo
3417 3289 3665 3344 caelestes

2083 3377 2311 3432 virtutes
2364 3377 2628 3433 absolutae
2677 3393 2741 3434 ac
2786 3378 3042 3449 perfecta:
3073 3386 3222 3432 sunt.
3274 3377 3460 3447 Neque
3519 3377 3663 3432 enim

2090 3466 2247 3524 Verbi
2275 3471 2713 3539 pronuntiatione
2743 3483 2888 3526 creat
2944 3466 3119 3537 Deus;
3173 3487 3272 3527 nec
3313 3472 3538 3541 spiritus
3574 3487 3665 3528 ae-

2086 3561 2164 3615 rei
2201 3560 2519 3630 prolusione
2547 3564 2670 3619 cceli
2709 3573 2981 3619 ornantur
3011 3581 3024 3617 :
3062 3579 3249 3619 verum
3283 3562 3517 3634 Spiritus
3544 3565 3666 3620 viva

2087 3655 2350 3724 putentia,
2376 3658 2637 3711 etdivina
2681 3668 2902 3722 natura,
2945 3658 3109 3712 simu‘l
3159 3673 3281 3712 cum
3331 3660 3453 3714 vivo
3487 3656 3666 3713 Verbo

2087 3755 2368 3800 creaturas
2382 3747 2581 3812 cﬂecit,
2614 3748 3074 3816 quemadmodum
3099 3763 3163 3802 ex
3185 3749 3382 3802 Davide
3410 3749 3666 3804 dicimus.

2087 3834 2231 3902 Quin
2273 3837 2436 3890 etiam
2472 3835 2574 3891 Job
2605 3838 2843 3907 quodatn
2894 3837 3018 3891 loco
3057 3840 3139 3893 sic
3175 3839 3415 3907 loquitur
3448 3856 3461 3892 :
3498 3837 3667 3907 Spiri-

2090 3939 2174 3982 tus
2199 3929 2431 3993 diuinus,
2476 3932 2564 3999 qui
2628 3929 2750 3998 fecit
2791 3945 2874 3983 me
2895 3927 2962 3994 “,
2995 3939 3159 3998 atque
3207 3932 3279 3984 ita
3329 3933 3664 3997 procreatio-

2088 4034 2211 4072 nem
2249 4021 2332 4073 sui
2361 4017 2590 4088 Spiritui
2615 4027 2802 4073 sancto
2831 4019 3112 4074 adscribit.
3138 4017 3249 4075 Nec
3269 4035 3334 4075 eo
3350 4031 3664 4088 contentus,

2088 4126 2200 4166 suae
2221 4126 2438 4180 quoque
2469 4112 2748 4182 sapientiae
2777 4103 3011 4184 gratiam
3057 4113 3234 4168 eidem
3289 4115 3557 4185 assignat,
3603 4131 3669 4173 ac

2089 4207 2406 4274 magiStrum
2434 4219 2556 4259 eum
2585 4207 2831 4274 agnoscit
2861 4207 3048 4261 dicens
3076 4223 3090 4259 :
3123 4203 3316 4260 Flatus
3338 4215 3514 4260 autem
3553 4225 3669 4262 om-

2090 4297 2367 4365 nipotentis
2411 4298 2501 4366 qui
2537 4297 2687 4350 docet
2749 4297 2920 4352 me".
2970 4297 3124 4364 Quod
3183 4299 3308 4353 huic
3358 4302 3670 4370 evangelico

2095 4389 2239 4444 dicto
2284 4389 2576 4457 respondet
2605 4406 2619 4442 :
2659 4387 2782 4443 Non
2813 4390 2950 4442 enim
2977 4405 3065 4444 vos
3088 4392 3236 4454 estis,
3259 4392 3348 4460 qui
3365 4391 3667 4462 loquimini,

2092 4481 2183 4535 sed
2224 4479 2459 4550 Spiritus
2489 4481 2676 4535 Patris
2709 4483 2889 4545 vestri,
2925 4483 3018 4551 qui
3064 4483 3294 4552 laquitur
3325 4486 3381 4538 in
3424 4487 3570 4541 vobis
3599 4488 3668 4543 “.

409 4575 560 4642 digni
591 4573 959 4639 invenientur,
999 4571 1115 4626 sive
1164 4571 1218 4625 in
1246 4571 1431 4626 futuro
1461 4585 1578 4626 aevo
1605 4586 1730 4627 cum
1782 4572 1988 4642 justis:
2019 4559 2066 4620 Ι)
2094 4573 2172 4627 Ad
2207 4575 2321 4627 hac
2356 4571 2594 4643 Spiritus
2636 4583 2858 4629 sanctus
2887 4589 3234 4630 communem
3286 4577 3530 4631 omnium
3567 4594 3670 4632 no-

409 4667 457 4720 si
492 4666 710 4735 quidem
747 4664 803 4718 in
840 4665 941 4718 hac
973 4662 1080 4716 vita
1111 4663 1377 4732 integrum
1421 4663 1599 4732 ipsum
1624 4666 1983 4730 servaverint,

409 4771 476 4811 ac
508 4772 615 4809 non
672 4754 939 4811 hactenus
985 4753 1340 4823 perdiderint,
1383 4764 1658 4824 quatenus
1710 4755 1764 4808 in
1791 4755 1983 4810 vitium

411 4848 548 4917 lapsi
573 4847 794 4902 fuerint.
843 4844 1105 4911 Quamvis
1157 4845 1300 4899 enim
1350 4843 1584 4915 Spiritus
1623 4854 1846 4901 sanctus
1895 4848 1984 4913 iis,

413 4949 599 5008 utpote
629 4939 891 5006 indignis,
923 4953 1268 5007 nequaquam
1303 4939 1570 4993 admistus
1594 4940 1685 5000 sit,
1722 4949 1898 4993 tamen
1931 4941 1983 4993 in

414 5033 517 5086 hoc
546 5031 747 5086 sazculo
792 5031 1044 5099 baptismi
1097 5046 1240 5100 aqua
1295 5031 1530 5100 perfusis
1581 5033 1985 5101 quodammodo

413 5128 605 5179 adesse
632 5123 869 5186 videtur,
893 5122 1123 5176 salutem
1159 5123 1402 5191 ipsorum
1435 5138 1530 5192 per
1555 5123 1982 5192 resipiscentiam

414 5225 761 5284 exspectans.
798 5213 868 5268 At
908 5214 961 5266 in
988 5213 1176 5268 futuro
1208 5229 1323 5268 εενο
1348 5217 1416 5268 ab
1444 5215 1593 5268 omni
1633 5216 1836 5278 anima,
1865 5229 1986 5283 quae

416 5310 588 5376 ipsius
621 5305 850 5374 gratiam
887 5301 1278 5372 prolanaverit,
1325 5307 1692 5361 abscindetur.
1725 5305 1818 5361 Illa
1843 5307 1987 5361 enim

417 5399 609 5459 sectio,
651 5397 719 5450 de
745 5411 851 5466 qua
883 5395 937 5448 in
977 5395 1270 5465 Evangelio
1312 5397 1372 5452 ﬁt
1403 5400 1628 5464 mentio,
1676 5399 1813 5452 nihil
1844 5399 1990 5452 aliud

419 5487 708 5557 signiﬁcat,
749 5500 910 5554 quam
959 5485 1326 5540 omnimodam
1355 5503 1386 5542 a
1418 5487 1621 5557 Spiritu
1651 5489 1988 5544 aversionem

2089 4675 2264 4720 strum
2298 4668 2750 4722 resurrectionem
2776 4667 2941 4721 simul
2971 4682 3094 4721 cum
3127 4667 3346 4722 Christo
3370 4669 3594 4722 molitur
3615 4679 3668 4724 ct

2086 4757 2254 4812 efﬁcit
2282 4797 2296 4822 ,
2335 4758 2794 4825 quemadmodum
2819 4759 3107 4811 confirmat
3135 4756 3303 4811 David
3336 4758 3421 4814 his
3451 4761 3666 4814 verbis:

2093 4845 2321 4901 Emitte:
2352 4847 2614 4916 Spiritum
2643 4861 2813 4911 tuum,
2859 4857 2907 4902 et
2937 4850 3272 4914 creabantur,
3303 4860 3352 4903 et
3400 4853 3668 4905 renovabis

2087 4940 2273 4998 {aciem
2311 4938 2541 4993 terrae".
2563 4939 2771 4994 Etenim
2801 4940 3036 5009 Spiritus
3062 4949 3303 5008 sanctus,
3337 4957 3424 4998 res
3458 4953 3670 4998 creatas

2093 5030 2160 5084 ad
2206 5029 2664 5084 immortalitatem
2715 5040 2958 5085 renovat.
3004 5031 3107 5085 Per
3128 5031 3667 5088 emissionemautem

2095 5121 2333 5192 Spiritus
2357 5159 2373 5187 ,
2425 5120 2595 5175 David
2623 5122 2742 5191 ejus
2767 5121 2833 5175 ad
2868 5121 3140 5192 agendum
3180 5123 3564 5179 demissionem
3589 5126 3672 5178 in-

2096 5213 2306 5284 telligit,
2340 5227 2450 5267 non
2477 5214 2642 5268 eloco
2671 5213 2741 5268 ad
2771 5214 2949 5268 totum
2983 5217 3363 5285 migrationem
3388 5231 3406 5271 :
3438 5215 3671 5285 Spiritus

2095 5308 2230 5360 enim
2269 5305 2484 5359 Domini
2518 5305 2730 5374 replevit
2751 5306 2927 5359 orbem
2959 5315 3223 5360 terrarum
3242 5308 3310 5361 “.
3341 5307 3482 5373 Quin
3507 5310 3670 5363 etiam

2099 5395 2336 5467 Spiritus
2369 5406 2592 5452 sanctus
2626 5397 2964 5466 spiritualem
3026 5413 3122 5469 per
3166 5399 3493 5469 baptismum
3521 5414 3658 5469 rege-

2100 5491 2434 5544 nerationem
2454 5487 2644 5544 efﬁcit.
2675 5488 2846 5559 Hujus
2871 5490 2948 5545 rei
2977 5492 3197 5546 minime
3219 5489 3452 5544 mendax
3479 5491 3570 5545 ille
3593 5502 3667 5546 te-

491 5680 537 5765 ξξ
580 5680 684 5765 l_sa.
714 5698 861 5765 xxxi,
885 5683 957 5765 4;
991 5687 1060 5765 ’ξ’
1082 5687 1269 5765 Exod.
1298 5689 1529 5765 xxxt,_2.
1606 5689 1650 5722 ³ο
1675 5691 1778 5746 lsa.
1816 5705 1970 5756 Lsm,

2078 5733 2089 5746 .
2165 5690 2294 5746 "1V
2333 5700 2472 5763 Reg.
2502 5711 2559 5762 ll,
2591 5694 2708 5765 iti._
2756 5696 2800 5726 ⁸¹
2836 5695 2943 5750 ibid
2967 5737 2980 5762 ,
3006 5697 3062 5752 9.
3140 5697 3185 5731 ³³
3210 5698 3544 5765 Psal.cxt.n,
3579 5699 3670 5754 10.

422 5750 470 5784 ³⁸
491 5749 630 5804 Psal.
656 5767 715 5816 ι,
751 5749 855 5809 Μτ.⁷
916 5757 958 5787 ³⁵
980 5754 1094 5810 Joel
1124 5759 1290 5820 ".26.

1384 5756 1609 5828 "dealt.
1641 5778 1752 5828 xw,
1782 5763 1865 5816 16.

423 5821 468 5852 ⁸ο
487 5822 640 5875 toan.
668 5839 764 5878 xu.
863 5826 905 5856 ⁶¹
930 5825 1075 5880 Psai.
1103 5843 1274 5893 xxxu,
1303 5828 1355 5883 li.

1433 5826 1475 5858 “
1494 5828 1595 5884 Job
1622 5826 1816 5898 xxxiii,
1841 5832 1893 5885 4.

1978 5763 2020 5793 ³⁷
2046 5762 2203 5816 Joan.
2238 5779 2349 5828 xw,
2391 5762 2476 5821 14.

2000 5833 2044 5864 ⁵³
2077 5835 2207 5888 ibid.
2283 5836 2328 5865 “
2351 5837 2536 5892 Matth.
2566 5852 2619 5904 x,
2643 5837 2732 5891 20.
2808 5837 3013 5894 "Psal.
3039 5839 3260 5905 cm,30.
3338 5840 3383 5871 “
3413 5838 3542 5908 Sap.
3563 5833 3671 5906 i,7.

2573 5767 2618 5797 ³⁸
2663 5763 2852 5821 Matth.
2875 5783 2968 5832 xtl,
3010 5768 3091 5822 51.
3167 5769 3212 5801 ⁸⁸
3253 5767 3409 5823 Joan.
3448 5763 3576 5835 XVll,
3619 5773 3670 5823 4.
