4116 6410
485 397 627 462 1475

1905 399 2287 462 ΑΟΒΕΝΒΑ.

3611 404 3755 469 Ῑίῖϐ

484 511 586 566 stis
621 520 726 576 est,
760 510 853 581 qui
890 509 1086 565 minaci
1141 508 1244 566 hoc
1287 524 1542 565 sermone
1601 524 1735 565 usus
1769 521 1855 565 est
1893 527 1909 564 :
1955 510 2060 564 nisi
2092 517 2135 571 Α
2169 526 2276 576 ros,
2310 510 2359 565 id
2380 522 2486 577 est,
2520 512 2756 567 fructum
2792 514 2949 579 mori,
2996 524 3051 569 et
3080 514 3385 570 comedere.
3414 515 3542 582 Quae
3571 527 3754 569 autem

485 604 598 671 .juis
631 618 849 669 superne
883 617 1037 655 natus
1068 600 1248 669 fuerit,
1286 618 1389 654 non
1435 611 1605 670 potest
1642 603 1813 656 cidere
1849 618 2067 672 regnum

487 692 578 745 Dei
611 693 678 748 ⁸⁷.
712 694 897 763 Neque
923 695 1065 747 enim
1092 694 1382 762 quisquam
1432 694 1654 749 etuleste
1700 678 1930 765 regnum
1978 710 2068 749 ac-

485 794 737 852 cepturus
768 794 870 848 est,
904 785 1008 839 nisi
1056 802 1085 838 a
1118 786 1282 854 priori
1332 796 1386 839 et
1416 786 1619 840 carnali
1670 787 2066 854 procreatione,

484 891 599 943 qua:
628 884 795 929 noctu
833 885 996 943 atque
1029 876 1081 929 in
1126 877 1360 931 tenebris
1403 878 1617 931 initium
1664 878 1884 946 accipit,
1923 878 2071 947 puri-

483 966 674 1019 licatus
706 965 886 1018 fuerit.
921 964 1114 1035 (Noctu
1173 968 1316 1019 enim
1354 978 1414 1021 ut
1457 968 1753 1037 plurimum
1791 968 2069 1024 Venereus

482 1070 806 1124 congressus
836 1066 887 1110 et
918 1059 1145 1111 seminis
1174 1059 1368 1127 ejectio
1390 1060 1703 1129 contingit.)
1761 1061 1823 1112 Et
1845 1062 2065 1130 quidem

482 1146 551 1199 ab
571 1146 673 1199 hac
702 1148 923 1201 sordida
947 1158 1002 1202 et
1022 1149 1257 1203 obscena
1288 1162 1448 1220 atque
1474 1150 1770 1220 caliginosa
1794 1153 2070 1208 creatione

481 1238 672 1291 lucida:
705 1237 1031 1306 diurnteque
1075 1239 1222 1294 illius
1255 1242 1624 1309 generationis
1661 1257 1829 1310 opera
1872 1243 2069 1297 lustra-

481 1342 568 1382 tus
605 1326 791 1394 fuerit,
830 1330 989 1398 cujus
1031 1331 1361 1384 mentionem
1407 1332 1538 1386 facit
1578 1332 1747 1386 David
1798 1335 1869 1388 de
1903 1334 2069 1403 justis

481 1427 712 1489 loquens
748 1437 764 1473 :
803 1419 901 1475 Die
955 1420 1336 1489 formabuntur
1370 1422 1437 1485 ⁸⁸,
1499 1424 1551 1478 id
1598 1434 1703 1489 est,
1754 1424 1808 1478 in
1868 1425 2071 1481 lumine

481 1512 659 1564 sancti
695 1511 957 1580 Spiritus.
988 1514 1169 1567 Porro
1199 1515 1396 1568 diurna
1432 1517 1577 1570 ﬁctio
1603 1525 1659 1570 et
1699 1517 1929 1580 creatio,
1958 1532 2070 1572 non

483 1601 652 1655 modo
684 1603 1156 1669 regenerationem
1187 1618 1330 1669 eam,
1359 1621 1525 1674 quam
1558 1607 1862 1675 baptismus
1888 1607 2064 1669 aﬁ'ert,

478 1691 771 1761 signiﬁcat,
800 1695 892 1747 sed
924 1696 1089 1748 etiam
1116 1697 1492 1765 purgationem
1520 1698 1693 1760 illam,
1731 1714 1853 1767 quae
1901 1700 2069 1753 virtu-

378 1814 383 1819 -
479 1785 624 1840 tibus
651 1795 1022 1855 comparatur.
1046 1789 1224 1857 Atque
1254 1798 1543 1859 utramque
1595 1790 1788 1844 harum
1832 1791 2067 1845 creatio-

2173 597 2240 651 de
2263 597 2595 667 presbyteris
2614 610 3008 654 commemorat
3045 602 3097 654 in
3132 601 3366 657 Danielis
3391 603 3530 656 libro
3555 607 3755 672 scripta

2173 696 2334 741 sunt:
2365 687 2477 755 (55)
2506 699 2670 757 atque
2692 690 3118 755 adolescentem,
3140 704 3196 746 et
3218 695 3431 755 animo,
3453 703 3505 746 et
3523 709 3755 762 corpore

2173 776 2477 844 elegantem
2503 780 2814 850 Theologus
2843 780 3124 837 Dauielem
3157 785 3429 846 nominat,
3475 785 3568 852 qui
3629 797 3755 839 ante

2174 867 2415 921 adultam
2488 880 2698 924 mtatem
2765 872 2913 941 (nam
2957 882 3070 925 tum
3132 874 3518 928 duodecimum
3579 876 3756 929 aetatis

2171 974 2376 1014 annum
2399 962 2611 1030 agebat)
2629 962 2792 1031 judex
2812 964 3254 1034 presbyterorum
3281 966 3443 1020 sedit.
3463 964 3554 1019 Bis
3575 980 3757 1019 autem

2173 1052 2227 1105 in
2258 1053 2438 1106 lacum
2477 1054 2698 1108 leonum
2735 1057 2975 1123 injectus
3005 1067 3088 1110 est
3117 1056 3326 1121 Daniel,
3361 1057 3515 1125 prius
3535 1056 3757 1127 quidem

2173 1143 2275 1197 sub
2302 1144 2487 1206 Dario,
2519 1146 2781 1214 quoniam
2816 1148 3085 1201 caanaculi
3145 1146 3405 1202 fenestris
3455 1163 3485 1201 e
3540 1148 3761 1216 regione

2170 1233 2477 1290 Jerusalem
2534 1239 2762 1307 apertis,
2831 1238 3111 1295 orationes
3161 1241 3229 1294 ad
3294 1238 3465 1295 Deum
3522 1239 3760 1297 fundens

2172 1328 2430 1384 iuventus
2472 1328 2651 1385 fuerat
2684 1348 2696 1383 :
2734 1346 2861 1386 eum
2890 1333 3075 1386 edicto
3104 1332 3321 1401 publico
3354 1331 3755 1400 promulgatum

2171 1429 2339 1482 esset,
2381 1420 2636 1488 quisquis
2662 1421 2801 1474 intra
2843 1423 3183 1477 tricesimum
3224 1423 3392 1487 diem,
3433 1423 3517 1476 vel
3548 1422 3617 1475 ab
3657 1422 3757 1476 ho-

2172 1510 2340 1576 mine,
2378 1513 2461 1564 vel
2506 1526 2536 1565 a
2572 1510 2704 1575 Deo,
2760 1522 3125 1582 praeterquam
3163 1529 3192 1567 a
3255 1529 3398 1582 rege,
3461 1513 3755 1582 quisquam

2171 1601 2523 1669 postulasset,
2585 1616 2712 1655 eum
2769 1601 2825 1655 in
2876 1601 3053 1656 lacum
3088 1602 3306 1655 leonum
3350 1600 3607 1668 injectum
3664 1598 3755 1655 iri.

2172 1687 2455 1746 Posterius
2491 1690 2594 1744 sub
2624 1690 2783 1761 Cyro,
2820 1704 2943 1744 cum
2988 1688 3131 1742 Belis
3162 1698 3397 1741 statuam
3450 1686 3670 1746 evertit,
3703 1691 3760 1735 et

2171 1783 2487 1845 draconem,
2538 1783 2630 1851 qui
2667 1797 2880 1836 summa
2914 1780 3177 1850 religione
3206 1794 3238 1833 a
3271 1776 3586 1848 Babyloniis
3606 1775 3759 1830 cole-

480 1893 609 1931 Itum
639 1878 741 1932 sibi
768 1849 867 1947 ipsi
898 1849 1333 1950 quisque-ﬁngit,
1367 1849 1470 1936 hoc
1499 1890 1604 1947 est,
1639 1892 1833 1952 suopte
1867 1898 2069 1954 propo-
2096 1849 2145 1909 Β
2176 1874 2359 1939 batur,
2414 1849 2695 1929 interemit
2727 1891 2742 1929 :
2779 1887 2890 1943 quo
2954 1849 3120 1927 etiam
3176 1881 3419 1939 tempore
3477 1866 3756 1931 llabacnc,

479 1971 584 2025 sito
628 1971 909 2042 animique
936 1972 1232 2028 voluntate.
1262 1973 1397 2028 Nam
1439 1983 1495 2029 et
1544 1977 1801 2045 baptismi
1852 1991 2074 2046 regene-

480 2066 623 2119 ratio
660 2065 849 2127 libera,
876 2066 1115 2133 ejus,qui
1140 2067 1467 2136 baptizatur,
1497 2068 1798 2134 voluntate,
1847 2084 1910 2124 ac
1932 2072 2070 2125 citra

479 2157 586 2211 vim
606 2158 881 2227 peragitur
910 2155 984 2229 (et
1006 2167 1293 2227 prepterea
1314 2167 1520 2229 patres,
1542 2172 1636 2214 aut
1651 2161 1854 2230 alioqui
1879 2161 2072 2215 al'tlncs

477 2260 532 2304 et
556 2253 875 2315 necessarii,
913 2251 1207 2307 infantium
1240 2253 1365 2309 loco
1405 2254 1843 2324 interrOgantur)
1872 2264 1927 2309 et
1954 2267 2068 2308 mo-

481 2356 600 2394 rum
629 2341 918 2397 instructio
946 2342 1132 2397 itidem
1158 2344 1468 2398 voluntaria
1486 2353 1590 2398 est.
1623 2343 1878 2398 Fortasse
1904 2344 2068 2399 etiam

480 2433 624 2500 quod
658 2431 755 2494 ait,
781 2447 875 2498 per
903 2447 1035 2494 sese,
1074 2448 1181 2487 non
1215 2435 1393 2487 solum
1425 2434 1529 2487 hoc
1547 2433 1837 2504 signiﬁcat,
1863 2447 2071 2489 utrun-

478 2540 588 2592 que
619 2540 730 2578 retn
786 2539 816 2578 a
881 2525 1052 2580 libera
1093 2525 1372 2579 voluntate
1399 2524 1669 2595 proﬁcisci
1708 2543 1721 2579 :
1758 2525 1852 2580 sed
1902 2526 2068 2578 etiam

478 2610 625 2684 quod
663 2626 856 2670 neutra
918 2617 1111 2670 harum
1152 2631 1455 2686 congressu
1511 2616 1622 2669 ullo
1665 2624 1719 2670 et
1775 2630 2066 2686 corporum

479 2706 871 2776 conjunctione
906 2707 1147 2776 indigeat
1174 2747 1189 2769 ,
1222 2706 1685 2776 quemadmodum
1708 2706 1762 2759 in
1798 2705 2068 2776 corporali

480 2798 855 2869 procreatione
883 2799 1175 2868 contingit.

551 2887 697 2943 Ibid.
738 2886 839 2939 llic
869 2886 1123 2955 Spiritus,
1156 2896 1339 2956 utpote
1366 2886 1818 2956 sapientissimus,
1850 2893 1954 2942 etc.
1980 2886 2070 2941 Ait

477 2981 717 3049 quodam
752 2982 868 3034 loco
898 2977 1161 3035 Salomon
1199 2997 1213 3033 :
1260 2978 1552 3033 Hominum
1583 2996 1773 3033 manus
1805 2979 2066 3047 Spiritus,

474 3071 738 3139 sapientia
765 3070 835 3123 “.
882 3069 995 3123 lloc
1032 3071 1198 3141 igitur
1238 3086 1334 3139 per
1370 3072 1731 3140 paraphrasin
1782 3072 2065 3140 explicans

478 3162 811 3233 ‘l‘heologus,
853 3160 1117 3233 Spiritum
1143 3171 1395 3219 sanctum
1430 3178 1537 3219 non
1558 3164 1721 3219 modo
1766 3165 2058 3234 sapientis-
2088 3196 2133 3253 ο

477 3254 700 3320 simum,
738 3256 834 3310 sed
891 3256 1056 3310 etiam
1108 3256 1174 3311 ad
1215 3256 1483 3313 beneﬁcia
1517 3258 1693 3313 danda
1718 3259 2064 3328 promptissi-

481 3364 627 3402 mum
686 3364 814 3404 esse
866 3350 1018 3407 dicit.
1065 3350 1243 3416 Atque
1280 3358 1340 3402 ut
1392 3350 1569 3419 ipsius
1628 3352 1950 3421 sapientiam
2011 3362 2067 3408 et

478 3441 867 3510 benignitatem
893 3439 1171 3509 praedicet,
1202 3440 1445 3496 ostendit
1460 3455 1574 3510 quo
1603 3443 1762 3496 modo
1791 3456 2061 3512 pastorem

482 3539 537 3585 ct
588 3533 918 3600 caprarium,
975 3541 1031 3584 et
1068 3532 1496 3597 adolescentem,
1549 3544 1601 3588 et
1642 3536 1965 3603 piscatores,
2009 3546 2064 3590 et

478 3622 819 3692 publicanos,
849 3633 902 3677 et
920 3633 1316 3692 persecutores,
1345 3635 1531 3694 atque,
1558 3635 1617 3679 ut
1647 3641 1755 3680 uno
1785 3628 1951 3681 verbo
1981 3627 2065 3681 di-

482 3727 626 3773 cam,
671 3728 767 3767 eos
800 3715 892 3781 qui
926 3724 1145 3783 propter
1193 3714 1478 3779 vilitatem,
1523 3725 1615 3771 aut
1648 3716 1810 3770 etiam
1847 3731 2061 3771 tuorum

479 3804 906 3873 improbitatem,
962 3805 1173 3876 indigni
1210 3805 1384 3862 videri
1428 3818 1698 3876 poterant,
1733 3808 1923 3875 gratiis
1949 3810 2066 3862 suis

480 3899 785 3949 ornaverit.
850 3891 1129 3955 Caeterum
1177 3897 1404 3966 Spiritui
1469 3909 1668 3953 sancto
1750 3899 2062 3969 hujusmodi

479 3985 780 4063 privilegia
814 3986 1065 4055 privatim
1108 3989 1373 4053 attribuit,
1451 3990 1580 4058 quia
1628 3990 1868 4059 Spiritus
1920 3992 2063 4046 dona

478 4086 627 4132 Sunt.
654 4077 730 4130 Ac
758 4076 1018 4132 Davidem
1061 4079 1282 4147 quidem
1321 4092 1591 4150 pastorem
1649 4084 1880 4149 vocavit,
1925 4100 2063 4153 quo-

482 4170 627 4223 niam
674 4170 814 4224 Deus
844 4185 909 4224 ex
936 4171 1119 4225 ovium
1154 4172 1411 4241 gregibus
1429 4183 1483 4227 et
1517 4177 1783 4231 armentis
1814 4190 1935 4229 eum
1968 4191 2064 4231 ac-

481 4259 648 4327 cepit,
686 4255 1114 4328 Judaeorumque
1157 4276 1325 4331 regno
1376 4262 1665 4331 praefecit:
1695 4265 2060 4319 citharoedum

479 4362 687 4415 autem,
712 4361 772 4403 ut
812 4350 1022 4404 cithara
1068 4352 1411 4419 psallentem,
1442 4368 1781 4423 pravumque
1813 4356 2063 4426 spiritum

477 4451 532 4496 et
552 4443 878 4505 «immunem,
912 4443 1004 4510 qui
1041 4442 1259 4496 Saulent
1289 4444 1637 4512 praefocabat,
1666 4448 2061 4514 incantantem,

2175 1966 2371 2036 capitis
2405 1966 2525 2032 ejus
2561 1966 2764 2019 vertice
2792 1965 2862 2019 ab
2892 1963 3084 2034 angelo
3105 1973 3349 2031 arrepto,
3374 1959 3633 2016 sublimis
3663 1975 3759 2028 per

2174 2073 2358 2113 aerem
2403 2073 2434 2112 a
2488 2056 2660 2112 Judea
2692 2057 2746 2110 in
2808 2056 3137 2126 Babylonem
3205 2055 3493 2123 prandium
3549 2051 3756 2106 Danieli

2174 2152 2438 2222 portavit,
2465 2151 2763 2219 statimque
2792 2147 2995 2203 Judatae
3030 2147 3316 2201 restitutus
3340 2153 3447 2201 est.
3483 2142 3755 2198 Hactenus

2172 2244 2243 2298 de
2284 2241 2526 2297 Daniele.
2568 2240 2726 2296 Nunc
2778 2240 2845 2294 ad
2878 2248 3085 2293 textum
3123 2237 3454 2292 redeamus:
3512 2234 3755 2306 Spiritus

2172 2342 2420 2398 sanctus,
2481 2333 2679 2403 inquit,
2721 2332 2767 2386 si
2817 2331 3118 2401 piscatores
3170 2330 3463 2393 invenerit,
3524 2327 3758 2383 Domino

2173 2426 2322 2495 ipstis
2344 2426 2685 2493 expiscatur,
2725 2432 2785 2477 ut
2819 2436 3013 2477 rursus
3051 2421 3152 2491 ipsi
3183 2420 3458 2476 sermonis
3516 2420 3752 2484 retibus,

2171 2516 2226 2570 id
2255 2527 2361 2579 est,
2389 2517 2711 2586 evangelica
2761 2514 3177 2584 praedicatione,
3212 2529 3333 2584 qua:
3391 2512 3526 2567 retis
3577 2514 3754 2566 instar

2168 2625 2236 2666 ex
2275 2608 2453 2664 Veteri
2485 2623 2550 2663 ac
2572 2607 2724 2662 Novo
2749 2605 3105 2661 Testamento
3136 2613 3390 2661 contexta
3447 2613 3549 2668 est,
3589 2618 3753 2656 mun-

2169 2705 2302 2758 dum
2343 2701 2660 2757 universum
2692 2700 2993 2771 piscemur.
3030 2698 3148 2753 Jam
3208 2711 3341 2752 vero
3377 2694 3641 2751 Jacobum
3694 2701 3751 2747 et
3838 2692 3848 2701 '

2169 2795 2436 2852 Joannem
2465 2794 2722 2849 Christus
2749 2791 3025 2860 Bauerges
3045 2788 3369 2854 nominavit,
3398 2789 3449 2842 id
3474 2797 3581 2852 est,
3610 2785 3750 2841 ﬁlios

2166 2888 2404 2943 tonitrui
2444 2888 2509 2941 ".
2541 2886 2711 2941 Porro
2753 2899 3098 2955 nequaquam
3126 2898 3158 2937 a
3187 2882 3368 2952 seipso
3401 2881 3492 2936 Dei
3524 2881 3748 2950 sapien-

2171 2983 2300 3037 tiam
2340 2988 2499 3036 norat
2551 2978 2817 3041 Joannes,
2842 2980 2938 3033 sed
2985 2991 3105 3032 eam
3135 2979 3339 3030 virtute
3397 2974 3633 3044 Spiritus
3666 2982 3749 3028 est

2168 3081 2459 3127 assecutus
2495 3109 2512 3135 ,
2579 3069 2672 3140 qui
2736 3068 2910 3139 ipsius
2973 3079 3165 3137 pectus
3248 3067 3528 3137 ingressus
3587 3065 3751 3120 theo-

2168 3162 2350 3232 logum
2450 3177 2576 3217 eum
2640 3161 2898 3217 reddidit.
2954 3159 3134 3216 Verba
3185 3161 3332 3215 enim
3398 3162 3470 3213 ita
3521 3157 3749 3228 grandia

2168 3254 2489 3324 prolocutus
2521 3261 2625 3315 est,
2664 3262 2726 3305 ut
2786 3252 2854 3307 ad
2904 3265 2964 3305 ea
3013 3252 3160 3306 nulla
3203 3251 3470 3320 sapientia
3509 3252 3753 3320 aspirare

2166 3357 2354 3416 queat.
2395 3346 2495 3402 ilic
2553 3346 2795 3415 Spiritus
2844 3353 3070 3400 sanctus
3113 3343 3330 3398 etiamsi
3390 3344 3746 3413 publicanum

2166 3439 2440 3507 acceperit
2497 3439 2544 3472 ⁵¹¹
2598 3439 2761 3492 modo
2846 3436 2949 3490 ﬁde
3015 3436 3324 3505 praeditum,
3386 3437 3564 3506 qualis
3627 3442 3752 3489 erat

2169 3531 2481 3591 Matthazus.
2517 3529 2913 3599 evangelistam
2963 3537 3138 3592 creat,
3177 3543 3278 3582 nec
3323 3528 3433 3598 jam
3482 3529 3748 3597 pecunia-

2169 3638 2316 3687 rum,
2345 3623 2437 3678 sed
2474 3622 2782 3676 animarum
2823 3622 3215 3689 negotiatorem
3248 3617 3438 3672 efﬁcit.
3472 3616 3528 3671 St
3559 3634 3748 3687 perse-

2167 3725 2415 3769 cutorem
2437 3714 2706 3768 invenerit
2725 3712 3136 3781 resipiscentem
3157 3711 3399 3779 gentium
3437 3712 3746 3780 apostolum

2168 3805 2365 3865 reddit.
2388 3804 2510 3858 lidei
2537 3817 2864 3872 praeconem,
2894 3817 2989 3856 vas
3019 3801 3306 3855 electionis
3344 3802 3391 3833 ⁸³
3423 3816 3485 3854 ac
3507 3800 3747 3870 denique

2166 3895 2396 3950 Paulum
2428 3910 2526 3964 pro
2566 3892 2757 3958 Saulo,
2791 3896 2895 3947 hoc
2923 3902 3028 3955 est,
3062 3907 3163 3960 pro
3183 3909 3248 3946 eo
3269 3894 3414 3961 quod
3444 3892 3743 3949 Ecclesium

2166 3988 2375 4057 agitare
2415 3996 2471 4041 et
2499 3999 2849 4039 commovere
2878 3985 3110 4048 solebat,
3162 3986 3406 4054 requiem
3458 3986 3558 4054 ipsi
3594 3996 3747 4040 trau-

2166 4080 2607 4151 quillitatemque
2640 4087 3050 4148 procurantem,
3101 4086 3324 4147 tamque
3380 4079 3448 4133 ad
3489 4080 3743 4148 pietatem

2167 4183 2351 4223 acrem
2384 4175 2440 4222 et
2498 4168 2820 4233 ferventem,
2866 4182 3034 4235 quam
3093 4168 3160 4221 ad
3201 4169 3390 4222 vitium
3439 4170 3741 4234 invenerat,

2166 4269 2331 4328 atque
2347 4268 2652 4330 acceperat.
2678 4258 2866 4314 Zetum
2884 4260 3054 4324 enim,
3074 4274 3184 4328 quo
3216 4260 3282 4315 ad
3309 4262 3743 4329 persecutionem

2168 4353 2564 4415 ierebatur,'ad
2608 4355 2861 4422 pietatem
2900 4356 3202 4410 transtulit.
3264 4354 3366 4410 Hic
3415 4367 3471 4411 et
3510 4357 3750 4415 lenitatis

2169 4458 2252 4501 est
2278 4446 2518 4515 Spiritus
2537 4446 2634 4519 (ait
2658 4449 2805 4502 enim
2839 4448 3038 4502 Paulus
3067 4449 3236 4511 deeo,
3254 4449 3347 4519 qui
3368 4463 3749 4521 pratoeupatus

477 4531 937 4600 quemadmodum
981 4531 1157 4600 primo
1217 4533 1355 4587 libro
1392 4534 1599 4604 Regum
1626 4538 1924 4605 {proditum
1957 4539 2051 4594 ha-
2088 4540 2134 4594 Ι)
2165 4548 2250 4592 est
2292 4540 2345 4592 in
2383 4540 2571 4608 aliquo
2618 4541 2821 4595 delicto
2858 4558 2872 4594 :
2926 4539 3046 4596 Vos.
3083 4541 3176 4610 qui
3232 4543 3541 4611 spirituates
3595 4546 3749 4609 estis,

475 4624 658 4678 betur.
689 4623 861 4678 Amos
890 4633 1072 4677 autem
1099 4624 1385 4692 caprarius
1415 4636 1555 4688 erat,
1602 4637 1661 4680 ut
1696 4628 1812 4695 ipse
1846 4644 2062 4701 quoque

476 4716 545 4769 de
598 4729 659 4768 se
690 4723 921 4769 testatur
952 4731 969 4768 :
1003 4712 1127 4768 Non
1170 4731 1340 4781 eram,
1391 4716 1589 4785 inquit,
1638 4719 1891 4788 propheta
1944 4736 2057 4791 ego,

477 4820 568 4857 nec
643 4803 788 4874 ﬁlius
841 4804 1129 4873 prop/tegas,
1182 4807 1274 4859 sed
1328 4809 1603 4875 caprarius
1688 4825 1836 4864 erant
1886 4828 2060 4867 moros

477 4893 699 4960 vellens,
757 4903 806 4948 et
833 4897 1057 4965 suscepit
1109 4914 1189 4950 me
1235 4897 1495 4953 Dominus
1524 4901 1594 4956 '°.
1638 4903 1841 4967 κνίζειν
1874 4913 2058 4961 autem

479 4986 645 5056 (quod
694 5003 877 5056 capere
920 4988 1183 5044 vertimus
1250 4990 1393 5045 idem
1456 5001 1537 5046 est
1574 4994 1722 5061 quod
1778 5010 2056 5051 mororum

476 5077 602 5130 l'olia
627 5079 945 5133 abscindere
961 5080 1028 5134 ad
1051 5096 1340 5151 caprarum
1370 5083 1710 5141 alimoniam.
1730 5085 1867 5141 Sunt
1884 5089 2050 5143 etiam

475 5168 568 5237 qui
598 5177 791 5237 putent
816 5171 920 5226 hoc
948 5172 1172 5227 verbum
1210 5176 1352 5229 idem
1383 5188 1525 5241 esse,
1549 5180 1691 5245 quod
1720 5166 2052 5250 perpurgare

476 5266 532 5313 et
554 5275 745 5314 curare
778 5262 1095 5331 hujusmodi
1118 5265 1344 5323 arbores
1364 5303 1381 5330 ,
1414 5266 1594 5320 cibum
1631 5271 1883 5337 gregibus
1918 5288 2054 5340 stip-

478 5352 807 5421 peditantes.
858 5353 1096 5423 Cyriltus
1142 5366 1319 5410 autem
1349 5344 1572 5427 exponit
1598 5361 1911 5417 abscindere
1942 5379 2053 5416 mo-

545 5508 590 5539 "
622 5507 780 5580 3’03“.
811 5526 898 5576 ιιι,
934 5511 988 5564 3.
1097 5508 1143 5543 ⁸⁸
1169 5511 1315 5567 Psal.
1341 5527 1607 5580 cum",
1649 5516 1734 5569 16.
1847 5519 1892 5550 δ’
1926 5518 1994 5572 sa

502 5595 578 5637 ts.
610 5579 664 5633 9.
741 5580 789 5612 ⁸³
827 5582 949 5635 Act.
984 5597 1061 5646 ιι,
1102 5581 1194 5638 l5.
1270 5582 1316 5614 “
1349 5581 1530 5637 Galat.
1563 5602 1639 5649 Vl,
1691 5588 1745 5641 i.

2004 5536 2055 5588 p.
2094 5535 2131 5585 I,
2157 5519 2211 5572 6.

1820 5588 1867 5619 "
1893 5588 2020 5644 Cor.
2058 5605 2133 5655 tv,
2165 5590 2257 5644 21.

2161 4632 2411 4686 instruite
2443 4632 2751 4701 Itujusmodi
2787 4634 3051 4687 hominem
3087 4636 3141 4687 in
3184 4632 3391 4702 Spiritu
3423 4635 3657 4690 lenitatis
3678 4638 3746 4692 “.

2162 4725 2226 4779 Et
2256 4741 2449 4779 rursus
2476 4743 2490 4780 :
2527 4726 2669 4789 Quid
2702 4725 2858 4780 uultis
2881 4728 2907 4781 3
2938 4727 2997 4778 in
3022 4727 3170 4793 virga
3198 4731 3405 4781 veniant
3437 4728 3508 4781 ad
3532 4744 3642 4791 vos,
3676 4745 3748 4781 an

2132 4860 2133 4863 η
2159 4817 2212 4870 in
2243 4816 2503 4869 cltaritate
2535 4829 2581 4869 et
2615 4814 2818 4885 Spiritu
2849 4816 3088 4870 lenitatis
3114 4817 3184 4882 ⁵⁸,
3217 4828 3272 4871 et
3300 4828 3478 4872 tamen
3518 4818 3570 4872 in
3627 4838 3746 4885 eos,

2161 4907 2252 4977 qui
2287 4914 2539 4976 peccant,
2579 4909 2886 4964 incitatur:
2948 4906 3063 4978 Ipsi
3096 4910 3264 4974 enim,
3313 4912 3515 4980 inquit,
3556 4909 3747 4979 Isaias,

2165 5008 2497 5052 contumaces
2518 4999 2758 5067 fuerunt,
2795 5012 2843 5053 et
2871 4996 3132 5069 Spiritum
3162 5011 3406 5054 sanctum
3458 5002 3623 5072 ipsius
3678 5006 3748 5054 ad

2161 5090 2495 5145 iracundiam
2520 5098 2869 5158 provocarunt
2888 5091 2959 5147 ⁸⁸.
2982 5091 3101 5145 Non
3120 5093 3268 5161 quod
3291 5108 3477 5146 revera
3509 5092 3748 5163 Spiritus
3776 5136 3779 5139 ›

2162 5180 2243 5234 ira
2274 5195 2684 5235 commoveatur
2719 5187 2843 5252 (nec
2872 5183 3017 5236 enim
3052 5184 3105 5237 in
3151 5184 3320 5237 Deum
3368 5184 3597 5240 aﬁ'ectus
3647 5200 3744 5239 ca-

2162 5272 2322 5342 dunt)
2354 5273 2448 5325 sed
2483 5273 2611 5341 quia
2664 5272 2963 5342 Scriptura:
3017 5275 3287 5329 familiare
3345 5284 3450 5342 est,
3504 5278 3746 5332 humano

2163 5379 2316 5416 more
2347 5366 2404 5418 in
2428 5364 2612 5418 divina
2675 5374 2874 5420 natura
2925 5381 3016 5423 res
3070 5367 3387 5436 hujusmodi
3446 5368 3745 5425 informare

2322 5520 2368 5552 "
2403 5523 2568 5575 Amos
2600 5537 2672 5584 Vt,
2712 5522 2801 5577 15.

2334 5590 2380 5624 ⁸⁸
2406 5590 2512 5645 lsa.
2534 5606 2689 5657 LXIII,
2735 5594 2824 5648 10.

2909 5523 2956 5556 ³⁸
2983 5523 3152 5579 Marc.
3187 5541 3269 5590 tn,
3306 5525 3395 5580 17.
3468 5526 3516 5559 ”
3548 5527 3737 5582 Matth.

547 5734 805 5826 ςδςάχιιοει
859 5738 982 5826 loco
1016 5737 1235 5820 Nieetas
1270 5738 1541 5796 Susanna:
1567 5739 1851 5795 historiam
1880 5741 2158 5799 fusissime
2208 5747 2579 5817 prosequitur,
2599 5764 2763 5818 quam
2821 5763 2945 5815 nos,
2980 5740 3100 5805 ~uto
3128 5772 3136 5802 ι
3162 5750 3323 5808 nibus
3376 5752 3739 5826 notissimam,

478 5808 888 5860 transalicndam
940 5810 1217 5863 duximus.
