4116 6414
398 433 476 496 ῑ4⁶ι
491 434 524 497 ’1

1344 434 1664 496 NICETAS
1711 433 1791 494 IN
1831 430 2056 493 ORAT.
2096 429 2278 490 XLIV
2319 427 2376 490 S.
2425 429 2648 492 GREG.

3509 423 3648 487 1478

387 562 550 619 atque
583 550 836 620 ligurare.
886 547 1256 605 Confitcamur
1319 565 1462 618 ergo.
1504 547 1743 618 Spiritus
1795 546 1966 599 sancti
1996 551 2042 606 Α
2073 543 2253 598 alllatu
2287 543 2626 596 audientium
2661 542 2861 613 linguis
2905 543 3216 614 loquentes.
3252 538 3648 609 Unusquisque

385 641 724 709 dignitatem,
760 640 811 695 id
848 649 950 703 est,
983 641 1124 708 quod
1158 641 1403 710 ejuslem
1441 639 1512 693 sit
1549 653 1674 692 cum
1720 635 1882 690 Patre
1906 641 1962 688 et

387 732 529 786 Filio
584 735 921 798 substantiae,
973 733 1228 802 quodque
1277 734 1347 786 sit
1400 731 1583 793 Deus,‘
1607 746 1674 783 ne
1707 729 1968 798 implaca—

390 826 571 879 biliter
604 825 927 880 irascentem
961 841 1083 879 eum
1120 825 1302 879 videre
1331 823 1583 877 velimus.
1618 821 1754 874 Nam
1786 819 1878 890 qui
1908 819 1964 872 in

392 919 651 986 Spiritum
689 930 939 973 sanctum
994 918 1469 987 blasphemaverit,
1504 915 1626 969 huic
1659 927 1799 966 noxa
1858 927 1963 964 non

393 1012 716 1065 remittetur.
756 1011 858 1073 Hie
887 1026 971 1064 me
1003 1026 1221 1080 quoque
1278 1010 1470 1061 fortem
1519 1015 1573 1060 et
1631 1003 1964 1073 intrepidum

391 1103 832 1156 euncionatorem
870 1100 1069 1155 reddit.
1108 1101 1285 1168 Atque
1319 1109 1550 1166 utroque
1583 1097 1804 1150 nomine
1859 1094 1967 1147 Deo

393 1194 456 1247 sit
497 1192 691 1260 gratia,
723 1191 836 1246 sive
861 1190 990 1260 quid
1020 1191 1088 1244 ab
1111 1191 1492 1244 Itan-t-ticorum
1527 1185 1740 1239 insidiis
1771 1183 1965 1254 patiar,

393 1283 507 1335 sive
537 1283 698 1337 nullis
737 1281 951 1352 injuriis
988 1280 1218 1335 alliciar.
1272 1277 1407 1332 Nam
1466 1278 1510 1332 si
1571 1276 1706 1330 nihil
1774 1288 1967 1344 passus

393 1373 570 1438 fuero,
610 1376 809 1443 gratias
843 1372 953 1428 Deo
983 1389 1105 1444 ago,
1153 1373 1296 1442 quod
1333 1372 1472 1425 Deus
1507 1371 1595 1434 iis,
1629 1371 1720 1439 qui
1764 1383 1847 1420 me
1880 1366 1966 1419 in-

397 1469 571 1520 visum
605 1467 823 1531 habent,
879 1465 1201 1535 pepercerit,
1233 1479 1332 1518 nec
1363 1478 1459 1518 eos
1516 1461 1784 1531 sanguine
1816 1473 1967 1512 com-

399 1559 658 1612 maculari
693 1558 1002 1629 permiserlt
1035 1575 1050 1612 :
1097 1558 1182 1613 sin
1220 1564 1401 1610 autem
1458 1570 1652 1624 passus
1681 1553 1858 1617 fuero,
1891 1550 1973 1604 sic

396 1667 612 1720 quoque
641 1652 844 1720 gratias
887 1665 1011 1720 ago,
1042 1649 1190 1718 quod
1231 1649 1333 1702 hoc
1365 1647 1495 1700 mihi
1532 1643 1894 1700 institutionis
1919 1649 1974 1694 et

397 1742 662 1797 doctrinae
709 1742 992 1812 praemium
1057 1741 1254 1806 datur,
1293 1748 1353 1794 ut
1387 1752 1484 1808 per
1517 1737 1805 1807 sanguinis
1844 1749 1967 1803 per-

400 1833 671 1888 fusionem
703 1835 816 1887 vita
846 1832 1133 1902 defungar.

2069 638 2212 693 enim
2250 637 2490 704 linguam
2532 651 2686 690 suam
2721 636 2972 704 audiens,
3006 650 3070 690 ac
3117 633 3312 688 videns
3371 633 3650 702 apostolos

2070 743 2176 783 non
2203 727 2366 781 modo
2396 726 2462 780 ad
2481 741 2560 789 se,
2590 726 2682 782 sed
2701 729 2862 782 etiam
2891 729 2955 781 ad
2984 727 3143 789 alios,
3169 727 3259 795 qui
3278 733 3516 778 externae
3541 724 3650 778 lin-

2069 833 2187 887 gua:
2211 827 2388 885 erant,
2423 819 2584 872 verba
2619 818 2905 885 facientes,
2961 819 3127 872 animi
3161 818 3480 887 vertiginem
3517 817 3649 884 ipsis

2070 925 2133 963 ac
2170 910 2410 965 furorem
2441 911 2751 981 objiciebat,
2786 913 3039 982 quoniam
3080 911 3146 965 ab
3189 911 3258 963 iis
3286 909 3377 978 qui
3409 918 3649 960 externas

2072 1004 2308 1070 regionis
2336 1011 2512 1068 erant,
2536 1006 2906 1074 apostolorum
2938 1005 3238 1057 orationem
3271 1002 3496 1054 minime
3551 1015 3652 1052 au-

2071 1092 2175 1146 diri
2207 1094 2617 1149 existimabant.

2146 1184 2282 1238 Ibid.
2317 1184 2379 1238 C.
2434 1185 2753 1255 Quanquam
2809 1195 2982 1238 autem
3030 1183 3338 1244 laudabilis,
3366 1189 3470 1235 etc.
3519 1178 3652 1232 Eam

2073 1291 2293 1346 quoque
2341 1277 2644 1348 linguarum
2709 1276 3031 1331 divisionem
3093 1276 3278 1328 laudat
3333 1271 3651 1342 Gregorius,

2076 1387 2198 1441 qua:
2226 1372 2278 1424 in
2311 1370 2654 1440 Babyloniae
2705 1369 2873 1423 turris
2925 1368 3298 1421 exstructione
3349 1367 3491 1420 facta
3547 1374 3651 1427 est,

2074 1477 2197 1517 cum
2281 1477 2388 1515 una
2462 1461 2644 1530 lingua
2699 1458 2756 1514 in
2818 1458 3024 1512 multas
3085 1457 3322 1511 disseeta
3379 1465 3501 1519 est,
3566 1461 3651 1506 at-

2073 1570 2180 1624 que
2224 1555 2384 1624 impia
2439 1555 2732 1608 concordia
2767 1562 2821 1607 et
2849 1553 3141 1607 consensio
3180 1547 3448 1604 dissoluta
3490 1560 3656 1615 uego-

2075 1648 2207 1701 tium
2243 1648 2410 1700 stulte
2470 1653 2788 1714 susceptum
2821 1644 2988 1700 simul
3020 1642 3288 1697 dissolvit.
3317 1639 3474 1694 Hunc
3508 1638 3656 1693 enim

2077 1754 2301 1808 scopum
2335 1737 2434 1792 sibi
2475 1738 2848 1808 pr0ponebant
2891 1735 3056 1790 turris
3105 1733 3486 1794 aedificatores,
3515 1739 3573 1784 ut
3609 1727 3657 1782 si

2077 1831 2295 1902 quando
2356 1845 2494 1884 nova
2548 1846 2811 1899 aquarum
2875 1828 3060 1882 illuvie
3101 1837 3244 1881 terra
3305 1827 3654 1887 obrueretur,

470 1924 590 1979 Col.
618 1925 722 1979 450
740 1925 804 1978 Α.
832 1923 898 1977 At
928 1941 1048 1979 vero
1075 1925 1266 1994 linguis
1292 1923 1544 1985 externis,
1571 1935 1632 1973 ac
1663 1935 1765 1974 non
1787 1935 1974 1973 nemo-

2084 1926 2220 1978 banc
2267 1924 2456 1976 turrim
2499 1923 2889 1984 ascenderem,
2930 1922 3175 1988 iramque
3227 1919 3465 1972 divinam
3527 1931 3658 1969 con-

397 2017 550 2084 culis,
580 2017 804 2084 apostoli
832 2015 1198 2084 loquebantur,
1220 2023 1325 2069 etc.
1345 2014 1400 2068 In
1430 2015 1580 2068 Actis
1605 2011 1974 2082 apostolorum

400 2111 664 2177 scriptum
686 2117 767 2164 est
796 2125 808 2162 :
838 2105 1115 2177 Ca’perunt
1143 2107 1289 2178 loqui
1323 2106 1446 2159 aliis
1475 2105 1669 2174 linguis
1683 2103 1753 2166 ⁸⁷,
1789 2102 1838 2156 id
1871 2111 1975 2167 est,

398 2201 734 2268 auditorum,
775 2215 838 2254 ae
871 2216 978 2254 non
1011 2199 1225 2270 patriis.
1260 2195 1446 2264 Neque
1469 2198 1613 2250 enim
1641 2195 1977 2248 audientium

397 2293 615 2362 linguas,
649 2307 837 2347 eorum
868 2291 962 2361 qui
1016 2291 1402 2360 loquebantur,
1449 2289 1638 2358 patriae
1669 2295 1844 2342 erant.
1904 2287 1980 2341 Ac

402 2389 723 2440 miraculum
751 2398 812 2438 ea
839 2398 926 2437 res
952 2382 1201 2446 habebat,
1229 2382 1372 2450 quod
1393 2379 1621 2446 apostoli
1646 2393 1978 2444 sermonem,

398 2490 558 2544 quem
582 2473 805 2527 minime
829 2471 1150 2535 didicerant,
1175 2469 1560 2538 loquebantur,
1607 2477 1682 2531 et,
1723 2477 1782 2521 ut
1835 2468 1980 2534 Apo-

400 2567 572 2621 stolus
595 2565 702 2618 ait:
738 2562 954 2632 Linguw
974 2563 1029 2614 in
1054 2562 1261 2630 signum
1289 2567 1439 2613 erant
1467 2575 1569 2613 non
1592 2558 1860 2626 ﬁdelibus.
1886 2557 1979 2610 sed

399 2657 700 2726 inﬁdelibus
725 2656 792 2721 ⁸⁸,
828 2665 887 2709 ut
919 2658 1131 2725 signum
1161 2654 1262 2707 hoe
1317 2652 1452 2722 ipsis
1481 2653 1533 2704 in
1570 2651 1978 2705 accusationem

399 2752 637 2810 cederet,
671 2749 952 2818 quoniam,
983 2763 1050 2800 ne
1079 2747 1180 2798 hoc
1213 2743 1433 2814 quidem
1464 2745 1620 2811 signo
1651 2742 1786 2807 viso,
1822 2742 1980 2794 [idem

401 2842 636 2912 amplexi
669 2849 816 2905 sunt,
843 2839 986 2894 sicut
1023 2837 1285 2904 scriptum
1315 2844 1398 2889 est
1433 2853 1446 2890 :
1483 2828 1746 2899 Quoniam
1775 2834 1830 2886 in
1856 2833 1979 2886 aliis

401 2935 594 3004 linguis
627 2933 816 3003 loquar
842 2933 909 2999 ",
948 2942 1052 2986 etc.
1083 2930 1184 2987 Ubi
1213 2941 1393 2984 autem
1444 2929 1532 2982 hic
1569 2930 1722 2982 locus
1749 2927 1981 2981 habetur

402 3027 826 3100 Chrysostomus
882 3025 1100 3096 quidem
1157 3023 1323 3078 verba
1364 3024 1480 3077 haec
1541 3021 1695 3076 Isaiae
1741 3021 1975 3087 tribuit;

401 3129 660 3176 caeterum
689 3119 831 3189 apud
859 3117 1052 3172 Isaiam
1091 3129 1199 3170 non
1235 3115 1604 3184 reperiuntur.
1663 3110 1853 3180 Itaque
1895 3110 1980 3165 vel

2083 2023 2409 2074 temnerent.
2444 2013 2686 2080 Quorum
2716 2013 2988 2066 vesaniam
3022 2027 3168 2065 nunc
3201 2024 3419 2079 quoque
3452 2007 3657 2061 imitari

2081 2110 2301 2180 quidam
2324 2121 2433 2160 non
2466 2116 2746 2168 verentur,
2785 2103 3051 2157 adversus
3089 2101 3352 2170 Spiritum
3406 2109 3660 2173 sanctum

2083 2202 2345 2257 scelerate
2378 2197 2698 2260 concordes,
2732 2197 3035 2264 turrimque
3061 2194 3351 2264 impietatis
3367 2203 3661 2246 exstruen-

2083 2305 2183 2349 tes.
2217 2294 2483 2348 Creterqu
2517 2289 2826 2359 Thcologus
2876 2287 3252 2341 vehementius
3288 2285 3471 2337 laudat
3497 2293 3662 2353 atque

2084 2386 2385 2441 admiratur
2415 2381 2700 2436 divisionis
2755 2379 2986 2448 hujusce
3018 2377 3364 2431 miraculum.
3404 2375 3486 2429 Ab
3551 2388 3662 2428 uno

2083 2479 2230 2534 cutim
2270 2465 2488 2546 Spiritu.
2515 2477 2567 2527 in
2604 2473 2806 2526 multos
2833 2472 3108 2540 apostolos
3139 2467 3357 2534 dill‘usa,
3411 2467 3466 2521 in
3497 2481 3660 2520 unam

2083 2584 2276 2623 rursus
2307 2566 2526 2637 pietatis
2560 2563 2902 2617 harmoniam
2934 2560 3295 2620 contrahitur,
3331 2573 3394 2612 ac
3421 2557 3664 2612 restitui-

2087 2671 2192 2714 tur.
2241 2657 2505 2724 Quamvis
2566 2642 2707 2710 enim
2746 2651 2974 2707 diversis
3031 2652 3230 2719 linguis
3285 2650 3661 2717 loquerentur,

2084 2749 2340 2804 omnibus
2357 2759 2536 2802 tamen
2562 2745 2763 2816 linguis
2784 2744 2972 2798 eadem
2993 2743 3379 2812 loquebantur,
3401 2741 3660 2794 nimirum

2083 2857 2166 2907 ea,
2200 2856 2322 2910 quae
2355 2840 2420 2894 ad
2458 2839 2761 2902 Christum,
2793 2845 2845 2890 et
2902 2835 2968 2889 ad
3018 2833 3461 2905 praedicationem
3500 2847 3667 2886 evan-

2081 2935 2310 3007 gelicam
2344 2933 2686 3002 spectabant,
2739 2945 2846 2982 non
2880 2943 3041 2982 secus
3069 2942 3134 2980 ac
3161 2921 3376 2979 cithara
3429 2921 3664 2977 diversis

2083 3025 2280 3079 fidibus
2307 3021 2665 3092 pulsibusque
2683 3017 3007 3072 concordem
3034 3029 3228 3069 sonum
3246 3012 3445 3067 emittit
3476 3010 3664 3064 Enim-

2083 3130 2212 3170 vero
2234 3113 2322 3169 illa
2339 3112 2636 3182 gratiarum
2658 3108 2971 3173 diversitas,
2990 3121 3112 3174 qua:
3139 3104 3204 3159 ad
3220 3102 3663 3173 dijudicationem

403 3213 673 3268 malitiose
711 3213 962 3267 submota
993 3218 1140 3274 sunt,
1170 3207 1252 3262 vel
1305 3205 1758 3277 pet‘obliviOnem
1800 3211 1981 3257 trans—
2005 3228 2050 3292 ρ
2086 3205 2189 3258 alia
2232 3203 2404 3273 gratia
2458 3215 2597 3270 opus
2650 3198 2835 3262 habet,
2872 3195 3157 3266 prophetia
3207 3201 3310 3258 est,
3344 3205 3410 3245 ac
3455 3190 3663 3243 donum

406 3319 598 3359 missa.

474 3396 615 3450 Ibid.
642 3393 942 3448 Audiebant
984 3402 1182 3445 autem.
1231 3387 1422 3444 Verum
1457 3388 1541 3440 hic
1579 3384 1797 3456 paulum
1852 3401 1980 3438 con-

402 3491 552 3556 siste,
585 3500 694 3542 etc.
729 3486 845 3541 lloc
876 3499 1096 3554 quoque
1133 3499 1199 3536 ex
1226 3483 1488 3534 Actorqu
1523 3481 1664 3533 libro
1705 3491 1981 3547 sumpmm

403 3591 489 3637 est
521 3598 536 3635 :
566 3579 829 3634 Audiebat
875 3593 968 3632 sua
1004 3575 1218 3645 quisque
1247 3572 1430 3642 lingua
1485 3587 1571 3624 eos
1609 3573 1873 3640 loquentes
1912 3569 1980 3620 ⁶⁰.

404 3675 473 3730 At
497 3672 808 3743 Theologus
843 3669 1146 3729 addubitat,
1185 3679 1296 3735 quo
1330 3671 1487 3733 pacto
1515 3661 1844 3731 ambiguitas
1881 3660 1983 3713 huc

399 3769 526 3821 loco
567 3777 861 3818 occurrens
901 3756 1280 3828 distinguenda
1316 3764 1370 3808 et
1421 3753 1679 3806 solvenda
1714 3751 1804 3817 sit,
1863 3765 1983 3817 quae

405 3855 844 3926 interpunctione
876 3851 1151 3914 dividitur,
1185 3847 1237 3901 id
1262 3855 1363 3912 est,
1402 3843 1754 3905 discernitur,
1816 3855 1983 3909 atque

406 3948 744 4003 dissolvitur.
781 3941 1091 4012 Propositis
1119 3939 1322 4008 itaque,
1353 3951 1448 4008 per
1477 3930 1979 4002 interrogationem,

407 4041 617 4095 duabus
642 4038 1028 4101 solutionibus,
1049 4032 1300 4088 secunda:
1333 4028 1601 4084 calculum
1622 4041 1782 4082 suum
1808 4023 1979 4077 addit:

413 4132 601 4188 Utrum
635 4131 802 4192 enim,
827 4129 1026 4198 inquit,
1061 4140 1165 4179 una
1191 4123 1412 4194 quidem
1457 4119 1756 4188 eademque
1798 4117 1982 4186 lingua

407 4224 772 4294 loquebantur
832 4216 1083 4289 apostoli,
1150 4230 1336 4268 verum
1393 4211 1744 4286 audientibus
1799 4208 1984 4261 multa:

410 4316 630 4378 fiebant,
667 4324 778 4367 tum
801 4318 1021 4380 prOpter
1051 4306 1195 4362 aeris
1226 4306 1533 4374 strepitum,
1565 4314 1676 4357 tum
1702 4301 1847 4370 quod
1867 4299 1987 4370 qui-

411 4408 540 4460 libet
569 4404 875 4458 auditorum
909 4401 1149 4470 linguam
1186 4412 1339 4451 suam
1381 4393 1726 4449 secerneret?
1750 4392 1833 4445 Au
1859 4405 1986 4446 vero

409 4509 668 4570 punctum
699 4507 1001 4550 statuemus
1023 4494 1076 4546 in
1099 4489 1288 4554 verbo,
1309 4487 1610 4552 audiebant,
1640 4487 1751 4539 haec
1779 4495 1981 4549 autem,

2084 3295 2418 3364 linguarum.
2437 3288 2573 3343 Nam
2598 3299 2650 3343 et
2678 3289 2960 3358 prophetia
2989 3299 3054 3339 eo
3077 3285 3220 3337 dono
3246 3292 3298 3336 et
3329 3280 3499 3350 gratia
3524 3292 3664 3348 opus

2086 3387 2271 3450 habet,
2308 3397 2416 3452 qua
2486 3382 2714 3450 Spiritus
2771 3380 3198 3438 discernuntur,
3241 3383 3297 3427 et
3351 3373 3661 3441 linguarum

2085 3481 2288 3535 donum
2321 3473 2790 3544 interpretationis
2820 3471 2961 3524 dono
2991 3455 3215 3538 indiget.
3237 3466 3408 3519 Porro
3432 3463 3667 3532 prophe-

2087 3574 2196 3639 tite,
2229 3579 2283 3624 et
2318 3571 2622 3639 linguarum
2661 3567 2825 3628 dona,
2859 3564 2926 3617 iis
2967 3561 3305 3616 antecellunt
3331 3557 3491 3610 donis
3525 3569 3667 3623 quo-

2087 3679 2208 3717 rum
2273 3675 2376 3729 ope
2429 3659 2495 3713 ad
2580 3654 3027 3726 dijudieationem
3111 3659 3166 3705 et
3247 3647 3665 3718 explicationem

2084 3755 2366 3822 indigent,
2439 3745 2544 3804 hoc
2618 3760 2745 3815 est,
2818 3744 3152 3799 discretione
3228 3743 3519 3811 spiri:uum
3613 3748 3668 3790 et

2086 3841 2580 3912 interpretatione:
2626 3839 2821 3892 horum
2888 3837 3034 3890 enim
3091 3847 3275 3888 causa;
3333 3845 3399 3885 ac
3453 3830 3668 3884 radices

2085 3945 2231 3993 sunt.
2258 3933 2411 4001 Quod
2439 3932 2658 4002 quidem
2701 3937 3048 3999 perspectum
3095 3925 3302 3979 habens
3331 3921 3666 3988 Theologus,

2087 4029 2185 4084 ait:
2217 4028 2296 4080 Ad
2316 4023 2734 4080 discernendum
2755 4035 3003 4089 quamam
3028 4017 3264 4087 Spiritus
3294 4015 3469 4068 sancti
3497 4014 3670 4084 gratia

2086 4117 2154 4172 sit
2176 4114 2544 4186 praestantior.
2564 4108 2698 4162 Nam
2724 4108 2866 4176 quod
2894 4107 3123 4174 apostoli
3153 4102 3669 4173 peregrinislinguis

2086 4209 2405 4276 loquuntur,
2439 4201 2730 4256 diversitas
2765 4207 2850 4252 est
2884 4197 3098 4264 gratiae,
3136 4196 3239 4246 alia
3299 4195 3473 4263 gratia
3532 4206 3671 4260 opus

2085 4299 2314 4362 habens,
2333 4294 2589 4350 nimirum
2608 4289 2956 4347 discretionis
2973 4287 3140 4348 dono,
3161 4286 3228 4339 ad
3245 4285 3668 4339 discernendum

2087 4391 2366 4463 quodnam
2402 4389 2473 4444 sit
2503 4386 2697 4441 melius
2731 4399 2793 4438 ac
2828 4379 3177 4451 praestantius
3209 4379 3438 4440 donum,
3472 4378 3522 4429 id
3565 4386 3668 4438 est,

2087 4496 2272 4541 utrum
2327 4484 2433 4537 hoc
2483 4482 2792 4548 linguarum
2831 4477 3034 4529 donum
3083 4472 3316 4535 caeteris,
3370 4471 3570 4538 quibus
3592 4469 3674 4521 di-

410 4593 675 4661 loquentes
700 4605 807 4648 eos,
828 4601 951 4638 eum
974 4585 1057 4638 his
1076 4598 1196 4652 quae
1221 4591 1543 4650 sequuntur,
1572 4585 1980 4642 connectemus,
2015 4571 2060 4626 D
2088 4577 2218 4630 vino
2245 4572 2514 4629 beneficio
2545 4569 2722 4624 ornati
2759 4567 2997 4629 luerant,
3025 4561 3426 4633 pratici-endum
3478 4561 3567 4623 sit,
3599 4575 3672 4614 an

414 4695 471 4737 ut
498 4687 566 4736 sit
601 4682 686 4733 hic
725 4693 940 4741 sensus,
982 4675 1126 4745 quod
1159 4684 1346 4743 gentes
1377 4671 1658 4740 apOstolos
1692 4668 1991 4722 audiebant

417 4780 700 4846 loquentes
768 4770 967 4838 linguis
1024 4767 1365 4830 auditorum,
1417 4766 1518 4818 hoc
1566 4774 1668 4826 est,
1725 4761 1991 4824 externis,

414 4877 680 4937 quantum
701 4861 765 4916 ad
800 4874 896 4914 eos
919 4858 1014 4929 qui
1033 4854 1430 4927 loquebantur}
1459 4852 1558 4907 Cui
1585 4851 1746 4906 etiam
1777 4859 1998 4904 senten-

418 4961 502 5014 tite
533 4957 708 5027 magis
736 4954 961 5020 accedo,
994 4949 1437 5021 quandoquidem
1461 4946 1630 5017 priori
1659 4944 1846 5008 modo,
1883 4945 2000 4996 hoc-

415 5061 520 5114 est,
551 5053 597 5105 si
645 5063 750 5104 una
781 5048 965 5116 lingua
1033 5043 1264 5112 apostoli
1323 5039 1492 5094 locuti
1558 5045 1764 5099 essent,
1824 5045 1988 5104 atque

416 5141 794 5209 unusquisque
830 5136 1143 5191 auditorum
1210 5133 1500 5186 dialectum
1542 5144 1699 5184 suam
1759 5127 1827 5181 ab
1867 5127 1989 5180 aliis

415 5242 747 5306 separasset,
803 5229 1142 5285 audientium
1201 5225 1396 5280 fuisset
1453 5223 1556 5276 hoc
1622 5218 1987 5282 miraculum;

417 5339 604 5383 contra
637 5327 680 5380 si
705 5327 756 5378 in
782 5325 966 5389 verbo,
1019 5319 1328 5380 audiebant,
1349 5325 1616 5385 punctum
1644 5308 1989 5382 apposueris,

418 5439 480 5476 ac
511 5419 703 5473 deinde
760 5419 872 5472 hac
901 5415 1065 5470 verba
1105 5410 1456 5479 subjunseris
1489 5429 1500 5463 :
1549 5406 1842 5478 Loquentes
1907 5417 1993 5456 eos

419 5513 645 5580 propriis
667 5509 994 5562 audientium
1014 5505 1226 5575 linguis,
1261 5501 1586 5555 miraculum
1614 5496 1990 5568 apostolorum

420 5599 545 5652 erit.
589 5596 744 5662 Quod
782 5596 944 5649 etiam
988 5609 1054 5647 ex
1099 5607 1165 5647 eo
1223 5591 1509 5660 perspicue
1563 5595 1800 5646 constat,
1849 5583 1994 5654 quod

424 5691 748 5743 temulentiae
777 5703 994 5758 quoque
1020 5692 1371 5746 accusantur,
1408 5690 1592 5750 utpote
1615 5679 1716 5748 ipsi
1755 5676 1994 5746 Spiritus

494 5847 540 5878 ⁸⁷
578 5846 696 5898 Aet.
736 5861 793 5907 ιι,
831 5845 884 5895 4.
964 5841 1010 5871 ⁸⁸
1043 5839 1059 5892 l
1091 5839 1220 5895 Cor.
1255 5853 1367 5904 xw,
1404 5837 1497 5890 ‘22.

1573 5835 1618 5870 δ’
1660 5833 1784 5889 ibid.
1815 5831 1907 5887 21.
1964 5832 2007 5864 ⁸³
2041 5833 2165 5886 Act.
2200 5845 2264 5896 tl,
2299 5827 2352 5884 6.

2090 4668 2239 4724 aliud
2264 4666 2536 4737 quoddam
2566 4679 2634 4718 ex
2669 4659 2898 4730 reliquis
2943 4673 2956 4710 :
2989 4653 3431 4725 quandoquidem
3481 4651 3532 4704 ir.
3559 4660 3671 4705 tam

2091 4761 2324 4816 diversis
2358 4759 2634 4814 donormu
2658 4753 2956 4824 generibus
2993 4749 3198 4802 nullum
3236 4755 3340 4810 est,
3381 4747 3527 4815 quod
3561 4759 3672 4799 non

2091 4853 2310 4908 Iaudem
2343 4861 2640 4906 mereatur.
2693 4848 2836 4913 Quin
2867 4845 3029 4899 etiam
3065 4842 3325 4911 praeclara
3357 4839 3448 4891 illa
3484 4849 3567 4891 est
3591 4839 3674 4890 rli-

2097 4944 2257 5006 visio,
2283 4957 2380 5012 pro
2405 4955 2512 5010 qua
2548 4937 2717 4991 David
2772 4939 2938 4990 Deum
2972 4936 3252 4996 obsecrat,
3315 4927 3401 4982 his
3437 4929 3619 4982 verbis
3653 4946 3667 4981 :

2097 5035 2285 5089 Divide
2339 5034 2547 5101 linguas
2607 5046 2809 5094 eorum,
2866 5029 2954 5095 qui
3010 5021 3448 5093 pra’cipitationis
3515 5018 3672 5072 verba

2093 5127 2394 5181 dilexerunt
2426 5124 2496 5191 ⁶¹,
2532 5133 2721 5192 aperte
2752 5136 2885 5176 sane
2915 5115 3430 5172 Macedonianorum
3461 5112 3673 5180 linguas

2094 5234 2382 5279 accusans,
2407 5233 2525 5286 qua:
2554 5216 2789 5284 Spiritus
2812 5213 3148 5267 divinitatem
3175 5208 3451 5269 scindunt,
3469 5205 3676 5273 ipsum-

2096 5326 2223 5380 que,
2255 5325 2282 5362 a
2318 5309 2476 5362 Patre
2520 5317 2574 5362 et
2630 5307 2772 5370 Filio
2829 5304 3098 5359 dividunt.
3160 5297 3448 5366 Prascipitii
3490 5305 3672 5348 autem

2095 5401 2282 5466 Verba,
2316 5414 2475 5452 voces
2505 5398 2610 5452 illae
2645 5406 2792 5460 sunt,
2831 5410 2954 5465 quae
2986 5390 3214 5462 Spiritui
3247 5395 3439 5443 sancto
3475 5386 3674 5437 divini-

2097 5499 2261 5545 tatem
2291 5489 2576 5559 abrogant,
2617 5494 2825 5556 utpote,
2867 5499 2990 5553 quae
3019 5495 3138 5548 eos,
3189 5494 3217 5533 a
3252 5477 3453 5547 quibus
3488 5473 3675 5544 prole.

2095 5593 2312 5648 runtur,
2334 5583 2677 5649 demergunt,
2703 5589 2865 5648 atque
2889 5580 2944 5630 in
2973 5574 3126 5629 exitii
3154 5570 3466 5640 v‘oraginem
3495 5577 3676 5620 trans-

2098 5676 2318 5730 mittunt
2351 5689 2415 5728 ac
2441 5671 2728 5742 dejiciuut.
2761 5669 3044 5723 Dividatur
3089 5665 3278 5736 igitur,
3331 5659 3533 5729 inquit,
3563 5656 3675 5710 ha:-

2431 5827 2473 5858 ⁶¹
2537 5824 2682 5880 Psal.
2739 5822 2971 5891 Liv,10.
