4116 6416
444 393 586 459 14⁸19

1862 392 2248 452 ΑΗΒΕΝΟᾹ.

3570 398 3696 460 138(

438 509 735 566 micorum
782 505 1108 576 loquacitas,
1171 502 1477 573 linguaeque
1529 503 1798 573 pruritus,
1862 512 2025 570 atque
2054 507 2102 562 Α
2134 500 2426 572 Babylone,
2461 503 2663 571 captivi
2696 504 2892 560 versati
2952 512 3124 571 sunt;
3183 505 3424 573 atquein
3472 506 3704 580 .Egypto

441 602 703 657 adversus
724 598 984 667 Spiritum
1006 608 1252 652 sanctum
1276 594 1632 664 conspiratio.
1662 592 1792 648 Nam
1822 592 2017 661 hujus-

441 692 585 747 modi
604 706 819 760 quoque
844 689 1059 753 divisio,
1087 688 1193 751 bis,
1212 686 1301 756 qui
1334 687 1385 738 in
1420 686 1622 739 malum
1650 685 2016 747 consentiunt,

444 784 590 837 utilis
622 792 724 835 est.

519 871 629 942 (36)
662 872 764 925 Per
793 872 1089 938 gratiarum
1143 866 1541 929 diversitatem,
1577 868 1883 936 linguarum
1922 865 2019 917 dn-

439 981 567 1018 num
602 961 852 1030 intelligit
888 978 900 1014 :
942 961 1085 1028 quod
1112 960 1329 1029 quidem
1377 959 1484 1012 alio
1520 960 1907 1028 donoindiget.
1942 959 2022 1011 ni-

439 1056 639 1109 mirum
675 1053 1136 1121 interpretationis
1160 1063 1322 1119 atque
1345 1051 1676 1120 interpretis.
1706 1051 1842 1115 Quid
1875 1049 2019 1102 enim

436 1161 645 1216 quaeso,
679 1146 789 1210 ille,
823 1145 912 1213 qui
947 1143 1194 1197 discendi
1222 1143 1404 1197 studio
1439 1159 1559 1196 sese
1615 1145 1683 1197 ad
1731 1143 2022 1212 prophetas

435 1237 672 1300 confert,
710 1236 1009 1303 adjumenti
1042 1234 1325 1304 percipiet,
1383 1233 1427 1286 si
1461 1234 1638 1286 Arabs
1700 1247 1795 1286 eos
1850 1231 2022 1283 Attice

436 1329 722 1399 loquentes
754 1330 938 1382 attdiat
970 1346 984 1392 ;
1018 1327 1097 1379 vel
1130 1326 1321 1380 Atticae
1352 1324 1547 1394 linguae
1572 1326 1779 1394 peritus
1803 1318 2023 1376 Plateni-

434 1437 558 1474 eum
601 1422 785 1490 lingua
818 1418 1188 1474 disserentes?
1224 1415 1290 1470 Et
1352 1417 1614 1486 quoniam
1675 1416 1878 1477 cat-teri,
1930 1415 2021 1484 qui

434 1512 812 1581 spiritualibus
866 1512 1058 1580 gratiis
1117 1511 1476 1575 ornabanzur,
1513 1510 1626 1563 sive
1664 1510 2024 1577 (mitulatores

433 1604 782 1665 animarum,
842 1603 956 1656 sive
1013 1603 1429 1673 gubernatores,
1492 1602 1605 1655 sive
1675 1601 2021 1667 interpretes,

435 1695 617 1748 minus
646 1694 717 1746 ob
768 1693 1068 1761 gratiarum
1097 1692 1297 1745 donum
1334 1691 1715 1751 efferebantur,
1754 1690 1785 1742 ii
1819 1699 2023 1743 autenm

433 1785 526 1855 qui
562 1783 730 1837 variis
764 1783 965 1852 linguis
997 1783 1383 1851 loquebantur,
1422 1784 1567 1836 velut.
1603 1783 1864 1850 iurlingua
1902 1781 2023 1850 Spi-

2123 594 2341 661 quidem
2383 595 2815 665 quadringentos
2848 612 3021 652 annos
3056 613 3227 667 usque
3260 599 3325 651 al
3382 599 3611 652 reditum
3645 601 3700 653 iu

2124 680 2468 738 Palaestinam
2493 697 2812 756 exegerunt,
2846 687 3186 757 septuaginta
3226 700 3406 742 autem
3442 690 3493 741 iu
3529 688 3702 760 Babyo

2124 774 2247 827 lone
2275 792 2287 826 :
2323 790 2443 843 (tua:
2501 777 2665 830 etiam
2716 777 3006 846 captivitas
3040 774 3240 831 ,ιυάα-ῖς
3272 777 3702 848 Hierosolymam

2123 864 2360 915 reversis
2391 863 2570 915 soluta
2630 875 2734 917 est.
2797 866 2888 918 llla
2918 880 3102 935 porro,
3139 880 3302 935 quam
3358 880 3386 919 a
3421 863 3704 928 Romanis,

2124 943 2459 1022 Vespasiano
2484 964 2538 1007 et
2561 952 2685 1009 Tito
2711 956 3157 1023 imperatoribus,
3207 958 3350 1024 passi
3380 964 3532 1022 sunt,
3566 972 3706 1010 nor.-

2122 1044 2251 1097 dum
2288 1060 2353 1098 eo
2383 1054 2628 1115 tempore
2660 1049 2988 1119 contigerat,
3051 1051 3146 1104 sed
3179 1047 3550 1120 quadraginta
3584 1059 3706 1116 post

2122 1132 2404 1188 Christum
2446 1136 2499 1188 in
2554 1141 2722 1190 caelos
2778 1148 3053 1208 receptum
3101 1138 3262 1193 annis
3319 1138 3505 1192 futura
3566 1149 3703 1202 erat,

2128 1225 2317 1279 vindex
2347 1227 2549 1281 furoris
2581 1236 2746 1297 atque
2807 1230 3077 1295 amentiae,
3110 1246 3218 1301 qua
3275 1229 3446 1286 Judaei
3482 1229 3707 1287 Chrisio

2127 1309 2395 1370 Salvatori
2432 1333 2617 1371 necem
2655 1320 2975 1374 attulerunt.
3010 1319 3375 1387 Quamobrem
3430 1321 3699 1389 reliquum

2125 1415 2228 1472 est,
2264 1418 2323 1459 ut
2355 1409 2423 1461 ab
2453 1424 2515 1463 ea
2542 1410 2878 1479 captivitate,
2915 1427 3021 1480 qua
3045 1409 3264 1465 Juda-os
3295 1409 3488 1465 afflixit
3514 1413 3706 1465 Antio-

2125 1503 2283 1563 chus,
2315 1503 2445 1571 quin
2477 1504 2638 1556 etiam
2686 1500 3022 1558 Maenalia-os
3064 1505 3355 1573 exquisitis
3418 1502 3708 1558 tormentis

2125 1592 2323 1657 alii-cit,
2372 1596 2468 1647 bos
2520 1595 2750 1649 rediisse
2808 1611 3158 1650 censeamus.
3224 1594 3357 1648 Nam
3429 1595 3542 1648 haec
3597 1610 3706 1648 non

2129 1687 2313 1740 multis
2341 1696 2464 1741 ante
2487 1689 2649 1742 anuis
2675 1690 2923 1759 contigit,
2948 1692 3039 1744 sed
3064 1706 3230 1758 parvo
3254 1690 3514 1758 temporis
3540 1689 3710 1742 inter-

2128 1779 2272 1832 vallo
2297 1777 2498 1833 Christi
2540 1779 2975 1834 incarnationem
3001 1780 3312 1835 anteceSsit.
3336 1778 3490 1845 Quod
3513 1780 3558 1834 si
3583 1779 3707 1849 quis

437 1879 578 1930 ritus
619 1875 857 1929 afﬂatum
900 1874 1187 1939 habentes,
1231 1888 1297 1927 eo
1354 1873 1573 1927 nomine
1626 1873 2019 1942 gloriabantur,
2051 1861 2091 1916 Β
2125 1870 2266 1925 hanc
2321 1872 2717 1941 expositionem
2784 1872 2931 1926 velut
2981 1881 3226 1927 coactam
3289 1883 3456 1945 atque
3491 1890 3520 1925 a
3580 1886 3707 1923 vero

436 1980 501 2020 ac
533 1965 733 2019 donum
790 1979 948 2017 suum
992 1963 1340 2030 arrogantius
1374 1962 1677 2031 iactabant,
1731 1978 1899 2030 seque
1949 1962 2016 2017 iis

432 2055 527 2127 qui
569 2055 715 2111 aliud
765 2054 1040 2124 quoddam
1096 2054 1338 2124 Spiritus
1404 2056 1609 2109 donum
1664 2063 2013 2123 acceperant,

433 2149 744 2219 superiores
767 2162 891 2201 esse
920 2146 1336 2213 existimabant,
1371 2146 1579 2200 ideirco
1604 2146 1894 2215 Apostolus
1923 2160 2017 2199 eos

433 2249 733 2310 eompescrt
785 2254 849 2293 ac
913 2240 1210 2306 ccutrahit,
1262 2248 1451 2309 utpote
1526 2238 1708 2291 minus
1764 2237 2018 2291 utilitatis

437 2332 696 2388 Ecclesiae
748 2334 1054 2387 ain-rentes.
1121 2332 1276 2398 Quod
1323 2331 1489 2384 etiam
1547 2343 1776 2398 magnus
1836 2338 2020 2381 noster

438 2426 734 2494 Gregorius
759 2425 1113 2490 significans:
1150 2422 1300 2483 Mihi,
1336 2422 1535 2490 inquit,
1576 2419 1779 2474 utinam
1838 2420 2018 2488 potius

437 2514 975 2583 contingatquinque
1002 2515 1157 2565 verba
1188 2512 1485 2581 prudenter
1514 2510 1566 2563 in
1590 2509 1818 2563 ecclesia
1846 2511 1897 2563 lo
1918 2509 2016 2578 Ini.

435 2622 598 2676 quam
637 2608 820 2659 decem
859 2606 1029 2659 millia
1059 2604 1109 2657 in
1146 2603 1330 2673 lingua
1366 2614 1419 2656 et
1453 2619 1584 2657 VMC
1630 2604 1774 2655 tuba:
1808 2603 2016 2657 incerta

438 2709 601 2769 atque
628 2699 883 2753 obscura.
912 2697 1032 2762 Quo
1054 2697 1173 2751 loco
1197 2712 1290 2765 per
1322 2694 1565 2766 quinque
1596 2694 1780 2757 verba,
1802 2707 1897 2749 eos
1925 2692 2018 2763 qui

441 2789 496 2843 in
532 2788 762 2843 ecclesia
791 2788 1009 2848 dOrent,
1039 2798 1200 2855 atque
1229 2786 1682 2855 interpretantur,
1722 2783 1977 2854 intelligit
1999 2802 2015 2835 :

440 2895 535 2949 per
563 2877 749 2934 decem
779 2890 958 2932 autem
987 2878 1149 2932 millia
1174 2886 1227 2932 et
1247 2876 1503 2941 obseura,
1528 2891 1622 2931 eos
1647 2875 1738 2946 qui
1763 2875 2020 2929 omnibus

441 2972 662 3042 quidem
719 2971 918 3043 linguis
948 2975 1263 3041 loquuntur,
1302 2978 1558 3024 Caeterum
1597 2969 1824 3022 militem
1874 2966 2017 3021 divi-

443 3079 573 3115 num
608 3063 674 3115 ad
704 3061 986 3130 spirituale
1019 3057 1214 3113 bellum
1250 3074 1591 3128 nequaquam
1617 3058 1876 3112 excitant.

511 3151 629 3209 Col.
650 3152 754 3206 450
784 3153 847 3206 Α.
866 3152 938 3205 Ac
954 3152 1017 3205 de
1037 3150 1116 3205 his
1134 3150 1343 3222 quidem
1366 3150 1641 3216 hactenus,
1663 3162 1767 3205 etc.
1792 3149 1848 3203 lu
1870 3148 2019 3204 Actis

440 3246 812 3315 apostolorum
840 3244 1030 3298 scrilnt
1058 3240 1235 3297 Lucas
1267 3259 1281 3296 :
1315 3237 1486 3295 Erant
1507 3252 1683 3294 autem
1710 3242 1763 3293 in
1789 3239 2018 3294 Jerusa-

443 3336 545 3390 lem
583 3335 880 3388 habitantes
918 3333 1092 3387 λειάιυί
1130 3334 1228 3387 viri
1284 3332 1521 3403 rel'gtost'
1555 3347 1617 3384 ea:
1675 3332 1817 3385 outui
1851 3341 2021 3401 gente,

445 3439 564 3493 qua!
585 3421 680 3476 sub
711 3421 838 3476 caelo
862 3433 937 3475 est
963 3422 1024 3474 "b.
1057 3423 1125 3477 At
1159 3419 1469 3493 Theologus
1502 3421 1569 3476 de
1611 3423 1712 3475 hac
1764 3421 2021 3486 dictione,

447 3515 768 3580 habitantes,
806 3515 880 3568 ait
914 3531 929 3567 :
962 3514 1018 3567 Si
1050 3514 1137 3569 eui
1178 3514 1483 3568 intellectus
1510 3513 1596 3567 hic
1630 3512 1817 3582 placet.
1842 3513 2025 3585 Neque

446 3604 592 3658 enim
619 3616 885 3673 perpetuo
916 3604 1258 3667 habitabant,
1291 3604 1383 3659 sed
1415 3618 1525 3658 tum
1555 3604 1866 3659 celebrandi
1902 3605 2021 3659 festi

447 3708 615 3748 causa
639 3703 1025 3748 convenerant.
1048 3695 1106 3746 lo
1125 3709 1315 3747 mones
1335 3692 1477 3746 enim
1505 3690 1755 3746 nationes
1771 3692 2022 3761 dispersi,

448 3787 688 3857 gentium
727 3787 944 3856 quidem
973 3786 1173 3856 linguis
1225 3787 1535 3852 utebantur,
1568 3786 1796 3855 patriam
1842 3795 2023 3839 autem

448 3877 795 3948 religionem,
854 3888 913 3933 ut
957 3877 1152 3944 Judaei,
1211 3879 1540 3945 retinebant,
1576 3893 1641 3933 ac
1686 3879 1841 3949 juxta
1892 3878 2024 3948 legis

447 3970 824 4040 praescriptum
867 3973 1231 4042 undecunque
1263 3972 1328 4023 ad
1366 3969 1562 4024 festum
1622 3973 1675 4023 in
1711 3967 2024 4039 Hierosoly-

450 4062 918 4117 mitanamurbcm
953 4061 1347 4117 conﬂuxerant.
1375 4061 1572 4129 Quaero
1605 4061 1767 4133 igitur
1801 4062 2022 4131 quinam

450 4152 507 4207 bi
536 4160 714 4216 erant,
745 4160 801 4207 et
822 4168 851 4207 a
878 4167 983 4223 qua
1014 4152 1324 4222 captivitate
1357 4151 1585 4222 dispersi
1620 4162 1746 4206 time
1768 4153 2026 4221 temporis

451 4244 592 4298 festo
646 4244 966 4299 intererant.
1029 4245 1162 4299 Nam
1224 4242 1542 4315 Egyptiaca
1593 4255 1648 4299 et
1697 4243 2025 4315 Babylonica

452 4337 739 4406 captivitas
777 4347 927 4390 certo
960 4337 1205 4392 locorum
1247 4345 1303 4391 et
1356 4346 1658 4409 temporum
1714 4337 1891 4405 spatio
1918 4336 2027 4391 cir-

453 4431 790 4498 cumscripta
822 4439 876 4485 et
902 4430 1051 4484 finita
1087 4440 1225 4486 erat.
1276 4431 1335 4486 In
1364 4430 1600 4503 Egypto
1629 4431 1775 4485 enim
1801 4431 1939 4495 sola,
1974 4438 2029 4484 et

526 4615 573 4647 ⁸²
607 4616 723 4670 Act.
782 4630 839 4677 ιι,
878 4615 931 4670 5.
1010 4647 1025 4659 ι

2120 1963 2462 2017 aberrantem
2489 1963 2739 2032 repudiat
2759 1965 3041 2033 (quoniam
3062 1964 3402 2017 Antiochena
3422 1962 3708 2031 captivitas

2121 2068 2468 2122 nequaquam
2505 2062 2661 2109 vetus
2690 2064 2826 2117 erat,
2884 2071 2984 2110 nec
3020 2055 3071 2108 in
3108 2056 3311 2110 inultas
3344 2056 3495 2109 orbis
3529 2054 3708 2124 regio-

2120 2159 2215 2197 nes
2251 2144 2392 2211 fnsa)
2430 2142 2661 2199 fortasse
2700 2145 2905 2199 rectius
2936 2145 3098 2199 fuerit
3128 2146 3197 2198 ita
3228 2160 3527 2215 exponere.
3547 2142 3703 2211 Quod

2115 2232 2272 2303 juxta
2312 2231 2539 2288 Esdram
2563 2236 2763 2305 saepius
2789 2239 2840 2289 in
2861 2237 3231 2305 captivitatem
3254 2236 3478 2291 abducti
3499 2235 3703 2291 fuerint

2117 2324 2311 2380 Judaei.
2350 2325 2623 2395 Dispersis
2655 2328 2819 2395 igitur
2866 2330 3067 2398 s:epius
3121 2329 3173 2382 in
3223 2330 3467 2384 diversas
3517 2339 3708 2398 gentes

2122 2418 2391 2481 tribubus,
2422 2419 2714 2475 verisimile
2740 2430 2950 2475 esttum
2975 2422 3239 2489 quosdam
3261 2435 3450 2475 eorum
3479 2422 3544 2473 ad
3565 2421 3706 2474 diem

2122 2507 2318 2561 festum
2339 2506 2603 2573 adfuisse,
2628 2518 2683 2563 et
2711 2524 2772 2561 ex
2792 2508 3096 2579 linguarum
3130 2510 3395 2564 miraculo
3422 2521 3702 2577 stuporem

2120 2601 2457 2667 concepisse.
2513 2597 2695 2669 Atque
2730 2601 2844 2656 haec
2876 2602 3139 2657 studiosis
3173 2602 3301 2655 viris
3331 2614 3699 2668 nequaquam,

2122 2700 2183 2742 ut
2219 2704 2401 2759 spero,
2422 2706 2830 2759 supervacanee
2857 2708 2887 2747 a
2909 2693 3067 2748 nobis
3089 2692 3331 2758 exposita
3357 2692 3702 2745 videbuntur.

2121 2780 2275 2847 Quod
2322 2782 2366 2836 si
2404 2783 2529 2852 quis
2566 2783 2715 2839 aliud
2746 2783 3005 2855 quiddam
3041 2785 3108 2839 ad
3140 2786 3279 2839 hanc
3301 2782 3701 2839 solemnitatem

2134 2871 2449 2940 contulerit,
2478 2872 2600 2944 ejus
2630 2873 2822 2928 laudes
2876 2875 3271 2945 depraedicans,
3297 2872 3456 2928 nobis
3488 2884 3709 2942 quoque

2124 2961 2174 3017 il
2201 2963 2501 3033 collegerit,
2532 2975 2594 3021 ut
2618 2982 2963 3037 nequaquam
2998 2965 3158 3036 pleno
3189 2965 3364 3020 laudis
3396 2964 3570 3019 oflicio
3588 2978 3711 3034 per-

2125 3058 2351 3113 functis.
2382 3055 2462 3110 Ac
2494 3070 2595 3110 nos
2626 3054 2723 3110 hic
2753 3056 3068 3111 concionem
3104 3055 3400 3120 solveinus,
3454 3052 3708 3109 multitu-

2125 3152 2421 3221 dinemque
2457 3148 2630 3205 noatri
2666 3146 2922 3203 audiendi
2959 3163 3124 3201 causa
3166 3147 3448 3202 collectam
3481 3146 3706 3200 missam

2127 3240 2413 3296 faciemus.
2451 3239 2767 3293 Orationem
2801 3240 2944 3291 enim
2984 3239 3250 3305 integram
3282 3250 3447 3307 atque
3480 3235 3704 3291 absolu-

2129 3341 2236 3385 tam
2276 3332 2593 3392 habuimus,
2633 3346 2697 3385 ac
2732 3330 2775 3383 si
2811 3345 2918 3383 non
2975 3329 3096 3383 festi
3128 3330 3403 3399 dignitati,
3455 3329 3706 3384 instituto

2126 3433 2272 3477 certe
2310 3435 2498 3477 nostro
2548 3421 3055 3491 parem.0rationis
3084 3420 3225 3475 enim
3260 3422 3411 3475 initio
3462 3422 3703 3475 facturos

2128 3533 2228 3570 nos
2257 3516 2487 3586 professi
2513 3532 2724 3580 sumus,
2765 3524 2824 3570 ut
2852 3516 2919 3570 de
2955 3516 3055 3571 hoc
3089 3514 3228 3570 festo
3261 3514 3497 3570 breviter
3519 3529 3707 3585 agere-

2129 3610 2362 3664 tnus.At
2393 3624 2520 3662 vero
2560 3608 2794 3678 Spiritus
2820 3607 3019 3664 festum
3064 3623 3342 3677 nunquam
3378 3621 3536 3675 agere
3559 3606 3708 3662 desi-

2130 3714 2323 3753 namus
2350 3716 2363 3752 :
2388 3713 2572 3752 verum
2595 3696 2724 3751 illud
2746 3699 3104 3759 celebremus,
3124 3698 3175 3750 in
3206 3696 3454 3766 praesenti
3484 3696 3702 3765 quidem

2127 3796 2235 3841 vita
2259 3802 2523 3857 corpora-0
2545 3787 2708 3843 simul
2738 3802 2800 3840 ac
2813 3785 3082 3854 spirituali
3106 3786 3287 3850 modo,
3315 3794 3435 3853 post
3453 3792 3698 3838 nostrum

2129 3889 2308 3934 autem
2334 3894 2400 3933 ex
2426 3880 2527 3932 hac
2548 3878 2658 3932 vita
2680 3879 2982 3933 discessum
3009 3892 3235 3947 prorsus
3264 3875 3556 3947 spirituali.
3583 3873 3705 3941 Quo

2127 3972 2292 4025 etiam
2357 3980 2598 4039 tempore
2654 3982 2852 4023 causas
2905 3966 3169 4024 festorum
3224 3968 3705 4038 etexplieationes

2126 4080 2317 4119 earum
2349 4077 2551 4127 rerum,
2580 4076 2726 4129 quas
2761 4076 2908 4116 nunc
2940 4061 3256 4132 quaerimus,
3301 4061 3506 4116 clarius
3542 4058 3706 4130 aper-

2132 4157 2346 4223 tiusque
2410 4168 2802 4222 cognoscemus
2833 4194 2848 4221 ,
2897 4153 2953 4208 in
3014 4153 3252 4217 Christo,
3286 4155 3377 4224 qui
3425 4154 3704 4222 justorum

2131 4262 2318 4300 verum
2358 4244 2559 4300 festum
2588 4257 2671 4300 est
2701 4254 2756 4299 et
2813 4245 3129 4311 exsultatio,
3160 4262 3282 4301 eum
3316 4261 3425 4315 quo
3456 4245 3623 4315 gloria
3653 4255 3707 4300 et

2129 4339 2411 4394 veneratio
2438 4337 2581 4394 Patri
2609 4349 2662 4395 et
2693 4348 2886 4395 sancto
2914 4337 3138 4410 Spiritui
3172 4350 3222 4394 et
3259 4353 3403 4393 nunc
3436 4346 3489 4392 et
3518 4338 3571 4391 iu
3602 4354 3706 4393 ste-

2132 4430 2253 4487 cula
2320 4431 2669 4487 saeculorum.
2706 4432 2906 4486 Amen.

539 4800 649 4869 ('56)
685 4801 785 4856 Per
835 4805 1154 4874 gratiarum.
1190 4804 1317 4859 llaec
1351 4804 1511 4860 verba
1552 4804 1690 4859 alius
1726 4802 2029 4874 cujuspiam
2102 4800 2418 4874 interpretis
2448 4816 2568 4859 esse
2598 4803 2872 4870 videntur,
2909 4820 3007 4859 nec
3065 4800 3117 4857 in
3171 4817 3291 4857 meo
3348 4801 3533 4856 Niceta
3607 4802 3702 4858 lia~

458 4868 674 4925 bentur.
