4116 6410
472 350 611 413 16ὃῖ

1893 360 2276 420 ΑΒΟΕΝΒᾹ.

3596 362 3627 426 1
3642 358 3735 423 i8‘i

471 483 651 522 sorem
690 468 742 522 itt
778 468 845 523 iis
880 483 1000 538 qua:
1045 468 1303 537 prmelare
1345 481 1375 521 a
1417 468 1782 524 sanctissimis
1814 480 1867 525 et
1911 471 2043 525 divi-

2155 472 2463 545 κρατοῦντα
2502 473 2953 543 ἐπιψηφίζεσθαι,
2990 473 3086 528 καὶ
3132 473 3324 544 ὥσπερ
3356 474 3420 545 δὴ
3448 475 3735 546 συμπράτ-

470 561 718 617 ttissintis
755 560 1127 631 pontilieilius,
1165 561 1396 631 ipsoque
1431 562 1783 617 sanctissimo
1818 564 2049 633 patriar-

470 655 570 708 clta
600 655 815 709 decreta
845 663 993 716 sunt,
1018 664 1073 707 et
1098 661 1249 709 recte
1274 652 1594 709 constituta.
1620 653 1891 719 Quoniam
1920 672 2050 723 ergo

470 763 568 817 per
602 747 928 802 sententiam
970 746 1288 816 synodalem
1331 746 1501 814 Aprili
1545 762 1733 801 mense
1779 749 2047 818 prwterita

470 838 767 892 indictione
802 850 996 907 quarta
1046 840 1446 909 promulgatam
1480 856 1509 894 a
1547 839 1723 896 felicis
1773 843 2051 896 memoria:

467 930 804 999 patriarcha,
837 929 1060 983 domino
1094 928 1307 985 Joanne
1342 929 1647 1001 Xipltilino,
1675 941 1728 988 et
1755 948 1785 987 a
1819 934 2049 989 sanctis-

466 1023 624 1077 simis
674 1023 1112 1091 metropolitanis
1158 1032 1213 1078 ct
1263 1023 1727 1095 arcltiepisc0pis,
1778 1034 2050 1096 quotquot

469 1115 519 1166 id
570 1114 835 1182 temporis
889 1113 957 1168 ad
1010 1114 1199 1169 urbem
1254 1114 1658 1183 imperatrieem
1710 1126 1888 1178 erant.
1933 1134 2049 1172 ma-

462 1204 633 1271 iestas
670 1218 788 1257 mea
824 1202 1031 1266 didicit,
1065 1203 1117 1257 in
1149 1220 1213 1259 ea
1244 1204 1457 1275 synodo
1484 1206 1551 1259 de
1585 1206 1811 1261 incestis
1849 1208 2049 1277 nuptiis

465 1308 587 1347 esse
636 1294 944 1362 cognitum,
998 1308 1239 1362 quonam
1295 1296 1505 1350 scilicet
1559 1305 1714 1362 pacto
1764 1297 2049 1365 prohibita;

464 1386 670 1455 nuptiae
698 1385 1003 1439 secundum
1038 1400 1228 1441 sacros
1258 1401 1497 1442 canones
1531 1396 1694 1457 atque
1725 1388 1870 1459 leges
1901 1388 2047 1444 inhi-

465 1474 583 1529 beri
629 1474 886 1541 debeaut,
935 1483 990 1529 et
1027 1475 1124 1544 qui
1172 1475 1416 1532 vicissim
1461 1492 1538 1532 ea:
1588 1477 1769 1532 locum
1824 1478 2045 1546 habere,

462 1580 583 1635 quae
631 1565 935 1620 secundum
990 1567 1137 1636 leges
1200 1567 1379 1634 ﬁunt,
1447 1583 1546 1623 nec
1598 1570 1791 1640 synodi
1839 1571 2047 1640 judicio

459 1663 755 1709 vetantur:
793 1664 957 1725 atque
988 1656 1092 1711 ltoc
1143 1659 1365 1714 nomine
1414 1660 1685 1729 majestati
1735 1677 1870 1717 mea:
1913 1680 2042 1734 sug-

463 1756 673 1818 gestum
721 1756 825 1812 est,
865 1758 924 1803 ιιι
963 1750 1030 1803 ab
1069 1765 1131 1804 ea
1181 1751 1286 1805 tale
1334 1753 1616 1808 decretum
1666 1757 2041 1819 conﬁrmetur,

461 1852 530 1890 ne
556 1838 625 1891 ab
652 1837 839 1907 aliquo
869 1838 1007 1893 forte
1034 1840 1117 1894 vel
1150 1849 1317 1907 metu,
1352 1843 1438 1897 vel
1469 1843 1596 1898 dolo
1629 1846 1795 1911 malo,
1829 1846 1912 1900 vel
1938 1847 2045 1900 alio

460 1931 697 1998 quodam
751 1930 915 1985 modo
965 1947 1076 1985 non
1130 1931 1394 1988 laudabili
1462 1936 1804 1991 rescindatur
1856 1957 1869 1992 :
1920 1953 2043 1992 cum

461 2022 734 2092 ejusmodi
766 2040 852 2080 res
882 2024 1067 2080 divina
1092 2027 1166 2082 sit
1196 2038 1249 2082 et
1283 2030 1392 2099 pia,
1419 2046 1608 2100 preces
1639 2033 1853 2088 oblatas
1878 2050 2047 2089 exau-

458 2117 615 2183 divit,
665 2125 720 2172 et
763 2120 1094 2175 auctoritate
1128 2121 1415 2193 principali
1463 2126 1732 2193 placentia
1783 2128 1895 2183 Deo
1928 2145 2047 2184 cor-

458 2210 777 2276 roboravit,
844 2226 1017 2281 eaque
1094 2223 1316 2283 propter
1392 2230 1759 2275 sacrosancta:
1834 2224 2046 2294 synodo

459 2318 680 2371 quoque
746 2304 1125 2383 comprobata,
1180 2317 1240 2361 ut
1303 2324 1370 2363 ue
1422 2321 1569 2366 recte
1613 2314 1741 2367 olim
1798 2314 1936 2369 [aeta
1981 2318 2046 2371 de.

462 2408 607 2446 novo
658 2394 800 2449 male
860 2397 1272 2465 subvertantur,
1331 2416 1466 2456 neve
1534 2403 1658 2459 loco
1726 2416 2047 2462 moveantur

462 2481 713 2547 immota,
762 2485 1122 2556 profanaque,
1156 2497 1215 2543 ut
1260 2489 1334 2544 ita
1366 2491 1622 2559 dixerim,
1674 2494 1823 2551 (iant.
1859 2496 2047 2554 Sancit

460 2578 605 2631 enim
640 2576 897 2645 ntajestas
939 2593 1058 2633 mea
1088 2595 1183 2648 per
1212 2582 1314 2636 ltoc
1347 2597 1529 2639 aurea:
1566 2586 1726 2640 bullae
1755 2589 2042 2658 scriptum,

461 2679 523 2724 ut
574 2669 774 2724 factum
830 2672 963 2726 illud
1014 2688 1043 2726 a
1098 2676 1411 2743 patriarcha
1476 2682 1681 2747 pariter
1729 2690 1784 2735 et
1835 2684 2044 2753 synodo

461 2762 770 2825 decretum,
828 2762 1041 2815 [irinum
1097 2772 1387 2835 ratumque
1440 2769 1542 2831 sit,
1603 2785 1702 2823 nec
1751 2772 2040 2841 quisquam

460 2849 511 2903 id
553 2851 636 2904 vel
671 2851 819 2906 nudo
850 2854 1018 2907 verbo
1075 2854 1130 2908 in
1178 2855 1403 2911 dubium
1451 2860 1652 2915 audeat
1696 2879 1950 2919 revocare
1978 2881 2043 2922 ac

457 2942 790 2998 rescindere.
827 2942 962 2998 Nam
999 2946 1091 3013 qui
1135 2946 1262 3002 huic
1307 2964 1479 3005 sacrze
1516 2954 1877 3026 synodalique
1909 2973 2038 3012 son-

459 3033 644 3087 tentice
701 3034 1047 3102 adversatur,
1112 3053 1236 3093 mox
1292 3041 1409 3110 ipso
1462 3041 1610 3099 facto
1663 3047 1787 3100 lidei
1842 3060 2042 3104 nostrae

456 3123 826 3192 gubernacula
878 3128 1168 3193 subvertit,
1213 3141 1269 3185 et
1308 3134 1680 3190 anathematis
1735 3137 1913 3196 lactus
1958 3149 2040 3198 est

457 3227 608 3276 reus,
661 3215 1119 3288 abdicatusquea
1162 3236 1359 3291 magna
1413 3224 1652 3281 Ecclesia
1708 3240 2038 3297 removetur,

455 3303 602 3357 velut
636 3304 974 3363 inhumanus
1027 3317 1083 3363 et
1126 3313 1558 3379 consceleratos,
1615 3317 1709 3385 qui
1765 3329 1820 3372 et
1869 3335 2039 3373 cauo-

453 3396 621 3450 nibus
652 3397 974 3454 adversetur
1006 3410 1061 3455 et
1105 3402 1330 3457 eosdem
1386 3408 1665 3462 rescindat
1712 3417 1877 3479 atque
1907 3425 2039 3465 ροη-

452 3487 640 3541 vellat.
702 3486 913 3559 Quippe
969 3491 1231 3561 majestas
1300 3510 1415 3548 utea
1458 3498 1716 3565 prmclare
1745 3500 2039 3567 dijudieata

454 3588 718 3648 gestaque
744 3595 842 3647 per
868 3582 1039 3651 ipsam
1065 3585 1336 3656 synodum
1365 3587 1685 3658 obsignans,
1715 3603 2038 3662 praesentem

456 3670 597 3726 lianc
630 3672 867 3727 Auream
913 3675 1123 3731 Bullam
1168 3679 1555 3748 promulgavit,
1591 3685 1655 3736 ad
1703 3684 2035 3741 confirman-

454 3762 583 3816 dum
619 3772 674 3819 et
707 3766 1098 3823 stabiliendum
1146 3784 1232 3834 ea,
1277 3772 1378 3838 cui,
1419 3772 1580 3828 bullae
1614 3774 1797 3833 rubris
1845 3779 2039 3836 litteris

453 3853 800 3925 subscripsit,
829 3867 883 3913 et
924 3874 1021 3929 per
1051 3875 1146 3915 ea-s
1172 3862 1455 3917 veritatem
1486 3865 1772 3923 clariorem
1801 3871 2037 3939 dictans,

452 3958 642 3997 verum
684 3946 734 4000 ei
770 3948 1033 4018 sigillum,
1076 3952 1232 4021 quasi
1283 3953 1561 4022 quoddam
1602 3971 1827 4014 aureum
1861 3965 2040 4018 corol-

453 4034 673 4112 larium,
703 4040 981 4107 appendit.
1032 4047 1139 4098 An.
1174 4043 1363 4099 mundi
1396 4045 1557 4111 6598,
1591 4049 1693 4104 hac
1729 4051 1845 4121 ipsa
1880 4057 2035 4111 tertia

454 4126 773 4193 indictione,
802 4147 990 4188 mense
1016 4132 1299 4203 Januario,
1326 4154 1436 4207 quo
1466 4149 1520 4193 et
1552 4140 1638 4209 pia
1669 4143 2039 4219 divinitusque

454 4221 748 4276 constituta
786 4224 1050 4294 majestas
1088 4236 1272 4282 nostra
1306 4230 1657 4302 subscripsit.

451 4310 520 4363 δι’
568 4314 816 4385 ὲρυθρῶν
882 4322 1253 4388 γραμμάτων,
1299 4324 1393 4376 καὶ
1454 4325 1542 4379 διὰ
1585 4327 1794 4382 τούτων
1860 4332 1961 4403 τὴν
2029 4310 2291 4410 ἀλήθειαν

2154 582 2269 618 τειν
2299 567 2393 618 καὶ
2417 564 2786 635 ωνεδριάζειν
2817 568 2927 630 τοῖς
2956 567 3138 629 καλῶς
3173 565 3321 636 παρὰ
3355 565 3465 617 τῶν
3497 565 3731 634 ίερωτά-

2154 673 2263 709 των
2295 659 2388 711 καὶ
2421 656 2714 711 θειοτάτων
2739 658 3087 729 ἀρχιερέων,
3136 658 3232 711 καὶ
3271 657 3435 711 αὐτοῦ
3486 657 3582 711 τοῦ
3628 676 3735 711 πα-

2152 750 2333 820 νιέρου
2370 750 2712 821 πατριάρχου
2740 749 3065 821 ψηφισθεῖσί
3088 767 3147 804 τε
3195 752 3291 803 καὶ
3322 751 3736 820 οίκονομηθεῖσι

2152 838 2356 900 καλῶς.
2413 840 2524 892 Καὶ
2572 840 2681 911 γὰρ
2733 841 2856 893 ἐπεὶ
2922 840 3248 911 διακρίσεως
3302 839 3415 913 [διὰ
3475 841 3734 913 κρίσεως]

2154 927 2439 997 συνοδικῆς
2468 928 2562 983 τοῦ
2597 929 2904 999 μακαρίτου
2937 930 3277 1000 πατριάρχου
3311 930 3505 1000 κυρίου
3539 930 3718 983 Ἰωαν-

2153 1036 2246 1072 νου
2287 1019 2380 1073 τοῠ
2410 1018 2685 1089 Ξιφιλίνου
2730 1022 3102 1091 γεγενημένης
3136 1022 3279 1075 κατὰ
3322 1022 3413 1076 τὸν
3452 1022 3730 1092 Ἀπρίλιον

2155 1114 2298 1183 μῆνα
2354 1113 2452 1180 τῆς
2511 1112 2894 1183 παρελθούσης
2946 1113 2987 1167 δ’
3035 1113 3383 1179 ίνδικτιῶνος,
3416 1115 3497 1166 ἔτι
3531 1133 3591 1168 τε
3629 1116 3726 1167 καὶ

2149 1203 2261 1256 τῶν
2314 1204 2435 1256 τότε
2491 1202 2875 1274 ὲνδημούντων
2942 1206 3084 1259 κατὰ
3155 1206 3255 1276 τὴν
3327 1206 3725 1276 βασιλεύουσαν

2152 1295 2465 1366 ίερωτὰτων
2498 1297 2917 1368 μητροπολιτῶν
2967 1300 3062 1352 καὶ
3096 1300 3577 1371 ἀρχιεπισκόπωιι,
3609 1303 3734 1355 ἀνέο

2154 1386 2325 1456 μαθεν
2356 1388 2389 1456 ἡ
2441 1386 2694 1457 βασιλεία
2749 1406 2874 1457 μου,
2929 1390 3010 1442 ὅτι
3068 1392 3364 1457 συνοδικῶς
3412 1392 3610 1463 ἐκρίθη
3661 1394 3733 1445 τὰ

2150 1478 2420 1549 περὶτῶν
2467 1480 2743 1550 ἀθεμίτων
2791 1481 3011 1549 γάμων,
3060 1485 3179 1546 πῶς
3229 1501 3287 1536 τε
3337 1484 3648 1553 ὀφείλουσιν
3682 1488 3731 1537 οἱ

2151 1570 2525 1639 κεκωλυμένοι
2567 1570 2711 1624 κατὰ
2738 1574 2865 1635 τοὺς
2911 1574 3085 1634 θείους
3117 1576 3348 1639 κανόνας
3393 1577 3489 1629 καὶ
3534 1579 3732 1647 νόμους

2150 1662 2613 1730 ἀναχαιτίζεσθαι,
2646 1666 2741 1716 καὶ⁸
2777 1665 2894 1726 πῶς
2928 1666 3245 1736 προϐαίνειν
3278 1668 3328 1719 οἱ
3354 1667 3497 1721 κ).τά
3526 1667 3727 1738 νόμους

2148 1754 2445 1820 γινόμενοι,
2514 1758 2608 1808 καὶ
2676 1756 2763 1826 -μὴ
2828 1757 3125 1821 συνοδικῶς
3205 1758 3566 1827 κωλυόμενοι,
3631 1763 3728 1813 καὶ

2150 1847 2479 1916 ὑπεμνήσθη
2530 1847 2722 1902 τούτου
2777 1850 2965 1904 ἕνεκεν
3009 1854 3041 1922 ἠ
3101 1852 3348 1922 βασιλεία
3400 1871 3527 1922 μου,
3588 1852 3730 1907 ὥστε

2149 1941 2559 2012 ἐπικυρωθῆναι
2602 1943 2735 2015 παρ’
2782 1946 2951 2015 αὐτῆς
3000 1947 3101 2018 τὴν
3128 1952 3385 2020 τοιαύτην
3416 1949 3621 2018 κρίσιν,
3656 1952 3730 2013 ὡς

2149 2032 2215 2083 ἂν
2254 2033 2327 2103 μὴ
2375 2035 2523 2104 παρά
2571 2052 2716 2099 τινος
2769 2037 2913 2091 κατά
2953 2040 3118 2107 φόϐον
3174 2042 3421 2112 τυχὸν,ἢ
3475 2043 3647 2109 δόλον,
3696 2045 3728 2115 ἢ

2146 2126 2347 2193 τρόπον
2396 2127 2554 2178 ἄλλον
2590 2128 2692 2180 οὐκ
2730 2129 3017 2183 ἐπαινετὸν
3087 2134 3476 2202 ἀνατρέποιτο,
3515 2136 3609 2188 καὶ
3661 2133 3730 2207 ἦν

2147 2216 2206 2268 τὸ
2241 2218 2479 2286 πρᾶγμα
2520 2216 2665 2271 θεῖον
2708 2220 2802 2272 καὶ
2860 2221 3126 2285 εὐσεϐές·
3160 2225 3437 2294 ἐπήκουσε
3476 2228 3577 2294 τῆς
3618 2228 3729 2281 τῶν

2148 2309 2489 2377 αἰτουμένων
2529 2312 2827 2381 αἰτήσεως,
2879 2315 2973 2365 καὶ
3029 2315 3372 2385 ὲπεκράτυνε
3431 2317 3728 2387 βασιλικῶς

2147 2402 2213 2454 τὰ
2240 2401 2316 2473 τῷ
2352 2401 2471 2472 Θεῷ
2498 2403 2777 2475 ἀρέσαντα
2823 2404 3208 2479 [ἀρέσκοντα],
3251 2411 3345 2461 καὶ
3386 2409 3527 2463 κατά
3565 2411 3728 2465 τοῦτο

2147 2494 2241 2547 καὶ
2273 2497 2339 2565 τῇ
2377 2494 2499 2566 θείᾳ
2543 2498 2635 2549 καὶ
2661 2496 2809 2568 ξάγίᾳ
2867 2499 3071 2570 συνόδῳ
3119 2500 3549 2566 συνοδοξάσαντα
3579 2502 3730 2574 [aw-

2145 2584 2422 2658 δόξαντα],
2473 2589 2548 2651 ὡς
2607 2589 2672 2642 ἂν
2742 2591 2814 2643 τὰ
2867 2591 3036 2645 πάλαι
3097 2595 3462 2664 πεπραγμένα
3518 2595 3724 2657 καλῶξο

2146 2679 2409 2748 ὲκκαινῆς
2461 2681 2649 2745 κακῶς
2710 2683 2784 2753 μὴ
2837 2684 3317 2755 ἀναμοχλεὺοιντο,
3360 2687 3454 2739 καὶ
3492 2687 3725 2757 ἀκνητλι

2150 2775 2534 2838 μετακινοῖντό
2592 2773 2691 2846 [ὡς
2743 2777 3007 2846 εὐκίνητα
3068 2777 3237 2850 μετ.],
3285 2780 3379 2831 καὶ
3423 2779 3496 2843 ὡς
3552 2783 3725 2832 εἰπεῖν

2146 2863 2336 2933 ἀνίερα
2374 2864 2608 2931 γίνοιντο
2633 2866 2977 2942 [γίγνοιντο]
3013 2872 3316 2941 Διορίζεται
3359 2874 3473 2943 γὰρ
3503 2874 3534 2941 ἡ
3564 2872 3722 2943 βασι-

2144 2955 2263 3007 λεία
2294 2973 2395 3026 μου
2426 2956 2511 3011 διὰ
2542 2957 2637 3011 τοῦ
2672 2961 2944 3030 παρόντος
2968 2962 3370 3033 χρυσοὸούλλου
3401 2965 3581 3034 λόγου,
3619 2967 3722 3035 τὴν

2144 3048 2449 3119 γενομένην
2505 3053 2921 3123 πατριαρχικὴν
2992 3056 3088 3107 καὶ
3149 3057 3439 3125 συνοδικξν
3505 3059 3725 3128 κρίσιν,

2148 3137 2375 3207 βεδαίαν
2422 3138 2600 3208 εῖναι,
2643 3145 2738 3196 καὶ
2789 3144 2864 3215 μὴ
2916 3147 3067 3216 παρά
3098 3164 3241 3212 τινος
3278 3151 3406 3221 ἄχρι
3449 3153 3539 3205 καὶ
3568 3151 3730 3218 ψιλοῦ

2141 3230 2235 3284 τοῦ
2263 3231 2422 3300 λόγου
2468 3234 2777 3303 τολμᾶσθαι
2817 3237 3214 3307 ἀνακρίνεσθαί
3254 3258 3312 3293 τε
3351 3246 3445 3297 καὶ
3498 3245 3725 3313 ἀνατρέ-

2139 3323 2360 3379 πεσθαι.
2403 3325 2738 3397 Αὺτόχρημα
2791 3330 2901 3400 γὰρ
2948 3335 2976 3385 ό
3031 3335 3383 3389 ἀντιπίπτων
3438 3338 3610 3409 ταύτῃ
3651 3342 3723 3409 τῇ·

2140 3416 2262 3489 θείᾳ
2300 3418 2395 3471 καὶ
2446 3422 2698 3495 συνοδικῇ
2748 3425 2968 3497 κρίσει,
3013 3429 3112 3499 τῆς
3162 3432 3438 3502 ἡμετέρας
3488 3423 3724 3493 πίστεωξ

2140 3513 2584 3583 προσανατρέπει
2634 3518 2761 3582 τοὺς
2795 3520 3013 3589 οἴακας,
3074 3525 3169 3576 καὶ
3208 3523 3518 3595 ἀναθέματι
3556 3524 3725 3578 καθυ-

2140 3601 2499 3673 ποϐέόληται,
2544 3609 2638 3662 καὶ
2687 3611 3076 3682 ἁποκήρυκτος
3127 3617 3282 3687 παρὰ
3332 3617 3432 3686 τῆς
3479 3617 3728 3687 μεγάλης

2158 3694 2486 3768 Ἐκκλησίας
2540 3702 3004 3771 ἀποκαθίσταται,
3047 3709 3141 3763 καὶ
3186 3712 3571 3780 ἀντιπράττων
3610 3715 3724 3774 τοῖς

2146 3787 2356 3849 κανόσι,
2399 3790 2494 3842 καὶ
2549 3792 2874 3865 ἀνατρέπων
2926 3799 3148 3863 τούτους
3208 3803 3303 3854 καὶ
3358 3801 3722 3866 διασαλεύων,

2143 3880 2518 3969 ἀπάνθρωπός
2571 3902 2632 3937 τε
2682 3887 2779 3941 καὶ
2837 3894 3304 3966 παρανομώτερος
3362 3896 3719 3969 [παρανομὼΔ

2141 3968 2348 4041 τατος].
2398 3973 2507 4025 Καὶ
2560 3975 2669 4045 γὰρ
2725 3979 3211 4051 ὲπισφραγίζουσα
3255 3987 3287 4056 ἡ
3330 3968 3583 4053 βασιλεία
3615 4005 3724 4058 μου

2145 4063 2220 4115 τὰ
2252 4066 2560 4136 κεκριμένα
2581 4069 2764 4136 καλῶς
2795 4076 2891 4128 καὶ
2935 4078 3368 4149 οίκονομηθέντα
3400 4080 3724 4143 συνοδικῶς,

2144 4154 2240 4207 καὶ
2302 4157 2364 4209 τὸ
2424 4161 2599 4231 παρὸν
2657 4163 2875 4230 ἐξέθετο
2932 4172 3350 4241 χρυσόσουλλον,
3389 4177 3470 4237 εἰς
3534 4173 3725 4226 smmi-

2148 4247 2316 4315 ρωσίν
2346 4266 2407 4302 τε
2439 4255 2533 4307 καὶ
2576 4258 2931 4331 στερεότητα,
2968 4264 3443 4337 ὐποτημηναμένη
3476 4270 3535 4321 ὲν
3571 4267 3722 4335 αὖτῴ

2351 4350 2674 4421 φανωτέραν
2733 4350 3176 4427 ὕπαγορεύουσα,
3230 4361 3479 4433 κορωνὴν
3527 4362 3726 4430 ὥσπερ

451 4402 536 4526 ῗήΒ
561 4421 691 4514 τινῖ
710 4410 942 4515 χρυτῆνί
982 4412 1082 4526 τῂν
1111 4412 1326 4526 ἀληθιῦς
1356 4418 1627 4487 σφραγῖδα
1660 4419 1839 4492 τούτῳ
1895 4402 2323 4502 ἀπαιωρῆσασα,
2363 4402 2424 4491 εν

456 4500 793 4568 ίνδικτιῶνος
844 4504 940 4557 τοῦ
999 4507 1335 4579 Ἰανουαρίου
1395 4512 1585 4581 μηνὸς,

455 4597 677 4667 κράτος.

1648 4517 1705 4568 ἐν
1756 4514 1799 4585 ᾧ
1846 4523 1941 4574 καὶ
2002 4524 2064 4577 τὸ
2105 4528 2377 4601 ἡμέτερον
2436 4538 2661 4604 εὐσεϐὲς
2692 4514 2807 4596 *καὶ
2853 4514 3277 4620 ⁷θεοπρόόλητον⁸
3324 4514 3723 4621 ὑπεσημηνατο

491 4740 3729 4831 M‘

1717 4887 1868 4932 INEU
1881 4892 1999 4935 NTE
2032 4894 2298 4940 SECULO‘
2330 4898 2450 4943 ΧΠ.

1162 5029 3026 5316 NICETAS_SEIDUS.

1808 5402 2356 5496 ΝΟΤΙῚῚΑ.

982 5553 1107 5619 (Leo
1138 5556 1352 5609 Allatius
1376 5562 1430 5609 in
1460 5562 1684 5614 Diattiba
1707 5566 1767 5617 de
1796 5566 2002 5633 Nicetis,
2036 5586 2115 5635 ap.
2151 5574 2331 5625 Maium
2366 5577 2489 5629 Bibl.
2532 5581 2658 5632 Nov.
2695 5584 2838 5634 Patr.
2864 5584 2947 5648 VI,
2978 5597 3029 5647 ιι,
3064 5587 3194 5653 492.)

521 5677 739 5737 Nicetas
774 5680 974 5740 Seidus
1008 5684 1107 5741 sub
1149 5686 1477 5756 imperatore
1522 5692 1715 5749 Alexio
1746 5695 2050 5765 Comueno,
2083 5714 2207 5754 cum
2245 5702 2450 5760 videret
2479 5721 2509 5761 a
2561 5706 2769 5765 Latinis
2799 5714 3049 5782 proponi,
3097 5716 3434 5785 opinionibus
3464 5720 3715 5780 Ecclesia:

452 5766 706 5824 Romanae
738 5780 988 5840 tanquam
1020 5775 1334 5842 antiquioris
1380 5779 1742 5836 inhaerendum
1791 5801 1921 5847 esse,
1955 5790 2432 5862 venerabilioraqne
2469 5814 2581 5852 esse
2623 5800 2767 5853 novis
2800 5766 3151 5871 antiquiora:
3191 5809 3410 5871 scripsit
3446 5813 3723 5872 adversus
