4070 6214
302 278 355 348 il
1499 282 2058 346 DEDICATIONES
2100 287 2166 346 LI
2183 285 2334 346 BRI.
3479 283 3547 348 12

290 397 483 450 Verbis
532 394 753 451 acribus
789 388 1181 464 expostulat",
1218 393 1318 448 viri
1372 394 1456 449 sui
1509 394 1678 449 nimia
1743 394 2009 450 modestia
2050 397 2370 465 contigisse,
2400 400 2459 449 ut
2506 395 2716 466 imperii
2766 396 3045 452 successio
3087 404 3207 467 post
3256 409 3543 451 excessum

298 483 474 536 Alexii
520 482 691 550 patris
725 481 792 537 ad
840 480 1108 537 Joannem
1144 481 1327 552 potius
1374 480 1624 547 fratrem,
1661 483 1786 535 licet
1843 480 2118 550 juniorem
2166 498 2228 534 ac
2265 491 2387 551 post
2424 496 2483 535 se
2536 497 2641 534 non
2680 483 2856 536 solum
2904 492 3109 547 natam,
3157 482 3251 535 sed
3281 482 3444 535 etiam
3479 486 3546 538 ad

302 570 594 638 imperium
654 568 993 640 designatam
1048 569 1336 639 genitum,
1374 568 1757 631 delabi-retur;
1798 567 1945 637 jure,
1985 569 2129 639 quod
2179 586 2242 623 ex
2293 570 2646 637 praerogativa
2685 570 2897 634 wtatis;
2929 585 3048 640 spe,
3097 585 3260 636 quam
3289 586 3319 623 e
3353 572 3547 626 matris

301 656 484 710 studio
522 665 576 710 ct
615 669 975 727 cognatorum
1024 670 1124 726 pro
1161 672 1221 710 se
1253 655 1660 724 conjurantiuui
1698 657 1975 710 voluntate
2013 666 2216 710 certam
2255 658 2527 719 habebat,
2565 656 2942 725 intempestiva
2976 656 3159 709 mariti
3198 656 3546 726 philosophia

298 744 574 810 corruptis
611 757 673 798 ac
721 743 974 813 proditis.
1016 743 1294 798 Adversus
1326 742 1469 796 hanc
1518 742 1955 796 criminationem
1993 746 2080 797 vix
2112 753 2197 798 est
2241 755 2299 798 ut
2338 745 2476 800 satis
2514 742 2883 814 Nicephorum
2925 760 3025 798 sua
3059 745 3236 798 virtus
3271 753 3489 800 tueatur
3528 762 3542 799 :

306 830 660 899 popularibus
699 830 782 883 vel
811 828 1148 899 praejudiciis
1188 828 1269 883 vel
1305 828 1504 883 studiis
1546 828 1833 881 ambitioni
1884 830 2131 885 mulieris
2157 832 2359 899 potius,
2395 848 2557 900 quam
2590 832 2690 886 viri
2742 832 3106 885 moderationi
3143 832 3543 900 sul'fragaturis.

304 919 381 969 Ae
408 932 600 985 parum
634 918 789 971 abest
811 917 942 985 quin
970 915 1074 985 ipsi
1098 916 1264 970 etiam
1298 914 1568 979 historici,
1594 931 1733 986 quos
1763 917 2044 985 sapientia:
2076 934 2299 974 causam
2329 921 2608 988 suscipere
2635 919 2883 982 decebat,
2919 919 3185 974 socordiae
3214 921 3545 991 Bryeunium

304 1021 367 1060 ac
389 1007 630 1075 stuporis
663 1006 766 1060 hoc
804 1004 1025 1060 nomine
1078 1005 1420 1059 insimulent.
1462 1006 1557 1059 ille
1613 1013 1795 1059 tamen
1833 1005 1976 1059 haud
2023 1008 2324 1060 concidens
2352 1009 2558 1071 animo,
2602 1008 2745 1063 hanc
2787 1009 3141 1078 quantumvis
3178 1007 3452 1063 difficilem
3483 1024 3549 1064 ac

305 1098 644 1161 desperatam
689 1092 992 1147 evicturum
1035 1104 1094 1146 se
1132 1105 1355 1145 causam
1390 1091 1551 1161 plane
1591 1090 1851 1156 conlidit,
1877 1100 1930 1146 te
1969 1094 2160 1161 utique
2188 1094 2394 1148 arbitra
2416 1137 2431 1161 ,
2458 1095 2617 1164 cujus
2649 1096 2740 1165 qui
2788 1110 2986 1150 sensus
3010 1096 3083 1149 sit
3112 1094 3331 1151 futurus
3363 1097 3416 1150 in
3452 1094 3549 1152 tali

304 1180 715 1243 controversia,
748 1186 877 1247 post
919 1192 983 1231 ea
1029 1192 1152 1247 quae
1206 1178 1413 1231 mundo
1449 1177 1653 1232 dudum
1702 1178 2054 1248 applaudeuti
2103 1180 2240 1236 mira
2266 1182 2564 1250 specimina
2610 1182 2824 1237 edidiSti
2873 1181 3159 1249 sapientiae
3203 1192 3546 1252 sceptrorum

305 1267 741 1336 contemptricis,
774 1266 1026 1321 dubitare
1073 1281 1234 1320 nemo
1269 1277 1377 1335 poti
1396 1277 1465 1321 st.
1505 1268 1683 1336 Atque
1717 1265 1860 1320 idem
1901 1266 2167 1322 hactenus
2197 1277 2408 1322 tantum
2447 1269 2533 1323 sui
2565 1268 2746 1323 meriti
2778 1269 3115 1324 conscientia
3154 1270 3368 1333 nititur,
3403 1280 3459 1325 ut
3491 1286 3554 1326 se

305 1354 719 1420 absolvendum,
775 1362 828 1407 te
880 1353 1086 1422 judice,
1130 1364 1342 1407 certum
1378 1353 1612 1421 habeat;
1654 1352 1878 1407 minime
1917 1370 2046 1409 vero
2089 1366 2151 1409 ut
2201 1356 2444 1423 aspirare
2484 1355 2631 1410 ausit
2674 1356 2743 1411 ad
2791 1355 3159 1425 aequalitatem
3193 1357 3371 1412 laudis
3417 1366 3549 1412 tute.

305 1440 508 1509 Nempe
534 1440 648 1508 ipse
681 1440 969 1510 imperium
1014 1440 1127 1494 lilio
1170 1455 1199 1492 a
1226 1451 1379 1508 patre
1417 1440 1657 1510 legitime
1687 1441 1943 1495 traditum
1987 1441 2252 1496 violenter
2284 1441 2612 1511 intercipere
2647 1456 2814 1512 gener
2852 1442 3173 1511 temperavit
3203 1459 3218 1495 :
3249 1458 3414 1512 quam
3445 1445 3549 1498 hoc

307 1525 450 1581 infra
486 1529 656 1581 decus
700 1538 877 1590 tuum,
908 1529 1273 1583 Scrcnissima
1304 1529 1541 1596 Regina!
1566 1527 1646 1583 Tu
1679 1529 1822 1583 enim
1854 1542 2079 1597 regnum
2111 1528 2349 1598 amplum
2380 1537 2432 1582 et
2461 1528 2663 1583 ﬂorens
2693 1528 2884 1583 multis
2918 1529 3077 1584 annis
3101 1530 3552 1598 tranquillissime

306 1630 645 1681 possessum,
682 1615 737 1669 in
789 1630 998 1670 summa
1030 1630 1215 1670 rerum
1257 1616 1501 1669 omnium
1545 1614 1803 1669 felicitate
1835 1625 1889 1669 et
1922 1630 2043 1685 quae
2075 1614 2202 1670 inde
2236 1616 2483 1671 nascitur
2516 1615 2840 1686 populorum
2889 1617 3289 1682 benevolentia,
3320 1617 3550 1687 sapicu-

307 1706 516 1759 tissime
547 1706 935 1774 gubernatum,
961 1720 1238 1774 generosa:
1270 1707 1470 1759 mentis
1499 1705 1721 1761 heroico
1752 1708 2032 1776 proposito
2065 1713 2261 1774 sponte
2288 1704 2576 1762 abdicasti.
2610 1702 2977 1773 Magnificum,
3011 1703 3245 1768 illustre,
3274 1703 3466 1774 ingens
3495 1714 3551 1760 ct

306 1794 411 1847 alte
439 1809 608 1862 supra
641 1793 942 1848 mediocria
974 1805 1118 1848 recte
1164 1792 1305 1847 facta
1352 1793 1602 1848 eminens
1635 1791 1876 1849 facinus!
1915 1792 2073 1859 Quod
2111 1802 2293 1847 tamen
2323 1792 2613 1861 augustius
2653 1791 3001 1861 diviniusque
3040 1806 3150 1856 res,
3186 1792 3348 1859 cujus
3375 1793 3549 1860 gratia
3648 1842 3651 1844 _

306 1890 624 1950 susceptum
652 1888 760 1947 est,
794 1881 979 1936 efficit.
1006 1883 1322 1952 Agnoveras
1370 1880 1697 1935 catholicam
1739 1881 2057 1951 veritatem;
2096 1889 2153 1935 et
2190 1880 2418 1935 nebulas
2447 1877 2716 1935 haeretica
2754 1877 2985 1945 fraudis,
3015 1887 3132 1934 toto
3164 1877 3549 1948 Septentrioue

310 1968 519 2021 «ludum
568 1968 797 2031 oll‘usas,
824 1967 1021 2022 mentis
1052 1968 1313 2023 divinitus
1343 1968 1625 2022 illustrat-te
1662 1965 1804 2022 felici
1850 1968 2181 2037 perspicacia
2207 1967 2570 2024 discusseras.
2595 1965 2869 2022 Arcebant
2895 1980 2963 2020 ne
2988 1980 3278 2036 sequerere
3307 1965 3546 2020 oblatam

309 2058 485 2108 lucem
526 2054 709 2108 infula:
760 2069 826 2108 ac
883 2053 1188 2109 diademata
1214 2093 1229 2117 ,
1273 2054 1683 2108 tenacissimum
1725 2055 2070 2108 vinculorum
2122 2068 2316 2121 genus.
2361 2052 2441 2107 Tu
2496 2060 2676 2107 tamen
2728 2051 2954 2107 collecta
2998 2051 3054 2106 in
3098 2060 3148 2105 te
3177 2067 3343 2106 unam
3385 2052 3548 2106 trium

303 2139 665 2194 Orientalium
698 2138 805 2193 fide
837 2153 903 2193 ac
946 2139 1144 2208 pietate
1170 2154 1382 2208 regum,
1423 2138 1702 2194 Christum
1738 2141 1865 2194 olim
1907 2138 2074 2195 stella:
2103 2138 2297 2203 ductu,
2326 2136 2538 2194 Herode
2570 2139 2774 2193 frustra
2811 2138 3081 2207 ringente,
3110 2153 3358 2207 quaerere
3384 2152 3550 2195 auso-

308 2242 449 2287 rum.
508 2227 696 2297 regina
750 2227 913 2280 trium
974 2228 1327 2295 pOpuloi-um,
1370 2229 1646 2297 perruptis
1700 2227 1958 2281 omnibus
2014 2229 2335 2293 obstaculis,
2372 2229 2439 2284 ad
2490 2228 2693 2284 Christi
2749 2228 3037 2292 vicarium,
3079 2230 3271 2283 haeresi
3319 2230 3547 2291 calcata.

305 2315 638 2379 cucurristi;
686 2318 830 2368 vera:
870 2313 1148 2383 religionis
1199 2315 1514 2368 esercendae
1552 2313 1864 2368 facultatem
1908 2316 2048 2369 haud
2096 2331 2229 2370 caro
2277 2317 2385 2371 emi
2434 2325 2551 2371 rata
2585 2317 2805 2387 jactura
2856 2331 3170 2387 regnorum.
3217 2315 3390 2371 Macte
3425 2333 3547 2370 rara

307 2406 479 2475 gloria
507 2403 946 2460 inusitatissimte
967 2403 1211 2467 virtutis,
1247 2416 1353 2471 qua
1379 2402 1626 2474 dynastis
1648 2401 1966 2459 Borealibus
1986 2405 2159 2474 prima
2179 2412 2302 2474 post
2323 2403 2599 2460 funestam
2623 2402 2985 2458 defectionem
3016 2403 3225 2457 illarum
3260 2402 3544 2472 regionum

306 2497 519 2563 signum
550 2492 784 2562 exempli
817 2492 1075 2546 salutaris
1102 2491 1380 2546 extulisti.‘
1418 2491 1522 2545 Sed
1571 2490 1686 2545 haee
1715 2492 1980 2561 ampliora
2020 2501 2150 2547 sunt
2174 2507 2338 2562 quam
2383 2501 2442 2547 ut
2474 2491 2743 2560 angustiis
2782 2491 3027 2561 epistola:
3053 2491 3254 2545 arctari
3295 2490 3547 2546 debeant.

308 2584 386 2635 Ad
449 2579 777 2651 Bryennium
832 2580 1016 2634 redeo.
1056 2578 1161 2645 Qui
1210 2579 1353 2634 lmuc
1406 2594 1566 2634 suum
1612 2578 1666 2632 in
1714 2580 1986 2646 publicam
2032 2580 2207 2634 lucem
2249 2580 2510 2645 reditum,
2542 2587 2708 2647 atque
2745 2578 2799 2632 in
2842 2578 3052 2631 Latium
3111 2577 3430 2638 transitura,
3476 2578 3547 2630 ita

306 2672 524 2720 deruunt
548 2668 894 2735 auspicatum
922 2665 1036 2719 fore
1069 2664 1401 2734 intelligens,
1436 2665 1480 2719 si
1521 2665 1851 2736 benignitate
1881 2666 2087 2721 favoris
2115 2669 2216 2733 tui,
2243 2669 2398 2736 quasi
2427 2667 2561 2721 astri
2593 2666 2791 2719 natalis
2822 2665 3064 2720 bcnefico
3110 2675 3334 2734 aspectu
3376 2670 3546 2719 fortu-

309 2762 489 2815 uctur,
523 2762 575 2807 te
602 2752 795 2817 ambit,
826 2753 925 2807 tibi
971 2752 1265 2823 supplicat,
1321 2761 1474 2806 tuum
1517 2754 1881 2823 patrocinium
1917 2755 2195 2824 implorat.
2232 2751 2406 2808 Suum
2452 2761 2713 2823 pra-terea
2745 2753 2828 2821 (ut
2864 2761 2949 2806 est
2980 2755 3144 2805 homo
3179 2753 3553 2822 gratissimus)

308 2851 695 2894 remuneratur
738 2839 1090 2907 interpretem
1124 2856 1138 2892 :
1171 2840 1300 2893 dum
1340 2854 1465 2893 eum
1513 2839 1657 2894 velut
1704 2838 1974 2908 Majestati
2022 2841 2154 2896 Tute
2200 2841 2617 2897 devotissimum
2659 2839 2912 2895 clientem
2962 2838 3446 2909 amplitudinisque
3485 2852 3552 2891 ac

306 2927 495 2996 gloriae
524 2927 996 2983 studiosissimum
1035 2936 1163 2992 tuae,
1216 2927 1495 2997 obsequiis
1538 2926 1834 2982 admovere
1866 2931 2063 2983 vestris
2092 2940 2146 2983 et
2177 2928 2461 2983 insinuare
2500 2926 2689 2997 gratia:
2735 2935 2997 2993 conatur;
3040 2927 3182 2980 haud
3216 2941 3347 2981 sane
3371 2926 3559 2979 fucato

307 3015 641 3078 testimonio,
671 3014 871 3085 quippe
901 3031 932 3070 a
978 3014 1136 3071 factis
1174 3030 1389 3086 seraper
1436 3015 1739 3086 solidisque
1775 3014 1989 3080 olliciis,
2023 3015 2115 3070 ubi
2152 3030 2333 3086 operae
2377 3014 2644 3071 navandae
2692 3014 2915 3071 occasio
2950 3016 3248 3078 vocaverit,
3296 3013 3454 3069 fidem
3487 3027 3555 3065 ac

305 3102 744 3171 experimentum
777 3102 1054 3158 habituro.

375 3253 412 3286 "
435 3252 592 3324 Apud
633 3254 1229 3331 Nicelamﬁhouialcm
1268 3258 1361 3313 lib.
1394 3274 1433 3311 ι.

915 3597 1306 3651 marmora
1322 3597 1414 3667 Τῌ
1453 3596 1593 3652 των
1628 3599 1865 3651 ΣΟΥΕΚ

1970 3636 1986 3663 ,
2025 3600 2314 3653 ΓΟΤΘΩΝ
2351 3602 2481 3658 ΚΑΙ
2529 3602 2961 3658 ΟΥΛΝΔΑΛΩΝ

1513 3754 1904 3824 ΒΑΣΙΛΙΣΣῌ
1950 3757 2309 3826 ΧΡΙΣΤΙΝῌ
2328 3795 2344 3822 ,

580 3909 1181 3966 ΑΠΟΛΕΙΦΘΕΙΣΗΣ
1206 3909 1327 3962 AIA
1376 3911 1518 3963 ΤΗΝ
1550 3911 1962 3964 ΕΥΣΕΒΕΙΑΝ
1997 3916 2398 3977 ΒΑΣΙΛΕΙΑΣ,
2434 3914 2684 3970 ΡΩΜΗΝ
2719 3915 3203 3968 ΕΙΣΕᾹΘΟΥΣΗ.

848 4207 1382 4265 SERENISSMLE
1424 4206 1849 4275 SUECORUM,
1892 4210 2300 4269 GOTIIORUM
2346 4211 2439 4267 ET
2481 4210 3006 4268 WANDALORUN

1511 4363 1820 4420 REGINA‘.‘
1870 4364 2300 4422 CIIRISTIN/E
2330 4408 2346 4434 ,

990 4522 1307 4579 BELICTO
1359 4521 1452 4578 OB
1495 4521 1865 4577 ΡΙΕΤΑΤΕΜ

1972 4520 2195 4586 EGNO,
2236 4519 2501 4576 ΒΟΜΑΜ
2535 4520 2893 4578 ADEUNTI.

297 4826 496 4894 Roma,
539 4826 897 4895 triumphales
927 4822 1173 4879 lcstivior
1206 4825 1414 4878 instrue
1441 4840 1688 4894 pompas,

367 4916 436 4971 Et
463 4932 635 4971 novus
667 4915 891 4985 antiqua
923 4922 1093 4970 certet
1123 4914 1178 4968 in
1207 4913 1340 4969 urbe
1367 4912 1534 4969 decor
1567 4931 1582 4966 :

296 5009 413 5062 Non
449 5007 537 5061 hic
571 5022 865 5077 regnorum
891 5006 1151 5061 domitrix
1183 5004 1401 5060 Bellona
1435 5004 1760 5075 triumphos,

364 5098 529 5154 Orbis
551 5099 620 5152 ab
645 5097 856 5152 excidio
888 5097 1034 5152 nulla
1073 5109 1273 5166 tropaea
1306 5096 1459 5166 petit.

295 5194 427 5247 Arte
460 5207 599 5248 nova
621 5190 793 5261 pietas
823 5192 1019 5256 vincit,
1048 5192 1177 5260 quia
1207 5203 1423 5261 sceptra
1454 5202 1696 5258 recusat,

367 5287 664 5356 hegnaque
699 5299 804 5337 non
845 5298 1118 5354 pugnans,
1150 5283 1245 5337 sed
1286 5282 1515 5352 fugitiva
1547 5284 1754 5339 domat.

297 5374 479 5431 inclita
515 5376 806 5445 majorum,
842 5376 1015 5444 virgo,
1049 5376 1177 5428 dum
1219 5384 1433 5444 sceptra
1466 5375 1755 5444 relinquis,

369 5469 587 5537 Sceptra
623 5468 700 5522 tui
733 5469 926 5522 victrix
962 5466 1229 5521 nobiliora
1263 5467 1444 5535 capis;

293 5563 535 5614 b‘nlulere
553 5575 717 5629 regna
738 5560 838 5614 sibi
868 5574 1124 5630 magnum
1147 5568 1250 5623 εει,
1268 5574 1365 5613 sua
1385 5559 1630 5627 linquere
1653 5560 1825 5628 majus
1846 5576 1865 5623 ;

367 5651 590 5708 \‘iucerc
625 5652 963 5709 Clnistiuam
997 5669 1100 5708 non
1137 5651 1238 5706 nisi
1273 5652 1386 5707 sola
1422 5660 1592 5719 potes.

1891 4834 1941 4888 Α
1982 4826 2182 4880 Ἐσθλὰ
2207 4825 2614 4897 ϐριαμϐεύουσα
2646 4828 2821 4899 χαρᾶς
2852 4827 2927 4897 μὴ
2958 4825 3155 4894 φείδεο,
3188 4824 3396 4896 Ῥωμηδ,

2046 4917 2320 4989 Δίσχύνθῃ
2343 4918 2399 4971 δὲ
2432 4919 2499 4971 τὰ
2525 4920 2656 4990 πρὶν
2682 4918 2886 4989 κόσμια
2915 4917 3054 4986 πρὸς
3080 4917 3140 4968 τὸ
3169 4915 3287 4969 νέον
3313 4931 3325 4945 ·

1978 5008 2056 5059 Οὐ
2088 5009 2198 5079 γὰρ
2234 5010 2408 5078 ’Ἄρης
2439 5008 2660 5079 ἐχθρῶν
2682 5008 2924 5062 ἐπινίκια
2961 5005 3112 5059 δεινὰ
3131 5004 3434 5075 δαμέντων,

2043 5099 2180 5152 Bibe
2207 5100 2423 5168 σφαγῆς
2454 5086 2717 5170 μερόπων
2748 5099 2904 5168 τίμια
2943 5097 3115 5150 σκῦλα.
3146 5098 3325 5165 φέρει.

1972 5190 2135 5242 ’Δλλὰ
2154 5192 2349 5260 κρατεί
2368 5191 2428 5243 τὸ
2449 5191 2611 5254 σέϐας
2634 5188 3004 5261 βασιλεύματα
3023 5187 3136 5257 λαμ
3182 5189 3253 5258 ρὰ
3271 5190 3547 5261 πατῆσλν,

2048 5281 2313 5336 Ἔλλαϐεν
2336 5282 2458 5335 οὐδὲ
2487 5284 2658 5352 μάχη,
2689 5282 2826 5335 ἀλλά
2848 5279 2996 5350 φυγὴ
3028 5280 3090 5332 τὸ
3125 5282 3326 5350 χρή-,ος
3351 5298 3365 5313 ο

1967 5378 2231 5446 Παρθένε,
2262 5376 2370 5430 τῶν
2390 5376 2670 5446 προγόνων
2692 5374 3021 5443 ὑπερήξανα
3044 5372 3298 5443 σκῆπτρα
3323 5374 3537 5427 lumina

2036 5469 2156 5521 Σοῑο
2180 5469 2278 5539 μὲν
2308 5470 2367 5536 ἐξ
2398 5469 2569 5538 ἥττης
2601 5466 2727 5532 ἄξια
2760 5468 3018 5537 σκῆπτρα
3051 5468 3255 5538 νέμεις.

1967 5560 2140 5624 Κῦδος
2161 5562 2257 5631 ἔην
2279 5562 2584 5633 βκσὶλευμα
2610 5558 2820 5625 λαϐεῖν,
2843 5563 2988 5632 μέγα
3014 5560 3181 5632 Θαῦμ⁹
3204 5558 3539 5617 ἀπολείπειν,

2041 5656 2083 5708 Χ
2095 5659 2336 5725 ριστίναν
2373 5657 2427 5710 δὲ
2465 5655 2645 5725 δαμᾷν
2674 5654 2766 5708 σὸν
2802 5656 2962 5723 μόνον
2991 5657 3149 5726 ἔργον
3179 5654 3291 5721 ἔην.

3532 5801 3600 5899 ὑ

3492 5879 3647 5994 ’Ἄ

3611 5977 3701 6070 d’

3627 6066 3718 6120 II
