  <div class='ocr_page' id='page_1' title='image "/cluster/home/n/w/nwhite01/storage/ocr_20150623/127/hvd.32044073502411/013.png"; bbox 0 0 4070 6214; ppageno 0'>
   <div class='ocr_carea' id='block_1_1' title="bbox 278 266 3526 358">
    <p class='ocr_par' dir='ltr' id='par_1_1' title="bbox 278 266 3526 358">
     <span class='ocr_line' id='line_1_1' title="bbox 278 266 3526 358; baseline -0.008 0"><span class='ocrx_word' id='word_1_1' title='bbox 278 292 347 358; x_wconf 74' lang='lat' dir='ltr'><strong>l5</strong></span> <span class='ocrx_word' id='word_1_2' title='bbox 1370 282 1597 343; x_wconf 75' lang='lat' dir='ltr'><strong>PETRI</strong></span> <span class='ocrx_word' id='word_1_3' title='bbox 1637 277 1935 342; x_wconf 80' lang='lat' dir='ltr'><strong>POSSINI</strong></span> <span class='ocrx_word' id='word_1_4' title='bbox 1977 277 2399 339; x_wconf 81' lang='lat' dir='ltr'><strong>PR/EFATIO.</strong></span> <span class='ocrx_word' id='word_1_5' title='bbox 3458 266 3526 335; x_wconf 73' lang='grc'><strong>16</strong></span> 
     </span>
    </p>
   </div>
   <div class='ocr_carea' id='block_1_2' title="bbox 278 430 3113 463">
    <p class='ocr_par' dir='ltr' id='par_1_2' title="bbox 278 430 3113 463">
     <span class='ocr_line' id='line_1_2' title="bbox 278 430 3113 463; baseline -0 -20"><span class='ocrx_word' id='word_1_6' title='bbox 278 430 3113 463; x_wconf 74' lang='lat'><strong>__________________,______._____.______________________.__</strong></span> 
     </span>
    </p>
   </div>
   <div class='ocr_carea' id='block_1_3' title="bbox 843 615 2450 785">
    <p class='ocr_par' dir='ltr' id='par_1_3' title="bbox 843 615 2450 785">
     <span class='ocr_line' id='line_1_3' title="bbox 843 615 2450 785; baseline -0.005 -47"><span class='ocrx_word' id='word_1_7' title='bbox 843 768 856 785; x_wconf 37' lang='grc'><em>,</em></span> <span class='ocrx_word' id='word_1_8' title='bbox 903 622 1321 738; x_wconf 82' lang='lat' dir='ltr'><strong>PETRI</strong></span> <span class='ocrx_word' id='word_1_9' title='bbox 1417 616 1969 735; x_wconf 87' lang='lat' dir='ltr'><strong>POSSINI</strong></span> <span class='ocrx_word' id='word_1_10' title='bbox 2069 615 2450 730; x_wconf 61' lang='lat' dir='ltr'><strong>Pii/EE</strong></span> 
     </span>
    </p>
   </div>
   <div class='ocr_carea' id='block_1_4' title="bbox 1271 615 2878 785">
    <p class='ocr_par' dir='ltr' id='par_1_4' title="bbox 1290 615 2878 735">
     <span class='ocr_line' id='line_1_4' title="bbox 1290 615 2878 735; baseline -0.004 1"><span class='ocrx_word' id='word_1_11' title='bbox 1290 627 1321 735; x_wconf 93' lang='lat' dir='ltr'><strong>l</strong></span> <span class='ocrx_word' id='word_1_12' title='bbox 1417 616 1969 735; x_wconf 87' lang='lat' dir='ltr'><strong>POSSINI</strong></span> <span class='ocrx_word' id='word_1_13' title='bbox 2069 615 2878 730; x_wconf 57' lang='lat' dir='ltr'><strong>PRXEFATIO.</strong></span> 
     </span>
    </p>
   </div>
   <div class='ocr_carea' id='block_1_5' title="bbox 350 1035 3532 1109">
    <p class='ocr_par' dir='ltr' id='par_1_5' title="bbox 350 1035 3532 1109">
     <span class='ocr_line' id='line_1_5' title="bbox 350 1035 3532 1109; baseline -0.003 -2"><span class='ocrx_word' id='word_1_14' title='bbox 350 1051 538 1108; x_wconf 73' lang='lat' dir='ltr'><strong>Vidua:</strong></span> <span class='ocrx_word' id='word_1_15' title='bbox 571 1050 744 1105; x_wconf 74' lang='lat' dir='ltr'><strong>Anna:</strong></span> <span class='ocrx_word' id='word_1_16' title='bbox 777 1047 1073 1104; x_wconf 75' lang='lat' dir='ltr'><strong>Comnente</strong></span> <span class='ocrx_word' id='word_1_17' title='bbox 1102 1044 1367 1099; x_wconf 87' lang='lat' dir='ltr'><strong>amissum</strong></span> <span class='ocrx_word' id='word_1_18' title='bbox 1403 1050 1457 1096; x_wconf 90' lang='lat' dir='ltr'><strong>et</strong></span> <span class='ocrx_word' id='word_1_19' title='bbox 1488 1039 1685 1096; x_wconf 78' lang='lat' dir='ltr'><strong>misere</strong></span> <span class='ocrx_word' id='word_1_20' title='bbox 1712 1039 2055 1109; x_wconf 87' lang='lat' dir='ltr'><strong>deploratum</strong></span> <span class='ocrx_word' id='word_1_21' title='bbox 2092 1040 2268 1093; x_wconf 90' lang='lat' dir='ltr'><strong>virum</strong></span> <span class='ocrx_word' id='word_1_22' title='bbox 2307 1037 2671 1107; x_wconf 83' lang='lat' dir='ltr'><strong>Nicephorum</strong></span> <span class='ocrx_word' id='word_1_23' title='bbox 2704 1037 2975 1094; x_wconf 70' lang='lat' dir='ltr'><strong>Cresarem</strong></span> <span class='ocrx_word' id='word_1_24' title='bbox 3009 1035 3339 1109; x_wconf 82' lang='lat' dir='ltr'><strong>Bryennium</strong></span> <span class='ocrx_word' id='word_1_25' title='bbox 3369 1045 3532 1098; x_wconf 88' lang='lat' dir='ltr'><strong>Euri-</strong></span> 
     </span>
    </p>
   </div>
   <div class='ocr_carea' id='block_1_6' title="bbox 269 1125 3531 1213">
    <p class='ocr_par' dir='ltr' id='par_1_6' title="bbox 269 1125 3531 1213">
     <span class='ocr_line' id='line_1_6' title="bbox 269 1125 3531 1213; baseline -0.004 -19"><span class='ocrx_word' id='word_1_26' title='bbox 269 1143 428 1213; x_wconf 43' lang='lat' dir='ltr'><strong>pilleo</strong></span> <span class='ocrx_word' id='word_1_27' title='bbox 459 1141 606 1194; x_wconf 86' lang='lat' dir='ltr'><strong>velut</strong></span> <span class='ocrx_word' id='word_1_28' title='bbox 632 1137 868 1209; x_wconf 90' lang='lat' dir='ltr'><strong>quodam</strong></span> <span class='ocrx_word' id='word_1_29' title='bbox 912 1134 1168 1190; x_wconf 79' lang='lat' dir='ltr'><strong>Herculis</strong></span> <span class='ocrx_word' id='word_1_30' title='bbox 1201 1131 1466 1185; x_wconf 90' lang='lat' dir='ltr'><strong>miraculo</strong></span> <span class='ocrx_word' id='word_1_31' title='bbox 1508 1129 1810 1191; x_wconf 87' lang='lat' dir='ltr'><strong>reddimus,</strong></span> <span class='ocrx_word' id='word_1_32' title='bbox 1839 1128 1968 1182; x_wconf 90' lang='lat' dir='ltr'><strong>dum</strong></span> <span class='ocrx_word' id='word_1_33' title='bbox 2005 1127 2250 1182; x_wconf 80' lang='lat' dir='ltr'><strong>Alcxiadi</strong></span> <span class='ocrx_word' id='word_1_34' title='bbox 2297 1125 2611 1181; x_wconf 69' lang='lat' dir='ltr'><strong>thsarissaa</strong></span> <span class='ocrx_word' id='word_1_35' title='bbox 2647 1127 2793 1182; x_wconf 91' lang='lat' dir='ltr'><strong>illius</strong></span> <span class='ocrx_word' id='word_1_36' title='bbox 2837 1128 3123 1181; x_wconf 83' lang='lat' dir='ltr'><strong>tutturinis</strong></span> <span class='ocrx_word' id='word_1_37' title='bbox 3168 1132 3368 1199; x_wconf 89' lang='lat' dir='ltr'><strong>passim</strong></span> <span class='ocrx_word' id='word_1_38' title='bbox 3398 1149 3531 1200; x_wconf 52' lang='lat' dir='ltr'><strong>que-</strong></span> 
     </span>
    </p>
   </div>
   <div class='ocr_carea' id='block_1_7' title="bbox 269 1214 3530 1293">
    <p class='ocr_par' dir='ltr' id='par_1_7' title="bbox 269 1214 3530 1293">
     <span class='ocr_line' id='line_1_7' title="bbox 269 1214 3530 1293; baseline -0.002 -9"><span class='ocrx_word' id='word_1_39' title='bbox 269 1229 445 1284; x_wconf 86' lang='lat' dir='ltr'><strong>stilms</strong></span> <span class='ocrx_word' id='word_1_40' title='bbox 478 1226 672 1281; x_wconf 88' lang='lat' dir='ltr'><strong>acerba</strong></span> <span class='ocrx_word' id='word_1_41' title='bbox 705 1222 957 1293; x_wconf 79' lang='lat' dir='ltr'><strong>coitjugis</strong></span> <span class='ocrx_word' id='word_1_42' title='bbox 982 1220 1221 1275; x_wconf 81' lang='lat' dir='ltr'><strong>Caesaris</strong></span> <span class='ocrx_word' id='word_1_43' title='bbox 1251 1217 1363 1273; x_wconf 89' lang='lat' dir='ltr'><strong>fata</strong></span> <span class='ocrx_word' id='word_1_44' title='bbox 1395 1216 1712 1271; x_wconf 89' lang='lat' dir='ltr'><strong>lamentanti</strong></span> <span class='ocrx_word' id='word_1_45' title='bbox 1747 1214 1914 1287; x_wconf 85' lang='lat' dir='ltr'><strong>(quod</strong></span> <span class='ocrx_word' id='word_1_46' title='bbox 1945 1234 2083 1289; x_wconf 84' lang='lat' dir='ltr'><strong>opus</strong></span> <span class='ocrx_word' id='word_1_47' title='bbox 2124 1226 2251 1272; x_wconf 97' lang='lat' dir='ltr'><strong>ante</strong></span> <span class='ocrx_word' id='word_1_48' title='bbox 2279 1232 2454 1273; x_wconf 90' lang='lat' dir='ltr'><strong>annos</strong></span> <span class='ocrx_word' id='word_1_49' title='bbox 2486 1217 2698 1288; x_wconf 92' lang='lat' dir='ltr'><strong>aliquot</strong></span> <span class='ocrx_word' id='word_1_50' title='bbox 2725 1217 2832 1271; x_wconf 79' lang='lat' dir='ltr'><strong>luci</strong></span> <span class='ocrx_word' id='word_1_51' title='bbox 2858 1219 3129 1290; x_wconf 73' lang='lat' dir='ltr'><strong>dedimus)</strong></span> <span class='ocrx_word' id='word_1_52' title='bbox 3158 1220 3530 1292; x_wconf 77' lang='lat' dir='ltr'><strong>Bryettttiattos</strong></span> 
     </span>
    </p>
   </div>
   <div class='ocr_carea' id='block_1_8' title="bbox 270 1304 3531 1379">
    <p class='ocr_par' dir='ltr' id='par_1_8' title="bbox 270 1304 3531 1379">
     <span class='ocr_line' id='line_1_8' title="bbox 270 1304 3531 1379; baseline -0.001 -11"><span class='ocrx_word' id='word_1_53' title='bbox 270 1330 418 1371; x_wconf 90' lang='lat' dir='ltr'><strong>nunc</strong></span> <span class='ocrx_word' id='word_1_54' title='bbox 449 1312 873 1369; x_wconf 78' lang='lat' dir='ltr'><strong>commentarios</strong></span> <span class='ocrx_word' id='word_1_55' title='bbox 907 1308 1278 1379; x_wconf 73' lang='lat' dir='ltr'><strong>adiungimus,</strong></span> <span class='ocrx_word' id='word_1_56' title='bbox 1314 1319 1482 1374; x_wconf 70' lang='lat' dir='ltr'><strong>saepe,</strong></span> <span class='ocrx_word' id='word_1_57' title='bbox 1507 1304 1764 1367; x_wconf 90' lang='lat' dir='ltr'><strong>multum,</strong></span> <span class='ocrx_word' id='word_1_58' title='bbox 1799 1313 1853 1357; x_wconf 93' lang='lat' dir='ltr'><strong>et</strong></span> <span class='ocrx_word' id='word_1_59' title='bbox 1892 1307 2086 1360; x_wconf 90' lang='lat' dir='ltr'><strong>merito</strong></span> <span class='ocrx_word' id='word_1_60' title='bbox 2109 1306 2279 1359; x_wconf 87' lang='lat' dir='ltr'><strong>Annae</strong></span> <span class='ocrx_word' id='word_1_61' title='bbox 2310 1304 2384 1358; x_wconf 86' lang='lat' dir='ltr'><strong>ibi</strong></span> <span class='ocrx_word' id='word_1_62' title='bbox 2413 1304 2698 1372; x_wconf 87' lang='lat' dir='ltr'><strong>laudatos;</strong></span> <span class='ocrx_word' id='word_1_63' title='bbox 2733 1313 2788 1359; x_wconf 89' lang='lat' dir='ltr'><strong>et</strong></span> <span class='ocrx_word' id='word_1_64' title='bbox 2814 1306 2969 1359; x_wconf 85' lang='lat' dir='ltr'><strong>nobis</strong></span> <span class='ocrx_word' id='word_1_65' title='bbox 2985 1306 3262 1362; x_wconf 79' lang='lat' dir='ltr'><strong>Alexiante</strong></span> <span class='ocrx_word' id='word_1_66' title='bbox 3290 1310 3531 1367; x_wconf 65' lang='lat' dir='ltr'><strong>historiae</strong></span> 
     </span>
    </p>
   </div>
   <div class='ocr_carea' id='block_1_9' title="bbox 270 1388 3530 1464">
    <p class='ocr_par' dir='ltr' id='par_1_9' title="bbox 270 1388 3530 1464">
     <span class='ocr_line' id='line_1_9' title="bbox 270 1388 3530 1464; baseline -0.003 -8"><span class='ocrx_word' id='word_1_67' title='bbox 270 1401 608 1456; x_wconf 74' lang='lat' dir='ltr'><strong>illustrandae</strong></span> <span class='ocrx_word' id='word_1_68' title='bbox 630 1398 892 1453; x_wconf 82' lang='lat' dir='ltr'><strong>studiosis</strong></span> <span class='ocrx_word' id='word_1_69' title='bbox 913 1397 998 1451; x_wconf 90' lang='lat' dir='ltr'><strong>vel</strong></span> <span class='ocrx_word' id='word_1_70' title='bbox 1017 1409 1083 1450; x_wconf 91' lang='lat' dir='ltr'><strong>eo</strong></span> <span class='ocrx_word' id='word_1_71' title='bbox 1113 1395 1335 1449; x_wconf 85' lang='lat' dir='ltr'><strong>nomine</strong></span> <span class='ocrx_word' id='word_1_72' title='bbox 1359 1390 1771 1454; x_wconf 74' lang='lat' dir='ltr'><strong>desiderabiles,</strong></span> <span class='ocrx_word' id='word_1_73' title='bbox 1795 1390 1938 1460; x_wconf 89' lang='lat' dir='ltr'><strong>quod</strong></span> <span class='ocrx_word' id='word_1_74' title='bbox 1968 1405 2031 1444; x_wconf 73' lang='lat' dir='ltr'><strong>ex</strong></span> <span class='ocrx_word' id='word_1_75' title='bbox 2059 1390 2127 1444; x_wconf 89' lang='lat' dir='ltr'><strong>iis</strong></span> <span class='ocrx_word' id='word_1_76' title='bbox 2150 1388 2428 1443; x_wconf 90' lang='lat' dir='ltr'><strong>Comncna</strong></span> <span class='ocrx_word' id='word_1_77' title='bbox 2453 1399 2505 1443; x_wconf 93' lang='lat' dir='ltr'><strong>et</strong></span> <span class='ocrx_word' id='word_1_78' title='bbox 2521 1389 2792 1445; x_wconf 82' lang='lat' dir='ltr'><strong>scribendi</strong></span> <span class='ocrx_word' id='word_1_79' title='bbox 2811 1390 3120 1457; x_wconf 91' lang='lat' dir='ltr'><strong>consilium,</strong></span> <span class='ocrx_word' id='word_1_80' title='bbox 3152 1401 3207 1446; x_wconf 83' lang='lat' dir='ltr'><strong>et‘</strong></span> <span class='ocrx_word' id='word_1_81' title='bbox 3225 1395 3530 1464; x_wconf 87' lang='lat' dir='ltr'><strong>argumenti</strong></span> 
     </span>
    </p>
   </div>
   <div class='ocr_carea' id='block_1_10' title="bbox 270 1474 3521 1558">
    <p class='ocr_par' dir='ltr' id='par_1_10' title="bbox 270 1474 3521 1558">
     <span class='ocr_line' id='line_1_10' title="bbox 270 1474 3521 1558; baseline -0.002 -16"><span class='ocrx_word' id='word_1_82' title='bbox 270 1502 464 1558; x_wconf 83' lang='lat' dir='ltr'><strong>genus,</strong></span> <span class='ocrx_word' id='word_1_83' title='bbox 497 1494 550 1542; x_wconf 92' lang='lat' dir='ltr'><strong>et</strong></span> <span class='ocrx_word' id='word_1_84' title='bbox 583 1484 903 1555; x_wconf 66' lang='lat' dir='ltr'><strong>scriptionis</strong></span> <span class='ocrx_word' id='word_1_85' title='bbox 940 1484 1175 1539; x_wconf 86' lang='lat' dir='ltr'><strong>formam</strong></span> <span class='ocrx_word' id='word_1_86' title='bbox 1204 1495 1269 1536; x_wconf 90' lang='lat' dir='ltr'><strong>ac</strong></span> <span class='ocrx_word' id='word_1_87' title='bbox 1304 1479 1528 1534; x_wconf 91' lang='lat' dir='ltr'><strong>modum</strong></span> <span class='ocrx_word' id='word_1_88' title='bbox 1565 1493 1683 1533; x_wconf 84' lang='lat' dir='ltr'><strong>sese</strong></span> <span class='ocrx_word' id='word_1_89' title='bbox 1717 1478 1966 1532; x_wconf 82' lang='lat' dir='ltr'><strong>hausisse</strong></span> <span class='ocrx_word' id='word_1_90' title='bbox 1996 1474 2245 1547; x_wconf 73' lang='lat' dir='ltr'><strong>professa</strong></span> <span class='ocrx_word' id='word_1_91' title='bbox 2277 1491 2383 1531; x_wconf 90' lang='lat' dir='ltr'><strong>non</strong></span> <span class='ocrx_word' id='word_1_92' title='bbox 2423 1476 2730 1531; x_wconf 68' lang='lat' dir='ltr'><strong>semelest.</strong></span> <span class='ocrx_word' id='word_1_93' title='bbox 2761 1475 2869 1530; x_wconf 85' lang='lat' dir='ltr'><strong>Nec</strong></span> <span class='ocrx_word' id='word_1_94' title='bbox 2912 1488 3093 1532; x_wconf 75' lang='lat' dir='ltr'><strong>tamen</strong></span> <span class='ocrx_word' id='word_1_95' title='bbox 3132 1480 3185 1533; x_wconf 91' lang='lat' dir='ltr'><strong>in</strong></span> <span class='ocrx_word' id='word_1_96' title='bbox 3223 1482 3322 1534; x_wconf 81' lang='lat' dir='ltr'><strong>Itac</strong></span> <span class='ocrx_word' id='word_1_97' title='bbox 3364 1486 3521 1549; x_wconf 74' lang='lat' dir='ltr'><strong>quasi</strong></span> 
     </span>
    </p>
   </div>
   <div class='ocr_carea' id='block_1_11' title="bbox 268 1562 3520 1639">
    <p class='ocr_par' dir='ltr' id='par_1_11' title="bbox 268 1562 3520 1639">
     <span class='ocr_line' id='line_1_11' title="bbox 268 1562 3520 1639; baseline -0.002 -11"><span class='ocrx_word' id='word_1_98' title='bbox 268 1575 561 1631; x_wconf 81' lang='lat' dir='ltr'><strong>Alcestidis</strong></span> <span class='ocrx_word' id='word_1_99' title='bbox 586 1589 750 1630; x_wconf 84' lang='lat' dir='ltr'><strong>scena</strong></span> <span class='ocrx_word' id='word_1_100' title='bbox 784 1571 1053 1627; x_wconf 83' lang='lat' dir='ltr'><strong>invidiose</strong></span> <span class='ocrx_word' id='word_1_101' title='bbox 1080 1570 1349 1639; x_wconf 87' lang='lat' dir='ltr'><strong>gloriosas</strong></span> <span class='ocrx_word' id='word_1_102' title='bbox 1373 1566 1508 1622; x_wconf 88' lang='lat' dir='ltr'><strong>mihi</strong></span> <span class='ocrx_word' id='word_1_103' title='bbox 1543 1566 1875 1636; x_wconf 87' lang='lat' dir='ltr'><strong>sumpserim</strong></span> <span class='ocrx_word' id='word_1_104' title='bbox 1903 1564 2119 1619; x_wconf 81' lang='lat' dir='ltr'><strong>miriﬁci</strong></span> <span class='ocrx_word' id='word_1_105' title='bbox 2156 1562 2405 1619; x_wconf 86' lang='lat' dir='ltr'><strong>llerculis</strong></span> <span class='ocrx_word' id='word_1_106' title='bbox 2437 1573 2620 1633; x_wconf 87' lang='lat' dir='ltr'><strong>partes</strong></span> <span class='ocrx_word' id='word_1_107' title='bbox 2655 1580 2669 1618; x_wconf 88' lang='lat'><strong>:</strong></span> <span class='ocrx_word' id='word_1_108' title='bbox 2701 1564 2902 1634; x_wconf 79' lang='lat' dir='ltr'><strong>quippe</strong></span> <span class='ocrx_word' id='word_1_109' title='bbox 2928 1566 3015 1618; x_wconf 88' lang='lat' dir='ltr'><strong>cui</strong></span> <span class='ocrx_word' id='word_1_110' title='bbox 3043 1567 3226 1634; x_wconf 87' lang='lat' dir='ltr'><strong>potius</strong></span> <span class='ocrx_word' id='word_1_111' title='bbox 3257 1569 3309 1622; x_wconf 90' lang='lat' dir='ltr'><strong>in</strong></span> <span class='ocrx_word' id='word_1_112' title='bbox 3338 1569 3520 1624; x_wconf 81' lang='lat' dir='ltr'><strong>fabula</strong></span> 
     </span>
    </p>
   </div>
   <div class='ocr_carea' id='block_1_12' title="bbox 272 1643 3539 1733">
    <p class='ocr_par' dir='ltr' id='par_1_12' title="bbox 272 1643 3539 1733">
     <span class='ocr_line' id='line_1_12' title="bbox 272 1643 3539 1733; baseline -0.002 -16"><span class='ocrx_word' id='word_1_113' title='bbox 272 1665 367 1719; x_wconf 87' lang='lat' dir='ltr'><strong>tali</strong></span> <span class='ocrx_word' id='word_1_114' title='bbox 410 1664 624 1719; x_wconf 84' lang='lat' dir='ltr'><strong>Admeti</strong></span> <span class='ocrx_word' id='word_1_115' title='bbox 659 1650 894 1733; x_wconf 85' lang='lat' dir='ltr'><strong>persona</strong></span> <span class='ocrx_word' id='word_1_116' title='bbox 943 1658 1233 1714; x_wconf 78' lang='lat' dir='ltr'><strong>conveniat</strong></span> <span class='ocrx_word' id='word_1_117' title='bbox 1262 1658 1444 1712; x_wconf 83' lang='lat' dir='ltr'><strong>alieno</strong></span> <span class='ocrx_word' id='word_1_118' title='bbox 1472 1654 1740 1710; x_wconf 82' lang='lat' dir='ltr'><strong>beneficio</strong></span> <span class='ocrx_word' id='word_1_119' title='bbox 1794 1649 1989 1707; x_wconf 83' lang='lat' dir='ltr'><strong>felicis.</strong></span> <span class='ocrx_word' id='word_1_120' title='bbox 2023 1643 2168 1701; x_wconf 79' lang='lat' dir='ltr'><strong>Vivit</strong></span> <span class='ocrx_word' id='word_1_121' title='bbox 2201 1646 2434 1712; x_wconf 82' lang='lat' dir='ltr'><strong>Tolosae,</strong></span> <span class='ocrx_word' id='word_1_122' title='bbox 2489 1655 2544 1702; x_wconf 91' lang='lat' dir='ltr'><strong>et</strong></span> <span class='ocrx_word' id='word_1_123' title='bbox 2577 1647 2786 1702; x_wconf 86' lang='lat' dir='ltr'><strong>utinam</strong></span> <span class='ocrx_word' id='word_1_124' title='bbox 2841 1647 2934 1703; x_wconf 91' lang='lat' dir='ltr'><strong>diu</strong></span> <span class='ocrx_word' id='word_1_125' title='bbox 2981 1663 3046 1704; x_wconf 90' lang='lat' dir='ltr'><strong>ac</strong></span> <span class='ocrx_word' id='word_1_126' title='bbox 3092 1650 3539 1709; x_wconf 78' lang='lat' dir='ltr'><strong>fortunatissime-</strong></span> 
     </span>
    </p>
   </div>
   <div class='ocr_carea' id='block_1_13' title="bbox 274 1734 3527 1821">
    <p class='ocr_par' dir='ltr' id='par_1_13' title="bbox 274 1734 3527 1821">
     <span class='ocr_line' id='line_1_13' title="bbox 274 1734 3527 1821; baseline -0.004 -14"><span class='ocrx_word' id='word_1_127' title='bbox 274 1753 417 1808; x_wconf 89' lang='lat' dir='ltr'><strong>sicut</strong></span> <span class='ocrx_word' id='word_1_128' title='bbox 447 1752 647 1821; x_wconf 85' lang='lat' dir='ltr'><strong>dignus</strong></span> <span class='ocrx_word' id='word_1_129' title='bbox 686 1760 793 1814; x_wconf 90' lang='lat' dir='ltr'><strong>est,</strong></span> <span class='ocrx_word' id='word_1_130' title='bbox 832 1748 999 1809; x_wconf 85' lang='lat' dir='ltr'><strong>vivat,</strong></span> <span class='ocrx_word' id='word_1_131' title='bbox 1043 1746 1109 1801; x_wconf 72' lang='grc' dir='ltr'>ν.</span> <span class='ocrx_word' id='word_1_132' title='bbox 1142 1745 1204 1801; x_wconf 85' lang='lat' dir='ltr'><strong>C.</strong></span> <span class='ocrx_word' id='word_1_133' title='bbox 1239 1743 1510 1799; x_wconf 81' lang='lat' dir='ltr'><strong>Antonius</strong></span> <span class='ocrx_word' id='word_1_134' title='bbox 1547 1740 1790 1796; x_wconf 86' lang='lat' dir='ltr'><strong>Dadinus</strong></span> <span class='ocrx_word' id='word_1_135' title='bbox 1834 1737 2136 1801; x_wconf 86' lang='lat' dir='ltr'><strong>Altaserra,</strong></span> <span class='ocrx_word' id='word_1_136' title='bbox 2182 1734 2541 1821; x_wconf 81' lang='lat' dir='ltr'><strong>praerogativa</strong></span> <span class='ocrx_word' id='word_1_137' title='bbox 2583 1735 2965 1790; x_wconf 78' lang='lat' dir='ltr'><strong>excellentium</strong></span> <span class='ocrx_word' id='word_1_138' title='bbox 3017 1738 3332 1792; x_wconf 84' lang='lat' dir='ltr'><strong>meritorum</strong></span> <span class='ocrx_word' id='word_1_139' title='bbox 3374 1754 3527 1795; x_wconf 68' lang='lat' dir='ltr'><strong>extra</strong></span> 
     </span>
    </p>
   </div>
   <div class='ocr_carea' id='block_1_14' title="bbox 272 1820 3523 1906">
    <p class='ocr_par' dir='ltr' id='par_1_14' title="bbox 272 1820 3523 1906">
     <span class='ocr_line' id='line_1_14' title="bbox 272 1820 3523 1906; baseline -0.005 -11"><span class='ocrx_word' id='word_1_140' title='bbox 272 1852 475 1895; x_wconf 82' lang='lat' dir='ltr'><strong>sortem</strong></span> <span class='ocrx_word' id='word_1_141' title='bbox 505 1850 558 1893; x_wconf 90' lang='lat' dir='ltr'><strong>et</strong></span> <span class='ocrx_word' id='word_1_142' title='bbox 588 1836 1059 1906; x_wconf 85' lang='lat' dir='ltr'><strong>comparationutn</strong></span> <span class='ocrx_word' id='word_1_143' title='bbox 1098 1847 1276 1887; x_wconf 87' lang='lat' dir='ltr'><strong>moras</strong></span> <span class='ocrx_word' id='word_1_144' title='bbox 1303 1829 1514 1901; x_wconf 83' lang='lat' dir='ltr'><strong>judicio</strong></span> <span class='ocrx_word' id='word_1_145' title='bbox 1545 1826 1931 1884; x_wconf 81' lang='lat' dir='ltr'><strong>illustrissima:</strong></span> <span class='ocrx_word' id='word_1_146' title='bbox 1964 1822 2108 1877; x_wconf 86' lang='lat' dir='ltr'><strong>illius</strong></span> <span class='ocrx_word' id='word_1_147' title='bbox 2137 1821 2446 1876; x_wconf 72' lang='lat' dir='ltr'><strong>Academias</strong></span> <span class='ocrx_word' id='word_1_148' title='bbox 2480 1820 2708 1876; x_wconf 87' lang='lat' dir='ltr'><strong>allectus</strong></span> <span class='ocrx_word' id='word_1_149' title='bbox 2737 1822 2791 1891; x_wconf 88' lang='lat' dir='ltr'><strong>in</strong></span> <span class='ocrx_word' id='word_1_150' title='bbox 2837 1823 3238 1892; x_wconf 67' lang='lat' dir='ltr'><strong>arnplissimmn</strong></span> <span class='ocrx_word' id='word_1_151' title='bbox 3272 1826 3523 1880; x_wconf 75' lang='lat' dir='ltr'><strong>ordinem</strong></span> 
     </span>
    </p>
   </div>
   <div class='ocr_carea' id='block_1_15' title="bbox 277 1908 3538 1993">
    <p class='ocr_par' dir='ltr' id='par_1_15' title="bbox 277 1908 3538 1993">
     <span class='ocr_line' id='line_1_15' title="bbox 277 1908 3538 1993; baseline -0.006 -13"><span class='ocrx_word' id='word_1_152' title='bbox 277 1937 717 1988; x_wconf 83' lang='lat' dir='ltr'><strong>antecessorum,</strong></span> <span class='ocrx_word' id='word_1_153' title='bbox 756 1923 903 1992; x_wconf 90' lang='lat' dir='ltr'><strong>juris</strong></span> <span class='ocrx_word' id='word_1_154' title='bbox 931 1922 1042 1975; x_wconf 88' lang='lat' dir='ltr'><strong>illic</strong></span> <span class='ocrx_word' id='word_1_155' title='bbox 1081 1920 1369 1989; x_wconf 81' lang='lat' dir='ltr'><strong>utriusque</strong></span> <span class='ocrx_word' id='word_1_156' title='bbox 1398 1917 1581 1986; x_wconf 86' lang='lat' dir='ltr'><strong>regius</strong></span> <span class='ocrx_word' id='word_1_157' title='bbox 1614 1915 1909 1987; x_wconf 79' lang='lat' dir='ltr'><strong>professor.</strong></span> <span class='ocrx_word' id='word_1_158' title='bbox 1943 1910 1994 1965; x_wconf 74' lang='grc' dir='ltr'>ιε</span> <span class='ocrx_word' id='word_1_159' title='bbox 2029 1924 2093 1962; x_wconf 79' lang='lat' dir='ltr'><strong>ex</strong></span> <span class='ocrx_word' id='word_1_160' title='bbox 2125 1923 2233 1970; x_wconf 90' lang='lat' dir='ltr'><strong>me,</strong></span> <span class='ocrx_word' id='word_1_161' title='bbox 2268 1908 2492 1978; x_wconf 83' lang='lat' dir='ltr'><strong>quicum</strong></span> <span class='ocrx_word' id='word_1_162' title='bbox 2529 1908 2867 1963; x_wconf 85' lang='lat' dir='ltr'><strong>amicissime</strong></span> <span class='ocrx_word' id='word_1_163' title='bbox 2899 1910 3133 1976; x_wconf 83' lang='lat' dir='ltr'><strong>vivebat,</strong></span> <span class='ocrx_word' id='word_1_164' title='bbox 3171 1928 3294 1967; x_wconf 82' lang='lat' dir='ltr'><strong>cum</strong></span> <span class='ocrx_word' id='word_1_165' title='bbox 3331 1914 3538 1993; x_wconf 52' lang='lat' dir='ltr'><strong>sapius,</strong></span> 
     </span>
    </p>
   </div>
   <div class='ocr_carea' id='block_1_16' title="bbox 272 1996 3528 2078">
    <p class='ocr_par' dir='ltr' id='par_1_16' title="bbox 272 1996 3528 2078">
     <span class='ocr_line' id='line_1_16' title="bbox 272 1996 3528 2078; baseline -0.002 -12"><span class='ocrx_word' id='word_1_166' title='bbox 272 2010 677 2068; x_wconf 79' lang='lat' dir='ltr'><strong>eottfahulando</strong></span> <span class='ocrx_word' id='word_1_167' title='bbox 704 2008 1054 2078; x_wconf 69' lang='lat' dir='ltr'><strong>cognovisset</strong></span> <span class='ocrx_word' id='word_1_168' title='bbox 1082 2015 1288 2076; x_wconf 87' lang='lat' dir='ltr'><strong>quanto</strong></span> <span class='ocrx_word' id='word_1_169' title='bbox 1317 2002 1588 2060; x_wconf 83' lang='lat' dir='ltr'><strong>desiderio</strong></span> <span class='ocrx_word' id='word_1_170' title='bbox 1617 2014 1826 2056; x_wconf 88' lang='lat' dir='ltr'><strong>tenerer</strong></span> <span class='ocrx_word' id='word_1_171' title='bbox 1859 1997 2225 2068; x_wconf 81' lang='lat' dir='ltr'><strong>antiquissimi</strong></span> <span class='ocrx_word' id='word_1_172' title='bbox 2265 1997 2473 2052; x_wconf 74' lang='lat' dir='ltr'><strong>codicis</strong></span> <span class='ocrx_word' id='word_1_173' title='bbox 2501 1996 2794 2054; x_wconf 81' lang='lat' dir='ltr'><strong>Alexiados</strong></span> <span class='ocrx_word' id='word_1_174' title='bbox 2830 1998 3000 2053; x_wconf 75' lang='lat' dir='ltr'><strong>Annae</strong></span> <span class='ocrx_word' id='word_1_175' title='bbox 3027 2000 3343 2066; x_wconf 74' lang='lat' dir='ltr'><strong>Coroneum,</strong></span> <span class='ocrx_word' id='word_1_176' title='bbox 3367 2019 3528 2074; x_wconf 74' lang='lat' dir='ltr'><strong>quem</strong></span> 
     </span>
    </p>
   </div>
   <div class='ocr_carea' id='block_1_17' title="bbox 274 2086 3519 2164">
    <p class='ocr_par' dir='ltr' id='par_1_17' title="bbox 274 2086 3519 2164">
     <span class='ocr_line' id='line_1_17' title="bbox 274 2086 3519 2164; baseline -0.003 -12"><span class='ocrx_word' id='word_1_177' title='bbox 274 2115 302 2152; x_wconf 93' lang='lat' dir='ltr'><strong>a</strong></span> <span class='ocrx_word' id='word_1_178' title='bbox 331 2097 535 2153; x_wconf 83' lang='lat' dir='ltr'><strong>Jacoho</strong></span> <span class='ocrx_word' id='word_1_179' title='bbox 570 2096 796 2164; x_wconf 87' lang='lat' dir='ltr'><strong>Cujacio</strong></span> <span class='ocrx_word' id='word_1_180' title='bbox 830 2095 1073 2162; x_wconf 85' lang='lat' dir='ltr'><strong>principe</strong></span> <span class='ocrx_word' id='word_1_181' title='bbox 1098 2092 1620 2161; x_wconf 79' lang='lat' dir='ltr'><strong>jurisconsultm-utn</strong></span> <span class='ocrx_word' id='word_1_182' title='bbox 1657 2091 1722 2144; x_wconf 89' lang='lat' dir='ltr'><strong>ad</strong></span> <span class='ocrx_word' id='word_1_183' title='bbox 1752 2104 1903 2158; x_wconf 87' lang='lat' dir='ltr'><strong>spem</strong></span> <span class='ocrx_word' id='word_1_184' title='bbox 1945 2086 2205 2141; x_wconf 89' lang='lat' dir='ltr'><strong>editionis</strong></span> <span class='ocrx_word' id='word_1_185' title='bbox 2246 2086 2374 2140; x_wconf 86' lang='lat' dir='ltr'><strong>olim</strong></span> <span class='ocrx_word' id='word_1_186' title='bbox 2414 2086 2673 2140; x_wconf 87' lang='lat' dir='ltr'><strong>traditum</strong></span> <span class='ocrx_word' id='word_1_187' title='bbox 2704 2087 2823 2142; x_wconf 87' lang='lat' dir='ltr'><strong>viro</strong></span> <span class='ocrx_word' id='word_1_188' title='bbox 2858 2088 3205 2144; x_wconf 91' lang='lat' dir='ltr'><strong>nobilissimo</strong></span> <span class='ocrx_word' id='word_1_189' title='bbox 3252 2100 3309 2145; x_wconf 79' lang='lat' dir='ltr'><strong>tt</strong></span> <span class='ocrx_word' id='word_1_190' title='bbox 3338 2096 3519 2146; x_wconf 66' lang='lat' dir='ltr'><strong>crudi.</strong></span> 
     </span>
    </p>
   </div>
   <div class='ocr_carea' id='block_1_18' title="bbox 272 2173 3529 2251">
    <p class='ocr_par' dir='ltr' id='par_1_18' title="bbox 272 2173 3529 2251">
     <span class='ocr_line' id='line_1_18' title="bbox 272 2173 3529 2251; baseline -0.002 -9"><span class='ocrx_word' id='word_1_191' title='bbox 272 2185 488 2242; x_wconf 87' lang='lat' dir='ltr'><strong>tissitno</strong></span> <span class='ocrx_word' id='word_1_192' title='bbox 517 2185 676 2238; x_wconf 79' lang='lat' dir='ltr'><strong>Petro</strong></span> <span class='ocrx_word' id='word_1_193' title='bbox 723 2182 901 2236; x_wconf 83' lang='lat' dir='ltr'><strong>Fabro</strong></span> <span class='ocrx_word' id='word_1_194' title='bbox 949 2180 1300 2251; x_wconf 82' lang='lat' dir='ltr'><strong>Sanjoriano,</strong></span> <span class='ocrx_word' id='word_1_195' title='bbox 1346 2193 1469 2235; x_wconf 82' lang='lat' dir='ltr'><strong>esse</strong></span> <span class='ocrx_word' id='word_1_196' title='bbox 1515 2178 1694 2233; x_wconf 85' lang='lat' dir='ltr'><strong>adhuc</strong></span> <span class='ocrx_word' id='word_1_197' title='bbox 1727 2175 1938 2230; x_wconf 68' lang='lat' dir='ltr'><strong>Tolosae</strong></span> <span class='ocrx_word' id='word_1_198' title='bbox 1970 2189 2162 2245; x_wconf 84' lang='lat' dir='ltr'><strong>magna</strong></span> <span class='ocrx_word' id='word_1_199' title='bbox 2194 2173 2380 2243; x_wconf 91' lang='lat' dir='ltr'><strong>opinio</strong></span> <span class='ocrx_word' id='word_1_200' title='bbox 2416 2173 2688 2240; x_wconf 82' lang='lat' dir='ltr'><strong>erat;.sed</strong></span> <span class='ocrx_word' id='word_1_201' title='bbox 2720 2174 2878 2244; x_wconf 81' lang='lat' dir='ltr'><strong>cujus</strong></span> <span class='ocrx_word' id='word_1_202' title='bbox 2920 2175 2983 2229; x_wconf 79' lang='lat' dir='ltr'><strong>in</strong></span> <span class='ocrx_word' id='word_1_203' title='bbox 3024 2192 3186 2232; x_wconf 87' lang='lat' dir='ltr'><strong>manu</strong></span> <span class='ocrx_word' id='word_1_204' title='bbox 3235 2194 3412 2249; x_wconf 85' lang='lat' dir='ltr'><strong>quave</strong></span> <span class='ocrx_word' id='word_1_205' title='bbox 3466 2183 3529 2235; x_wconf 78' lang='lat' dir='ltr'><strong>itr</strong></span> 
     </span>
    </p>
   </div>
   <div class='ocr_carea' id='block_1_19' title="bbox 273 2261 3517 2336">
    <p class='ocr_par' dir='ltr' id='par_1_19' title="bbox 273 2261 3517 2336">
     <span class='ocr_line' id='line_1_19' title="bbox 273 2261 3517 2336; baseline -0.002 -8"><span class='ocrx_word' id='word_1_206' title='bbox 273 2274 438 2328; x_wconf 81' lang='lat' dir='ltr'><strong>domo</strong></span> <span class='ocrx_word' id='word_1_207' title='bbox 469 2279 634 2333; x_wconf 88' lang='lat' dir='ltr'><strong>esset,</strong></span> <span class='ocrx_word' id='word_1_208' title='bbox 673 2268 870 2323; x_wconf 85' lang='lat' dir='ltr'><strong>frustra</strong></span> <span class='ocrx_word' id='word_1_209' title='bbox 898 2276 1017 2322; x_wconf 84' lang='lat' dir='ltr'><strong>erat</strong></span> <span class='ocrx_word' id='word_1_210' title='bbox 1044 2275 1272 2322; x_wconf 84' lang='lat' dir='ltr'><strong>eatenus</strong></span> <span class='ocrx_word' id='word_1_211' title='bbox 1301 2266 1629 2336; x_wconf 67' lang='lat' dir='ltr'><strong>quaesitum.</strong></span> <span class='ocrx_word' id='word_1_212' title='bbox 1655 2263 1814 2325; x_wconf 78' lang='lat' dir='ltr'><strong>Cum,</strong></span> <span class='ocrx_word' id='word_1_213' title='bbox 1844 2264 2092 2332; x_wconf 81' lang='lat' dir='ltr'><strong>inquam,</strong></span> <span class='ocrx_word' id='word_1_214' title='bbox 2129 2261 2288 2316; x_wconf 81' lang='lat' dir='ltr'><strong>istius</strong></span> <span class='ocrx_word' id='word_1_215' title='bbox 2324 2275 2457 2316; x_wconf 71' lang='lat' dir='ltr'><strong>mem</strong></span> <span class='ocrx_word' id='word_1_216' title='bbox 2491 2276 2637 2315; x_wconf 70' lang='lat' dir='ltr'><strong>cura:</strong></span> <span class='ocrx_word' id='word_1_217' title='bbox 2667 2264 2946 2326; x_wconf 89' lang='lat' dir='ltr'><strong>conscius,</strong></span> <span class='ocrx_word' id='word_1_218' title='bbox 2988 2276 3039 2317; x_wconf 90' lang='lat' dir='ltr'><strong>et</strong></span> <span class='ocrx_word' id='word_1_219' title='bbox 3071 2276 3294 2336; x_wconf 85' lang='lat' dir='ltr'><strong>propter</strong></span> <span class='ocrx_word' id='word_1_220' title='bbox 3323 2270 3517 2321; x_wconf 79' lang='lat' dir='ltr'><strong>amici-</strong></span> 
     </span>
    </p>
   </div>
   <div class='ocr_carea' id='block_1_20' title="bbox 276 2345 3571 2429">
    <p class='ocr_par' dir='ltr' id='par_1_20' title="bbox 276 2345 3571 2429">
     <span class='ocr_line' id='line_1_20' title="bbox 276 2345 3571 2429; baseline -0.002 -14"><span class='ocrx_word' id='word_1_221' title='bbox 276 2363 404 2415; x_wconf 90' lang='lat' dir='ltr'><strong>tiam</strong></span> <span class='ocrx_word' id='word_1_222' title='bbox 445 2359 719 2429; x_wconf 79' lang='lat' dir='ltr'><strong>particeps</strong></span> <span class='ocrx_word' id='word_1_223' title='bbox 766 2365 934 2414; x_wconf 89' lang='lat' dir='ltr'><strong>esset.</strong></span> <span class='ocrx_word' id='word_1_224' title='bbox 974 2354 1114 2409; x_wconf 78' lang='lat' dir='ltr'><strong>forte</strong></span> <span class='ocrx_word' id='word_1_225' title='bbox 1153 2354 1231 2408; x_wconf 87' lang='lat' dir='ltr'><strong>illi</strong></span> <span class='ocrx_word' id='word_1_226' title='bbox 1280 2354 1531 2423; x_wconf 79' lang='lat' dir='ltr'><strong>contigit,</strong></span> <span class='ocrx_word' id='word_1_227' title='bbox 1563 2368 1680 2405; x_wconf 84' lang='lat' dir='ltr'><strong>non.</strong></span> <span class='ocrx_word' id='word_1_228' title='bbox 1706 2352 1866 2404; x_wconf 88' lang='lat' dir='ltr'><strong>modo</strong></span> <span class='ocrx_word' id='word_1_229' title='bbox 1897 2350 1949 2402; x_wconf 88' lang='lat' dir='ltr'><strong>in</strong></span> <span class='ocrx_word' id='word_1_230' title='bbox 1987 2349 2233 2403; x_wconf 85' lang='lat' dir='ltr'><strong>notitiam</strong></span> <span class='ocrx_word' id='word_1_231' title='bbox 2269 2345 2389 2416; x_wconf 89' lang='lat' dir='ltr'><strong>ejus</strong></span> <span class='ocrx_word' id='word_1_232' title='bbox 2426 2346 2664 2402; x_wconf 82' lang='lat' dir='ltr'><strong>hominis</strong></span> <span class='ocrx_word' id='word_1_233' title='bbox 2691 2349 2899 2415; x_wconf 88' lang='lat' dir='ltr'><strong>venire,</strong></span> <span class='ocrx_word' id='word_1_234' title='bbox 2932 2366 3097 2420; x_wconf 89' lang='lat' dir='ltr'><strong>penes</strong></span> <span class='ocrx_word' id='word_1_235' title='bbox 3130 2371 3289 2423; x_wconf 89' lang='lat' dir='ltr'><strong>quem</strong></span> <span class='ocrx_word' id='word_1_236' title='bbox 3324 2356 3369 2410; x_wconf 90' lang='lat' dir='ltr'><strong>is</strong></span> <span class='ocrx_word' id='word_1_237' title='bbox 3408 2347 3571 2410; x_wconf 44' lang='lat' dir='ltr'><strong>the-r‘</strong></span> 
     </span>
    </p>
   </div>
   <div class='ocr_carea' id='block_1_21' title="bbox 280 2434 3534 2509">
    <p class='ocr_par' dir='ltr' id='par_1_21' title="bbox 280 2434 3534 2509">
     <span class='ocr_line' id='line_1_21' title="bbox 280 2434 3534 2509; baseline -0.001 -9"><span class='ocrx_word' id='word_1_238' title='bbox 280 2461 482 2502; x_wconf 78' lang='lat' dir='ltr'><strong>saurus</strong></span> <span class='ocrx_word' id='word_1_239' title='bbox 525 2443 934 2501; x_wconf 82' lang='lat' dir='ltr'><strong>asservabatur,</strong></span> <span class='ocrx_word' id='word_1_240' title='bbox 973 2440 1065 2495; x_wconf 85' lang='lat' dir='ltr'><strong>sed</strong></span> <span class='ocrx_word' id='word_1_241' title='bbox 1097 2449 1154 2495; x_wconf 90' lang='lat' dir='ltr'><strong>et</strong></span> <span class='ocrx_word' id='word_1_242' title='bbox 1185 2449 1388 2493; x_wconf 79' lang='lat' dir='ltr'><strong>tantam</strong></span> <span class='ocrx_word' id='word_1_243' title='bbox 1421 2440 1490 2492; x_wconf 89' lang='lat' dir='ltr'><strong>ab</strong></span> <span class='ocrx_word' id='word_1_244' title='bbox 1517 2452 1583 2491; x_wconf 82' lang='lat' dir='ltr'><strong>eo</strong></span> <span class='ocrx_word' id='word_1_245' title='bbox 1615 2437 1753 2490; x_wconf 87' lang='lat' dir='ltr'><strong>inire</strong></span> <span class='ocrx_word' id='word_1_246' title='bbox 1796 2437 2050 2504; x_wconf 78' lang='lat' dir='ltr'><strong>gratiam,</strong></span> <span class='ocrx_word' id='word_1_247' title='bbox 2084 2446 2143 2490; x_wconf 92' lang='lat' dir='ltr'><strong>ut</strong></span> <span class='ocrx_word' id='word_1_248' title='bbox 2176 2450 2372 2504; x_wconf 87' lang='lat' dir='ltr'><strong>negare</strong></span> <span class='ocrx_word' id='word_1_249' title='bbox 2404 2434 2504 2504; x_wconf 91' lang='lat' dir='ltr'><strong>ipsi</strong></span> <span class='ocrx_word' id='word_1_250' title='bbox 2536 2435 2673 2490; x_wconf 84' lang='lat' dir='ltr'><strong>nihil</strong></span> <span class='ocrx_word' id='word_1_251' title='bbox 2704 2448 2913 2506; x_wconf 90' lang='lat' dir='ltr'><strong>posset.</strong></span> <span class='ocrx_word' id='word_1_252' title='bbox 2943 2438 3230 2509; x_wconf 90' lang='lat' dir='ltr'><strong>lmpelrata</strong></span> <span class='ocrx_word' id='word_1_253' title='bbox 3260 2443 3423 2508; x_wconf 70' lang='lat' dir='ltr'><strong>igitur</strong></span> <span class='ocrx_word' id='word_1_254' title='bbox 3469 2447 3534 2498; x_wconf 78' lang='lat' dir='ltr'><strong>in~</strong></span> 
     </span>
    </p>
   </div>
   <div class='ocr_carea' id='block_1_22' title="bbox 281 2522 3537 2605">
    <p class='ocr_par' dir='ltr' id='par_1_22' title="bbox 281 2522 3537 2605">
     <span class='ocr_line' id='line_1_22' title="bbox 281 2522 3537 2605; baseline -0.004 -16"><span class='ocrx_word' id='word_1_255' title='bbox 281 2548 490 2605; x_wconf 87' lang='lat' dir='ltr'><strong>paucos</strong></span> <span class='ocrx_word' id='word_1_256' title='bbox 520 2532 639 2587; x_wconf 90' lang='lat' dir='ltr'><strong>dies</strong></span> <span class='ocrx_word' id='word_1_257' title='bbox 670 2526 1000 2600; x_wconf 74' lang='lat' dir='ltr'><strong>Optatissitni</strong></span> <span class='ocrx_word' id='word_1_258' title='bbox 1039 2526 1170 2580; x_wconf 79' lang='lat' dir='ltr'><strong>mihi</strong></span> <span class='ocrx_word' id='word_1_259' title='bbox 1215 2526 1420 2580; x_wconf 84' lang='lat' dir='ltr'><strong>codicis</strong></span> <span class='ocrx_word' id='word_1_260' title='bbox 1452 2540 1619 2579; x_wconf 89' lang='lat' dir='ltr'><strong>usura</strong></span> <span class='ocrx_word' id='word_1_261' title='bbox 1649 2523 2000 2591; x_wconf 87' lang='lat' dir='ltr'><strong>cupidissime</strong></span> <span class='ocrx_word' id='word_1_262' title='bbox 2030 2522 2300 2577; x_wconf 67' lang='lat' dir='ltr'><strong>aditolavit</strong></span> <span class='ocrx_word' id='word_1_263' title='bbox 2338 2522 2403 2575; x_wconf 90' lang='lat' dir='ltr'><strong>ad</strong></span> <span class='ocrx_word' id='word_1_264' title='bbox 2439 2538 2523 2576; x_wconf 92' lang='lat' dir='ltr'><strong>me</strong></span> <span class='ocrx_word' id='word_1_265' title='bbox 2548 2538 2611 2578; x_wconf 86' lang='lat' dir='ltr'><strong>ae</strong></span> <span class='ocrx_word' id='word_1_266' title='bbox 2642 2531 2812 2579; x_wconf 90' lang='lat' dir='ltr'><strong>totum</strong></span> <span class='ocrx_word' id='word_1_267' title='bbox 2844 2525 3282 2595; x_wconf 75' lang='lat' dir='ltr'><strong>inopinati-simu</strong></span> <span class='ocrx_word' id='word_1_268' title='bbox 3328 2533 3537 2601; x_wconf 55' lang='lat' dir='ltr'><strong>gaudi”</strong></span> 
     </span>
    </p>
   </div>
   <div class='ocr_carea' id='block_1_23' title="bbox 277 2610 3517 2692">
    <p class='ocr_par' dir='ltr' id='par_1_23' title="bbox 277 2610 3517 2692">
     <span class='ocr_line' id='line_1_23' title="bbox 277 2610 3517 2692; baseline -0 -16"><span class='ocrx_word' id='word_1_269' title='bbox 277 2622 537 2692; x_wconf 85' lang='lat' dir='ltr'><strong>perfudit.</strong></span> <span class='ocrx_word' id='word_1_270' title='bbox 569 2619 729 2673; x_wconf 79' lang='lat' dir='ltr'><strong>Liber</strong></span> <span class='ocrx_word' id='word_1_271' title='bbox 763 2626 880 2672; x_wconf 86' lang='lat' dir='ltr'><strong>erat</strong></span> <span class='ocrx_word' id='word_1_272' title='bbox 916 2630 946 2669; x_wconf 74' lang='grc' dir='ltr'>ο</span> <span class='ocrx_word' id='word_1_273' title='bbox 993 2614 1183 2669; x_wconf 77' lang='lat' dir='ltr'><strong>charta</strong></span> <span class='ocrx_word' id='word_1_274' title='bbox 1217 2614 1384 2667; x_wconf 88' lang='lat' dir='ltr'><strong>lintea</strong></span> <span class='ocrx_word' id='word_1_275' title='bbox 1419 2610 1796 2682; x_wconf 73' lang='lat' dir='ltr'><strong>perantiquus,</strong></span> <span class='ocrx_word' id='word_1_276' title='bbox 1830 2623 1887 2665; x_wconf 81' lang='lat' dir='ltr'><strong>et</strong></span> <span class='ocrx_word' id='word_1_277' title='bbox 1916 2625 2109 2664; x_wconf 86' lang='lat' dir='ltr'><strong>manus</strong></span> <span class='ocrx_word' id='word_1_278' title='bbox 2153 2611 2533 2664; x_wconf 70' lang='lat' dir='ltr'><strong>transmarinae</strong></span> <span class='ocrx_word' id='word_1_279' title='bbox 2555 2648 2570 2674; x_wconf 94' lang='lat'><strong>,</strong></span> <span class='ocrx_word' id='word_1_280' title='bbox 2605 2625 2766 2680; x_wconf 82' lang='lat' dir='ltr'><strong>quem</strong></span> <span class='ocrx_word' id='word_1_281' title='bbox 2821 2613 3003 2668; x_wconf 83' lang='lat' dir='ltr'><strong>statim</strong></span> <span class='ocrx_word' id='word_1_282' title='bbox 3038 2616 3293 2673; x_wconf 74' lang='lat' dir='ltr'><strong>evolvens</strong></span> <span class='ocrx_word' id='word_1_283' title='bbox 3324 2622 3517 2676; x_wconf 66' lang='lat' dir='ltr'><strong>aridis-</strong></span> 
     </span>
    </p>
   </div>
   <div class='ocr_carea' id='block_1_24' title="bbox 279 2699 3522 2774">
    <p class='ocr_par' dir='ltr' id='par_1_24' title="bbox 279 2699 3522 2774">
     <span class='ocr_line' id='line_1_24' title="bbox 279 2699 3522 2774; baseline -0.002 -9"><span class='ocrx_word' id='word_1_284' title='bbox 279 2712 444 2774; x_wconf 86' lang='lat' dir='ltr'><strong>sime,</strong></span> <span class='ocrx_word' id='word_1_285' title='bbox 497 2707 551 2760; x_wconf 93' lang='lat' dir='ltr'><strong>in</strong></span> <span class='ocrx_word' id='word_1_286' title='bbox 587 2721 654 2762; x_wconf 86' lang='lat' dir='ltr'><strong>eo</strong></span> <span class='ocrx_word' id='word_1_287' title='bbox 688 2704 864 2774; x_wconf 88' lang='lat' dir='ltr'><strong>reperi</strong></span> <span class='ocrx_word' id='word_1_288' title='bbox 919 2703 1086 2757; x_wconf 86' lang='lat' dir='ltr'><strong>libros</strong></span> <span class='ocrx_word' id='word_1_289' title='bbox 1130 2701 1442 2772; x_wconf 81' lang='lat' dir='ltr'><strong>quindecim</strong></span> <span class='ocrx_word' id='word_1_290' title='bbox 1484 2701 1773 2753; x_wconf 71' lang='lat' dir='ltr'><strong>Alexiados</strong></span> <span class='ocrx_word' id='word_1_291' title='bbox 1815 2701 1986 2752; x_wconf 73' lang='lat' dir='ltr'><strong>Anna:</strong></span> <span class='ocrx_word' id='word_1_292' title='bbox 2030 2699 2297 2766; x_wconf 81' lang='lat' dir='ltr'><strong>integros,</strong></span> <span class='ocrx_word' id='word_1_293' title='bbox 2330 2711 2430 2750; x_wconf 92' lang='lat' dir='ltr'><strong>nec</strong></span> <span class='ocrx_word' id='word_1_294' title='bbox 2462 2699 2656 2767; x_wconf 88' lang='lat' dir='ltr'><strong>paucis</strong></span> <span class='ocrx_word' id='word_1_295' title='bbox 2685 2699 2821 2754; x_wconf 89' lang='lat' dir='ltr'><strong>locis</strong></span> <span class='ocrx_word' id='word_1_296' title='bbox 2851 2701 2920 2755; x_wconf 85' lang='lat' dir='ltr'><strong>ab</strong></span> <span class='ocrx_word' id='word_1_297' title='bbox 2953 2716 3019 2756; x_wconf 88' lang='lat' dir='ltr'><strong>eo</strong></span> <span class='ocrx_word' id='word_1_298' title='bbox 3045 2707 3338 2774; x_wconf 81' lang='lat' dir='ltr'><strong>exemplari</strong></span> <span class='ocrx_word' id='word_1_299' title='bbox 3372 2710 3522 2761; x_wconf 78' lang='lat' dir='ltr'><strong>unde</strong></span> 
     </span>
    </p>
   </div>
   <div class='ocr_carea' id='block_1_25' title="bbox 274 2783 3537 2864">
    <p class='ocr_par' dir='ltr' id='par_1_25' title="bbox 274 2783 3537 2864">
     <span class='ocr_line' id='line_1_25' title="bbox 274 2783 3537 2864; baseline -0 -11"><span class='ocrx_word' id='word_1_300' title='bbox 274 2808 465 2853; x_wconf 78' lang='lat' dir='ltr'><strong>nostra</strong></span> <span class='ocrx_word' id='word_1_301' title='bbox 488 2797 602 2864; x_wconf 87' lang='lat' dir='ltr'><strong>jam</strong></span> <span class='ocrx_word' id='word_1_302' title='bbox 649 2800 765 2846; x_wconf 86' lang='lat' dir='ltr'><strong>tum</strong></span> <span class='ocrx_word' id='word_1_303' title='bbox 799 2790 1076 2860; x_wconf 85' lang='lat' dir='ltr'><strong>prodierat</strong></span> <span class='ocrx_word' id='word_1_304' title='bbox 1105 2789 1297 2853; x_wconf 80' lang='lat' dir='ltr'><strong>editio,</strong></span> <span class='ocrx_word' id='word_1_305' title='bbox 1325 2789 1593 2843; x_wconf 85' lang='lat' dir='ltr'><strong>diversos.</strong></span> <span class='ocrx_word' id='word_1_306' title='bbox 1623 2786 1898 2852; x_wconf 71' lang='lat' dir='ltr'><strong>Prtefatio,</strong></span> <span class='ocrx_word' id='word_1_307' title='bbox 1929 2801 2091 2856; x_wconf 83' lang='lat' dir='ltr'><strong>quam</strong></span> <span class='ocrx_word' id='word_1_308' title='bbox 2118 2799 2181 2839; x_wconf 79' lang='lat' dir='ltr'><strong>ex</strong></span> <span class='ocrx_word' id='word_1_309' title='bbox 2212 2783 2609 2840; x_wconf 77' lang='lat' dir='ltr'><strong>llmschelianis</strong></span> <span class='ocrx_word' id='word_1_310' title='bbox 2636 2789 2911 2857; x_wconf 77' lang='lat' dir='ltr'><strong>excerptis</strong></span> <span class='ocrx_word' id='word_1_311' title='bbox 2934 2793 3288 2860; x_wconf 77' lang='lat' dir='ltr'><strong>sumpsimus,</strong></span> <span class='ocrx_word' id='word_1_312' title='bbox 3313 2795 3471 2851; x_wconf 87' lang='lat' dir='ltr'><strong>dccra</strong></span> <span class='ocrx_word' id='word_1_313' title='bbox 3504 2815 3537 2863; x_wconf 62' lang='grc' dir='ltr'>ε</span> 
     </span>
    </p>
   </div>
   <div class='ocr_carea' id='block_1_26' title="bbox 277 2871 1884 2951">
    <p class='ocr_par' dir='ltr' id='par_1_26' title="bbox 277 2875 1884 2946">
     <span class='ocr_line' id='line_1_26' title="bbox 277 2875 1884 2946; baseline -0.008 -6"><span class='ocrx_word' id='word_1_314' title='bbox 277 2885 373 2940; x_wconf 87' lang='lat' dir='ltr'><strong>sed</strong></span> <span class='ocrx_word' id='word_1_315' title='bbox 414 2881 706 2937; x_wconf 79' lang='lat' dir='ltr'><strong>exhibebat</strong></span> <span class='ocrx_word' id='word_1_316' title='bbox 735 2878 855 2945; x_wconf 84' lang='lat' dir='ltr'><strong>ejus</strong></span> <span class='ocrx_word' id='word_1_317' title='bbox 889 2880 1007 2933; x_wconf 85' lang='lat' dir='ltr'><strong>loco</strong></span> <span class='ocrx_word' id='word_1_318' title='bbox 1057 2878 1195 2933; x_wconf 86' lang='lat' dir='ltr'><strong>bene</strong></span> <span class='ocrx_word' id='word_1_319' title='bbox 1237 2878 1457 2946; x_wconf 74' lang='lat' dir='ltr'><strong>longum</strong></span> <span class='ocrx_word' id='word_1_320' title='bbox 1500 2891 1663 2946; x_wconf 85' lang='lat' dir='ltr'><strong>opus,</strong></span> <span class='ocrx_word' id='word_1_321' title='bbox 1712 2875 1884 2928; x_wconf 84' lang='grc' dir='ltr'>ἁνεπὶ·</span> 
     </span>
    </p>
   </div>
   <div class='ocr_carea' id='block_1_27' title="bbox 1915 2871 3522 2951">
    <p class='ocr_par' dir='ltr' id='par_1_27' title="bbox 1919 2871 3522 2951">
     <span class='ocr_line' id='line_1_27' title="bbox 1919 2871 3522 2951; baseline 0.006 -25"><span class='ocrx_word' id='word_1_322' title='bbox 1919 2889 2111 2945; x_wconf 59' lang='lat' dir='ltr'><strong>paper,</strong></span> <span class='ocrx_word' id='word_1_323' title='bbox 2146 2871 2450 2942; x_wconf 81' lang='grc' dir='ltr'><strong>ἀνώνυμον,</strong></span> <span class='ocrx_word' id='word_1_324' title='bbox 2490 2874 2798 2942; x_wconf 75' lang='grc' dir='ltr'><strong>ἀκέφαλονς</strong></span> <span class='ocrx_word' id='word_1_325' title='bbox 2835 2878 3038 2947; x_wconf 86' lang='lat' dir='ltr'><strong>quippe</strong></span> <span class='ocrx_word' id='word_1_326' title='bbox 3084 2880 3248 2949; x_wconf 82' lang='lat' dir='ltr'><strong>cujus</strong></span> <span class='ocrx_word' id='word_1_327' title='bbox 3290 2873 3522 2951; x_wconf 72' lang='lat' dir='ltr'><strong>primum</strong></span> 
     </span>
    </p>
   </div>
   <div class='ocr_carea' id='block_1_28' title="bbox 277 2959 3529 3040">
    <p class='ocr_par' dir='ltr' id='par_1_28' title="bbox 277 2959 3529 3040">
     <span class='ocr_line' id='line_1_28' title="bbox 277 2959 3529 3040; baseline -0.001 -15"><span class='ocrx_word' id='word_1_328' title='bbox 277 2970 471 3026; x_wconf 87' lang='lat' dir='ltr'><strong>folium</strong></span> <span class='ocrx_word' id='word_1_329' title='bbox 506 2979 560 3022; x_wconf 89' lang='lat' dir='ltr'><strong>et</strong></span> <span class='ocrx_word' id='word_1_330' title='bbox 584 2967 765 3036; x_wconf 86' lang='lat' dir='ltr'><strong>operis</strong></span> <span class='ocrx_word' id='word_1_331' title='bbox 802 2966 1043 3029; x_wconf 86' lang='lat' dir='ltr'><strong>titulum,</strong></span> <span class='ocrx_word' id='word_1_332' title='bbox 1078 2973 1130 3020; x_wconf 89' lang='lat' dir='ltr'><strong>et</strong></span> <span class='ocrx_word' id='word_1_333' title='bbox 1171 2979 1369 3018; x_wconf 90' lang='lat' dir='ltr'><strong>nomen</strong></span> <span class='ocrx_word' id='word_1_334' title='bbox 1404 2963 1677 3026; x_wconf 80' lang='lat' dir='ltr'><strong>auctoris,</strong></span> <span class='ocrx_word' id='word_1_335' title='bbox 1700 2972 1754 3016; x_wconf 89' lang='lat' dir='ltr'><strong>ct</strong></span> <span class='ocrx_word' id='word_1_336' title='bbox 1793 2962 2010 3016; x_wconf 89' lang='lat' dir='ltr'><strong>initium</strong></span> <span class='ocrx_word' id='word_1_337' title='bbox 2062 2959 2312 3028; x_wconf 72' lang='lat' dir='ltr'><strong>prommii</strong></span> <span class='ocrx_word' id='word_1_338' title='bbox 2368 2959 2737 3016; x_wconf 83' lang='lat' dir='ltr'><strong>verisimiliter</strong></span> <span class='ocrx_word' id='word_1_339' title='bbox 2762 2964 3131 3032; x_wconf 75' lang='lat' dir='ltr'><strong>complexum,</strong></span> <span class='ocrx_word' id='word_1_340' title='bbox 3162 2981 3270 3021; x_wconf 88' lang='lat' dir='ltr'><strong>non</strong></span> <span class='ocrx_word' id='word_1_341' title='bbox 3302 2985 3529 3040; x_wconf 79' lang='lat' dir='ltr'><strong>compa-</strong></span> 
     </span>
    </p>
   </div>
   <div class='ocr_carea' id='block_1_29' title="bbox 277 3045 3524 3127">
    <p class='ocr_par' dir='ltr' id='par_1_29' title="bbox 277 3045 3524 3127">
     <span class='ocr_line' id='line_1_29' title="bbox 277 3045 3524 3127; baseline 0 -15"><span class='ocrx_word' id='word_1_342' title='bbox 277 3059 451 3112; x_wconf 83' lang='lat' dir='ltr'><strong>rebat.</strong></span> <span class='ocrx_word' id='word_1_343' title='bbox 488 3053 605 3109; x_wconf 84' lang='lat' dir='ltr'><strong>Non</strong></span> <span class='ocrx_word' id='word_1_344' title='bbox 646 3053 771 3124; x_wconf 89' lang='lat' dir='ltr'><strong>plus</strong></span> <span class='ocrx_word' id='word_1_345' title='bbox 810 3062 993 3107; x_wconf 89' lang='lat' dir='ltr'><strong>tamen</strong></span> <span class='ocrx_word' id='word_1_346' title='bbox 1047 3066 1155 3106; x_wconf 88' lang='lat' dir='ltr'><strong>uno</strong></span> <span class='ocrx_word' id='word_1_347' title='bbox 1197 3050 1329 3106; x_wconf 83' lang='lat' dir='ltr'><strong>folio</strong></span> <span class='ocrx_word' id='word_1_348' title='bbox 1377 3051 1588 3115; x_wconf 76' lang='lat' dir='ltr'><strong>deesse,</strong></span> <span class='ocrx_word' id='word_1_349' title='bbox 1623 3060 1746 3104; x_wconf 82' lang='lat' dir='ltr'><strong>nota</strong></span> <span class='ocrx_word' id='word_1_350' title='bbox 1779 3048 2004 3104; x_wconf 87' lang='lat' dir='ltr'><strong>secundi</strong></span> <span class='ocrx_word' id='word_1_351' title='bbox 2045 3046 2256 3100; x_wconf 90' lang='lat' dir='ltr'><strong>numeri</strong></span> <span class='ocrx_word' id='word_1_352' title='bbox 2290 3045 2477 3115; x_wconf 18' lang='lat' dir='ltr'><strong>primo.</strong></span> <span class='ocrx_word' id='word_1_353' title='bbox 2506 3047 2760 3103; x_wconf 86' lang='lat' dir='ltr'><strong>foliorum</strong></span> <span class='ocrx_word' id='word_1_354' title='bbox 2812 3064 2935 3117; x_wconf 71' lang='lat' dir='ltr'><strong>qum</strong></span> <span class='ocrx_word' id='word_1_355' title='bbox 2965 3053 3264 3118; x_wconf 80' lang='lat' dir='ltr'><strong>restabant,</strong></span> <span class='ocrx_word' id='word_1_356' title='bbox 3307 3064 3524 3127; x_wconf 66' lang='lat' dir='ltr'><strong>prmttsa</strong></span> 
     </span>
    </p>
   </div>
   <div class='ocr_carea' id='block_1_30' title="bbox 280 3134 3536 3212">
    <p class='ocr_par' dir='ltr' id='par_1_30' title="bbox 280 3134 3536 3212">
     <span class='ocr_line' id='line_1_30' title="bbox 280 3134 3536 3212; baseline 0 -12"><span class='ocrx_word' id='word_1_357' title='bbox 280 3142 644 3200; x_wconf 85' lang='lat' dir='ltr'><strong>monstrabat.</strong></span> <span class='ocrx_word' id='word_1_358' title='bbox 676 3141 756 3196; x_wconf 79' lang='lat' dir='ltr'><strong>Ex</strong></span> <span class='ocrx_word' id='word_1_359' title='bbox 788 3154 896 3209; x_wconf 91' lang='lat' dir='ltr'><strong>quo</strong></span> <span class='ocrx_word' id='word_1_360' title='bbox 926 3139 1046 3194; x_wconf 74' lang='lat' dir='ltr'><strong>alia:</strong></span> <span class='ocrx_word' id='word_1_361' title='bbox 1073 3138 1324 3195; x_wconf 84' lang='lat' dir='ltr'><strong>similiter</strong></span> <span class='ocrx_word' id='word_1_362' title='bbox 1355 3138 1580 3208; x_wconf 70' lang='lat' dir='ltr'><strong>pagella:</strong></span> <span class='ocrx_word' id='word_1_363' title='bbox 1619 3137 1686 3191; x_wconf 84' lang='lat' dir='ltr'><strong>ad</strong></span> <span class='ocrx_word' id='word_1_364' title='bbox 1740 3138 1900 3190; x_wconf 82' lang='lat' dir='ltr'><strong>linem</strong></span> <span class='ocrx_word' id='word_1_365' title='bbox 1949 3149 2123 3203; x_wconf 85' lang='lat' dir='ltr'><strong>usque</strong></span> <span class='ocrx_word' id='word_1_366' title='bbox 2173 3134 2336 3204; x_wconf 87' lang='lat' dir='ltr'><strong>spissi</strong></span> <span class='ocrx_word' id='word_1_367' title='bbox 2382 3135 2610 3201; x_wconf 86' lang='lat' dir='ltr'><strong>codicis,</strong></span> <span class='ocrx_word' id='word_1_368' title='bbox 2659 3152 2790 3193; x_wconf 90' lang='lat' dir='ltr'><strong>suos</strong></span> <span class='ocrx_word' id='word_1_369' title='bbox 2839 3138 3073 3196; x_wconf 83' lang='lat' dir='ltr'><strong>invicem</strong></span> <span class='ocrx_word' id='word_1_370' title='bbox 3141 3144 3426 3212; x_wconf 69' lang='lat' dir='ltr'><strong>bmrentes,</strong></span> <span class='ocrx_word' id='word_1_371' title='bbox 3472 3159 3536 3204; x_wconf 79' lang='grc' dir='ltr'>ιι·</span> 
     </span>
    </p>
   </div>
   <div class='ocr_carea' id='block_1_31' title="bbox 277 3220 3539 3303">
    <p class='ocr_par' dir='ltr' id='par_1_31' title="bbox 277 3220 3539 3303">
     <span class='ocr_line' id='line_1_31' title="bbox 277 3220 3539 3303; baseline 0.001 -17"><span class='ocrx_word' id='word_1_372' title='bbox 277 3240 546 3303; x_wconf 88' lang='lat' dir='ltr'><strong>perpetua</strong></span> <span class='ocrx_word' id='word_1_373' title='bbox 584 3230 729 3284; x_wconf 83' lang='lat' dir='ltr'><strong>serie</strong></span> <span class='ocrx_word' id='word_1_374' title='bbox 778 3230 897 3283; x_wconf 86' lang='lat' dir='ltr'><strong>sine</strong></span> <span class='ocrx_word' id='word_1_375' title='bbox 929 3227 1041 3282; x_wconf 91' lang='lat' dir='ltr'><strong>ullo</strong></span> <span class='ocrx_word' id='word_1_376' title='bbox 1074 3227 1223 3281; x_wconf 83' lang='lat' dir='ltr'><strong>hiatu</strong></span> <span class='ocrx_word' id='word_1_377' title='bbox 1275 3225 1626 3281; x_wconf 87' lang='lat' dir='ltr'><strong>continuatos</strong></span> <span class='ocrx_word' id='word_1_378' title='bbox 1662 3238 1919 3280; x_wconf 85' lang='lat' dir='ltr'><strong>numeros</strong></span> <span class='ocrx_word' id='word_1_379' title='bbox 1965 3220 2242 3275; x_wconf 86' lang='lat' dir='ltr'><strong>habebant</strong></span> <span class='ocrx_word' id='word_1_380' title='bbox 2287 3222 2475 3291; x_wconf 79' lang='lat' dir='ltr'><strong>ﬁguris</strong></span> <span class='ocrx_word' id='word_1_381' title='bbox 2526 3222 2875 3281; x_wconf 78' lang='lat' dir='ltr'><strong>Saracenicis</strong></span> <span class='ocrx_word' id='word_1_382' title='bbox 2923 3241 3235 3299; x_wconf 60' lang='lat' dir='ltr'><strong>expressos.</strong></span> <span class='ocrx_word' id='word_1_383' title='bbox 3290 3235 3539 3299; x_wconf 65' lang='lat' dir='ltr'><strong>Qumsiti</strong></span> 
     </span>
    </p>
   </div>
   <div class='ocr_carea' id='block_1_32' title="bbox 282 3311 3526 3390">
    <p class='ocr_par' dir='ltr' id='par_1_32' title="bbox 282 3311 3526 3390">
     <span class='ocr_line' id='line_1_32' title="bbox 282 3311 3526 3390; baseline 0.002 -17"><span class='ocrx_word' id='word_1_384' title='bbox 282 3317 445 3373; x_wconf 77' lang='lat' dir='ltr'><strong>anxie</strong></span> <span class='ocrx_word' id='word_1_385' title='bbox 473 3315 602 3384; x_wconf 90' lang='lat' dir='ltr'><strong>quid</strong></span> <span class='ocrx_word' id='word_1_386' title='bbox 636 3314 730 3368; x_wconf 90' lang='lat' dir='ltr'><strong>illa</strong></span> <span class='ocrx_word' id='word_1_387' title='bbox 761 3314 978 3367; x_wconf 81' lang='lat' dir='ltr'><strong>tandem</strong></span> <span class='ocrx_word' id='word_1_388' title='bbox 1014 3321 1196 3368; x_wconf 83' lang='lat' dir='ltr'><strong>essent</strong></span> <span class='ocrx_word' id='word_1_389' title='bbox 1228 3312 1503 3367; x_wconf 66' lang='lat' dir='ltr'><strong>Alexiadis</strong></span> <span class='ocrx_word' id='word_1_390' title='bbox 1552 3322 1658 3366; x_wconf 79' lang='lat' dir='ltr'><strong>tam</strong></span> <span class='ocrx_word' id='word_1_391' title='bbox 1709 3312 1936 3366; x_wconf 79' lang='lat' dir='ltr'><strong>verbosa</strong></span> <span class='ocrx_word' id='word_1_392' title='bbox 1974 3312 2376 3381; x_wconf 83' lang='lat' dir='ltr'><strong>prolegomena.</strong></span> <span class='ocrx_word' id='word_1_393' title='bbox 2416 3311 2526 3369; x_wconf 80' lang='lat' dir='ltr'><strong>Nec</strong></span> <span class='ocrx_word' id='word_1_394' title='bbox 2574 3315 2669 3369; x_wconf 90' lang='lat' dir='ltr'><strong>diu</strong></span> <span class='ocrx_word' id='word_1_395' title='bbox 2700 3315 2876 3372; x_wconf 88' lang='lat' dir='ltr'><strong>abfuit</strong></span> <span class='ocrx_word' id='word_1_396' title='bbox 2907 3319 3040 3387; x_wconf 85' lang='lat' dir='ltr'><strong>quin</strong></span> <span class='ocrx_word' id='word_1_397' title='bbox 3077 3320 3237 3390; x_wconf 87' lang='lat' dir='ltr'><strong>plane</strong></span> <span class='ocrx_word' id='word_1_398' title='bbox 3266 3339 3332 3379; x_wconf 86' lang='lat' dir='ltr'><strong>ac</strong></span> <span class='ocrx_word' id='word_1_399' title='bbox 3376 3339 3526 3380; x_wconf 86' lang='lat' dir='ltr'><strong>certo</strong></span> 
     </span>
    </p>
   </div>
   <div class='ocr_carea' id='block_1_33' title="bbox 281 3396 3522 3475">
    <p class='ocr_par' dir='ltr' id='par_1_33' title="bbox 281 3396 3522 3475">
     <span class='ocr_line' id='line_1_33' title="bbox 281 3396 3522 3475; baseline 0.002 -18"><span class='ocrx_word' id='word_1_400' title='bbox 281 3403 668 3471; x_wconf 83' lang='lat' dir='ltr'><strong>comperitem,</strong></span> <span class='ocrx_word' id='word_1_401' title='bbox 697 3415 817 3454; x_wconf 89' lang='lat' dir='ltr'><strong>esse</strong></span> <span class='ocrx_word' id='word_1_402' title='bbox 852 3400 1001 3469; x_wconf 83' lang='lat' dir='ltr'><strong>ipsos</strong></span> <span class='ocrx_word' id='word_1_403' title='bbox 1036 3399 1359 3470; x_wconf 79' lang='grc' dir='ltr'><strong>αὐτόχρημα</strong></span> <span class='ocrx_word' id='word_1_404' title='bbox 1394 3400 1821 3455; x_wconf 89' lang='lat' dir='ltr'><strong>commentarios</strong></span> <span class='ocrx_word' id='word_1_405' title='bbox 1849 3397 2136 3467; x_wconf 70' lang='lat' dir='ltr'><strong>Nicephori</strong></span> <span class='ocrx_word' id='word_1_406' title='bbox 2163 3396 2397 3472; x_wconf 65' lang='lat' dir='ltr'><strong>Caesaris</strong></span> <span class='ocrx_word' id='word_1_407' title='bbox 2438 3400 2697 3470; x_wconf 80' lang='lat' dir='ltr'><strong>Bryennii</strong></span> <span class='ocrx_word' id='word_1_408' title='bbox 2729 3411 2834 3456; x_wconf 90' lang='lat' dir='ltr'><strong>tam</strong></span> <span class='ocrx_word' id='word_1_409' title='bbox 2872 3406 3111 3475; x_wconf 88' lang='lat' dir='ltr'><strong>propriis</strong></span> <span class='ocrx_word' id='word_1_410' title='bbox 3141 3417 3197 3463; x_wconf 87' lang='lat' dir='ltr'><strong>et</strong></span> <span class='ocrx_word' id='word_1_411' title='bbox 3223 3410 3522 3467; x_wconf 68' lang='lat' dir='ltr'><strong>illustribus</strong></span> 
     </span>
    </p>
   </div>
   <div class='ocr_carea' id='block_1_34' title="bbox 281 3484 3519 3568">
    <p class='ocr_par' dir='ltr' id='par_1_34' title="bbox 281 3484 3519 3568">
     <span class='ocr_line' id='line_1_34' title="bbox 281 3484 3519 3568; baseline 0.004 -27"><span class='ocrx_word' id='word_1_412' title='bbox 281 3487 693 3542; x_wconf 67' lang='lat' dir='ltr'><strong>character-ibus</strong></span> <span class='ocrx_word' id='word_1_413' title='bbox 725 3486 791 3540; x_wconf 90' lang='lat' dir='ltr'><strong>ab</strong></span> <span class='ocrx_word' id='word_1_414' title='bbox 815 3485 972 3540; x_wconf 89' lang='lat' dir='ltr'><strong>Anna</strong></span> <span class='ocrx_word' id='word_1_415' title='bbox 1003 3484 1127 3555; x_wconf 89' lang='lat' dir='ltr'><strong>cjus</strong></span> <span class='ocrx_word' id='word_1_416' title='bbox 1167 3486 1399 3558; x_wconf 80' lang='lat' dir='ltr'><strong>conjuge</strong></span> <span class='ocrx_word' id='word_1_417' title='bbox 1433 3486 1746 3555; x_wconf 84' lang='lat' dir='ltr'><strong>insignitus,</strong></span> <span class='ocrx_word' id='word_1_418' title='bbox 1776 3495 1833 3538; x_wconf 92' lang='lat' dir='ltr'><strong>ut</strong></span> <span class='ocrx_word' id='word_1_419' title='bbox 1861 3485 2082 3554; x_wconf 81' lang='lat' dir='ltr'><strong>agnosci</strong></span> <span class='ocrx_word' id='word_1_420' title='bbox 2118 3487 2239 3541; x_wconf 90' lang='lat' dir='ltr'><strong>visu</strong></span> <span class='ocrx_word' id='word_1_421' title='bbox 2270 3488 2448 3557; x_wconf 89' lang='lat' dir='ltr'><strong>primo</strong></span> <span class='ocrx_word' id='word_1_422' title='bbox 2481 3490 2599 3544; x_wconf 84' lang='lat' dir='ltr'><strong>sine</strong></span> <span class='ocrx_word' id='word_1_423' title='bbox 2629 3492 3055 3550; x_wconf 84' lang='lat' dir='ltr'><strong>nomenclatoris</strong></span> <span class='ocrx_word' id='word_1_424' title='bbox 3075 3512 3241 3567; x_wconf 90' lang='lat' dir='ltr'><strong>opera</strong></span> <span class='ocrx_word' id='word_1_425' title='bbox 3277 3513 3519 3568; x_wconf 84' lang='lat' dir='ltr'><strong>possent.</strong></span> 
     </span>
    </p>
   </div>
   <div class='ocr_carea' id='block_1_35' title="bbox 276 3571 3522 3658">
    <p class='ocr_par' dir='ltr' id='par_1_35' title="bbox 276 3571 3522 3658">
     <span class='ocr_line' id='line_1_35' title="bbox 276 3571 3522 3658; baseline 0.002 -30"><span class='ocrx_word' id='word_1_426' title='bbox 276 3571 543 3629; x_wconf 84' lang='lat' dir='ltr'><strong>Nimirum</strong></span> <span class='ocrx_word' id='word_1_427' title='bbox 592 3574 860 3629; x_wconf 87' lang='lat' dir='ltr'><strong>habemus</strong></span> <span class='ocrx_word' id='word_1_428' title='bbox 890 3590 954 3628; x_wconf 76' lang='lat' dir='ltr'><strong>es</strong></span> <span class='ocrx_word' id='word_1_429' title='bbox 988 3575 1160 3628; x_wconf 83' lang='lat' dir='ltr'><strong>Annae</strong></span> <span class='ocrx_word' id='word_1_430' title='bbox 1204 3573 1544 3644; x_wconf 65' lang='lat' dir='ltr'><strong>praefatione,</strong></span> <span class='ocrx_word' id='word_1_431' title='bbox 1582 3572 1673 3643; x_wconf 71' lang='lat' dir='ltr'><strong>Br)</strong></span> <span class='ocrx_word' id='word_1_432' title='bbox 1691 3573 1913 3658; x_wconf 79' lang='lat' dir='ltr'><strong>ennium</strong></span> <span class='ocrx_word' id='word_1_433' title='bbox 1963 3582 2155 3640; x_wconf 82' lang='lat' dir='ltr'><strong>rogatu</strong></span> <span class='ocrx_word' id='word_1_434' title='bbox 2198 3574 2382 3630; x_wconf 88' lang='lat' dir='ltr'><strong>lrcnes</strong></span> <span class='ocrx_word' id='word_1_435' title='bbox 2430 3578 2710 3647; x_wconf 67' lang='lat' dir='ltr'><strong>Augustae,</strong></span> <span class='ocrx_word' id='word_1_436' title='bbox 2760 3583 2948 3637; x_wconf 90' lang='lat' dir='ltr'><strong>matris</strong></span> <span class='ocrx_word' id='word_1_437' title='bbox 2990 3583 3183 3652; x_wconf 56' lang='lat' dir='ltr'><strong>Anna‘,</strong></span> <span class='ocrx_word' id='word_1_438' title='bbox 3230 3589 3522 3658; x_wconf 80' lang='lat' dir='ltr'><strong>scripsiss..</strong></span> 
     </span>
    </p>
   </div>
   <div class='ocr_carea' id='block_1_36' title="bbox 279 3657 3527 3740">
    <p class='ocr_par' dir='ltr' id='par_1_36' title="bbox 279 3657 3527 3740">
     <span class='ocr_line' id='line_1_36' title="bbox 279 3657 3527 3740; baseline 0.001 -21"><span class='ocrx_word' id='word_1_439' title='bbox 279 3678 441 3732; x_wconf 85' lang='lat' dir='ltr'><strong>Opus,</strong></span> <span class='ocrx_word' id='word_1_440' title='bbox 477 3678 585 3731; x_wconf 82' lang='lat' dir='ltr'><strong>quo</strong></span> <span class='ocrx_word' id='word_1_441' title='bbox 614 3660 1086 3730; x_wconf 82' lang='lat' dir='ltr'><strong>complectebatur</strong></span> <span class='ocrx_word' id='word_1_442' title='bbox 1116 3660 1416 3728; x_wconf 87' lang='lat' dir='ltr'><strong>primordia</strong></span> <span class='ocrx_word' id='word_1_443' title='bbox 1458 3659 1674 3722; x_wconf 75' lang='lat' dir='ltr'><strong>Alexii,</strong></span> <span class='ocrx_word' id='word_1_444' title='bbox 1712 3657 1909 3713; x_wconf 87' lang='lat' dir='ltr'><strong>deinde</strong></span> <span class='ocrx_word' id='word_1_445' title='bbox 1956 3658 2228 3727; x_wconf 81' lang='lat' dir='ltr'><strong>Augusti;</strong></span> <span class='ocrx_word' id='word_1_446' title='bbox 2293 3660 2415 3730; x_wconf 87' lang='lat' dir='ltr'><strong>ejus</strong></span> <span class='ocrx_word' id='word_1_447' title='bbox 2461 3664 2776 3733; x_wconf 87' lang='lat' dir='ltr'><strong>scriptionis</strong></span> <span class='ocrx_word' id='word_1_448' title='bbox 2825 3667 3041 3723; x_wconf 88' lang='lat' dir='ltr'><strong>initium</strong></span> <span class='ocrx_word' id='word_1_449' title='bbox 3083 3657 3371 3740; x_wconf 85' lang='lat' dir='ltr'><strong>repetitum</strong></span> <span class='ocrx_word' id='word_1_450' title='bbox 3405 3690 3527 3729; x_wconf 76' lang='lat' dir='ltr'><strong>esse</strong></span> 
     </span>
    </p>
   </div>
   <div class='ocr_carea' id='block_1_37' title="bbox 276 3742 3517 3826">
    <p class='ocr_par' dir='ltr' id='par_1_37' title="bbox 276 3742 3517 3826">
     <span class='ocr_line' id='line_1_37' title="bbox 276 3742 3517 3826; baseline 0.002 -22"><span class='ocrx_word' id='word_1_451' title='bbox 276 3766 450 3821; x_wconf 87' lang='lat' dir='ltr'><strong>usque</strong></span> <span class='ocrx_word' id='word_1_452' title='bbox 477 3750 547 3803; x_wconf 84' lang='lat' dir='ltr'><strong>ab</strong></span> <span class='ocrx_word' id='word_1_453' title='bbox 588 3748 819 3801; x_wconf 78' lang='lat' dir='ltr'><strong>Romani</strong></span> <span class='ocrx_word' id='word_1_454' title='bbox 853 3747 1108 3817; x_wconf 86' lang='lat' dir='ltr'><strong>Diogenis</strong></span> <span class='ocrx_word' id='word_1_455' title='bbox 1137 3746 1480 3815; x_wconf 87' lang='lat' dir='ltr'><strong>principatu;</strong></span> <span class='ocrx_word' id='word_1_456' title='bbox 1519 3745 1644 3801; x_wconf 91' lang='lat' dir='ltr'><strong>inde</strong></span> <span class='ocrx_word' id='word_1_457' title='bbox 1675 3745 2043 3801; x_wconf 77' lang='lat' dir='ltr'><strong>narrationem</strong></span> <span class='ocrx_word' id='word_1_458' title='bbox 2074 3747 2141 3801; x_wconf 93' lang='lat' dir='ltr'><strong>ad</strong></span> <span class='ocrx_word' id='word_1_459' title='bbox 2184 3746 2488 3807; x_wconf 87' lang='lat' dir='ltr'><strong>Botaniatis</strong></span> <span class='ocrx_word' id='word_1_460' title='bbox 2536 3742 2856 3822; x_wconf 82' lang='lat' dir='ltr'><strong>imperantis</strong></span> <span class='ocrx_word' id='word_1_461' title='bbox 2900 3764 3142 3826; x_wconf 84' lang='lat' dir='ltr'><strong>tempora</strong></span> <span class='ocrx_word' id='word_1_462' title='bbox 3176 3758 3517 3826; x_wconf 86' lang='lat' dir='ltr'><strong>perductam.</strong></span> 
     </span>
    </p>
   </div>
   <div class='ocr_carea' id='block_1_38' title="bbox 275 3833 3527 3912">
    <p class='ocr_par' dir='ltr' id='par_1_38' title="bbox 275 3833 3527 3912">
     <span class='ocr_line' id='line_1_38' title="bbox 275 3833 3527 3912; baseline 0.003 -21"><span class='ocrx_word' id='word_1_463' title='bbox 275 3838 449 3903; x_wconf 74' lang='lat' dir='ltr'><strong>Quam</strong></span> <span class='ocrx_word' id='word_1_464' title='bbox 483 3839 596 3889; x_wconf 71' lang='lat' dir='ltr'><strong>haec</strong></span> <span class='ocrx_word' id='word_1_465' title='bbox 621 3837 807 3888; x_wconf 87' lang='lat' dir='ltr'><strong>omnia</strong></span> <span class='ocrx_word' id='word_1_466' title='bbox 836 3842 1025 3888; x_wconf 89' lang='lat' dir='ltr'><strong>nostro</strong></span> <span class='ocrx_word' id='word_1_467' title='bbox 1068 3833 1195 3888; x_wconf 91' lang='lat' dir='ltr'><strong>huic</strong></span> <span class='ocrx_word' id='word_1_468' title='bbox 1227 3833 1386 3887; x_wconf 88' lang='lat' dir='ltr'><strong>unice</strong></span> <span class='ocrx_word' id='word_1_469' title='bbox 1407 3834 1610 3901; x_wconf 90' lang='lat' dir='ltr'><strong>scripto</strong></span> <span class='ocrx_word' id='word_1_470' title='bbox 1644 3835 1997 3901; x_wconf 88' lang='lat' dir='ltr'><strong>conveniunt,</strong></span> <span class='ocrx_word' id='word_1_471' title='bbox 2031 3836 2267 3905; x_wconf 91' lang='lat' dir='ltr'><strong>primum</strong></span> <span class='ocrx_word' id='word_1_472' title='bbox 2296 3836 2450 3893; x_wconf 90' lang='lat' dir='ltr'><strong>lrcne</strong></span> <span class='ocrx_word' id='word_1_473' title='bbox 2471 3838 2716 3908; x_wconf 84' lang='lat' dir='ltr'><strong>Augusta</strong></span> <span class='ocrx_word' id='word_1_474' title='bbox 2747 3852 3078 3910; x_wconf 77' lang='lat' dir='ltr'><strong>nuncupata,</strong></span> <span class='ocrx_word' id='word_1_475' title='bbox 3104 3844 3296 3900; x_wconf 89' lang='lat' dir='ltr'><strong>deinde</strong></span> <span class='ocrx_word' id='word_1_476' title='bbox 3323 3848 3527 3912; x_wconf 83' lang='lat' dir='ltr'><strong>princi-</strong></span> 
     </span>
    </p>
   </div>
   <div class='ocr_carea' id='block_1_39' title="bbox 276 3921 3534 3996">
    <p class='ocr_par' dir='ltr' id='par_1_39' title="bbox 276 3921 3534 3996">
     <span class='ocr_line' id='line_1_39' title="bbox 276 3921 3534 3996; baseline 0.002 -18"><span class='ocrx_word' id='word_1_477' title='bbox 276 3926 423 3996; x_wconf 85' lang='lat' dir='ltr'><strong>pium</strong></span> <span class='ocrx_word' id='word_1_478' title='bbox 455 3932 509 3977; x_wconf 90' lang='lat' dir='ltr'><strong>et</strong></span> <span class='ocrx_word' id='word_1_479' title='bbox 546 3922 707 3976; x_wconf 85' lang='lat' dir='ltr'><strong>finem</strong></span> <span class='ocrx_word' id='word_1_480' title='bbox 741 3921 1074 3976; x_wconf 88' lang='lat' dir='ltr'><strong>narrationis</strong></span> <span class='ocrx_word' id='word_1_481' title='bbox 1104 3921 1171 3975; x_wconf 88' lang='lat' dir='ltr'><strong>iis</strong></span> <span class='ocrx_word' id='word_1_482' title='bbox 1210 3929 1400 3976; x_wconf 78' lang='lat' dir='ltr'><strong>exacte</strong></span> <span class='ocrx_word' id='word_1_483' title='bbox 1426 3921 1675 3975; x_wconf 85' lang='lat' dir='ltr'><strong>terminis</strong></span> <span class='ocrx_word' id='word_1_484' title='bbox 1711 3921 2021 3988; x_wconf 90' lang='lat' dir='ltr'><strong>cohibente,</strong></span> <span class='ocrx_word' id='word_1_485' title='bbox 2049 3939 2189 3993; x_wconf 88' lang='lat' dir='ltr'><strong>quos</strong></span> <span class='ocrx_word' id='word_1_486' title='bbox 2228 3925 2477 3996; x_wconf 85' lang='lat' dir='ltr'><strong>designat</strong></span> <span class='ocrx_word' id='word_1_487' title='bbox 2510 3925 2690 3988; x_wconf 89' lang='lat' dir='ltr'><strong>Anna,</strong></span> <span class='ocrx_word' id='word_1_488' title='bbox 2728 3936 3003 3996; x_wconf 83' lang='lat' dir='ltr'><strong>postremo</strong></span> <span class='ocrx_word' id='word_1_489' title='bbox 3051 3929 3249 3996; x_wconf 81' lang='lat' dir='ltr'><strong>ubique</strong></span> <span class='ocrx_word' id='word_1_490' title='bbox 3277 3931 3428 3987; x_wconf 86' lang='lat' dir='ltr'><strong>dotes</strong></span> <span class='ocrx_word' id='word_1_491' title='bbox 3471 3943 3534 3987; x_wconf 74' lang='lat' dir='ltr'><strong>tl‘</strong></span> 
     </span>
    </p>
   </div>
   <div class='ocr_carea' id='block_1_40' title="bbox 274 4008 3523 4090">
    <p class='ocr_par' dir='ltr' id='par_1_40' title="bbox 274 4008 3523 4090">
     <span class='ocr_line' id='line_1_40' title="bbox 274 4008 3523 4090; baseline 0.002 -26"><span class='ocrx_word' id='word_1_492' title='bbox 274 4013 505 4064; x_wconf 75' lang='lat' dir='ltr'><strong>virtutes</strong></span> <span class='ocrx_word' id='word_1_493' title='bbox 531 4008 702 4063; x_wconf 79' lang='lat' dir='ltr'><strong>Alexii</strong></span> <span class='ocrx_word' id='word_1_494' title='bbox 742 4017 871 4062; x_wconf 84' lang='lat' dir='ltr'><strong>tunc</strong></span> <span class='ocrx_word' id='word_1_495' title='bbox 908 4009 1124 4076; x_wconf 79' lang='lat' dir='ltr'><strong>privati,</strong></span> <span class='ocrx_word' id='word_1_496' title='bbox 1164 4018 1349 4077; x_wconf 90' lang='lat' dir='ltr'><strong>postea</strong></span> <span class='ocrx_word' id='word_1_497' title='bbox 1386 4008 1755 4077; x_wconf 87' lang='lat' dir='ltr'><strong>imperatoris,</strong></span> <span class='ocrx_word' id='word_1_498' title='bbox 1807 4009 2206 4066; x_wconf 82' lang='lat' dir='ltr'><strong>studiosissime</strong></span> <span class='ocrx_word' id='word_1_499' title='bbox 2234 4012 2566 4068; x_wconf 89' lang='lat' dir='ltr'><strong>celebrante.</strong></span> <span class='ocrx_word' id='word_1_500' title='bbox 2613 4012 2877 4068; x_wconf 68' lang='lat' dir='ltr'><strong>Praeterea</strong></span> <span class='ocrx_word' id='word_1_501' title='bbox 2922 4030 3043 4083; x_wconf 72' lang='lat' dir='ltr'><strong>qua:</strong></span> <span class='ocrx_word' id='word_1_502' title='bbox 3096 4016 3273 4071; x_wconf 87' lang='lat' dir='ltr'><strong>inesse</strong></span> <span class='ocrx_word' id='word_1_503' title='bbox 3321 4019 3523 4090; x_wconf 72' lang='lat' dir='ltr'><strong>lit-yen-</strong></span> 
     </span>
    </p>
   </div>
   <div class='ocr_carea' id='block_1_41' title="bbox 277 4095 3529 4171">
    <p class='ocr_par' dir='ltr' id='par_1_41' title="bbox 277 4095 3529 4171">
     <span class='ocr_line' id='line_1_41' title="bbox 277 4095 3529 4171; baseline 0.004 -24"><span class='ocrx_word' id='word_1_504' title='bbox 277 4098 455 4154; x_wconf 80' lang='lat' dir='ltr'><strong>nianis</strong></span> <span class='ocrx_word' id='word_1_505' title='bbox 481 4096 895 4153; x_wconf 88' lang='lat' dir='ltr'><strong>commentariis</strong></span> <span class='ocrx_word' id='word_1_506' title='bbox 929 4095 1159 4151; x_wconf 81' lang='lat' dir='ltr'><strong>allirmat</strong></span> <span class='ocrx_word' id='word_1_507' title='bbox 1191 4099 1367 4160; x_wconf 90' lang='lat' dir='ltr'><strong>Anna,</strong></span> <span class='ocrx_word' id='word_1_508' title='bbox 1397 4112 1459 4150; x_wconf 85' lang='lat' dir='ltr'><strong>ea</strong></span> <span class='ocrx_word' id='word_1_509' title='bbox 1492 4097 1543 4150; x_wconf 92' lang='lat' dir='ltr'><strong>in</strong></span> <span class='ocrx_word' id='word_1_510' title='bbox 1584 4096 1731 4159; x_wconf 76' lang='lat' dir='ltr'><strong>hisce</strong></span> <span class='ocrx_word' id='word_1_511' title='bbox 1762 4099 1944 4155; x_wconf 74' lang='lat' dir='ltr'><strong>turnia</strong></span> <span class='ocrx_word' id='word_1_512' title='bbox 1977 4107 2314 4168; x_wconf 85' lang='lat' dir='ltr'><strong>comparent.</strong></span> <span class='ocrx_word' id='word_1_513' title='bbox 2344 4099 2401 4153; x_wconf 67' lang='grc' dir='ltr'><strong>ιιι</strong></span> <span class='ocrx_word' id='word_1_514' title='bbox 2433 4115 2539 4152; x_wconf 91' lang='lat' dir='ltr'><strong>uno</strong></span> <span class='ocrx_word' id='word_1_515' title='bbox 2574 4101 2812 4153; x_wconf 85' lang='lat' dir='ltr'><strong>alterove</strong></span> <span class='ocrx_word' id='word_1_516' title='bbox 2839 4102 3088 4171; x_wconf 61' lang='lat' dir='ltr'><strong>eve-inple</strong></span> <span class='ocrx_word' id='word_1_517' title='bbox 3115 4102 3529 4162; x_wconf 83' lang='lat' dir='ltr'><strong>demonstrasse</strong></span> 
     </span>
    </p>
   </div>
   <div class='ocr_carea' id='block_1_42' title="bbox 276 4182 3523 4255">
    <p class='ocr_par' dir='ltr' id='par_1_42' title="bbox 276 4182 3523 4255">
     <span class='ocr_line' id='line_1_42' title="bbox 276 4182 3523 4255; baseline 0.002 -15"><span class='ocrx_word' id='word_1_518' title='bbox 276 4185 413 4240; x_wconf 79' lang='lat' dir='ltr'><strong>satis</strong></span> <span class='ocrx_word' id='word_1_519' title='bbox 441 4185 534 4239; x_wconf 80' lang='lat' dir='ltr'><strong>sit.</strong></span> <span class='ocrx_word' id='word_1_520' title='bbox 560 4183 680 4238; x_wconf 89' lang='lat' dir='ltr'><strong>Lib.</strong></span> <span class='ocrx_word' id='word_1_521' title='bbox 717 4201 755 4246; x_wconf 86' lang='grc' dir='ltr'>ι,</span> <span class='ocrx_word' id='word_1_522' title='bbox 790 4200 842 4253; x_wconf 91' lang='lat' dir='ltr'><strong>p.</strong></span> <span class='ocrx_word' id='word_1_523' title='bbox 870 4184 923 4250; x_wconf 90' lang='lat'><strong>9,</strong></span> <span class='ocrx_word' id='word_1_524' title='bbox 955 4184 1022 4238; x_wconf 90' lang='lat' dir='ltr'><strong>de</strong></span> <span class='ocrx_word' id='word_1_525' title='bbox 1048 4184 1230 4239; x_wconf 81' lang='lat' dir='ltr'><strong>causis</strong></span> <span class='ocrx_word' id='word_1_526' title='bbox 1261 4200 1382 4252; x_wconf 75' lang='lat' dir='ltr'><strong>qua-</strong></span> <span class='ocrx_word' id='word_1_527' title='bbox 1410 4182 1738 4254; x_wconf 78' lang='lat' dir='ltr'><strong>Btycnnium</strong></span> <span class='ocrx_word' id='word_1_528' title='bbox 1768 4188 2037 4239; x_wconf 83' lang='lat' dir='ltr'><strong>seniorem</strong></span> <span class='ocrx_word' id='word_1_529' title='bbox 2070 4186 2338 4239; x_wconf 84' lang='lat' dir='ltr'><strong>moverint</strong></span> <span class='ocrx_word' id='word_1_530' title='bbox 2369 4187 2433 4240; x_wconf 90' lang='lat' dir='ltr'><strong>ad</strong></span> <span class='ocrx_word' id='word_1_531' title='bbox 2468 4186 2752 4255; x_wconf 87' lang='lat' dir='ltr'><strong>imperium</strong></span> <span class='ocrx_word' id='word_1_532' title='bbox 2786 4186 3170 4254; x_wconf 79' lang='lat' dir='ltr'><strong>aﬂ‘ectandum,</strong></span> <span class='ocrx_word' id='word_1_533' title='bbox 3202 4192 3274 4245; x_wconf 86' lang='lat' dir='ltr'><strong>ita</strong></span> <span class='ocrx_word' id='word_1_534' title='bbox 3308 4195 3523 4249; x_wconf 72' lang='lat' dir='ltr'><strong>scribit:</strong></span> 
     </span>
    </p>
   </div>
   <div class='ocr_carea' id='block_1_43' title="bbox 275 4272 3527 4352">
    <p class='ocr_par' dir='ltr' id='par_1_43' title="bbox 275 4272 3527 4352">
     <span class='ocr_line' id='line_1_43' title="bbox 275 4272 3527 4352; baseline 0.002 -23"><span class='ocrx_word' id='word_1_535' title='bbox 275 4276 350 4329; x_wconf 82' lang='grc' dir='ltr'><strong>Τὸ</strong></span> <span class='ocrx_word' id='word_1_536' title='bbox 386 4277 486 4346; x_wconf 77' lang='grc' dir='ltr'><strong>μὲν</strong></span> <span class='ocrx_word' id='word_1_537' title='bbox 518 4274 642 4329; x_wconf 79' lang='grc' dir='ltr'>ὅθεν</span> <span class='ocrx_word' id='word_1_538' title='bbox 684 4274 777 4326; x_wconf 69' lang='grc' dir='ltr'><strong>καὶ</strong></span> <span class='ocrx_word' id='word_1_539' title='bbox 816 4274 985 4340; x_wconf 79' lang='grc' dir='ltr'><strong>ὅπως,</strong></span> <span class='ocrx_word' id='word_1_540' title='bbox 1024 4272 1126 4327; x_wconf 81' lang='grc' dir='ltr'><strong>οὐκ</strong></span> <span class='ocrx_word' id='word_1_541' title='bbox 1171 4274 1467 4343; x_wconf 80' lang='grc' dir='ltr'>ἀναγκαῖόν</span> <span class='ocrx_word' id='word_1_542' title='bbox 1498 4277 1645 4327; x_wconf 76' lang='grc' dir='ltr'>ἐστιν</span> <span class='ocrx_word' id='word_1_543' title='bbox 1670 4276 1801 4344; x_wconf 75' lang='grc' dir='ltr'><strong>ἡμῖν</strong></span> <span class='ocrx_word' id='word_1_544' title='bbox 1844 4274 2173 4341; x_wconf 60' lang='grc' dir='ltr'>διηγεῖεθαι·</span> <span class='ocrx_word' id='word_1_545' title='bbox 2211 4272 2403 4342; x_wconf 74' lang='grc' dir='ltr'>φθάνει</span> <span class='ocrx_word' id='word_1_546' title='bbox 2434 4272 2538 4344; x_wconf 84' lang='grc' dir='ltr'><strong>γὰρ</strong></span> <span class='ocrx_word' id='word_1_547' title='bbox 2594 4274 2628 4344; x_wconf 81' lang='grc' dir='ltr'>ἡ</span> <span class='ocrx_word' id='word_1_548' title='bbox 2681 4272 2778 4326; x_wconf 79' lang='grc' dir='ltr'><strong>τοῦ</strong></span> <span class='ocrx_word' id='word_1_549' title='bbox 2809 4274 3087 4346; x_wconf 65' lang='grc' dir='ltr'><strong>Καίσαρος</strong></span> <span class='ocrx_word' id='word_1_550' title='bbox 3137 4279 3430 4352; x_wconf 64' lang='grc' dir='ltr'><strong>ξυγγραφῆ</strong></span> <span class='ocrx_word' id='word_1_551' title='bbox 3464 4282 3527 4334; x_wconf 83' lang='grc' dir='ltr'><strong>τὸ</strong></span> 
     </span>
    </p>
   </div>
   <div class='ocr_carea' id='block_1_44' title="bbox 276 4360 1883 4433">
    <p class='ocr_par' dir='ltr' id='par_1_44' title="bbox 276 4361 1883 4433">
     <span class='ocr_line' id='line_1_44' title="bbox 276 4361 1883 4433; baseline -0.002 -14"><span class='ocrx_word' id='word_1_552' title='bbox 276 4365 452 4419; x_wconf 77' lang='grc' dir='ltr'><strong>αἴτιον</strong></span> <span class='ocrx_word' id='word_1_553' title='bbox 476 4362 574 4433; x_wconf 75' lang='grc' dir='ltr'><strong>τῆς</strong></span> <span class='ocrx_word' id='word_1_554' title='bbox 597 4363 933 4425; x_wconf 73' lang='grc' dir='ltr'><strong>ἀποστασεας</strong></span> <span class='ocrx_word' id='word_1_555' title='bbox 965 4362 1333 4433; x_wconf 71' lang='grc' dir='ltr'><strong>ἐξιστορῆσαι.</strong></span> <span class='ocrx_word' id='word_1_556' title='bbox 1368 4361 1480 4419; x_wconf 83' lang='lat' dir='ltr'><strong>Hoc</strong></span> <span class='ocrx_word' id='word_1_557' title='bbox 1505 4371 1588 4418; x_wconf 83' lang='lat' dir='ltr'><strong>est.</strong></span> <span class='ocrx_word' id='word_1_558' title='bbox 1624 4381 1637 4417; x_wconf 87' lang='lat'><strong>:</strong></span> <span class='ocrx_word' id='word_1_559' title='bbox 1675 4363 1846 4432; x_wconf 85' lang='lat' dir='ltr'><strong>llujus</strong></span> <span class='ocrx_word' id='word_1_560' title='bbox 1882 4386 1883 4389; x_wconf 51' lang='grc' dir='ltr'><strong>η</strong></span> 
     </span>
    </p>
   </div>
   <div class='ocr_carea' id='block_1_45' title="bbox 1912 4360 3519 4433">
    <p class='ocr_par' dir='ltr' id='par_1_45' title="bbox 1912 4360 3519 4433">
     <span class='ocr_line' id='line_1_45' title="bbox 1912 4360 3519 4433; baseline 0.006 -22"><span class='ocrx_word' id='word_1_561' title='bbox 1912 4362 2070 4431; x_wconf 79' lang='lat' dir='ltr'><strong>necpti</strong></span> <span class='ocrx_word' id='word_1_562' title='bbox 2099 4377 2214 4430; x_wconf 80' lang='lat' dir='ltr'><strong>qua:</strong></span> <span class='ocrx_word' id='word_1_563' title='bbox 2243 4360 2407 4415; x_wconf 79' lang='lat' dir='ltr'><strong>causa</strong></span> <span class='ocrx_word' id='word_1_564' title='bbox 2440 4377 2618 4430; x_wconf 75' lang='lat' dir='ltr'><strong>qua‘ve</strong></span> <span class='ocrx_word' id='word_1_565' title='bbox 2648 4366 2883 4418; x_wconf 82' lang='lat' dir='ltr'><strong>rationes</strong></span> <span class='ocrx_word' id='word_1_566' title='bbox 2912 4364 3131 4433; x_wconf 78' lang='lat' dir='ltr'><strong>fuerint,</strong></span> <span class='ocrx_word' id='word_1_567' title='bbox 3163 4369 3291 4421; x_wconf 80' lang='lat' dir='ltr'><strong>mihi</strong></span> <span class='ocrx_word' id='word_1_568' title='bbox 3323 4386 3425 4422; x_wconf 79' lang='lat' dir='ltr'><strong>non</strong></span> <span class='ocrx_word' id='word_1_569' title='bbox 3446 4383 3519 4423; x_wconf 85' lang='lat' dir='ltr'><strong>est</strong></span> 
     </span>
    </p>
   </div>
   <div class='ocr_carea' id='block_1_46' title="bbox 274 4450 3536 4519">
    <p class='ocr_par' dir='ltr' id='par_1_46' title="bbox 274 4450 3536 4519">
     <span class='ocr_line' id='line_1_46' title="bbox 274 4450 3536 4519; baseline 0.001 -14"><span class='ocrx_word' id='word_1_570' title='bbox 274 4467 482 4507; x_wconf 80' lang='lat' dir='ltr'><strong>necesse</strong></span> <span class='ocrx_word' id='word_1_571' title='bbox 511 4450 816 4515; x_wconf 81' lang='lat' dir='ltr'><strong>diligentius</strong></span> <span class='ocrx_word' id='word_1_572' title='bbox 859 4465 1114 4519; x_wconf 75' lang='lat' dir='ltr'><strong>exponere</strong></span> <span class='ocrx_word' id='word_1_573' title='bbox 1139 4465 1158 4504; x_wconf 88' lang='lat'><strong><em>:</em></strong></span> <span class='ocrx_word' id='word_1_574' title='bbox 1185 4450 1434 4513; x_wconf 83' lang='lat' dir='ltr'><strong>quoniam</strong></span> <span class='ocrx_word' id='word_1_575' title='bbox 1468 4450 1623 4503; x_wconf 84' lang='lat' dir='ltr'><strong>istum</strong></span> <span class='ocrx_word' id='word_1_576' title='bbox 1654 4450 1796 4504; x_wconf 77' lang='lat' dir='ltr'><strong>nobis</strong></span> <span class='ocrx_word' id='word_1_577' title='bbox 1820 4450 2051 4502; x_wconf 81' lang='lat' dir='ltr'><strong>laborem</strong></span> <span class='ocrx_word' id='word_1_578' title='bbox 2077 4458 2358 4501; x_wconf 85' lang='lat' dir='ltr'><strong>accuratus</strong></span> <span class='ocrx_word' id='word_1_579' title='bbox 2387 4465 2446 4502; x_wconf 87' lang='lat' dir='ltr'><strong>ea</strong></span> <span class='ocrx_word' id='word_1_580' title='bbox 2470 4450 2535 4503; x_wconf 83' lang='lat' dir='ltr'><strong>de</strong></span> <span class='ocrx_word' id='word_1_581' title='bbox 2576 4465 2632 4503; x_wconf 85' lang='lat' dir='ltr'><strong>re</strong></span> <span class='ocrx_word' id='word_1_582' title='bbox 2663 4452 2836 4505; x_wconf 82' lang='lat' dir='ltr'><strong>nostri</strong></span> <span class='ocrx_word' id='word_1_583' title='bbox 2856 4450 3087 4508; x_wconf 71' lang='lat' dir='ltr'><strong>Ca’saris</strong></span> <span class='ocrx_word' id='word_1_584' title='bbox 3119 4458 3536 4510; x_wconf 71' lang='lat' dir='ltr'><strong>commentarius-</strong></span> 
     </span>
    </p>
   </div>
   <div class='ocr_carea' id='block_1_47' title="bbox 273 4536 3534 4607">
    <p class='ocr_par' dir='ltr' id='par_1_47' title="bbox 273 4536 3534 4607">
     <span class='ocr_line' id='line_1_47' title="bbox 273 4536 3534 4607; baseline 0.001 -12"><span class='ocrx_word' id='word_1_585' title='bbox 273 4540 562 4606; x_wconf 83' lang='lat' dir='ltr'><strong>occupavit.</strong></span> <span class='ocrx_word' id='word_1_586' title='bbox 602 4536 727 4591; x_wconf 78' lang='lat' dir='ltr'><strong>llaec</strong></span> <span class='ocrx_word' id='word_1_587' title='bbox 760 4537 917 4607; x_wconf 90' lang='lat' dir='ltr'><strong>plane</strong></span> <span class='ocrx_word' id='word_1_588' title='bbox 948 4537 1174 4607; x_wconf 86' lang='lat' dir='ltr'><strong>digitum</strong></span> <span class='ocrx_word' id='word_1_589' title='bbox 1216 4536 1505 4590; x_wconf 83' lang='lat' dir='ltr'><strong>intendunt</strong></span> <span class='ocrx_word' id='word_1_590' title='bbox 1546 4538 1598 4589; x_wconf 91' lang='lat' dir='ltr'><strong>in</strong></span> <span class='ocrx_word' id='word_1_591' title='bbox 1633 4538 1830 4590; x_wconf 90' lang='lat' dir='ltr'><strong>librum</strong></span> <span class='ocrx_word' id='word_1_592' title='bbox 1868 4537 2084 4591; x_wconf 86' lang='lat' dir='ltr'><strong>tertium</strong></span> <span class='ocrx_word' id='word_1_593' title='bbox 2121 4538 2313 4590; x_wconf 86' lang='lat' dir='ltr'><strong>horum</strong></span> <span class='ocrx_word' id='word_1_594' title='bbox 2343 4538 2888 4595; x_wconf 86' lang='lat' dir='ltr'><strong>commentariorum.</strong></span> <span class='ocrx_word' id='word_1_595' title='bbox 2928 4540 3006 4595; x_wconf 83' lang='lat' dir='ltr'><strong>ibi</strong></span> <span class='ocrx_word' id='word_1_596' title='bbox 3036 4545 3181 4595; x_wconf 90' lang='lat' dir='ltr'><strong>enim</strong></span> <span class='ocrx_word' id='word_1_597' title='bbox 3215 4558 3245 4597; x_wconf 90' lang='lat' dir='ltr'><strong>a</strong></span> <span class='ocrx_word' id='word_1_598' title='bbox 3278 4547 3534 4598; x_wconf 69' lang='lat' dir='ltr'><strong>sectione</strong></span> 
     </span>
    </p>
   </div>
   <div class='ocr_carea' id='block_1_48' title="bbox 273 4622 3517 4703">
    <p class='ocr_par' dir='ltr' id='par_1_48' title="bbox 273 4622 3517 4703">
     <span class='ocr_line' id='line_1_48' title="bbox 273 4622 3517 4703; baseline 0.002 -22"><span class='ocrx_word' id='word_1_599' title='bbox 273 4626 512 4682; x_wconf 85' lang='lat' dir='ltr'><strong>secunda</strong></span> <span class='ocrx_word' id='word_1_600' title='bbox 552 4625 619 4679; x_wconf 90' lang='lat' dir='ltr'><strong>ad</strong></span> <span class='ocrx_word' id='word_1_601' title='bbox 646 4624 914 4678; x_wconf 89' lang='lat' dir='ltr'><strong>decimam</strong></span> <span class='ocrx_word' id='word_1_602' title='bbox 953 4624 1232 4679; x_wconf 88' lang='lat' dir='ltr'><strong>fusissime</strong></span> <span class='ocrx_word' id='word_1_603' title='bbox 1266 4622 1619 4679; x_wconf 87' lang='lat' dir='ltr'><strong>declarantur</strong></span> <span class='ocrx_word' id='word_1_604' title='bbox 1649 4639 1828 4679; x_wconf 77' lang='lat' dir='ltr'><strong>causa:</strong></span> <span class='ocrx_word' id='word_1_605' title='bbox 1862 4640 1982 4694; x_wconf 74' lang='lat' dir='ltr'><strong>qua:</strong></span> <span class='ocrx_word' id='word_1_606' title='bbox 2010 4625 2337 4694; x_wconf 81' lang='lat' dir='ltr'><strong>Bryennium</strong></span> <span class='ocrx_word' id='word_1_607' title='bbox 2370 4637 2662 4681; x_wconf 88' lang='lat' dir='ltr'><strong>moverunt</strong></span> <span class='ocrx_word' id='word_1_608' title='bbox 2692 4628 2757 4681; x_wconf 89' lang='lat' dir='ltr'><strong>ad</strong></span> <span class='ocrx_word' id='word_1_609' title='bbox 2796 4629 3086 4698; x_wconf 84' lang='lat' dir='ltr'><strong>imperium</strong></span> <span class='ocrx_word' id='word_1_610' title='bbox 3120 4633 3517 4703; x_wconf 84' lang='lat' dir='ltr'><strong>usurpandum.</strong></span> 
     </span>
    </p>
   </div>
   <div class='ocr_carea' id='block_1_49' title="bbox 272 4711 3521 4784">
    <p class='ocr_par' dir='ltr' id='par_1_49' title="bbox 272 4711 3521 4784">
     <span class='ocr_line' id='line_1_49' title="bbox 272 4711 3521 4784; baseline 0.002 -17"><span class='ocrx_word' id='word_1_611' title='bbox 272 4713 442 4767; x_wconf 88' lang='lat' dir='ltr'><strong>Paulo</strong></span> <span class='ocrx_word' id='word_1_612' title='bbox 472 4719 595 4782; x_wconf 90' lang='lat' dir='ltr'><strong>post</strong></span> <span class='ocrx_word' id='word_1_613' title='bbox 620 4714 774 4765; x_wconf 75' lang='lat' dir='ltr'><strong>Anna</strong></span> <span class='ocrx_word' id='word_1_614' title='bbox 806 4712 996 4765; x_wconf 88' lang='lat' dir='ltr'><strong>eadem</strong></span> <span class='ocrx_word' id='word_1_615' title='bbox 1030 4712 1097 4766; x_wconf 91' lang='lat' dir='ltr'><strong>de</strong></span> <span class='ocrx_word' id='word_1_616' title='bbox 1130 4711 1479 4780; x_wconf 82' lang='lat' dir='ltr'><strong>expeditione</strong></span> <span class='ocrx_word' id='word_1_617' title='bbox 1507 4712 1684 4765; x_wconf 81' lang='lat' dir='ltr'><strong>Alexii</strong></span> <span class='ocrx_word' id='word_1_618' title='bbox 1717 4714 1770 4765; x_wconf 91' lang='lat' dir='ltr'><strong>in</strong></span> <span class='ocrx_word' id='word_1_619' title='bbox 1806 4711 2155 4782; x_wconf 79' lang='lat' dir='ltr'><strong>Bryennium,</strong></span> <span class='ocrx_word' id='word_1_620' title='bbox 2187 4711 2461 4781; x_wconf 90' lang='lat' dir='ltr'><strong>hujusque</strong></span> <span class='ocrx_word' id='word_1_621' title='bbox 2490 4714 2666 4776; x_wconf 88' lang='lat' dir='ltr'><strong>clade,</strong></span> <span class='ocrx_word' id='word_1_622' title='bbox 2694 4716 3029 4784; x_wconf 77' lang='lat' dir='ltr'><strong>captivitate,</strong></span> <span class='ocrx_word' id='word_1_623' title='bbox 3062 4728 3115 4771; x_wconf 91' lang='lat' dir='ltr'><strong>et</strong></span> <span class='ocrx_word' id='word_1_624' title='bbox 3160 4721 3521 4774; x_wconf 70' lang='lat' dir='ltr'><strong>cxcaacatione</strong></span> 
     </span>
    </p>
   </div>
   <div class='ocr_carea' id='block_1_50' title="bbox 272 4798 3516 4876">
    <p class='ocr_par' dir='ltr' id='par_1_50' title="bbox 272 4798 3516 4876">
     <span class='ocr_line' id='line_1_50' title="bbox 272 4798 3516 4876; baseline 0.001 -21"><span class='ocrx_word' id='word_1_625' title='bbox 272 4801 507 4855; x_wconf 81' lang='lat' dir='ltr'><strong>breviter</strong></span> <span class='ocrx_word' id='word_1_626' title='bbox 533 4815 869 4862; x_wconf 89' lang='lat' dir='ltr'><strong>memorans,</strong></span> <span class='ocrx_word' id='word_1_627' title='bbox 929 4799 1006 4851; x_wconf 89' lang='lat' dir='ltr'><strong>ait</strong></span> <span class='ocrx_word' id='word_1_628' title='bbox 1062 4798 1163 4851; x_wconf 89' lang='lat' dir='ltr'><strong>sibi</strong></span> <span class='ocrx_word' id='word_1_629' title='bbox 1206 4812 1430 4852; x_wconf 85' lang='lat' dir='ltr'><strong>necesse</strong></span> <span class='ocrx_word' id='word_1_630' title='bbox 1476 4813 1589 4851; x_wconf 90' lang='lat' dir='ltr'><strong>non</strong></span> <span class='ocrx_word' id='word_1_631' title='bbox 1627 4798 1792 4855; x_wconf 80' lang='lat' dir='ltr'><strong>videri</strong></span> <span class='ocrx_word' id='word_1_632' title='bbox 1833 4815 1895 4853; x_wconf 87' lang='lat' dir='ltr'><strong>ea</strong></span> <span class='ocrx_word' id='word_1_633' title='bbox 1923 4799 2238 4869; x_wconf 82' lang='lat' dir='ltr'><strong>diligentius</strong></span> <span class='ocrx_word' id='word_1_634' title='bbox 2273 4806 2471 4853; x_wconf 87' lang='lat' dir='ltr'><strong>cuncta</strong></span> <span class='ocrx_word' id='word_1_635' title='bbox 2498 4802 2775 4869; x_wconf 80' lang='lat' dir='ltr'><strong>persequi.</strong></span> <span class='ocrx_word' id='word_1_636' title='bbox 2811 4800 2884 4854; x_wconf 82' lang='grc' dir='ltr'><strong>Τὸ</strong></span> <span class='ocrx_word' id='word_1_637' title='bbox 2906 4802 3015 4873; x_wconf 80' lang='grc' dir='ltr'><strong>γὰρ</strong></span> <span class='ocrx_word' id='word_1_638' title='bbox 3043 4805 3265 4874; x_wconf 74' lang='grc' dir='ltr'><strong>ἀκριϐὲς</strong></span> <span class='ocrx_word' id='word_1_639' title='bbox 3297 4807 3516 4876; x_wconf 84' lang='lat' dir='ltr'><strong>(inquit)</strong></span> 
     </span>
    </p>
   </div>
   <div class='ocr_carea' id='block_1_51' title="bbox 268 4882 1875 4959">
    <p class='ocr_par' dir='ltr' id='par_1_51' title="bbox 268 4885 1875 4958">
     <span class='ocr_line' id='line_1_51' title="bbox 268 4885 1875 4958; baseline 0 -19"><span class='ocrx_word' id='word_1_640' title='bbox 268 4890 365 4957; x_wconf 67' lang='grc' dir='ltr'><strong>τῆς</strong></span> <span class='ocrx_word' id='word_1_641' title='bbox 396 4886 636 4957; x_wconf 75' lang='grc' dir='ltr'><strong>ἱστορίας</strong></span> <span class='ocrx_word' id='word_1_642' title='bbox 674 4886 765 4938; x_wconf 72' lang='grc' dir='ltr'>τὸν</span> <span class='ocrx_word' id='word_1_643' title='bbox 800 4885 1127 4956; x_wconf 76' lang='grc' dir='ltr'>βουλόμενον</span> <span class='ocrx_word' id='word_1_644' title='bbox 1158 4887 1372 4953; x_wconf 61' lang='grc' dir='ltr'>μπσείν,</span> <span class='ocrx_word' id='word_1_645' title='bbox 1413 4886 1471 4947; x_wconf 80' lang='grc' dir='ltr'><strong>ἐς</strong></span> <span class='ocrx_word' id='word_1_646' title='bbox 1501 4885 1593 4939; x_wconf 75' lang='grc' dir='ltr'><strong>τὸν</strong></span> <span class='ocrx_word' id='word_1_647' title='bbox 1630 4886 1875 4958; x_wconf 72' lang='grc' dir='ltr'><strong>Καίσαρα</strong></span> 
     </span>
    </p>
   </div>
   <div class='ocr_carea' id='block_1_52' title="bbox 1915 4882 3522 4959">
    <p class='ocr_par' dir='ltr' id='par_1_52' title="bbox 1928 4882 3522 4959">
     <span class='ocr_line' id='line_1_52' title="bbox 1928 4882 3522 4959; baseline 0.004 -21"><span class='ocrx_word' id='word_1_648' title='bbox 1928 4885 2396 4956; x_wconf 69' lang='grc' dir='ltr'><strong>παρᾳπέμπομεν.</strong></span> <span class='ocrx_word' id='word_1_649' title='bbox 2430 4882 2544 4939; x_wconf 81' lang='lat' dir='ltr'><strong>Hoc</strong></span> <span class='ocrx_word' id='word_1_650' title='bbox 2587 4896 2714 4941; x_wconf 84' lang='lat' dir='ltr'><strong>cst:</strong></span> <span class='ocrx_word' id='word_1_651' title='bbox 2758 4886 2898 4940; x_wconf 84' lang='lat' dir='ltr'><strong>Nam</strong></span> <span class='ocrx_word' id='word_1_652' title='bbox 2954 4891 3124 4959; x_wconf 74' lang='lat' dir='ltr'><strong>fusius</strong></span> <span class='ocrx_word' id='word_1_653' title='bbox 3175 4900 3222 4943; x_wconf 86' lang='lat' dir='ltr'><strong>cl</strong></span> <span class='ocrx_word' id='word_1_654' title='bbox 3273 4893 3522 4946; x_wconf 70' lang='lat' dir='ltr'><strong>subtilius</strong></span> 
     </span>
    </p>
   </div>
   <div class='ocr_carea' id='block_1_53' title="bbox 270 4971 3519 5043">
    <p class='ocr_par' dir='ltr' id='par_1_53' title="bbox 270 4971 3519 5043">
     <span class='ocr_line' id='line_1_53' title="bbox 270 4971 3519 5043; baseline 0.001 -16"><span class='ocrx_word' id='word_1_655' title='bbox 270 4976 374 5028; x_wconf 86' lang='lat' dir='ltr'><strong>ista</strong></span> <span class='ocrx_word' id='word_1_656' title='bbox 421 4974 686 5042; x_wconf 79' lang='lat' dir='ltr'><strong>descripta</strong></span> <span class='ocrx_word' id='word_1_657' title='bbox 724 4974 818 5043; x_wconf 83' lang='lat' dir='ltr'><strong>qui</strong></span> <span class='ocrx_word' id='word_1_658' title='bbox 860 4989 1012 5026; x_wconf 80' lang='lat' dir='ltr'><strong>nosse</strong></span> <span class='ocrx_word' id='word_1_659' title='bbox 1053 4972 1342 5039; x_wconf 73' lang='lat' dir='ltr'><strong>cupierint,</strong></span> <span class='ocrx_word' id='word_1_660' title='bbox 1371 4988 1457 5025; x_wconf 86' lang='lat' dir='ltr'><strong>cos</strong></span> <span class='ocrx_word' id='word_1_661' title='bbox 1498 4974 1565 5025; x_wconf 82' lang='lat' dir='ltr'><strong>ad</strong></span> <span class='ocrx_word' id='word_1_662' title='bbox 1608 4973 1867 5028; x_wconf 78' lang='lat' dir='ltr'><strong>Ctesan</strong></span> <span class='ocrx_word' id='word_1_663' title='bbox 1900 4974 2237 5027; x_wconf 79' lang='lat' dir='ltr'><strong>remittimus.</strong></span> <span class='ocrx_word' id='word_1_664' title='bbox 2294 4971 2611 5041; x_wconf 71' lang='lat' dir='ltr'><strong>licspiciunt</strong></span> <span class='ocrx_word' id='word_1_665' title='bbox 2640 4976 2741 5029; x_wconf 83' lang='lat' dir='ltr'><strong>ista</strong></span> <span class='ocrx_word' id='word_1_666' title='bbox 2786 4977 3076 5031; x_wconf 81' lang='lat' dir='ltr'><strong>manifeste</strong></span> <span class='ocrx_word' id='word_1_667' title='bbox 3112 4979 3202 5030; x_wconf 76' lang='lat' dir='ltr'><strong>lib.</strong></span> <span class='ocrx_word' id='word_1_668' title='bbox 3239 4993 3290 5029; x_wconf 83' lang='lat' dir='ltr'><strong>tv</strong></span> <span class='ocrx_word' id='word_1_669' title='bbox 3324 4979 3519 5031; x_wconf 82' lang='lat' dir='ltr'><strong>horum</strong></span> 
     </span>
    </p>
   </div>
   <div class='ocr_carea' id='block_1_54' title="bbox 269 5059 3521 5132">
    <p class='ocr_par' dir='ltr' id='par_1_54' title="bbox 269 5059 3521 5132">
     <span class='ocr_line' id='line_1_54' title="bbox 269 5059 3521 5132; baseline 0.001 -18"><span class='ocrx_word' id='word_1_670' title='bbox 269 5061 813 5122; x_wconf 88' lang='lat' dir='ltr'><strong>commentariorum,</strong></span> <span class='ocrx_word' id='word_1_671' title='bbox 849 5059 902 5112; x_wconf 92' lang='lat' dir='ltr'><strong>in</strong></span> <span class='ocrx_word' id='word_1_672' title='bbox 956 5076 1065 5128; x_wconf 85' lang='lat' dir='ltr'><strong>quo</strong></span> <span class='ocrx_word' id='word_1_673' title='bbox 1115 5076 1144 5111; x_wconf 93' lang='lat' dir='ltr'><strong>a</strong></span> <span class='ocrx_word' id='word_1_674' title='bbox 1192 5076 1319 5112; x_wconf 91' lang='lat' dir='ltr'><strong>nutn</strong></span> <span class='ocrx_word' id='word_1_675' title='bbox 1371 5060 1406 5112; x_wconf 74' lang='grc'>2</span> <span class='ocrx_word' id='word_1_676' title='bbox 1434 5062 1499 5112; x_wconf 90' lang='lat' dir='ltr'><strong>ad</strong></span> <span class='ocrx_word' id='word_1_677' title='bbox 1547 5060 1609 5114; x_wconf 88' lang='lat' dir='ltr'><strong>l8</strong></span> <span class='ocrx_word' id='word_1_678' title='bbox 1643 5062 1756 5115; x_wconf 66' lang='lat' dir='ltr'><strong>haec</strong></span> <span class='ocrx_word' id='word_1_679' title='bbox 1797 5069 1909 5116; x_wconf 86' lang='lat' dir='ltr'><strong>tota</strong></span> <span class='ocrx_word' id='word_1_680' title='bbox 1954 5061 2281 5132; x_wconf 81' lang='lat' dir='ltr'><strong>Bryenniani</strong></span> <span class='ocrx_word' id='word_1_681' title='bbox 2326 5061 2472 5125; x_wconf 81' lang='lat' dir='ltr'><strong>belli,</strong></span> <span class='ocrx_word' id='word_1_682' title='bbox 2506 5072 2559 5115; x_wconf 84' lang='lat' dir='ltr'><strong>et</strong></span> <span class='ocrx_word' id='word_1_683' title='bbox 2608 5061 2862 5130; x_wconf 76' lang='lat' dir='ltr'><strong>liryeunii</strong></span> <span class='ocrx_word' id='word_1_684' title='bbox 2904 5064 3235 5120; x_wconf 84' lang='lat' dir='ltr'><strong>calamitatis</strong></span> <span class='ocrx_word' id='word_1_685' title='bbox 3294 5067 3521 5120; x_wconf 80' lang='lat' dir='ltr'><strong>histor&#39;a</strong></span> 
     </span>
    </p>
   </div>
   <div class='ocr_carea' id='block_1_55' title="bbox 284 5146 3520 5219">
    <p class='ocr_par' dir='ltr' id='par_1_55' title="bbox 284 5146 3520 5219">
     <span class='ocr_line' id='line_1_55' title="bbox 284 5146 3520 5219; baseline 0.002 -19"><span class='ocrx_word' id='word_1_686' title='bbox 284 5146 705 5201; x_wconf 83' lang='lat' dir='ltr'><strong>distinctissitne</strong></span> <span class='ocrx_word' id='word_1_687' title='bbox 733 5148 1208 5215; x_wconf 75' lang='lat' dir='ltr'><strong>minutissimequc</strong></span> <span class='ocrx_word' id='word_1_688' title='bbox 1240 5147 1494 5199; x_wconf 87' lang='lat' dir='ltr'><strong>traditur.</strong></span> <span class='ocrx_word' id='word_1_689' title='bbox 1529 5146 1692 5201; x_wconf 88' lang='lat' dir='ltr'><strong>Libro</strong></span> <span class='ocrx_word' id='word_1_690' title='bbox 1729 5164 1947 5219; x_wconf 83' lang='lat' dir='ltr'><strong>quoque</strong></span> <span class='ocrx_word' id='word_1_691' title='bbox 1990 5150 2266 5203; x_wconf 74' lang='lat' dir='ltr'><strong>Alexiadis</strong></span> <span class='ocrx_word' id='word_1_692' title='bbox 2300 5166 2353 5215; x_wconf 70' lang='grc' dir='ltr'><strong>ς,</strong></span> <span class='ocrx_word' id='word_1_693' title='bbox 2389 5166 2437 5219; x_wconf 92' lang='lat' dir='ltr'><strong>p.</strong></span> <span class='ocrx_word' id='word_1_694' title='bbox 2468 5150 2596 5214; x_wconf 72' lang='grc'><strong>271,</strong></span> <span class='ocrx_word' id='word_1_695' title='bbox 2620 5151 2687 5204; x_wconf 89' lang='lat' dir='ltr'><strong>de</strong></span> <span class='ocrx_word' id='word_1_696' title='bbox 2722 5154 2901 5219; x_wconf 72' lang='lat' dir='ltr'><strong>prndio</strong></span> <span class='ocrx_word' id='word_1_697' title='bbox 2933 5152 3122 5205; x_wconf 86' lang='lat' dir='ltr'><strong>lsaacii</strong></span> <span class='ocrx_word' id='word_1_698' title='bbox 3157 5154 3520 5209; x_wconf 76' lang='lat' dir='ltr'><strong>Sebastocra—</strong></span> 
     </span>
    </p>
   </div>
   <div class='ocr_carea' id='block_1_56' title="bbox 272 5233 1879 5309">
    <p class='ocr_par' dir='ltr' id='par_1_56' title="bbox 272 5233 1879 5302">
     <span class='ocr_line' id='line_1_56' title="bbox 272 5233 1879 5302; baseline 0.003 -16"><span class='ocrx_word' id='word_1_699' title='bbox 272 5237 407 5288; x_wconf 89' lang='lat' dir='ltr'><strong>toris</strong></span> <span class='ocrx_word' id='word_1_700' title='bbox 438 5251 562 5289; x_wconf 84' lang='lat' dir='ltr'><strong>cum</strong></span> <span class='ocrx_word' id='word_1_701' title='bbox 595 5233 791 5289; x_wconf 82' lang='lat' dir='ltr'><strong>Turcis</strong></span> <span class='ocrx_word' id='word_1_702' title='bbox 818 5234 1117 5289; x_wconf 86' lang='lat' dir='ltr'><strong>commisso</strong></span> <span class='ocrx_word' id='word_1_703' title='bbox 1158 5250 1325 5302; x_wconf 86' lang='lat' dir='ltr'><strong>prope</strong></span> <span class='ocrx_word' id='word_1_704' title='bbox 1357 5235 1725 5298; x_wconf 86' lang='lat' dir='ltr'><strong>Antiochiam,</strong></span> <span class='ocrx_word' id='word_1_705' title='bbox 1757 5238 1827 5289; x_wconf 84' lang='lat' dir='ltr'><strong>ita</strong></span> <span class='ocrx_word' id='word_1_706' title='bbox 1864 5254 1879 5291; x_wconf 83' lang='lat' dir='ltr'><strong>s</strong></span> 
     </span>
    </p>
   </div>
   <div class='ocr_carea' id='block_1_57' title="bbox 1911 5233 3518 5309">
    <p class='ocr_par' dir='ltr' id='par_1_57' title="bbox 1911 5237 3518 5309">
     <span class='ocr_line' id='line_1_57' title="bbox 1911 5237 3518 5309; baseline 0.002 -20"><span class='ocrx_word' id='word_1_707' title='bbox 1911 5237 2053 5289; x_wconf 85' lang='lat' dir='ltr'><strong>:ribit</strong></span> <span class='ocrx_word' id='word_1_708' title='bbox 2084 5239 2240 5290; x_wconf 82' lang='lat' dir='ltr'><strong>Anna</strong></span> <span class='ocrx_word' id='word_1_709' title='bbox 2282 5254 2296 5290; x_wconf 91' lang='lat'><strong>:</strong></span> <span class='ocrx_word' id='word_1_710' title='bbox 2337 5239 2522 5299; x_wconf 70' lang='lat' dir='ltr'><strong>&quot;Ome;</strong></span> <span class='ocrx_word' id='word_1_711' title='bbox 2547 5237 2604 5288; x_wconf 72' lang='grc' dir='ltr'>δὲ</span> <span class='ocrx_word' id='word_1_712' title='bbox 2636 5237 2694 5289; x_wconf 72' lang='grc' dir='ltr'><strong>τὸ</strong></span> <span class='ocrx_word' id='word_1_713' title='bbox 2734 5238 3231 5309; x_wconf 68' lang='grc' dir='ltr'><strong>ὶεπτομερέστερον</strong></span> <span class='ocrx_word' id='word_1_714' title='bbox 3280 5240 3518 5296; x_wconf 71' lang='grc' dir='ltr'>ἐθέλοντι</span> 
     </span>
    </p>
   </div>
   <div class='ocr_carea' id='block_1_58' title="bbox 268 5321 1875 5399">
    <p class='ocr_par' dir='ltr' id='par_1_58' title="bbox 268 5321 1875 5390">
     <span class='ocr_line' id='line_1_58' title="bbox 268 5321 1875 5390; baseline 0 -15"><span class='ocrx_word' id='word_1_715' title='bbox 268 5323 585 5388; x_wconf 68' lang='grc' dir='ltr'>μανθάνειν,</span> <span class='ocrx_word' id='word_1_716' title='bbox 630 5323 812 5389; x_wconf 71' lang='grc' dir='ltr'>ἕξεται</span> <span class='ocrx_word' id='word_1_717' title='bbox 846 5323 953 5375; x_wconf 80' lang='grc' dir='ltr'><strong>ἀπὸ</strong></span> <span class='ocrx_word' id='word_1_718' title='bbox 986 5323 1092 5375; x_wconf 83' lang='grc' dir='ltr'>τῶν</span> <span class='ocrx_word' id='word_1_719' title='bbox 1118 5322 1211 5374; x_wconf 70' lang='grc' dir='ltr'><strong>τοῦ</strong></span> <span class='ocrx_word' id='word_1_720' title='bbox 1247 5321 1471 5374; x_wconf 65' lang='grc' dir='ltr'>Κλεινῡῦ</span> <span class='ocrx_word' id='word_1_721' title='bbox 1514 5323 1772 5390; x_wconf 60' lang='grc' dir='ltr'><strong>καίσαρος</strong></span> <span class='ocrx_word' id='word_1_722' title='bbox 1826 5341 1875 5375; x_wconf 76' lang='grc' dir='ltr'>σι</span> 
     </span>
    </p>
   </div>
   <div class='ocr_carea' id='block_1_59' title="bbox 1919 5321 3526 5399">
    <p class='ocr_par' dir='ltr' id='par_1_59' title="bbox 1919 5324 3521 5399">
     <span class='ocr_line' id='line_1_59' title="bbox 1919 5324 3521 5399; baseline 0.003 -22"><span class='ocrx_word' id='word_1_723' title='bbox 1919 5326 2279 5395; x_wconf 73' lang='grc' dir='ltr'>’γραμμάτων</span> <span class='ocrx_word' id='word_1_724' title='bbox 2317 5325 2633 5393; x_wconf 77' lang='grc' dir='ltr'>διεντυχεῖν.</span> <span class='ocrx_word' id='word_1_725' title='bbox 2685 5324 2759 5376; x_wconf 80' lang='lat' dir='ltr'><strong>De</strong></span> <span class='ocrx_word' id='word_1_726' title='bbox 2814 5342 2914 5392; x_wconf 85' lang='lat' dir='ltr'><strong>quo</strong></span> <span class='ocrx_word' id='word_1_727' title='bbox 2971 5329 3255 5391; x_wconf 84' lang='lat' dir='ltr'><strong>(tnmirutn</strong></span> <span class='ocrx_word' id='word_1_728' title='bbox 3315 5330 3521 5399; x_wconf 70' lang='lat' dir='ltr'><strong>prtulio)</strong></span> 
     </span>
    </p>
   </div>
   <div class='ocr_carea' id='block_1_60' title="bbox 267 5409 3521 5482">
    <p class='ocr_par' dir='ltr' id='par_1_60' title="bbox 267 5409 3521 5482">
     <span class='ocr_line' id='line_1_60' title="bbox 267 5409 3521 5482; baseline 0.002 -20"><span class='ocrx_word' id='word_1_729' title='bbox 267 5412 356 5481; x_wconf 85' lang='lat' dir='ltr'><strong>qui</strong></span> <span class='ocrx_word' id='word_1_730' title='bbox 400 5413 703 5465; x_wconf 80' lang='lat' dir='ltr'><strong>distinctius</strong></span> <span class='ocrx_word' id='word_1_731' title='bbox 747 5414 878 5463; x_wconf 75' lang='lat' dir='ltr'><strong>scire</strong></span> <span class='ocrx_word' id='word_1_732' title='bbox 906 5410 1063 5474; x_wconf 85' lang='lat' dir='ltr'><strong>uolet,</strong></span> <span class='ocrx_word' id='word_1_733' title='bbox 1110 5409 1263 5462; x_wconf 82' lang='lat' dir='ltr'><strong>habet</strong></span> <span class='ocrx_word' id='word_1_734' title='bbox 1307 5414 1710 5462; x_wconf 78' lang='lat' dir='ltr'><strong>commentarios</strong></span> <span class='ocrx_word' id='word_1_735' title='bbox 1746 5412 1927 5480; x_wconf 72' lang='lat' dir='ltr'><strong>inclyti</strong></span> <span class='ocrx_word' id='word_1_736' title='bbox 1963 5414 2189 5466; x_wconf 77' lang='lat' dir='ltr'><strong>Cwsaris</strong></span> <span class='ocrx_word' id='word_1_737' title='bbox 2216 5429 2343 5482; x_wconf 85' lang='lat' dir='ltr'><strong>quos</strong></span> <span class='ocrx_word' id='word_1_738' title='bbox 2374 5412 2640 5465; x_wconf 84' lang='lat' dir='ltr'><strong>consulat.</strong></span> <span class='ocrx_word' id='word_1_739' title='bbox 2692 5410 2881 5464; x_wconf 77' lang='lat' dir='ltr'><strong>Exstat</strong></span> <span class='ocrx_word' id='word_1_740' title='bbox 2911 5413 3183 5469; x_wconf 85' lang='lat' dir='ltr'><strong>indicatus</strong></span> <span class='ocrx_word' id='word_1_741' title='bbox 3231 5419 3315 5470; x_wconf 88' lang='lat' dir='ltr'><strong>Itis</strong></span> <span class='ocrx_word' id='word_1_742' title='bbox 3344 5420 3521 5469; x_wconf 84' lang='lat' dir='ltr'><strong>verbis</strong></span> 
     </span>
    </p>
   </div>
   <div class='ocr_carea' id='block_1_61' title="bbox 266 5498 3522 5570">
    <p class='ocr_par' dir='ltr' id='par_1_61' title="bbox 266 5498 3522 5570">
     <span class='ocr_line' id='line_1_61' title="bbox 266 5498 3522 5570; baseline -0.001 -19"><span class='ocrx_word' id='word_1_743' title='bbox 266 5500 420 5553; x_wconf 87' lang='lat' dir='ltr'><strong>locus</strong></span> <span class='ocrx_word' id='word_1_744' title='bbox 463 5500 514 5553; x_wconf 92' lang='lat' dir='ltr'><strong>in</strong></span> <span class='ocrx_word' id='word_1_745' title='bbox 549 5501 749 5555; x_wconf 88' lang='lat' dir='ltr'><strong>nostris</strong></span> <span class='ocrx_word' id='word_1_746' title='bbox 782 5501 928 5554; x_wconf 86' lang='lat' dir='ltr'><strong>hisce</strong></span> <span class='ocrx_word' id='word_1_747' title='bbox 959 5499 1317 5570; x_wconf 80' lang='lat' dir='ltr'><strong>Bryennianis</strong></span> <span class='ocrx_word' id='word_1_748' title='bbox 1359 5498 1771 5552; x_wconf 85' lang='lat' dir='ltr'><strong>commentatiis</strong></span> <span class='ocrx_word' id='word_1_749' title='bbox 1803 5499 1891 5554; x_wconf 93' lang='lat' dir='ltr'><strong>lib.</strong></span> <span class='ocrx_word' id='word_1_750' title='bbox 1930 5517 1989 5563; x_wconf 86' lang='lat' dir='ltr'><strong>ll,</strong></span> <span class='ocrx_word' id='word_1_751' title='bbox 2017 5516 2169 5554; x_wconf 87' lang='lat' dir='ltr'><strong>num.</strong></span> <span class='ocrx_word' id='word_1_752' title='bbox 2202 5500 2294 5554; x_wconf 69' lang='grc'><strong>29.</strong></span> <span class='ocrx_word' id='word_1_753' title='bbox 2331 5499 2661 5569; x_wconf 85' lang='lat' dir='ltr'><strong>Bryennium</strong></span> <span class='ocrx_word' id='word_1_754' title='bbox 2699 5512 2882 5567; x_wconf 85' lang='lat' dir='ltr'><strong>porro,</strong></span> <span class='ocrx_word' id='word_1_755' title='bbox 2928 5502 3049 5553; x_wconf 72' lang='lat' dir='ltr'><strong>licet</strong></span> <span class='ocrx_word' id='word_1_756' title='bbox 3085 5503 3347 5557; x_wconf 67' lang='lat' dir='ltr'><strong>indicium</strong></span> <span class='ocrx_word' id='word_1_757' title='bbox 3382 5505 3522 5557; x_wconf 69' lang='lat' dir='ltr'><strong>muti</strong></span> 
     </span>
    </p>
   </div>
   <div class='ocr_carea' id='block_1_62' title="bbox 267 5584 3520 5657">
    <p class='ocr_par' dir='ltr' id='par_1_62' title="bbox 267 5584 3520 5657">
     <span class='ocr_line' id='line_1_62' title="bbox 267 5584 3520 5657; baseline 0.002 -20"><span class='ocrx_word' id='word_1_758' title='bbox 267 5587 439 5639; x_wconf 85' lang='lat' dir='ltr'><strong>codici</strong></span> <span class='ocrx_word' id='word_1_759' title='bbox 475 5603 602 5650; x_wconf 91' lang='lat' dir='ltr'><strong>ms.,</strong></span> <span class='ocrx_word' id='word_1_760' title='bbox 639 5596 694 5641; x_wconf 90' lang='lat' dir='ltr'><strong>ut</strong></span> <span class='ocrx_word' id='word_1_761' title='bbox 728 5588 862 5652; x_wconf 77' lang='lat' dir='ltr'><strong>dixi,</strong></span> <span class='ocrx_word' id='word_1_762' title='bbox 894 5586 1148 5653; x_wconf 87' lang='lat' dir='ltr'><strong>defuerit,</strong></span> <span class='ocrx_word' id='word_1_763' title='bbox 1182 5602 1302 5641; x_wconf 88' lang='lat' dir='ltr'><strong>esse</strong></span> <span class='ocrx_word' id='word_1_764' title='bbox 1336 5584 1500 5653; x_wconf 88' lang='lat' dir='ltr'><strong>hujus</strong></span> <span class='ocrx_word' id='word_1_765' title='bbox 1527 5587 1708 5653; x_wconf 88' lang='lat' dir='ltr'><strong>operis</strong></span> <span class='ocrx_word' id='word_1_766' title='bbox 1756 5598 2038 5641; x_wconf 87' lang='lat' dir='ltr'><strong>auctorem</strong></span> <span class='ocrx_word' id='word_1_767' title='bbox 2071 5587 2206 5641; x_wconf 87' lang='lat' dir='ltr'><strong>satis</strong></span> <span class='ocrx_word' id='word_1_768' title='bbox 2251 5587 2398 5639; x_wconf 87' lang='lat' dir='ltr'><strong>clare</strong></span> <span class='ocrx_word' id='word_1_769' title='bbox 2441 5588 2752 5640; x_wconf 81' lang='lat' dir='ltr'><strong>ostenditur</strong></span> <span class='ocrx_word' id='word_1_770' title='bbox 2808 5586 2903 5640; x_wconf 87' lang='lat' dir='ltr'><strong>lib.</strong></span> <span class='ocrx_word' id='word_1_771' title='bbox 2954 5603 3026 5651; x_wconf 84' lang='lat' dir='ltr'><strong>tv,</strong></span> <span class='ocrx_word' id='word_1_772' title='bbox 3083 5606 3238 5644; x_wconf 83' lang='lat' dir='ltr'><strong>nunt.</strong></span> <span class='ocrx_word' id='word_1_773' title='bbox 3294 5591 3382 5657; x_wconf 70' lang='lat'><strong>£5,</strong></span> <span class='ocrx_word' id='word_1_774' title='bbox 3429 5592 3520 5645; x_wconf 82' lang='lat' dir='ltr'><strong>ubi</strong></span> 
     </span>
    </p>
   </div>
   <div class='ocr_carea' id='block_1_63' title="bbox 273 5670 3516 5748">
    <p class='ocr_par' dir='ltr' id='par_1_63' title="bbox 273 5670 3516 5748">
     <span class='ocr_line' id='line_1_63' title="bbox 273 5670 3516 5748; baseline 0.003 -28"><span class='ocrx_word' id='word_1_775' title='bbox 273 5670 597 5741; x_wconf 59' lang='lat' dir='ltr'><strong>lli-venulam</strong></span> <span class='ocrx_word' id='word_1_776' title='bbox 658 5675 925 5729; x_wconf 73' lang='lat' dir='ltr'><strong>seniorem</strong></span> <span class='ocrx_word' id='word_1_777' title='bbox 971 5676 1120 5729; x_wconf 73' lang='lat' dir='ltr'><strong>ilium</strong></span> <span class='ocrx_word' id='word_1_778' title='bbox 1172 5672 1382 5743; x_wconf 78' lang='lat' dir='ltr'><strong>imperii</strong></span> <span class='ocrx_word' id='word_1_779' title='bbox 1420 5674 1767 5725; x_wconf 76' lang='lat' dir='ltr'><strong>candidatum</strong></span> <span class='ocrx_word' id='word_1_780' title='bbox 1804 5674 2197 5728; x_wconf 86' lang='lat' dir='ltr'><strong>commendans</strong></span> <span class='ocrx_word' id='word_1_781' title='bbox 2253 5675 2520 5743; x_wconf 86' lang='lat' dir='ltr'><strong>scriptor,</strong></span> <span class='ocrx_word' id='word_1_782' title='bbox 2555 5674 2882 5743; x_wconf 84' lang='lat' dir='ltr'><strong>deprecatur</strong></span> <span class='ocrx_word' id='word_1_783' title='bbox 2928 5676 3201 5748; x_wconf 81' lang='lat' dir='ltr'><strong>vulgarem</strong></span> <span class='ocrx_word' id='word_1_784' title='bbox 3258 5678 3516 5731; x_wconf 83' lang='lat' dir='ltr'><strong>invidiam</strong></span> 
     </span>
    </p>
   </div>
  </div>
