4070 6214
372 406 433 473 17
1463 416 1689 475 PETRI
1740 414 2033 475 l'OSSlNl
2080 416 2393 475 PREFAT
2407 415 2501 476 [Ο.
3540 406 3610 470 18

371 502 524 585 atque
553 515 935 583 exceptionem
963 516 1186 585 allegari
1218 519 1432 573 solitam
1464 521 1515 574 in
1547 521 1706 575 fidem
1736 536 1926 576 eorum
1951 522 2041 591 qui
2079 523 2147 576 de
2174 522 2337 577 rebus
2361 520 2599 588 propriis
2629 518 2694 572 ad
2730 532 2987 587 personas
3021 516 3329 571 familiasve
3360 515 3600 580 ipsorum

371 602 774 669 pertinentibus
812 614 1057 658 narrant.
1082 604 1203 671 Quo
1230 605 1366 661 satis
1404 607 1674 678 signiﬁcat
1701 610 1888 673 istum,
1919 624 2079 679 quem
2111 610 2249 669 adeo
2275 607 2484 663 extollit
2510 606 2863 676 Bryrnnium,
2896 613 2990 659 aut
3023 613 3253 674 patrem,
3283 602 3431 667 quod
3452 601 3614 655 habet

364 687 626 751 Zonaras,
661 699 775 749 aut.
807 701 864 743 ut
906 692 1063 745 Anna
1101 693 1283 748 verius
1318 692 1568 760 allirutat,
1604 711 1766 750 avum
1801 712 1960 752 suum
2004 695 2193 752 fuisse.
2230 695 2301 750 De
2344 710 2453 765 quo
2479 695 2621 757 vide,
2654 693 2697 747 si
2746 692 2896 757 libet,
2926 701 3085 747 notas
3110 701 3328 748 uestras
3360 688 3427 744 ad
3454 705 3610 744 num-

365 777 429 829 12
459 788 511 829 et
556 776 626 829 15
661 776 756 832 lib.
788 794 839 831 tv
871 779 1065 833 horum
1102 782 1653 837 commentariorum.

433 862 533 916 Per
582 864 696 918 luet:
723 879 821 932 ego
854 867 1070 920 abunde
1109 883 1428 937 persuasus,
1472 886 1594 924 esse
1635 872 1769 927 istos
1814 886 2039 926 omnmo
2082 869 2504 925 commentarios
2539 866 2773 922 Caesaris
2813 865 3092 936 Bryennii.
3142 865 3211 920 iis
3259 864 3455 933 raptim
3510 877 3609 917 ex—

367 953 687 1012 srribeudis,
724 968 821 1020 pro
850 955 1118 1021 angustiis
1142 958 1389 1011 concessi
1416 959 1703 1027 temporis.
1751 974 1971 1012 manum
2014 967 2067 1011 et
2105 956 2346 1009 animum
2384 954 2640 1024 applicui.
2676 953 2734 1007 lu
2778 969 2887 1021 quo
2933 951 3234 1007 dulcissimi
3271 949 3457 1005 fratris
3505 940 3614 1009 mei

367 1051 419 1093 et
451 1039 692 1093 unanimi
722 1042 988 1108 πνεργοῦ
1019 1040 1078 1094 Ρ.
1114 1043 1326 1097 Claudii
1364 1044 1600 1100 .‘llaltrait
1637 1046 1839 1101 auxilio
1866 1044 2127 1099 benevolo
2160 1058 2279 1097 sum
2309 1056 2461 1095 usus.
2489 1038 2716 1108 Quoties
2752 1039 2897 1093 enim
2927 1039 3291 1093 ineluctabilis
3318 1038 3616 1093 necessitas

371 1128 560 1195 stvlnm
589 1137 641 1180 et
672 1127 886 1181 tabulas
913 1130 1298 1195 extorquebat,
1328 1132 1417 1186 ille
1442 1132 1803 1186 succcnturial
1826 1141 1880 1186 at
1915 1131 2172 1183 vicariam
2206 1143 2450 1196 operam,
2484 1142 2553 1180 ne
2584 1125 2988 1195 circumscripti
3025 1126 3089 1178 ad
3114 1123 3234 1192 ejus
3267 1123 3468 1178 codicis
3496 1138 3619 1193 pre-

371 1215 570 1269 cariam
600 1230 827 1267 usuram
871 1216 1030 1282 spatii
1069 1231 1194 1285 pars
1227 1218 1386 1272 nobis
1434 1220 1541 1273 ulla
1591 1219 1925 1273 dilaberetur
1980 1218 2176 1272 otiosa.
2205 1214 2299 1269 Sic
2331 1215 2481 1268 brevi
2534 1212 2927 1282 exscripsimus
2974 1228 3111 1282 opus
3158 1211 3288 1265 illud
3341 1220 3513 1264 totum
3568 1219 3621 1264 ct

384 1303 683 1370 priusquam
733 1302 940 1356 exisset
999 1306 1316 1373 praescripta
1365 1306 1499 1367 dies,
1537 1322 1660 1360 tum
1703 1306 1804 1359 lide
1833 1320 1897 1360 ac
1928 1304 2121 1376 gratiis
2148 1301 2344 1358 debitis
2376 1301 2780 1357 commodatum
2816 1300 3175 1369 archetypum
3228 1298 3471 1352 codicem
3508 1297 3621 1352 cla-

393 1390 592 1442 rissimo
613 1398 666 1442 et
694 1388 1098 1445 olliciosi~simo
1133 1392 1251 1446 viro
1300 1394 1533 1449 reddidi.
1567 1394 1811 1464 Contigit
1842 1393 2034 1449 deinde
2066 1406 2199 1446 usus
2228 1388 2451 1444 liberior
2484 1387 2688 1443 codicis
2717 1388 2984 1457 ejusdem,
3023 1386 3226 1453 insigni
3262 1396 3314 1440 et
3353 1386 3455 1440 hoc
3499 1386 3618 1438 loco

390 1477 666 1531 memorari
703 1477 872 1547 digno
904 1478 1171 1533 beneﬁcio
1207 1480 1656 1551 incomparabilis
1692 1493 1745 1537 ct
1774 1484 1932 1551 longe
1964 1494 2124 1549 snpra
2161 1478 2441 1548 vulgarem
2487 1477 2711 1532 modum
2766 1474 3094 1545 prmdieaudi
3136 1472 3257 1527 viri.
3317 1473 3620 1528 Gulielmus

376 1563 569 1616 ctenim
598 1561 879 1633 Pugetius,
909 1574 1133 1620 senatus
1160 1565 1414 1622 Tolosaui
1447 1570 1631 1623 lumen
1667 1571 1879 1640 ingens,
1923 1567 2113 1638 paucis
2139 1576 2262 1636 post
2308 1565 2419 1628 illa,
2456 1578 2579 1633 quae
2614 1564 2778 1617 modo
2817 1561 3002 1623 retuli,
3051 1562 3335 1617 mensilus
3365 1559 3623 1614 convenit

374 1664 490 1713 me;
525 1658 577 1703 et
607 1649 712 1704 isto
752 1650 890 1718 ipso,
922 1666 1084 1721 quem
1139 1652 1299 1721 quasi
1356 1654 1539 1708 l’urtim
1587 1664 1748 1710 antea
1792 1656 2056 1718 videram,
2108 1654 2478 1723 manuscripto
2531 1653 2670 1708 libro
2714 1652 2780 1706 de
2836 1650 3027 1706 famuli
3079 1650 3404 1705 assectantis
3453 1663 3618 1702 manu

369 1747 586 1805 sumpto
616 1755 630 1791 :
660 1754 727 1790 eu
777 1738 941 1803 hunc,
990 1740 1189 1808 inquit,
1249 1742 1519 1806 Codicetn,
1551 1744 1679 1812 quia
1712 1743 1807 1797 tibi
1844 1744 2031 1798 utilem
2060 1753 2114 1795 et
2143 1741 2509 1796 desideratum
2565 1739 2830 1801 intellexi,
2860 1753 2979 1793 mea
3018 1738 3245 1807 pecunia
3282 1739 3619 1803 redemptum

368 1825 430 1877 do
461 1824 561 1877 tibi
586 1824 861 1894 donoque,
894 1834 951 1880 ut
980 1834 1107 1880 tuus
1138 1844 1298 1897 quam
1333 1830 1537 1900 optimo
1564 1831 1689 1900 jure
1721 1833 1809 1886 sit.
1847 1831 2018 1884 Tanta
2046 1829 2127 1884 vis
2157 1827 2595 1897 generosi~simre
2625 1827 2988 1882 humanitatis
3020 1826 3076 1880 in
3104 1827 3196 1881 illo
3222 1826 3435 1880 cmteris
3466 1839 3619 1893 teque

364 1912 623 1965 omnilms
653 1911 945 1967 virtutibus
974 1923 1026 1967 et
1059 1915 1334 1983 praeclaris
1358 1918 1575 1971 dotihus
1603 1918 1668 1972 ad
1702 1919 2023 1973 miraculum
2055 1914 2272 1971 exculto
2312 1914 2475 1969 heroe
2502 1912 2623 1969 fuit.
2656 1913 2829 1981 Cujus
2860 1914 2962 1968 hac
2986 1912 3122 1967 mire
3152 1922 3460 1982 opportuna
3489 1910 3623 1964 libe-

367 1997 583 2051 talitate
633 1997 765 2051 mihi
796 2000 1164 2055 commoditas
1208 2002 1505 2058 abundavit
1544 2003 1890 2059 conferenda:
1929 2005 2041 2074 jam
2078 2002 2233 2055 editae
2266 2001 2546 2055 Alexiadis
2588 2015 2711 2053 eum
2746 1999 2841 2055 illo
2890 2014 3052 2053 manu
3090 1999 3314 2067 antiqua
3346 1996 3623 2065 descrip'o

362 2085 479 2152 ejus
516 2084 856 2152 exemplari;
888 2094 941 2139 et
968 2099 1030 2139 ex
1066 2102 1126 2140 ea
1157 2088 1453 2143 collatione
1508 2105 1618 2142 non
1660 2090 1821 2143 modo
1864 2090 2089 2144 lacunas
2126 2088 2384 2143 editionis
2431 2086 2683 2154 explendi
2713 2100 2926 2146 omnes,
2975 2085 3069 2140 sed
3114 2085 3362 2138 diversas
3406 2098 3624 2153 quoque

365 2168 634 2221 lettiones
660 2165 818 2221 facile
848 2166 929 2221 bis
960 2168 1105 2222 mille
1144 2171 1197 2223 iu
1236 2170 1357 2224 libri
1408 2172 1512 2224 mei
1540 2170 1668 2225 editi
1719 2188 1814 2225 ora
1863 2173 2104 2227 notandi.
2154 2175 2330 2243 Atque
2379 2181 2438 2227 ut
2490 2171 2694 2226 nullam
2732 2179 2842 2225 tam
2897 2170 3139 2225 benevoli
3182 2169 3347 2225 oliicii
3394 2169 3622 2239 gratiam

367 2254 638 2316 omittam,
674 2268 774 2308 nec
811 2253 944 2307 illud
973 2255 1163 2310 celabo
1202 2272 1215 2308 :
1254 2272 1531 2311 summum
1580 2257 1731 2311 illum
1771 2258 1943 2313 virum
1997 2260 2050 2313 in
2103 2259 2442 2314 conscientia
2495 2258 2866 2323 meriti,tauti
2904 2257 2995 2311 tali
3048 2272 3258 2311 mecum
3293 2257 3622 2311 verecundza

366 2342 568 2411 egisse,
598 2349 659 2394 nt
691 2356 816 2393 cum
852 2340 1132 2397 incidisset
1165 2343 1242 2396 illi
1277 2345 1575 2399 necessitas
1606 2346 1852 2414 qnzedam
1884 2347 2150 2401 revisendi
2182 2362 2344 2417 quem
2378 2346 2677 2401 donaverat
2717 2344 2947 2409 codicis,
2998 2360 3104 2398 non
3154 2343 3502 2407 sustinuerit,
3537 2360 3623 2397 me

371 2439 478 2481 tum
521 2428 773 2492 absente,
806 2429 960 2481 illum
1008 2443 1038 2482 e
1085 2439 1298 2490 nostro.
1326 2430 1414 2484 ulti
1467 2432 1815 2501 reliqueram,
1850 2431 2122 2488 Tolosano
2150 2433 2378 2503 collegio
2415 2446 2722 2502 reposcere,
2763 2430 2866 2485 nisi
2899 2430 3053 2502 prius
3093 2446 3176 2483 me
3211 2429 3624 2485 oﬂiciosissimis

370 2516 570 2569 litteris
606 2527 817 2585 rogato,
852 2524 910 2570 ut
936 2515 1056 2585 ejus
1091 2516 1311 2571 brevem
1371 2532 1617 2583 usuram,
1652 2527 1835 2587 postea
1888 2520 2230 2587 restituendi,
2279 2520 2385 2575 sibi
2428 2519 2801 2575 concederem.
2854 2518 3037 2584 Quare
3073 2518 3307 2572 viderint
3359 2518 3452 2586 qui
3504 2526 3625 2585 post

369 2602 783 2657 acerbissimum
832 2618 956 2656 mox
992 2614 1237 2658 secutum
1277 2606 1424 2658 illius
1456 2606 1864 2662 immortalitate
1897 2607 2203 2678 dignissimi
2238 2609 2333 2661 viri
2371 2606 2538 2663 funus
2583 2607 2784 2661 librqu
2821 2606 2985 2661 istum
3025 2607 3171 2660 inter
3203 2605 3322 2674 ejus
3358 2603 3621 2672 κειμήλια

373 2699 644 2758 repertum
684 2690 1023 2744 luereditaria
1055 2692 1403 2758 possessione
1455 2693 1559 2746 rite
1599 2707 1896 2760 occupasse
1930 2694 2099 2749 videri
2131 2694 2337 2757 volunt,
2372 2709 2483 2764 quo
2513 2693 2639 2764 jure
2676 2707 2791 2748 rem
2833 2693 3115 2748 detineant
3148 2690 3437 2747 manifeste
3483 2691 3619 2744 alic-

371 2793 528 2843 nam;
570 2778 769 2847 quippe
804 2777 1043 2848 legitima
1074 2778 1369 2833 donatione
1406 2779 1546 2834 inter
1577 2783 1731 2835 vivos
1757 2797 1823 2836 ac
1853 2783 2203 2838 testatissima
2234 2781 2329 2835 τοῦ
2362 2784 2670 2852 μακαρίτου
2708 2780 2986 2851 quondam
3015 2780 3137 2851 ejus
3167 2780 3374 2836 domini
3413 2778 3617 2833 bent-ii-

372 2866 546 2920 ceutia
577 2865 884 2920 certissime
916 2866 1234 2919 translatam
1265 2866 1318 2920 in
1347 2865 1439 2936 jus
1470 2876 1743 2932 nostrum,
1774 2869 1841 2923 de
1872 2884 1982 2937 quo
2020 2869 2208 2940 utique
2236 2869 2370 2923 nihil
2401 2870 2667 2923 cedimus.

440 2949 671 3015 Verum,
707 2960 766 3005 ut
795 2952 862 3006 ad
904 2962 1150 3006 nostrmu
1183 2951 1513 3022 Bryennium
1559 2955 1796 3031 redeam,
1839 2958 2150 3011 necessario
2198 2956 2555 3025 proliteudum
2599 2956 2688 3011 hic
2728 2965 2839 3021 est,
2888 2954 3076 3010 fuisse
3110 2954 3257 3009 illius
3325 2962 3381 3008 et
3411 2951 3625 3006 mendis

374 3039 879 3110 inquinatissimam
914 3050 968 3093 et
994 3039 1208 3094 lacunis
1243 3056 1351 3093 non
1390 3042 1529 3095 raris
1562 3057 1661 3095 nec
1689 3058 1878 3111 parum
1908 3042 2151 3098 molestis
2192 3045 2551 3114 interruptam
2585 3045 2638 3097 iu
2669 3044 2966 3115 archetypo
3020 3044 3115 3098 illo
3143 3053 3198 3096 et
3247 3041 3406 3096 unico
3434 3040 3621 3095 codice

374 3128 728 3196 scripturam.
763 3125 916 3181 Unde
944 3127 1079 3181 satis
1107 3127 1411 3181 sudandum
1446 3128 1575 3180 mihi
1614 3129 1715 3187 fuit
1769 3130 1820 3182 in
1867 3145 1990 3185 vera
2020 3130 2250 3188 lectione
2299 3132 2635 3202 conjecturis
2684 3132 3012 3199 divinanda;
3045 3130 3166 3201 plus
3210 3131 3372 3182 etiam
3407 3128 3459 3181 itt
3498 3142 3621 3181 veta

373 3214 665 3284 scriptoris
694 3213 987 3279 sententia,
1019 3214 1285 3268 tolerabili
1317 3214 1508 3268 saltem
1550 3215 1994 3285 interpretatione
2024 3218 2372 3274 declaranda.
2399 3216 2543 3273 Nihil
2567 3218 2677 3274 fere
2705 3228 2884 3273 tamen
2922 3218 3022 3273 ista
3062 3215 3392 3271 necessitate
3424 3214 3623 3267 immu-

379 3311 552 3355 tatum
575 3310 680 3367 est,
706 3301 866 3369 cujus
896 3316 1002 3355 non
1030 3310 1242 3355 constet
1269 3302 1454 3357 lectori
1481 3302 1618 3357 ratio
1650 3302 1704 3356 in
1729 3305 1896 3360 uotis.
1937 3306 2008 3360 At
2032 3308 2449 3376 quanticunquc
2486 3306 2837 3362 laborisillud
2872 3305 3088 3360 abunde
3115 3317 3364 3371 magnam
3387 3300 3618 3370 pretium

376 3388 656 3453 ducimus,
692 3388 837 3458 quod
878 3389 1163 3444 historiam
1202 3389 1516 3460 przeclaram
1552 3404 1582 3443 a
1622 3398 1759 3445 teste
1794 3407 2043 3461 magnam
2077 3406 2283 3463 partem
2317 3393 2555 3458 oculato,
2600 3392 2901 3461 eodemque
2932 3389 3210 3461 dignitatis
3238 3397 3402 3457 atque
3430 3397 3623 3440 aucto-

375 3471 557 3526 ritatis
590 3488 839 3539 summae,
890 3474 1134 3544 adeoque
1198 3475 1252 3528 in
1283 3475 1459 3530 tetatis
1503 3474 1649 3529 illius
1700 3476 2119 3544 sapientissimis
2172 3481 2391 3543 habito,
2447 3479 2651 3533 diserte
2701 3478 3024 3546 sincereque
3070 3475 3461 3544 conscriptam,
3520 3489 3616 3526 nec

377 3573 627 3627 parvam,
654 3568 713 3613 ut
741 3575 1044 3630 speramus,
1088 3560 1407 3632 Byzantinis
1435 3560 1938 3619 Comnenianorum
1972 3575 2278 3636 temporum
2308 3566 2474 3623 rebus
2506 3565 2681 3621 lucem
2707 3564 3028 3628 aﬂ'usuram,
3057 3564 3112 3619 in
3155 3562 3434 3633 publicum
3460 3575 3619 3615 nsum

375 3649 627 3705 edimus.

396 3846 711 3862 ’.σῃ-...ο

714 3850 3122 3874 Ww—

1156 4017 2042 4134 TESTIMONIA
2146 4017 2839 4134 VETERUM

882 4276 1025 4365 DE
1108 4274 1582 4366 CAESARE
1663 4271 2367 4363 NICEPHORO
2455 4270 2489 4361 Ι

1520 4274 1582 4362 Ε
1663 4271 2367 4363 ΝῘΕΕΡΗΟΒΟ
2455 4268 3127 4365 BRYENNIO.

1387 4619 1541 4674 Arma
1569 4617 1834 4672 Garumna
1855 4619 1911 4671 in
1947 4614 2270 4686 Prtefatione
2305 4614 2624 4671 Alexiadis:

450 4733 609 4801 Ἐμοὶ
637 4732 781 4802 ἀνὴρ
812 4734 1030 4801 ἐγένετο
1057 4732 1202 4786 κατὰ
1218 4732 1416 4802 νόμους
1442 4734 1733 4803 συναφθεὶς
1755 4736 1784 4788 ὁ
1816 4737 1950 4789 Καίυ
1973 4733 2027 4793 Α

2020 4781 2027 4793 ,
2123 4731 2349 4787 Maritus
2389 4730 2519 4815 mihi
2554 4731 2658 4785 l'utt
2694 4729 2932 4802 legitimo
2955 4728 3062 4783 ritu
3104 4728 3434 4798 conjunctus
3466 4724 3627 4783 Nice-

376 4837 475 4892 περ
506 4823 856 4892 Νικηφόρος,
887 4825 967 4886 εἰς
992 4822 1093 4893 τὴν
1124 4822 1236 4876 τῶν
1262 4824 1564 4894 Βρυεννῑων
1601 4828 1786 4895 σεῖραν
1817 4828 1949 4880 ἁνα-

2054 4824 2259 4894 phorus
2300 4825 2502 4885 Cresar,
2536 4821 2750 4892 generis
2797 4822 2993 4877 seriem
3030 4820 3097 4875 ad
3143 4819 3444 4891 Bryeunios
3491 4819 3629 4874 rele-

378 4911 628 4980 γόμενος,
657 4911 803 4982 ἀνὴρ
836 4913 929 4964 καὶ
960 4913 1192 4977 κάλλους
1216 4913 1516 4987 ὑπερϐολῇ,
1550 4915 1645 4968 καὶ
1679 4914 1952 4978 συνέσεως

2060 4929 2223 4976 rens,
2254 4914 2337 4967 vir
2373 4922 2431 4968 et
2474 4912 2661 4966 farina:
2709 4911 3025 4982 pra'stantia
3059 4918 3113 4966 et
3159 4911 3627 4966 consummatione

383 5003 664 5075 ἀκρότητι,
721 5004 815 5056 καὶ
868 5003 1042 5073 λόγων
1084 5005 1368 5077 ἀκριΰείᾳ,
1411 5006 1610 5077 μακρῷ
1654 5006 1782 5069 τοὺς
1831 5008 1952 5059 κατ’

2095 5005 2365 5060 radentia;
2386 5012 2440 5059 et
2467 5002 2797 5073 perfectione
2826 5002 3085 5058 doctrina:
3115 5002 3275 5073 longe
3308 5017 3471 5072 supra
3503 5017 3624 5057 om-
3686 5008 3702 5019 ‘

381 5095 529 5148 αὑτὸν
562 5093 953 5166 ὑπερϐάλλων.
985 5097 1181 5168 Θαῦμα
1201 5098 1310 5169 γὰρ
1341 5096 1601 5169 ἄντικρυς
1626 5099 1724 5151 καὶ
1743 5097 1955 5169 ὁρώμε-

2060 5112 2184 5163 nes,
2202 5097 2292 5166 qui
2325 5105 2453 5150 tunc
2473 5102 2651 5160 erant,
2679 5094 3032 5159 antecellens,
3053 5094 3377 5150 miraculum
3404 5109 3631 5164 prorsus

380 5200 456 5249 vo;
487 5189 588 5241 καὶ
615 5186 1000 5260 ἀκροώμενος,
1033 5191 1127 5243 καὶ
1151 5188 1218 5244 τὰ
1244 5190 1391 5261 ἑξῆς.

2060 5190 2237 5245 oculis
2288 5188 2587 5244 videntium
2634 5186 2967 5256 auribusque
3020 5186 3445 5241 auseuitautium
3496 5185 3630 5240 otio-

2060 5295 2207 5345 reus,
2245 5290 2351 5335 etc.

440 5394 585 5447 Alibi
619 5410 765 5464 carpe
791 5396 848 5448 in
879 5412 980 5451 sua
1012 5397 1251 5453 Historia
1277 5400 1457 5455 eadem
1492 5401 1647 5455 Anna
1676 5399 1931 5471 Bryennii
1962 5399 2191 5467 ejusdem
2229 5414 2345 5452 cum
2372 5413 2583 5452 summa
2620 5394 2777 5450 laude
2807 5395 3068 5449 meminit.

379 5504 621 5562 Zonaras
682 5517 822 5561 tomo
872 5506 964 5563 III
1008 5513 1300 5568 Annalium
1334 5529 1491 5582 agens
1532 5514 1597 5567 de
1645 5512 1832 5567 Alexio
1860 5514 2097 5583 Augusto
2144 5522 2259 5581 post
2307 5510 2646 5566 Constantini
2679 5507 3136 5578 Porphyrogeniti,
3164 5507 3249 5561 cui
3308 5514 3630 5576 desponsata

430 5597 586 5649 Anna
620 5594 859 5664 ejusdem
895 5594 1068 5651 Alrxii
1098 5602 1442 5670 primogenita
1475 5602 1673 5669 fuerat,
1707 5610 1827 5653 ante
1852 5601 2063 5669 nuptias
2091 5609 2308 5653 mortem
2334 5637 2348 5660 ,
2392 5598 2555 5649 alium
2589 5611 2839 5665 sponsum
2868 5594 3034 5649 eidem
3071 5596 3198 5660 {iliic
3223 5613 3331 5650 suo:
3356 5597 3518 5649 dante
3549 5613 3567 5648 :

442 5713 708 5784 Νυμφίον
745 5716 933 5787 ἕτερον
980 5719 1066 5771 ἐπ’
1106 5721 1242 5789 αὐτῇ
1289 5720 1615 5790 ιὶσῳκίσατο
1648 5724 1739 5775 τὸν
1790 5723 1963 5794 μείζω

2132 5720 2401 5789 Sponsum
2428 5720 2659 5773 alterum
2699 5718 2748 5772 ei
2777 5716 2970 5772 ascivit
2995 5717 3292 5771 maximum
3328 5725 3454 5771 natu
3498 5719 3632 5771 lilio-

388 5801 482 5855 τῶν
540 5802 684 5858 υἱῶν
733 5807 1055 5877 Νικηφόρου
1107 5810 1201 5862 τοῦ
1250 5812 1573 5881 Βρυιννέουυ
1621 5813 1680 5865 ὃν
1728 5816 1756 5865 ὁ
1805 5815 1960 5882 λόγος

2061 5829 2179 5867 rum
2215 5810 2499 5880 Nieep'rori
2534 5810 2809 5882 Bryennii,
2847 5823 3009 5880 quem
3040 5808 3291 5876 superius
3343 5808 3628 5863 retulimus
