4088 6208
364 231 437 293 27
1560 222 1975 287 NlCEPlIORl
2020 223 2385 283 BRYENNII
3553 217 3626 279 ‘28

371 362 594 417 regnum
626 347 1004 411 abrogaretur,
1042 342 1246 396 aditum
1282 357 1388 396 non
1423 340 1651 395 dubium
1698 340 1936 393 Conme-

2046 336 2146 405 τῆς
2173 333 2446 404 βασιλείας
2475 331 2649 402 θρόνῳ
2679 330 3002 393 ἐσπούδασε,
3034 330 3146 394 θεὶς
3176 328 3325 401 αὐτῷ
3355 331 3465 393 τοῖς
3501 333 3629 384 ποσὶ

371 438 455 491 nis
484 435 680 505 aperiri
715 436 932 489 caducae
964 432 1226 498 majorum
1259 430 1586 484 [nereditatis
1633 425 1942 497 repetenda:

370 524 838 592 vindicamiazque.
874 522 990 583 His.
1020 520 1264 589 inquam,
1309 533 1510 587 susque
1536 518 1710 585 deque
1742 515 1945 567 habitis

371 630 494 667 eum
527 624 771 667 cerneret
810 627 903 681 per
949 610 1030 664 fas
1075 624 1401 679 aequumque
1453 616 1692 677 spretum
1738 606 1939 675 passim

371 712 425 758 et
454 703 747 771 abjectum.
798 717 892 771 per
943 701 1066 770 jura
1128 710 1183 755 et
1238 700 1477 769 legitima
1528 698 1711 751 omnia
1748 698 1942 750 violata

372 795 688 863 calcataque
737 794 905 848 libere
939 791 1178 863 grassari
1201 831 1214 853 ,
1256 791 1544 860 palamque
1573 791 1847 843 exsultare
1881 787 1945 840 li-

372 887 604 939 centiam
658 900 954 954 paucorum
1011 884 1426 952 improborum,
1473 882 1566 950 qui
1621 889 1825 932 temere
1874 878 1940 931 azl

373 976 647 1044 propriam
705 976 985 1030 libidinem
1021 976 1210 1028 orbem
1257 976 1331 1028 rei
1386 972 1615 1041 publica:
1661 978 1945 1024 converte«

373 1076 496 1120 rant
525 1085 539 1121 :
573 1067 894 1137 ringehatur
919 1067 1167 1120 videlicet
1189 1080 1250 1119 ac
1271 1063 1705 1118 diseruciahatur
1733 1060 1939 1113 animo.

374 1156 440 1209 Et
486 1171 798 1224 quanquam
843 1157 935 1224 qui
973 1172 1152 1208 rerum
1194 1156 1537 1225 potiebantur
1571 1153 1734 1208 astuti
1763 1151 1943 1205 homi-

373 1262 471 1297 nes
521 1254 796 1315 tttrunque
830 1248 962 1301 nihil
1005 1248 1158 1318 pensi
1222 1247 1494 1300 habebant
1535 1245 1774 1298 rationes
1818 1243 1943 1306 sibi,

371 1353 436 1391 ac
477 1353 604 1407 spes
660 1340 897 1407 privatas
939 1340 1289 1403 detrimento,
1354 1339 1464 1393 imo
1509 1337 1675 1391 exitio
1733 1335 1949 1403 publico

2044 428 2138 480 καὶ
2170 426 2240 478 τὰ
2277 423 2640 493 φοινικοϐαφῆ
2678 422 2869 475 πέδιλα
2910 423 3005 475 καὶ
3052 422 3282 489 ἀπάγων
3326 421 3514 474 τοῦτον
3549 426 3631 485 εἰς

2042 519 2111 572 τὰ
2163 518 2430 589 βασίλεια,
2486 518 2580 568 καὶ
2626 516 2775 576 ὅπως
2815 513 3026 567 τούτων
3070 515 3130 567 ἐν
3166 517 3288 576 ταῖς
3332 514 3630 583 item-969m;

2041 609 2405 678 διερχομένων
2436 606 2611 676 στόμα
2642 604 2700 657 ἓν
2725 604 3009 672 γεγονότες
3054 602 3083 657 ὁ
3125 604 3295 673 δῆμος
3333 603 3407 674 μὴ
3454 603 3630 657 θέλειν

2045 701 2136 753 ὑπ’
2158 699 2323 753 αὑτοῦ
2354 698 2735 769 βασιλεύεσθαι
2775 696 2991 766 τρανῶς
3017 696 3334 764 ἐξεϐόησαν,
3367 697 3459 749 καὶ
3479 697 3627 757 ὅπως

2044 792 2141 846 καὶ
2185 791 2349 861 ῥηθὲν
2396 790 2621 843 παιδίον
2644 789 2781 860 πρὸς
2820 787 2911 840 τὸν
2943 786 3105 857 θροῦν
3142 787 3485 855 Ξλλιγγιᾶσαν
3533 787 3629 840 καὶ

2050 885 2159 945 τοῖς
2199 882 2293 935 τοῦ
2326 882 2497 951 δήμου
2528 880 2704 947 λόγοις
2743 877 3144 948 ἐκδειματωθὲν
3168 878 3267 947 τὴν
3296 877 3473 947 ψυχὴν
3503 878 3631 930 ὲπέ-

2054 990 2211 1043 σχετο
2232 974 2329 1041 τῆς
2363 972 2617 1040 τοιαύτης
2651 970 2963 1040 προθέσεως
3002 969 3400 1041 (κατεδυσὼπει
3438 971 3494 1021 δὲ
3536 971 3631 1022 καὶ

2048 1065 2142 1117 τὸν
2192 1064 2477 1133 Κομνηνδν
2520 1063 2690 1132 αὐτῆς
2737 1061 3072 1130 ἀποσχέσθαι
3109 1064 3201 1114 καῖ
3241 1061 3317 1131 μὴ
3346 1063 3438 1114 ἐπὶ
3468 1062 3629 1113 πλέον

2048 1155 2236 1207 τοῦτον
2261 1151 2719 1224 παραϐιάζεσθαι)
2754 1181 2814 1192 -
2838 1151 3012 1205 ταῦτα
3043 1153 3136 1205 καὶ
3161 1154 3218 1205 ὲν
3242 1153 3474 1221 στόμασι
3495 1156 3632 1205 πάν-

2050 1263 2160 1299 των
2188 1249 2384 1305 κεῖται,
2422 1244 2514 1295 καὶ
2559 1243 2907 1314 ὡμολόγηται
2954 1244 3107 1312 παρὰ
3141 1243 3252 1305 τοῖς
3285 1237 3344 1295 εὖ
3374 1243 3629 1313 φρονοῦσι

2054 1337 2150 1391 καὶ
2172 1338 2286 1389 ὅσοι
2318 1337 2390 1406 μὴ
2424 1336 2519 1388 τοῦ
2548 1336 2650 1404 τῆς
2676 1332 2847 1405 λήθης
2869 1334 3112 1402 πόματος
3140 1332 3420 1396 ἐκπιόντες
3449 1334 3631 1403 ἀμνήη

373 1429 662 1493 conticere,
717 1445 824 1484 non
875 1431 1197 1483 omittebant
1241 1430 1467 1483 honesta
1517 1426 1742 1481 tectoria
1790 1425 1940 1480 foedis

2059 1442 2220 1494 μονες
2254 1426 2363 1478 τῶν
2390 1424 2700 1494 γενομένων
2734 1422 2895 1479 εἰσίν.

377 1519 531 1575 factis
566 1524 893 1589 obtendere,
947 1534 1002 1580 et
1050 1542 1171 1580 cum
1235 1524 1373 1577 alios
1431 1524 1629 1579 blando
1694 1537 1946 1578 sermone
1983 1520 2214 1576 delinire
2264 1531 2584 1592 magnates,
2629 1531 2739 1574 tum
2822 1520 3156 1588 Conmenis,
3198 1534 3229 1575 a
3258 1520 3458 1591 quibus
3520 1521 3626 1577 sibi

376 1612 427 1680 7
464 1617 736 1682 praecipue
803 1619 1085 1681 timebant.
1125 1622 1307 1671 fucum
1344 1617 1524 1672 facere
1596 1615 1788 1670 officiis
1821 1615 2110 1669 verborum
2161 1624 2215 1670 et
2257 1614 2606 1670 simulatione
2654 1614 2903 1682 obsequii
2973 1615 3133 1667 enixe
3163 1614 3605 1669 contendebant:

377 1707 519 1760 haud
551 1717 728 1763 tamen
760 1712 1142 1766 circumveniri
1179 1728 1237 1767 se
1268 1727 1395 1767 acer
1424 1712 1640 1766 animus
1705 1710 1984 1765 insidiosis
2019 1710 2230 1763 sinebat
2298 1710 2538 1774 artibus,
2583 1708 2962 1778 pungebatque
3004 1706 3093 1760 ille
3126 1721 3342 1775 semper
3381 1708 3488 1762 alte
3527 1708 3629 1760 de-

381 1799 583 1852 missus
639 1801 690 1853 in
739 1811 932 1871 peetus
980 1804 1159 1857 nobile
1210 1805 1543 1874 scrupulus,
1600 1819 1664 1858 ac
1718 1803 1955 1858 stimulis
2024 1804 2239 1857 areanis
2277 1802 2604 1856 admonebat
2675 1801 3057 1869 excitabatque
3110 1798 3303 1853 fortem
3351 1800 3523 1853 virum
3561 1815 3630 1853 ne

380 1891 733 1959 acquiescere
817 1903 980 1949 tanta:
1042 1911 1225 1949 rerum
1285 1895 1594 1951 confusioni
1644 1896 1982 1950 sustineret:
2062 1895 2389 1965 flagitiosum
2446 1892 2815 1954 latrocinium.
2881 1906 2992 1961 quo
3046 1889 3181 1944 nihil
3230 1892 3409 1946 minus
3460 1906 3621 1961 quam

378 1984 668 2050 imperium
716 1987 866 2041 orbis
917 1996 1184 2042 terrarum
1234 1989 1490 2061 legitimis
1575 1999 1846 2045 extortum
1892 1990 2151 2056 dominis,
2213 1989 2385 2045 servis
2432 1990 2868 2053 contionabatur,
2937 1986 3103 2040 tacito
3147 1986 3294 2039 velut
3377 1987 3612 2055 quodam

376 2076 583 2145 ignava:
632 2077 903 2143 patientiae
954 2079 1213 2148 suti‘ragio
1261 2081 1618 2151 comprobare
1684 2081 1979 2137 videretur.
2009 2083 2183 2148 Quam
2227 2097 2355 2136 vero
2417 2081 2562 2135 hunc
2606 2081 2694 2134 ille
2727 2078 2893 2132 animi
2938 2078 3021 2132 sui
3079 2092 3297 2132 sensum
3336 2078 3448 2147 jam
3496 2089 3627 2134 tunc

376 2183 484 2222 non
517 2167 780 2236 presserit
810 2166 1020 2237 abjecto
1054 2176 1200 2222 metu
1238 2179 1331 2222 aut
1391 2169 1847 2232 dissimulaverit,
1883 2172 1977 2226 sed
2056 2172 2237 2242 potius
2283 2180 2446 2241 prout
2493 2170 2645 2223 illum
2706 2170 2904 2223 innata:
2953 2169 3339 2239 generositatis
3392 2170 3628 2239 ingenua

378 2263 576 2316 fiducia
631 2262 810 2315 facere
853 2262 1103 2325 docebat,
1157 2262 1435 2317 liberrime
1480 2280 1590 2333 prae
1628 2279 1688 2320 se
1738 2265 1959 2320 tulerit:
2024 2267 2353 2320 derumento
2386 2281 2505 2319 esse
2541 2271 2791 2334 possunt,
2828 2277 2950 2331 quae
3011 2262 3187 2333 palam
3214 2263 3318 2317 isto
3354 2264 3469 2333 ipso
3498 2265 3633 2319 arti-

377 2358 504 2411 culo
554 2368 855 2425 temporum
913 2357 981 2412 ab
1031 2373 1097 2411 eo
1136 2369 1257 2412 acta
1314 2361 1662 2414 sermonibus
1711 2362 1954 2415 omnium
2030 2361 2299 2425 feruntur,
2332 2371 2387 2414 et
2435 2361 2487 2414 in
2536 2357 2791 2414 confesso
2854 2358 2991 2425 apud
3026 2358 3317 2426 prudentes
3348 2368 3497 2420 sunt,
3531 2377 3631 2428 ηρ⁴τ

383 2449 597 2502 nescire
627 2448 915 2516 quisquam
952 2455 1131 2514 potest
1176 2456 1323 2515 gesta
1369 2449 1423 2502 in
1457 2450 1576 2504 luce
1625 2450 1953 2515 meridiana,
1996 2452 2099 2506 nisi
2133 2453 2176 2507 si
2209 2453 2331 2522 quis
2362 2451 2610 2505 lethaeum
2640 2450 2806 2519 (quod
2844 2447 3019 2519 aiunt)
3052 2450 3304 2518 poculum
3367 2450 3624 2507 hauserit.

378 2535 526 2588 Adiit
555 2535 765 2589 scilicet
791 2543 921 2589 tunc
945 2533 1166 2587 Alexius
1195 2533 1370 2602 primo
1424 2537 1843 2593 Constantinum
1905 2539 2182 2595 Michaelis
2255 2539 2603 2609 imperatoris
2642 2538 2864 2592 fratrem
2898 2557 2911 2592 :
2978 2539 3172 2593 deinde
3217 2539 3443 2609 Augusti
3475 2543 3625 2613 ejus-

380 2623 502 2683 dem
530 2626 699 2680 tilium
730 2639 951 2695 quoque
1015 2624 1439 2704 Constantinum
1460 2635 1514 2681 et
1551 2627 1698 2681 hunc
1734 2636 1985 2685 vocatum
2061 2622 2195 2684 adiit
2229 2647 2242 2684 :
2278 2631 2496 2699 utrique
2559 2645 2666 2683 non
2720 2628 3010 2684 consilium
3060 2631 3220 2686 modo
3270 2633 3475 2704 imperii
3529 2651 3624 2691 su-

1648 2763 1819 2825 Petri
1864 2765 2119 2828 Possini
2160 2775 2350 2831 noue.

382 2913 643 2973 Eudoeia.
675 2927 738 2965 ex
771 2925 876 2979 qua
912 2910 1052 2965 idem
1080 2909 1643 2979 Constantinusduos
1667 2909 1778 2978 jam
1813 2909 1949 2965 alios

381 2994 507 3037 ante
551 2977 839 3051 imperium
885 2995 1064 3035 mares
1097 2989 1453 3051 susceperat,
1486 2977 1821 3051 Michaelem,
1852 2982 1945 3048 qui

389 3064 572 3122 postea
606 3048 869 3122 regnavit,
903 3059 956 3103 et
993 3048 1758 3122 Andronicuni_._lloc‘diserte
1789 3048 1949 3122 docet

380 3115 616 3176 Joannes
645 3115 904 3190 Scylitzes
933 3119 1245 3190 eurapolata
1266 3119 1317 3190 in
1359 3115 1478 3171 Vita
1507 3117 1752 3190 ejusdem
1794 3120 1937 3190 tion-

382 3192 606 3247 stantini
662 3186 889 3256 Augusti
920 3204 1046 3256 pag.
1074 3186 1183 3241 8|8
1223 3187 1354 3242 edit.
1408 3202 1522 3257 reg.
1561 3186 1774 3239 Mortuo
1798 3188 1944 3241 Con-

382 3264 621 3315 stantino
650 3258 886 3313 Eudoeia
915 3259 1032 3322 ejus
1063 3271 1200 3310 uxor
1222 3260 1590 3310 communiter
1616 3272 1738 3309 cum
1772 3259 1947 3312 tribus

384 3331 570 3384 liberis
601 3330 777 3381 adhuc
810 3329 987 3395 parvis
1037 3340 1239 3395 sep'em
1282 3342 1497 3381 menses
1533 3326 1779 3393 imperat,
1815 3328 1943 3379 ibiut.

384 3417 502 3468 pag.
535 3399 655 3453 8:22.
703 3394 837 3452 llinc
878 3396 1150 3449 Romanus
1185 3394 1446 3468 Diogenes
1489 3397 1558 3449 ah
1601 3396 1839 3468 Eu'locia
1890 3397 1943 3450 in

380 3466 665 3537 eonjngnm
697 3479 749 3521 et
778 3470 829 3521 in
857 3468 1241 3537 imperatorem
1282 3466 1784 3537 eligituuyrredactis
1811 3482 1942 3537 pnes

384 3539 457 3593 ris
482 3536 532 3591 in
557 3540 825 3591 ordinem.
865 3536 939 3588 Ex
972 3536 1170 3603 quibus
1207 3544 1382 3588 tamen
1427 3536 1798 3588 Andronicum
1829 3536 1942 3604 (qui

383 3610 620 3661 secundo
655 3608 870 3674 gejiitus
905 3606 1122 3674 videtur
1148 3604 1335 3668 fuisse,
1361 3620 1484 3656 cum
1532 3606 1777 3657 secundo
1826 3607 1942 3659 loco

384 3673 693 3730 nominetur
723 3694 750 3729 a
779 3676 1037 3745 Scylitze)
1069 3673 1334 3745 Diogenes
1366 3673 1507 3745 idem
1530 3674 1636 3745 sibi
1661 3688 1939 3745 successo—

384 3762 495 3800 rem
530 3742 937 3813 designarat'in
975 3743 1338 3813 expeditione,
1373 3744 1416 3796 si
1447 3742 1577 3811 quid
1605 3743 1935 3813 ipsihuma-

382 3814 530 3868 nitus
565 3810 971 3883 conitigissetp.
993 3814 1117 3866 8'24.
1148 3810 1438 3883 Deturbato
1528 3810 1667 3866 solio
1702 3811 1943 3879 Diogene

381 3900 544 3952 opera
575 3886 806 3937 maxime
835 3882 1059 3936 Joannis
1083 3882 1337 3952 Uzesaris,
1370 3884 1458 3950 qui
1485 3882 1653 3936 frater
1675 3883 1945 3936 Constan-

383 3950 481 4008 tini
510 3953 669 4006 Duc-.2
703 3954 933 4024 Augusti
966 3952 1161 4016 fuerat,
1198 3950 1423 4024 Michael
1474 3951 1650 4024 Ducas
1677 3952 1944 4024 Constan-

383 4025 479 4077 tini
562 4024 727 4077 frater
797 4022 929 4076 natu
999 4024 1269 4074 maximus
1340 4022 1669 4090 imperiuml,
1703 4023 1945 4090 suscepit

385 4110 504 4163 pag.
542 4092 665 4146 8i5.
703 4093 802 4147 ilic
831 4101 944 4145 toto
978 4092 1189 4157 imperii
1230 4090 1313 4143 sui
1355 4100 1600 4163 tempore
1625 4091 1941 4145 constanti-

383 4160 510 4216 ιιιιῖιι
534 4165 757 4215 fratrem
792 4177 949 4215 suum
990 4170 1304 4229 suspectum
1355 4160 1631 4224 habuisse,
1664 4171 1717 4215 et
1757 4173 1937 4216 custo~

380 4234 468 4286 dia
521 4232 821 4286 detinuisse
871 4228 1103 4285 traditur
1161 4228 1386 4284 inferius
1436 4235 1503 4282 ab
1578 4232 1680 4284 hoc
1753 4242 1941 4285 nostro

385 4301 685 4369 Nicephoro
718 4301 931 4356 Caesare
961 4300 1103 4369 LIII,
1127 4314 1251 4368 cap.
1290 4300 1381 4357 Ἡ..
1411 4301 1500 4353 ubi
1530 4300 1609 4354 sie
1630 4302 1939 4367 loquentem

381 4368 630 4425 Alexinm
684 4371 1019 4425 Comnenum
1086 4368 1385 4422 Botaniatze
1451 4373 1515 4423 de
1577 4370 1937 4425 Constantino

382 4440 663 4495 Michaelis
699 4440 865 4494 fratre
901 4440 1147 4508 inducit_.'
1174 4436 1359 4499 Οἶδας,
1392 4433 1436 4491 ὦ
1469 4439 1658 4508 ἄριστε
1690 4439 1933 4508 βασιλεῦ,

380 4510 455 4572 ὡς
481 4513 508 4562 ὁ
540 4510 1045 4578 Πορφυρογέννητος
1075 4504 1249 4571 οὗτος,
1295 4504 1597 4577 ἐγκρατοῦς
1646 4504 1796 4571 ὄντος
1839 4510 1939 4577 τῆς

384 4580 659 4659 βασιλείας
687 4579 876 4632 τούτου
904 4579 998 4659 τοῦ
1036 4580 1353 4659 ῥμαίμονος,
1393 4578 1566 4659 οὐδέν..
1582 4596 1633 4630 τι
1669 4579 1937 4659 ¹πέπονθεν

381 4649 472 4703 ὑπ’
500 4650 707 4701 ἐκείνου
743 4650 1000 4718 χρηστὸν,
1034 4647 1148 4718 ἀλλ’
1181 4647 1258 4709 ὼς
1296 4649 1352 4718 έν
1382 4649 1571 4718 εἱρκτῇ
1602 4648 1937 4718 διαθειργμέ-

380 4735 467 4782 νος
499 4719 708 4787 ζοφώδη
739 4716 890 4786 διῆγε
925 4719 1015 4787 τον
1048 4716 1677 4787 ἂτιανταῷβίονζνῦνοῦν
1718 4718 1939 4780 ἐλπίδας

382 4789 495 4855 ἔχει
526 4785 787 4857 χρηστὰς,
815 4785 920 4842 etc.
950 4785 1062 4840 lloc
1090 4796 1171 4857 est
1199 4803 1212 4838 :
1249 4786 1387 4857 Scis,
1407 4790 1596 4853 optime
1625 4792 1937 4857 imperator,

380 4855 1050 4927 hunc'Porpliyrogenitum
1102 4856 1307 4923 imperii
1363 4856 1551 4927 fratris
1590 4855 1940 4927 minutiam

380 4930 611 4993 fructum
642 4926 858 4993 cepisse,
923 4942 1081 4995 neque
1136 4930 1272 4978 enim
1318 4929 1381 4978 ab
1424 4926 1517 4978 illa
1549 4926 1657 4978 ulla
1697 4926 1939 4995 iteite/icio

379 4998 599 5063 u/l'ectns
624 5007 701 5048 est
734 5011 752 5048 :
781 4998 870 5049 sed
898 4994 1073 5065 potius
1096 4999 1367 5048 tenebrosa
1406 4996 1645 5048 custodia
1680 4994 1940 5065 detentus,

379 5073 656 5118 obscuraut
705 5076 752 5118 et
801 5064 1045 5119 miseram
1092 5067 1254 5118 vitam
1291 5081 1496 5118 omnem
1538 5067 1642 5134 egit
1669 5064 1938 5128 hactenus,

378 5147 483 5189 etc.
518 5135 629 5188 llac
653 5137 1127 5189 cotumendattone
1170 5135 1337 5188 Alexii
1370 5137 1596 5204 gratiam
1627 5134 1939 5187 nonnullam

378 5207 518 5273 apud
563 5205 883 5259 Bozaniaten
932 5205 1322 5259 Constantinus
1352 5215 1568 5268 nactus,
1595 5204 1664 5257 ab
1696 5218 1762 5256 eo
1797 5217 1935 5270 pra:-

380 5272 553 5329 t'ectus
582 5286 664 5329 est
696 5278 803 5328 dux
854 5275 1117 5328 exercitui
1157 5284 1344 5328 contra
1399 5272 1609 5327 'l‘nrcos
1668 5274 1856 5333 misso,
1885 5282 1943 5325 ut

379 5354 543 5398 tradit
578 5345 833 5415 Seylttzt-s
875 5346 926 5398 in
968 5343 1272 5407 Botaniate,
1321 5360 1439 5413 pag.
1480 5344 1605 5397 866.
1641 5342 1756 5407 Qua
1784 5357 1943 5394 ocea-

378 5417 531 5469 eione
559 5416 880 5469 ambitiosus
904 5416 1120 5483 juvmis
1153 5420 1347 5482 cupide
1377 5429 1531 5477 usus,
1561 5416 1939 5483 imperatorem

380 5484 449 5539 ab
471 5491 711 5538 exercitu
761 5500 820 5538 se
871 5480 1191 5553 proclamari
1226 5480 1402 5536 curat
1438 5481 1761 5553 Cbrysopoli
1795 5497 1807 5535 :
1846 5480 1940 5532 sed

381 5558 540 5625 paulo
572 5567 692 5623 post
723 5572 750 5609 a
782 5557 897 5609 suis
934 5557 1179 5625 proditus
1226 5555 1568 5625 detondetur,
1604 5553 1769 5619 litque
1823 5564 1940 5625 mo-

383 5622 611 5687 nacbus.
640 5642 704 5680 ac
754 5630 1064 5692 deportatur
1116 5624 1168 5676 iu
1231 5623 1484 5678 insu'ant.
1524 5624 1711 5678 Postea
1767 5622 1927 5675 etiam

1981 2951 2021 3006 Β
2053 2915 2569 3006 dicitunpre'sb-yter
2599 2914 2797 3006 factus.
2830 2914 3135 3006 Auctor‘es‘q
3155 2915 3497 3006 chlhrz‘esnct

2054 3001 2214 3055 naras
2262 2986 2314 3038 in
2368 2984 2669 3049 Botaniate,
2723 2985 2813 3038 ille
2861 3000 2982 3055 pag.
3031 2984 3155 3048 867,
3203 2984 3291 3040 hie
3333 2988 3458 3053 259.,
3495 2990 3625 3042 edit.

2051 3054 2176 3108 Bas.
2225 3057 2401 3124 Atque
2458 3055 2544 3108 hic
2601 3056 2724 3109 linis
2769 3054 3315 3121 Imjus’Constantini
3362 3058 3493 3123 fuit;
3530 3076 3629 3114 nec

2049 3125 2168 3192 ejus
2204 3126 2439 3194 amplius
2485 3124 2593 3178 ulla
2629 3124 2830 3179 mentio
2863 3125 2917 3178 in
2951 3127 3157 3179 nostris
3192 3127 3340 3181 hisce
3373 3128 3617 3183 historiis

2050 3194 2301 3247 habetur.
2327 3196 2477 3248 Alter
2508 3202 2689 3247 autem
2741 3194 3137 3250 tionstantinus
3177 3195 3421 3249 lilichaeli
3468 3197 3630 3253 Dura:

2047 3279 2113 3318 ex
2154 3262 2319 3318 Maria
2364 3264 2534 3317 Alana
2587 3274 2747 3318 natus
2790 3272 2895 3319 est.
2926 3265 3081 3318 Clare
3111 3264 3160 3316 id
3191 3263 3349 3319 docet
3379 3264 3625 3320 Zonaras

2051 3334 2102 3386 in
2136 3331 2398 3388 Michaele
2445 3348 2567 3401 pag.
2596 3332 2702 3388 2'29
2732 3351 2747 3389 :
2778 3332 2909 3387 Υξοῦ
2948 3334 3004 3386 δὲ
3042 3333 3322 3402 τεχθέντος
3369 3334 3515 3401 αὐτῷ
3561 3338 3624 3387 ἐκ

2046 3405 2145 3471 τῆς
2167 3405 2225 3469 ἐξ
2262 3404 2499 3457 Ἀλανῶν
2528 3404 2770 3474 Μαρίας,
2812 3403 2881 3474 ἢν
2914 3402 3007 3456 καὶ
3041 3401 3359 3474 βασίλισσαν
3405 3402 3617 3474 ἔστεφε,

2048 3475 2463 3542 Κωνσταντίνον
2500 3471 2662 3526 αὐτὸν
2709 3471 2994 3542 ῲνόμασεν
3043 3473 3134 3525 ἐπὶ
3173 3471 3251 3540 τῷ
3290 3472 3489 3542 πατρὶ,
3521 3471 3614 3525 καὶ

2049 3541 2341 3611 βασιλικῶς
2368 3544 2672 3596 ὲταινῐωςε.
2715 3541 2865 3596 Nato
2897 3543 2998 3596 sibi
3031 3542 3142 3611 [ilio
3181 3557 3245 3594 ea:
3278 3541 3456 3595 Maria
3491 3541 3617 3599 Afa-

2047 3628 2138 3672 na,
2173 3627 2334 3681 quam
2367 3620 2416 3664 et
2447 3614 2744 3683 Angustam
2775 3616 3068 3677 coronavit,
3100 3612 3441 3683 Constantini
3460 3613 3627 3683 patris

2046 3683 2130 3734 sui
2186 3698 2372 3735 nomen
2427 3681 2695 3750 imposuit,
2726 3698 2943 3751 eumque
2997 3683 3137 3751 regio
3191 3682 3490 3751 diademate
3543 3681 3628 3737 in.

2044 3752 2278 3820 signivit.
2319 3752 2397 3806 Eu
2449 3749 2865 3807 Gunstantinus
2888 3766 2975 3820 ex,
3005 3750 3171 3820 Maria
3207 3749 3377 3802 Alana
3411 3759 3465 3803 et
3499 3752 3624 3819 qui-

2046 3818 2168 3876 dem
2208 3821 2323 3891 jam
2368 3830 2650 3879 coronata,
2679 3820 2931 3891 Michaeli
2960 3819 3077 3891 jam_
3116 3818 3404 3886 imperanti
3439 3818 3617 3874 naSei-

2046 3899 2154 3954 tur,
2211 3888 2351 3945 inde
2394 3903 2447 3945 et
2503 3892 2618 3960 ipse
2675 3888 3616 3960 Porphyrogenitns__nuncupatus.

2046 3960 2147 4015 Cui
2200 3961 2376 4016 adhuc
2410 3956 2602 4014 infanti
2657 3967 2811 4027 pater
2856 3956 3142 4027 despondit
3186 3956 3353 4010 tiliam
3405 3958 3625 4012 ltoberti

2042 4031 2311 4099 Calabria:
2365 4031 2544 4096 ducis,
2590 4026 2753 4099 quam
2796 4036 2856 4099 et
2901 4026 3013 4097 jam
3085 4037 3196 4080 tum
3252 4026 3624 4099 adducendam

2041 4098 2568 4167 ConstantinOpolim
2607 4097 2853 4160 curavit,
2922 4106 2977 4150 et
3016 4106 3226 4167 mutato
3277 4097 3398 4165 ejus
3450 4099 3615 4165 priori

2042 4171 2266 4239 nomine
2304 4169 2594 4239 appellavit
2618 4167 2903 4239 Helenam,
2939 4176 2997 4220 nt
3026 4166 3190 4239 tradit
3219 4177 3620 4239 consequenter

2043 4237 2304 4304 Zonaras,
2335 4236 2389 4294 et
2416 4239 2572 4293 Anna
2607 4237 2727 4292 fuse
2751 4237 2997 4306 deplorat
3022 4237 3208 4291 multis
3234 4237 3367 4291 locis
3410 4236 3626 4288 Alexio-

1965 4303 2010 4366 C
2042 4309 2147 4372 dis,
2182 4303 2481 4378 przesertim
2515 4310 2552 4362 Ι.
2576 4324 2652 4374 ii;
2692 4303 2927 4376 denique
2959 4308 3049 4360 ubi
3079 4309 3233 4378 Anna
3267 4306 3382 4373 ipsa
3425 4306 3618 4378 Alesia

2040 4374 2318 4444 nata'est,
2345 4378 2671 4446 desponsata
2717 4374 3034 4431 fuit‘eidein
3084 4376 3209 4430 huic
3254 4374 3625 4446 Constantino

2038 4463 2207 4516 puero
2256 4442 2312 4501 in'
2350 4442 2500 4515 spem
2558 4448 2768 4515 imperii
2826 4448 3053 4516 nutrito,
3092 4446 3201 4499 imo
3243 4444 3360 4514 jam
3405 4442 3617 4516 imperii

2038 4513 2318 4581 consorti;
2353 4513 2790 4585 diremptumque
2814 4516 2864 4570 id
2897 4514 3227 4585 conjugium
3249 4513 3380 4585 ante
3408 4513 3625 4585 nuptias

2038 4579 2385 4640 Constantini
2432 4579 2618 4653 sponsi
2669 4579 2845 4639 morte
2878 4579 3169 4638 immatura
3211 4584 3331 4646 fuit,
3372 4591 3431 4635 ut
3469 4579 3625 4653 Nice-

2043 4656 2245 4722 phorus
2277 4672 2398 4708 mox
2431 4648 2623 4719 docet;
2669 4671 2697 4709 a
2729 4654 3009 4723 quojitem
3043 4648 3622 4723 babeinus‘spous‘aiia

2042 4716 2386 4779 Constantini
2417 4716 2658 4793 ejusdem
2692 4716 2816 4778 cum
2843 4721 3035 4793 Anna,
3059 4735 3291 4793 quorum
3324 4716 3437 4793 ipsa
3473 4716 3622 4793 clare

2044 4809 2152 4848 non
2192 4785 2464 4850 meminit:
2497 4793 2802 4847 Confirmat
2835 4792 2974 4844 idem
3006 4785 3267 4859 Seylitzes
3304 4797 3359 4839 et
3390 4785 3619 4839 Institu-

2042 4866 2116 4917 tio
2176 4863 2322 4930 rcgia
2363 4860 2875 4933 Theophylactiad
2935 4860 3080 4933 hunc
3146 4859 3325 4933 ipsum
3380 4870 3611 4933 puerum

2041 4927 2252 5002 scripta
2287 4948 2301 4985 :
2333 4942 2391 4986 ut
2429 4927 2657 4987 dubium
2699 4932 2848 5002 nullo
2894 4930 3057 5002 modo
3098 4927 3268 5002 possit
3309 4940 3454 5002 esse,
3487 4927 3619 4995 quin

2041 4996 2383 5058 duo‘l‘uerint
2416 5002 2760 5056 Constantini
2796 4999 2957 5066 Ducte
2986 4996 3455 5066 Porphyrogeniti,
3485 5011 3624 5064 quos

2045 5073 2130 5125 hic
2161 5071 2213 5124 in
2249 5086 2418 5124 unum
2459 5070 2659 5125 eonfiat
2693 5086 2798 5123 non
2852 5064 3194 5135 Nicephorus
3237 5069 3431 5118 horum
3474 5080 3626 5118 eom-

2043 5140 2437 5195 mentariorum
2473 5150 2686 5202 auctor,
2721 5141 2814 5192 sed
2868 5135 3273 5206 perfnnctorius
3298 5141 3353 5187 et
3393 5138 3620 5202 supinus

2042 5210 2366 5278 descriptor.
2394 5210 2575 5275 Quare
2604 5205 3290 5278 arbitramurBryennium
3330 5206 3614 5272 scripsisse

2044 5278 2191 5333 hunc
2227 5275 2424 5332 'locum
2489 5288 2547 5334 ut
2602 5293 2702 5334 nos
2764 5276 3195 5340 emendavimus,
3265 5275 3369 5343 hoc
3430 5283 3623 5343 netnpe

2045 5350 2205 5401 modo
2261 5366 2275 5400 :
2332 5347 2519 5409 Ὅπως
2589 5348 2686 5416 μὲν
2730 5343 2823 5399 οὖν
2868 5348 2896 5399 ὁ
2946 5346 3230 5416 Κομνηνὸς
3281 5340 3620 5416 ’τιῇηὰὁελφιξι

2044 5416 2391 5487 προσηνέχθη
2431 5416 2524 5469 τοῦ
2579 5411 2845 5487 βασιλέως
2878 5411 3098 5485 Μιχαὴλ
3127 5411 3243 5487 ’τοῦ
3290 5411 3490 5487 Δούκα,
3522 5422 3616 5486 και

2045 5486 2217 5539 αὑτοῦ
2251 5487 2442 5539 τούτου
2493 5486 2587 5539 τὸν
2630 5488 2745 5542 υἱὸν
2798 5490 2901 5539 ὑπὸ
2948 5488 3126 5555 οἰκείᾳ
3175 5486 3401 5550 δυνάμει
3430 5494 3483 5529 τε
3528 5492 3621 5529 Kl:

2050 5558 2322 5626 σννὰρσει,
2349 5569 2453 5611 etc.
