4070 6214
378 340 450 406 31
1591 349 2005 409 NICEPIIORI
2056 347 2423 407 BRYENNII
3572 342 3643 407 32

385 451 794 508 conculcatione
822 453 1043 517 veritus,
1090 456 1387 523 pnesertim
1429 474 1551 512 cum
1599 459 1702 513 alia
1752 474 1950 529 suppe-

2061 460 2362 514 ἀπαιτοῦσα
2395 462 2487 511 καὶ
2524 458 2776 526 γενναίας
2812 457 3038 521 ἔνδειξιν
3076 456 3253 526 ψυχῆς
3290 456 3383 507 καὶ
3421 458 3642 525 ᾅιαδρίας

386 552 522 597 teret
556 541 698 595 haud
731 544 891 611 paulo
930 546 1271 613 plausibilior
1314 548 1591 618 tutiorque
1641 551 1778 605 ratio
1831 566 1954 620 per-

385 632 545 686 dendi
582 634 680 686 viri
713 636 869 689 fortis
902 652 995 703 per
1029 638 1267 705 speciem
1316 640 1563 705 honoris,
1611 643 1954 711 praeﬁciendo

384 740 508 778 eum
542 727 695 780 bellis
725 730 1044 795 periculosis
1084 739 1138 784 et
1164 731 1498 800 diilicilibus,
1533 752 1633 791 nec
1677 738 1726 792 ei
1768 737 1954 805 copias

387 812 612 868 idoneas
644 816 994 871 conﬁciendis
1045 819 1110 874 iis
1156 824 1554 891 suppeditando
1583 844 1597 880 :
1626 842 1687 880 ex
1724 844 1832 896 quo
1877 828 1956 880 al-

386 915 560 959 terum
587 917 705 959 erat
730 913 1212 979 Consoqttens,'aut
1228 906 1640 971 s'uccubiturum
1659 918 1954 988 aliquando

386 997 626 1063 perienln
681 999 988 1071 lethaleque
1043 1006 1241 1057 vulnus
1282 1007 1518 1075 quodam
1554 1008 1607 1061 in
1640 1011 1825 1079 praslio
1859 1027 1952 1065 ac-

383 1099 670 1155 ('eptttrum
722 1091 825 1144 sibi
881 1110 990 1148 non
1042 1104 1353 1165 parcentem
1401 1099 1658 1169 juvenem
1706 1119 1720 1153 :
1767 1112 1861 1156 aut
1908 1102 1952 1154 si

385 1183 799 1245 procurationes
839 1185 1200 1241 demandatas
1235 1190 1314 1242 vel
1348 1192 1629 1259 suscipere
1675 1205 1958 1247 recusaret

386 1273 464 1324 vel
530 1285 781 1342 acceptas
827 1278 1058 1348 exsequi
1112 1281 1431 1349 negiigeret,
1487 1284 1681 1337 merito
1721 1294 1774 1339 et
1821 1285 1955 1341 citra

383 1363 655 1428 publicam
714 1368 1150 1424 misericordiam
1199 1374 1343 1427 velut
1408 1373 1650 1442 legitimo
1690 1377 1958 1444 supplicio

382 1450 764 1521 subjiceretur.
813 1455 878 1509 Et
914 1468 1072 1512 erant
1100 1462 1443 1516 commodum
1484 1464 1549 1517 ad
1591 1480 1813 1518 mamtm
1863 1482 1959 1520 ex-

384 1542 719 1608 peditidnutn
781 1548 924 1603 haud
983 1549 1223 1605 facilium
1273 1555 1613 1609 occasiones.
1664 1554 1766 1621 Qui
1811 1558 1954 1611 enim

383 1635 548 1689 rebus
591 1638 811 1693 studere
842 1642 997 1695 novis
1041 1642 1155 1711 jam
1206 1645 1306 1698 sub
1350 1644 1612 1701 Michaele
1659 1657 1953 1717 coeperant,

384 1723 691 1792 liryennius
744 1736 798 1781 et
857 1729 1151 1793 Basilaces.
1197 1734 1407 1789 nobiles
1450 1746 1502 1789 et
1556 1736 1799 1792 illustres
1830 1739 1954 1805 viri,

383 1829 491 1866 non
528 1813 764 1873 ferentes
796 1834 942 1884 eum,
989 1838 1149 1891 quem
1189 1826 1351 1892 paulo
1396 1837 1520 1882 ante
1560 1830 1872 1884 rebellionis
1901 1832 1955 1885 in

379 1918 729 1961 communem
777 1911 1059 1966 domintum
1131 1916 1453 1972 habuissent
1515 1917 1762 1983 socium,
1821 1935 1960 1989 prte-

383 2007 594 2065 replnm
653 2000 757 2068 ιθ
803 2002 1092 2071 imperium
1152 2022 1409 2061 exercere
1474 2025 1616 2063 nunc
1682 2010 1736 2062 in
1812 2013 1960 2080 ipsos

382 2104 604 2156 quoque
644 2092 799 2154 velle,
848 2098 1023 2161 pa'am
1078 2100 1406 2153 reensabant
1453 2103 1608 2155 subdi
1663 2102 1962 2159 Bolaniatzc

380 2196 677 2250 gert-reque
733 2188 1027 2255 pergebant
1077 2204 1163 2243 res
1212 2191 1286 2242 uti
1334 2192 1436 2244 sub
1471 2193 1639 2263 priori
1684 2204 1962 2264 crepet-ant

383 2270 650 2342 ptint‘ipe.
684 2278 923 2345 propriis
963 2281 1243 2349 auspiciis,
1282 2293 1573 2353 partesque
1596 2299 1727 2340 suas
1767 2302 1864 2356 pro
1901 2302 1961 2342 se

376 2364 616 2432 quisque
643 2365 816 2434 copiis
848 2377 900 2420 et
950 2370 1147 2438 opibus
1193 2388 1355 2441 quam
1399 2375 1735 2431 validissime
1780 2378 1961 2431 ﬁrma-

380 2452 532 2507 bant.
566 2456 763 2510 (fontra
815 2458 916 2514 hos
962 2461 1083 2515 belli
1125 2461 1230 2516 dux
1278 2465 1348 2517 ab
1381 2466 1709 2535 imperatore
1738 2470 1961 2525 Alexius

381 2544 642 2616 deligitur
684 2556 739 2603 et
779 2552 1017 2604 mittitur
1051 2565 1181 2607 tunc
1229 2557 1409 2624 magni
1457 2558 1745 2614 domestici
1786 2561 1963 2632 digni-

376 2642 491 2688 tate
531 2646 780 2692 ornatus.
832 2640 1018 2709 Neque
1051 2642 1141 2697 ille
1171 2646 1463 2708 recusavit,
1495 2657 1590 2701 aut
1621 2651 1959 2705 contentioni

384 2725 437 2778 in
469 2730 725 2782 mandato
750 2731 1145 2797 exhauriendo.
1178 2746 1273 2791 aut
1317 2739 1656 2796 dimicationi
1688 2744 1960 2799 discrimi-

386 2817 510 2870 nive
561 2822 802 2888 pepercit
853 2823 986 2889 ulli,
1040 2827 1171 2895 quin
1218 2844 1327 2882 non
1381 2833 1569 2897 semel,
1622 2834 1715 2889 scd
1764 2836 1963 2905 saepius

382 2911 786 2967 cruentissimis
820 2916 1413 2989 periculosissimisque
1437 2922 1504 2977 de
1529 2924 1726 2991 prteliis
1763 2927 1959 2996 vietor,

385 3003 602 3071 tropaeis
632 3006 830 3074 positis
859 3007 981 3062 illos
1008 3008 1158 3077 ipsos
1200 3024 1391 3067 contra
1420 3031 1559 3085 quos
1587 3029 1831 3072 moverat
1861 3020 1961 3073 du-

384 3107 475 3145 ces
502 3092 644 3147 bello
670 3108 884 3163 captos,
931 3096 987 3151 in
1022 3100 1213 3155 urbem
1256 3103 1425 3158 redux
1458 3106 1682 3177 regiam,
1728 3108 1961 3178 impera-

384 3187 484 3237 tori
514 3187 765 3241 reddidit.

2057 553 2149 605 καὶ
2189 552 2433 605 κίνδυνον
2476 554 2541 620 τῇ
2578 549 2888 618 ἐγχειρήσει
2927 549 3133 618 ταύτης
3172 548 3640 618 ἐπικρεμάμενον,

2056 644 2217 707 εὐθὺς
2248 643 2340 697 τοῦ
2373 641 2661 713 Κομνηνοῦ
2713 645 2907 711 χρῆσις
2945 636 3012 711 ἦν
3049 640 3189 708 ὑπὲρ
3231 641 3504 702 ἅπαντας.
3547 646 3645 698 καὶ

2059 737 2221 806 μόνος
2255 735 2363 787 τῶν
2394 734 2650 787 ἁπάντων
2675 735 2704 785 ό
2741 734 3025 801 Κομνηνὲις
3068 734 3181 793 τοῖς
3212 730 3353 784 οὕτω
3386 734 3645 801 μεγαλοις

2059 829 2153 881 καὶ
2210 826 2585 880 κινδυνώδεσιν
2634 825 2816 895 ἔργοις
2857 827 3239 889 ἐπιστατήσων
3282 824 3645 893 πῳεέϐλητο,

2056 919 2216 972 τοῦτο
2253 918 2575 988 βουλομένου
2620 917 2714 971 τοῦ
2748 916 3066 985 σκέμματος
3097 913 3238 967 ὥστε
3273 916 3306 986 ἢ
3338 915 3645 984 καταπειθῆ

2059 1013 2318 1081 γεγονότα
2356 1011 2447 1064 τὸν
2496 1009 2782 1080 Κομνηνὸν
2831 1013 2941 1070 τοῖς
2999 1008 3456 1074 ὲπιτεταγμένοις
3496 1006 3646 1075 αὐτῷ

2060 1106 2153 1156 καὶ
2186 1102 2446 1171 γενναίως
2478 1102 2571 1155 καὶ
2625 1101 2914 1171 ἀνδρικῶς,
2969 1099 3151 1161 καθὼς
3204 1094 3269 1166 ἦν
3319 1098 3439 1161 ἔθος
3470 1098 3642 1167 αὐτῷ,

2061 1194 2438 1263 προσϐαλόντα
2482 1193 2586 1245 τινί
2626 1192 2734 1244 τῶν
2766 1189 3105 1259 τηλικούτων
3157 1188 3335 1259 ἔργων
3376 1190 3474 1242 καὶ
3504 1192 3644 1242 κατά

2062 1286 2230 1354 ξιφῶν
2256 1284 2584 1355 χωρήσαντα
2614 1282 2793 1352 μέσων
2816 1283 3045 1351 καιρίως
3079 1280 3350 1350 πληγῆναι
3375 1281 3469 1332 καὶ
3497 1281 3645 1350 παρὰ

2059 1376 2137 1445 τῷ
2178 1374 2399 1443 πολέμῳ
2431 1376 2614 1426 πεσεῖν
2649 1372 2737 1426 διὰ
2762 1372 2822 1424 τὸ
2869 1372 3003 1442 μηδὲ
3034 1371 3332 1440 δυνάμεσιν
3360 1371 3644 1438 ἀναλὸγοις

2059 1463 2435 1533 ἐφοδιάζεσθαι
2487 1463 2623 1532 πρὸς
2675 1462 2735 1514 τὸ
2784 1462 3036 1531 κείμενον
3088 1461 3271 1531 ἔργον,
3317 1460 3350 1531 ἢ
3391 1462 3521 1529 γοῦν
3571 1462 3644 1529 νὴ

2062 1554 2402 1624 πειθόμενον,
2460 1552 2584 1623 μηδ’
2632 1550 2776 1604 οὓτω
2811 1550 3091 1615 ποιοῦντα,
3135 1549 3272 1619 μηδὲ
3322 1551 3434 1612 τοῖς
3472 1549 3645 1618 τούτῳ

2061 1646 2438 1715 κελευομένοις
2488 1644 2783 1697 ὑπείκοντα
2828 1642 3055 1704 δικαίως
3105 1641 3270 1712 δῆθεν
3311 1641 3647 1708 ἐγκληθῆναι

2063 1740 2154 1791 καὶ
2180 1738 2411 1806 νόμιμον
2441 1735 2540 1804 τὴν
2589 1733 2811 1787 κόλασιν
2856 1735 3132 1803 ὑποσχεῖν.
3167 1733 3306 1802 Ἤδη
3339 1733 3436 1802 μὲν
3468 1731 3559 1784 οὐν
3593 1733 3646 1784 οἱ

2057 1829 2445 1897 διαληφθέντες
2472 1828 2499 1881 ὅ
2530 1844 2589 1878 τε
2620 1826 2902 1897 Βρυέννιος
2929 1827 3022 1878 καὶ
3045 1828 3071 1877 ὁ
3101 1824 3431 1893 Βασιλάκης,
3454 1823 3646 1893 ἄνδρες

2062 1922 2170 1975 τῶν
2200 1917 2257 1974 εὖ
2295 1920 2595 1988 γεγονότων
2627 1919 2720 1971 καὶ
2762 1921 3072 1986 ἐπισήμων,
3109 1917 3182 1988 μὴ
3215 1917 3472 1985 φέροντες
3512 1916 3647 1985 μηδὲ

2061 2008 2207 2067 οὗτοι
2243 2013 2342 2084 τὴν
2378 2014 2471 2065 ἐπὶ
2504 2012 2597 2065 τοῦ
2632 2010 2905 2081 βασιλείου
2937 2010 3127 2080 θρόνου
3161 2010 3255 2061 τοῦ
3285 2009 3643 2062 Βοτανειάτου

2063 2105 2403 2173 καθίδρυσιν,
2450 2104 2546 2158 ἆτε
2585 2104 2680 2157 καὶ
2713 2102 2898 2156 τοῦτον
2936 2102 3031 2154 σὺν
3081 2101 3299 2162 ἑαυτοῖς
3337 2100 3647 2168 ἀποστάτην

2062 2196 2202 2248 κατά
2230 2196 2323 2247 τοῦ
2352 2193 2616 2263 βασιλέως
2649 2192 2867 2264 Μιχαὴλ
2899 2192 3257 2260 ἐπιστάμενοι
3286 2194 3379 2243 καὶ
3411 2196 3520 2253 τοῖς
3545 2192 3645 2244 αὐ-

2061 2290 2173 2349 τοῖς
2227 2285 2648 2348 συνυπεύθυνον,
2700 2286 2771 2355 ἢν
2824 2283 3071 2351 ἔφθασαν
3122 2284 3362 2354 ἅρασθαι
3413 2282 3646 2352 πρώτως

2062 2379 2402 2433 ἀποστασίαν
2428 2378 2571 2432 κατά
2590 2378 2683 2431 τοῦ
2704 2376 2947 2447 Μιχαὴλ,
2974 2375 3173 2447 ταύτην
3202 2376 3297 2429 καὶ
3328 2378 3448 2429 κατ’
3479 2376 3644 2428 αὐτοῦ

2062 2472 2432 2539 τετηρήκασιν
2468 2470 2560 2523 ἐπὶ
2608 2471 2884 2539 σχήματος
2917 2470 3012 2523 καὶ
3046 2468 3183 2538 μετά
3214 2468 3452 2539 πλήθους
3481 2484 3646 2537 στρα-

2062 2561 2271 2615 τιωτῶν
2322 2561 2417 2615 καὶ
2476 2561 2575 2614 οὐκ
2630 2561 3113 2631 εὐκαταφρονήτου
3167 2560 3448 2629 δυνάμεως
3497 2558 3646 2628 αὐτῷ

2062 2651 2647 2719 ἀντιπαρατάττονται.
2684 2652 2793 2703 Καὶ
2824 2650 2988 2711 εὐθὺς
3021 2652 3049 2704 ὁ
3080 2651 3364 2720 Κομνηνὸς
3394 2652 3485 2703 ἐπὶ
3513 2652 3645 2719 μνή-

2066 2762 2172 2815 μης
2198 2743 2275 2813 τῷ
2308 2743 2519 2813 βασιλεί
2548 2743 2694 2796 κατά
2726 2743 2833 2796 τῶν
2864 2742 3123 2796 τοιούτων
3153 2743 3365 2813 ἀνδρῶν
3389 2742 3644 2799 ἀνθοπλίε

2063 2856 2163 2907 της
2198 2838 2292 2891 καὶ
2317 2837 2746 2906 ἀντιστράτηγος
2788 2837 3087 2904 στέλλεται,
3123 2835 3222 2906 τὴν
3263 2835 3358 2889 τοῦ
3407 2835 3645 2905 μεγάλου

2063 2928 2389 2999 δομεστίκου
2424 2926 2733 2998 τηνικαῦτα
2768 2926 2974 2981 διέπων
3013 2929 3193 2994 ἀξίαν.
3233 2929 3342 2981 Καὶ
3371 2926 3647 2981 ἀντικαθί-

2066 3036 2262 3072 σταται
2296 3018 2529 3083 τούτοις,
2558 3018 2654 3071 καὶ
2683 3017 3148 3090 θαρῤαλεωτάτην
3185 3019 3368 3090 μάχην
3404 3017 3648 3086 συμϐάλ-

2063 3110 2167 3174 λει,
2202 3109 2293 3164 καὶ
2326 3110 2702 3181 συρῤήγνυται
2729 3108 2938 3173 τούτοις
2982 3110 3081 3179 οὐχ
3121 3109 3268 3176 ἅπαξ
3297 3110 3476 3179 μόνον,
3508 3106 3648 3161 ἀλλὰ

2063 3203 2158 3255 καὶ
2185 3200 2444 3262 πολλάκις
2474 3202 2555 3264 εἰς
2580 3200 2816 3270 πόλεμον
2839 3201 3010 3271 αὐτὴν
3038 3203 3286 3273 προΐεται
3315 3202 3417 3268 τὴν
3444 3199 3645 3268 ψυχὴν,

382 3278 477 3332 καὶ
512 3279 669 3344 τέλος
707 3282 831 3346 τοὺς
864 3285 1191 3353 ἀντιπάλους
1229 3292 1355 3362 νικᾷ
1388 3288 1479 3365 [Ρ.
1517 3292 1548 3346 7
1556 3293 1575 3365 J
1609 3295 1704 3348 καὶ
1736 3295 1988 3365 λαμπρὸν
2022 3296 2145 3349 κατ’
2174 3294 2356 3348 αὐτῶν
2392 3293 2655 3365 τρόπαιον
2700 3293 2908 3363 ἵστησι,
2949 3296 3046 3348 καὶ
3110 3291 3479 3364 δορυαλώτους
3509 3290 3648 3344 ἐλὼν

383 3369 464 3433 είς
493 3370 591 3444 τὴν
620 3371 866 3442 βασιλίδα
896 3376 1005 3429 τῶν
1038 3378 1258 3435 σιὸλεων
1292 3383 1489 3451 ἐπάγει
1520 3389 1610 3439 καὶ
1637 3386 1715 3458 τῷ
1749 3386 1961 3458 βασιλεῖ
1997 3386 2388 3457 παραδίδωσιν.

460 3467 583 3523 llaec
598 3469 655 3524 in
681 3469 873 3525 notitia
891 3482 947 3525 et
970 3475 1351 3542 praedicatione
1374 3489 1664 3536 versantur
1686 3483 1955 3546 omnium,

385 3574 486 3614 nec
531 3563 842 3617 communis
887 3564 1123 3635 quisque
1156 3583 1355 3624 sensus
1397 3573 1675 3642 particeps
1712 3588 1801 3629 res
1822 3574 1960 3629 adeo

387 3652 632 3732 celebres
656 3661 768 3708 tam
794 3654 971 3723 palam
999 3665 1153 3713 tanto
1184 3660 1476 3729 splendore
1500 3673 1683 3732 gestas
1710 3665 1962 3733 ignorare

386 3750 586 3811 potest.
618 3742 888 3807 Quoniam
933 3755 1113 3800 autem
1142 3745 1425 3803 Comneno
1451 3757 1535 3805 tot
1562 3751 1827 3808 sudorum
1856 3762 1962 3809 tot-

384 3849 492 3902 que
516 3833 894 3890 discriminum
933 3852 1143 3893 merces
1175 3840 1322 3895 nulla
1355 3851 1476 3897 erat
1511 3843 1807 3901 admodum
1854 3847 1960 3902 alia

388 3926 490 3980 nisi
533 3926 673 3981 livor
720 3944 830 3983 non
880 3930 1153 3987 obscurus
1200 3942 1253 3987 et
1321 3949 1481 3990 saevae
1531 3937 1966 3995 machinationes

387 4020 616 4073 orbandi
668 4035 793 4075 eum
851 4022 1154 4079 luminibus
1207 4034 1370 4096 atque
1419 4028 1681 4097 perdendi
1726 4040 1840 4086 tum
1884 4034 1967 4087 itt-

388 4111 640 4166 volvendi
683 4113 841 4168 ruina
876 4115 1064 4170 eadem
1103 4114 1638 4187 Porphyrogenitum
1673 4138 1687 4175 :
1722 4123 1774 4177 id
1816 4126 1964 4178 enim

386 4219 515 4258 vero
545 4220 651 4258 non
682 4205 797 4274 jam
835 4205 1121 4262 ferendum
1167 4210 1403 4278 amplius
1445 4226 1632 4267 secum
1673 4216 1965 4270 constituit

383 4294 628 4361 Alexins,
655 4298 748 4351 sed
778 4308 1038 4368 reputans
1064 4302 1206 4369 apud
1233 4318 1313 4365 se.
1340 4313 1593 4374 patruum
1621 4322 1781 4361 suum
1815 4310 1960 4364 Isaa-

384 4389 529 4443 cium
583 4390 949 4456 Comnenum,
1008 4395 1102 4463 qui
1158 4412 1330 4466 nuper
1374 4398 1497 4466 jure
1538 4402 1959 4472 quam‘optitno

2136 3482 2324 3535 Οῖδασι
2349 3481 2550 3544 πάντες
2572 3479 2763 3545 ταῦτα,
2787 3479 2883 3533 καὶ
2913 3478 2971 3531 ὲν
2992 3475 3193 3547 χείλεσι
3222 3473 3438 3527 πάντων
3462 3472 3639 3524 κεῖται

2064 3573 2135 3629 τὰ
2168 3576 2296 3642 περῖ⁵
2319 3573 2543 3636 τούτων,
2580 3573 2673 3625 καὶ
2705 3571 2803 3625 οὐκ
2831 3571 2979 3624 ἔστιν
3008 3570 3154 3631 ὅστις
3177 3565 3284 3620 τῶν
3307 3562 3365 3617 εὖ
3390 3560 3644 3633 φρονούν-

2064 3683 2173 3720 των
2194 3667 2431 3737 ηγνὸησε
2450 3665 2642 3719 ταῦτα.
2672 3664 2828 3718 Ἐπεὶ
2847 3664 2903 3718 δὲ
2926 3659 3002 3731 τῷ
3031 3658 3301 3732 Κομνηνῷ
3319 3656 3525 3711 τούτων
3550 3654 3646 3708 καὶ

2066 3759 2272 3830 ἑτέρων
2300 3756 2514 3810 πολλῶν
2539 3760 2634 3809 καὶ
2660 3756 2912 3826 μεγάλων
2940 3753 3116 3823 ἔργων
3149 3751 3241 3803 καὶ
3268 3749 3437 3810 ὅντως
3462 3747 3647 3817 ἀνδρι-

2069 3851 2181 3905 κῶν
2243 3850 2339 3903 καὶ
2384 3848 2651 3917 γενναίως
2706 3846 3112 3914 τετελεσμένων
3168 3841 3399 3911 οὐδεμία
3444 3857 3528 3903 τις
3576 3835 3646 3911 ἦν

2062 3942 2382 4013 ἀντιμισθία
2402 3941 2497 3995 καὶ
2516 3940 2741 4011 ἀμοιϐὴ,
2768 3937 2881 3990 ἀλλ’
2902 3936 2934 4008 ἢ
2961 3934 3121 4005 μόνος
3139 3933 3299 4002 ζῆλος
3319 3935 3421 3987 οὐκ
3442 3932 3647 4001 ἀγαθὸς

2063 4035 2159 4089 καὶ
2192 4034 2313 4087 κατ’
2335 4032 2502 4088 αὐτοῦ
2537 4032 2730 4102 μελέτη
2758 4028 2849 4081 καὶ
2877 4027 3138 4095 συσκευὴ,
3169 4027 3319 4089 ὅπως
3349 4024 3643 4094 ἀποδοθείη

2062 4127 2238 4194 τούτῳ
2287 4125 2501 4195 πονηρά
2545 4124 2667 4177 ἀντὶ
2706 4118 2959 4189 ἀγαθῶν,
3007 4118 3103 4171 καὶ
3148 4118 3296 4179 ὅπως
3340 4116 3505 4180 αὐτὸς
3547 4116 3646 4186 μὲν

2063 4218 2328 4290 ἐκκοπείη
2353 4219 2478 4280 τοὺς
2511 4213 2824 4286 ὀφθαλμοὺς
2847 4213 2941 4267 καὶ
2961 4210 3240 4276 ἀπόλοιτο,
3264 4209 3645 4281 συνεκτριδείη

2066 4310 2124 4363 δὲ
2150 4310 2326 4379 τούτῳ
2359 4311 2453 4361 καὶ
2481 4307 2510 4359 ὁ
2540 4304 3077 4375 Πορφυρογὲννητος,
3099 4303 3199 4356 οὐκ
3221 4302 3302 4354 ἔτι
3330 4302 3388 4353 ἐν
3422 4299 3643 4369 φορητῴ

2056 4392 2242 4453 ’ταῦτα
2273 4399 2501 4458 τίθεται.
2533 4397 2669 4451 ἀλλά
2696 4396 2908 4465 βλέπων
2939 4395 3013 4457 ὡς
3036 4392 3185 4464 αὐτῷ
3222 4394 3321 4463 μὲν
3360 4392 3440 4456 είς
3474 4392 3644 4445 κακὸν

384 4492 723 4553 regnaverat,
760 4486 1048 4554 imperium
1101 4493 1246 4543 ultro
1308 4491 1405 4558 11
1452 4492 1765 4549 concessis;
1811 4494 1957 4549 Con-

2064 4492 2133 4545 τᾶι
2170 4490 2263 4545 τοῦ
2306 4490 2635 4558 πράγματος
2674 4486 2855 4557 διήκει
2889 4486 2984 4539 καὶ
3016 4487 3101 4538 ὅτι
3146 4485 3240 4538 τοῦ
3289 4482 3435 4537 θείου
3476 4482 3644 4536 αὐτοῦ

379 4576 621 4630 δτιιιιιὶιιο
656 4576 837 4642 Duae,
869 4594 980 4647 quo
1017 4580 1280 4635 defuncto
1311 4598 1341 4635 e
1372 4582 1498 4638 ﬁliis
1531 4584 1802 4640 familiare
1833 4585 1956 4655 ejus

385 4668 653 4736 imperare
694 4670 930 4739 aliquem
965 4670 1047 4726 fas
1092 4669 1219 4737 fuit,
1256 4672 1402 4741 quod
1435 4689 1593 4731 secus
1632 4677 1832 4731 evenit.
1868 4678 1958 4732 Si-

379 4761 596 4829 quidem
633 4762 725 4833 qui
753 4778 897 4817 nunc
918 4762 1190 4817 insidebat
1212 4764 1480 4833 imperiali
1505 4768 1643 4821 solio
1664 4783 1957 4824 commune

383 4851 621 4906 habebat
663 4852 797 4906 nihil
841 4867 966 4907 cum
1021 4862 1179 4922 gente
1236 4855 1535 4912 Duearum.
1590 4857 1955 4924 Quamobrem

380 4944 504 5012 quis
533 4958 640 4997 non
665 4945 873 4999 videret
900 4946 1084 5000 vocari
1112 4945 1427 5003 Comnenos
1455 4949 1521 5003 ad
1548 4952 1954 5007 successionem

358 5028 769 5107 principatus?
798 5038 1033 5095 Aliunde
1066 5056 1195 5095 vero
1216 5042 1362 5111 quod
1398 5058 1491 5112 per
1515 5043 1659 5113 juris
1686 5046 1955 5100 rationem

379 5118 622 5201 legitime
649 5130 766 5185 ﬁeri
803 5140 1030 5201 poterat,
1062 5142 1282 5203 propter
1308 5137 1606 5204 pericnhun
1643 5138 1712 5191 ab
1739 5137 1957 5194 insidiis

380 5223 708 5292 injuriisque
747 5223 1165 5280 immanissitnis
1214 5227 1525 5282 necessario
1569 5229 1955 5281 maturandum

383 5315 671 5369 uidebatur
698 5332 711 5366 :
738 5313 941 5383 alioqui
965 5315 1109 5369 enim
1131 5332 1368 5386 prmsens
1396 5320 1696 5389 periculum
1721 5318 1955 5386 ostendi,

383 5422 453 5475 ne
488 5421 610 5474 qua:
642 5404 809 5459 multa
843 5413 1030 5459 contra
1065 5405 1241 5474 ipsum
1274 5409 1630 5464 clandestinis
1668 5426 1809 5479 smpe
1837 5412 1954 5482 agi-

384 5509 494 5565 tata
529 5497 777 5554 consiliis
808 5505 984 5562 norat,
1017 5514 1332 5554 successum
1366 5502 1600 5569 pernicie
1632 5502 1800 5571 ipsius
1823 5518 1957 5556 nan-

383 5591 745 5657 ciscerentur.
789 5586 882 5643 Sic
917 5591 1020 5644 sub
1042 5592 1181 5644 lucta
1219 5594 1612 5661 cogitationum
1647 5610 1859 5648 summa
1890 5611 1954 5649 ex

390 5683 525 5746 urbe
562 5698 620 5735 se
664 5682 808 5750 regia
847 5682 1159 5752 proripiens
1200 5684 1607 5752 Adtianopoli'm
1654 5687 1953 5741 contendit.

391 5777 468 5843 iii
508 5787 888 5846 congregatam
923 5780 1122 5849 reperit
1157 5795 1405 5848 magnam
1436 5780 1717 5849 copiarum
1758 5780 1925 5836 Roma
1954 5782 1959 5789 ’

2058 4584 2158 4653 τὴν
2196 4582 2396 4635 ἑαυτοῦ
2423 4580 2789 4651 κληρονομίαν
2827 4578 3165 4649 αὐθαιρέτως
3206 4578 3284 4638 είς
3320 4576 3505 4646 ἓτερον
3537 4593 3638 4627 πα·

2061 4674 2457 4745 ρει-πέμψαντος
2499 4711 2515 4726 .
2560 4709 2575 4725 .
2621 4708 2637 4724 .
2678 4709 2731 4736 .,
2772 4670 3071 4739 ἐπειδήπερ
3121 4668 3299 4731 οὐδεὶς
3345 4668 3452 4720 τῶν
3499 4665 3643 4720 κατά

2059 4767 2216 4833 γένος
2237 4764 2625 4834 προσηκόντων
2663 4763 2740 4833 τῷ
2768 4761 2988 4833 λαχόντι
3014 4761 3220 4833 ταύτην
3252 4759 3643 4829 πρώδέἦλητο,

2057 4858 2244 4927 ἕτερος
2272 4856 2329 4910 δὲ
2356 4855 2637 4926 ἀλλότριος
2668 4855 2748 4918 εἰς
2772 4854 2871 4923 τὴν
2899 4853 3104 4923 ταύτην
3127 4852 3479 4920 ἀντεισῆκται
3513 4851 3647 4921 κλη-

2062 4951 2339 5020 ρονομίαν.
2372 4948 2491 5018 ἅμα
2519 4948 2576 5001 δὲ
2620 4948 2715 5002 καὶ
2747 4946 2929 5017 ἑαυτῷ
2965 4947 3027 5000 τὸ
3056 4944 3297 5013 ἀσφαλὲς
3324 4944 3648 5012 περιποιού-

2062 5059 2220 5111 μενος
2243 5042 2331 5094 ἵνα
2364 5041 2438 5110 μή
2473 5058 2527 5094 τι
2561 5040 2751 5094 δεινῶν
2782 5040 2953 5110 πάθῃ,
2987 5038 3149 5090 ὁποῖα
3192 5034 3361 5087 πολλά
3387 5033 3511 5086 κατ’
3545 5036 3646 5087 αὐ·-

2057 5134 2153 5187 τοῦ
2197 5133 2656 5205 προϐεϐούλευτο,
2698 5132 2797 5202 τῆς
2853 5127 3272 5202 μεγαλοπόλεως
3304 5128 3528 5199 ἀπάρας
3565 5132 3645 5191 εἰς

2072 5226 2514 5298 Ἀδριανούπολιν
2543 5227 2751 5291 ἄπεισι,
2782 5224 2875 5278 καὶ
2918 5222 2980 5275 τὸ
3024 5221 3205 5274 ἐκεῖσε
3249 5220 3643 5289 στρατιωτικὴν

2058 5319 2334 5388 ἄθροισμα
2385 5317 2560 5390 εὑρὼν
2601 5322 2669 5388 τῇ
2711 5318 2811 5385 μὲν
2854 5313 2948 5368 τοῦ
2996 5313 3357 5367 Βοτανειάτου
3398 5309 3642 5383 βασιλεία.

2058 5411 2132 5475 ὡς
2167 5412 2235 5464 τὰ
2256 5412 2429 5465 πολλὰ
2452 5409 2923 5479 ἀπεχθανόμενον,
2949 5406 3100 5477 αὐτῷ
3130 5406 3188 5461 δὲ
3219 5406 3642 5476 προστιθέμενον

2060 5504 2155 5557 xui.
2184 5506 2263 5567 ei;
2287 5503 2510 5573 βασιλέα
2550 5502 2741 5557 τοῦτον
2765 5502 3115 5573 αἱρούμενον,
3144 5502 3239 5554 ἀτε
3266 5502 3358 5553 καί
3384 5500 3472 5550 ἐπ’
3494 5493 3642 5562 αὖτῷ

2061 5599 2375 5669 στρατάρχῃ
2398 5596 2485 5669 [Ρ.
2500 5596 2557 5667 8]
2577 5595 2776 5660 πολλὰς
2796 5595 3163 5668 ἀνδραγαθίας
3181 5590 3642 5666 διαπραξάμενον,

2061 5688 2155 5742 καὶ
2186 5687 2322 5756 ὁμοῦ
2355 5690 2450 5742 καὶ
2480 5689 2682 5743 ἄκοντα
2717 5688 2908 5742 τοῦτον
2946 5689 3083 5759 πρὸς
3124 5689 3431 5757 ἀνάρρησιν
3463 5679 3646 5752 βιαζνῖο

2067 5793 2252 5847 μενον,
2285 5776 2501 5847 δέχεται
2546 5779 2645 5851 τὴν
2675 5780 2880 5834 τούτων
2930 5778 3127 5849 βουλὴν
3160 5779 3255 5831 καὶ
3291 5773 3645 5829 ἀνακαλεῖται

4044 1949 4050 2173 ι

4044 2452 4058 2561 i
