4088 6208
348 302 418 367 37
1688 258 1697 269 ’
1769 304 1934 364 rus:

2042 303 2117 363 TI
2123 302 2185 363 Ο.
3549 310 3619 374 38

352 415 429 485 μὴ
482 405 898 480 συγχωροῦντες
955 407 1104 478 αὐτῷ
1148 408 1249 478 τῆς
1301 409 1510 472 οἰκείας
1575 411 1934 480 κακοτροπίας

2048 409 2291 464 vindices
2341 424 2604 480 generose
2646 426 2711 466 ac
2751 411 2962 466 fortiter
3020 412 3259 468 tulerunt
3298 415 3617 483 iujuriarum

347 502 678 566 ἀπόνασθαι,
720 501 797 563 ὡς
825 500 919 553 καὶ
947 499 1169 570 ἐτέρους
1198 500 1407 554 ἀδικεῖν
1453 501 1843 572 ἐγχειροῦντας
1876 502 1937 555 τὸ

352 596 429 665 μὴ
461 592 773 647 ἀπολαῦσαι
802 583 879 643 ὧν
926 590 1153 661 ἑτέρους
1184 591 1682 661 ἀποστερήσουσιν.
1719 593 1783 644 Oi
1825 592 1938 662 γὰρ

350 688 427 756 μὴ
456 685 636 747 οὕτως
670 682 977 751 τηνικαῦτα
995 682 1366 752 φρονήσαντες
1389 681 1521 751 μηδὲ
1549 682 1625 752 τῷ
1645 683 1936 753 Κομνηνῷ,

344 777 546 833 ταύτὸν
589 776 646 828 δὲ
675 776 855 829 εἰπεῖν
907 773 985 844 τῷ
1022 772 1222 845 Δούκᾳ,
1257 774 1384 843 περὶ
1412 772 1511 843 τὴν
1546 774 1647 843 τῆς
1678 774 1940 845 κληρονο-

350 872 479 941 μίας
507 869 692 924 αὐτῶν
739 866 1197 921 ἀποκατάστασιν
1252 868 1648 937 συναράμενοι,
1676 869 1811 921 ἀλλὰ
1843 869 1938 921 καί¹

351 963 552 1032 μᾶλλον
597 960 852 1013 ὁπωσοῦν
887 957 1098 1019 τούτοις
1151 959 1536 1022 ἀντιπεσόντες
1574 961 1667 1013 καὶ
1710 961 1785 1030 μὴ
1856 960 1937 1030 ῥί-

346 1056 545 1126 ψαντες
566 1053 637 1105 τὰ
664 1052 808 1105 ὅπλα
833 1050 930 1103 καὶ
954 1051 1047 1102 τὸν
1073 1050 1234 1119 φύσει
1266 1050 1538 1121 δεσπότην
1560 1052 1743 1104 αὐτῶν
1771 1068 1938 1121 προσ-

349 1148 726 1217 κυνήσαντες,
759 1143 902 1211 ὑπὲρ
955 1135 1016 1195 οὗ
1076 1142 1279 1213 μᾶλλον
1311 1144 1488 1214 αίρειν
1536 1144 1676 1197 ὃπλα
1723 1144 1939 1206 τ’,ύτοις

356 1237 546 1309 ἐχρῆν,
584 1233 746 1288 ποίαν
798 1234 897 1286 οὐκ
956 1230 1023 1285 ἂν
1075 1234 1350 1304 τιμωρίαν
1402 1235 1663 1304 ὑποσχεῖν
1689 1229 1832 1305 ἦσαν
1855 1233 1936 1285 δί-

356 1342 527 1389 καιοι,
558 1326 591 1396 ἦ
627 1324 700 1394 μὴ
735 1324 895 1392 μόνον
925 1323 1091 1393 μέχρι
1117 1324 1424 1394 χρημάτων
1448 1325 1543 1377 καὶ
1584 1324 1937 1394 πραγμάτων

358 1421 611 1488 ἀπαρχῆς
648 1419 745 1470 καὶ
797 1418 981 1484 πάσης
1026 1417 1193 1487 ἄλλης
1224 1417 1451 1487 ζημίας,
1489 1418 1607 1471 ἀλλ’
1628 1418 1795 1473 αὐτοῦ
1840 1419 1937 1471 θα-

354 1515 534 1576 νάτου,
569 1511 663 1563 καὶ
690 1509 885 1562 τούτου
918 1508 1120 1580 πικροῦ
1173 1510 1268 1562 καὶ
1304 1509 1605 1578 όδυνηροῦ;
1640 1510 1735 1562 καὶ
1760 1509 1935 1571 ἄλλως

354 1606 457 1675 γὰρ
511 1601 633 1665 πῶς
682 1600 877 1671 ἔμελλε
910 1600 1137 1662 τούτους
1166 1601 1194 1652 ό
1238 1600 1373 1665 Θεὸς
1409 1601 1719 1672 ἀνωτέρους
1757 1601 1935 1673 διατηο

358 1697 513 1767 ρῆσαι
554 1690 878 1753 κακώσεως,
914 1691 1011 1743 καὶ
1059 1689 1135 1761 μὴ
1165 1692 1563 1761 ἀντιμετρῆσαι
1593 1692 1817 1753 τούτους
1850 1688 1931 1749 οἷς

2042 501 2316 556 illatarutn
2370 502 2525 572 ipsis,
2578 514 2944 574 conatumque
2990 520 3205 560 omnem
3256 509 3622 565 adhibuerunt

2040 590 2107 643 ad
2139 590 2478 644 ulciscendos
2513 606 2699 645 eorum
2770 595 2951 647 hostes
3017 605 3069 648 et
3102 596 3246 663 ipsos
3280 597 3331 649 in
3396 599 3621 654 haeredi-

2040 689 2203 735 tatem
2237 680 2503 748 majorum
2527 723 2541 747 ,
2582 683 2723 736 unde
2755 682 2971 738 fuerant
3002 684 3159 753 cjecti
3181 726 3195 749 ,
3234 689 3620 744 restituendos.

2039 772 2193 838 Quod
2225 773 2268 827 si
2311 774 2545 843 negotiis
2584 774 2927 829 obstantibus
2979 776 3031 828 id
3077 778 3260 832 tnintts
3295 790 3534 846 possent,
3569 780 3624 833 vi

2039 874 2184 919 certe
2214 873 2398 918 mutua
2452 865 2707 919 violentia
2744 866 2856 920 usis
2887 866 3163 921 inferenda
3216 870 3622 937 perturbatum-5

2039 956 2269 1010 aliorum
2307 956 2524 1025 quietos
2570 972 2689 1011 esse
2728 974 2832 1012 non
2866 960 3130 1023 sinerent,
3170 976 3272 1016 nec
3314 967 3620 1021 cutnuitte-

2038 1056 2178 1109 rent,
2214 1056 2272 1100 ttt
2306 1063 2402 1116 per
2428 1048 2668 1117 ipsorum
2701 1052 3007 1104 socordiam
3053 1052 3398 1109 incubatores
3452 1057 3616 1109 alieni

2037 1138 2351 1205 patrimonii
2408 1139 2699 1207 tranquillo
2748 1140 3001 1209 amplexu
3055 1142 3246 1211 praeda:
3303 1159 3415 1197 sua!
3467 1146 3621 1213 longe

2037 1230 2203 1283 alium
2252 1246 2414 1299 quam
2467 1246 2577 1299 quo
2611 1231 2759 1300 digni
2794 1240 2951 1285 erant
2997 1234 3222 1288 sceleris
3257 1236 3340 1289 sui
3384 1235 3618 1290 fructum

2035 1337 2250 1391 capere.
2313 1321 2423 1377 Nec
2492 1337 2622 1376 vero
2674 1323 2767 1377 illa
2818 1326 3119 1393 capessenti
3185 1321 3466 1382 Comueno
3524 1345 3623 1398 pro

2044 1428 2141 1469 sua
2204 1413 2584 1482 Ducarumque
2642 1412 2842 1470 familia
2892 1426 2970 1469 tot
3021 1433 3080 1471 se
3133 1418 3232 1471 viri
3288 1428 3401 1473 tum
3481 1437 3622 1488 prae-

2034 1514 2243 1560 stantes
2286 1520 2556 1559 consensu
2596 1514 2747 1559 tanto
2776 1518 3180 1577 aggregasscut,
3208 1510 3310 1565 nisi
3338 1526 3403 1565 eo
3438 1513 3622 1580 modo,

2034 1610 2193 1663 quem
2230 1595 2606 1663 exposuimus,
2644 1596 2816 1666 ipsius
2854 1606 3041 1652 essent
3091 1612 3324 1654 mentem
3360 1618 3422 1657 ac
3455 1604 3621 1656 desti-

2038 1686 2313 1740 nationem
2351 1685 2710 1756 interpretati.
2751 1687 3005 1757 Alioquin
3051 1691 3305 1746 obstituri
3337 1693 3384 1746 ei
3419 1695 3619 1761 potius,

359 1755 761 1856 ἀντεμέτρησαν
790 1784 1009 1855 μέτροις
1033 1755 1159 1849 ς’ῶς
1190 1755 1304 1856 γάρ
1351 1755 1573 1837 καὶψτοῦ
1600 1784 1809 1838 δικαίου
1837 1786 1934 1856 τῆς

2041 1786 2224 1847 utpote
2273 1778 2459 1833 rebelli
2501 1755 2566 1833 et
2619 1781 2672 1833 iu
2717 1755 3025 1851 eum,‘qni
3077 1793 3271 1837 natura
3324 1755 3431 1837 sibi
3476 1796 3623 1839 esset

364 1877 567 1945 φύσεως
620 1872 976 1943 ἐκλαθόμενοι
1019 1873 1114 1925 καὶ
1162 1873 1511 1944 ἀσπλαγχνίᾳ
1577 1873 1655 1944 τῷ
1722 1874 1938 1945 φυσικῷ

372 1968 530 2021 αὐτῶν
586 1966 765 2036 κυρίῳ
813 1964 1192 2035 χρησάμενοι,
1232 1964 1458 2027 δικαίως
1496 1964 1563 2018 ἂν
1616 1965 1805 2036 ἔτυχον
1841 1967 1938 2019 καὶ

378 2054 507 2112 οὗτοι
547 2058 729 2111 θεόθεν
780 2055 1159 2125 ἀσπλαγχνίας
1191 2097 1207 2121 ,
1248 2055 1541 2125 ἀποτόμως
1581 2056 1939 2125 ποινηλατού-

378 2168 512 2221 μενοι
544 2149 626 2222 [Ρ.
671 2146 789 2220 12],
819 2148 904 2201 ὃτι
948 2148 1043 2201 καὶ¹
1072 2147 1193 2217 Θεῷ
1218 2148 1367 2217 αὐτῷ
1414 2147 1937 2217 προσκεκρουκότες

367 2244 618 2299 ἑάλωσαν.
670 2243 797 2296 Ὅτι
832 2241 889 2295 δὲ
930 2242 1025 2293 καὶ
1082 2239 1223 2310 μετά
1248 2240 1350 2309 τῆς
1395 2240 1608 2294 ἄνωθεν
1645 2239 1821 2309 ῥοπῆς
1844 2240 1939 2292 καὶ

361 2337 484 2392 Θεοῦ
522 2334 799 2389 ἐπινεύσει
830 2334 849 2354 ‘
874 2332 1049 2387 ταῦτα
1082 2332 1409 2396 τετέλεσται,
1443 2332 1476 2402 ἡ
1505 2331 1636 2401 περὶ
1667 2332 1765 2401 τὴν
1804 2332 1939 2384 Ῥωο

360 2430 556 2501 μαῖκὴν
581 2427 856 2498 βασιλείαν
885 2426 1225 2487 κατάστασις
1255 2424 1642 2495 ἀριδηλότερον
1668 2425 1934 2494 παριστᾷ,

359 2521 416 2588 ἐξ
436 2521 649 2575 ἐκείνου
698 2518 971 2571 λαὸὖντων
1014 2515 1114 2586 τὴν
1145 2516 1225 2579 είς
1251 2516 1311 2568 τὸ
1358 2518 1608 2585 κρεῖττον
1655 2514 1935 2579 ἐπίδοσιν,

359 2616 447 2667 καὶ
483 2614 643 2684 μέχρι
660 2612 752 2666 καὶ
772 2611 868 2664 νῦν
892 2609 1016 2663 καθ’
1035 2608 1276 2679 ἑκάστην
1296 2607 1664 2673 ἐπιδιδόντων,
1692 2607 1939 2678 καὶπρὸς

354 2705 424 2759 ἕω
466 2706 563 2757 καὶ
608 2703 744 2773 πρὸς
788 2699 1000 2767 δυσμὰς
1058 2698 1302 2768 εὐτυχῶς
1348 2699 1669 2767 χωρούντων
1723 2696 1938 2765 εὐδοκία

352 2797 483 2851 Θεοῦ
512 2796 608 2849 καὶ
646 2795 854 2865 χάριτι,
898 2792 974 2854 ὡς
1014 2794 1080 2843 ἐκ
1111 2790 1223 2842 τῶν
1253 2788 1443 2856 δεξιῶν
1476 2787 1936 2857 ἀποτελεσμάτων

322 2887 796 2962 ·παραδηλοῦσθαι
850 2886 946 2938 καὶ
999 2883 1099 2954 τὴν
1153 2880 1328 2952 ἀρχὴν
1382 2880 1585 2946 δεξιάν.
1619 2873 1822 2931 Ἀθλον
1869 2877 1935 2947 δὴ

348 2983 517 3037 τοῦτο
572 2981 838 3049 μέγιστον
887 2975 1185 3039 ἁπάντων,
1219 2990 1294 3026 ων
1340 2972 1521 3043 ῐσμεν,
1575 2970 1939 3043 προτέθεικας

348 3077 504 3147 ἡμῖν,
547 3066 595 3126 ὦ
627 3070 919 3141 σοφωτάτη
955 3085 1045 3137 μοι
1077 3065 1222 3137 φρὴν
1261 3065 1356 3117 καὶ
1392 3063 1622 3126 διάνοια,
1655 3062 1753 3126 τὰς
1782 3060 1932 3114 Ἀλε-
1955 3095 2001 3154 c

346 3167 453 3234 ξίου
489 3164 585 3217 τοῦ
615 3162 857 3234 μεγάλου
919 3159 1152 3229 πράξεις
1206 3157 1537 3225 συναγαγεῖν
1594 3154 1920 3221 ἐπιτάξασα,

343 3258 399 3321 ὃς
430 3260 496 3311 ἐν
540 3256 754 3326 καιροῖς
783 3251 1067 3313 δυσκόλοις
1112 3248 1211 3312 τὰς
1252 3249 1362 3302 τῶν
1404 3246 1695 3317 Ῥωμαίων
1723 3248 1927 3317 ἠγεμο-

348 3351 460 3414 νίας
488 3345 848 3419 παραλαδὼν,
894 3340 1133 3413 ὁπηνίκα
1157 3340 1226 3393 τά
1265 3338 1375 3393 τῶν
1418 3336 1706 3408 Ῥωμαίων
1742 3338 1928 3406 ἀπηύ-

345 3440 473 3510 δησε
529 3438 834 3509 πράγματα
866 3435 945 3497 εἰς
983 3431 1090 3499 γῆν
1120 3428 1596 3483 καταπεπτωκότα
1623 3429 1718 3482 καὶ
1745 3427 1929 3481 κινδυ-

346 3532 575 3587 νεύοντα
622 3527 969 3597 διαρρυῆναι,
1024 3522 1211 3577 τέλεον
1253 3520 1525 3587 ἀνέστησέ
1585 3535 1643 3570 τε
1701 3517 1799 3571 καὶ
1847 3518 1926 3581 είς

347 3623 509 3682 κλέος
532 3619 778 3686 ἀνήγαγε
814 3615 1087 3683 μέγιστον.
1112 3612 1412 3681 Νουνεχεία
1443 3609 1552 3678 γάρ
1579 3609 1680 3678 τὴν
1707 3607 1929 3678 ἀνδρία)

356 3709 601 3779 συνάψας
629 3710 694 3779 τῇ
733 3702 984 3775 συνεχείᾳ
1008 3705 1115 3757 τῶν
1148 3702 1405 3773 πράξεων
1433 3701 1536 3753 οὐκ
1570 3698 1718 3752 ἐστιν
1750 3700 1928 3751 εἰπεῖν

346 3800 522 3854 ὁπόσα
561 3797 755 3869 ἔστησε
786 3795 1025 3867 τρόπαια
1059 3794 1169 3848 τῶν
1209 3791 1520 3862 Ῥωμαίων,
1560 3789 1636 3853 ὼς
1673 3787 1813 3842 εἶναι
1856 3788 1927 3840 τὰ

345 3892 652 3961 πράγματα
797 3887 866 3941 τά
887 3885 987 3958 μὲν
1008 3883 1280 3951 ἐξεδίωξε,
1313 3883 1381 3936 τά
1412 3881 1470 3935 δὲ
1488 3878 1837 3940 ἐδουλώσατο,
1858 3876 1929 3931 τὰ

346 3981 402 4033 δὲ
434 3979 750 4033 ὑπόσπονδα
803 3976 1110 4047 Ῥωμαίοις
1162 3977 1451 4043 πεποίηκε.
1490 3970 1695 4025 Τούτου
1748 3970 1927 4024 τοίνυν

344 4074 444 4137 τὶς
472 4071 702 4144 πράξεις
736 4070 1068 4139 συναγαγεῖν
1091 4067 1326 4138 ἐργῶδες
1357 4065 1423 4119 ἂν
1448 4064 1535 4133 εἴη
1553 4064 1649 4117 καὶ
1669 4062 1766 4133 τὴν
1789 4063 1925 4132 ἡμε-

342 4164 512 4235 τέραν
552 4162 785 4229 δύναμιν
825 4158 1195 4227 ὑπερσαίνον,
1251 4158 1346 4210 καὶ
1404 4154 1814 4228 παρῃτησάμην
1861 4153 1928 4206 ἂν

341 4252 620 4324 τοῦργον,
644 4251 694 4302 εἰ
725 4250 801 4318 μή
835 4265 903 4317 με
948 4248 1038 4317 βίη
1076 4248 1377 4319 Ἠρακλείη
1413 4247 1549 4317 πρὸς
1594 4246 1726 4300 αὐτὸ
1776 4244 1927 4298 ἐϐιά-

340 4348 500 4411 ζετο,
544 4342 629 4415 [Ρ.
670 4340 763 4412 15]
792 4342 1069 4409 μεγίστων
1094 4339 1317 4407 ἀγαθῶν
1361 4337 1565 4409 βραχύν
1611 4354 1733 4391 τινα
1767 4336 1930 4389 πόνον

2037 1872 2327 1937 dominus,
2377 1886 2527 1925 arua
2565 1871 2726 1941 impia
2778 1875 3051 1936 sumenti,
3086 1890 3182 1942 pro
3231 1872 3332 1944 15
3372 1891 3481 1944 quo
3520 1892 3621 1944 ρυ-

2037 1980 2203 2033 gttare
2254 1964 2469 2032 ipsum,
2538 1961 2696 2031 eique
2753 1961 2998 2017 accidere
3070 1965 3401 2033 supplicem,
3452 1975 3619 2035 ritue

2037 2053 2291 2107 omnibus
2324 2052 2576 2107 eumdem
2602 2052 2789 2107 oﬂiciis
2844 2057 3096 2124 prosequi
3129 2057 3221 2123 jus
3273 2056 3459 2125 fasque
3498 2059 3618 2113 foe-

2041 2152 2146 2203 rat.
2200 2144 2304 2197 nisi
2358 2143 2701 2211 gravissimis
2754 2158 2811 2197 se
2860 2144 3039 2213 legum
3090 2146 3334 2199 onmium
3372 2149 3619 2219 obligare

2047 2235 2333 2304 suppliciis
2410 2233 2613 2298 mallet,
2678 2250 2786 2288 non
2841 2238 3002 2289 modo
3035 2237 3233 2293 multas
3294 2239 3611 2308 publicatio:

2037 2343 2245 2397 nesquc
2290 2327 2581 2388 bonorum,
2612 2326 2705 2380 sed
2763 2326 3029 2381 honorum
3060 2328 3221 2383 etiam
3274 2345 3336 2384 ac
3362 2334 3487 2386 vita":
3524 2349 3621 2403 per

2038 2418 2314 2471 cruciatus
2362 2417 2632 2472 maximos
2684 2417 3013 2472 ablatio‘nem
3062 2420 3116 2472 in
3152 2420 3284 2475 tales
3317 2422 3617 2478 decernen-

2038 2509 2196 2562 tium.
2254 2508 2443 2577 Neque
2503 2522 2669 2577 porro
2732 2523 2830 2577 pro
2876 2509 3041 2563 modo
3087 2525 3200 2564 sua:
3264 2514 3619 2581 providentiae

2037 2601 2336 2656 distulisSct
2396 2599 2558 2665 Deus,
2606 2602 2783 2668 justas
2826 2600 2971 2655 vices
3013 2602 3293 2658 sceleratis
3338 2607 3488 2660 ausis
3534 2622 3621 2660 rc-

2039 2701 2366 2763 prtcseutato
2416 2692 2717 2747 infortunio
2772 2693 3092 2762 rependere,
3138 2695 3337 2748 nedum
3396 2705 3455 2750 ut
3501 2712 3617 2752 ser-

2042 2804 2166 2841 vare
2218 2786 2364 2854 ipsos
2410 2799 2440 2838 a
2490 2793 2568 2838 tot
2614 2784 2868 2854 periculis
2928 2800 3130 2854 perque
3177 2785 3324 2840 mille
3392 2785 3617 2844 infestos

2038 2894 2200 2934 casus
2232 2878 2295 2931 ad
2328 2876 2611 2930 victoriam
2654 2876 2950 2945 perducere
2983 2876 3306 2942 incolumes,
3344 2879 3419 2933 uti
3467 2878 3615 2943 fecit.

2038 2971 2321 3025 voluisset.
2350 2967 2452 3034 Qui
2503 2966 2747 3037 profecto
2778 2978 2861 3021 est
2909 2969 3100 3024 solitus
3145 2970 3409 3024 naturalis
3439 2978 3619 3026 trans-

2034 3077 2315 3135 gressores
2345 3061 2505 3127 juris,
2544 3059 2596 3113 in
2668 3060 2942 3113 naturales
3001 3060 3252 3116 dominos
3301 3062 3617 3117 crudelitate

2034 3156 2201 3226 impia
2245 3159 2578 3225 grassnntes,
2614 3151 3121 3211 immisericorditer
3171 3153 3357 3208 ulcisci
3417 3154 3618 3209 atroci-

2031 3250 2242 3317 hu~que
2291 3252 2531 3298 mactare
2604 3244 2889 3312 suppliciis
2942 3259 3007 3298 ac
3078 3245 3348 3313 perdere;
3415 3248 3618 3317 qu‘ppe

2027 3356 2168 3410 quos
2219 3339 2272 3393 in
2306 3351 2429 3393 sese
2480 3350 2705 3406 peccare
2760 3336 2938 3404 ipsum
2990 3345 3224 3406 reputat,
3274 3354 3397 3407 quae
3459 3340 3612 3394 nefa-

2031 3433 2109 3485 rie
2157 3432 2210 3483 in
2285 3429 2562 3498 principes
2628 3434 2912 3479 attentant.
2974 3426 3077 3479 Sed
3149 3442 3251 3481 nec
3327 3429 3447 3483 sine
3514 3428 3608 3484 Dei

2032 3523 2257 3575 numine
2310 3520 2659 3588 quodamque
2715 3516 2974 3569 instinctu
3025 3517 3282 3584 peculiari
3329 3518 3445 3574 hac
3485 3535 3614 3577 esse

2032 3612 2268 3683 perfecta
2342 3606 2687 3664 manifestius
2749 3605 3088 3661 demonstrat
3151 3606 3381 3664 Romani
3440 3620 3616 3665 status

2031 3702 2267 3772 imperii,
2290 3702 2553 3770 prolicere
2571 3698 2623 3752 in
2647 3697 2840 3752 melius
2864 3698 2990 3754 hinc
3011 3700 3147 3763 orsi,
3166 3716 3340 3769 neque
3357 3702 3619 3757 hactenus

2031 3794 2410 3864 interpellatus
2445 3792 2625 3847 adhuc
2656 3801 2740 3846 est
2768 3790 2926 3847 istius
2974 3794 3349 3862 prosperitatis
3399 3811 3616 3850 cursus.

2032 3887 2164 3953 Quis
2196 3885 2343 3939 enim
2393 3899 2500 3939 non
2534 3898 2657 3939 cum
2694 3881 2879 3937 laetitia
2930 3891 2985 3937 et
3031 3884 3393 3952 gratulatione
3440 3886 3619 3940 cernit

2031 3994 2144 4034 rem
2200 3977 2527 4040 Romanam,
2566 3983 2621 4029 et
2655 3974 2708 4028 in
2742 3971 3132 4039 Orientalibus,
3170 3982 3223 4028 et
3268 3977 3322 4030 in
3358 3975 3614 4033 Occidnis

2031 4067 2376 4138 regionibus,
2410 4064 2689 4118 meliorem
2736 4062 2788 4115 in
2821 4062 2937 4117 dies
2966 4077 3031 4117 ac
3066 4061 3430 4118 florentiorem
3467 4065 3616 4133 fieri,

2032 4159 2197 4213 rebus
2256 4157 2477 4223 utique,
2523 4152 2617 4209 Dei
2670 4152 2933 4224 singulari
2983 4153 3246 4209 beneficio
3297 4156 3363 4209 ad
3428 4166 3613 4212 votum

2031 4247 2362 4304 ﬂuentibus?
2392 4247 2523 4313 Quae
2556 4259 2909 4300 successurum
2945 4243 3177 4300 felicitas
3208 4246 3454 4315 insignis,
3486 4249 3617 4319 quid

2034 4340 2205 4404 aliud,
2241 4350 2633 4409 qua'so,quam
2672 4334 3158 4403 inculpatissimam
3194 4346 3240 4391 et
3276 4339 3396 4393 οωιί
3434 4340 3620 4395 favore

342 4434 789 4499 ἀνταλλάξασθαι
825 4433 1109 4487 πείθουσα.
1144 4430 1212 4484 Τί
1248 4429 1354 4498 γὰρ
1392 4431 1457 4483 ἂν
1488 4429 1617 4483 ἀλλο
1647 4431 1738 4482 καὶ
1769 4429 1926 4482 ἀντα·

2039 4430 2256 4501 dignam
2313 4434 2615 4495 captorum
2667 4424 3034 4478 innocentiam
3071 4428 3425 4484 manifesmt?
3468 4429 3621 4502 Spis-

344 4528 573 4597 ποδοίην
619 4526 769 4595 αὐτῷ
805 4524 1028 4590 ἐπάξιον
1078 4522 1299 4577 πάντων
1325 4515 1400 4574 ὦν
1431 4519 1782 4573 ἀνταπέδωκέ
1818 4536 1932 4589 μοι,

339 4624 388 4674 εί
424 4621 530 4683 τὰς
564 4618 794 4688 πράξεις
824 4618 1037 4670 ἐκείνου
1074 4617 1206 4687 σιγῇ
1242 4612 1574 4685 παρέλθοιμι
1596 4612 1739 4665 ῶστε
1763 4611 1934 4681 λήθης

337 4710 753 4780 ἁμαυρωθῆναι
818 4706 1002 4780 suae;
1052 4709 1100 4760 εί
1136 4707 1192 4759 δὲ
1256 4706 1333 4777 μὴ
1391 4704 1585 4759 πασῶν
1649 4701 1934 4772 ἐφικέσθαι

335 4798 608 4870 δυνηθείη
641 4801 669 4851 ὁ
698 4797 882 4864 λόγος,
916 4795 1319 4869 ἐπισυριττέτω
1347 4794 1524 4865 τούτῳ
1556 4794 1771 4863 μηδείς.
1796 4792 1933 4845 Οῦτε

334 4891 447 4960 γὰρ
516 4888 757 4959 ἱστορίαν
789 4886 1131 4958 συγγράφειν
1172 4885 1498 4958 προῄρημαι
1543 4884 1669 4937 οὗτε
1714 4884 1937 4937 πλέκειν

283 5011 297 5057 ε
339 4980 545 5050 ἐκείνῳ
587 4977 868 5048 ἐγκώμιον
897 4994 913 5010 ο
970 4978 1126 5048 μόλις
1175 4979 1287 5048 γὰρ
1320 4975 1386 5029 ἂν
1436 4976 1576 5045 πρὸς
1608 4974 1786 5029 ταῦτα
1818 4976 1934 5046 ἥτε

282 5104 299 5137 ο.
338 5069 674 5125 Θουκυδίδου
709 5070 957 5143 δεινότης
995 5072 1087 5124 καὶ
1137 5070 1198 5122 τὺ
1245 5066 1627 5139 Δημοσθένους
1670 5066 1933 5139 ἐξήρκεσε

343 5161 759 5232 μεγαλόφωνον.
792 5162 933 5214 Ἀλλ’
969 5161 1227 5231 ἀφορμήν
1281 5175 1402 5212 τινα
1461 5161 1762 5226 παρασχεῖν
1809 5156 1933 5227 βου-

340 5255 575 5326 λόμενος
604 5255 715 5316 τοῖς
757 5253 825 5306 τὰ
849 5253 1061 5307 ἐκείνου
1113 5253 1451 5321 συγγράςειν
1499 5248 1746 5302 ἐθέλουσι
1794 5249 1929 5317 πρὸς

340 5344 575 5414 ταυτηνὶ
614 5342 716 5414 τὴν
744 5344 963 5414 γραφὴν
995 5342 1326 5412 ἐξώρμησα.
1361 5339 1546 5410 Ταύτῃ
1583 5355 1664 5391 τοι
1700 5340 1794 5393 καὶ
1824 5338 1924 5409 ῦλη

347 5430 594 5502 ἱστορίας
616 5430 786 5499 ὄνομα
804 5432 943 5483 ἔστω
961 5430 1039 5497 τῷ
1065 5430 1235 5499 λόγῳ.
1270 5427 1528 5499 Ἀρκτέον
1555 5422 1650 5481 οὖν
1674 5430 1804 5498 ἡμῖν
1830 5430 1920 5481 ἐν-

345 5524 564 5573 τευθεν.

2042 4532 2166 4574 sum
2223 4517 2327 4571 hoc
2367 4515 2528 4570 nobis
2564 4524 2620 4570 et
2652 4515 3019 4570 contentionis
3050 4531 3215 4585 supra
3264 4522 3466 4586 omnia,
3498 4539 3620 4591 qua:

2036 4609 2293 4663 novimus
2326 4605 2580 4659 maximae
2614 4620 2753 4675 opus
2802 4604 3111 4674 injuuxisti,
3146 4620 3180 4661 ο
3217 4608 3621 4675 sapientissima

2039 4700 2171 4754 mihi
2206 4713 2359 4754 mens
2388 4708 2440 4753 et
2477 4697 2849 4768 intelligentia,
2878 4699 3133 4768 colligere
3163 4709 3328 4769 atque
3362 4701 3417 4755 in
3449 4718 3617 4759 unum

2037 4790 2286 4846 historiae
2335 4804 2533 4859 corpus
2586 4789 2831 4859 digerere
2883 4806 2970 4846 me
3008 4791 3207 4861 jubeus
3251 4802 3371 4846 acta
3436 4797 3619 4866 magni

2035 4881 2234 4946 Alexii,
2266 4882 2359 4952 qui
2412 4880 2745 4937 difﬁcillimis
2786 4882 3141 4951 temporibus,
3175 4882 3401 4939 habenis
3440 4885 3614 4957 impe-

2038 4974 2103 5028 rii
2151 4972 2384 5043 sumptis
2419 4973 2471 5025 in
2526 4987 2741 5037 manus,
2776 4972 2856 5027 sic
2894 4988 2986 5026 eas
3031 4973 3373 5041 gubernavit,
3416 4977 3520 5047 ιθ
3559 4988 3619 5033 ut

2034 5079 2157 5119 cum
2213 5064 2347 5117 nihil
2398 5071 2847 5131 exspectaretur,
2894 5063 2999 5115 nisi
3037 5062 3190 5117 ruina
3239 5064 3495 5123 [latitante
3541 5072 3620 5123 rei

2035 5155 2342 5225 proximum
2378 5155 2430 5207 itt
2479 5154 2629 5207 exitii
2676 5153 2975 5223 pericuium
3025 5154 3304 5219 adductae,
3336 5175 3456 5212 eam
3509 5176 3617 5213 non

2031 5247 2209 5315 solum
2262 5245 2560 5301 restituerit
2592 5246 2645 5297 in
2679 5245 2948 5314 integrum
2973 5285 2988 5308 ,
3030 5248 3122 5301 sed
3156 5248 3208 5302 in
3240 5250 3408 5304 decus
3452 5251 3620 5304 etiam

2036 5339 2334 5392 maximqu
2385 5338 2645 5391 everterit.
2694 5335 3007 5393 Continenti
3065 5339 3331 5410 siquidem
3402 5343 3617 5398 actione

2036 5431 2158 5483 vitae
2212 5429 2433 5500 integrae
2482 5427 2684 5481 intexta
2737 5428 3040 5485 fortitudini
3120 5434 3443 5501 prudentia,
3504 5452 3617 5489 non

2034 5519 2193 5575 faciie
2238 5531 2521 5574 numeratu
2555 5529 2657 5584 est,
2690 5529 2825 5590 quot
2879 5524 3079 5591 passim
3134 5536 3331 5593 tropaea
3381 5529 3614 5582 erexerit

410 5702 429 5721 ‘
473 5702 753 5753 Ἐπινεύσει.
786 5702 1057 5763 luterpres,
1087 5698 1329 5751 instinctu.
1356 5701 1584 5752 Fortasse
1611 5702 1762 5765 igitur
1795 5703 1934 5764 legcr

2036 5718 2052 5751 ι
2087 5703 2202 5754 Cod.
2242 5705 2527 5753 ἐπιπνεύσει.
2564 5703 2735 5753 ΕίΙὶΙον
2775 5704 3052 5754 met’tts’s.
