4070 6214
523 316 598 381 3‘)
1733 313 2155 377 NICEPHORI
2200 313 2294 372 BR
2306 303 2568 373 YENNH
3721 312 3794 375 40

522 431 590 482 de
677 427 925 482 hostibus
999 428 1230 483 Romani
1300 430 1560 492 nominis,
1610 445 1844 500 quorum
1927 426 2352 482 innnnwrahiles
2410 436 2681 479 exercitus
2744 426 2937 494 partim
2994 425 3131 480 fudit
3199 425 3549 495 fugavitque,
3599 427 3793 494 partim

537 520 788 574 servituti
820 529 1010 588 captos
1050 521 1400 587 tuaucipavit,
1441 523 1633 590 partim
1672 521 1963 576 fmtleratos
2013 519 2271 573 Romana:
2324 520 2529 573 militia:
2595 518 2860 586 adjnnxit.
2910 517 3057 573 Talis
3125 518 3226 571 viri
3272 532 3360 571 res
3422 526 3797 587 gt-slasnpete

521 628 635 667 uno
679 613 966 681 complecti
1004 613 1339 669 laboriosum
1418 613 1762 683 arduumque
1820 613 1979 667 fuerit
2013 628 2243 682 meaque
2293 613 2549 665 far-nitate
2620 615 2807 681 utique
2854 613 3127 679 superius.
3199 611 3559 667 licensassem
3611 613 3795 681 itaque

522 703 829 773 negotium,
882 704 984 757 nisi
1013 705 1079 759 ad
1130 704 1181 758 id
1246 704 1587 759 subeundum
1637 721 1776 761 onus
1832 704 2097 759 Herculea
2174 719 2260 758 me
2299 704 2379 759 vis
2430 705 2676 773 qua'dam
2733 703 3049 772 adegisset;
3126 702 3482 772 persuasione
3530 704 3797 758 inelucta-

522 798 616 853 nili
651 812 887 854 exorans
933 815 962 853 a
1027 814 1113 853 me
1167 799 1454 869 exiguam,
1501 809 1560 854 ut
1617 801 1790 856 vicem
1864 809 1943 854 tot
2006 800 2110 869 ipsi
2150 815 2215 856 ac
2307 809 2583 854 tantorum
2641 800 2908 855 bonorum
2999 798 3325 863 redderem,
3379 801 3528 855 brevi
3583 803 3685 856 hoc
3727 798 3794 857 ad

521 892 640 959 ejus
695 894 1029 948 voluntatem
1111 895 1437 949 exantlando
1507 896 1715 950 labore.
1767 896 1906 963 Quid
1961 897 2104 951 enim
2182 912 2315 952 sane
2369 898 2510 951 aliud
2560 898 2854 952 retribuam
2935 896 3035 966 ipsi
3069 912 3168 967 pro
3221 898 3479 952 omnibus
3532 914 3653 969 quae
3713 916 3797 952 r-

521 984 708 1037 tribuit
738 986 891 1051 mihi,
923 987 966 1041 si
1012 1002 1097 1043 res
1137 988 1257 1057 ejus
1307 1000 1487 1059 gestas
1515 990 1730 1044 silentio
1793 1000 2132 1060 praeteream,
2207 993 2658 1061 committamque
2697 993 3001 1048 cessatione
3057 1007 3118 1046 ac
3167 993 3485 1064 negligentia
3547 1011 3686 1058 mea,
3734 1011 3794 1053 rt

519 1076 622 1129 ille
658 1077 946 1134 oblivionis
996 1081 1267 1151 profundo
1316 1099 1509 1138 mersa:
1557 1086 1608 1138 in
1668 1087 1906 1140 tenebris
1967 1087 2338 1141 delitescant?
2370 1087 2524 1154 Quod
2558 1090 2602 1143 si
2666 1089 2957 1143 exhaurire
3011 1091 3191 1144 omnia
3268 1088 3497 1145 dicendo
3548 1092 3795 1160 copiaru-

517 1185 622 1236 qne
666 1170 927 1225 orationis
998 1183 1159 1243 atque
1241 1188 1492 1231 ornatum
1549 1186 1673 1232 Cum
1725 1180 1990 1248 dignitate
2044 1182 2355 1250 argumenti
2411 1196 2702 1252 exmquare
2780 1183 3162 1253 nequiverim,
3212 1199 3281 1236 ne
3346 1184 3451 1238 hoc
3523 1186 3786 1255 scriptum

520 1276 803 1333 propterea
883 1283 1063 1320 meum
1142 1269 1536 1325 exsibilandum
1600 1272 2117 1343 ‘explodetnlumque
2178 1274 2447 1346 quispiam
2512 1284 2680 1344 putet.
2741 1275 2860 1331 Non
2928 1278 3072 1332 enim
3168 1278 3452 1333 historiam
3522 1293 3611 1341 me
3666 1295 3787 1334 sum

521 1356 756 1410 scribere
817 1358 1133 1426 professus,
1194 1377 1371 1430 neque
1429 1363 1801 1418 laudationem
1878 1365 1998 1431 ejus
2051 1365 2105 1419 in
2172 1367 2432 1437 pauegyri
2488 1368 2705 1438 suscepi
2785 1369 3194 1438 perorandam:
3259 1370 3323 1422 ad
3374 1385 3496 1440 qua:
3547 1372 3630 1424 vix
3663 1388 3787 1440 gra-

517 1450 599 1502 vis
651 1449 977 1518 solnilisqne
1033 1448 1364 1521 Thucydidis
1414 1454 1612 1525 copia,
1678 1454 1764 1508 vix
1815 1453 2201 1510 Demosthenis
2271 1456 2480 1525 grande
2531 1456 2662 1512 illud
2704 1467 2758 1513 ct
2817 1466 3015 1512 ornatu
3074 1476 3138 1514 ac
3182 1460 3578 1532 magnificentia
3623 1478 3787 1535 exag-

518 1552 764 1612 geratum
818 1544 1047 1599 sufficiat
1102 1562 1292 1617 genus.
1345 1546 1542 1602 Verum
1601 1549 1650 1602 id
1703 1556 1921 1603 tantum
1972 1550 2106 1603 mihi
2161 1553 2456 1621 proposui,
2536 1561 2595 1606 ut
2668 1552 2771 1620 iis,
2833 1552 2926 1623 qui
3006 1552 3260 1607 facultate
3323 1563 3486 1625 atque
3567 1556 3786 1627 ingenio

521 1636 692 1704 parati
749 1636 814 1688 ad
888 1637 1272 1706 pulcherrimae
1342 1637 1507 1707 hujus
1559 1639 2022 1695 elucubratiouem
2073 1643 2317 1698 historia:
2388 1643 2649 1699 accedere
2701 1645 2994 1708 voluerint,
3045 1644 3310 1701 hreviaria
3392 1664 3471 1717 eg.
3553 1654 3780 1718 .vardam

520 1725 585 1778 ad
625 1727 880 1782 indicium
908 1736 960 1784 et
984 1732 1256 1785 memoria:
1299 1731 1401 1801 l7
1434 1732 1732 1788 subsidium
1787 1734 1871 1789 his
1937 1738 2345 1793 commentariis
2397 1753 2706 1808 suggeram,
2779 1754 2918 1808 quos
2967 1749 3253 1808 propterea
3288 1740 3565 1797 materiam
3609 1742 3780 1797 histo-

519 1819 613 1872 riae
673 1820 933 1889 appellari
992 1823 1156 1877 volo:
1209 1824 1300 1879 sed
1345 1826 1456 1895 jam
1514 1836 1729 1897 tempus
1773 1836 1853 1881 est
1904 1829 2299 1900 qualiscunque
2346 1831 2526 1900 operis
2572 1831 2788 1886 initium
2844 1832 2969 1886 hinc
3012 1833 3233 1891 ducere.

544 2060 3750 2096 *Μή-...Μή

1648 2242 2088 2331 ΒΙΒΛῙΟΝ
2164 2243 2646 2332 ΠΡΩΤΟΝ.

1694 2627 2047 2716 LIBER
2128 2630 2618 2732 PRIMUS.

596 2986 645 3038 l.
712 2982 971 3041 Mannelis
1011 2982 1157 3044 illius
1222 2989 1321 3045 viri
1376 2981 1487 3046 late
1539 2990 1723 3066 inclyti
1778 3010 1808 3050 e
1865 2988 2101 3052 Comue—
2133 3000 2178 3062 Ᾱ

522 3091 716 3130 norum
747 3080 967 3145 antiqua
1007 3093 1187 3149 gente,
1221 3082 1336 3151 qui,
1372 3082 1571 3138 Basilio
1596 3085 1920 3155 imperante,
1951 3088 2098 3144 utilis

514 3173 807 3229 sequester
829 3167 978 3233 pacis
1014 3167 1153 3222 inter
1176 3168 1480 3228 Angustum
1510 3184 1563 3226 et
1591 3171 1821 3229 Bardam
1851 3175 2097 3230 Selerum
2130 3208 2131 3217 ι

2279 3000 2347 3056 α’.
2381 3000 2636 3070 Μανουὴλ
2675 3000 2883 3055 ἐκεῖνον
2924 3003 3015 3056 τοῦ
3054 3003 3215 3068 πάνυ,
3261 3006 3317 3071 ὃς
3355 3009 3413 3073 ἐς
3458 3010 3774 3081 Κομνηνοὺς

2204 3092 2493 3163 ἀναφέρων
2524 3093 2608 3164 [Ρ.
2645 3094 2835 3166 H-ifi}
2873 3096 2934 3148 τὸ
2964 3097 3119 3164 γένος
3158 3098 3266 3151 τῶν
3312 3102 3514 3169 μεταξὺ
3560 3108 3773 3175 συμῆἀ-

2205 3202 2342 3239 σεων
2374 3187 2465 3238 καὶ
2515 3187 2757 3241 σπονδῶν
2797 3189 2891 3241 τοῦ
2947 3207 3004 3242 τε
3039 3192 3339 3261 τηνικαῦτα
3381 3196 3449 3249 τὰ
3485 3197 3773 3269 Ῥωμαὲων

528 3256 679 3309 illum
712 3258 1110 3314 formidabilem
1164 3278 1434 3317 annorum
1469 3267 1765 3320 multorum
1802 3277 2091 3339 tyrannum

518 3346 758 3404 Orientis
808 3366 944 3420 pene
996 3353 1162 3409 totius
1201 3364 1559 3423 ,Vastatorem
1619 3374 2101 3431 perversoremque

516 3437 719 3505 fuerat,
751 3445 951 3512 quippe
983 3445 1267 3513 prudentia
1302 3449 1458 3502 senili
1503 3462 1629 3503 cum
1662 3451 1893 3519 juvenili
1940 3451 2098 3507 forti-

518 3533 707 3586 tudine
749 3533 1024 3601 jungcntla
1060 3545 1277 3591 tantum
1328 3540 1379 3593 itt
1421 3557 1713 3597 commune
1749 3545 2094 3598 commodum

512 3623 619 3676 iSIa
653 3624 918 3692 legatione
958 3642 1022 3680 ac
1054 3632 1306 3683 tractatio
1331 3647 1375 3684 :e
1421 3632 1749 3698 profecerat,
1788 3647 1845 3687 ttl
1877 3653 1984 3690 non
2024 3637 2101 3690 ir-

512 3712 623 3765 rito
656 3723 854 3767 conatu
885 3714 1155 3787 discerpta
1188 3723 1436 3795 membra
1463 3720 1695 3777 Romani
1746 3726 1960 3795 imperii
2011 3744 2098 3781 re-

514 3801 791 3869 jungenda
822 3808 1236 3876 coaptandaque
1284 3810 1485 3865 iterum
1523 3829 1629 3868 nou
1666 3815 2097 3873 fru‘stra'susm-

517 3892 664 3958 pisse
691 3895 970 3949 videretur
1001 3914 1015 3949 :
1052 3899 1238 3968 hujus,
1273 3901 1520 3971 inquam,
1545 3908 1808 3962 Conmeni
1836 3907 2100 3964 Manuelis

514 3982 612 4036 filii
645 3986 752 4039 duo
786 3986 958 4053 fuere,
995 4005 1229 4058 quorum
1271 3996 1462 4063 majori
1495 4006 1622 4051 natu
1664 4015 1859 4055 nomen
1892 4001 2098 4058 lsaacio

511 4074 639 4139 fuit,
666 4076 853 4145 junior
884 4077 1123 4137 Joannes
1164 4090 1480 4139 vocabatur.
1517 4087 1666 4153 Quos
1695 4094 1880 4147 relatis
1917 4095 2098 4148 adhuc

516 4166 716 4221 infirme
743 4178 897 4237 pater
922 4187 1173 4238 cernens,
1199 4178 1416 4244 quando
1447 4179 1599 4233 illum
1635 4184 1813 4251 gravis
1844 4185 2098 4240 valetudo

513 4260 811 4315 admonere
865 4265 1058 4319 mortis
1119 4266 1376 4324 instantis
1434 4272 1758 4340 videbatur,
1805 4279 2094 4332 consilium

2204 3277 2458 3347 σκῆπτρα
2496 3277 2764 3342 ἱΘύνοντες
2799 3280 3082 3334 Baetasios
3122 3286 3214 3336 καὶ
3248 3286 3422 3355 Πᾶρδα
3442 3289 3650 3343 ἐκείνου
3676 3293 3770 3344 τοῦ

2203 3368 2468 3440 Σκληροῦ,
2499 3368 2593 3422 τοῦ
2634 3372 2725 3423 ἐπὶ
2757 3372 2972 3435 πολλοῖς
3004 3373 3149 3428 ἔτεα
3200 3381 3635 3448 τυραννήσαντος
3680 3388 3770 3435 καὶ

2201 3462 2303 3524 τὴν
2359 3460 2501 3530 ἑῴαν
2559 3462 2760 3531 μικροῦ
2809 3459 2918 3516 δεῖν
2995 3466 3210 3520 ἃπασαν
3269 3471 3764 3539 καταστρέψαντος,

2200 3552 2547 3606 ἀποδέδεικτο
2572 3554 2832 3622 πρέσϐυς,
2866 3558 2933 3611 τὰ
2960 3557 3295 3628 διερρωγότα
3326 3559 3459 3629 μέλη
3496 3565 3592 3631 τῆς
3632 3563 3767 3616 Ῥω-

2206 3643 2382 3710 μαίων
2425 3644 2724 3712 ἡγεμονίας
2778 3645 3014 3714 συνάψαι
3052 3649 3337 3717 πειραθεὶς
3375 3652 3508 3721 πρὸς
3544 3653 3769 3723 (fidem:

2202 3733 2296 3786 καὶ
2330 3734 2514 3803 μέντοι
2542 3735 2622 3786 ἔτι
2663 3736 2759 3788 xui.
2806 3737 3047 3806 συνάψας
3107 3740 3483 3808 ἐπιστημόνως
3522 3743 3642 3797 λίαν
3678 3749 3771 3799 καῖ.

2200 3826 2467 3889 νεανικῶς
2494 3843 2507 3856 ·
2538 3827 2795 3895 Μανουὴλ
2821 3823 2915 3880 οὗν
2957 3829 3132 3899 τούτῳ
3152 3830 3393 3897 γίνονται
3433 3835 3624 3898 παῖδες
3654 3838 3772 3904 δύο,

2200 3913 2273 3972 ὧν
2305 3920 2333 3970 ὁ
2385 3920 2484 3989 μὲν
2538 3918 2909 3990 πρεσϐύτερος
2964 3921 3257 3984 Ίσαάκιος,
3322 3926 3350 3976 ὀ
3388 3924 3443 3977 δὲ
3507 3928 3771 4001 νεώτερος

2212 4011 2465 4081 Ἰωάννης
2503 4011 2785 4080 ἐκέκλητο.
2820 4011 3029 4081 Κομιδῇ
3062 4011 3119 4064 δὲ
3152 4007 3298 4067 οὗτοι
3336 4017 3444 4069 νέοι
3487 4019 3640 4084 ὄντες
3667 4024 3774 4093 ἀρ.-

2200 4104 2339 4169 φοῖν,
2370 4100 2560 4172 ἐπειδὴ
2596 4101 2827 4171 ὀπατὴρ
2852 4102 3069 4171 ἠσθένει
3100 4104 3196 4157 καῖ
3220 4105 3317 4175 τὴν
3347 4107 3440 4160 τοῦ
3477 4108 3594 4178 βίον
3625 4114 3776 4165 ὑπὼι

2200 4209 2366 4244 πτευε
2412 4192 2690 4261 τελευτὴν,
2754 4193 3113 4248 ἐϐουλεύσατο
3172 4195 3343 4267 ἄμφω
3391 4198 3472 4252 τὼ
3509 4202 3663 4257 τῖαῖδε
3698 4210 3775 4274 τῴ

2202 4283 2414 4353 βασιλεῖ
2477 4284 2843 4353 παραθέσθαι.
2916 4288 3244 4358 Ἑστέρηντο
3290 4292 3400 4362 γὰρ
3448 4291 3540 4345 κάὶ
3572 4298 3777 4365 μητρὸς

513 4351 662 4419 cepit
705 4353 990 4425 utriusque
1045 4360 1357 4429 imperatori
1412 4367 1871 4434 commendandi;
1918 4387 2093 4442 neque

2199 4374 2292 4442 τῆς
2321 4374 2631 4442 συγκλήρου
2666 4372 2854 4427 τούτου
2885 4374 2962 4445 τῷ
2982 4376 3082 4446 βίῳ
3101 4377 3267 4431 πάλαι
3295 4380 3580 4450 θανούσης.
3607 4381 3778 4436 Τοιῖτο

510 4444 659 4495 enim
692 4445 883 4500 saltem
915 4448 1019 4503 illis
1046 4463 1276 4507 matrem
1310 4455 1650 4526 relinquebat
1683 4462 1943 4528 moriens,
1971 4481 2091 4533 qua:

530 4532 638 4592 llos
669 4553 909 4607 curaret,
948 4546 1154 4602 dudum
1185 4560 1347 4605 antea
1385 4564 1676 4608 mortuam.
1709 4556 1776 4610 Et
1815 4573 1928 4612 rem
1962 4576 2091 4628 pru-

509 4630 707 4685 denter
756 4633 1112 4690 deliberatam
1166 4637 1398 4694 feliciter
1450 4654 1744 4700 exsecutus
1800 4659 1902 4702 est.
1952 4651 2086 4702 Cum

508 4719 657 4773 enim
714 4737 914 4791 pueros
960 4727 1139 4781 tutela:
1188 4744 1251 4783 ac
1300 4734 1606 4799 patrocinio
1672 4737 1779 4807 18
1830 4742 2087 4808 peculiari

507 4810 697 4866 Basilii
739 4819 1196 4884 commendasset,
1245 4837 1354 4875 non
1394 4822 1549 4881 facile
1594 4829 1742 4884 dictu
1784 4839 1890 4895 est,
1923 4849 2087 4901 quam

506 4900 771 4960 benevolo
802 4909 1122 4980 prolixoque
1161 4915 1345 4970 animo
1376 4917 1614 4974 clemens
1649 4920 1738 4975 ille
1778 4936 1841 4976 ac
1871 4926 2089 4994 sapiens

508 4994 766 5063 princeps
793 5000 1128 5055 nobilitatem
1166 5019 1264 5072 pro
1310 5022 1375 5059 eo
1420 5024 1484 5064 ac
1523 5024 1620 5077 par
1661 5023 1779 5065 erat
1820 5013 2088 5069 honorare

510 5085 730 5150 solitus,
764 5090 1090 5157 pupillorum
1134 5109 1316 5149 curam
1349 5100 1834 5172 educationemque
1866 5106 1937 5158 sit
1968 5121 2086 5159 am-

510 5180 721 5245 plexus.
759 5179 1085 5253 Pwdagogos
1118 5188 1198 5241 eis
1264 5192 1445 5243 statim
1487 5204 1541 5245 et
1582 5194 1953 5251 moderatores
1985 5199 2086 5251 im-

512 5272 693 5337 posuit
721 5274 978 5341 optimos,
1010 5279 1101 5346 qui
1150 5288 1202 5333 et
1241 5297 1420 5336 mores
1453 5283 1986 5341 adulescentulorum
2020 5290 2085 5342 ad

510 5359 677 5414 decus
729 5379 891 5419 omne
943 5366 1242 5423 formarent
1298 5366 1315 5424 ἐ
1372 5389 1713 5444 corporaque
1760 5387 1943 5433 tenera
1988 5396 2087 5449 pro

508 5454 682 5507 :etatis
710 5465 867 5525 captu
901 5458 965 5510 ad
996 5460 1309 5515 militarium
1342 5463 1448 5532 jam
1488 5475 1598 5518 tum
1632 5468 1830 5523 artiqu
1861 5474 2087 5526 medita-

510 5544 710 5598 tionem
764 5548 1047 5617 fiuperent.
1112 5551 1325 5607 Armari
1355 5570 1450 5608 eos
1496 5558 1747 5624 expedite
1802 5561 2083 5625 docentes,

508 5637 830 5708 galeamque
861 5651 984 5710 apte
1036 5643 1261 5697 induere
1308 5648 1569 5701 adversus
1618 5649 2082 5722 iufestasjaeula-

2198 4463 2255 4515 δὲ
2312 4463 2744 4533 βουλευσάμενος
2805 4466 3006 4533 ἄριστα
3047 4470 3105 4529 ὲς
3156 4468 3329 4538 πέρας
3372 4471 3433 4522 τ’)
3492 4469 3775 4540 βουλευοὲν

2198 4555 2479 4625 ἐξήνεγκε,
2518 4559 2613 4608 καὶ
2659 4557 2843 4628 μέντοι
2878 4560 2972 4612 καὶ
3030 4561 3387 4631 παρατίθεται
3433 4563 3655 4627 τούτους
3697 4566 3777 4635 τῷ

2196 4647 2433 4717 βασιλεῖ.
2478 4649 2538 4702 ’0
2561 4648 2620 4702 δὲ
2654 4653 2907 4722 ἐπιεικής
2945 4669 3003 4704 τε
3035 4652 3111 4704 ὢν
3142 4652 3239 4705 καὶ
3286 4654 3451 4723 τιμᾷν
3490 4653 3644 4716 εἰδὼς
3675 4656 3773 4720 τὴν

2198 4738 2483 4803 εὐγένειαν
2517 4740 2616 4792 οὐκ
2645 4740 2791 4793 ἔστιν
2818 4742 2994 4792 εἰπεῖν
3026 4741 3158 4811 ὅσης
3197 4742 3395 4805 ἠξίωσε
3430 4743 3773 4824 προμηθείας

2196 4833 2324 4892 τοὺς
2375 4831 2594 4893 παῖδας.
2666 4832 3051 4898 Παιδαγωγοὺς
3092 4830 3201 4901 γὰρ
3256 4831 3773 4903 αὐτοϊςὲπιοτήσπς

2198 4925 2291 4977 καὶ
2320 4921 2675 4992 παιδοτρίϐας
2699 4924 2805 4974 τοῖ.
2832 4921 2929 4989 μὲν
2959 4920 3241 4990 ῥυθμίζειν
3271 4919 3331 4972 τὸ
3355 4916 3485 4991 ἦθος
3504 4922 3616 4974 τῶν
3637 4924 3776 4978 νέων

2196 5015 2482 5074 ἐπέταττε,
2518 5018 2631 5078 τοῖς
2656 5015 2713 5067 δὲ
2752 5015 2819 5066 τὰ
2850 5013 3121 5082 πολεμικὰ
3156 5013 3519 5079 ἐκδιδάσκειν,
3553 5017 3772 5079 ὁπλίζε-

2197 5106 2322 5160 σοαὶ
2356 5124 2417 5159 τε
2455 5106 2672 5174 εὐφυῶς
2702 5104 2785 5177 ΙΡ.
2827 5103 2916 5177 l7]
2970 5107 3065 5158 καὶ
3122 5105 3200 5176 τῷ
3247 5105 3428 5180 θυρεῷ
3476 5110 3773 5164 σκέπεσοσι.

2196 5199 2331 5268 πρὸς
2372 5199 2466 5261 τὰς
2505 5199 2615 5251 τῶν
2641 5198 2900 5249 ἐναντίων
2942 5197 3125 5267 βολὰς.
3157 5200 3439 5270 καὶεέγχος
3464 5204 3775 5272 κραδαίνειι

2196 5293 2291 5343 καὶ
2311 5290 2646 5352 ἱππάζεσθαι
2676 5289 2867 5355 δεξιῶς
2895 5292 2991 5341 καὶ
3023 5290 3176 5361 βέλος
3216 5293 3435 5359 ἀφιέναι
3462 5295 3605 5347 κατὰ
3646 5311 3773 5347 axo-

2197 5382 2322 5450 ποῦ,
2357 5383 2453 5435 καὶ
2483 5383 2570 5434 ἵνα
2624 5382 2686 5435 τὺ
2741 5382 3109 5452 καιριιὸτατον
3172 5385 3404 5454 εἴποιμι,
3447 5387 3513 5437 τὰ
3543 5389 3772 5438 τακτικὰ

2196 5475 2448 5545 μελετᾷν,
2481 5476 2566 5527 ἴνα
2602 5475 2780 5545 ἔχοιεν
2808 5477 2958 5539 ὅπως
2993 5494 3054 5529 τε
3091 5478 3197 5548 χρὴ
3252 5479 3507 5546 φάλαγγα
3556 5479 3773 5530 τάττειν

2193 5565 2286 5615 καὶ
2309 5565 2636 5633 καταλέγειν
2665 5565 2879 5636 λόχους,
2903 5567 3356 5635 στρατοπεδεύειν
3378 5583 3432 5617 τε
3470 5566 3772 5635 ὲπικαὶρως

2193 5654 2287 5705 καὶ
2308 5655 2523 5724 χάρακα
2553 5657 2863 5727 πήγνυσθαι
2892 5658 2987 5710 καὶ
3018 5653 3187 5710 τᾶλλα
3217 5660 3314 5710 ὅσα
3338 5658 3400 5726 δὴ
3437 5657 3503 5709 τὰ
3541 5660 3773 5708 τακτικὰ

508 5727 680 5783 tiones
710 5733 970 5797 hostium,
1006 5732 1172 5786 telum
1210 5735 1441 5801 vibrare,
1473 5739 1719 5808 equitare
1747 5745 1941 5810 petite,
1974 5746 2082 5799 col-

2199 5746 2595 5801 Ξκδιὸἀσκουσι.
2627 5749 2893 5821 Διατρεϐὴ
2932 5750 2986 5802 δὲ
3019 5751 3234 5814 τούτοις
3261 5753 3291 5820 ἠ
3324 5751 3458 5820 μςνὴ
3483 5750 3574 5802 τοῦ
3608 5749 3770 5801 Στου-
