4088 6208
333 286 400 351 41
1539 281 1903 356 HISTORIA
1915 283 1947 342 Ε

1968 283 2080 343 UM
2114 282 2261 343 LIB.
2302 283 2350 342 Ι.
3509 277 3580 341 42

335 404 454 456 δίου
496 401 572 471 (Δ)
597 397 872 471 ἀφώριστο
892 395 1034 448 δυοῖν
1056 392 1241 457 ἕνεκα,
1268 396 1328 446 τὸ
1384 392 1482 460 μὲν
1523 395 1611 448 ῖνα
1672 391 1931 465 καὶπρὸς

1986 413 2002 463 ι
2035 392 2224 447 limare
2259 391 2441 461 iaculo
2483 391 2534 444 in
2576 405 2800 463 scopum
2845 409 2858 447 :
2893 398 2946 445 et
2985 397 3043 444 ut
3071 390 3397 461 przecipuam
3433 391 3600 447 disci-

335 490 544 564 ἅρετὴν
563 484 939 553 ἐπαλείφοιντο
953 483 1019 552 τῇ
1042 483 1275 552 μιμήσει
1297 479 1407 534 τῶν
1424 481 1664 552 ἀρίστων
1691 479 1921 550 ἀνδρῶν,

2029 480 2189 550 plinze
2240 480 2446 536 bellica:
2489 489 2699 550 partem
2739 493 3164 534 commemorem
3212 478 3478 534 rationem
3515 480 3599 532 in-

339 583 402 634 τδ
433 581 479 634 δ’
537 580 623 631 ῖνα
672 575 848 646 ἔχοιεν
897 572 1139 644 εὐχερῶς
1164 571 1370 636 ἐξιέναι
1418 572 1517 642 τῆς
1546 570 1755 633 πόλεως
1785 570 1922 640 πρὸς

2029 570 2411 626 struendarum
2461 571 2701 626 acierum
2751 571 2831 625 sic
2860 571 3064 625 habere
3111 573 3164 625 in
3201 579 3452 640 promptu
3481 610 3496 635 ,
3544 581 3603 625 ut

342 675 517 743 θήραν
540 687 602 724 τε
629 669 850 723 ἀπιέναι
890 667 984 720 καὶ
1009 667 1123 729 τοῖς
1155 665 1341 728 ὅπλοις
1362 663 1762 734 γυμνάζεσθαι.

2029 662 2224 731 quovis
2265 662 2385 717 loco
2428 672 2491 716 ac
2525 671 2768 732 tempore
2813 661 3063 732 quemvis
3114 677 3398 716 numerum
3428 703 3443 728 ,
3498 677 3604 732 qua

343 763 514 832 ﬁgura
550 760 828 830 expediret
860 758 1115 813 ordinare
1156 757 1433 826 extemplo
1501 765 1764 826 possent.
1831 753 2199 824 callerentqne
2262 755 2326 808 ad
2362 770 2594 825 unguem
2625 757 2749 825 quis
2811 755 3132 811 insidiarum
3165 757 3605 812 collocandarum

341 855 560 917 modus,
589 853 721 924 quid
775 849 1132 922 spectandum
1169 850 1223 903 in
1298 847 1403 903 loci
1430 848 1643 903 delectu
1707 847 1772 901 ad
1841 847 2372 902 castrametationem
2426 846 2754 916 opportuni,
2801 855 3109 903 castrorum
3179 848 3424 918 ipsorum
3455 866 3609 931 ,ουκ

343 951 518 1007 forma
573 960 766 1018 quaeve
823 943 1119 1014 descriptio
1181 941 1254 996 sit
1305 943 1550 1012 optima,
1624 951 1930 1010 caeteraque
2003 941 2309 996 istiusmodi
2373 940 2440 995 ad
2515 941 2796 996 scientiam
2845 941 3220 997 ducendorum
3272 944 3607 999 exercituum

345 1041 694 1115 pertinentia.
756 1038 1129 1094 Diversorium
1186 1035 1296 1092 illis
1357 1037 1693 1106 assignatum
1743 1044 1826 1091 est
1875 1035 1928 1090 in
1970 1036 2303 1092 monasterio
2339 1036 2515 1092 Studii
2584 1035 2798 1092 duabus
2825 1036 2892 1092 de
2955 1037 3160 1093 causis.
3191 1035 3432 1094 Primum
3455 1049 3515 1094 ut
3543 1039 3610 1095 ad

346 1140 600 1194 virtutem
637 1136 900 1204 exemplis
932 1135 1174 1190 virorum
1225 1134 1600 1204 praestantium
1655 1133 2109 1200 informarentur,
2171 1133 2369 1190 deinde
2399 1143 2460 1189 ut
2521 1134 2740 1191 facilem
2803 1134 3067 1191 haberent
3123 1134 3328 1192 exitum
3359 1151 3425 1192 ex
3476 1139 3612 1192 urbe

349 1231 569 1300 quoties
595 1229 679 1282 vel
720 1226 1024 1281 venationis
1059 1225 1141 1279 vel
1179 1224 1592 1280 exercitationis
1621 1238 1751 1296 ergo
1778 1224 1998 1295 prodire
2030 1225 2182 1298 ipsos
2213 1235 2512 1293 oporteret.

431 1328 500 1396 β’.
545 1325 700 1378 Ἐπεί
743 1323 798 1377 δὲ
838 1320 1212 1392 διηλλαξάτην
1231 1319 1400 1389 άμφω
1441 1319 1540 1390 τὴν
1582 1319 1746 1391 ἥϐην,
1774 1318 1935 1384 εὐθὺς

2108 1320 2165 1377 2.
2204 1318 2308 1376 Ubi
2335 1335 2464 1376 vero
2509 1321 2844 1391 pubertatem
2875 1322 3038 1377 ambo
3069 1323 3387 1394 attigerunt,
3424 1327 3607 1381 statim

363 1421 484 1481 ταῖς
539 1415 844 1488 βασιλικαῖς
903 1412 1175 1482 ἑταιρίαις
1242 1411 1714 1482 συγκατελεγέτην
1744 1423 1758 1438 ⁸
1815 1411 1937 1474 έθος

2037 1411 2392 1469 societatibus
2427 1412 2799 1468 Palatinarum
2835 1413 3095 1484 adscripti
3139 1424 3286 1470 sunt.
3322 1415 3439 1472 Mos
3467 1420 3611 1473 enim

360 1511 467 1578 γὰρ
501 1507 656 1559 τοῦτο
683 1503 962 1574 βασιλεῦσι
1027 1503 1316 1574 Ῥωμαίων
1367 1501 1496 1565 τοὺς
1545 1502 1654 1554 τῶν
1698 1502 1936 1572 ἀρίστων

2037 1504 2129 1560 hic
2161 1503 2260 1560 fuit
2296 1503 2560 1561 Romanis
2604 1505 3047 1576 imperatoribus,
3094 1516 3154 1562 ut
3199 1509 3439 1564 virorqu
3473 1527 3613 1580 pra:-

354 1599 566 1670 ἀνδρῶν
622 1597 820 1658 παῖδας
852 1595 946 1649 καὶ
999 1594 1110 1647 τῶν
1137 1589 1198 1646 εὖ
1228 1593 1531 1662 γεγονότων
1567 1595 1634 1665 τῇ
1665 1593 1818 1664 σφῶν
1840 1593 1939 1646 αὑ-

2038 1597 2300 1650 stantium
2348 1605 2403 1650 et
2448 1595 2916 1651 nobilissimorum
2948 1612 3289 1667 quorumque
3325 1598 3467 1656 ﬁlios
3512 1601 3614 1657 ho-

356 1690 462 1743 τῶν
493 1685 772 1758 ὑπηρεσίᾳ
796 1685 1246 1753 συγκαταλέγειν.
1297 1682 1463 1737 Οὔπω
1501 1685 1692 1753 συχνὸς
1727 1687 1936 1755 παρερο

1999 1688 2192 1788 ιιιοιῖε
2245 1703 2413 1744 causa
2459 1686 2816 1744 familiaribus
2862 1689 2945 1744 sui
2995 1687 3238 1759 ipsorum
3296 1691 3613 1748 ministeriis

359 1780 464 1852 ρύη
485 1779 700 1849 καιρὸς,
723 1778 818 1831 καὶ
845 1777 901 1829 αἱ
938 1776 1318 1848 μέγισταιτῶν
1349 1777 1523 1848 τιμῶν
1541 1772 1687 1846 εἶχον
1717 1777 1934 1840 αὐτοὺς,
1969 1772 1973 1789 ¹

2000 1772 2011 1788 ’
2039 1779 2262 1836 allectos
2291 1780 2631 1835 adhiberent.
2657 1779 2794 1835 Hine
2812 1779 2925 1850 jam
2948 1780 3098 1836 brevi
3125 1790 3369 1852 tempore
3393 1782 3614 1838 maximi

358 1871 622 1943 ὲπαρχίαι
654 1886 714 1922 τε
751 1871 846 1922 καὶ
866 1868 1278 1940 φαλαγγαρχίαι
1301 1868 1394 1922 καὶ
1421 1868 1768 1939 στρατηγίαι.
1786 1867 1937 1921 Ἐπεὶ

2040 1871 2285 1927 certatim
2319 1871 2558 1927 honores
2587 1873 2726 1927 ultro
2758 1871 2844 1928 his
2873 1871 3276 1938 deferebantur,
3309 1875 3617 1945 provincia-

367 1965 427 2017 δὲ
450 1965 645 2034 γάμων
678 1961 786 2014 ἔδει
807 1961 1078 2032 λαμπρῶν
1103 1963 1215 2025 τοῖς
1251 1960 1395 2014 οὕτω
1427 1960 1487 2014 τὸ
1519 1959 1675 2029 γένος
1706 1977 1939 2032 περιφα-

2043 1977 2160 2016 rum
2195 1962 2450 2018 videlicet
2486 1963 2988 2020 administrationes
3020 1965 3414 2036 copiarumque
3462 1967 3618 2021 belli-

361 2057 498 2120 νέσι,
530 2053 626 2107 καὶ
650 2051 858 2105 τούτων
883 2051 1214 2122 τυγχάνουσι
1238 2065 1252 2080 ·
1285 2049 1768 2120 συξεύγνυταιγὰρ
1787 2051 1816 2102 ὁ
1843 2051 1941 2120 μὲν

2042 2067 2229 2107 carum
2257 2062 2420 2123 atque
2447 2052 2582 2107 adeo
2629 2053 2964 2122 integrorum
3010 2053 3345 2108 exercituum
3393 2054 3619 2123 prmfec-

375 2147 642 2208 Ἰσαάκιος
676 2148 745 2216 τῇ
795 2143 1141 2215 πρεσϐυτέρᾳ.
1181 2141 1291 2196 τῶν
1323 2141 1588 2212 βασιλέως
1618 2141 1942 2213 Βουλγάρων

2046 2153 2202 2199 turre.
2226 2143 2332 2214 19
2359 2143 2630 2210 Quoniam
2659 2158 2788 2198 vero
2811 2142 3072 2212 conjuges
3103 2144 3304 2198 adultis
3326 2144 3619 2214 juvenibus

364 2238 615 2310 Σαμουὴλ
647 2235 986 2306 θυγατέρων,
1007 2233 1340 2304 Δίκατερίνα
1367 2231 1561 2302 ὄνομα,
1600 2231 1630 2284 ὁ
1654 2231 1712 2284 δὲ
1757 2231 1942 2286 Ἰωάν-

2044 2237 2349 2306 quaerenda:
2401 2245 2582 2300 erant,
2631 2250 2754 2306 qua:
2807 2235 3070 2290 natalium
3124 2235 3366 2305 ipsorum
3417 2237 3619 2294 illustri

364 2347 463 2398 νης
507 2331 575 2400 τῇ
601 2325 694 2380 τοῦ
726 2327 988 2393 Χάρωνος
1024 2322 1288 2390 Ἀλεξίου,
1315 2315 1359 2392 ᾧ
1386 2322 1455 2376 τὰ
1498 2321 1641 2375 κατὰ
1671 2321 1773 2392 τὴν
1803 2321 1943 2376 Ἰτα-

2049 2327 2322 2388 nobilitati
2391 2327 2504 2397 pari
2571 2326 2784 2397 generis
2833 2326 3157 2382 claritudine
3205 2328 3617 2398 responderent,

367 2421 487 2474 λίαν
529 2424 592 2473 ὲκ
643 2416 909 2489 βασιλέως
943 2413 1321 2486 ἐγκεχείριστο
1380 2413 1707 2484 πράγματα,
1751 2413 1944 2484 ἀνδρὸς

2046 2417 2232 2485 nupsit
2272 2416 2478 2472 lsaacio
2527 2415 2744 2486 quidem
2797 2418 3032 2471 maxime
3068 2424 3196 2471 natu
3239 2417 3470 2472 filiarum
3520 2419 3622 2475 Sa-

372 2510 676 2582 φρενήρους
712 2510 806 2561 καὶ
833 2505 1120 2576 νουνεχοῦς
1149 2505 1244 2558 καὶ
1262 2503 1360 2576 τὴν
1380 2506 1541 2575 χεῖρα
1569 2503 1818 2573 γενναίου
1848 2503 1944 2557 καὶ

2046 2508 2242 2563 muelis
2273 2507 2417 2580 regis
2448 2507 2838 2578 Bulgarornm,
2877 2509 2966 2563 cui
3013 2523 3208 2563 nomen
3257 2508 3623 2568 Ecatliarinae

371 2603 470 2672 τὴν
529 2601 706 2672 ψυχὴν
759 2599 1086 2670 θαρσαλέου,
1112 2589 1156 2666 ᾧ
1194 2597 1287 2650 καὶ
1337 2596 1399 2650 τὸ
1431 2595 1719 2666 ἐπώνυμον
1747 2597 1811 2649 ὲκ
1845 2596 1946 2664 τῆς

2048 2595 2170 2653 fuit.
2205 2596 2402 2654 Joanni
2429 2612 2560 2672 vero
2593 2597 2702 2652 ﬁlia
2731 2597 3003 2653 Charonis
3033 2597 3235 2662 Alexii,
3279 2600 3368 2654 cui
3404 2601 3472 2656 ab
3517 2603 3624 2657 im-

372 2671 612 2762 άνδρίαςν
643 2691 995 2761 κεκλήρωτοο
1058 2689 1150 2742 τόν
1206 2706 1328 2741 τινα
1373 2687 1484 2758 γὰρ
1528 2686 1638 2740 τῶν
1687 2685 1945 2741 ἐναντίων

2049 2698 2301 2760 peratore
2331 2705 2418 2744 res
2439 2671 2639 2744 Italica:
2670 2690 3063 2745 commendatae
3095 2689 3330 2756 fuerant,
3361 2694 3462 2748 viri
3491 2709 3625 2750 coo-

374 2786 552 2859 βαλὼν
606 2786 732 2839 ἐπεὶ
791 2785 984 2855 νεκρὸν
1050 2783 1398 2853 ἀποδέδειχε,
1448 2783 1648 2854 Χάρων
1697 2780 1947 2835 ἐντεῦθεν

2049 2781 2173 2839 silio
2239 2781 2556 2852 judicioqne
2616 2781 2970 2852 praestantis,
3051 2799 3152 2839 nec
3207 2784 3391 2840 minus
3459 2801 3624 2842 man

373 2875 758 2946 ἐπωνομάσθη.
775 2872 978 2928 Τούτου
1003 2870 1103 2942 τὴν
1126 2870 1404 2940 θυγατέρα
1426 2871 1610 2941 γήμας
1629 2871 1657 2923 ὁ
1695 2870 1946 2941 Ἰωάννης

2049 2874 2284 2945 prompti
2317 2873 2593 2944 animique
2633 2874 2866 2944 ingeniis
2903 2874 2969 2930 ad
3013 2875 3231 2945 quidvis
3261 2877 3491 2932 arduum
3524 2893 3621 2949 ag-

376 2969 574 3021 ’Δνναν
608 2969 687 3029 είς
714 2965 1054 3035 Δαλασηνοῦς
1084 2963 1144 3017 τὸ
1169 2963 1324 3032 γένος
1359 2961 1630 3033 μητρόθεν
1689 2961 1948 3016 ἀνέλκου-

2051 2964 2432 3036 grediendum.
2461 2964 2563 3020 Cui
2590 2973 2644 3019 et
2671 2980 2702 3020 a
2727 2965 3064 3021 fortitudinis
3097 2967 3395 3037 specitnine
3426 2984 3625 3024 nomen

375 3077 474 3114 σαν
496 3060 623 3124 τοὺς
671 3059 984 3129 ’Δδριανοὺς
1004 3055 1245 3117 ἐκείνους
1267 3056 1360 3107 καὶ
1381 3055 1505 3117 τοὺς
1534 3053 1946 3123 Θεοφυλάκτους
1975 3073 1989 3128 ε

2013 3073 2020 3128 ι
2051 3055 2263 3127 obtigit.
2282 3055 2548 3123 Quoniam
2571 3057 2717 3112 enim
2741 3072 2882 3128 saepe
2909 3057 3256 3114 observatum
3292 3069 3413 3116 erat
3434 3077 3627 3132 quem-

374 3151 579 3204 παίδων
608 3149 853 3221 ἀρίστων
884 3147 1171 3216 ἀπεφάνθη
1227 3148 1433 3216 πατήρ.
1502 3143 1598 3199 Ἐκ
1645 3145 1710 3216 δὴ
1745 3143 1950 3201 τούτων

2057 3164 2274 3220 cunque
2323 3148 2370 3204 is
2409 3149 2773 3220 percussisset
2827 3150 3065 3205 hosﬁum
3116 3152 3298 3206 statim
3351 3163 3623 3210 mortuum

375 3245 536 3298 πέντε
577 3244 674 3315 μὲν
703 3242 954 3314 ἄρρενες,
1003 3238 1284 3308 Μανουὴλ,
1339 3238 1639 3304 Ἰσαάκιος,
1694 3239 1951 3304 Ἀλέξιος,

2059 3239 2275 3303 cadere,
2310 3238 2526 3295 Charon
2575 3239 2621 3295 is
2672 3240 2798 3296 inde
2846 3242 3262 3312 cognominatus
3307 3257 3413 3300 est.
3455 3246 3629 3316 llujus

389 3337 717 3409 Ἀνδριανδς,
742 3333 1080 3404 Νικηφόρος·
1101 3332 1250 3402 τρεῖς
1273 3330 1328 3383 δὲ
1349 3330 1585 3401 θήλειαι,
1607 3331 1814 3400 Μαρία,
1841 3333 1948 3385 Εὑ-

2055 3330 2210 3386 Anna
2244 3331 2350 3386 lilia
2376 3330 2614 3388 Joannes
2643 3333 2806 3388 ducta
2836 3343 3141 3389 maternum
3170 3352 3342 3406 genus
3371 3354 3400 3390 a
3442 3339 3630 3395 Dalas-

375 3423 526 3482 δοκία
547 3429 642 3482 καὶ
663 3425 936 3496 Θεοδὼρα,
959 3423 1016 3478 αἳ
1041 3426 1134 3477 καὶ
1166 3422 1327 3495 μέχρι
1356 3422 1546 3485 τέλους
1567 3421 1732 3476 αὑτοῦ
1761 3423 1950 3476 διεσώ-

2055 3425 2205 3481 senis
2234 3424 2484 3486 ducente,
2513 3434 2676 3494 atque
2707 3426 2777 3480 ab
2804 3425 3058 3480 Adrianis
3101 3436 3157 3481 et
3210 3427 3629 3500 Throphylactis

368 3501 581 3590 θησαν·
623 3519 716 3572 ἐπὶ
745 3517 957 3578 τούτοις
1001 3515 1111 3586 γάρ
1149 3513 1239 3567 τὸν
1275 3513 1390 3584 βίον
1435 3514 1750 3568 κατέλυσεν.
1791 3514 1951 3568 Ἀλλὰ

2055 3515 2162 3570 illis
2199 3515 2431 3585 inclytis,
2477 3515 2713 3569 filiorum
2752 3516 2822 3569 ab
2849 3530 2913 3569 ea
2944 3517 3273 3584 optimorum
3307 3518 3430 3574 felix
3481 3531 3632 3591 pater

377 3608 549 3662 ταῦτα
577 3607 678 3677 μὲν
706 3605 953 3674 ὕστερον.
976 3603 1116 3658 Νυνὶ¹
1156 3601 1214 3654 δὲ
1254 3600 1354 3671 τῆς
1389 3600 1710 3664 ἀκολουθίας
1735 3599 1764 3651 ὁ
1794 3599 1951 3669 λόγος

2056 3616 2137 3658 est
2172 3601 2371 3668 factus,
2399 3617 2464 3658 ex
2487 3604 2688 3674 quibus
2715 3605 2960 3674 quinque
2989 3621 3188 3674 mares,
3213 3609 3449 3678 Manuel,
3489 3613 3633 3667 Isaa-

380 3699 624 3768 exesam;
2055 3693 2193 3760 cius,
2227 3694 2469 3759 Alexius,
2512 3697 2803 3762 Adrianus,
2838 3695 3176 3770 Nicephorus
3209 3719 3223 3756 :
3258 3711 3367 3758 tres
3395 3719 3525 3760 vero
3549 3704 3627 3760 fe-

389 3791 568 3855 mina},
611 3789 797 3857 Maria,
831 3788 1066 3845 Eudocia
1131 3799 1186 3844 et
1214 3787 1524 3851 Theodore,
1564 3799 1686 3854 qua:
1729 3793 1784 3840 et
1847 3798 2023 3852 usque
2090 3785 2156 3837 ad
2205 3784 2327 3854 ejus
2370 3786 2579 3842 obitum
2628 3787 2970 3858 superfuere,
3023 3791 3420 3864 adfueruntqne
3444 3812 3636 3856 omnes

382 3882 524 3950 patri
549 3882 820 3937 morienti.
853 3880 958 3936 Sed
989 3881 1103 3935 haec
1130 3890 1315 3950 postea
1345 3895 1362 3933 ε
1388 3892 1532 3932 nunc
1561 3889 1682 3947 qua:
1712 3884 2017 3946 sequuntur
2052 3875 2242 3929 ordine
2281 3866 2580 3931 reddenda.

453 3979 524 4040 γ’.
561 3974 816 4044 Προῖόντε
845 3971 975 4041 γοῦν
1029 3973 1091 4025 ὲκ
1137 3971 1295 4042 δόξης
1352 3973 1433 4035 είς
1477 3969 1635 4034 δόξαν
1687 3969 1854 4038 ἄμφω
1878 3966 1956 4018 τὼ

2126 3967 2181 4022 3.
2212 3966 2564 4041 Proﬁcientes
2607 3984 2702 4038 per
2746 3970 2894 4026 hunc
2929 3972 3148 4028 modum
3179 3973 3377 4032 fratres
3423 3979 3532 4034 duo
3578 3991 3632 4036 ot

379 4064 597 4133 ἀδελφὼ
625 4065 724 4134 τὴν
749 4064 1003 4134 ὁμόνοιαν
1039 4063 1205 4134 μέχρι
1231 4063 1420 4125 τέλους
1463 4060 1834 4132 ὲτηρησάτην,
1860 4056 1955 4111 τοῦ

2058 4073 2154 4130 per
2182 4059 2454 4114 honorum
2479 4061 2678 4131 gradus
2706 4062 2772 4116 ad
2803 4077 3077 4117 summum
3107 4066 3369 4120 continue
3397 4068 3633 4126 nitentes

379 4156 645 4226 νεωτέρου
675 4155 752 4225 τῷ
806 4155 1162 4226 πρεσϐυτέρῳ
1191 4157 1248 4208 ἐν
1279 4156 1452 4208 ἆπασι
1505 4150 1956 4212 καθυπείκοντος,

2060 4152 2411 4206 concordiam
2453 4153 2597 4206 inter
2634 4168 2693 4208 se
2729 4168 2899 4224 usque
2925 4157 2992 4209 ad
3024 4156 3187 4211 tinem
3219 4158 3414 4214 miram
3445 4168 3634 4218 tenue-

383 4246 641 4301 κάκείνου
670 4246 747 4316 τῷ
778 4247 885 4316 νέῳ
919 4245 1016 4317 τὴν
1051 4248 1435 4316 προσήκουσαν
1465 4242 1630 4315 τιμὴν
1658 4243 1824 4298 ἀπονέ
1833 4258 1959 4312 μον-

2060 4250 2210 4304 runt,
2231 4241 2450 4310 juniore
2469 4242 2661 4311 majori
2688 4253 2815 4298 natu
2841 4245 2894 4298 in
2924 4247 3180 4302 omnibus
3205 4248 3629 4320 obtemperante.

382 4355 494 4400 τος.
522 4335 610 4408 [Ρ.
642 4337 730 4409 l8]
773 4339 860 4401 Ὠς
898 4338 956 4392 δὲ
985 4338 1081 4392 καὶ
1123 4339 1202 4400 είς
1234 4337 1332 4406 τὴν
1368 4336 1636 4408 βασίλειον
1671 4333 1958 4405 περιωπὴν
1991 4381 1996 4412 1

2020 4383 2038 4412 ι
2065 4333 2266 4402 illoque
2297 4332 2538 4386 vicissim
2571 4347 2829 4401 germano
2869 4349 2970 4388 suo
2999 4339 3196 4392 minori
3219 4355 3379 4408 quem
3413 4351 3634 4412 oporte-

383 4428 593 4499 ἀνήχθη
627 4429 920 4493 Ἰσαάκιος,
939 4446 1036 4503 κου
1046 4427 1356 4499 ροπαλάτην
1367 4428 1458 4482 τδν
1480 4426 1704 4495 ἀδελφὸν
1719 4426 1958 4494 τιμήσας
1987 4423 1997 4440 ⁴

2019 4423 2032 4436 ’
2065 4427 2156 4482 bat
2191 4426 2454 4480 honorem
2484 4423 2774 4480 tribuente.
2805 4423 2877 4478 Ut
2905 4441 3032 4482 vero
3059 4427 3110 4482 in
3152 4431 3444 4502 principale
3475 4433 3633 4489 fasti-

386 4519 623 4589 ἄρχοντα
649 4519 758 4573 τῶν
779 4519 876 4589 τῆς
907 4519 1122 4582 Δύσεως
1142 4519 1564 4590 στρατευμάτων
1592 4517 1952 4586 ἁποδὲδειχεν,

2068 4517 2216 4587 ginm
2248 4523 2470 4572 evectus
2500 4515 2741 4571 Isaacius
2769 4527 2872 4584 est,
2904 4519 3231 4588 curopalata:
3255 4521 3518 4592 dignitate
3543 4539 3633 4578 or-

385 4610 444 4662 ὃν
481 4610 650 4664 πάλαι
679 4610 1000 4680 δομέστικον
1045 4610 1153 4664 τῶν
1203 4609 1406 4680 σχολῶν
1459 4609 1709 4674 ἐκάλουν,
1755 4612 1870 4660 νυνὶ
1897 4607 1954 4660 δὲ

2062 4615 2252 4658 natum
2284 4603 2505 4658 fratrem
2525 4643 2540 4668 ,
2585 4606 2778 4661 ducem
2809 4607 2917 4677 20
2949 4623 3222 4662 summum
3268 4611 3630 4668 Occiduorum

392 4701 565 4772 μέγαν
619 4701 847 4755 καλοῦσι
892 4701 1234 4771 δομέστικον.
1290 4701 1372 4754 Τὰ
1421 4701 1519 4771 μὲν
1564 4700 1658 4754 οὖν
1685 4699 1827 4753 κατὰ
1861 4697 1955 4749 τὸν

2060 4697 2397 4750 exercituum
2428 4696 2740 4762 declaravit,
2762 4714 2920 4766 quem
2939 4701 3297 4757 domesticum
3323 4701 3629 4758 scholarum

399 4792 666 4846 Ἰσαάκιον
690 4793 837 4856 ὅπως
859 4791 970 4845 τῶν
998 4792 1283 4863 βασιλείων
1321 4793 1618 4847 ἐπελάϐετο
1658 4791 1953 4861 σκήπτρων

2061 4787 2332 4842 vocabant
2379 4787 2532 4853 olim,
2572 4788 2731 4843 hodie
2765 4805 3020 4860 magnum
3053 4792 3416 4848 domesticum
3451 4795 3634 4864 appel-

388 4885 482 4938 καὶ
511 4885 594 4954 ἐφ’
610 4887 732 4939 ὅσον
757 4886 854 4939 καὶ⁷
893 4885 1040 4947 ὅπως
1096 4885 1269 4938 ταῦτα
1326 4884 1547 4950 διίθυνε,
1599 4881 1853 4953 περιττὸν
1885 4881 1952 4935 ἂν

2061 4878 2172 4933 lare
2202 4893 2321 4934 mos
2344 4876 2586 4933 est.Jam
2614 4883 2888 4948 quomodo
2919 4881 3154 4938 Isaacius
3181 4884 3468 4953 imperium
3496 4885 3636 4940 arri-

387 4974 473 5044 εῐη
491 4974 671 5043 λέγειν
687 4991 703 5008 ⁸
730 4975 947 5042 ἐξέσται
969 4977 1078 5046 γάρ
1098 4978 1210 5038 τοῖς
1228 4974 1570 5044 βουλομένοις
1591 4972 1952 5041 ἀναλέγεσθαι

2064 4965 2266 5037 puerit,
2299 4981 2519 5036 quaque
2557 4967 2766 5023 ratione
2796 4979 2850 5024 et
2887 4972 3128 5039 quandiu
3158 4974 3407 5044 gesserit.
3437 4990 3635 5045 super-

385 5065 562 5118 ταῦτα
590 5069 706 5130 ταῖς
740 5069 868 5138 περὶ
911 5066 1101 5121 τοῦτον
1132 5066 1532 5135 ἐντυγχάνοντα
1569 5064 1850 5136 ίστορίαις.
1892 5063 1952 5116 ὐ

2062 5073 2370 5113 vacaneum
2414 5058 2579 5114 fuerit
2617 5062 2815 5130 exponi
2863 5077 2894 5115 a
2948 5076 3054 5116 me.
3110 5062 3317 5120 Licebit
3348 5066 3494 5121 enim
3541 5081 3635 5122 co-

385 5155 444 5209 δὲ
489 5156 740 5228 Ἰωάννης
763 5158 955 5230 ἐπειδὴ
983 5157 1082 5228 τῆς
1106 5156 1322 5222 Δύσεως
1359 5154 1550 5227 ἄρχειν
1579 5154 1792 5225 ἔλαχεν,
1831 5153 1907 5217 ὡς
1931 5155 1961 5206 ὁ

2069 5162 2330 5220 guoscere
2372 5148 2478 5203 ista
2521 5148 2827 5206 volentibus
2867 5153 3212 5212 commodius
3259 5172 3322 5212 ea
3377 5168 3557 5228 petere
3604 5171 3639 5210 ο

1413 5292 1625 5357 Caroli
1657 5293 1753 5354 Du
1787 5293 2030 5353 Fresne
2060 5290 2164 5352 Du
2195 5285 2412 5366 Cange
2457 5295 2643 5352 noue.

483 5443 538 5511 4)
561 5441 731 5510 Mori;
768 5441 874 5495 τοῦ
907 5441 1214 5515 Στορδιόυ.
1251 5437 1959 5515 Exstititenim__monaste-
2067 5435 2295 5515 banum,
2315 5433 2758 5515 quovenationis
2784 5435 3434 5515 etexercitationisergo
3463 5437 3637 5515 impe-

384 5504 532 5569 rtttni
565 5504 891 5567 Studi'anum
917 5515 982 5566 ad
1017 5513 1238 5567 Portam
1265 5511 1522 5572 Auream,
1548 5517 1608 5563 ut
1632 5509 1846 5563 discere
1874 5515 1960 5561 est
2071 5504 2292 5559 ratores'
2335 5504 2883 5575 ips__i___concedehant,
2925 5507 3142 5575 prodire
3193 5507 3350 5562 facile
3369 5504 3636 5564 'erath.

383 5598 452 5638 ex
497 5584 767 5638 Chionieo
794 5583 947 5638 Alex.
985 5587 1049 5634 Δ.
1096 5579 1328 5634 Heraclii
1381 5578 1455 5647 i7
1512 5589 1566 5633 et
1623 5578 1870 5633 Cedreno
1905 5576 1957 5630 in
2069 5583 2184 5647 not.
2218 5589 2306 5647 ap.
2338 5573 2640 5647 _Villharll,
2691 5589 2746 5628 n.
2801 5575 2875 5647 95_
2902 5573 2957 5630 c't
3001 5577 3292 5647 Syntagma
3328 5579 3394 5633 de
3423 5578 3634 5635 lnvent.

389 5652 548 5708 Litch.
579 5653 818 5722 liliang.,
852 5652 997 5704 unde
1019 5666 1082 5703 ex
1118 5649 1251 5702 urbe
1281 5649 1336 5702 in
1367 5646 1740 5718 Philopatium
1765 5648 1961 5703 subur-
2068 5643 2201 5714 Cap.
2241 5644 2299 5698 S.
2331 5641 2529 5698 Joann.
2573 5640 2726 5714 Bapt.
2770 5659 2822 5699 c.
2851 5645 2904 5711 8,
2929 5661 2984 5700 n.
3021 5640 3074 5702 ἐ.

703 5743 972 5803 ΡΑτιιοι.
1021 5737 1136 5798 Gn.
1183 5737 1465 5798 CXXVII.
1698 5759 1700 5761 >

1698 5759 1700 5761 >
1909 5770 2034 5799 ...λη
3243 5739 3282 5798 2
