4088 6208
323 367 398 430 45
1530 368 1895 429 ΗΙΞΤΟΒΙΑ

2006 368 2074 428 ’Μ
2117 370 2264 430 LIB.
2306 373 2354 429 1.
3515 379 3583 440 46

324 483 513 557 πείθῃ,
543 475 778 538 σπεῦσον
797 483 870 547 ὡς
893 484 1122 555 τάχιστα
1157 475 1280 549 ταῖς
1312 485 1643 556 συμϐουλαῖς
1669 485 1896 557 πεισθῆ-

2006 489 2543 552 desideratissimam,
2564 485 2820 542 Romana:
2842 487 2918 542 rei
2946 492 3574 558 potestatem'summam,

323 594 414 634 ναι
442 576 532 630 τοῦ
565 574 830 646 βασιλέως
863 577 959 630 καὶ
999 577 1253 646 ἀδελφοῦ,
1291 578 1384 629 καί
1417 577 1523 630 τῶν
1550 578 1892 648 πραγμάτων

320 665 606 722 ἑπιλαῦοὓ.
635 683 654 716 ι

2002 595 2250 649 quaenam
2267 578 2455 632 isthaee
2473 577 2778 648 pernicisoa
2797 578 2938 633 male
2956 594 3196 650 saneque
3209 581 3584 652 philosophia?

2008 668 2188 736 Apage
2209 666 2368 720 istam
2397 665 2475 719 sis
2497 664 2928 719 moderationem
2953 666 3413 738 intempestivam:
3446 678 3504 726 et
3533 673 3582 726 si

317 759 448 824 quid
476 757 610 810 mihi
638 755 835 819 credis,
869 753 956 810 {ac
983 769 1145 825 quam
1169 755 1429 826 primum;
1461 755 1706 812 consiliis
1726 756 2022 812 obsecutus
2045 755 2270 826 Augusti
2293 755 2496 821 fratris,
2531 764 2590 809 ut
2609 757 2835 824 publicae
2859 758 2937 812 rei
2957 759 3254 827 auspiceris
3274 761 3573 831 regimen.»

387 859 452 906 ε’.
479 851 670 904 Ταῦτα
694 850 788 903 καὶ
822 849 996 903 πλείω
1015 850 1222 904 τούτων
1251 850 1484 903 είποῦσα
1506 845 1596 922 (ἦν
1621 851 1730 921 γὰρ
1754 851 1900 919 δεινή

314 963 401 1010 τις
433 947 529 1000 καὶ⁴
555 945 736 1014 λέγειν
762 947 858 998 κα)⁸
885 943 1198 1015 πράττειν),
1229 944 1418 1014 ἐπειδὴ
1436 945 1512 1015 μὴ
1534 945 1740 1008 ἔπειθε,
1767 944 1902 1014 πρὸς

319 1037 532 1092 ἱκεσίαν
559 1035 836 1105 ἐτράπετο
871 1035 1098 1099 καὶτὰς
1139 1036 1230 1089 διὰ
1275 1035 1530 1107 δακρύων
1563 1037 1660 1090 καὶ
1708 1053 1901 1089 στενα-

314 1127 476 1199 γμῶν
505 1127 782 1191 ἐντεύξεις
837 1127 1202 1198 προσέφερεν.
1237 1126 1326 1190 Ὧς
1363 1126 1414 1181 δι
1457 1128 1723 1197 ἄτεγκτον
1755 1127 1903 1198 ἑώρα

315 1221 412 1273 καὶ
438 1219 574 1289 πρὸς
599 1219 708 1271 πᾶν
735 1217 870 1289 σκλη
881 1218 1198 1289 ρυνόμενον,
1224 1218 1540 1287 ἀπογνοῦσα
1573 1219 1667 1273 τοῦ
1689 1219 1902 1272 πείθειν

315 1310 498 1376 ἐσίγα,
538 1309 710 1362 πολλὰ
739 1308 861 1362 καθ’
898 1309 1098 1380 ἑαυτὴν
1119 1309 1362 1379 ἀλγοῦσα
1383 1312 1478 1364 καὶ
1507 1313 1696 1364 τούτου
1732 1329 1900 1366 κατα-

319 1403 714 1469 στεγνάζουσα.
751 1400 908 1454 Οὕτω
966 1401 1067 1472 μὲν
1111 1397 1207 1455 οὖν
1238 1403 1444 1465 ἐκεῖνος
1493 1402 1592 1472 τὴν
1623 1401 1899 1473 βασιλείαν

314 1491 715 1546 ἁπεσκεύαστο.
755 1491 814 1544 Ὀ
853 1492 911 1545 δὲ
977 1491 1233 1562 βασιλεὺς
1270 1493 1372 1562 τὴν
1415 1494 1571 1546 νόσον
1616 1493 1758 1564 δρῶν
1780 1495 1900 1546 ἑπι-

312 1582 617 1645 τείνουσαν,
672 1583 904 1653 ἐπείπερ
954 1585 1278 1652 ἀπέγνωστο
1324 1584 1476 1654 αὐτῷ
1530 1586 1598 1638 τὰ
1641 1587 1780 1639 κατὰ
1804 1585 1895 1640 τὸν

2081 850 2132 905 5.
2158 848 2281 905 Haec
2299 859 2354 905 et
2377 850 2462 904 his
2488 849 2638 918 plura
2668 865 2791 905 cum
2813 852 3036 908 dixisset
3056 853 3250 909 mulier
3272 856 3327 910 in
3351 858 3582 914 dicendo

2005 948 2059 994 et
2089 941 2141 994 in
2174 941 2382 1010 agendo
2413 940 2724 1006 vehemens,
2763 956 2865 996 nec
2903 945 3260 1012 persuasisset
3290 955 3492 1013 tamen,
3515 951 3582 1005 ad

2007 1033 2434 1102 supplicationes
2473 1047 2631 1088 versa
2660 1074 2673 1098 ,
2711 1049 2899 1103 preces
2934 1034 3150 1092 intimas
3183 1039 3437 1109 suspiriis
3473 1056 3584 1096 cre-

2006 1124 2118 1179 bris
2149 1123 2424 1195 largisque
2451 1124 2667 1180 ﬂetibus
2699 1125 2948 1180 admistis
2989 1127 3228 1182 admovit
3259 1130 3394 1194 viro,
3435 1131 3584 1186 sicco

2007 1216 2159 1271 vultu
2194 1217 2530 1288 immotoque
2557 1218 2742 1274 animo
2775 1219 3017 1274 audienti
3048 1231 3246 1277 cuncta
3266 1240 3281 1289 ;
3305 1237 3465 1292 quem
3490 1223 3582 1278 illa

2009 1307 2210 1363 duritie
2261 1309 2434 1380 rigere
2472 1309 2737 1366 adversus
2797 1312 3023 1381 quosvis
3070 1313 3336 1384 impulsus
3378 1315 3581 1373 invicta

2010 1400 2099 1454 ubi
2139 1399 2272 1454 satis
2315 1401 2506 1466 sensit,
2539 1402 2817 1456 suasionis
2862 1417 3121 1458 successu
3150 1405 3460 1475 desperato,
3503 1409 3582 1463 si-

2010 1491 2175 1546 lentio
2211 1506 2270 1546 se
2313 1505 2378 1546 ac
2427 1493 2651 1546 mterori
2702 1491 2949 1557 tradidit,
2996 1497 3166 1549 multa
3213 1497 3387 1551 virum
3433 1499 3586 1554 incu-

2006 1596 2136 1638 sans
2165 1596 2331 1650 seqne
2363 1583 2532 1652 ipsam
2573 1585 2861 1640 miserans.
2894 1584 2986 1641 Sic
3023 1586 3265 1644 Joannes
3301 1591 3582 1662 principa-

314 1672 564 1741 ἀδελφὸν,
610 1673 750 1742 πρὸς
799 1675 892 1727 τὸν
949 1676 1129 1729 Δούδια
1183 1677 1596 1730 Κωνσταντῖνον
1653 1678 1896 1744 ἀπεῖδεν,

2006 1680 2117 1725 tum
2163 1673 2454 1729 recusavit.
2495 1675 2793 1743 Imperator
2842 1685 3021 1732 autem
3061 1678 3268 1733 intendi
3327 1683 3580 1738 morbum

313 1763 482 1832 ἄνδρα
514 1765 730 1826 πολλοῖς
760 1764 1018 1834 κομῶντα
1053 1765 1546 1836 πλεονεκτήμασιν.
1581 1768 1757 1832 Εὐθὺς
1804 1768 1898 1822 οὖν

318 1854 500 1907 ὲκάλει
557 1855 652 1908 καὶ
692 1855 995 1926 διαλεχθεὶς
1040 1857 1189 1925 αὐτῴ
1231 1859 1357 1927 περὶ
1403 1859 1512 1912 τῶν
1554 1859 1752 1913 κοινῶν
1807 1861 1900 1914 καὶ

313 1947 443 2007 τοὺς
571 1947 722 2015 αὐτῴ
744 1948 1127 2018 παραθέμενος
1153 1947 1523 2020 τῷβασιλικῷ
1571 1951 1900 2019 ταινιὼματι

313 2042 591 2107 στεφανοῖ,
623 2040 784 2103 αὐτὸς
809 2041 1076 2111 πρότερον
1106 2043 1204 2110 τῆς
1233 2025 1558 2110 ἁλουργίδοξ
1583 2041 1644 2095 τὸ
1675 2043 1900 2110 ἀγγελι-

314 2131 409 2182 κον
453 2130 925 2201 ἀνταλλαξὰμενος
960 2130 1166 2201 σχῆμα.
1220 2131 1281 2184 '0
1335 2133 1433 2200 μὲν
1475 2130 1570 2184 οὖν
1607 2131 1748 2202 πρὸς
1801 2131 1902 2200 τὴν

313 2224 410 2276 τοῦ
442 2225 692 2278 Στουδίου
731 2225 901 2297 μονὴν
953 2225 1217 2295 ὑπήγετο.
1264 2225 1323 2279 Ὀ
1350 2225 1405 2278 δέ
1454 2241 1518 2294 γε
1547 2225 1754 2288 Δούκας
1784 2224 1894 2277 τῶν

319 2317 420 2387 τῆς
458 2317 736 2388 βασιλείας
792 2318 994 2373 οἰάκων
1047 2317 1384 2388 δραξάμενος
1456 2317 1619 2381 εὐθὺς
1667 2318 1902 2370 ἔσπευσε

319 2409 638 2473 πλεονεξίαν
678 2409 778 2478 μὲν
807 2408 1040 2471 ἀνελεῖν,
1083 2409 1420 2478 μετριότητα
1458 2406 1516 2459 δὲ
1561 2407 1657 2459 καὶ
1695 2405 1900 2460 δικαιο-

318 2501 487 2570 σύνην
510 2501 848 2569 εἰσενεγκεῖν
871 2515 883 2529 ·
909 2499 1002 2552 καὶ
1031 2499 1214 2569 μέντοι
1246 2498 1340 2551 καὶ
1377 2495 1716 2567 κατωρθὼθη
1743 2496 1902 2550 τοῦτο

315 2590 490 2662 αὐτῷ.
535 2589 710 2661 Ὀρῶν
753 2591 860 2661 γὰρ
908 2588 1036 2652 τοὺς
1084 2588 1375 2651 πλείστους
1430 2588 1523 2640 ἐπὶ
1581 2587 1645 2639 τὸ
1692 2587 1900 2640 ἀδικεῖν

315 2669 726 2752 τετραμμένους
755 2683 847 2736 ἐπὶ
879 2682 940 2734 τὸ
967 2679 1207 2744 δικάζειν
1235 2681 1521 2750 ἐτράπετο.
1558 2677 1651 2750 Μὴ
1685 2678 1900 2748 λαμϐά-

317 2779 426 2831 νων
459 2775 505 2830 δ⁹
537 2778 596 2828 ἐν
626 2776 808 2846 κρίσει
873 2775 1189 2845 πρόσωπον,
1234 2772 1380 2826 κατὰ
1435 2772 1527 2824 τὸν
1584 2773 1896 2843 προφήτην,

322 2873 456 2943 μήτε
501 2873 606 2942 μὴν
651 2869 915 2923 ἐκκλίνων
945 2867 1051 2933 ἐἰς
1089 2867 1241 2933 δεξιὰ
1277 2865 1310 2932 ἢ
1344 2868 1424 2930 είς
1457 2866 1752 2937 ἀριστερὰ,
1785 2867 1900 2920 ἀλλ’

317 2951 423 3033 δδῷ
451 2962 704 3035 βασιλικῇ
739 2961 1103 3032 πορευόμενος
1132 2962 1243 3022 τοῖς
1280 2959 1378 3030 μὲν
1409 2957 1687 3012 ἀδικοῦσιν
1709 2959 1902 3028 ἐμϐρι-

322 3029 423 3120 θὴς
452 3029 542 3116 ’τις
577 3029 830 3120 ὲειαίνετο
883 3029 977 3104 καὶ
1020 3043 1191 3113 δεινδς
1231 3051 1300 3100 τὰ
1352 3047 1450 3118 τῆς
1491 3046 1708 3110 ἀδικίας
1735 3047 1896 3099 ἑκκό-
1926 3029 1967 3085 (ἶ

322 3161 472 3198 πτων
495 3145 814 3216 ὁρμήματα,
855 3146 967 3206 τοῖς
993 3144 1038 3196 δ’
1071 3141 1138 3197 αὖ
1175 3141 1553 3212 ἀδικουμένοις
1591 3139 1896 3210 προσφιλής

317 3261 379 3296 τε
409 3244 502 3295 καὶ
528 3243 903 3314 χαριέστατος.
942 3240 1052 3294 Καὶ
1086 3239 1268 3309 μέντοι
1300 3237 1421 3291 οὐδὲ
1445 3235 1579 3308 πρὸς
1611 3237 1704 3289 τὸν
1739 3235 1891 3306 βασι-

315 3336 584 3390 λεύσαντα
642 3335 832 3389 τοῦτον
887 3335 1178 3405 ἀχάριστος
1242 3330 1580 3400 ὲναπέφηνεν
1617 3343 1633 3360 ο
1682 3329 1769 3398 [Ρ.
1801 3325 1896 3396 20]

316 3430 442 3481 ἐπεὶ
473 3429 580 3500 γὰρ
624 3429 760 3500 μετὰ
790 3427 888 3498 τὴν
918 3426 1187 3496 μονήρους
1222 3423 1338 3493 βίου
1377 3423 1472 3474 καὶ
1496 3421 1778 3502 σχήματος
1804 3417 1897 3485 τὴν

317 3518 609 3589 περιϐολὴν
639 3518 732 3570 καὶ
774 3516 908 3586 πρὸς
938 3516 1035 3584 τὴν
1072 3512 1166 3566 τοῦ
1192 3511 1444 3564 Στουδίου
1478 3507 1644 3579 μονὴν
1674 3507 1900 3570 ἐπαγω-

314 3607 421 3676 γὴν
460 3607 527 3659 τὰ
549 3609 647 3675 τῆς
683 3607 836 3658 νόσου
896 3607 1119 3674 ὲρρἁσε
1157 3603 1251 3655 καὶ
1288 3601 1447 3669 ὑγιὴς
1477 3600 1506 3650 δ
1556 3598 1686 3665 πρὶν
1720 3594 1899 3647 θανεῖν

315 3698 763 3767 προσδοκήσιμος
805 3695 1177 3758 ἀποδέδεικτο,
1220 3693 1308 3746 διὰ
1336 3691 1515 3760 πάσης
1542 3685 1679 3760 ἦγεν
1711 3688 1738 3739 δ
1766 3686 1899 3738 Acti-

311 3807 421 3852 κας
442 3788 629 3843 τοῦτον
661 3789 822 3858 τιμῆς
875 3787 1062 3859 κύριόν
1110 3803 1166 3838 τε
1199 3786 1294 3839 καὶ
1342 3781 1563 3854 βασιλέα
1605 3777 1896 3835 ἀποκαλῶν

316 3882 411 3933 καὶ
434 3879 726 3950 προεδρίας
750 3877 938 3944 ἀξιῶν,
965 3876 1208 3946 ὁπηνίκα
1231 3874 1433 3942 φοιτῶν
1460 3869 1526 3943 ἦν
1548 3872 1682 3942 πρὸς
1711 3870 1893 3924 αὐτόν.

329 3969 550 4038 Ἐφοίτα
601 3969 656 4022 δὲ
699 3965 960 4037 συνεχῶς.
1016 3967 1133 4018 Οὐκ
1177 3963 1341 4018 αὑτὸν
1381 3963 1438 4015 δὲ
1471 3961 1632 4032 μόνον
1675 3957 1778 4030 ἦγε
1809 3959 1897 4012 διὰ

315 4061 507 4132 τιμῆς,
540 4061 674 4115 ἀλλὰ
696 4059 790 4113 καὶ
821 4059 882 4113 τὸ
909 4058 1100 4112 τούτου
1134 4055 1393 4126 συγγενὲς
1441 4054 1606 4119 ἅπαν,
1639 4055 1894 4122 γυναῖκα,

320 4153 415 4206 καὶ
441 4152 737 4225 θυγατέρα,
773 4151 866 4205 καὶ
898 4149 1144 4219 ἀδελφὺν,
1176 4147 1273 4201 καὶ
1316 4147 1440 4210 τοὺς
1480 4146 1697 4208 ἄλλους.
1754 4141 1896 4196 ‘AD.’

315 4248 344 4299 ὁ
371 4245 469 4315 μὲν
504 4247 785 4316 Κομνηνὸς
812 4244 1058 4299 ὲνιαυτδν
1105 4241 1352 4303 ἐπιϐιοὺς
1401 4239 1540 4310 μετὰ
1569 4237 1669 4309 τὴν
1702 4235 1894 4288 τούτου

317 4338 624 4408 ἀνάρρησιν
658 4336 931 4390 ἐτελεύτα.

2004 1764 2214 1830 videns,
2247 1780 2347 1820 nec
2380 1781 2607 1836 sperans
2638 1766 2820 1823 induci
2852 1767 3074 1824 fratrem
3108 1773 3174 1825 ad
3201 1773 3578 1843 imperandum

2002 1871 2188 1926 posse,
2232 1858 2298 1912 ad
2328 1857 2748 1914 Constantinum
2785 1861 2989 1917 Ducam
3037 1865 3198 1918 vertit
3247 1867 3461 1933 oculos,
3493 1868 3578 1922 vi-

2004 1963 2126 2001 rum
2183 1948 2368 2002 multis
2400 1949 2677 2018 praeclaris
2722 1952 2945 2007 dotibus
2979 1964 3256 2011 ornatum.
3290 1957 3370 2013 Re
3414 1959 3582 2030 igitur

2003 2053 2126 2092 cum
2159 2036 2324 2092 fratre
2355 2042 2784 2105 communicata,
2815 2043 2883 2096 de
2926 2044 3090 2113 hujus
3135 2051 3403 2102 sententia
3433 2053 3579 2107 tion-

2005 2128 2303 2182 stantinum
2337 2131 2683 2194 accersitum,
2721 2133 3024 2188 diademate
3063 2121 3262 2190 summi
3311 2140 3582 2212 principa-

2004 2231 2091 2276 tus
2119 2221 2316 2291 insigni
2349 2231 2596 2285 coronat,
2620 2223 2809 2292 sicque
2839 2225 2914 2278 illi
2940 2226 3465 2288 administrationem
3498 2246 3582 2290 at-

2004 2311 2194 2366 tribuit
2246 2310 2507 2366 Romana:
2541 2314 2641 2380 rei,
2687 2329 2929 2384 purpura
2982 2317 3098 2387 ipse
3147 2321 3300 2389 prius
3340 2326 3484 2395 regia
3523 2329 3579 2383 in

2005 2403 2306 2472 angelicum
2340 2405 2596 2460 monachi
2632 2405 2882 2461 habitum
2919 2417 3149 2465 mutata.
3183 2412 3396 2478 Quibus
3443 2419 3581 2476 actis

2004 2492 2246 2548 lsaacius
2267 2494 2485 2563 quidem
2525 2496 2576 2549 in
2604 2495 2779 2550 Studii
2813 2501 3209 2557 monasterium
3235 2505 3445 2563 delatus
3475 2521 3577 2567 est:

2004 2583 2180 2639 Ducas
2206 2599 2338 2640 vero
2366 2585 2626 2655 regimine
2654 2587 2867 2658 imperii
2903 2600 3122 2662 arrepto
3157 2609 3356 2667 magno
3395 2603 3578 2657 statim

2001 2677 2207 2747 impetu
2241 2680 2295 2733 in
2323 2678 2374 2733 id
2411 2679 2678 2746 incubuit,
2709 2690 2766 2737 ut
2799 2682 2850 2736 vi
2891 2691 3056 2754 atque
3092 2688 3315 2742 avaritia
3346 2691 3580 2751 sublatis

2003 2768 2434 2824 moderationem
2478 2771 2862 2842 justitiamque
2931 2775 3217 2833 induceret
3283 2779 3339 2835 in
3399 2799 3581 2841 mores

2003 2875 2275 2928 usumque
2321 2861 2529 2929 saeculi,
2568 2862 2622 2916 in
2664 2879 2774 2934 quo
2820 2873 2874 2919 et
2919 2865 3024 2938 23
3081 2883 3302 2939 operam
3337 2879 3577 2934 navavit.

2005 2951 2243 3030 Cernens
2265 2954 2465 3024 quippe
2486 2955 2773 3025 plerosque
2798 2972 2991 3027 magna
3017 2962 3219 3028 passim
3245 2964 3459 3021 licentia
3483 2985 3582 3036 per

2005 3043 2233 3114 injurias
2263 3043 2520 3114 grassari,
2549 3045 2658 3114 juri
2709 3045 2946 3102 dicundo
2978 3050 3278 3106 vacandum
3315 3055 3419 3109 sibi
3453 3056 3585 3111 dili-

2004 3142 2193 3205 genter
2240 3135 2449 3202 statuit,
2493 3151 2779 3205 personam
2815 3139 2867 3193 in
2894 3139 3105 3208 jmlieio
3150 3160 3259 3198 non
3309 3148 3584 3218 accipiens

2007 3226 2174 3297 (quod
2222 3234 2368 3281 vetat
2422 3228 2718 3298 PrOpheta)
2754 3246 2927 3300 neque
2960 3233 3038 3288 vel
3077 3234 3142 3287 ad
3180 3236 3457 3293 dexteram
3502 3243 3586 3295 vel

2007 3321 2073 3374 ad
2116 3319 2397 3376 sinistram
2440 3320 2744 3385 declinans,
2783 3322 2878 3376 sed
2916 3325 3000 3376 via
3035 3328 3289 3396 gradiens
3320 3333 3469 3399 regia
3499 3334 3586 3387 in-

2004 3409 2233 3476 juriosis
2271 3409 2492 3480 quidem
2520 3425 2745 3464 severus
2773 3420 2826 3464 et
2855 3423 3070 3467 austera
3095 3420 3399 3471 constantia
3435 3425 3589 3490 cupi-

2010 3499 2273 3552 ditatibus
2309 3500 2620 3567 iniquorum
2668 3515 2761 3568 per
2801 3501 2907 3553 vim
2945 3517 3008 3556 ac
3050 3502 3269 3560 fraudes
3299 3522 3589 3580 erumpen-

2011 3587 2153 3643 tibus
2183 3604 2502 3654 occursans,
2537 3590 2768 3658 injurias
2796 3607 2923 3647 vero
2955 3597 3281 3663 patientibus
3308 3599 3586 3660 ultro‘non

2009 3679 2302 3734 amicitiam
2338 3695 2402 3735 ac
2433 3681 2861 3738 benevolentiam
2900 3686 3075 3740 solum
3100 3728 3114 3749 ,
3159 3691 3250 3744 sed
3296 3691 3587 3758 blanditias

2007 3785 2158 3841 p;PllC
2187 3771 2450 3840 quasdam
2485 3772 2758 3826 tcnerrimi
2805 3773 3033 3831 aﬂectus
3072 3777 3280 3836 indices
3324 3782 3584 3841 ollerens.

2006 3859 2115 3915 Nec
2157 3877 2281 3914 vero
2311 3862 2451 3915 idem
2500 3877 2608 3916 non
2640 3865 2955 3933 gratissimo
2990 3883 3048 3922 se
3097 3871 3282 3927 animo
3326 3877 3586 3932 adversus

2005 3952 2215 4022 imperii
2251 3952 2590 4008 deccssorem
2627 3956 2811 4024 gessit.
2840 3957 2976 4013 Cum
3025 3961 3170 4015 enim
3222 3962 3292 4030 is,
3332 3976 3585 4035 suscepta

2008 4045 2238 4099 instituti
2270 4047 2555 4099 monastici
2588 4049 2927 4116 professione
2959 4065 3022 4104 ac
3061 4063 3230 4116 veste,
3267 4053 3586 4122 deportatus

2007 4135 2059 4188 in
2098 4135 2388 4189 Studiense
2427 4136 2737 4189 cmnobium
2768 4176 2783 4199 ,
2835 4136 2906 4191 ibi
2952 4149 3149 4207 pra-ter
3196 4156 3346 4210 spem
3397 4145 3588 4198 morbo

2005 4225 2256 4294 cmpissct
2290 4225 2541 4288 relevari,
2579 4225 2688 4278 into
2723 4241 2784 4279 ex
2831 4229 3160 4283 moribundo
3200 4233 3350 4300 prius
3379 4235 3588 4289 credito

2007 4320 2165 4388 plane
2205 4315 2314 4386 jam
2359 4315 2706 4368 convaluisse
2753 4316 3049 4383 videretur,
3112 4335 3330 4378 summo
3370 4340 3584 4394 semper

319 4434 526 4487 honore
555 4431 876 4486 observatos
910 4447 940 4484 a
975 4430 1118 4483 Duca
1149 4428 1439 4497 cultusque
1472 4431 1577 4482 est.
1637 4419 1921 4477 dominum
1966 4413 2118 4467 illum
2151 4420 2204 4463 et
2255 4409 2635 4476 imperatorem
2659 4407 2964 4477 appellante
2988 4426 3087 4465 nec
3113 4415 3302 4469 sedere
3333 4412 3586 4486 nisi'pos‘

317 4527 498 4595 ipsum
531 4526 859 4590 suStinente,
892 4523 1107 4594 quoties
1134 4523 1200 4578 ad
1235 4522 1414 4592 ipsum
1456 4517 1777 4581 accederet;
1854 4507 2140 4567 recedebat
2166 4512 2346 4558 autem
2423 4501 2882 4572 irequentissime.
2944 4504 3128 4575 Neque
3194 4523 3322 4564 vero
3345 4511 3445 4578 ipsi
3483 4502 3585 4567 soli

318 4622 583 4674 honorem
618 4619 830 4682 habuit,
873 4617 968 4672 sed
1005 4617 1191 4672 domui
1235 4630 1455 4686 quoque
1517 4612 1640 4684 ejus
1673 4626 1738 4664 ac
1797 4605 1980 4678 generi
2024 4602 2299 4663 universo,
2368 4599 2565 4660 uxori,
2621 4597 2763 4661 tilia),
2821 4597 2970 4652 fratri
3026 4608 3077 4653 et
3128 4600 3269 4655 aliis.
3319 4603 3584 4660 Cancrum

313 4713 632 4769 Comnenus
664 4725 810 4766 anno
855 4719 1048 4764 exacto
1098 4718 1220 4779 p0st
1251 4711 1726 4780 inaugurationem
1757 4702 2102 4764 Constantini
2133 4699 2367 4754 excessit
2394 4713 2423 4752 e
2454 4697 2611 4752 vivis.

392 4800 472 4866 ς’.
523 4802 580 4856 '0
609 4801 666 4854 δέ
719 4818 783 4868 γε
837 4800 1049 4864 Δοὺκας
1086 4803 1178 4854 ἐπὶ
1217 4802 1358 4856 ἑπτὰ
1396 4801 1541 4855 ἔτεσι
1579 4804 1692 4867 τοῖς
1743 4804 1900 4855 πᾶσιν

2083 4797 2137 4851 6.
2175 4793 2352 4848 Ducas
2379 4802 2558 4845 autem
2589 4791 2749 4846 annis
2773 4802 2976 4862 septem
3009 4793 3138 4848 totis
3159 4809 3226 4848 ex
3252 4795 3395 4862 juris
3424 4811 3487 4852 ac
3510 4798 3588 4854 le-

315 4893 563 4962 ὲννόμως
619 4892 720 4961 τὴν
779 4891 1062 4961 βασιλείαν
1113 4891 1400 4963 Ῥωμαίων
1437 4891 1624 4956 ίθύνας
1669 4893 1760 4946 τὸν
1789 4891 1904 4962 βίον

315 4988 415 5042 καὶ
454 4977 608 5047 οὗτος
633 4985 927 5038 κατέλυσε.
963 4983 1280 5053 Διαδέχεται
1323 4984 1380 5037 δὲ
1418 4984 1518 5055 τὴν
1565 4984 1902 5054 βασιλείανὴ

314 5077 512 5131 τούτου
561 5076 808 5140 σύνοικος
838 5075 1068 5130 Εὐδοκία
1094 5075 1190 5128 σὺν
1221 5075 1442 5145 Μιχαὴλ
1473 5076 1568 5130 καὶ
1612 5077 1904 5130 Κωνσταν-

312 5171 453 5240 τίνῳ
517 5171 628 5233 τοῖς
681 5170 840 5224 παισί
891 5169 990 5240 (g).
1024 5169 1242 5239 Βραχὺν
1269 5168 1327 5221 δέ
1374 5185 1497 5222 τινα
1539 5169 1728 5238 χρόνον
1765 5169 1906 5238 μετὰ

314 5264 412 5318 τὸν
440 5261 534 5314 τοῦ
566 5260 745 5315 Δούκα
768 5261 1005 5315 θάνατον
1039 5262 1174 5314 καὶὸ
1207 5260 1629 5332 κουροπαλάτης
1661 5261 1906 5325 ἐπιϐιοὺς

2012 4904 2140 4960 gum
2182 4886 2502 4957 pra-scripto
2542 4885 2787 4938 Romana
2821 4899 2876 4937 re
2911 4871 3291 4940 administrata
3327 4903 3356 4942 e
3383 4888 3492 4945 vita
3531 4901 3589 4946 et

2010 4979 2127 5049 ipse
2159 4977 2412 5048 migravit
2448 4993 2464 5042 ;
2494 4975 2818 5031 succedente
2847 4975 2946 5045 ipsi
2989 4977 3111 5044 ejus
3148 4979 3379 5051 conjuge
3410 4981 3591 5038 Eudo-

2010 5079 2116 5140 cia,
2145 5091 2270 5131 cum
2300 5075 2568 5129 Michaelc
2598 5073 2910 5128 Andronico
2937 5081 2992 5128 et
3019 5073 3383 5134 Conistantino
3438 5080 3586 5136 tiliis.

2012 5169 2122 5226 Nec
2173 5170 2346 5223 multo
2403 5175 2526 5238 post
2586 5165 2745 5222 Ducas
2798 5166 3005 5220 obitum
3065 5175 3307 5238 tempore
3349 5169 3590 5227 Joannes

2013 5278 2234 5334 quoque
2256 5261 2573 5315 Comnenus
2597 5259 2940 5327 campalates
2978 5269 3183 5316 natura:
3210 5262 3452 5318 debitum
3483 5266 3590 5339 2‘

1592 5401 1760 5464 Petri
1806 5401 2055 5464 Possini
2091 5406 2278 5462 notae.

394 5556 469 5624 (9)
518 5555 588 5611 Ἡ
617 5556 832 5611 τούτου
881 5556 1165 5618 σύνοικος
1208 5552 1468 5624 Εὑὸοκία
1501 5552 1625 5624 σὺν
1658 5553 1901 5622 Μιχαὴλ

318 5623 430 5678 καί
467 5626 902 5688 Κωνσταντίνῳ
942 5624 1065 5690 τοῖς
1089 5625 1283 5677 παισί.
1323 5623 1414 5676 Sic
1450 5624 1565 5676 haec
1597 5623 1650 5676 in
1678 5639 1782 5678 ms.
1821 5623 1899 5676 Ie-

319 5696 614 5762 gebantur.
651 5696 758 5750 Nos
797 5710 923 5750 cum
965 5709 1028 5748 ex
1085 5693 1187 5746 hac
1223 5692 1430 5762 reliqua
1467 5693 1697 5762 historia
1732 5695 1901 5748 scire-

320 5760 443 5821 inus
498 5776 607 5822 tres
654 5765 874 5823 relictos
924 5762 1250 5833 superstites
1288 5760 1426 5818 tilios
1466 5777 1494 5816 a
1536 5760 1902 5818 Constantino

2009 5551 2177 5613 Duca,
2201 5551 2302 5605 sub
2330 5565 2462 5604 cura
2492 5545 2746 5603 Eudocia:
2775 5546 2999 5611 matris;
3034 5561 3133 5602 nec
3167 5548 3424 5604 ullum'cx
3460 5549 3593 5618 ipsis

2009 5622 2393 5678 Constantiqu
2455 5627 2728 5677 vocatum,
2782 5625 2836 5670 et
2886 5618 3182 5673 Andronici
3233 5619 3587 5687 praetermissi

2014 5692 2342 5746 mentionem
2376 5688 2770 5758 supplevimus.
2813 5698 2868 5742 et
2910 5687 3216 5742 Constantii
3275 5688 3592 5758 appellatio-

2016 5776 2138 5816 nem
2179 5762 2244 5816 ad
2275 5775 2464 5815 verum
2486 5757 2642 5815 tertii
2685 5757 2938 5815 Eudociae
2978 5758 3076 5815 lilii
3129 5771 3329 5813 nomen
3373 5757 3592 5813 reduxi-
