4088 6208
470 368 547 430 1,7
659 445 669 452 _
1680 345 1856 406 N-ICE
1868 344 2079 405 PHOBJ

2183 341 2510 406 :RYENNII
3653 333 3722 396 48

481 447 669 530 solvit,
711 463 833 518 filiis
861 473 919 518 nt
963 460 1073 517 dixi
1110 465 1312 531 relictis
1358 468 1510 526 octo,
1539 459 1782 529 quinque
1808 458 2052 513 maribus

2183 455 2537 530 ἐπελεύτησε]
2580 454 2775 517 παῖδας
2825 453 2970 507 ὀκτὼ
3021 448 3359 515 καταλιπὼν,
3398 447 3474 512 ὡς
3509 449 3538 502 ὀ
3570 447 3726 517 λόγος

472 571 539 616 .et
588 558 763 614 tribus
796 554 1050 620 feminis,
1090 569 1232 625 quos
1273 567 1464 610 omnes
1509 560 1684 607 mater
1733 551 2054 606 educatione

479 657 750 705 accurata
822 646 1014 715 dignos
1053 646 1196 700 avita
1229 643 1510 698 nobilitate
1547 640 1802 696 reddidit.
1840 639 2054 693 Puella-

489 758 610 797 rum
641 741 784 804 dure,
815 745 968 806 patre
1007 735 1186 790 adhuc
1211 734 1445 799 vivente,
1479 731 1759 787 collocata!
1784 729 1917 782 viris
1955 743 2055 782 no-

487 833 688 887 bilibus
722 815 776 883 et
803 825 1168 896 locupletibus
1197 823 1433 878 fuerant.
1477 821 1650 890 Major
1675 820 1894 889 quidem
1926 825 2056 870 natu

487 921 659 975 Maria
710 912 984 970 Taronitre
1023 913 1270 968 Micliaeli
1296 952 1312 977 ,
1355 911 1588 966 Eudocia
1622 924 1774 976 vero,
1819 907 2058 963 secundo

489 1021 613 1086 post
631 1013 771 1064 lianc
799 1004 1305 1079 genita,Melisseno
1323 1001 1645 1071 Niceplioro,
1667 1000 1783 1054 viro
1805 996 2057 1068 prudenti

488 1117 542 1159 et
569 1101 850 1173 praeclaro,
873 1098 966 1167 qui
1001 1106 1282 1165 paternum
1310 1109 1341 1149 e
1372 1092 1582 1148 Mortiis
1606 1092 1841 1147 ducebat
1865 1106 2055 1161 genus.

488 1195 768 1249 Postrema
812 1189 1101 1246 Tbcodora
1137 1197 1254 1257 post
1282 1187 1449 1256 patris
1480 1193 1708 1238 mortem
1744 1183 1934 1237 matris
1964 1197 2060 1236 vo-

487 1285 694 1338 luntate
718 1281 900 1350 nupsit
928 1278 1306 1341 Constantino,
1340 1275 1589 1344 Diogenis
1615 1273 1726 1344 jam
1745 1271 2061 1342 imperantis

490 1376 624 1440 lilio,
656 1372 821 1427 nobili
854 1370 1069 1440 quidem
1103 1368 1175 1421 illi
1211 1380 1483 1435 manuque
1514 1373 1784 1434 prompto,
1811 1362 1905 1417 sed
1941 1376 2061 1416 mo-

487 1467 647 1520 ribus
677 1479 784 1517 non
817 1476 987 1530 usque
1028 1457 1164 1512 adeo
1189 1457 1442 1519 laudatis,
1483 1465 1541 1509 ut
1570 1454 1765 1509 deinde
1790 1451 2059 1523 apparuit.

494 1560 770 1612 llactenus
799 1556 864 1608 de
888 1551 1112 1606 Joannis
1146 1549 1378 1603 filiabus.
1411 1545 1671 1601 Filiorum
1702 1560 1830 1600 vero
1851 1543 2064 1598 Manuel

489 1648 716 1720 quidem
745 1644 1156 1715 priinogenitus,
1191 1650 1346 1710 patre
1378 1639 1556 1692 adhuc
1581 1637 1896 1705 superstite,
1927 1634 2065 1688 tole-

493 1757 617 1796 rare
668 1739 917 1794 militiam
953 1737 1065 1806 jam
1117 1743 1394 1804 cmperat,
1429 1732 1694 1798 factisque
1730 1727 1957 1783 fortibus
1986 1724 2069 1778 di-

2159 552 2370 620 φθάσας
2407 550 2660 618 ἐδήλωσε,
2726 546 2887 598 πέντε
2922 546 3021 616 μὲν
3053 547 3316 617 άρρενας,
3363 542 3513 613 τρεῖς
3545 540 3602 593 δὲ
3629 541 3726 611 θη-

2158 641 2327 706 λείας,
2351 639 2444 704 οὓς
2478 642 2508 710 ὴ
2548 641 2729 710 μήτηρ
2777 640 3025 699 ἃπαντας
3065 635 3248 697 καλῶς
3301 631 3728 702 ἀναθρεψαμένη

2159 735 2340 798 ἀξίους
2369 733 2462 785 τοῦ
2517 729 2710 798 γένους
2752 727 3056 793 ἀπέδειξεν.
3099 724 3240 779 Ἀλλ’
3265 725 3321 777 αί
3355 723 3454 793 μὲν
3488 722 3584 775 δύο
3619 722 3732 774 τῶν

2161 825 2474 894 θυγατέρων
2503 821 2695 875 ἐτιτοῦ
2727 819 2929 890 πατρὸς
2960 817 3242 888 περιόντος
3269 816 3529 888 ἀνδράσιν
3559 813 3733 885 ἡρμό-

2163 917 2368 984 σθησαν
2396 913 2505 966 τῶν
2535 908 2593 966 εὖ
2625 911 2926 981 γεγονότων
2971 910 3067 962 καὶ
3100 907 3317 977 πλούτῳ
3347 904 3673 977 κομώντων·
3694 907 3728 973 ἠ

2165 1009 2264 1079 μὲν
2299 1006 2646 1079 πρεσϐυτέρα
2674 1002 2864 1074 Μαρία
2891 1001 2970 1073 τῷ
3004 999 3295 1072 Ταρωνίτῃ
3329 997 3574 1068 Μιχαὴλ,
3601 999 3636 1068 ἠ
3671 997 3732 1051 δὲ

2165 1101 2282 1172 μετ’
2340 1099 2555 1168 ἐκείνην
2601 1097 2834 1151 Εὐδοκία
2893 1093 2972 1165 τῷ
3022 1090 3351 1162 Μελισσηνῷ
3404 1090 3730 1160 Νικηφόρῳ,

2163 1191 2316 1261 ἀνδρὶ
2366 1188 2609 1258 νουνεχεῖ
2645 1202 2704 1239 τε
2739 1183 2833 1238 καὶ
2887 1181 3200 1253 θαυμασίῳ,
3245 1179 3301 1243 ὃς
3361 1177 3630 1248 πατρόθεν
3674 1180 3730 1240 ἐς

2163 1280 2432 1350 Μορτίους
2461 1278 2526 1330 τὸ
2549 1277 2704 1344 γένος
2735 1275 2988 1344 ἀνέφερε.
3029 1273 3144 1342 Τὴν
3172 1269 3231 1323 δέ
3269 1287 3332 1338 γε
3358 1269 3597 1339 ὑστάτην
3625 1285 3732 1321 πασ

2168 1372 2275 1424 σῶν
2299 1369 2579 1440 Θεοδώραν
2640 1366 2779 1438 μετὰ
2815 1364 2907 1418 τὸν
2944 1363 3041 1418 τοῦ
3087 1362 3293 1432 πατρὸς
3335 1361 3500 1431 μόρον
3527 1359 3606 1429 τῷ
3638 1357 3732 1412 τοῦ

2167 1462 2449 1530 Διογένους
2503 1459 2606 1530 υἱῷ
2662 1456 3082 1524 Κωνσταντίνῳ,
3121 1453 3214 1506 τοῦ
3275 1453 3482 1523 πατρὸς
3525 1450 3629 1521 ήδη
3667 1450 3737 1503 τὰ

2181 1551 2469 1621 Ῥωμαίων
2493 1548 2748 1618 σκῆπτρα
2776 1545 2981 1598 διέπειν
3025 1542 3304 1613 λαχόντος,
3333 1543 3364 1612 ἡ
3401 1542 3585 1612 μήτηρ
3609 1555 3738 1592 συν-

2170 1644 2411 1716 ήρμοσεν
2445 1639 2691 1710 ὕστερον,
2724 1635 2876 1704 ἀνδρὶ
2908 1635 3121 1702 εὐγενεῖ
3153 1631 3252 1702 μὲν
3289 1629 3548 1684 καὶκατὰ
3580 1630 3741 1699 χεῖρα

2172 1737 2426 1807 γενναίῳ,
2455 1735 2547 1786 τὸν
2575 1732 2632 1785 δέ
2655 1750 2716 1799 γε
2738 1729 2939 1801 τρόπον
2957 1727 3019 1780 οὐ
3039 1725 3177 1780 πάνυ
3199 1743 3250 1778 τι
3279 1724 3391 1779 δντι
3418 1721 3740 1789 ἐπαινετέῳ,

495 1847 658 1902 gnum
694 1845 752 1885 se
783 1829 1049 1898 majorum
1083 1825 1202 1880 loco
1234 1839 1298 1878 ac
1329 1822 1496 1892 gloria
1525 1822 1776 1891 probare.
1813 1817 2067 1872 Proxime

2183 1793 2243 1893 ii;
2272 1827 2342 1882 τά
2361 1793 2589 1897 ύστερον
2623 1793 2842 1888 ἔδειξεν.
2892 1820 3032 1873 Ἀλλ’
3056 1818 3200 1872 οὕτω
3243 1817 3341 1888 μέν
3367 1816 3436 1870 τὰ
3471 1813 3612 1868 κατά
3643 1813 3743 1875 τὰς

493 1926 564 1978 ab
606 1925 698 1978 illo
733 1931 895 1976 natus
931 1920 1168 1974 lsaacius
1201 1916 1388 1971 fratris
1424 1914 1646 1984 majoris
1686 1909 1911 1979 vestigia
1945 1923 2067 1977 pre-

497 2015 706 2068 mebat.
745 2012 961 2066 Tertius
988 2019 1168 2065 autem
1213 2007 1436 2062 Alexius
1465 2007 1646 2075 lepore
1675 2018 1739 2056 ac
1766 2001 1938 2071 gratia
1982 2013 2067 2050 re-

496 2107 750 2160 dundans
782 2120 938 2174 puer,
975 2118 1070 2157 ore
1107 2100 1357 2170 protinus
1403 2099 1522 2168 ipso
1566 2111 1628 2150 ac
1666 2094 1820 2148 vultu
1859 2090 2070 2146 elllore-

496 2209 738 2252 scentem
773 2196 1021 2265 ingenuae
1069 2189 1376 2245 venustatis
1431 2186 1750 2242 suavitatem
1792 2195 2070 2250 nunquam

502 2294 555 2342 in
587 2288 696 2341 ullo
727 2286 897 2339 visam
919 2279 1273 2354 ,prazferebat,
1311 2279 1486 2332 fronte
1517 2288 1730 2343 semper
1768 2270 1949 2334 hilari,
1987 2285 2074 2323 re-

502 2379 691 2432 nitenti
745 2375 904 2440 facie,
937 2371 1116 2427 arrisu
1165 2367 1467 2435 obtutuque
1511 2361 1846 2433 spirantibus
1889 2357 2076 2413 nescio

503 2471 631 2539 quid
664 2468 944 2533 blandum;
965 2461 1240 2532 exemplar
1264 2459 1376 2530 jam
1404 2469 1518 2512 tum
1543 2455 1720 2510 laudis
1750 2452 1954 2515 omnis,
1987 2451 2074 2504 cui

503 2563 708 2618 frustra
743 2560 925 2628 quivis
971 2553 1264 2624 quantavis
1305 2551 1477 2604 l'rrtus
1525 2545 1777 2601 facultate
1806 2557 1987 2613 parem
2019 2555 2078 2594 se

505 2643 942 2705 commendando
967 2647 1208 2710 speraret
1225 2637 1362 2702 fore,
1388 2637 1522 2688 adeo
1547 2632 1814 2686 variarum
1833 2631 1886 2683 in
1913 2641 2080 2682 unum

505 2742 716 2797 dolium
752 2748 806 2792 et
835 2743 1275 2791 ornamentorum
1305 2727 1412 2798 25
1446 2723 1732 2782 conﬂuxus
1765 2720 2082 2777 rarissimus

507 2831 895 2904 pzazdicatioue
946 2825 1285 2895 superiorem
1340 2818 1489 2873 omni
1535 2816 1788 2887 juvenem
1847 2811 2080 2874 fecerat;

510 2897 745 2996 primum
783 2934 814 2974 a
849 2925 1043 2972 natura
1078 2911 1223 2967 velut
1253 2911 1319 2964 ad
1353 2921 1587 2978 unguem
1622 2902 1823 2958 factum
1845 2941 1860 2968 ,
1891 2897 2085 2954 deinde

508 3019 709 3069 virtute
745 3007 984 3066 numeris
1009 3012 1258 3060 exactum
1296 2999 1574 3064 omnibus,
1607 3004 1661 3050 et
1687 2995 1835 3049 velut
1867 2990 1934 3046 ad
1961 3003 2084 3059 spe-

2169 1922 2336 1990 κόρας
2362 1915 2583 1986 συνέϐη.
2624 1913 2894 1986 ’Λρρένων
2919 1911 2977 1964 δὲ
3005 1911 3210 1962 παίδοιν
3252 1909 3282 1960 ὁ
3341 1905 3440 1976 μὲν
3485 1902 3744 1972 Μανουὴλ

2169 2009 2375 2080 πατρὸς
2399 2007 2480 2060 ἔτι
2497 2004 2776 2075 περιόντος
2802 1999 3115 2074 στρατεύειν
3132 2015 3193 2053 τε
3221 1997 3442 2070 ἧρξατο,
3488 1997 3582 2050 καὶ
3607 1995 3745 2066 πρὸς

2174 2102 2405 2174 μίμησιν
2451 2098 2560 2152 τῶν
2601 2093 3004 2168 πραχθέ[ντ]ων
3029 2092 3228 2150 ἑαυτὸν
3269 2088 3516 2155 ἀποξέων
3543 2087 3744 2142 ἐσπευ-

2170 2195 2260 2249 δεν
2309 2191 2580 2261 ἀποϐῆναι
2636 2189 2843 2241 τούτων
2881 2185 3123 2250 ἐπάξιος.
3171 2183 3228 2236 Ὀ
3280 2182 3337 2235 δὲ
3384 2181 3503 2251 μετ’
3538 2180 3747 2233 ἐκεῖνον

2186 2282 2452 2344 Ἰσαάκιος
2483 2281 2595 2344 τοῖς
2621 2275 2885 2346 τάδελφοῦ
2920 2275 3061 2329 κατά
3091 2273 3260 2335 πόδας
3296 2272 3482 2324 εἵπετο
3519 2270 3744 2340 ἴχνεσιν.

2190 2376 2247 2430 Ὀ
2277 2376 2322 2428 δ’
2355 2373 2423 2429 αὐ
2444 2373 2626 2443 τρίτος
2660 2370 2894 2436 Ἀλέξιος
2946 2366 3216 2421 παντοίων
3259 2360 3326 2436 ἦν
3349 2362 3587 2434 χαρίτων
3616 2361 3746 2416 ἀνά-

2179 2467 2358 2526 πλεως
2379 2480 2392 2494 ·
2425 2463 2584 2533 χάρις
2609 2461 2719 2532 γὰρ
2755 2459 2982 2530 ἐπήνθει
3029 2457 3107 2528 τῷ
3136 2455 3414 2526 προσώπῳ
3461 2453 3655 2507 ὁποίαν
3685 2449 3747 2504 οὐ

2180 2572 2261 2618 τις
2297 2555 2356 2606 ἐν
2387 2553 2533 2623 ἄλλῳ
2562 2551 2825 2605 ἐθεάσατο
2871 2547 3116 2613 πώποτε,
3152 2546 3247 2600 καὶ
3288 2544 3513 2615 φαιδρὸς
3549 2539 3618 2614 ἦν
3661 2540 3752 2595 ἀεὶ

2182 2647 2278 2702 καὶ⁸
2309 2643 2651 2715 ἀγαθοσύνης
2681 2641 2986 2704 ἀνάπλεως.
3023 2638 3133 2694 Καὶ
3163 2638 3218 2692 τί
3252 2637 3319 2692 ἀν
3340 2654 3424 2700 τις
3451 2638 3595 2691 εῐποι
3623 2632 3753 2705 περὶ

2182 2735 2374 2790 τούτου
2407 2734 2481 2798 ὡς
2509 2731 2803 2802 δυνηθῆναι
2830 2730 2956 2793 τοὺς
2987 2729 3180 2798 λόγους
3209 2726 3466 2792 ἐξισῶσαι
3497 2727 3617 2786 ταις
3642 2722 3752 2776 τῶν

2182 2827 2329 2898 ἠθῶν
2354 2823 2606 2894 ἀγλαΐαις
2639 2821 2736 2875 καὶ
2767 2822 2888 2883 ταῖς
2905 2820 3002 2890 τῆς
3029 2817 3208 2890 ψυχῆς
3235 2817 3506 2887 έάρεταῖςς
3549 2813 3753 2866 Παντο-

2184 2917 2352 2971 δαπδν
2405 2911 2472 2986 ἦν
2538 2911 2728 2983 χρῆμα
2804 2908 3042 2980 φυσικῆς
3089 2924 3149 2960 τε
3205 2906 3300 2961 καὶ
3361 2899 3753 2976 προαιρεμκῆς

2187 3006 2568 3078 κοσμιότητος,
2593 3002 2688 3059 καὶ
2707 2995 2820 3056 οἷόν
2841 3018 2896 3055 τι
2935 2999 3220 3054 κάλλιστον
3254 2996 3333 3068 τῷ
3373 2995 3473 3066 βίῳ
3495 2993 3754 3062 ἀνάθημα

508 3108 686 3162 cimcn
722 3099 881 3156 cilicii
931 3092 1278 3152 admirationi
1314 3087 1656 3160 propositum
1695 3083 1872 3141 aetatis
1920 3094 2033 3137 suae
2064 3119 2076 3144 ,

2186 3103 2250 3154 ἐκ
2273 3101 2416 3154 δυοῖν
2441 3101 2555 3151 τοῖν
2593 3095 2858 3150 ἐναντίοιν
2909 3095 3301 3163 συγκείμενον·
3342 3089 3601 3158 ὀξύτατος
3643 3088 3754 3155 γάρ

511 3193 659 3266 quod
690 3207 777 3247 res
818 3187 1123 3244 contrarias
1161 3182 1318 3252 vulgo
1353 3179 1605 3241 creditas,
1644 3177 1698 3230 in
1736 3189 1794 3231 se
1826 3169 2084 3228 concilia-

519 3297 605 3344 ret
631 3286 1026 3352 conllaretqne,
1060 3275 1323 3332 fervidam
1373 3280 1766 3338 actuosamque
1807 3274 2084 3331 naturam,

521 3387 576 3434 et
607 3370 1083 3431 mansuetudinem
1124 3363 1283 3420 irasci
1323 3361 1587 3416 nesciam.
1619 3355 1859 3427 lmpubis
1885 3353 2084 3419 adhuc,

512 3480 724 3526 extorto
747 3466 799 3520 vi
824 3461 1058 3535 quadam
1085 3471 1355 3513 consensu
1380 3452 1592 3519 matris,
1618 3460 1837 3506 secutus
1866 3445 2086 3501 fratrem

513 3562 812 3617 exercitum
843 3557 1158 3610 ductantem
1199 3550 1433 3604 militare
1474 3547 1638 3617 coepit
1668 3545 1786 3616 ejus
1831 3539 2088 3611 auspiciis

515 3660 569 3703 et
599 3643 896 3716 specimina
944 3637 1278 3692 fortitudinis
1324 3649 1586 3705 praecocis
1634 3640 1759 3686 ante
1798 3629 2086 3698 legitimam

517 3749 726 3794 tctalcln
761 3732 922 3787 cdere
961 3737 1116 3782 scuto
1151 3728 1284 3779 scite
1315 3726 1576 3794 gestando
1607 3722 1871 3790 hastaque
1916 3717 2091 3772 valide

515 3844 582 3882 ac
615 3805 782 3894 perite
805 3817 1117 3891 quatieuda.
1138 3814 1317 3880 Quare
1339 3814 1451 3882 jam
1483 3820 1598 3867 tum
1633 3812 1686 3866 in
1721 3825 1818 3866 ore
1848 3817 2011 3878 atque
2037 3807 2088 3860 in

513 3914 910 3990 praedicatione
942 3907 1188 3964 omnium
1215 3904 1342 3961 fuit.
1375 3902 1481 3974 sed
1514 3917 1634 3972 qua:
1669 3901 1816 3955 hunc
1851 3904 2096 3968 spectant

509 3987 729 4078 .reliqua
754 3997 1073 4058 sustinenda
1101 3993 1530 4065 suntpaululnm
1565 4008 1580 4046 :
1609 3989 1790 4062 quoad
1813 3987 2096 4061 explicatis

519 4103 613 4167 iis,
641 4075 766 4169 quae
791 4094 978 4165 priora
1015 4097 1142 4147 sunt
1174 4087 1385 4150 ordine,
1418 4082 1655 4140 secundo
1689 4080 1903 4135 demum
1947 4075 2094 4131 fluxu

522 4203 578 4254 in
606 4184 999 4256 consequentia
1042 4195 1225 4236 sermo
1271 4177 1577 4233 delabatur.
1623 4174 1799 4242 Atque
1825 4169 1956 4224 illud
1987 4169 2099 4239 pii-

525 4297 676 4338 nium
730 4277 799 4332 dc
858 4275 1074 4329 duobus
1133 4272 1427 4342 postremis
1472 4265 1731 4321 fratribus
1782 4260 2096 4324 libandum,

522 4373 766 4430 Adriano
797 4369 1056 4422 nimirum
1081 4373 1133 4420 et
1161 4361 1492 4432 Niceplioro,
1517 4355 1928 4413 commendatos
1956 4352 2098 4406 serio

2190 3192 2266 3246 ὣν
2293 3191 2620 3263 ξυμπάντων
2652 3182 2728 3241 ὧν
2761 3185 2916 3240 αὐτοὶ
2942 3183 3250 3255 τεθεάμεθα
3288 3183 3384 3238 καὶ
3412 3179 3756 3251 δραστηριώ-

2188 3301 2376 3348 τατος,
2415 3282 2558 3335 οὕτω
2583 3279 2896 3351 πραοτάτην
2927 3276 3198 3330 ἐδείκνυτο
3219 3273 3317 3345 τὴν
3353 3271 3530 3343 ψυχὴν
3559 3273 3632 3334 ὡς
3668 3286 3758 3340 μι-

2190 3378 2324 3452 κρῠῦ
2361 3377 2472 3430 δεῖν
2507 3375 2599 3428 καὶ
2630 3372 2888 3443 ἀκίνητον
2929 3369 3064 3440 πρὸς
3091 3367 3258 3438 ὀργὴν
3289 3365 3480 3420 ἑαυτὸν
3515 3361 3755 3431 ἀποφαί-

2192 3466 2508 3525 νειν.σῦπω
2531 3463 2588 3518 δὲ
2624 3462 2722 3533 τὴν
2754 3461 2894 3533 ἥϐην
2939 3457 3186 3531 ὑπερϐὰς
3234 3456 3477 3520 ἐϐιάζετο
3512 3453 3608 3523 τὴν
3655 3467 3759 3522 μη-

2192 3563 2332 3633 τέρα
2363 3558 2449 3631 [Ρ.
2489 3554 2584 3628 2η
2613 3551 3020 3620 συνεκπέμπειν
3072 3551 3164 3604 καὶ
3213 3547 3377 3603 αὐτὸν
3403 3547 3478 3615 τῷ
3503 3542 3716 3610 ἀδελφῷ
3738 3557 3753 3572 ο

2193 3631 2385 3721 ἀμέλει
2442 3647 2536 3701 καὶΙ
2587 3642 2871 3709 ξυνείπετο
2927 3638 3103 3710 τούτῳ
3143 3635 3536 3709 στρατηγοῦντι
3569 3634 3661 3687 καὶ
3692 3631 3759 3682 τά

2192 3739 2294 3810 τῆς
2331 3736 2533 3808 ἀρετῆς
2554 3733 2661 3803 πρὸ
2683 3733 2784 3802 τῆς
2809 3729 3150 3798 τελειότητος
3175 3726 3448 3780 ἐδείκνυτο
3485 3723 3578 3777 acati.
3596 3721 3760 3782 σάκος

2196 3823 2380 3894 φέρων
2417 3820 2514 3874 καὶ
2538 3819 2665 3888 δόρυ
2691 3815 2997 3888 κραδαίνων
3022 3815 3097 3879 ὠς
3118 3815 3335 3885 ἄριστα,
3365 3813 3458 3867 καὶ
3476 3811 3563 3865 διὰ
3591 3809 3762 3879 γλώτ-

2193 3930 2294 3984 της
2331 3907 2400 3982 ἦν
2467 3910 2722 3963 ἁπάντων
2770 3907 2950 3970 εὐθύς.
2978 3907 3060 3960 Τά
3103 3905 3204 3976 μὲν
3233 3903 3327 3958 οὖν
3371 3903 3514 3958 κατὰ
3572 3901 3761 3954 τοῦτον

2198 4001 2550 4074 ἀναμεινάτιο
2571 3999 2787 4071 μικρὸν,
2817 4001 2844 4052 ό
2874 3998 3031 4066 λόγος
3063 3997 3108 4050 δ’
3154 3996 3362 4068 ἐχέσθω
3384 3995 3484 4060 τῆς
3520 3992 3763 4065 ἀρχῆθεν

2198 4092 2551 4157 ἀκολουθίας⁶
2606 4090 2750 4145 οὕτω
2784 4089 2894 4162 γὰρ
2957 4091 3025 4145 ἂν
3053 4090 3173 4144 καθ’
3213 4089 3404 4161 είρμδν
3456 4087 3763 4157 προϐαίνων

2199 4189 2278 4251 είς
2304 4186 2402 4248 τὰς
2434 4183 2626 4238 ἐαυτοῦ
2648 4185 3005 4252 καταντήσειε
3033 4179 3259 4252 πράξεις
3290 4179 3504 4248 πρῶτον
3529 4177 3767 4244 ἐπιμνη-

2203 4277 2348 4340 σθεὶς
2394 4277 2488 4330 καὶ
2539 4275 2648 4329 τῶν
2700 4273 2906 4327 λοιπῶν
2946 4271 3214 4340 ἀδελφῶν.
3255 4272 3464 4338 Ἥστην
3494 4267 3550 4320 δὲ
3593 4264 3768 4318 τούτω

2215 4362 2495 4434 Ἀδριανός
2522 4378 2600 4419 ¹τε
2649 4361 2744 4414 καὶ
2775 4360 3105 4431 Νικηφόρος,
3148 4353 3288 4428 οἴνή
3338 4358 3521 4429 μήτηρ
3569 4353 3768 4422 κομιδῇ

517 4465 716 4521 ambos
774 4461 951 4516 adhuc
999 4455 1260 4528 parvulos
1318 4470 1349 4508 a
1395 4460 1568 4507 matre
1607 4450 1776 4504 fuisse
1823 4443 2079 4516 magistri:

2205 4453 2346 4507 νέοιν
2391 4452 2566 4506 ὄντοιν
2595 4449 2950 4508 διδασκάλους
2976 4449 3320 4520 ἐπιστήσασα
3347 4447 3446 4517 τὴν
3479 4442 3768 4512 ἐγκύκλιον

528 4553 860 4615 lectissimis,
895 4548 990 4618 qui
1031 4546 1098 4600 ad
1129 4558 1350 4600 omnem
1391 4556 1485 4596 eos
1527 4539 1862 4594 eruditarum
1898 4535 2094 4588 artium

526 4647 849 4719 elegantiam
886 4657 992 4696 non
1023 4634 1389 4706 perfunctorie
1424 4632 1743 4687 formarent.

595 4717 648 4795 7t
690 4736 940 4792 Romano
975 4733 1194 4800 Diogeni
1231 4730 1297 4783 ad
1336 4726 1697 4796 principatum
1742 4729 1948 4785 evecta,
1980 4717 2097 4774 Ma-

520 4827 654 4881 nttel
685 4827 1088 4880 Coninenoruui
1136 4826 1269 4872 natu
1300 4816 1571 4870 maximus
1621 4823 1808 4884 gratus
1832 4813 2015 4867 statim
2044 4813 2096 4866 in

529 4918 716 4988 paucis
755 4915 922 4984 coepit
952 4926 1111 4979 esse;
1144 4910 1410 4978 istiusque
1447 4907 1643 4977 pignus
1684 4905 1876 4976 gratiae
1908 4914 2098 4974 proto-

532 5008 782 5063 stratoris
825 5005 1140 5076 dignitatem
1173 5002 1407 5071 primum
1430 5039 1444 5064 ,
1483 5008 1597 5053 tum
1633 5013 1740 5052 non
1789 4999 1947 5066 longe
1979 5003 2100 5067 post

523 5113 776 5167 tempore
805 5095 1163 5150 Orientalium
1202 5090 1539 5145 exercituum
1572 5102 1881 5158 supremam
1910 5087 2102 5156 praefe-

448 5190 456 5198 '
523 5203 743 5246 cini-ain
800 5189 1009 5242 habuit.
1063 5184 1312 5254 Trajecta
1363 5179 1528 5254 igitur
1574 5180 1903 5251 Propontide
1954 5181 2102 5234 circa

521 5285 796 5342 (ialatiam
827 5276 1358 5343 inorabatur,Turcis
1377 5276 1488 5345 jam
1508 5274 1891 5346 incipientibus
1906 5271 2103 5328 Oriena

535 5382 666 5432 tales
701 5371 1001 5444 depraedari
1053 5370 1325 5441 regiones.
1371 5367 1606 5434 Quinam
1640 5376 1822 5421 autem
1858 5373 1911 5420 et
1958 5363 2101 5419 unde

2202 4545 2496 4600 ἐπέταττεν
2525 4541 2942 4598 ἐκπαιδεύεσθαι
2977 4541 3275 4595 παίδευσιν.

2277 4730 2346 4790 ς’.
2377 4725 2536 4796 Ἀρτι
2575 4722 2747 4776 δὲκαὶ
2776 4720 2871 4775 τοῦ
2905 4720 3184 4788 Διογένους
3227 4713 3506 4785 Ῥωμανοῦ
3537 4712 3642 4766 τῶν
3674 4711 3772 4781 τῆς

2206 4815 2483 4888 βασιλείας
2511 4814 2714 4868 οἰάκων
2772 4811 3175 4880 ἐπειλημμένου
3231 4807 3445 4878 πρῶτος
3473 4803 3582 4857 τῶν
3617 4802 3770 4856 ἁδελ-

2204 4905 2322 4976 φῶν
2354 4903 2614 4972 Μανουὴλ
2644 4901 2890 4973 ᾠκείωτο
2933 4899 3012 4968 τῷ
3048 4896 3256 4967 βασιλεί
3302 4895 3399 4950 καὶ
3427 4891 3773 4964 πρωτοστράο

2203 5013 2315 5066 τωρ
2343 4994 2481 5065 πρὸς
2513 4991 2678 5046 αὐτοῦ
2731 4987 3100 5044 ἀποδέδεικτο.
3136 4985 3302 5040 Οὐπω
3332 4983 3521 5055 συχνὸς
3558 4981 3768 5051 παρερ-

2204 5084 2312 5157 ῥύη
2339 5083 2558 5154 καιρὸς,
2601 5080 2700 5136 καὶ
2739 5078 3044 5150 στρατηγὸς
3069 5077 3426 5147 αὐτοκράτωρ
3447 5074 3556 5127 τῶν
3588 5069 3772 5140 Ἐᾠων

2202 5178 2500 5248 ταγμάτων
2547 5171 2940 5244 προύϐέϐλητο.
2981 5168 3322 5238 Περαιωθεὶς
3362 5166 3457 5221 οὖν
3503 5165 3600 5237 τὴν
3630 5165 3775 5232 Προ-

2203 5267 2426 5322 ποντίδα
2453 5265 2582 5334 περὶ
2617 5261 2863 5325 Γαλάτας
2918 5258 3193 5329 ηὐλίζετο,
3244 5257 3346 5330 ἠδη
3374 5257 3486 5311 τῶν
3515 5254 3776 5325 Τούρκων

2206 5359 2530 5432 ἀρξαμένων
2587 5355 2656 5410 τά
2724 5355 2824 5425 τῆς
2863 5350 3034 5422 Ἐῲας
3062 5348 3369 5420 ληῖζεσθαι.
3425 5349 3582 5412 Τίνες
3609 5347 3665 5400 δὲ
3721 5346 3772 5398 οἱ

1799 5517 1968 5580 Petri
2006 5513 2256 5578 Possini
2300 5523 2487 5572 notaa.

521 5700 675 5742 mus.
733 5682 888 5750 Quod
944 5677 1340 5750 reprehendere
1398 5674 1594 5750 opinor
1655 5688 1816 5730 nemo
1859 5665 2095 5741 .poterit,
2133 5668 2226 5737 qui
2267 5667 2368 5726 hos
2422 5664 2857 5722 commentarios
2915 5677 2970 5717 et
3011 5671 3245 5718 exteros
3307 5663 3534 5717 istorum
3564 5666 3776 5726 tempo—

517 5774 640 5811 arun
669 5745 980 5824 scriptorcs
1004 5745 1496 5815 accuratelegerit.
