4070 6214
475 342 547 406 :55
1646 339 2070 402 NlCEPHORl
2109 339 2416 404 BRYENN
2427 341 2484 400 [Ι
3124 358 3142 370 '
3651 340 3729 403 εδ

475 454 551 507 sis
567 450 757 506 oculos
773 450 938 513 eruit,
989 450 1317 518 militesque,
1350 449 1444 520 qui
1471 450 1612 506 male
1667 463 2047 522 pugnaverant

2167 450 2354 519 ρλωσε,
2409 453 2537 514 τοὺς
2567 449 2622 504 δὲ
2668 450 2760 504 τὸν
2807 451 3057 505 κίνδυνον
3091 449 3514 522 ἁποδράσαντας
3567 468 3732 523 στρα-

475 543 782 599 minabatur
811 543 1175 614 ignominiose
1199 542 1578 599 traducturum
1611 559 1670 600 se
1693 545 2052 600 muliebribus

476 635 542 690 ad
589 617 884 690 ludibrium
907 633 1079 688 ~stolis
1117 633 1360 690 indutos.
1398 633 1514 704 ipse
1545 635 1765 690 interim
1797 637 2054 692 armabat

475 726 888 796 instruebatque
917 739 978 780 se
1003 726 1070 780 ad
1102 741 1214 781 rem
1258 740 1352 796 per
1401 741 1461 782 se
1498 740 1623 781 cum
1653 725 2054 798 Strangolipide

476 819 790 889 gerendam.

546 909 598 964 9.
656 908 922 964 Caeterum
975 911 1068 980 qni
1133 910 1258 981 fuga
1281 926 1345 965 ex
1381 909 1561 981 priore
1615 911 1804 983 prmiio
1853 910 2052 965 servati

476 1007 631 1054 erant
658 999 881 1063 milites,
905 1010 1052 1056 metu
1077 1000 1388 1069 ignominia:
1434 1015 1498 1056 ac
1516 1001 1787 1055 minarum
1821 999 2054 1054 Muchuo

476 1091 640 1147 metis
707 1091 912 1161 passim
953 1090 1020 1146 ad
1094 1089 1554 1162 Strangolipidem
1592 1089 2054 1163 transfugiebant,

476 1182 569 1252 qui
609 1181 802 1236 fiducia
839 1181 970 1237 tanti
1028 1181 1392 1252 supplementi
1441 1181 1741 1237 contractis
1765 1183 1818 1236 in
1885 1197 2054 1237 unum

479 1275 649 1343 copiis
691 1274 806 1344 jam
840 1273 1095 1331 omnibus
1135 1275 1420 1344 occupavit
1470 1274 1580 1345 29
1633 1275 1698 1330 ad
1742 1273 2056 1330 Mucheme-

481 1373 586 1417 tem
619 1364 762 1420 ultro
825 1365 1004 1436 ipsum
1051 1365 1328 1432 invadere,
1363 1381 1604 1436 pugnare
1650 1381 1774 1422 cum
1800 1366 1891 1422 illo
1910 1364 2057 1436 iusta

479 1454 617 1520 acie,
663 1455 902 1526 totisque
945 1455 1152 1512 viribus
1190 1465 1246 1512 et
1295 1458 1483 1527 prrelio
1535 1458 1838 1514 decretorio
1877 1457 2059 1526 jacere

482 1546 655 1600 aleam
685 1561 914 1602 summa:
944 1547 1018 1603 rei
1068 1557 1270 1603 certus.
1301 1544 1407 1602 Sed
1433 1557 1487 1603 et
1519 1548 1609 1603 ille
1634 1548 2060 1604 instructissimo

484 1637 657 1693 fretus
690 1639 958 1704 exercitu,
995 1655 1156 1710 quem
1190 1655 1220 1696 e
1254 1641 1568 1706 Saracenis,
1597 1641 1800 1707 Persis,
1820 1641 2058 1705 Cabiris,

485 1729 752 1786 Arabibus
791 1729 1121 1787 conflaverat
1163 1731 1476 1802 quingentis
1518 1731 1756 1800 capitum
1821 1730 2060 1787 millibus

484 1829 855 1886 constantem,
875 1821 1153 1878 adducens
1173 1839 1280 1878 una
1302 1822 1465 1877 simul
1489 1824 1718 1879 turritos
1745 1823 2062 1893 elephantos
2097 1799 2137 1854 Β

485 1922 732 1979 centum,
796 1914 1037 1970 occurrit
1065 1923 1257 1970 contra
1300 1913 1688 1984 Strangolipidi
1718 1928 1911 1983 magna
1945 1928 2060 1983 spe,

485 2004 818 2074 oli'cnditque
845 2005 998 2060 illum
1039 2005 1093 2059 in
1125 2005 1247 2060 loco
1283 2004 1532 2075 Aspacha
1561 2014 1780 2060 vocato.
1814 2002 1916 2058 Ubi
1949 2019 2063 2058 ma-

485 2097 605 2164 gnis
633 2095 833 2150 animis
862 2110 926 2150 ac
951 2095 1158 2150 viribus
1203 2095 1390 2164 praelia
1424 2102 1682 2149 concerto
1723 2107 1847 2147 cum
1867 2093 2065 2147 utrim—

484 2200 590 2256 que
632 2183 787 2240 multi
831 2183 1098 2250 cecidere,
1131 2193 1244 2238 tum
1279 2183 1423 2238 inter
1450 2197 1547 2238 eos
1579 2185 1694 2252 ipse
1719 2180 2064 2248 Muchumet,

486 2290 594 2330 non
629 2290 761 2331 arcu
815 2275 1056 2343 eminus,
1111 2289 1219 2330 non
1254 2276 1406 2331 hasta
1452 2276 1702 2330 cominus
1752 2273 2064 2330 confossus.

487 2371 594 2427 Sed
643 2387 766 2426 cum
814 2371 922 2426 alte
975 2385 1117 2441 equo
1171 2379 1396 2426 exstans
1457 2384 1590 2425 suos
1656 2369 1964 2424 hortaretur
2000 2368 2066 2422 ad

488 2463 754 2533 agendum
818 2461 1052 2525 fortiter,
1110 2475 1285 2532 eoque
1347 2460 1663 2531 prolabente
1699 2460 1987 2516 devolutus
2014 2460 2066 2514 in

491 2567 716 2618 terram,
766 2555 945 2610 cervix
981 2553 1082 2624 ipsi
1111 2552 1413 2618 confracta,
1469 2561 1764 2623 ereptaque
1794 2552 1904 2607 vita
1963 2561 2064 2608 est.

489 2650 778 2719 Comperta
807 2646 964 2703 ducis
1003 2654 1180 2701 morte
1210 2644 1500 2700 Persarum
1530 2645 1819 2701 multitudo
1859 2644 2067 2714 reliqua

491 2740 880 2814 Strangolipidi
907 2755 967 2795 se
993 2739 1220 2796 dedidit.
1251 2737 1437 2808 itaque
1465 2738 1514 2794 is
1535 2738 1783 2792 unanimi
1803 2738 1914 2808 jam
1938 2753 2072 2794 con-

490 2850 652 2891 sensu
679 2834 924 2889 omnium
955 2848 1049 2888 rex
1071 2831 1311 2887 Persidis
1343 2831 1696 2895 acclamatus,
1725 2831 1909 2886 statim
1933 2846 2071 2902 pra:-

490 2925 752 2989 sidiariis,
783 2925 875 2996 qui
911 2931 1132 2994 pontem
1173 2921 1370 2978 Araxis
1397 2919 1800 2987 custodiebant,
1859 2935 1923 2976 ea
1957 2927 2070 2976 sta-

491 3018 638 3072 tione
671 3017 836 3071 motis
868 3023 1084 3083 gentem
1118 3011 1425 3068 Turcorum
1458 3011 1511 3066 in
1533 3009 1811 3066 Persidem
1837 3011 2068 3075 vocavit,

2155 543 2353 607 τιὼτας
2383 542 2778 615 θριαμσεύσειν
2827 543 3096 614 ἠπείλησε
3131 543 3459 611 γυναικείας
3509 545 3734 614 περιϐε-

2154 633 2462 704 ϐλημένους
2517 633 2730 698 στολὰς,
2771 633 2937 696 αὐτὸς
2994 633 3052 687 δὲ
3101 632 3247 704 πρὸς.
3298 632 3734 706 ἀντιπαράταξιν

2155 729 2554 794 καθωπλίζετο.

2227 911 2312 983 [Ρ.
2345 909 2464 982 23.]
2520 909 2586 963 θ’.
2633 909 2775 962 Ἀλλ’
2817 910 2866 964 οἱ
2915 909 3020 980 μὲν
3081 907 3197 981 (ll)
3246 907 3576 976 στρατιῶται
3631 907 3732 971 τὰς

2157 1003 2370 1056 ἐκείνου
2437 1001 2833 1072 ἑνωτιτάμενοι
2917 1001 3149 1064 ἀπειλὰς
3207 999 3595 1072 προσχωροῦσι
3652 998 3733 1070 τῷ

2159 1093 2602 1164 Στραγγολίπιδι.
2633 1093 2918 1163 Τοσαύτης
2945 1089 3041 1148 οὗν
3074 1093 3520 1164 προσγενομένης
3544 1091 3736 1163 ἐκείνῳ

2159 1187 2254 1238 καὶ
2319 1183 2657 1257 τηλικαύτης
2715 1185 3022 1256 δυνάμεως,
3094 1183 3325 1257 ἀγείρας
3379 1184 3598 1240 ἅπαντα
3643 1184 3736 1238 τὸν

2161 1277 2392 1348 στρατὸν
2429 1276 2566 1344 πρὸς
2611 1275 2704 1332 τὸν
2759 1275 3089 1347 Μουχούμετ
3141 1275 3422 1346 ἠπείγετο,
3471 1275 3732 1346 καθολικῇ

2163 1367 2312 1439 μάχῃ
2352 1365 2602 1422 σπεύδων
2648 1369 2834 1439 κρῖναι
2877 1368 2945 1421 τὰ
2981 1366 3304 1438 πράγματα.
3349 1365 3513 1420 Ἀλλὰ
3538 1367 3733 1420 κάκει-

2160 1476 2250 1522 νος
2269 1460 2619 1530 Σαρακηνοὺς
2645 1457 3002 1526 καθοπλίσας,
3031 1459 3126 1510 κα)⁸
3143 1457 3383 1527 Πέρσας,
3409 1458 3504 1511 καὶ
3524 1455 3734 1514 Καϐεί-

2165 1569 2313 1623 ρους,
2342 1552 2439 1606 καὶ
2474 1550 2744 1624 Ἄραϐας,
2775 1551 2872 1605 καὶ
2902 1550 3133 1621 στρατὸν
3159 1549 3575 1620 συστησάμενος
3597 1549 3728 1619 περί

2163 1664 2266 1700 που
2300 1645 2399 1710 τὰς
2430 1646 2770 1714 πεντήκοντα
2795 1644 3085 1716 μυριάδας,
3114 1643 3296 1715 φέρων
3322 1641 3380 1695 δὲ
3405 1642 3499 1695 καὶ
3526 1658 3732 1712 πυργοο

2165 1738 2368 1808 φόρους
2422 1737 2723 1806 ἐλέφαντας
2767 1737 2984 1804 ἑκατὸν,
3035 1735 3297 1790 ἔσπευδεν
3333 1734 3740 1805 ἁντιμετὼπως

2168 1827 2362 1897 στῆναι
2412 1826 2490 1898 τῷ
2536 1826 2980 1898 Στραγγολίπιδι.
3024 1825 3380 1890 Ὕπαντιάζει
3422 1825 3550 1893 γοῦν
3585 1823 3738 1895 αὑτῷ

2166 1920 2306 1974 κατὰ
2325 1920 2417 1974 τὸν
2443 1920 2736 1991 λεγόμενον
2780 1919 3082 1990 ’Δσπαχᾶν,
3113 1918 3209 1972 καὶ
3233 1917 3535 1987 γενομένης
3559 1917 3741 1988 μάχης

2166 2011 2588 2083 καρτερωτάτης
2664 2010 2860 2064 ἔπεσον
2905 2011 3003 2080 μὲν
3064 2009 3122 2076 ἐξ
3173 2009 3452 2078 ἑκατέρων
3512 2006 3734 2060 πολλοίο

2165 2103 2358 2156 πίπτει
2393 2101 2452 2155 δὲ
2475 2101 2570 2154 καὶ
2605 2101 2770 2162 αὐτὸς
2798 2102 2827 2155 ό
2874 2100 3223 2171 Μουχούμετ,
3268 2099 3396 2154 οὔτε
3440 2098 3580 2168 τόξῳ
3607 2097 3740 2167 βλη-

2166 2193 2301 2258 θεὶς,
2317 2191 2444 2246 οὔτε
2467 2191 2674 2264 δόρατι,
2702 2192 2819 2246 ἀλλ’
2835 2191 3283 2263 ὲφιππαζόμενος
3304 2191 3400 2246 καὶ
3427 2190 3518 2244 τὸν
3543 2191 3742 2243 οίκείον

2168 2281 2610 2355 παραθαρρύνων
2636 2281 2786 2344 λαὸν,
2828 2281 2922 2336 τοῦ
2951 2281 3119 2336 ίππου
3155 2281 3305 2351 αὐτῷ
3328 2279 3738 2349 ὀλισθήσαντος,

2171 2381 2268 2434 σὺν
2299 2381 2494 2450 ἐκείνῳ
2525 2379 2877 2450 κατενεχθεὶς
2903 2381 2983 2443 είς
3015 2379 3121 2449 γῆν
3165 2380 3260 2432 καὶ
3290 2375 3742 2448 ἐκτραχηλισθεὶς

2167 2471 2470 2542 ἐτεθνήκει.
2499 2469 2703 2524 Τούτου
2732 2470 2789 2524 δὲ
2820 2470 2915 2525 καὶ
2946 2470 3341 2540 συμπεσόντος,
3374 2467 3434 2520 τὺ
3466 2467 3564 2519 σὺν
3591 2463 3743 2533 αὐτῷ

2167 2562 2279 2616 τῶν
2307 2561 2533 2633 Περσῶν
2552 2560 2760 2631 πλῆθος
2779 2561 2858 2632 τῷ
2879 2557 3303 2632 Στραγγολίπιδι
3322 2553 3740 2626 προσεχώρησε,

2169 2655 2265 2709 καὶ
2298 2656 2326 2708 ό
2388 2652 2792 2725 Στραγγολίπις
2843 2651 2951 2706 ὑπὸ
3003 2650 3224 2704 πάντων
3277 2648 3440 2711 εὐθὺς
3490 2645 3743 2716 βασιλεὺς

2171 2746 2510 2817 ἀνηγόρευτο
2540 2747 2640 2816 τῆς
2663 2745 2944 2815 Περσίδος.
2975 2740 3339 2814 Ἀναρῤηθεὶς
3377 2739 3422 2793 δ’
3461 2736 3742 2805 ἐκπέμπει

2171 2837 2268 2892 καὶ
2321 2837 2573 2908 καθαιρεῖ
2608 2836 2707 2906 τὴν
2761 2838 2819 2890 ἐν
2864 2837 2932 2908 τῇ
2965 2833 3183 2906 γεφύρᾳ
3252 2831 3348 2886 τοῦ
3430 2827 3745 2900 ’Δρράξιδος

2171 2931 2422 3000 φυλακὴν
2445 2931 2541 2983 καὶ
2561 2929 2626 2983 τὸ
2647 2927 2800 2990 ιθνος
2826 2928 2936 2982 τῶν
2965 2927 3224 2998 Τοόρκων
3253 2922 3392 2996 πρὸς
3423 2921 3522 2991 τὴν
3549 2919 3747 2990 Περσί-

2170 3022 2236 3076 δα
2267 3023 2446 3076 καλεῖ.
2483 3020 2708 3074 ’Λνέτου
2739 3020 2797 3074 δὲ
2826 3022 2926 3091 τῆς
2961 3021 3020 3082 ἐς
3054 3016 3294 3088 Περσίδα
3349 3013 3578 3083 πορείας
3607 3013 3748 3064 ἀπο-

494 3109 666 3164 libero
695 3109 804 3164 illis
845 3106 1119 3178 patefacto
1148 3120 1244 3176 per
1269 3105 1468 3159 Araxis
1501 3110 1724 3174 paritem
1747 3103 1920 3158 aditu.
1946 3102 2065 3170 Qua

2171 3111 2478 3184 δειχθείσης
2507 3111 2692 3175 αὐτοῖς
2718 3109 2931 3178 καὶτῆς
2955 3108 3051 3163 τοῦ
3073 3104 3395 3194 Ἀῥράξιδος
3421 3102 3744 3194 διαδάσεως,

493 3199 571 3255 illi
605 3199 858 3255 facultate
878 3197 1073 3269 cupide
1097 3196 1208 3262 usi,
1234 3194 1492 3265 gregatim
1547 3193 1906 3262 emigrarunt,
1930 3209 2066 3264 pau-

495 3291 576 3348 cis
613 3291 841 3355 relictis,
877 3303 1016 3360 quos
1041 3287 1273 3344 dulcedo
1298 3285 1499 3340 natalis
1515 3284 1636 3340 coeli
1663 3292 1716 3339 et
1738 3285 1926 3354 patria:
1951 3285 2079 3340 cha-

2173 3200 2427 3269 ξυνέθεον
2456 3199 2806 3272 παμπληθεὶ,
2844 3197 2987 3270 πλὴν
3019 3196 3130 3251 τῶν
3167 3198 3284 3251 ὅσοι
3317 3193 3468 3263 πόθῳ
3498 3193 3595 3261 τῆς
3620 3191 3747 3243 ἑαυ-

2172 3291 2282 3344 τῶν
2315 3289 2578 3361 πατρίδος
2609 3285 3017 3342 άντεποιοῦντο.
3045 3285 3111 3340 Οἳ
3129 3284 3224 3340 καὶ
3249 3282 3570 3345 καθελόντες
3602 3279 3746 3350 Πέρ-

500 3383 635 3438 ritas
661 3379 856 3438 tenuit.
904 3377 1016 3434 Nec
1056 3392 1184 3432 vero
1215 3373 1395 3430 Persae
1427 3389 1490 3429 ac
1522 3373 1779 3428 Saraceni
1811 3373 2067 3429 adversus

2175 3397 2276 3444 σας
2301 3397 2361 3433 τε
2391 3379 2488 3434 καὶ
2526 3379 2881 3449 Σαρακηνοῦς
2919 3376 3078 3431 αὐτοὶ
3111 3375 3292 3447 κύριοι
3323 3374 3420 3442 τῆς
3481 3369 3744 3441 Περσίδος

496 3475 697 3544 passim
731 3473 1014 3529 afﬂuentes
1042 3471 1222 3526 Araxe
1265 3475 1454 3538 aperto
1482 3464 1726 3521 colonias
1757 3475 1956 3521 terram
1985 3477 2067 3521 aut

2175 3473 2458 3541 γεγόνασι,
2511 3471 2800 3525 σουλτάνον
2832 3469 2946 3541 (12)
2986 3468 3080 3524 τὸν
3141 3464 3580 3538 Στραγγολίπιδα
3626 3462 3749 3515 ὀνο-

495 3563 810 3633 dignitatem
833 3575 962 3616 suas
979 3559 1230 3615 obtinere
1259 3564 1574 3627 potuerunt,
1601 3555 1729 3610 victi
1752 3555 2067 3624 spoliatique

2183 3562 2478 3632 μάσαντες,
2502 3562 2641 3633 ὅπερ
2663 3559 2921 3633 σημαίνει
2949 3558 3080 3630 παρ’
3108 3557 3291 3620 αὐτοῖς
3322 3554 3573 3627 βασιλεὺς
3597 3551 3754 3622 βασι-

496 3655 566 3710 ab
597 3653 920 3724 hospitibus,
953 3658 1013 3706 ut
1041 3649 1200 3719 plane
1226 3647 1335 3718 iam
1361 3647 1568 3702 domini
1612 3644 1854 3700 Persidis
1908 3645 2067 3700 Turci

2183 3655 2318 3708 λέων
2345 3654 2440 3708 καὶ
2492 3654 2918 3724 παντοκράτωρ.
2956 3653 3145 3715 Πάσας
3178 3648 3271 3704 οὖν
3309 3649 3409 3713 τὰς
3437 3644 3613 3716 ἀρχὰς
3640 3643 3752 3697 τῶν

496 3757 702 3812 essent,
741 3744 944 3814 quibus
997 3741 1277 3797 communi
1352 3737 1528 3809 gentis
1579 3737 1799 3792 decreto
1866 3737 2067 3808 placuit

2180 3743 2406 3814 Περσῶν
2435 3745 2532 3798 καὶ
2588 3742 2930 3815 Σαρακηνῶν
2982 3740 3318 3811 ἀφελόμενος
3355 3740 3437 3802 είς
3472 3736 3753 3807 Τούρκους

500 3836 971 3908 Straogolipidem
1012 3833 1287 3890 suitanum
1331 3829 1623 3900 appellare,
1655 3843 1778 3898 quae
1801 3843 1904 3883 vox
1927 3828 2069 3900 apud
2181 3837 2509 3906 μετήνεγκε,
2533 3837 2628 3890 καὶ
2662 3835 2762 3908 τὴν
2787 3833 3024 3907 Περσίδα
3059 3834 3242 3887 πᾶσαν
3284 3831 3475 3896 αὐτοῖς
3541 3829 3754 3883 meum.

497 3931 650 4000 ipsos
677 3943 856 3998 regem
888 3938 1078 3996 regum
1129 3931 1184 3980 et
1217 3923 1598 3990 imperatorem
1644 3925 1822 3974 sonat.
1847 3919 1901 3975 Is
1947 3935 2068 3975 ma-
2174 3927 2385 3994 ἐταξεν.

499 4026 760 4094 gistratus
782 4019 1246 4092 praefecturasque
1269 4012 1380 4084 30
1405 4025 1596 4067 omnes
1626 4008 1806 4066 Persis
1833 4023 2052 4083 ereptas
2090 4014 2487 4092 Saracenisque
2521 4019 2733 4078 Turcos
2765 4020 2818 4076 in
2858 4034 2990 4076 suos
3028 4015 3327 4083 transtulit,
3368 4013 3755 4083 Persidemque

499 4121 659 4191 plane
681 4115 816 4186 ipsis
837 4111 1070 4181 subjecit
1099 4107 1434 4164 universam.

572 4207 662 4264 l0.
707 4205 823 4260 Dixi
882 4205 1149 4258 hactenus
1197 4211 1308 4268 quo
1347 4211 1476 4251 casu
1510 4195 1564 4249 in
1613 4193 1844 4252 Romani
1896 4199 2067 4256 limiti:

2267 4223 2317 4259 t.
2360 4205 2500 4260 Ἀλλ’
2521 4203 2664 4259 οὕτω
2705 4204 2805 4276 μὲν
2844 4203 3135 4271 Ῥωμαίων
3167 4200 3217 4254 oi
3250 4199 3486 4270 Τοῦρκοι
3525 4198 3755 4269 γεγόναο

501 4296 758 4353 viciniam
799 4292 963 4347 Tum
995 4286 1376 4362 processerint,
1410 4282 1697 4338 Persarum
1732 4285 1950 4356 regione
1974 4289 2067 4345 sib.

2185 4316 2267 4352 σιν
2299 4299 2487 4370 ὅμοροι
2519 4297 2618 4368 τὴν
2666 4297 2892 4367 Περσῶν
2921 4296 3096 4366 ἀρχὴν
3128 4294 3516 4364 κατασχόντες.
3561 4294 3757 4358 Ἀναγ-

501 4389 783 4460 subjecta;
811 4400 917 4440 non
962 4382 1144 4437 minus
1190 4387 1370 4434 autem
1426 4374 1568 4430 forte
1609 4373 1772 4434 fuerit
1821 4392 2067 4433 IteCessa.

2183 4391 2340 4444 καῖον
2371 4389 2416 4443 δ’
2450 4388 2582 4452 ἴσως
2644 4390 2820 4442 εἰπεῖν
2869 4388 2978 4440 κὰκ
3021 4388 3177 4448 ποίας
3207 4385 3545 4454 ὁρμηθέντες
3578 4382 3756 4444 αίτίας

502 4482 646 4536 rium
686 4489 1101 4548 exponere,qua
1141 4471 1374 4542 primum
1414 4471 1703 4526 occasione
1719 4483 1895 4538 quave
1914 4485 2067 4525 causa

2197 4475 2503 4548 Ῥωμαίους
2533 4476 2794 4548 πολεμεῖν
2823 4475 3082 4547 ἤρξαντο,
3123 4451 3303 4528 καίτοι
3341 4451 3578 4536 δεδιότες
3620 4471 3757 4542 πρό-

500 4572 702 4629 bellum
737 4568 937 4624 inferre
971 4564 1234 4620 Romanis
1258 4563 1523 4634 cmperint
1549 4581 1563 4630 ;
1598 4563 1742 4618 soliti
1774 4572 1930 4616 antea
1961 4557 2067 4614 for-

2183 4583 2341 4638 τερον
2376 4568 2467 4621 τὸν
2497 4571 2634 4638 πρδς
2686 4567 2889 4630 αὐτοὺς
2940 4566 3179 4635 πόλεμον
3211 4565 3306 4617 καὶ
3342 4563 3662 4635 φρίττοντες
3693 4563 3758 4615 ὲκ

503 4665 712 4723 midare
739 4661 1038 4717 Romanam
1069 4659 1200 4722 vim,
1232 4657 1340 4712 imo
1366 4655 1753 4711 cohurrescere
1778 4653 1846 4708 ad
1874 4651 2067 4708 famam

2189 4659 2360 4730 μόνης
2410 4660 2508 4731 τῆς
2538 4661 2730 4731 φήμης
2784 4657 2855 4712 τὰ
2900 4657 3012 4712 τῶν
3060 4655 3540 4724 προηγησαμένων
3587 4651 3757 4720 τριῶν

503 4757 940 4825 memoriamque
962 4751 1132 4808 solam
1186 4751 1353 4804 trium
1392 4749 1808 4818 imperatorum,
1839 4745 1908 4800 de
1940 4759 2067 4814 quo-

2185 4750 2452 4821 βασιλέων
2502 4751 2992 4822 άνδραγαθήματα,
3053 4747 3151 4801 τοῦ
3201 4747 3366 4798 Φωκᾱ
3410 4741 3752 4810 Νικηφόρον,

502 4869 624 4909 rum
701 4846 1039 4905 facinoribus
1106 4841 1415 4906 audierant,
1477 4838 1770 4910 Nicephori
1817 4836 2067 4892 nimirum

2185 4843 2352 4913 φημὶ,
2375 4844 2470 4897 καὶ
2511 4843 2758 4898 Ἰωάννου
2780 4842 2873 4896 καὶ
2907 4840 3000 4895 τοῦ
3036 4835 3556 4910 Πορφυρογεννήτου
3591 4834 3758 4886 Βασι-

508 4947 728 5007 ΡΙιοεαξ,
769 4936 999 4995 Joannis
1041 4944 1095 4990 et
1136 4933 1592 5006 Porphyrogeniti
1648 4929 1853 4986 Basilii.
1906 4929 2067 4984 Autu-

2182 4932 2327 4987 λείου
2347 4949 2362 4964 ·
2393 4932 2714 4987 ὑπώπτευον
2730 4933 2839 5004 γὰρ
2873 4931 2952 4984 ἔτι
2975 4928 3128 4999 παρὰ
3158 4923 3452 4994 Ῥωμαίοις
3479 4922 3756 4988 σώζεσθαι

506 5039 728 5094 mabant
757 5037 902 5090 enim
959 5043 1312 5104 perseverare
1379 5028 1558 5081 adhuc
1594 5035 1648 5080 et
1691 5025 1875 5095 vigere
1935 5023 2067 5092 apud

2185 5022 2285 5093 τὴν
2316 5023 2541 5078 ἐκείνων
2567 5024 2770 5095 ἀρετήν
2805 5039 2865 5074 τε
2897 5021 2994 5073 καὶ⁵
3037 5016 3293 5085 δύναμιν.
3331 5013 3440 5067 Τοῦ
3478 5015 3759 5086 Στραγγο-

1497 5159 1706 5222 Caroli
1752 5161 1852 5221 Du
1884 5159 2122 5219 Fresne
2151 5160 2253 5220 Du
2287 5159 2496 5236 Gange
2531 5163 2720 5219 notae.

580 5293 969 5370 (liLfA_._1.1’_ol
991 5291 1127 5370 μέν.
1165 5290 1240 5346 De
1268 5297 1445 5370 _morte
1463 5295 1518 5342 et
1547 5286 1702 5370 clade
1727 5283 1970 5370 yasndi,
2003 5285 2083 5340 sic

508 5355 650 5421 idem
683 5355 1017 5421 El-Macinus
1036 5361 1102 5416 Α.
1131 5360 1376 5432 proxime
1398 5360 1694 5432 sequenti_:_
1722 5355 1916 5432 Eodem
1944 5371 2082 5432 anno

507 5439 708 5490 occisus
739 5435 841 5504 fuit
877 5424 1412 5504 princepsiMasudus
1442 5424 1600 5504 ﬁlius
1638 5424 1916 5504 Mahmndi
1936 5465 1950 5487 ,
1983 5426 2084 5494 ﬁlii

510 5495 887 5560 Sabuctn'kini'
914 5495 1449 5572 regis'Chorosana',
1476 5495 1667 5559 India),
1699 5504 1748 5572 et
1787 5499 2086 5572 Maurumq-

508 5577 676 5641 Itam',
708 5577 797 5646 qui
823 5575 923 5638 fuit
955 5563 1049 5646 r'ea:
1071 5572 1225 5646 [ortis
1254 5579 1587 5628 etstrcnuns,
1615 5568 1810 5646 peritus
1830 5563 2081 5646 bellandi,

507 5661 570 5698 uc
605 5638 731 5699 bene
756 5661 931 5715 rigens
961 5638 1356 5715 subditossuos
1388 5638 1838 5715 atqueleqimws,
1871 5644 1925 5715 et
1952 5650 2053 5715 suo

509 5717 664 5768 cessit
723 5717 771 5769 ei
809 5703 997 5784 'frater
1037 5711 1152 5784 ejus
1205 5703 1494 5784 [ruperat-ur
1543 5703 1883 5784 Mulaarnnied
1911 5703 2084 5784 Aﬁ‘lius

515 5773 838 5842 lla/tutudi:
863 5783 1034 5854 Porro
1058 5773 1154 5851 qui
1206 5776 1388 5835 Cabiri
1429 5774 1698 5847 Bryennio
1739 5775 1828 5831 hic
1871 5782 1923 5830 ct
1951 5773 2084 5843 Scy-

2183 5285 2322 5340 iilzze
2361 5285 2639 5346 dicuntur,
2660 5281 2913 5336 videntur
2945 5279 3107 5335 iidem
3143 5293 3268 5334 cum
3293 5277 3544 5344 Gabaris,
3583 5291 3756 5348 popu-

2183 5355 2252 5412 lis
2283 5355 2556 5419 videlicet,
2590 5352 2784 5408 Turcis
2819 5349 3351 5420 Septeutrionaiibus
3378 5348 3760 5420 conterminis,

2181 5441 2305 5480 cum
2341 5417 2551 5495 quibus
2577 5427 2629 5479 in
2669 5417 2946 5495 Persidem
2989 5419 3127 5495 forte
3158 5421 3508 5495 transierant.
3557 5417 3758 5495 llornni

2182 5487 2444 5550 memeitit
2486 5495 2882 5551 Constantinus
2912 5492 3115 5560 Porph.
3149 5489 3224 5545 De
3248 5491 3394 5544 adm.
3424 5491 3552 5557 imp.
3582 5503 3634 5542 c.
3666 5487 3757 5560 3_9_.

2251 5565 2364 5636 (ίὲ)
2396 5564 2766 5636 Σουλτάνον.
2787 5561 2926 5636 _Vide
2952 5556 3400 5636 di_ssertat_i_onem
3429 5572 3670 5636 nostram
3694 5556 3761 5610 l6

2182 5627 2618 5703 ad'Joinvillam,
2646 5633 2739 5688 ubi
2785 5632 2967 5689 locum
3005 5631 3152 5687 hunc
3205 5627 3465 5702 Bryeunii
3501 5627 3752 5699 pluribus

2183 5705 2558 5776 expendimus.
