4088 6208
454 262 527 335 59
1381 352 1388 359 .
1627 260 1677 318 N
1689 259 2055 323 ICEPHORI
2100 260 2407 321 BRYENN
2418 260 2475 320 Π
2941 269 2947 275 ’
3639 264 3709 327 60

456 361 736 439 sultanum
777 374 1151 441 infelicitatem
1200 376 1564 448 expeditionis
1621 378 1929 439 excusavit,
1979 385 2038 432 ut

2162 379 2233 431 τὸν
2264 378 2480 448 Βρίζιον
2508 377 2839 448 ἀπεμπολεὶζ
2874 378 3040 443 αὐτὸς
3064 378 3121 433 δὲ
3146 378 3284 449 πρὸς
3308 379 3398 432 τὸν
3421 379 3713 438 σουλτάνον

457 471 650 542 potuit,
666 468 950 538 obiterque
971 468 1209 525 sermoni
1225 469 1553 523 mentionem
1573 468 1806 525 intexuit
1822 468 2032 532 Mediae,

457 576 619 631 quam
658 575 780 617 esse
813 561 995 616 aiebat
1031 558 1268 616 feracem
1309 561 1556 615 omnium
1612 558 1830 630 frugum
1862 561 2034 615 bono-

457 669 692 723 rumque
729 655 1026 725 regiouem,
1057 669 1088 708 a
1130 654 1458 709 mulieribus
1499 668 1856 725 possessam;
1889 653 2038 708 mili-

459 754 575 811 tum
609 744 981 800 Romanorum
1016 744 1424 816 ibidegentium
1461 744 2038 815 espertamignaviam

461 838 681 904 oblique
720 836 1094 906 perstringens
1148 851 1215 891 eo
1269 836 1458 892 verbo.
1526 835 1625 891 His
1683 836 2041 892 confirmatus

462 926 734 990 sultauus,
758 906 1056 980 exercitum
1099 926 1321 982 circiter
1350 925 1540 997 viginti
1568 925 1804 980 millium
1851 935 2041 979 contra

464 1016 742 1071 Romanos
812 1017 998 1081 mittit,
1048 1019 1185 1073 duce
1219 1018 1295 1073 illi
1369 1018 1662 1089 prazposito
1703 1015 1887 1071 fratris
1932 1016 2044 1072 tilio

462 1108 673 1169 Azaue,
739 1105 918 1160 Surdo
983 1109 1392 1180 cognominato,
1451 1107 1596 1163 datis
1630 1107 1707 1162 illi
1771 1105 2043 1163 mandatis

463 1198 726 1254 adeundae
780 1214 943 1267 quam
999 1202 1231 1270 primum
1268 1200 1475 1266 Mediae,
1506 1208 1561 1256 et
1586 1199 1693 1254 nisi
1743 1209 1937 1269 sponte
1987 1213 2048 1255 se

463 1293 705 1357 dederet,
738 1297 785 1351 vi
810 1294 1147 1366 subigendae.
1178 1294 1268 1349 Sic
1303 1292 1466 1348 Turni
1496 1298 1780 1363 coeperunt
1802 1306 2047 1362 pugnare

463 1401 585 1441 cum
628 1385 907 1452 Romanis,
962 1400 1330 1455 successuque
1364 1384 1645 1439 initiorum
1695 1383 1860 1437 illecti
1886 1381 2047 1438 dein-

464 1492 592 1545 ceps
648 1494 940 1547 perrexere
994 1478 1142 1533 bello
1198 1492 1300 1532 nos
1335 1485 1519 1548 petere
1567 1477 1622 1531 in
1680 1476 1828 1531 hunc
1874 1487 2050 1544 usque

464 1570 573 1640 32
610 1571 774 1625 diem.
816 1571 922 1625 Sed
960 1571 1014 1626 in
1045 1586 1236 1641 gyrum
1269 1577 1541 1639 Susceptze
1601 1569 1935 1624 narrationis
1960 1580 2052 1622 ore

467 1661 719 1729 diuisque
754 1676 935 1716 rerum
1007 1660 1312 1715 reducenda
1348 1674 1495 1715 nunc
1515 1658 1646 1713 mihi
1671 1657 1847 1712 oratio
1872 1666 1978 1712 est.

2136 470 2450 524 ἐπανελθὼν
2498 470 2854 538 ἀπολογεῖται
2899 471 2998 542 μὲν
3055 472 3186 541 περὶ
3242 471 3343 540 τῆς
3396 473 3712 542 στρατείας,

2136 561 2213 627 ὡς
2239 564 2298 615 ὲν
2327 562 2548 633 παρόδῳ
2570 562 2626 615 δὲ
2648 563 2947 631 ἀφηγεῖται
2973 563 3068 616 καὶ
3089 562 3161 615 τά
3187 563 3317 633 περὶ
3346 563 3447 632 τῆς
3477 564 3711 634 Μηδίας,

2139 653 2215 717 ὡς
2244 654 2330 724 εἴη
2365 653 2467 724 μὲν
2500 653 2655 724 χώρα
2708 655 3001 724 πάμφορος
3042 653 3336 722 κατέχεται
3360 655 3422 709 δὲ
3468 656 3574 709 ὑπὸ
3621 675 3717 726 γυ⁶

2140 732 2363 810 ναικῶν,
2404 745 2529 807 τοὺς
2555 745 2979 817 πολεμήσαντας
3013 746 3151 816 πρὸς
3171 746 3338 799 αὐτὸν
3371 749 3714 819 στρατιώτας

2142 834 2613 904 ὑπαινιττόμενος.
2668 835 2896 898 Τούτοις
2955 834 3296 903 τοῖςλόγοις
3352 837 3380 891 δ
3422 838 3715 904 σουλτὰνος

2144 927 2512 998 ἐπιρρωσθεὶς
2558 927 2790 996 δύναμιν
2865 927 3008 981 κατά
3085 926 3382 997 Ῥωμαίων
3437 930 3719 1000 ἐκπέμπει

2143 1019 2286 1087 ἀμφὶ
2335 1017 2434 1081 τὰς
2494 1018 2671 1072 εἴκοσι
2729 1018 2998 1088 χιλιάδας,
3054 1019 3366 1089 στρατηγὸν
3414 1021 3720 1090 ἐπιστήσας

2144 1109 2283 1179 αὐτῇ
2319 1108 2409 1163 τὸν
2462 1109 2830 1178 ἁδελφόπαιδα
2912 1110 3078 1164 Ἀσάν
3105 1110 3218 1181 (15)
3268 1111 3362 1165 τὸν
3425 1112 3720 1180 λεγόμενον

2146 1195 2367 1261 Kac-pett.
2420 1195 2736 1266 ἐπισκήψας
2775 1196 2926 1267 αὑτῷ
2977 1198 3076 1267 τὴν
3129 1199 3396 1269 ταχίστην
3429 1203 3720 1271 ἐφικέσθαι

2148 1286 2241 1339 καὶ
2264 1275 2364 1354 τὴν
2394 1286 2666 1358 Μηδικὴν,
2684 1289 2733 1341 εί
2761 1286 2837 1358 μὴ
2860 1290 3209 1359 προσχωροίη
3233 1289 3406 1361 αὐτῷ,
3441 1295 3724 1364 προσκτή-

2150 1375 2368 1432 σασθαι.
2413 1377 2657 1431 Ἐκεῖθεν
2702 1377 2798 1431 τοῦ
2842 1378 2983 1450 πρὸς
3034 1379 3341 1450 Ῥωμαίους
3380 1382 3620 1452 πολέμου
3673 1387 3723 1439 οἱ

2150 1465 2384 1537 Τοῦρκοι
2415 1467 2716 1538 ἀρξάμενοι
2766 1468 3076 1523 διετέλεσαν
3107 1471 3270 1542 μέχρι
3297 1474 3394 1542 τῆς
3444 1474 3538 1528 νῦν
3568 1477 3726 1530 πολε-

2154 1557 2382 1627 μοῦντες
2421 1558 2741 1627 Ῥωμαίοις.
2778 1559 2920 1613 Ἀλλ’
2944 1562 3187 1616 ἐπανίτω
3220 1579 3311 1632 μοι
3340 1564 3368 1616 ό
3399 1564 3557 1633 λόγος
3583 1569 3719 1638 πρὸς

2154 1650 2252 1719 τὴν
2286 1650 2526 1721 ἀρχῆθεν
2556 1650 2900 1706 ἀκολουθίαν.

542 1727 642 1807 ll.
693 1752 926 1818 Manuel,
986 1762 1045 1808 ut
1092 1753 1301 1807 dictum
1357 1760 1466 1815 est,
1537 1750 2043 1821 curopalatcs,dux

2223 1748 2314 1795 ια’.
2341 1742 2621 1814 Μανδυὴλ,
2646 1743 2723 1807 ὡς
2752 1743 2992 1816 εἴρηται,
3024 1746 3491 1819 δικουροπαλάτης
3520 1769 3690 1823 στρατ
3710 1782 3725 1792 -

470 1861 725 1901 summus
759 1845 1119 1905 Orientalium
1176 1845 1457 1913 copiarum
1487 1859 1516 1898 a
1550 1844 1787 1914 Diogene
1813 1844 2057 1898 declara-

473 1947 581 2003 tus,
612 1939 758 1995 circa
791 1937 1090 1999 Cltalticam
1116 1950 1468 1990 commorans
1509 1934 1821 1989 Turcorum
1861 1949 2057 1988 excur-

470 2030 657 2083 siones
686 2012 1035 2084 observabat.
1097 2027 1234 2082 Cum
1270 2042 1400 2081 vero
1452 2027 1503 2080 ei
1537 2041 1566 2079 a
1615 2027 2055 2095 speculatoribus

473 2120 771 2174 indicatum
852 2128 1019 2181 esset,
1082 2117 1484 2172 multitudinem
1545 2115 1851 2172 Turcorum
1918 2118 2059 2173 duce

469 2210 835 2276 Cbrvsosculo
889 2226 920 2264 e
968 2224 1164 2279 genere
1219 2210 1590 2272 sultanorum,
1678 2209 2054 2279 principatum

462 2299 714 2367 Persidis
734 2302 863 2365 sibi,
897 2309 955 2354 ut
983 2300 1229 2370 putabat,
1256 2299 1498 2353 debitum
1524 2298 1820 2365 ambiente,
1847 2300 2060 2355 irrucre

474 2391 703 2448 iuvicos
755 2393 945 2447 limitis
1024 2391 1358 2453 Armeniaci,
1415 2390 1598 2445 animo
1653 2405 1750 2445 eos
1783 2390 2057 2454 vastandi,

473 2483 770 2548 assumptis
822 2483 996 2550 cepiis
1052 2490 1243 2536 contra
1309 2482 1521 2536 Turcos
1572 2481 1744 2545 vadit,
1804 2496 1947 2550 quos
2005 2490 2060 2536 et

473 2571 775 2641 dispersos,
814 2580 1004 2639 utpote
1051 2569 1450 2639 praedabundos
1482 2569 1766 2625 offendens
1809 2569 1967 2624 facile
2002 2569 2056 2624 in

473 2659 657 2732 fugam
690 2659 1030 2716 vertit.Hinc
1050 2676 1176 2715 cum
1206 2660 1430 2732 fugaces
1459 2676 1633 2731 usque
1665 2661 1730 2715 ad
1755 2662 2059 2731 proximam

452 2753 732 2811 .viciniam
761 2761 1065 2808 castrorum
1112 2751 1471 2809 Turcicorum
1519 2753 1770 2822 Cupidius
1803 2753 2062 2822 inseque-

475 2859 649 2910 retur,
702 2845 1080 2900 coorieutibus
1132 2846 1186 2898 iu
1249 2860 1371 2899 eum
1416 2844 1612 2899 Turcis
1644 2861 1674 2898 e
1708 2844 1843 2899 locis
1905 2850 2063 2899 antea

475 2935 780 3003 occupatis,
810 2950 930 3004 qua:
948 2944 1077 2989 tunc
1090 2949 1247 2991 usum
1278 2933 1599 2988 insidiarum
1622 2944 1737 2988 arte
1762 2935 2062 3003 po~itarum

479 3025 613 3094 ipsis
641 3026 1020 3094 praebuerunt,
1057 3025 1148 3080 diu
1178 3024 1398 3080 fortiter
1429 3039 1676 3094 pugnans
1709 3024 1923 3078 resti:it.
1954 3020 2062 3077 Sed

479 3080 605 3172 cum
637 3080 792 3172 versa
823 3119 876 3170 in
909 3080 1089 3187 fugam
1116 3080 1489 3185 dissipataque
1504 3080 1776 3185 phalange
1796 3113 2063 3177 Romana,
2093 3080 2135 3135 ο

480 3207 750 3263 obsistere
776 3208 890 3277 ipse
924 3224 1064 3262 unus
1098 3208 1334 3278 amplius
1365 3221 1472 3261 non
1502 3215 1708 3275 posset,
1749 3204 2060 3261 necessario

482 3307 536 3353 et
564 3313 690 3353 sero
742 3296 956 3368 fugiens
1010 3300 1301 3355 conclusus
1353 3307 1656 3369 captusque
1686 3313 1716 3353 a
1759 3296 1958 3354 Turcis
1984 3304 2068 3354 est

482 3406 607 3445 cum
646 3391 862 3446 duobus
888 3406 1142 3446 sororum
1197 3407 1423 3447 suarum
1473 3391 1625 3455 viris,
1682 3389 1970 3446 Melisseno
2014 3400 2070 3445 et

483 3481 767 3537 Taronita.
832 3482 1164 3538 Ceciderunt
1208 3491 1263 3536 et
1308 3486 1649 3552 reliquorum
1693 3481 2065 3537 Romanorum

483 3576 664 3644 pauci.
701 3574 984 3627 Adductus
1014 3575 1179 3645 igitur
1217 3574 1281 3629 ad
1334 3575 1758 3644 Cbrysosculum
1778 3590 1939 3644 grave
1971 3590 2070 3642 pu-

486 3663 656 3729 tabat,
684 3664 732 3718 si
769 3681 877 3719 non
917 3665 1120 3733 aliquid
1154 3681 1349 3733 genere
1397 3667 1622 3734 dignum
1644 3664 1885 3721 efﬁceret
1941 3679 2066 3727 suo,

486 3754 952 3825 elici-ilqtte‘planc
989 3754 1212 3823 dignum
1245 3755 1298 3808 in
1340 3756 1535 3824 primis
1574 3764 1801 3809 narratu
1836 3754 2066 3810 facinus.

487 3844 723 3916 Cognito
747 3845 892 3899 enim
944 3844 1203 3900 victorem
1254 3861 1413 3901 suum
1468 3846 1733 3902 defecisse
1769 3862 1799 3900 a
1831 3846 2070 3910 sultauo,

490 3943 546 3988 et
597 3949 695 4004 spe
754 3934 1047 3989 ambitiosa
1111 3934 1473 4005 principatum
1507 3937 1802 3991 Persarum
1844 3951 2070 3990 versare

492 4026 696 4090 animo,
730 4025 967 4093 experiri
1001 4024 1275 4079 hominem
1317 4024 1596 4091 decrevit;
1635 4027 1742 4097 33
1767 4026 2073 4096 secretique

456 4145 460 4149 ι
490 4118 897 4188 opportunitate
933 4115 1562 4193 colloquii,introspccta
1596 4116 1716 4186 ejus
1746 4125 1946 4178 mente,
1978 4118 2072 4173 ubi

492 4211 688 4263 timore
739 4208 889 4261 illum
943 4207 1126 4276 urgeri
1183 4221 1381 4276 magno
1420 4207 1797 4278 deprehendit,
1828 4209 1974 4276 quod
2012 4225 2072 4265 se

490 4299 668 4370 copiis
689 4299 891 4355 sultaui
931 4314 1060 4352 mox
1093 4307 1283 4353 contra
1313 4313 1373 4354 se
1405 4299 1607 4353 moturi
1641 4300 1870 4355 sentiret
1899 4302 2073 4370 impa-

491 4406 630 4456 rem,
664 4390 876 4444 blandis
906 4403 1031 4444 eum
1089 4390 1396 4445 demulcere
1415 4390 1596 4446 verbis
1626 4405 1917 4461 aggressus
1950 4400 2068 4447 est:

490 4482 680 4551 sicque
727 4481 937 4535 mollita
989 4483 1163 4551 primo
1198 4480 1292 4535 illo
1341 4479 1699 4535 delinimeuto
1722 4481 1921 4537 duritie
1944 4482 2070 4537 bar-

369 4629 382 4640 ,
492 4571 630 4634 bari,
655 4570 976 4626 etlicacioris
1020 4570 1168 4625 velut
1202 4568 1582 4623 medicaminis
1611 4564 1955 4637 profuturam
1991 4572 2073 4627 sic

490 4676 685 4738 parato
733 4665 1030 4720 secundam
1102 4663 1244 4716 battc
1290 4661 1584 4730 quamdam
1617 4662 2073 4733 compositionem

491 4761 765 4824 admovet,
794 4758 869 4812 ait
903 4756 1003 4818 illi,
1027 4752 1476 4824 quandoquidem
1526 4753 1824 4823 imperium
1878 4753 2077 4811 Persa-

492 4867 614 4907 rum
648 4851 929 4914 affectans,
974 4848 1198 4903 idoneas
1233 4846 1302 4902 ad
1349 4846 1470 4916 ejus
1501 4849 1835 4903 insessorem
1889 4848 2078 4904 debel-

2164 1833 2301 1903 ηγὸς
2359 1834 2719 1907 αὐτοκράτωρ
2748 1837 2858 1891 τῶν
2913 1838 3093 1910 Ἐῴων
3138 1842 3440 1910 ταγμάτων
3471 1844 3604 1911 πρὸς
3633 1842 3727 1897 τοῦ

2157 1923 2445 1991 Διογένους
2472 1925 2839 1998 ἀποδειχθεὶς,
2875 1930 3006 1998 περὶ
3059 1930 3160 2001 τὴν
3192 1932 3470 2000 Χαλτικὴν
3520 1931 3732 2002 διατρί-

2159 2012 2272 2069 ϐων
2304 2015 2639 2085 ἐφυλάττετο
2665 2019 2766 2083 τὰς
2788 2018 2896 2075 τῶν
2921 2019 3182 2092 Τούρκων
3210 2023 3531 2094 ἐπιδρομάς.
3579 2022 3732 2076 Ἐπεὶ

2155 2108 2201 2177 δέ
2219 2109 2509 2179 ἀπηγγέλη
2529 2110 2676 2181 αὑτῴ
2701 2111 2851 2183 παρὰ
2869 2112 2974 2165 τῶν
3001 2115 3217 2169 σκοπῶν
3236 2114 3310 2177 ὡς
3331 2114 3537 2184 πλῆθος
3556 2114 3701 2185 Τούρ
3725 2149 3729 2155 -

2168 2217 2278 2254 κων
2329 2201 2639 2272 στρατηγὸν
2706 2202 2925 2273 ἔχοντες
2952 2203 3044 2259 τὸν
3077 2205 3732 2277 Χρυσόσκουλον(ί)(16).

2159 2292 2217 2356 ὃς
2249 2293 2314 2345 ὲκ
2364 2293 2670 2346 σουλτάνων
2711 2297 2899 2365 σειρᾶς
2952 2295 3202 2366 ὥρμητο,
3261 2297 3362 2367 τῆς
3404 2296 3450 2349 δ’
3484 2296 3734 2363 ἐξουσίας

2164 2386 2503 2439 ἀντεποιεῖτο
2541 2384 2938 2458 Περσῶναύτῷ
2969 2387 3376 2458 προσηκούσης,
3412 2390 3602 2441 ἐπίασι
3635 2389 3735 2453 τὰς

2162 2472 2257 2525 τοῦ
2339 2473 2706 2544 ’Δρμενιακοῦ
2765 2476 3109 2546 κωμοπόλεις
3169 2477 3561 2548 πορθήσοντες,
3635 2478 3736 2542 τὰς

2162 2562 2423 2631 δυνάμεις
2452 2562 2740 2619 ἀναλαϐὼν
2774 2567 2973 2636 ἐχώρει
3018 2566 3161 2621 κατά
3190 2556 3299 2621 τῶν
3329 2567 3592 2639 Τούρκων
3633 2570 3730 2622 καὶ

2163 2654 2630 2724 διεσκεδασμένοις
2663 2654 2749 2728 [Ρ.
2782 2656 2877 2727 251
2908 2660 3090 2721 αὐτοῖς
3132 2659 3373 2729 ἐντυχὼν
3395 2661 3471 2723 ὡς
3493 2662 3574 2724 είς
3605 2678 3740 2731 προ-

2164 2745 2336 2818 νομὴν
2362 2746 2565 2811 ἐξιοῦσι
2621 2747 2820 2819 ῥᾳδίως
2852 2759 3079 2815 τούτους
3128 2750 3428 2821 ἐτρέψατο.
3464 2753 3742 2820 Ἐγγιστα

2163 2838 2222 2893 δὲ
2277 2837 2371 2892 τοῦ
2414 2840 2780 2910 στρατοπέδου
2832 2840 2943 2894 τῶν
2990 2842 3250 2913 Τούρκων
3311 2843 3370 2896 ὲν
3414 2841 3491 2913 τῷ
3524 2840 3740 2896 διώκειν

2167 2931 2462 3001 γενόμενος
2521 2931 2616 2986 καὶ
2669 2931 2851 3001 λόχοις
2899 2933 3230 3003 αὐτομάτοις
3283 2932 3597 3004 περιπεσὼν
3648 2933 3742 2988 καὶ

2169 3023 2399 3077 ἐπιπολὺ
2430 3022 2698 3095 ἀντισχὼν
2723 3026 2818 3079 καὶ
2842 3024 3108 3093 γενναίως
3153 3027 3584 3095 ἀγωνισάμενος,
3618 3025 3742 3079 ἐπεὶ

2173 3116 2247 3187 μὴ
2272 3112 2383 3180 οἷός
2403 3134 2464 3170 τε
2489 3111 2558 3189 ἦν
2590 3120 2878 3188 καρτερεῖν
2908 3117 2988 3172 ἔτι
3013 3118 3112 3187 τῆς
3150 3118 3438 3186 Ῥωμαίων
3462 3118 3744 3187 φάλαγγος

2169 3210 2249 3279 είς
2292 3206 2473 3278 φυγὴν
2495 3209 2799 3281 τραπείσης
2844 3210 2940 3262 καὶ
2964 3208 3471 3279 διασκεδασθείσης,
3515 3207 3743 3279 ὥρμησε

2170 3301 2264 3355 καὶ
2286 3301 2446 3363 αὐτὸς
2480 3302 2561 3364 είς
2620 3301 2822 3370 φυγὴν,
2855 3299 3157 3362 κυκλωθεὶς
3191 3300 3234 3354 δ’
3277 3300 3384 3352 ὑπὸ
3424 3300 3532 3353 τῶν
3566 3300 3740 3371 Τούρ-

2169 3411 2283 3448 κων
2314 3393 2600 3448 ἁλίσκεται
2631 3393 2748 3464 ἅμα
2781 3395 2894 3456 τοῖς
2943 3393 3094 3446 δυσὶν
3125 3391 3293 3446 αὐτοῦ
3341 3392 3632 3463 γαμϐροῖς,
3666 3392 3744 3464 τῷ

2169 3502 2227 3538 τε
2261 3485 2584 3557 Μελισσηνῷ
2622 3485 2716 3540 καὶ
2739 3484 3026 3556 Ταρωνίτῃ
3068 3499 3083 3514 ⁸
3145 3483 3340 3538 ἔπεσον
3392 3484 3448 3537 δὲ
3485 3488 3576 3537 καὶ
3632 3486 3743 3538 τῶν

2170 3577 2371 3631 λοιπῶν
2415 3577 2707 3646 Ῥωμαίων
2740 3578 2932 3645 ὀλίγοι.
2979 3575 3274 3646 Ἀπαχθεὶς
3312 3572 3406 3632 οὖν
3458 3577 3594 3646 πρὸς
3648 3576 3743 3631 τὸν

2170 3670 2589 3739 Χρυσόσκουλον
2614 3671 2786 3725 δεινὸν
2835 3670 2972 3742 ᾤετο
3019 3671 3093 3741 μὴ
3117 3670 3315 3741 δρᾶσαί
3355 3688 3408 3723 τι
3435 3671 3532 3724 τοῦ
3556 3673 3745 3739 γένους

2173 3763 2415 3829 ἐπάξιον,
2471 3763 2568 3816 καὶ
2598 3763 2785 3833 μέντοι
2826 3763 2922 3816 καὶ
2958 3763 3218 3834 δέδρακεν
3253 3760 3414 3834 ἔργον
3431 3760 3746 3834 ἀξιαφήγη-

2171 3871 2285 3908 τον.
2312 3855 2575 3922 Διαγνοὺς
2611 3853 2720 3924 γὰρ
2747 3852 2823 3917 ὡς
2864 3854 3180 3924 ἀποστάτης
3234 3854 3353 3907 ἐστὶ
3381 3853 3474 3906 τοῦ
3511 3853 3744 3909 σουλτά-

2173 3962 2265 4000 νου
2295 3947 2323 4000 ό
2353 3944 2543 3999 τοῦτον
2574 3946 2805 4015 νικήσας
2831 3947 2927 4001 καὶ
2954 3948 3052 4018 τῆς
3080 3946 3304 4015 Περσῶν
3334 3946 3548 4015 ἐφίεται
3576 3947 3736 4001 δυναο

2174 4036 2381 4101 στείας,
2436 4036 2548 4091 δεῖν
2600 4036 2759 4107 ᾠήθη
2797 4037 3109 4108 ἀπόπειραν
3152 4036 3487 4107 ποιήσασθαι
3528 4037 3746 4092 τούτου.

2174 4129 2284 4183 Καὶ
2314 4126 2631 4199 προσελθὼν
2657 4127 2808 4198 αὐτῷ
2858 4128 3175 4200 καταμόνας
3206 4131 3300 4182 καὶ
3332 4129 3400 4183 τά
3432 4129 3552 4183 κατ’
3587 4128 3751 4184 αὐτὸν

2173 4221 2465 4288 ἐξετάζων,
2502 4221 2732 4292 ἐπείπερ
2780 4220 2925 4291 ἔγνω
2971 4222 3064 4276 τδν
3091 4222 3261 4292 ἄνδρα
3293 4224 3351 4276 ὲν
3383 4224 3534 4295 φόϐῳ
3565 4221 3748 4292 πολλῷ

2174 4310 2496 4365 καθεστῶτα
2519 4310 2740 4381 (ἠπόρει
2758 4309 2869 4382 γὰρ
2890 4311 2967 4375 ὡς
2991 4311 3128 4384 πρὸς
3175 4313 3268 4366 τὸν
3294 4312 3584 4365 σουλτὰνον
3604 4312 3752 4376 ἀξιο-

2178 4402 2351 4472 μάχου
2394 4400 2702 4471 δυνάμεως)
2744 4402 2924 4473 ἠπίων
2946 4403 3154 4473 ἥπτετο
3178 4403 3356 4471 λόγων
3395 4403 3532 4474 πρὸς
3558 4402 3747 4466 αὐτὸν,

2174 4489 2270 4541 καὶ
2319 4487 2387 4559 δὴ
2429 4487 2678 4559 μαλάξας
2718 4490 2780 4542 τὸ
2828 4489 3021 4543 τούτου
3065 4489 3494 4561 σκληρόγνωμον
3524 4492 3751 4560 δραστι-

2174 4577 2436 4647 κωτέρων
2462 4578 2665 4649 ἐχρῆτο
2704 4578 2881 4648 λόγων
2920 4581 3233 4650 φαρμάκοις
3269 4581 3402 4651 πρὸς
3437 4582 3538 4648 τὴν
3566 4580 3752 4632 δευτέ-

2178 4684 2280 4740 ραν
2309 4669 2639 4741 ἀπόπειραν.
2673 4669 2755 4724 Τά
2792 4669 2852 4723 δὲ
2875 4665 2944 4741 ἦν
2972 4669 3047 4732 ὡς
3084 4670 3316 4739 ἐπείπερ
3346 4668 3444 4737 τῆς
3472 4667 3753 4737 βασιλείας

2178 4761 2279 4832 ὲρᾷ
2319 4762 2549 4833 Περσῶν
2572 4762 2669 4816 καὶ
2697 4761 2835 4830 πρὸς
2859 4760 2954 4813 τὸν
2979 4759 3289 4829 κρατοῦντα
3323 4757 3529 4828 ταύτην
3553 4757 3754 4810 ἁδυνα·

2177 4852 2264 4905 τεί
2309 4850 2734 4922 παρατάξασθαι
2794 4848 2893 4903 ἅτε
2944 4847 3221 4913 σπανίζων
3254 4843 3535 4914 ἀξιολόγου
3587 4844 3751 4899 δυνά-

1524 4988 1735 5051 Caroli
1770 4991 1867 5050 Du
1899 4990 2141 5052 Fresne
2175 4992 2274 5052 Du
2305 4990 2515 5067 Gange
2548 4996 2733 5051 notae.

519 5146 680 5230 L(t5)
719 5144 919 5203 ’Ao'dr.
974 5145 1173 5202 Asanis
1219 5143 1427 5200 cladem
1477 5140 1646 5198 refert
1686 5141 1892 5211 pariter
1938 5139 2074 5211 Scy-

495 5219 678 5352 Μῗῗδξ
726 5288 1222 5353 Χρυσόσκουλον.
1255 5283 1521 5340 Manuelis
1574 5284 1782 5339 cladem
1838 5288 2069 5353 narrant

493 5360 661 5413 etiam
711 5352 974 5430 Séylitzes
1013 5364 1067 5410 et
1118 5352 1383 5411 Zonaras.
1414 5353 1535 5409 ‘Scd
1586 5355 1653 5411 de
1693 5370 1777 5420 ea,
1817 5360 1875 5406 ut
1916 5360 1971 5406 et
2000 5352 2068 5406 de

2178 5140 2573 5211 Cbrysosculo,
2602 5140 2725 5211 silet
2765 5104 3468 5211 EloMacinus._lnciditjl_la
3500 5133 3557 5211 i_n_
3590 5130 3748 5211 A._M_.

2170 5202 2325 5278 juxta
2353 5202 2572 5265 Graecos
2594 5208 2755 5274 6778,
2789 5209 2980 5263 iudict.
3006 5207 3061 5271 8,
3091 5205 3295 5260 Christi
3329 5203 3486 5278 ιοῖρ,
3513 5202 3755 5257 Meminit

2173 5274 2527 5353 Cbrysosculi
2552 5282 2767 5335 rursum
2812 5278 3115 5349 Bryeuuius
3141 5280 3176 5331 Ι.
3203 5293 3286 5341 ιιι,
3327 5274 3501 5329 n.15.

1767 5468 1933 5530 Petri
1976 5463 2227 5527 Possini
2264 5469 2453 5527 notua.

576 5598 637 5668 (i)
668 5597 875 5654 Nomen
902 5597 1056 5655 ducis
1086 5595 1388 5653 Turcorum
1431 5596 1486 5651 in
1535 5612 1639 5651 ms.
1663 5594 2067 5668 “Xputto'xouio;

502 5665 796 5735 crethea!
845 5669 984 5725 idem
1032 5669 1259 5725 inferius
1309 5669 1513 5723 inserto
1571 5683 1602 5720 σ
1659 5665 2074 5742 Χρυσόσκουλος

2175 5591 2535 5665 scribebatur.
2565 5585 2676 5665 Nos
2700 5585 2900 5653 ubique
2913 5578 3343 5665 .Xpuo’éo‘ttoulov
3365 5571 3755 5646 rescripsimus
3846 5568 3854 5576 ’

2180 5662 2498 5720 desultoriac
2524 5659 2679 5715 istius
2712 5659 2929 5729 portasi
2958 5659 3259 5709 varietatis.
