4088 6208
328 295 396 361 61
1542 302 2081 367 HISTORIARUM
2122 310 2271 369 LIB.
2311 311 2360 371 Ι.
3096 330 3103 337 “
3509 316 3587 382 62

332 419 506 476 μεως,
536 403 638 457 οὐκ
665 403 733 457 άν
761 402 881 457 ποτ’
924 405 1075 475 αὐτῷ
1110 404 1177 460 τὰ
1231 406 1378 461 κατὰ
1412 408 1614 464 σκοπὸν
1635 412 1900 483 ἀποϐαίη,

2016 416 2228 472 landum
2260 434 2367 473 non
2400 418 2625 479 haberet
2664 420 2872 490 copias,
2903 432 3191 489 nunquam
3222 424 3332 479 voti
3353 440 3581 498 compo-

330 490 386 546 εί
431 493 511 562 μὴ
564 491 700 560 πρὸς
751 492 841 545 τὸν
879 491 1110 563 βασιλέα
1166 493 1454 567 Ῥωμαίων
1510 500 1907 573 αὐτομολήσειε

331 582 592 647 κάκεῖνον
640 580 929 653 ξύμμαχον
971 584 1128 655 σχοίη
1158 588 1254 640 καὶ
1284 587 1421 657 πρὸς
1449 589 1509 642 τὸ
1542 592 1909 662 προκείμενον

333 673 615 744 συνεργόν.
660 672 721 727 '0
752 675 809 730 δὲ
839 674 1129 747 ξυμϐούλῳ
1151 695 1212 732 τε
1239 678 1357 750 ἅμα
1386 680 1563 753 τούτῳ
1597 684 1691 741 καὶ
1727 685 1909 758 ὁδηγῷ

331 764 682 835 χρησάμενος
702 764 796 835 ἅμ’
820 766 971 838 αύτῷ
991 769 1201 839 ταχέως
1224 772 1323 841 τὴν
1340 770 1586 841 βασιλίδα
1615 776 1906 844 κατέλαϐε,

332 854 428 907 καὶ
451 855 480 906 ὁ
504 854 615 916 τοῖς
661 853 848 918 ὅπλοις
898 859 1184 928 κρατήσας
1222 860 1366 914 ἑάλω
1395 861 1573 929 λόγων
1617 863 1905 936 δεινότητι.

330 943 504 998 Τοῦτο
539 944 602 997 τὸ
649 944 812 1015 ἔργον
843 946 923 1010 είς
980 948 1123 1016 μέγα
1158 948 1313 1011 κλέος
1353 949 1443 1002 τὸν
1490 954 1909 1025 κουροπαλάτην

331 1036 613 1104 ἀνήγαγεν
633 1050 646 1063 ·
683 1035 779 1089 καὶ
805 1035 915 1107 γάρ
935 1032 1003 1107 ἦν
1025 1036 1195 1101 ὅντως
1221 1037 1621 1102 ἀξιεπαίνετον.
1641 1043 1905 1114 Φιλοφρό-

333 1144 438 1190 νως
466 1122 560 1180 οὖν
579 1126 676 1179 καὶ
702 1126 870 1197 ἄμφω
899 1129 927 1181 ὁ
946 1127 1195 1198 βασιλεὺς
1226 1130 1526 1198 ὑπεδέξατο
1558 1133 1652 1187 καὶ
1678 1133 1909 1205 δωρεαῖς

336 1217 602 1287 μεγάλαις
636 1218 953 1289 τετίμηκεν.

411 1393 498 1464 ιβ’.
531 1389 607 1447 Ἦ
614 1411 705 1465 ρος
731 1394 787 1448 δὲ
816 1394 1122 1466 ἀρχομένου
1149 1395 1264 1468 (l7)
1313 1396 1459 1451 κατὰ
1483 1396 1594 1450 τῶν
1646 1396 1911 1467 Τούρκων

339 1487 708 1556 ἐστράτευσεν
754 1488 1097 1557 ἑπαγόμενος
1140 1488 1235 1555 ξὺν
1265 1489 1414 1560 αὑτῷ
1444 1490 1536 1545 τὸν
1559 1491 1909 1562 Χρυσόσκουο

334 1576 447 1633 λον.
488 1579 787 1649 Γενομένου
819 1579 876 1632 δὲ
902 1579 1097 1633 τούτου
1140 1580 1285 1635 κατὰ
1312 1581 1412 1651 τὴν
1430 1581 1687 1637 Βιθυνίαν
1712 1585 1741 1638 ὀ
1779 1602 1910 1640 κου-

342 1670 681 1739 ρσπαλάτης,
713 1671 963 1744 ὠταλγίᾳ
1015 1674 1299 1745 συσχεθεὶς
1355 1674 1735 1745 τετελεύτηκε,
1769 1678 1910 1747 μέγα

2012 515 2118 562 tem
2191 508 2457 576 futurum,
2515 510 2619 567 nisi
2685 511 2753 565 ad
2798 510 3105 569 Romanum
3188 513 3579 585 imperatorem

2011 597 2400 670 transfugiens,
2430 614 2555 654 eum
2581 601 2686 657 sibi
2709 601 3029 672 adiungeret
3060 602 3355 660 sociumad
3374 605 3589 664 bellum

2010 688 2313 747 Persicum.
2345 690 2444 748 His
2466 691 2560 747 ille
2594 693 2816 759 auditis,
2840 694 2995 750 utilis
3034 695 3245 750 consilii
3277 707 3581 766 auctorem,

2009 778 2111 836 vim
2137 794 2354 851 quoque
2407 781 2601 837 ducem
2655 783 2760 839 sibi
2791 798 2916 841 esse
2976 785 3171 851 voluit,
3217 788 3399 842 statim
3451 804 3580 844 cum

2010 871 2106 926 illo
2164 871 2698 943 Constantinopolim
2754 876 3057 947 profectus.
3116 878 3211 934 Sic
3264 880 3358 949 qui
3416 883 3584 938 armis

2010 959 2235 1024 vicerat,
2258 969 2378 1016 arte
2396 963 2688 1018 verborum
2709 966 2887 1020 vietus
2910 954 3152 1022 vicissim
3179 976 3235 1023 et
3264 977 3456 1035 captus
3477 978 3582 1025 est.

2010 1049 2258 1120 Magnam
2280 1066 2346 1108 eo
2396 1052 2542 1108 facto
2572 1054 2799 1123 gloriam
2850 1071 2957 1112 suo
3012 1057 3222 1127 peperit
3252 1059 3457 1114 nomini
3483 1074 3583 1114 cu-

2013 1140 2283 1209 ropalates
2309 1158 2323 1196 :
2356 1151 2417 1198 et
2444 1152 2564 1201 erat
2592 1159 2728 1201 sane
2750 1145 2908 1201 laude
2939 1145 3165 1217 dignum
3195 1148 3393 1218 insigni
3452 1149 3587 1204 laci.

2011 1244 2135 1285 nus.
2177 1228 2483 1300 Utrumque
2516 1247 2682 1301 porro
2729 1234 3022 1304 imperator
3076 1236 3588 1294 benevolentissime

2011 1328 2298 1389 exceptum
2326 1322 2643 1378 muneribus
2695 1326 2908 1393 magnis
2944 1325 3254 1382 honoravit.

2083 1411 2171 1466 12.
2188 1410 2316 1467 Inde
2341 1413 2444 1469 sub
2467 1414 2616 1472 veris
2641 1416 2856 1471 initium
2879 1418 3277 1487 expeditionem
3297 1419 3350 1474 in
3378 1418 3589 1475 'l‘nrcos

2012 1504 2272 1574 suscepit,
2306 1505 2509 1561 ducens
2536 1522 2660 1564 cum
2693 1508 2811 1578 ipso
2825 1509 3270 1581 Chrysosculum.
3300 1509 3436 1566 Cum
3460 1491 3589 1565 vero

2014 1597 2411 1667 pervenissetin
2426 1597 2733 1670 Bithyniam
2757 1601 3125 1671 curopalates,
3163 1602 3350 1657 dolore
3369 1603 3586 1658 aurium

2012 1695 2295 1755 correptus
2323 1686 2547 1752 interiit,
2600 1704 2856 1758 magnum
2914 1690 3118 1745 luctum
3156 1691 3474 1761 imperatori
3498 1707 3589 1747 rec

336 1758 531 1823 πένθος
556 1760 634 1830 τῷ
670 1760 882 1830 βασιλεῖ
904 1762 1217 1816 καταλιπών
1250 1778 1265 1795 ο
1301 1764 1448 1834 μάλα
1476 1764 1586 1835 γὰρ
1614 1766 1789 1833 ἐφίλει
1817 1768 1910 1820 τὸν

2016 1775 2296 1843 linquens;
2327 1778 2557 1832 multum
2591 1780 2737 1833 enim
2769 1779 2989 1835 amabat
3022 1786 3224 1837 virum.
3250 1781 3589 1853 Chrysoscu-

336 1850 528 1920 ἄνδρα.
584 1851 644 1903 Ὀ
676 1851 732 1903 δὲ
764 1851 1178 1922 Χρυσόσκουλος
1241 1853 1439 1923 μικροῦ
1486 1854 1598 1907 δεῖν
1635 1857 1731 1909 καὶ
1779 1873 1909 1908 συν-

336 1942 581 2011 απῆλθεν
613 1941 783 2013 αὐτῷ.
820 1942 1007 2008 Οὕτως
1035 1944 1140 1997 ὑπὸ
1171 1945 1264 1997 τοῦ
1291 1944 1496 2009 πάθους
1528 1946 1801 2018 νενίκητο,
1834 1947 1909 2010 ὡς

337 2031 604 2099 προέσθαι
626 2030 912 2100 βούλεσθαι
940 2032 1037 2085 καὶ
1063 2032 1233 2103 αὐτὴν
1265 2033 1365 2103 τὴν
1392 2031 1560 2104 ζωήν.
1604 2034 1743 2085 Ἀλλ’
1769 2034 1913 2087 οῦτω

339 2121 441 2189 μὲν
468 2114 637 2187 οῦτοι,
669 2123 703 2191 ή
734 2122 790 2175 δὲ
826 2121 922 2174 τοῦ
957 2121 1369 2193 κουροπαλάτου
1431 2124 1617 2194 μήτηρ
1654 2126 1720 2194 τῇ
1752 2122 1910 2193 βασι-

333 2210 441 2265 λίδι
473 2212 581 2265 τῶν
603 2212 812 2266 πόλεων
851 2213 1226 2281 διατρίϐουσα,
1258 2215 1380 2267 ἐπεὶ
1432 2216 1563 2286 περὶ
1596 2214 1696 2285 τῆς
1749 2215 1910 2268 νόσου

335 2303 434 2356 τοῦ
465 2304 581 2357 υἱοῦ
618 2304 914 2371 ἐπέπυστο,
941 2304 1018 2369 ὼς
1062 2304 1209 2376 δεινή
1234 2323 1317 2369 τις
1346 2307 1440 2359 καὶ
1464 2305 1912 2369 δυσαπάλλακτος

337 2394 481 2462 αῦτη
541 2396 954 2461 ὕποτοπάσασα,
1026 2396 1493 2467 διαπεραιωθείσα
1547 2399 1762 2467 ταχέως
1811 2398 1912 2467 τὴν

334 2485 576 2539 Βιθυνῶν
598 2485 1008 2556 καταλαμϐάνει
1037 2487 1389 2558 μητρόπολιν.
1409 2488 1496 2561 [Ρ.
1525 2488 1620 2561 26]
1644 2489 1910 2543 Μαθοῦσα

335 2576 381 2629 δ’
409 2577 492 2628 ὅτι
538 2574 673 2645 πρὸς
706 2575 768 2629 τὸ
818 2576 1009 2629 κάκιον
1039 2576 1354 2648 προχωροίη
1406 2577 1484 2646 τῷ
1515 2577 1669 2631 παιδὶ
1712 2579 1779 2631 τά
1808 2578 1910 2647 τῆς

337 2666 520 2727 νόσου,
549 2665 607 2718 τὸ
633 2665 757 2735 ὅρος
803 2665 1088 2735 ὑπερϐάσα
1136 2666 1276 2737 ὅπερ
1324 2667 1609 2739 ἐγχωρίως
1672 2666 1910 2733 Ἀζαλὰς

335 2756 677 2826 ὠνόμασται,
707 2746 834 2826 εὗρε
867 2756 1055 2809 τοῦτον
1087 2759 1218 2827 περὶ
1259 2758 1358 2822 τὰς
1407 2758 1688 2830 ὑπωρείας
1718 2758 1908 2812 τούτου

335 2850 396 2901 ἕν
441 2865 547 2902 τινι
585 2848 989 2919 φροντιστηρίῳ
1042 2848 1129 2902 ἐπ’
1159 2848 1388 2919 ὀνόματι
1415 2850 1515 2920 τῆς
1564 2852 1910 2923 Θεομήτορος

336 2940 605 3007 (Ἄλυπος
644 2939 817 3009 δνομα
849 2943 915 3012 τῇ
960 2941 1120 3012 μονῇ)
1170 2941 1307 3013 πρὸς
1339 2940 1438 3012 τήν
1479 2941 1657 3009 ἔξοδον
1696 2944 1912 3012 ἐπειγόο

339 3046 525 3100 μενον.
556 3031 695 3099 Βοῆς
720 3030 764 3083 δ’
793 3030 886 3084 ἐπὶ
919 3032 986 3103 τῇ
1015 3030 1222 3102 ταύτης
1253 3031 1559 3086 είσελεύσει
1608 3033 1911 3106 γενομένης

335 3124 448 3184 τοῖς
483 3122 612 3193 περὶ
639 3124 733 3176 τὸν
759 3123 1198 3194 κουροπαλάτην,
1226 3124 1464 3196 ἐπείπερ
1486 3124 1734 3197 ἑώρακεν
1755 3120 1910 3189 οὗτος

337 3215 438 3283 τὴν
465 3212 680 3284 μητέρα
724 3214 1082 3285 φοιτήσασαν,
1122 3214 1350 3287 ἐξήλατό
1380 3233 1440 3269 τε
1475 3208 1781 3281 σπόυδαίως
1811 3217 1910 3286 τῆς

339 3305 550 3376 κλίνης,
587 3306 683 3358 καὶ
711 3305 917 3377 ταύτην
945 3307 1314 3379 περιπλακεὶς
1345 3308 1754 3379 κατησπάζετο.
1801 3326 1911 3377 μη-

334 3395 428 3448 δέν
449 3413 499 3448 τι
529 3395 868 3466 φθέγξασθαι
899 3396 1149 3467 δυνηθεὶς
1198 3397 1409 3467 ἕτερον,
1462 3398 1625 3465 μόνον
1654 3397 1713 3450 δὲ
1752 3396 1910 3464 αίτη-

341 3487 579 3557 σάμενος
603 3486 810 3558 ταύτην
843 3488 1028 3558 κοινῆς
1074 3489 1244 3559 ἄμφω
1275 3487 1572 3558 ἀξιωθῆναι
1600 3488 1805 3556 ταφῆς.
1858 3485 1918 3537 '0

338 3580 445 3649 μὲν
477 3575 571 3632 οῦν
604 3578 760 3641 αὖθις
786 3579 1095 3642 ἀνακλιθεὶς
1117 3579 1502 3647 τετελευτήκει
1531 3576 1671 3647 μετὰ
1712 3574 1911 3646 βραχύ.

347 3670 420 3720 Ἢ
443 3668 501 3720 δὲ
535 3667 762 3737 γενναία
807 3669 992 3739 μήτηρ
1021 3668 1114 3722 καὶ
1168 3667 1550 3739 μεγαλόψυχος
1579 3669 1677 3738 τὴν
1706 3668 1918 3735 ὀφειλο-

339 3761 517 3832 μένην
563 3761 719 3814 ὀσὲαν
747 3758 1201 3832 άποπληρώσασα
1239 3744 1317 3831 τῷ
1364 3759 1469 3829 υίῷ
1522 3760 1617 3813 καὶ
1662 3758 1917 3813 τοσοῦτον

341 3853 663 3925 πενθήσασα
716 3854 842 3907 ὅσον
881 3854 1030 3916 είκὸς
1073 3854 1173 3923 τὴν
1214 3851 1454 3906 τοιοῦτον
1493 3853 1659 3908 παῖδα
1708 3851 1918 3905 ἀποσα-

351 3943 553 3999 λοῦσαν
583 3944 922 4013 στρατιώτην
950 3961 1009 3997 τε
1038 3944 1154 4014 ἅμα
1185 3943 1281 3996 καὶ
1303 3943 1627 4013 στρατηγὸν,
1660 3942 1834 4015 βραχύ
1864 3959 1917 3995 τι

354 4037 451 4090 τοῦ
470 4034 671 4100 πάθους
702 4034 901 4106 ἑαυτὴν
926 4031 1294 4104 ἀνενεγκοῦσα
1308 4034 1398 4087 τὸν
1412 4034 1619 4088 κλεινὸν
1640 4034 1917 4104 ἐκπέμπει

354 4128 594 4194 ’Δλέξιον
640 4125 1183 4196 συστρατευσόμενον
1232 4125 1311 4197 τῷ
1351 4126 1579 4197 βασιλεῖ.
1656 4126 1714 4179 '0
1745 4126 1802 4179 δὲ
1848 4127 1916 4196 τῇ

346 4222 516 4292 μητρὶ
553 4218 955 4289 συνταξάμενος
1007 4218 1103 4271 καὶ
1129 4218 1384 4289 δακρύων
1434 4218 1698 4287 κρουνοὺς
1733 4216 1918 4284 ἀφιεὶς

341 4311 439 4365 ἐπὶ
470 4311 622 4363 δυσὶν
655 4308 944 4380 ἐμερίζετο
974 4308 1195 4372 πάθεσι,
1231 4309 1523 4379 σπλάγχνῳ
1566 4324 1628 4360 τε
1667 4305 1918 4378 μητρικῷ

2014 1865 2097 1921 lus
2133 1880 2262 1920 vero
2293 1883 2484 1934 parum
2539 1867 2717 1924 abfuit
2773 1870 2904 1939 quin
2963 1886 3089 1925 eum
3144 1886 3210 1926 eo
3263 1881 3587 1935 moreretur.

2014 1964 2161 2010 tanta
2188 1972 2377 2011 casum
2418 1959 2757 2028 impatientia
2813 1961 3240 2029 perturbationis
3296 1961 3502 2026 ferens,
3534 1971 3591 2018 ut

2014 2058 2299 2111 superesse
2336 2044 2446 2117 35
2493 2048 2672 2102 amico
2700 2063 2760 2101 se
2798 2059 3019 2118 negaret
3067 2050 3240 2103 velle:
3275 2060 3331 2105 at
3353 2065 3591 2119 europa-

2016 2131 2137 2185 lata:
2172 2143 2343 2186 mater
2374 2135 2428 2186 in
2481 2134 2618 2189 urbe
2672 2135 2958 2189 diversans
3008 2136 3176 2205 regia,
3233 2136 3327 2190 ubi
3378 2138 3594 2204 trepido

2012 2222 2261 2291 perculsa
2297 2223 2490 2278 nuntio
2521 2232 2607 2278 est
2656 2224 2724 2279 de
2776 2224 2871 2279 lilii
2922 2226 3140 2292 morbo,
3174 2241 3335 2295 quem
3368 2242 3589 2297 gravem

2012 2323 2066 2368 et
2107 2328 2215 2367 non
2280 2313 2441 2369 facile
2513 2316 2813 2370 curabilem
2878 2318 3157 2385 suspicata
3204 2326 3310 2381 est,
3368 2319 3593 2386 traiecto

2012 2406 2197 2461 statim
2234 2405 2371 2461 freto
2402 2406 2783 2477 Bithyniorum
2816 2406 2870 2461 in
2912 2407 3103 2462 urbem
3158 2406 3476 2475 primariam
3532 2423 3592 2463 se

2013 2496 2243 2552 confert.
2280 2496 2381 2553 Ubi
2420 2512 2547 2551 cum
2603 2496 2887 2559 didicisset
2912 2497 3122 2551 intendi
3169 2498 3446 2561 morbum,
3499 2511 3591 2566 pe.

2008 2589 2207 2660 jusque
2259 2590 2461 2645 habere
2502 2589 2696 2654 lilium,
2745 2597 2930 2643 monte
2983 2597 3266 2656 superato,
3321 2602 3482 2657 quem
3508 2589 3595 2641 iu-

2011 2682 2222 2752 digena:
2251 2682 2475 2737 Azalam
2505 2681 2814 2743 nominant,
2850 2694 2976 2735 eum
3005 2679 3231 2736 oﬂ‘endit
3264 2679 3318 2734 in
3353 2678 3594 2749 quodam

2012 2773 2348 2828 monasterio
2366 2771 2460 2827 Dei
2480 2770 2639 2826 Matri
2672 2778 3016 2833 consecrato,
3045 2769 3133 2825 cui
3162 2769 3370 2839 Alypus
3394 2783 3595 2824 nomen

2012 2874 2115 2931 est,
2151 2864 2203 2918 in
2232 2863 2539 2920 declivitate
2558 2863 2799 2930 momis;
2828 2862 2933 2918 aito
2964 2862 3059 2926 ibi,
3092 2864 3338 2930 inquam,
3372 2858 3600 2915 oll‘endit

2013 2956 2183 3010 lilium
2215 2966 2388 3010 mater
2442 2963 2748 3010 extremum
2780 2954 2896 3025 jam
2959 2952 3211 3023 spiritum
3267 2953 3595 3007 trahentem.

2014 3045 2265 3102 Clamore
2307 3054 2490 3099 autem
2549 3044 2616 3099 ad
2647 3043 2941 3100 adventum
2992 3052 3312 3099 matronaea
3361 3045 3602 3099 circum-

2013 3136 2287 3192 stantibus
2320 3135 2559 3199 sublato,
2622 3137 2895 3192 excitatus
2939 3149 3103 3206 aeger,
3136 3135 3228 3190 ubi
3284 3133 3597 3189 venientem

2012 3227 2083 3284 ad
2113 3244 2173 3284 se
2198 3237 2423 3283 matrem
2465 3228 2621 3293 vidit,
2662 3228 2919 3283 vincente
2946 3226 3200 3282 merbum
3227 3224 3425 3283 aﬂ‘ectu
3453 3225 3600 3280 exsi-

2014 3321 2170 3377 luite
2197 3330 2393 3388 strato,
2456 3320 2849 3390 amplexusque
2885 3328 2941 3374 et
2988 3321 3272 3374 osculatus
3322 3326 3599 3386 parentem

2016 3423 2118 3477 est,
2149 3428 2318 3483 pauca
2350 3421 2534 3466 tamen
2554 3412 2723 3466 verba
2751 3411 2887 3464 eniti
2908 3410 3121 3470 valens.
3148 3409 3351 3477 quibus
3370 3424 3401 3461 a
3426 3419 3603 3462 matre

2018 3503 2335 3572 postulabat
2364 3517 2561 3556 curare
2626 3510 2687 3555 ut
2721 3502 2812 3555 illa
2841 3500 3159 3569 dignaretur
3191 3514 3313 3554 sese
3338 3514 3445 3552 una
3474 3514 3602 3553 cum

2020 3594 2110 3648 illa
2165 3592 2444 3647 communi
2499 3591 2690 3647 ambos
2742 3590 3026 3662 sepultura
3074 3590 3256 3646 condi.
3316 3590 3433 3646 Sub
3488 3592 3603 3645 haec

2020 3685 2216 3739 iterum
2253 3683 2552 3739 reclinatus
2581 3682 2744 3752 paulo
2778 3691 2901 3753 post
2962 3681 3118 3737 obiit.
3144 3680 3422 3737 Generosa
3476 3695 3604 3735 vero

2019 3792 2083 3831 ac
2134 3774 2490 3846 magnanima
2549 3782 2722 3828 mater
2776 3772 2945 3843 jnstis
2985 3772 3089 3827 rite
3114 3773 3412 3843 persolutis
3469 3772 3600 3835 lilio,

2005 3866 2275 3935 luctuque
2306 3881 2371 3921 ac
2406 3864 2796 3920 lamentatione
2820 3862 3137 3934 perfuncta.
3164 3864 3332 3919 tantis
3381 3865 3604 3933 quantis

2012 3958 2276 4028 prosequi
2308 3972 2429 4013 eam
2464 3955 2547 4011 l‘as
2576 3966 2629 4010 et
2652 3971 2752 4025 par
2812 3954 2917 4010 l‘uit
2940 3956 3098 4011 talem
3131 3953 3300 4008 lilium
3334 3954 3428 4008 tali
3464 3964 3603 4008 tem-

2014 4062 2150 4117 pore
2183 4046 2450 4101 amissum
2476 4044 2705 4099 militem
2757 4043 2922 4098 simul
2955 4052 3010 4096 et
3053 4043 3274 4106 ducem,
3306 4057 3336 4095 a
3369 4058 3605 4097 maerore

2020 4139 2295 4207 paulisper
2346 4152 2406 4192 se
2458 4150 2751 4199 revocans,
2806 4134 3070 4204 inclytum
3130 4134 3383 4187 Alexium
3440 4133 3509 4187 ab
3542 4148 3602 4188 se

2020 4228 2257 4282 demittit
2302 4226 2558 4280 comitem
2595 4225 2963 4295 expeditionis
2989 4225 3191 4293 impera
3203 4225 3307 4278 tori
3332 4223 3601 4279 futurum.

2022 4319 2091 4370 At
2130 4315 2218 4369 ille
2241 4314 2397 4369 matri
2447 4312 2738 4370 valedicto.
2773 4325 2877 4365 non
2908 4311 3029 4365 sine
3060 4310 3323 4364 uberibus
3348 4310 3604 4380 lat'rymis

344 4406 438 4458 καὶ
453 4406 742 4475 στρατείας
770 4400 1056 4472 ἐπιθυμίᾳ.
1080 4401 1189 4455 Καὶ
1203 4403 1311 4471 γάρ
1337 4397 1428 4473 ἦν,
1455 4400 1613 4470 εἰπερ
1634 4416 1716 4463 τις
1740 4399 1913 4462 ἄλλος,

2026 4406 2240 4460 duobus
2267 4406 2395 4458 hinc
2421 4400 2547 4456 inde
2577 4400 2861 4455 allectibus
2896 4399 3323 4464 distrahebatur,
3356 4409 3602 4454 materna

344 4493 706 4564 φιλοπᾶλεμός
738 4511 798 4546 τε
832 4494 928 4546 καὶ
959 4491 1304 4562 φιλομήτωρ.
1361 4492 1608 4563 Ἀπάρας
1636 4489 1730 4543 οὖν
1760 4492 1907 4543 ἐκεῖ·

345 4588 438 4639 θεν
466 4587 564 4658 τῆς
595 4586 733 4657 πρὸς
761 4585 854 4639 τὸν
889 4584 1114 4655 βασιλέα
1146 4582 1420 4655 φερούσης
1451 4583 1678 4654 ἥπτετο,
1731 4583 1823 4637 καὶ
1851 4580 1916 4652 δὴ

346 4679 543 4750 φθάνει
566 4678 757 4733 τοῦτον
780 4678 909 4748 περὶ
938 4678 1000 4732 τδ
1046 4676 1340 4749 Δορύλαιον
1371 4674 1676 4743 σκηνοῦντα
1711 4675 1919 4729 καὶτὸν

347 4769 581 4843 στρατὸν
633 4769 1056 4841 συναγείραντα.
1126 4768 1184 4822 '0
1218 4767 1277 4823 δὲ
1323 4765 1510 4821 τοῦτον
1541 4767 1665 4820 ἰδὼν
1715 4767 1809 4821 καὶ
1864 4768 1924 4820 ὲν

346 4861 654 4933 ἀναμνήσει
688 4861 784 4915 τοῦ
819 4861 1025 4925 πάθους
1054 4861 1347 4931 γενόμενος
1380 4859 1639 4931 δακρύειν
1665 4875 1725 4911 τε
1754 4855 1926 4930 ἧρξα-

344 4969 409 5005 το
449 4951 544 5006 καὶ
577 4952 831 5023 περὶτῆς
881 4952 1094 5007 ἐκείνου
1148 4953 1356 5022 μητρὸς
1414 4950 1772 5006 ἐπυνθάνετο.
1812 4950 1925 5005 Καὶ

341 5041 785 5113 τέλοςιβιάζεται
816 5043 1005 5097 τοῦτον
1043 5043 1181 5114 πρὸς
1217 5043 1316 5114 τὴν
1344 5040 1557 5112 μητέρα
1587 5042 1921 5112 παλινοστῆ-

347 5149 461 5197 σαι,
482 5133 644 5189 τοῦτο
685 5135 923 5206 φράσας,
949 5135 1026 5199 ὡς
1048 5132 1125 5191 Οὐ
1156 5135 1316 5189 καλόν
1332 5136 1449 5189 έστι
1483 5135 1688 5204 ταύτην
1714 5134 1808 5189 ἐπὶ
1836 5151 1927 5188 το-

346 5222 526 5295 σούτῳ
557 5224 781 5295 μεγέθει
810 5225 1021 5289 πάθους
1045 5225 1365 5279 καταλιπεῖν
1406 5223 1823 5295 ἀπαράκλητον,
1846 5222 1926 5295 τῷ

342 5315 510 5369 πάθει
535 5316 707 5380 πάθος
734 5316 1079 5387 προσθέντας
1107 5316 1185 5387 τῷ
1202 5317 1411 5371 ἐκείνου
1443 5316 1660 5387 θανάτῳ
1692 5316 1791 5386 τὴν
1825 5313 1924 5385 σὴν

342 5407 442 5460 ἐπὶ
476 5406 690 5478 μακρὸν
716 5406 1049 5479 ἀποδημίαν.
1096 5406 1282 5462 Ταῦτα
1334 5409 1434 5480 μὲν
1465 5404 1559 5463 οὖν
1589 5410 1616 5462 ό
1648 5406 1924 5479 βασιλεύς.

2024 4496 2277 4553 videlicet
2332 4494 2599 4548 charitate
2644 4500 2700 4546 et
2758 4489 2992 4560 juvenili
3035 4492 3232 4546 ardore
3284 4492 3603 4556 militandi;

2023 4604 2201 4659 neque
2235 4587 2381 4641 enim
2417 4594 2536 4642 erat
2588 4584 2755 4649 ullus,
2792 4583 2895 4655 .cui
2929 4582 3012 4637 vel
3053 4583 3253 4651 pietate
3287 4583 3340 4635 in
3375 4593 3602 4636 matrem

2023 4683 2106 4735 vel
2140 4694 2405 4750 generoso
2448 4676 2558 4747 35
2589 4676 2903 4732 bellicarum
2935 4688 3118 4729 rerum
3157 4671 3344 4729 studio
3364 4673 3607 4726 cederet.

2024 4769 2151 4824 lude
2174 4768 2335 4839 igitur
2386 4768 2664 4838 profectus
2690 4766 2764 4841 ad
2814 4767 3200 4836 imperatorem
3240 4765 3443 4832 reperit
3477 4779 3605 4817 eum

2025 4867 2353 4930 congregato
2406 4857 2520 4928 jam
2566 4857 2809 4912 exercitu
2859 4856 3059 4911 stativa
3091 4854 3239 4909 circa
3301 4854 3604 4923 ltorylarum

2026 4951 2352 5017 habentem;
2380 4948 2472 5018 qui
2496 4948 2684 5003 Alexio
2711 4949 2829 5003 viso
2848 4947 3162 5003 admonitus
3187 4944 3280 5000 illo
3309 4952 3607 5013 conspectu

2025 5039 2094 5093 de
2121 5053 2248 5093 casu
2272 5037 2561 5099 Manuclis,
2590 5053 2697 5090 non
2732 5037 2903 5090 tenuit
2926 5037 3219 5106 lacrymas,
3238 5042 3294 5089 et
3326 5035 3403 5088 uti
3433 5043 3615 5087 mater

2028 5128 2253 5182 haberet
2285 5137 2638 5196 percontatus
2684 5136 2787 5182 est.
2823 5126 2903 5180 Ac
2941 5126 3160 5183 tandem
3184 5126 3408 5182 omnino
3432 5126 3609 5193 impe-

2026 5232 2114 5276 rat
2161 5221 2232 5276 ad
2260 5229 2498 5275 matrem
2554 5215 2734 5288 ipsum
2800 5219 3023 5283 reverti,
3071 5218 3332 5287 praefatus
3388 5229 3615 5285 aequum

2028 5329 2135 5367 non
2163 5327 2288 5369 esse
2317 5311 2465 5365 illam
2498 5311 2553 5364 in
2600 5312 2693 5365 tali
2731 5322 2965 5364 mmrore
2988 5308 3386 5364 consolationis
3408 5320 3608 5375 etper-

2029 5413 2136 5460 tem
2166 5406 2346 5461 omnis
2388 5402 2730 5472 relinquere:
2772 5400 2882 5456 imo
2919 5416 3064 5457 novo
3095 5402 3282 5458 dolore
3314 5415 3346 5456 a
3371 5414 3458 5454 me
3485 5396 3620 5468 Ipso

1377 5539 1585 5602 Caroli
1629 5541 1723 5601 Du
1758 5540 1996 5601 Fresne
2035 5540 2133 5600 Du
2165 5539 2375 5618 Congo
2420 5541 2609 5599 noun.

420 5686 534 5761 (l7)
565 5683 750 5762 Ἔρος
779 5689 1137 5761 ἀρχομένου.
1165 5690 1268 5746 An.
1304 5690 1435 5745 Chr.
1478 5689 1635 5746 l07l.
