4070 6214
459 319 534 384 63
1659 306 2082 372 NICEPHORI
2125 300 2493 365 BBYENNII
3641 295 3714 359 (ξι

463 428 822 495 cumulatam,
857 423 1058 498 inquit,
1087 425 1132 482 si
1166 425 1326 481 morti
1380 422 1609 496 majoris
1637 421 1731 476 lilii
1771 433 1914 476 tuam
1943 435 2046 490 ego

2166 423 2216 470 υ
2247 416 2292 469 δ’
2327 415 2586 484 ἐπειρᾶτο
2645 409 2972 482 προσμένειν
2999 407 3092 462 καὶ
3137 407 3462 476 ξυνέπεσθαί
3493 411 3541 460 oi
3571 411 3714 462 καιῖά

463 524 523 579 in
574 520 924 591 longinquam
983 517 1368 572 abductionem
1419 515 1742 584 adiunxero.
1775 513 1926 567 Talia
1953 511 2042 565 di-

465 618 624 666 conte
662 609 905 677 Augusto
941 606 1173 676 excepit,
1223 604 1526 673 instititq'ue
1577 610 1770 658 contra
1807 602 2040 656 Comne—

471 715 572 755 uus
627 698 814 753 multis
858 712 1044 760 orans,
1081 710 1300 750 manere
1327 705 1385 748 ut
1416 709 1514 764 per
1553 709 1678 748 eum
1707 693 1760 746 in
1789 691 2034 746 exercitu

469 790 572 844 sibi
602 799 656 843 et
709 789 864 858 sequi
902 787 1195 843 ducentem
1230 788 1408 856 ipsum
1461 786 1724 840 adversus
1765 781 2038 837 Barbaros

473 879 698 944 liceret;
733 879 826 933 sed
889 879 1025 933 nihil
1066 878 1348 932 dimovere
1400 876 1787 944 imperatorem
1822 873 1890 927 de
1912 887 2038 926 sen-

471 967 637 1024 tentia
682 967 878 1038 potuit.
932 969 1120 1036 itaque
1185 967 1483 1037 quamlibet
1514 963 2037 1020 invitusreluctans-

2153 507 2455 576 Βαρϐάρων
2486 501 2852 574 στρατεύοντι.
2891 501 3052 554 Ἀλλὰ
3079 500 3250 553 ταῦτα
3287 499 3463 568 λέγων
3490 500 3582 552 τὸν
3616 499 3712 569 βας

2145 598 2300 651 σιλέα
2332 597 2433 650 οὐκ
2489 595 2703 648 έπειθε·
2756 593 2848 646 καὶ
2889 593 3092 646 ἄκοντα
3122 592 3232 662 γὰρ
3261 591 3446 644 τοῦτον
3505 591 3718 646 ἐπανα-

2145 687 2332 751 ζεῦξαι
2364 685 2500 756 πρὸς
2527 687 2624 754 τὴν
2659 683 2872 754 μητέρα
2917 681 3353 752 παρεσκεύασεν.
3397 683 3458 735 '0
3493 683 3592 752 μὲν
3621 679 3717 736 οὖν

2145 779 2334 850 ἀπῄει,
2365 779 2394 831 δ
2421 778 2476 830 δὲ
2511 776 2765 847 βασιλεὺς
2803 775 2992 843 πρόσω
3030 773 3226 844 χωρῶν
3259 773 3357 836 τὰς
3397 772 3718 843 Ῥωμαϊκὰς

2144 870 2406 939 δυνάμεις
2451 867 2774 940 συνήθροιζε
2818 867 2912 920 καὶ
2958 865 3094 936 πρὸς
3148 865 3240 917 τδν
3289 865 3524 934 πόλεμον
3569 864 3718 937 αὐτῷ

2144 962 2238 1032 ὲξη
2248 963 2456 1032 ρτύετο.

470 1071 576 1126 quc
605 1057 812 1123 regredi
851 1057 917 1112 ad
965 1070 1214 1123 matrem,
1282 1057 1511 1126 praeciso
1565 1054 1827 1124 principis
1885 1053 2040 1121 jussu
2073 1055 2391 1122 compulsus
2452 1051 2634 1106 itineri
2659 1066 2718 1107 se
2745 1050 3137 1105 deditdomnm
3210 1065 3444 1106 versus:
3476 1051 3722 1122 Angusto

473 1149 703 1204 u'lterius
728 1159 996 1214 movente,
1033 1159 1087 1202 et
1114 1158 1226 1204 tum
1261 1164 1457 1219 cogere
1495 1147 1770 1203 Romanas
1793 1147 2036 1214 undique
2073 1147 2282 1216 copias,
2323 1155 2436 1198 tum
2489 1159 2582 1198 eas
2622 1143 2690 1197 ad
2742 1142 2942 1196 bellum
2971 1142 3242 1195 instruere
3264 1153 3542 1210 pergente.

549 1247 636 1300 l3.
659 1245 776 1310 Quo
800 1245 994 1300 itinere
1010 1261 1132 1299 cum
1159 1245 1212 1299 in
1237 1243 1634 1313 Cappadociam
1662 1242 2046 1313 promovisset,

477 1337 766 1406 pmcipuis
787 1335 982 1390 ducum
1012 1335 1326 1390 convocatis
1354 1335 1419 1388 de
1445 1349 1659 1389 summa
1688 1333 1810 1388 belli
1836 1334 2050 1387 consul-

2217 1240 2606 1309 ιγ’.Γενόμινος
2642 1237 2698 1292 δὲ
2725 1238 2856 1306 περὶ
2883 1236 2982 1307 τὴν
3012 1235 3396 1289 Καππαδοκῶν
3433 1237 3556 1298 τοὺς
3602 1236 3724 1307 ἀρί-

2148 1350 2306 1395 στους
2359 1332 2477 1401 ἅμα
2530 1330 2639 1382 τῶν
2685 1329 3008 1400 στρατηγῶν
3059 1327 3146 1380 ἐπ’
3197 1327 3492 1398 ἐκκλησίαν
3540 1329 3724 1381 ἐκάλει

480 1435 577 1490 tat,
619 1441 816 1496 rogans
854 1426 1046 1496 ecquid
1084 1434 1367 1495 praestaret
1400 1425 1701 1494 irrumpere
1737 1424 1877 1478 intra
1915 1424 2049 1478 fines

2166 1423 2242 1478 ιαὶ
2275 1423 2470 1492 βουλὴν
2493 1420 2622 1491 περὶ
2649 1418 2744 1472 τοῦ
2771 1419 3010 1488 πολέμου
3039 1417 3342 1487 προύτίθει,
3385 1417 3726 1488 πυνθανόμε⁶

480 1519 738 1583 Persidis,
767 1521 948 1590 ibique
971 1535 1210 1589 pugnare
1237 1535 1360 1574 cum
1390 1518 1617 1585 Turcis;
1647 1534 1713 1573 an
1743 1527 2046 1573 manentem

483 1617 624 1667 intra
649 1613 890 1680 ﬁlimitem
939 1613 1160 1667 ditionis
1197 1612 1430 1680 propriae
1463 1612 1703 1680 ipsorum
1751 1611 2044 1666 adventum

480 1715 814 1773 aspectare.
848 1702 1210 1757 Nuntiabatur
1240 1703 1382 1757 enim
1415 1703 1692 1759 sullannm
1725 1703 1905 1772 egredi
1933 1702 2044 1770 jam

481 1812 514 1849 e
543 1794 782 1856 Perside,
819 1809 881 1849 ac
913 1797 1023 1850 lent
1045 1814 1056 1844 ι
1082 1811 1272 1866 gressu
1305 1797 1356 1849 in
1392 1797 1668 1850 Romanos
1700 1810 1944 1849 movere.
1975 1794 2049 1848 lbi

487 1885 783 1940 ferociores
834 1887 1067 1956 quique,
1127 1887 1436 1955 quibusque
1491 1886 1759 1941 assentari
1821 1885 2053 1955 principi

486 1975 730 2029 solemne
777 1985 912 2038 erat,
967 1991 1163 2046 negare
1207 1975 1565 2030 desidendum
1617 1977 1725 2029 illic
1767 1992 1908 2040 esse,
1961 1975 2054 2030 scd

488 2065 789 2118 vadendum
847 2067 1355 2133 occursantlutuqne
1408 2066 1647 2128 sultano,
1706 2079 1758 2120 et
1818 2085 1939 2120 cum
1993 2084 2058 2123 eo

488 2169 600 2222 prae
621 2154 859 2207 liandnm
897 2155 950 2206 in
984 2154 1092 2223 36
1120 2154 1316 2207 Batana
1351 2155 1538 2208 Media:
1569 2165 1790 2226 parante
1821 2158 2056 2226 ingredi.

485 2245 689 2299 Gnntra
727 2245 986 2314 magistro
1023 2243 1220 2314 Joseph
1263 2243 1640 2300 Tracbaniotze
1682 2261 1890 2315 magna:
1931 2257 2060 2302 tunc

489 2334 627 2402 parti
665 2335 943 2404 copiarum
975 2335 1264 2403 praelecto,
1304 2343 1358 2388 et
1387 2335 1510 2388 duci
1549 2337 1715 2392 totius
1747 2335 2060 2393 Occidentis

493 2422 805 2490 Niccpltoro
847 2421 1136 2494 Bryennio,
1187 2425 1343 2494 plane
1390 2423 1674 2479 videbatur
1717 2442 1959 2496 praceps
2008 2427 2060 2482 id

489 2515 777 2585 errorique
821 2514 1067 2568 innixum
1119 2515 1408 2570 consilium
1451 2531 1570 2571 esse
1623 2532 1638 2568 :
1687 2518 2062 2588 rogabantqne

492 2607 875 2675 imperatorem
909 2614 988 2670 ut,
1023 2605 1068 2660 si
1103 2616 1307 2675 posset,
1341 2608 1568 2662 haereret
1603 2608 1656 2662 in
1691 2609 1811 2662 loco
1844 2610 2060 2664 bostcs-

491 2710 600 2764 que
654 2695 720 2748 ad
765 2709 824 2749 se
879 2695 1114 2760 eliceret,
1168 2697 1391 2753 munitis
1462 2699 1679 2753 interim
1750 2699 2065 2756 civitatibus

495 2785 753 2840 Romana:
787 2787 1009 2843 ditionis
1044 2803 1138 2860 per
1171 2789 1487 2856 circuitum,
1528 2794 1784 2862 agrisque
1824 2793 2066 2849 incensis

495 2895 560 2936 ac
593 2881 844 2946 vastatis,
877 2896 944 2936 nc
982 2891 1271 2950 suppetere
1310 2883 1434 2937 inde
1469 2883 1718 2939 hostibus
1758 2885 2065 2940 necessaria

497 2979 738 3038 possent.
776 2969 872 3024 Sin
915 2984 1131 3024 movere
1171 2970 1295 3024 inde
1333 2983 1516 3026 certus
1550 2982 1734 3036 esset,
1773 2983 2066 3040 occuparet

2147 1529 2236 1573 vo;
2264 1511 2321 1564 δὲ
2351 1511 2399 1562 εί
2428 1508 2534 1580 χρὴ
2573 1509 2671 1577 τὴν
2690 1507 2781 1561 ἐπὶ
2806 1507 3062 1577 Περσίδος
3087 1507 3587 1570 ὲλαύνεινχάκεῖσε
3616 1511 3727 1569 τοῖς

2153 1601 2416 1672 Τούρκοις
2466 1597 2894 1668 συμπλέκεσθαι,
2939 1600 2972 1670 ἢ
3034 1600 3262 1666 μένοντα
3310 1599 3401 1650 ἐπὶ
3451 1599 3549 1668 τῆς
3593 1599 3728 1663 ἰδίας

2154 1697 2254 1760 τὴν
2309 1691 2534 1744 ἐκείνων
2593 1689 2809 1741 ἔλευσιν
2867 1689 3192 1757 ἀναμένειν·
3251 1688 3544 1757 ἠγγέλλετο
3619 1690 3730 1761 γὰρ

2157 1783 2255 1854 ήδη
2289 1783 2382 1835 καὶ
2421 1783 2446 1834 ὁ
2477 1780 2765 1843 σουλτάνος
2807 1779 2890 1852 [Ρ.
2923 1780 3018 1848 ‘27]
3058 1781 3289 1846 ἐξελθεῖν
3325 1781 3422 1850 τῆς
3467 1781 3730 1852 Περσίδος

2159 1877 2252 1928 καὶ
2281 1874 2441 1944 σχολῇ
2483 1876 2576 1927 καὶ
2629 1873 2798 1944 βάδην
2829 1873 2973 1926 κατά
3021 1873 3312 1942 Ῥωμαίων
3353 1875 3570 1943 χωρεῖν.
3603 1875 3730 1936 Τοῖς

2161 1968 2260 2036 μὲν
2304 1963 2397 2019 οὖν
2428 1967 2600 2019 ἐδόκει
2630 1967 2744 2018 ὅσοι
2797 1963 3132 2034 θρασύτερῧν
3172 1983 3287 2028 πως
3338 1964 3601 2018 διέκειντο
3635 1967 3731 2020 καὶ

2161 2058 2613 2128 κολακικώτερον,
2649 2057 2722 2126 μὴ
2774 2056 2978 2125 μένειν,
3013 2056 3126 2108 ἀλλ’
3181 2057 3399 2110 ἀπιέναι
3450 2058 3545 2110 καὶ
3587 2075 3731 2128 συμ-

2160 2150 2456 2204 πλέκεσθαι
2495 2150 2571 2218 τῷ
2614 2149 2885 2218 σουλτάνιρ
2941 2148 3165 2201 εἰσιόντι
3222 2150 3278 2200 ὲν
3333 2149 3593 2212 Βατάνοις
3634 2150 3730 2218 τῆς

2161 2241 2393 2310 Μηδίας.
2420 2240 2510 2312 Τῷ
2545 2239 2829 2310 μαγίστρῳ
2863 2239 2917 2291 δὲ
2964 2239 3160 2309 Ἰωσὴφ
3211 2240 3289 2308 τῷ
3344 2239 3735 2312 Τραχανειὼτῃ

2163 2335 2494 2404 κατάρχοντι
2543 2333 2664 2386 τότε
2714 2332 3012 2402 ταγμάτων
3069 2332 3300 2392 πολλῶν.
3329 2334 3420 2385 καὶ
3480 2333 3556 2402 τῷ
3583 2333 3736 2386 δουκὶ

2165 2427 2344 2494 πάσης
2377 2424 2601 2486 Δύσεως
2631 2424 2932 2492 Νικηφὸρῳ
2962 2421 3038 2492 τῷ
3083 2422 3357 2493 Βρυεννίῳ
3383 2429 3735 2478 παντάπασιν

2163 2519 2336 2571 ἑξόκει
2375 2517 2444 2568 τὰ
2472 2516 2699 2568 τοιαῦτα
2741 2513 3085 2584 βουλεύματα
3111 2515 3462 2583 σφάλλεσθαι,
3507 2517 3600 2568 καὶ
3653 2515 3738 2582 ἐξ.

2165 2609 2460 2676 ελιπάρουν
2512 2605 2606 2660 τὸν
2656 2605 2904 2675 βασιλέα,
2949 2607 2997 2657 εί
3035 2599 3146 2658 οἲδν
3174 2623 3231 2658 τε
3267 2608 3371 2675 εῐη.
3413 2607 3738 2676 προσμένειν

2167 2703 2259 2754 καὶ
2298 2701 2427 2762 τοὺς
2483 2697 2776 2766 πολεμίους
2807 2695 2989 2748 ἒλκειν
3035 2697 3170 2766 πρὸς
3209 2696 3400 2748 ἑαυτὸν
3438 2696 3535 2760 τὰς
3578 2696 3740 2765 πέριξ

2167 2792 2349 2845 πόλεκ
2395 2787 2860 2859 κατοχυρώσαντα
2908 2791 3002 2839 καὶ
3055 2789 3155 2850 τὰς
3208 2788 3463 2850 πεδιάδας
3519 2789 3737 2858 ἐμπρή-

2170 2899 2359 2941 σαντα,
2397 2879 2538 2932 ὥστε
2559 2879 2839 2944 σπανίζειν
2872 2880 2982 2940 τοῖς
3007 2877 3289 2947 πολεμίοις
3313 2881 3384 2930 τὰ
3413 2877 3696 2946 ἐπιτήδεια
3721 2895 3740 2911 ο

2168 2974 2218 3026 ει
2249 2973 2304 3026 δὲ
2337 2973 2412 3044 μὴ
2451 2970 2630 3036 τοῦτο,
2665 2970 2768 3023 κᾶν
2800 2969 2931 3037 γοῦν
2965 2969 3292 3022 καταλαϐεῖν
3321 2968 3419 3041 τὴν
3461 2968 3742 3023 Θεοδοσίου

496 3059 980 3129 TheodosiOpolin,
1007 3061 1191 3130 ibique
1224 3063 1418 3117 castris
1449 3063 1642 3133 positis
1675 3064 1858 3119 hostes
1876 3080 2063 3134 exspe-

2173 3066 2326 3118 πόλιν
2374 3065 2596 3117 κάκεῖσε
2645 3060 3188 3131 στρατοπεδεύσαντα
3245 3061 3575 3130 προσμένειν
3618 3061 3744 3122 τοὺς

495 3161 687 3207 claret.
723 3152 857 3207 Hinc
881 3153 1024 3208 enim
1049 3152 1164 3208 fore
1194 3161 1252 3208 ut
1271 3155 1452 3224 inOpia
1471 3163 1876 3210 commeatuum
1893 3157 2068 3210 sulta-

499 3255 604 3299 nus
633 3254 919 3315 cogeretur
949 3259 1192 3314 pugnare
1223 3261 1347 3299 cum
1387 3245 1647 3299 Romanis
1683 3246 1805 3299 loco
1839 3245 1971 3314 ipsis
2001 3245 2068 3299 ad

496 3336 739 3390 victoria:
759 3352 906 3405 spem
927 3338 1298 3391 commodiore
1323 3354 1337 3390 :
1362 3335 1452 3390 sed
1478 3335 1592 3390 lucc
1613 3337 1776 3391 surdo
1799 3337 2073 3391 caneban-

499 3438 605 3481 tur.
635 3425 776 3482 Vicit
798 3427 1060 3490 adulatio,
1083 3436 1136 3481 et
1159 3437 1382 3496 turgens
1407 3427 1552 3481 inani
1575 3428 1774 3497 gaudio
1796 3428 2069 3498 princeps,

497 3520 639 3588 quod
663 3534 843 3574 arcem
871 3519 1101 3588 Mempet
1126 3520 1326 3573 dictam
1353 3519 1515 3573 modo
1535 3530 1774 3589 ceperat,
1798 3529 1852 3573 et
1879 3534 2072 3577 manus

499 3611 805 3664 'l‘urcorum
837 3610 1196 3678 praedantium
1229 3611 1387 3664 cassis
1415 3611 1619 3674 multis,
1655 3612 1844 3679 paucis
1874 3611 2068 3679 captis,

500 3700 801 3768 fugaverat,
847 3699 949 3753 sibi
993 3701 1265 3768 persuasit
1307 3701 1578 3754 neminem
1631 3716 1865 3769 unquam
1913 3711 2074 3755 antea

502 3791 807 3845 Romanum
850 3791 1150 3859 principem
1199 3800 1352 3845 tanto
1395 3791 1448 3844 in
1491 3791 1687 3845 Persas
1729 3798 1950 3860 tamque
1997 3791 2077 3844 in-

499 3893 708 3938 structo
744 3883 944 3937 civium
987 3882 1332 3938 sociorumve
1365 3884 1608 3938 exercitu
1646 3885 1900 3940 movisse.
1937 3883 2072 3955 Spe-

501 3975 605 4028 bus
635 3975 758 4029 inde
790 3975 961 4042 magis
995 3973 1207 4042 magnis
1237 3989 1400 4043 quam
1429 3975 1572 4030 veris
1600 3984 1694 4030 aut
1729 3975 1951 4031 utilibus
1981 3976 2067 4030 in-

499 4065 661 4120 ﬂatus
713 4073 858 4120 recta
895 4063 948 4118 in
978 4061 1256 4118 Persidem
1288 4064 1576 4121 universas
1610 4066 1798 4137 capias
1835 4065 2073 4136 perrexit

499 4158 721 4212 ducere.

2173 3157 2486 3225 πολεμίους,
2519 3151 2648 3206 ὥστ’
2680 3150 2882 3222 ἀπορίᾳ
2912 3151 3020 3203 τῶν
3053 3150 3364 3218 ἀναγκαίων
3389 3149 3480 3202 τὸν
3521 3148 3745 3203 σουλτά-

2169 3267 2263 3302 νον
2330 3244 2746 3313 ἀναγκασθῆναι
2792 3244 2902 3305 τοῖς
2968 3241 3262 3309 Ῥωμαίοις
3335 3238 3745 3310 συμπλέκεσθαι

2167 3340 2296 3393 ἔνθα
2337 3337 2638 3406 Ῥωμαίους
2670 3334 2967 3404 ξυμϐαλεῖν
3004 3332 3139 3402 πρὸς
3171 3332 3406 3402 πόλεμον
3464 3335 3746 3402 συμφέρον

2168 3431 2336 3487 ἐστίν.
2387 3429 2528 3483 Ἀλλ’
2561 3427 2779 3480 ἐδέκουν
2822 3427 2972 3495 παρᾶ
3003 3424 3171 3494 κωφῷ
3198 3425 3365 3496 ᾅδειν,
3393 3429 3486 3478 καὶ
3533 3427 3602 3478 τὰ
3631 3429 3741 3478 τῶν

2170 3522 2416 3578 κολάκων
2445 3519 2619 3572 ὲνίκα.
2652 3518 2762 3571 Καὶ
2803 3519 2920 3570 δέον
2962 3517 3190 3587 ἀνδράσι
3239 3517 3338 3584 τὴν
3369 3518 3578 3571 οίκείαν
3617 3519 3742 3587 ἀρεο

2168 3616 2266 3683 τὴν
2288 3613 2706 3681 παραστήσασιν
2738 3609 3064 3676 ὑπακούειν,
3089 3610 3117 3661 ὁ
3142 3609 3196 3662 δὲ
3231 3613 3342 3673 τοῖς
3387 3609 3573 3674 κόλαξι
3607 3612 3744 3680 μᾶλ-

2171 3704 2261 3757 λον
2287 3700 2643 3772 προσεῖχενῆ
2696 3701 2806 3762 τοῖς
2856 3699 2997 3770 ὀρθά
3049 3700 3530 3769 συμϐουλεύουσιν,
3574 3703 3747 3772 ἐπηρ-

2181 3795 2342 3867 μένος
2403 3797 2518 3856 τοῖς
2568 3791 2907 3861 προλαϐοῦσι
2957 3792 3240 3864 τροπαίοις
3291 3794 3387 3846 καὶ
3457 3793 3599 3862 μέγα
3656 3796 3747 3847 ἐπὶ

2175 3884 2388 3947 τούτοις
2430 3884 2664 3951 φρονῶν.
2703 3883 2810 3934 Καὶ
2842 3883 2948 3952 γὰρ
2974 3883 3034 3934 τό
3088 3900 3147 3935 τε
3195 3883 3431 3951 Μέμπετ
3486 3883 3746 3952 φρούριον

2173 3969 2285 4028 εἷλε
2321 3975 2412 4027 καὶ
2439 3974 2699 4043 Τούρκων
2728 3973 3008 4026 ἀποσπάσι
3037 3975 3483 4043 προνομευὸντων
3511 3974 3748 4045 ἐντυχὼν

2173 4065 2439 4136 ἐτρέψατό
2472 4083 2528 4116 τε
2575 4064 2801 4126 τούτους
2855 4065 2946 4116 καὶ
2982 4064 3214 4127 πολλοὺς
3266 4065 3366 4134 μὲν
3389 4065 3620 4129 ἀνεῖλεν,
3651 4067 3750 4119 οὐκ

2171 4159 2384 4226 ὀλίγους
2412 4158 2467 4210 δὲ
2516 4158 2610 4210 καὶ
2639 4156 2942 4226 ἐζώγρησε.
2979 4155 3206 4220 Τούτοις
3244 4156 3338 4209 οὖν
3377 4159 3742 4228 ἐπαιρόμενος

502 4249 598 4302 καὶ
645 4249 926 4320 θαρρήσας
961 4247 1104 4319 πέρα
1153 4248 1248 4302 τοῦ
1298 4247 1508 4312 δέοντος
1544 4248 1640 4302 ᾶτε
1692 4250 1784 4303 καὶ⁵
1842 4249 2062 4302 πλεῖονα
2124 4249 2233 4302 τῶν
2298 4251 2582 4320 προτέρων
2626 4249 2965 4316 ἑπαγόμενος
3032 4247 3347 4319 ξυμμαχίαν
3375 4250 3468 4302 καὶ
3499 4250 3749 4320 δύναμιν,

501 4337 642 4408 ἄρας
671 4339 765 4404 ξὺν
804 4339 967 4392 σιταντ1⁵
993 4337 1074 4408 τῷ
1109 4340 1476 4412 στρατεύματι
1504 4340 1604 4412 τὴν
1635 4341 1764 4394 εὐθὺ
1796 4341 2054 4412 Περσίδος
2093 4339 2292 4408 ἡλαυνε
2330 4342 2422 4393 καὶ
2459 4339 2593 4411 πρὸς
2631 4340 2755 4400 τοὺς
2788 4340 3061 4404 ἐναντίους
3095 4339 3313 4408 ἐχώρει.

573 4433 660 4487 Η.
697 4433 834 4488 Hinc
862 4450 1149 4505 progresso
1183 4453 1354 4507 usque
1383 4436 1731 4492 Mazicertum
1767 4437 2070 4491 Basilacius
2105 4441 2148 4494 D

501 4525 742 4580 occurrit
789 4526 972 4596 copias
1012 4543 1117 4582 non
1162 4543 1364 4598 paucas
1400 4543 1430 4582 e
1469 4528 1622 4599 Syria
1658 4530 1866 4584 ducens
1908 4539 2073 4598 atque

506 4618 784 4674 Armenia.
819 4619 948 4674 Erat
979 4621 1025 4675 is
1056 4621 1206 4675 ferox
1243 4636 1517 4690 manuque
1553 4620 1733 4684 fortis,
1772 4622 2070 4690 praecipiti-

505 4725 612 4780 que
675 4711 781 4781 37
854 4713 1280 4767 irrcvocabiliter
1351 4713 1554 4780 impetu
1625 4728 1783 4766 ruere
1844 4714 2070 4779 solitus,

503 4817 886 4872 quamcunque
919 4803 974 4857 in
1007 4813 1216 4872 partem
1248 4803 1591 4860 incubuerat.
1630 4804 1730 4872 Qui
1763 4807 1908 4877 quod
1943 4817 2070 4862 tunc

503 4890 765 4944 assentari
818 4894 1070 4960 Augusto
1101 4891 1300 4945 libebat
1343 4891 1729 4964 interrogatus,
1774 4896 1910 4950 nihil
1954 4898 2071 4951 sani

502 4982 799 5051 respondit.
826 4983 1265 5053 interregabatur
1303 4993 1479 5039 autem
1501 4989 1565 5041 de
1602 5001 1688 5050 eo,
1739 4989 1884 5058 quod
1910 4999 2061 5044 vcst-

2251 4437 2330 4490 ιδ’.
2364 4437 2650 4507 Γενομένῳ
2671 4436 2726 4489 δὲ
2752 4438 2930 4508 τούτῳ
2965 4437 3092 4505 περὶ
3124 4437 3561 4508 τδΜαζίκερτον
3587 4436 3700 4508 (18)
3727 4442 3756 4490 ὁ

2184 4530 2505 4592 Βασιλάκιος
2562 4531 2863 4600 ὑπηντίαζε
2939 4529 3170 4596 στρατὸν
3231 4530 3570 4600 ἐπαγόμενος
3651 4531 3751 4583 οὐκ

2167 4622 2345 4690 ὀλίγον
2392 4623 2455 4672 ἐκ
2493 4622 2693 4692 Συρίας
2737 4623 2830 4674 καὶ
2881 4620 3191 4692 Ἀρμενίας,
3223 4620 3285 4682 ὃς
3324 4620 3604 4688 ῥωμαλέος
3649 4620 3752 4688 μὲν

2168 4711 2243 4764 ὢν
2271 4715 2364 4765 καὶ
2413 4714 2512 4782 τὴν
2553 4715 2709 4783 χεῖρα
2748 4715 3016 4779 γενναῖος,
3070 4709 3276 4780 θρασὺς
3323 4709 3378 4761 δὲ
3423 4707 3598 4769 ἄλλως
3654 4709 3751 4762 καὶ

2169 4805 2534 4867 δυσκάθεκτος
2553 4808 2672 4867 ταῖς
2687 4807 2906 4875 ὁρμαῖς,
2933 4804 3025 4856 καὶ
3056 4801 3147 4853 τὸν
3173 4801 3397 4870 βασιλέα
3422 4798 3748 4853 κολακεύειν

2173 4895 2497 4966 βουλόμενος
2534 4896 2688 4948 ούῖὲν
2735 4896 2887 4961 ὑγιὲς
2932 4891 3287 4964 ἐρωτώμενος
3337 4891 3747 4959 ἀπεφθέγξατο.

2169 4987 2277 5040 Τοῦ
2319 4988 2426 5055 γὰρ
2469 4987 2767 5058 βεστάρχου
2829 4986 2939 5057 (19)
3004 4986 3233 5049 Λέοντος
3272 4984 3366 5037 τοῦ
3407 4984 3748 5070 Διαϐατηνοῦ

1533 5099 1741 5160 Caroli
1783 5101 1877 5160 Du
1914 5103 2150 5164 Fresne
2197 5104 2295 5162 Du
2327 5104 2535 5180 Cange
2575 5110 2758 5163 noue.

577 5218 694 5293 ([8)
727 5217 967 5293 Ιζερίτὸ
999 5218 1381 5293 Μεξζικερτον.
1430 5221 1685 5292 Scylitzaa
1707 5223 2066 5293 Ματζικιέρτ.

505 5299 556 5344 et
588 5287 1676 5364 Mavﬁtxtép‘rsLZonaraeltiaﬁticlspr,
1730 5294 1862 5364 urbs
1910 5287 2074 5350 Baas-

508 5359 795 5427 pracanizc.
846 5373 940 5431 seu
989 5356 1194 5431 Mcdizc.
1237 5362 1366 5416 olim
1413 5356 1864 5431 Tltcod'osiopolis
1905 5364 2071 5430 dicta,

509 5437 570 5481 ut
601 5437 791 5480 auctor
817 5441 893 5481 est
923 5428 1072 5482 Isaac
1093 5430 1408 5486 Catlt’olicns
1444 5433 1710 5486 invectiva
1730 5428 1770 5486 ll
1797 5433 1850 5486 in
1882 5428 2074 5488 Annei-

509 5497 652 5558 nios,
681 5511 734 5565 p.
761 5497 854 5572 411
883 5514 897 5564 ;
935 5515 1056 5566 qua:
1081 5515 1204 5553 cum
1240 5503 1326 5554 diu
1360 5501 1649 5557 Saracenis
1677 5502 1902 5564 ameris,
1936 5520 2075 5572 quo-

511 5581 632 5637 rum
687 5568 884 5637 sericm
923 5577 978 5623 et
1028 5582 1239 5637 gentem
1285 5582 1531 5626 recenset
1573 5568 1967 5626 Constantinus
2001 5574 2075 5626 De

511 5634 658 5688 adm.
699 5635 852 5705 imp.,
885 5655 937 5692 c.
967 5634 1065 5703 MV,
1098 5642 1388 5708 paruisset,
1423 5642 1636 5695 tandem
1676 5644 1728 5696 in
1761 5643 2073 5698 Graecorum

515 5710 836 5776 potestatem
870 5710 1031 5765 venit.
1067 5709 1216 5766 Hanc
1243 5713 1488 5770 sultanus
1516 5712 1872 5769 Monomacbo
1907 5713 2076 5783 impe-

2183 5235 2339 5280 rante
2391 5223 2626 5282 obsedit.
2673 5231 2731 5278 ut
2762 5236 2846 5280 est
2883 5225 3022 5296 apud
3081 5223 3368 5296 Scylitzcm
3415 5239 3467 5294 p.
3503 5223 3624 5284 780.
3661 5225 3748 5278 ubi

2179 5299 2344 5350 etiam
2376 5296 2748 5359 describitur,
2803 5295 2929 5350 nec
2966 5295 3165 5350 tamen
3197 5297 3359 5362 cepit,
3404 5295 3504 5348 etsi
3564 5296 3747 5349 statim

2181 5375 2365 5434 postea
2397 5365 2449 5418 in
2488 5365 2989 5434 Saracenornmjus
3022 5367 3256 5419 cessisse
3288 5380 3381 5430 par
3404 5367 3474 5418 sit
3503 5367 3746 5428 credere,

2181 5431 2304 5489 cum
2365 5436 2663 5504 lliugcnnm
2739 5431 3044 5504 liomanmn
3119 5435 3364 5488 ('allttlt‘ln
3406 5434 3749 5502 postmodum

2181 5502 2561 5574 expugnaSSe,
2621 5515 2675 5555 ct
2750 5502 3040 5558 Saracenis
3119 5505 3414 5574 abstulisse
3485 5504 3748 5574 legamus.

2185 5573 2248 5627 V.
2274 5573 2649 5646 Stfylitzcmp.
2686 5574 2864 5646 857_ct
2897 5574 3021 5646 842,
3053 5583 3106 5627 ct
3132 5573 3399 5646 Zonaram
3441 5588 3492 5642 p.
3517 5573 3643 5646 223i.

2258 5642 2365 5715 (l9)
2400 5643 2766 5711 Βεστίίρχου.
2787 5642 2897 5698 Hac
2925 5645 3189 5713 dignitate
3209 5645 3427 5715 ltittctos
3443 5643 3751 5715 ctunplnres

2188 5711 2469 5772 rcccnScut
2524 5716 2838 5784 SCl'lplOi‘CS,
2897 5711 3060 5784 atque
3119 5717 3169 5770 in
3235 5712 3424 5781 primis
3488 5711 3753 5781 Scylitzcs
