4088 6208
341 312 416 376 65
1549 305 2092 369 HISTORIARUM
2132 305 2282 366 LIB.
2323 303 2378 366 Ι.
3523 307 3596 370 σε

342 419 654 492 γράμματα
691 419 771 491 τῷ
821 417 1031 490 βασιλεῖ
1061 415 1435 488 πεπομφότος,
1465 414 1542 478 ὡς
1569 417 1598 468 ό
1628 413 1920 476 σουλτάνος

2037 411 2220 467 arches
2261 411 2376 467 Leo
2435 409 2768 469 Diabatenus
2825 411 2990 468 modo
3021 411 3334 483 imperatori
3367 415 3600 484 scripse-

350 513 488 582 φησὶ
540 508 638 578 τὴν
692 509 1052 580 ἐκστρατείαν
1103 507 1414 578 πυθόμενος
1450 507 1544 560 καὶ
1592 505 1778 567 δείσας
1823 505 1923 572 τὴν

347 601 597 668 δύναμιν,
623 599 722 668 τὴν
751 600 988 668 Περσίδα
1033 596 1354 652 καταλιπὼν
1375 597 1561 650 ἀπεισι
1590 595 1808 664 φεύγων
1845 595 1924 658 είς

347 688 672 741 Βαὸυλῶνα.
710 687 934 752 Τούτοις
967 689 996 741 ὁ
1047 687 1301 758 βασιλεὺς
1340 679 1452 750 τοῖς
1482 686 1664 752 λόγοις
1697 687 1925 740 ἀναπει-

348 779 519 844 σθεὶς,
561 779 682 849 διχῆ
714 781 774 831 τὸ
810 781 1124 850 στράτευμα
1146 777 1332 832 διελὼν
1363 778 1462 846 τὴν
1502 775 1602 846 μέν
1631 775 1740 828 τῶν
1763 775 1924 830 δυνά-

349 887 497 941 μεων
532 871 719 923 αὐτόθι
773 873 1014 941 κατεῖχε,
1049 871 1148 940 τὴν
1173 869 1229 923 δὲ
1264 869 1399 941 πρὸς
1431 868 1492 921 τὸ
1518 868 1699 922 Χλέατ
1729 867 1925 932 ἐξαπο-

349 960 586 1025 στέλλει,
625 960 934 1030 στρατηγδν
964 960 1264 1028 ἐπιστήσας
1294 959 1476 1020 αὐτοῖς
1532 959 1624 1011 τὸν
1666 959 1923 1027 μέγιστον

359 1049 561 1120 Ἰωσὴφ
588 1049 679 1102 τὸν
703 1049 1148 1120 Τραχανειὼτην,
1177 1048 1346 1119 ἀνδρα
1370 1048 1541 1101 δεινὸν
1567 1049 1624 1101 ἐν
1660 1064 1922 1113 στρατιω⁴

345 1144 517 1204 τικοῖς
555 1141 888 1211 βουλεύμασι
925 1158 985 1194 τε
1017 1143 1111 1194 καὶ
1163 1141 1638 1213 στρατηγήμασιν,
1679 1138 1924 1210 ἀπρόθυο

352 1251 454 1303 μον
478 1233 536 1286 δὲ
559 1233 680 1285 τότε
707 1232 1056 1286 παντάπασιν
1095 1233 1224 1284 ὄντα
1254 1233 1350 1285 καὶ
1369 1231 1449 1300 τῷ
1483 1231 1692 1300 βασιλεῖ
1723 1247 1924 1300 παραι-

352 1324 553 1375 νοῦντα
582 1323 713 1374 εῐσω
735 1322 832 1384 τὰς
859 1322 1118 1392 δυνάμεις
1171 1321 1391 1383 ἁπάσας
1420 1320 1674 1390 κατέχειν
1719 1319 1814 1372 καὶ
1848 1317 1924 1388 μὴ

356 1412 602 1482 μερίζειν
633 1413 692 1464 τὸ
716 1412 1054 1482 στράτευμα,
1073 1411 1242 1480 ἀγχοῦ
1268 1411 1376 1464 τῶν
1404 1411 1662 1464 ἐναντίων
1693 1426 1924 1479 στρατο-

354 1503 710 1556 πεδευόντων,
742 1503 837 1564 Ὃς
884 1502 960 1565 ὡς
1013 1500 1186 1555 ταῦτα
1222 1500 1399 1569 λέγων
1452 1502 1552 1554 οὐκ
1597 1499 1800 1561 ἔπειθε,
1826 1499 1924 1562 τὰς

349 1595 610 1664 δυνάμεις
660 1592 946 1648 ἀναλαϐὼν
995 1593 1133 1664 πρὸς
1188 1593 1368 1646 Χλέατ
1412 1592 1692 1662 ἠπείγετο.
1765 1591 1924 1654 Πόλις

350 1685 406 1737 δὲ
435 1687 494 1737 τὸ
525 1684 702 1737 Χλέατ
736 1683 839 1735 ὑπὸ
863 1683 988 1747 τοὺς
1013 1683 1288 1754 Τούρκους
1321 1681 1407 1754 [Ρ.
1437 1681 1530 1753 28]
1557 1682 1924 1748 τελοῦσα,καὶ

2022 510 2109 557 rat
2147 503 2424 558 sultanum
2457 503 2642 558 audito
2676 505 3064 573 ejnsadventu.
3103 506 3478 574 desperantem
3508 520 3598 561 reo

2023 593 2128 649 bns
2177 597 2322 656 suis.
2347 593 2568 652 Perside
2596 597 2806 660 relicta,
2860 597 3043 667 fugere
3073 596 3418 668 Babylonem.
3465 596 3600 664 ρυω

2024 686 2321 755 imperator
2350 702 2378 741 a
2414 686 2597 742 Leone
2624 687 2828 756 scripta
2858 702 2890 740 a
2921 687 3192 742 Basilacio
3222 702 3355 744 voce
3382 689 3596 745 firmata

2023 792 2126 847 pro
2153 777 2472 832 indubitatis
2501 779 2708 833 habens
2738 779 2990 832 bifariam
3017 779 3206 834 divisit
3233 781 3448 849 copias;
3473 796 3599 851 par-

2024 874 2131 920 tem
2167 867 2239 921 ibi
2293 868 2528 922 detinuit
2554 883 2763 934 secum,
2798 871 2959 924 aliam
2990 886 3181 927 versus
3209 871 3399 928 Cltleat
3428 875 3596 940 misit,

2023 955 2164 1010 duce
2198 955 2299 1024 ipsi
2332 957 2624 1026 praeposito
2664 959 2905 1012 maximo
2935 957 3174 1026 Josepho
3210 958 3597 1025 Trachaniota,

2025 1047 2142 1100 viro
2164 1045 2275 1100 acri
2307 1054 2420 1100 tum
2444 1048 2498 1102 in
2529 1048 3045 1112 consultationibus,
3073 1059 3187 1102 tum
3211 1049 3264 1102 in
3287 1051 3600 1104 exsecutio-

2024 1136 2188 1190 nibus
2219 1136 2456 1200 bellicis.
2487 1139 2581 1193 sed
2617 1147 2748 1194 tunc
2779 1139 2922 1208 quod
2947 1139 3241 1208 jubebatur
3275 1141 3600 1195 invitissimo

2023 1225 2228 1295 agenti.
2262 1225 2540 1282 Suadebat
2572 1229 2836 1296 siquidem
2867 1229 3123 1284 omnibus
3153 1231 3330 1286 modis
3367 1231 3602 1300 impera-

2025 1317 2129 1370 tori
2158 1317 2462 1373 contineret
2483 1319 2646 1373 simul
2674 1319 2814 1374 intra
2839 1320 3066 1375 limitem
3103 1323 3387 1376 universas
3414 1338 3598 1377 secum

2026 1408 2231 1476 copias.
2267 1407 2397 1474 Quae
2428 1411 2572 1463 enim
2610 1411 2816 1464 sineret
2850 1412 2988 1465 ratio
3019 1411 3072 1464 in
3110 1421 3256 1466 tanta
3290 1422 3599 1466 castrorum

2025 1498 2306 1554 hostilium
2337 1500 2533 1554 vicinia
2561 1503 2856 1557 exercitum
2889 1503 3049 1572 longe
3077 1504 3332 1558 mittere?
3355 1503 3459 1561 Sed
3485 1504 3602 1558 haec

2025 1605 2168 1659 saepe
2209 1591 2412 1646 frustra
2455 1604 2741 1648 causatum
2785 1609 3010 1650 necesse
3048 1597 3114 1650 ad
3150 1604 3452 1649 extremum
3498 1594 3620 1648 fuit'

2026 1682 2275 1752 obsequi,
2316 1693 2522 1738 etcum
2563 1685 2666 1739 sibi
2705 1687 2999 1742 commissa
3043 1687 3318 1742 exercitus
3360 1695 3512 1756 parte
3545 1686 3603 1740 in

353 1778 599 1846 φρουράν
637 1775 760 1844 ἔχον
810 1752 1140 1845 ἀποχρῶσαν
1193 1752 1406 1828 ἔνδοθεν
1457 1752 1736 1845 Τούρκων.
1783 1773 1923 1826 Ἀλλ’

2037 1775 2220 1829 Ειιιειη
2264 1775 2504 1829 tendere.
2545 1775 2736 1830 Cltleat
2779 1777 2972 1832 civitas
3005 1788 3088 1833 est
3125 1752 3374 1847 subjecta
3408 1776 3604 1830 Turcis

351 1867 504 1920 οῦπω
551 1866 738 1937 τρίτης
771 1865 1084 1936 διελθούσης
1136 1866 1348 1936 ἡμέρας
1413 1869 1527 1929 τοῖς
1577 1865 1673 1918 ἐπὶ
1731 1864 1925 1935 χόρτου

355 1959 620 2027 συλλογὴν
665 1956 901 2020 ἐξιοῦσιν
968 1956 1303 2010 ἐπιτίθενται
1334 1957 1570 2027 Τοῦρκοι
1627 1955 1722 2008 καί
1774 1973 1928 2023 τινας

356 2050 458 2119 μὲν
488 2046 830 2119 ἀναιροῦσιν,
857 2047 1032 2111 ἐνίους
1057 2047 1114 2100 δέ
1139 2048 1231 2100 καὶ
1250 2047 1543 2115 ζωγροῦσι.
1560 2046 1666 2099 Τοῦ
1691 2046 1930 2115 ξυμϐάν-

354 2157 446 2204 τος
475 2140 606 2208 γοῦν
641 2138 1077 2207 ἀπαγγελθέντος
1107 2139 1184 2208 τῷ
1211 2138 1424 2209 βασιλεῖ
1449 2138 1612 2202 εὐθὺς
1635 2139 1664 2190 ό
1693 2137 1931 2193 Βασιλά-

356 2249 459 2302 κης
493 2231 860 2300 μετεκέκλητο
891 2232 984 2284 καὶ
1013 2230 1272 2300 περὶτῶν
1300 2229 1562 2300 Τούρκων
1616 2228 1931 2298 ἐπολυπρα-

355 2325 632 2394 γμονεῖτο,
659 2321 805 2385 τίνες
847 2337 906 2374 τε
933 2317 1045 2374 εἷεν
1081 2322 1131 2374 oi
1174 2320 1273 2384 τάς
1300 2320 1580 2384 ἐπιθέσεις
1615 2319 1933 2390 ποιούμενοι

355 2415 454 2468 καὶ
482 2415 604 2466 ὅθεν
636 2413 736 2483 γῆς
766 2413 1014 2482 ἥκοντες.
1062 2410 1121 2464 '0
1174 2411 1231 2465 δὲ
1256 2413 1323 2482 τῇ
1356 2411 1583 2482 συνήθει
1630 2409 1931 2481 θρασύτητι

357 2507 454 2558 καὶ
490 2505 649 2557 πάλιν
681 2503 1024 2575 χρησάμενος
1049 2501 1178 2566 τοὺς
1220 2503 1285 2555 ἐκ
1315 2500 1410 2554 τοῦ
1453 2499 1631 2553 Χλέατ
1663 2500 1819 2570 ἥκειν
1846 2498 1933 2567 ἐφ’

361 2597 588 2670 ἁρπαγῇ
625 2595 946 2650 διενίστατο.
986 2593 1217 2646 Ἐλαθεν
1258 2587 1353 2647 οῦν
1385 2589 1530 2645 οῦτω
1562 2591 1654 2644 τὸν
1709 2590 1932 2661 βασιλέα

360 2694 395 2761 ἠ
425 2690 517 2744 τοῦ
551 2689 840 2743 σουλτάνου
872 2685 1059 2754 ἔφοδος
1094 2684 1155 2737 ού
1190 2685 1412 2755 μακρὰν
1439 2682 1533 2736 τοῦ
1564 2681 1934 2753 στρατοπέδου

358 2782 510 2845 δντος
544 2783 637 2834 καὶ
682 2781 751 2831 τά
782 2777 876 2832 τοῦ
909 2777 1156 2847 πολέμου
1187 2771 1247 2828 εῦ
1290 2773 1690 2844 διατιθεμένου.
1736 2772 1934 2826 Βουλό-

365 2891 522 2944 μενος
539 2873 648 2943 γάρ
681 2871 772 2924 τὸν
800 2867 1029 2941 βασιλέα
1072 2868 1375 2934 ἐπαγαγεῖν
1402 2865 1483 2929 είς
1516 2865 1586 2918 τά
1621 2863 1934 2934 ἔμπροσθεν

360 2967 454 3019 καὶ
489 2964 640 3027 ἐντὸς
663 2961 885 3034 ἀρκύων
919 2960 1274 3032 ποιήσασθαι,
1321 2956 1662 3028 προδρόμους
1699 2955 1935 3026 ἐξέπεμ-

361 3057 550 3123 πεν,οῖ
584 3054 912 3128 προέτρεχόν
943 3070 1001 3106 τε
1030 3054 1140 3116 τοῖς
1171 3051 1358 3114 ἵπποις
1382 3049 1508 3120 περὶ
1530 3049 1620 3102 τὸν
1645 3048 1751 3102 τῶν
1797 3047 1934 3101 Ῥω·
1964 3092 2009 3153 c

364 3150 542 3220 μαίων
576 3151 812 3220 χάρακα,
833 3147 926 3200 καὶ
948 3141 1104 3208 αὖθις
1130 3143 1564 3199 ἀνθυπενόστουν
1584 3140 1776 3211 ὥσπερ
1805 3141 1936 3212 δρας

363 3242 501 3312 σμδν
549 3239 886 3310 ποιούμενοι.
949 3237 1060 3291 Καὶ
1129 3235 1288 3289 τοῦτο
1340 3234 1605 3296 πολλάκις
1655 3231 1939 3293 ποιοῦντες

361 3332 537 3392 ἐνίους
585 3331 692 3384 τῶν
726 3327 1050 3400 στρατηγῶν
1082 3327 1528 3396 συνηρπάκασιν,
1559 3318 1634 3377 ὧν
1661 3325 1689 3375 ὁ
1724 3321 1938 3393 πρῶτος

361 3423 392 3475 ὁ
424 3420 730 3491 Βασιλάκης
765 3415 856 3490 ἦν.
873 3417 1126 3471 Σπεύδων
1140 3419 1209 3484 γα
1219 3433 1248 3485 ρ
1268 3409 1421 3476 οὗτος
1443 3413 1534 3466 τὸν
1558 3409 1780 3480 βασιλέα
1805 3411 1943 3477 πλη-

365 3513 674 3584 ροφορῆσαι
708 3510 783 3573 ὡς
826 3509 926 3561 οὐκ
965 3510 1030 3560 ἐκ
1082 3507 1174 3560 τοῦ
1213 3503 1483 3576 Περσικοῦ
1529 3500 1944 3569 στρατεύματος

361 3598 476 3655 εἷεν
506 3603 556 3652 οἱ
586 3599 686 3660 τάς
721 3597 993 3666 ἐκδρομὰς
1025 3597 1364 3664 ποιούμενοι,
1394 3593 1507 3646 ἀλλ’
1560 3593 1626 3644 ἐκ
1654 3591 1762 3643 τῶν
1809 3592 1946 3643 ἐνοιο

365 3691 610 3746 κούντων
640 3688 718 3759 τῷ
743 3689 944 3750 Χλέατ,
976 3687 1094 3758 ᾔτει
1123 3683 1551 3755 συγχωρηθῆναι
1575 3684 1625 3736 oi
1650 3682 1742 3736 τοῦ
1772 3682 1942 3753 χάρα-

364 3801 464 3847 κος
509 3781 769 3848 ἐξελθεῖν,
815 3783 910 3833 καὶ
958 3780 1049 3832 τὸν
1112 3777 1386 3848 ἀκινάκην
1441 3776 1789 3846 σπασάμενος
1849 3774 1945 3829 καὶ

370 3878 663 3946 μυωπίσας
701 3871 793 3925 τὸν
827 3871 992 3924 ἵππον
1023 3871 1374 3931 ἀσυντάκτως
1415 3867 1612 3938 ἐχώρει
1663 3867 1805 3920 κατά
1833 3865 1944 3920 τῶν

370 3965 666 4035 πολεμίων.
689 3965 797 4016 Καὶ
827 3965 876 4016 οἱ
926 3962 1052 4032 περὶ
1083 3960 1245 4016 αὑτὸν
1275 3959 1491 4013 εἵποντο
1527 3960 1588 4012 ού
1623 3959 1764 4012 κατά
1790 3959 1946 4025 τάξιν

368 4053 484 4108 ἀλλ’
505 4054 692 4124 ὥσπερ
719 4052 907 4122 ἔτυχεν
937 4051 1187 4114 ἕκαστος.
1220 4049 1437 4120 Ἀμέλει
1465 4051 1560 4102 καὶ
1589 4048 1686 4120 τὴν
1714 4049 1947 4104 ἄτακτον

368 4144 572 4199 τούτων
618 4143 790 4214 φορὰν
837 4145 886 4196 οῖ
938 4143 1194 4213 πολέμιοι
1234 4140 1562 4210 θεασάμενοι
1615 4140 1948 4211 προσεποιή-

373 4255 535 4292 σαντο
574 4240 818 4308 φεύγειν.
857 4238 1011 4291 Ἐπεὶ
1063 4237 1121 4290 δὲ
1161 4237 1350 4308 πόρῤω
1399 4234 1494 4288 τοῦ
1532 4235 1776 4306 χάρακος
1808 4229 1949 4288 εἶδον

372 4332 570 4394 αὐτοὺς
616 4330 998 4396 ἐξελάσαντας,
1022 4331 1148 4392 τοὺς
1200 4328 1454 4398 χαλινοὺς
1508 4327 1949 4398 ὑποστρέψαντες

2027 1867 2283 1936 praesidio
2304 1881 2494 1921 eorum
2527 1869 2724 1922 idoneo
2753 1869 2984 1924 insessa.
3011 1869 3260 1925 Nondum
3288 1873 3445 1924 tertia
3474 1869 3603 1922 hinc

2028 1956 2142 2012 dies
2165 1956 2464 2022 efﬂuxerat,
2488 1974 2611 2012 cum
2639 1959 2692 2012 in
2719 1970 2938 2015 nostros
2965 1963 3312 2029 pabulatores
3339 1961 3606 2014 irruentes

2031 2047 2194 2102 Turci
2231 2049 2502 2118 quosdam
2539 2050 2775 2114 caedunt,
2812 2052 2950 2105 alios
2985 2055 3226 2120 capiunt.
3257 2052 3514 2104 Nuntiata
3551 2065 3608 2104 re

2031 2139 2373 2207 imperatori,
2396 2151 2621 2193 vocatur
2643 2141 2919 2209 extemplo
2941 2139 3261 2203 Basilacius,
3283 2142 3374 2210 qui
3393 2141 3609 2195 curiose

2031 2230 2330 2300 inquisitus
2363 2230 2430 2283 de
2471 2229 2690 2294 Turcis,
2726 2231 2820 2298 qui
2855 2242 3038 2286 essent
3072 2233 3325 2300 undeque
3355 2246 3609 2302 erumpe-

2032 2331 2156 2375 rent
2189 2321 2242 2373 in
2280 2321 2414 2374 istas
2443 2321 2806 2385 incursiones,
2833 2323 2997 2376 solita
3028 2323 3353 2377 conﬁdentia
3383 2337 3611 2392 respon-

2031 2412 2132 2474 dit,
2175 2413 2479 2482 proximutn
2519 2427 2708 2466 eorum
2750 2412 2862 2482 38
2896 2414 3210 2483 prmsidium
3254 2429 3376 2469 esse
3422 2418 3609 2469 urbem

2031 2504 2242 2568 Cltleat,
2272 2504 2396 2558 inde
2427 2505 2527 2559 hos
2555 2505 2674 2559 sine
2704 2505 2872 2560 dubio
2899 2506 3135 2570 venisse,
3164 2507 3256 2576 qui
3287 2517 3490 2562 nostris
3516 2521 3612 2562 oc-

2033 2597 2355 2650 currissent.
2387 2595 2536 2650 Adeo
2570 2596 2623 2649 in
2655 2594 2928 2666 profunda
2960 2607 3013 2650 et
3045 2597 3240 2666 supina
3273 2597 3613 2666 ignoratiore

2033 2687 2314 2742 desidebat
2365 2687 2660 2756 imperator
2703 2688 2917 2741 vicinia:
2963 2689 3185 2753 sultani,
3231 2689 3390 2758 cujus
3433 2697 3612 2744 castra

2036 2780 2212 2848 copiis
2243 2779 2415 2849 ipsius
2443 2779 2700 2834 omnibus
2728 2780 2904 2849 plena,
2939 2782 3253 2848 cptimeqne
3282 2780 3348 2834 ad
3381 2795 3494 2833 rem
3521 2793 3614 2846 ge-

2039 2875 2262 2927 rendam
2314 2880 2502 2942 parnta
2544 2873 2597 2926 in
2649 2872 2899 2940 proximo
2935 2882 3111 2926 erant.
3155 2872 3289 2926 Cum
3337 2880 3519 2926 autem
3568 2871 3616 2925 is

2039 2971 2262 3035 cuperet
2314 2965 2476 3033 paulo
2531 2963 2710 3017 adhuc
2763 2964 2992 3019 ulterius
3038 2965 3419 3033 imperatorem
3473 2963 3615 3016 intra

2039 3069 2169 3108 snas
2205 3053 2428 3108 insidias
2461 3053 2691 3119 elicere,
2733 3067 2930 3122 parvas
2986 3053 3294 3108 missitabat
3328 3066 3616 3105 cursurum

2041 3159 2256 3209 manus,
2289 3129 2737 3212 quiapparentes
2769 3143 2915 3196 circa
2948 3140 3193 3195 Romana
3225 3147 3405 3195 castra
3435 3139 3616 3194 statim

2041 3234 2329 3306 fugerent,
2369 3238 2514 3304 quod
2553 3251 2696 3303 saepe
2735 3235 3060 3288 facientibus
3096 3235 3367 3286 instantes
3403 3232 3455 3284 in
3490 3229 3616 3298 fuga

2043 3329 2274 3384 Romani
2305 3328 2527 3399 quidam
2561 3328 2729 3382 duces
2769 3327 2909 3395 capti
2951 3333 3112 3389 sunt,
3143 3339 3374 3392 quorum
3409 3323 3619 3392 primus

2046 3423 2147 3476 fuit
2182 3422 2474 3476 Basilaces.
2510 3417 2712 3472 Facere
2743 3417 2886 3470 enim
2924 3417 3138 3485 plenam
3173 3414 3335 3466 fidem
3369 3414 3416 3465 is
3449 3414 3620 3480 impe-

2046 3510 2217 3564 ratori
2249 3511 2476 3563 studens
2501 3509 2630 3561 dicti
2669 3506 2776 3570 sui,
2807 3521 2918 3574 quo
2947 3505 3307 3557 aliirntaverat
3337 3503 3622 3556 excursio-

2049 3617 2146 3656 nes
2182 3601 2316 3656 istas
2346 3600 2647 3654 Turcorunt
2690 3615 2796 3652 non
2841 3614 2870 3651 a
2909 3597 3111 3652 sultani
3149 3595 3380 3659 castris,
3415 3596 3506 3648 sed
3551 3599 3621 3650 ab

2045 3693 2181 3748 urbe
2227 3692 2418 3745 Cltleat
2457 3705 2598 3751 esse,
2648 3687 2798 3759 petiit
2842 3687 3078 3758 permitti
3127 3684 3226 3738 sibi
3265 3697 3547 3753 egrrssum
3592 3699 3623 3736 e

2046 3784 2278 3847 castris,
2333 3782 2633 3850 strictoque
2693 3781 2949 3842 acinace,
3007 3787 3059 3832 et
3116 3777 3424 3832 calcaribus
3480 3791 3623 3844 equo

2046 3876 2281 3939 adactis,
2319 3875 2440 3930 sine
2467 3874 2577 3928 ullo
2604 3872 2796 3927 ordine
2831 3872 2884 3925 in
2918 3871 3104 3925 hostes
3138 3870 3330 3934 currit,
3359 3869 3474 3923 suis
3503 3867 3622 3938 pari

2048 3967 2373 4024 confusione
2411 3965 2788 4035 sequentibus.
2830 3962 2992 4018 anci
3033 3965 3134 4018 hac
3176 3964 3464 4016 observata
3495 3961 3621 4014 dili-

2049 4060 2253 4131 gentia,
2283 4072 2594 4128 quanquam
2627 4055 2879 4125 sperandi
2904 4069 3124 4108 causam
3158 4052 3310 4106 oll'eri
3348 4053 3623 4116 videbant,

2050 4167 2157 4206 non
2194 4150 2443 4209 timendi,
2474 4158 2654 4202 tamen
2681 4161 2884 4216 pavore
2915 4144 3174 4198 simulato
3208 4143 3347 4214 fuga:
3377 4157 3436 4196 se
3465 4143 3628 4196 dede-

2048 4249 2194 4294 runt.
2241 4237 2340 4292 Ubi
2376 4245 2558 4291 autem
2601 4237 2759 4304 longe
2791 4235 2902 4304 jam
2950 4249 2980 4287 a
3025 4233 3222 4288 castris
3263 4231 3377 4288 suis
3424 4232 3629 4288 distare

2051 4330 2296 4402 palantes
2328 4327 2605 4382 Romanos
2637 4327 2969 4389 intellexere,
3002 4324 3172 4379 versis
3205 4323 3431 4393 impigre
3465 4323 3629 4376 babe-

376 4423 474 4473 καὶ
524 4419 998 4484 διεσκεδασμένοις
1069 4418 1252 4479 αὐτοῖς
1317 4413 1723 4486 προσὸαλόντες
1784 4411 1937 4468 νικῶσ

2052 4418 2140 4472 nis
2185 4418 2240 4470 in
2290 4430 2386 4470 eos
2437 4417 2702 4483 equitant,
2747 4413 3014 4483 facileque
3060 4414 3336 4482 diSpersos
3381 4414 3625 4467 vincunt.

379 4527 464 4562 σιν
518 4511 716 4574 αὐτοὺς
769 4512 909 4562 κατά
973 4508 1196 4578 κράτος.
1228 4507 1338 4560 Καὶ⁵
1388 4506 1648 4558 πίπτουσι
1685 4503 1793 4574 μὲν.
1825 4500 1954 4556 πολ-

374 4601 456 4655 λοὶ
496 4601 602 4655 τῶν
663 4600 1034 4672 στρατιωτῶν,
1062 4600 1137 4662 ὡς
1188 4596 1391 4669 μικροῦ
1436 4595 1548 4649 δεῖν
1606 4594 1733 4667 μηδ’
1785 4593 1954 4662 ἀγγε-

375 4693 491 4759 λιῖν,
513 4693 542 4746 δ
557 4693 621 4764 δη
639 4693 880 4763 λέγεται,
901 4691 1231 4762 διασωθῆναι
1255 4690 1351 4761 τῆς
1380 4690 1665 4760 συμφορᾶς
1688 4703 1703 4719 ⁶
1725 4686 1866 4742 ἐάλω
1893 4685 1951 4740 δέ

377 4786 471 4839 καὶ
490 4789 516 4840 ό
540 4785 874 4856 Βασιλάκης.
1504 4770 1509 4775 ’

452 4883 532 4931 ιε’.
578 4877 734 4931 Ἐπεὶ
758 4876 804 4929 δ’
824 4874 1118 4947 ἀπηγγέλη
1146 4871 1224 4944 τῷ
1255 4871 1468 4943 βασιλεῖ
1481 4870 1556 4935 ὡς
1587 4869 1616 4924 ό
1643 4867 1954 4938 Βασιλάκης

383 4967 737 5032 ἀσυντάκτως
767 4968 864 5021 τοῦ
897 4969 1140 5038 χάρακος
1186 4963 1421 5029 ἐξελθὼν
1458 4961 1601 5014 κατά
1637 4959 1749 5013 τῶν
1790 4959 1954 5011 πολε-

384 5061 524 5131 μίων
550 5060 784 5126 ἐλαύνει,
823 5059 914 5112 τὸν
945 5055 1111 5111 δοῦκα
1134 5055 1315 5126 πάσης
1337 5053 1554 5116 Δύσεως
1579 5049 1957 5122 μετακαλεσά-

384 5169 543 5223 μενος
565 5152 656 5206 τδν
680 5152 718 5203 Β
727 5154 975 5223 ρυέννιον
998 5149 1092 5203 τοῦ
1123 5146 1415 5220 ἀριστεροῦ
1434 5143 1738 5215 τηνικαῦτα
1755 5139 1953 5212 κατάρ-

382 5262 546 5315 χοντα
562 5245 812 5316 κέρατος,
836 5244 1111 5314 ἐκπέμπει
1131 5240 1319 5295 τοῦτον
1341 5239 1479 5310 μετά
1499 5237 1601 5307 τῆς
1628 5236 1838 5297 οἰκείας
1861 5233 1948 5286 δυ·

384 5334 600 5407 νάμεως
617 5335 837 5389 ἀπιέναι
868 5335 968 5406 τὴν
993 5332 1254 5404 ταχίστην
1275 5327 1562 5392 κελεύσας,
1587 5326 1663 5391 ὡς
1683 5326 1738 5378 εἰ
1763 5341 1814 5379 τι
1849 5324 1956 5377 δει-

2054 4507 2351 4564 Caeduntur
2381 4505 2534 4560 multi
2569 4506 2800 4559 militum
2827 4543 2842 4571 ,
2876 4505 3012 4558 adeo
3032 4541 3048 4568 ,
3083 4512 3140 4558 ut
3167 4504 3313 4574 quod
3338 4503 3532 4568 aiunt,
3563 4515 3631 4557 ne

2055 4600 2280 4656 nuntius
2325 4598 2546 4671 quidem
2595 4607 2908 4670 superesset
2947 4598 3138 4652 cladis.
3183 4595 3458 4650 Basilaces
3505 4609 3632 4650 vero

2056 4701 2250 4764 captus
2271 4699 2378 4748 est.

2133 4869 2222 4926 13.
2249 4870 2419 4940 Cujus
2446 4869 2844 4940 incompositus
2873 4883 3124 4939 egressus
3156 4865 3320 4922 simul
3350 4866 3632 4922 nuntiatus

2060 4960 2386 5030 imperatori
2450 4960 2664 5027 fuerat,
2730 4971 2928 5016 vocato
2997 4961 3044 5014 is
3115 4959 3256 5014 duce
3321 4955 3634 5014 Occidentis

2058 5051 2330 5124 Bryennio
2367 5053 2500 5106 laevo
2539 5062 2652 5107 tum
2694 5068 2866 5109 cornu
2901 5049 3157 5121 praefecto
3195 5051 3414 5121 prodire
3445 5050 3630 5105 statim

2059 5139 2169 5210 39
2204 5157 2328 5194 eum
2361 5140 2518 5210 jubet
2547 5155 2670 5195 cum
2701 5141 2899 5210 copiis,
2933 5155 3055 5212 quae
3087 5141 3189 5211 ipsi
3221 5142 3515 5205 suberant;
3552 5137 3636 5192 vel

2064 5234 2360 5298 Basilacio,
2393 5232 2439 5286 si
2469 5246 2606 5301 opus
2644 5231 2784 5285 foret
2801 5212 2834 5294 ,⁸
2852 5247 3240 5286 succursurum
3261 5268 3278 5296 ,
3318 5230 3400 5284 vel
3430 5225 3634 5296 alioqui

2060 5327 2416 5380 excursiones
2487 5325 2831 5393 importunas
2883 5325 3124 5380 nlturum
3173 5333 3636 5394 repressurumve.

1413 5486 1620 5551 Caroli
1664 5489 1764 5551 Du
1799 5487 2042 5548 Fresne
2077 5487 2174 5546 Du
2211 5485 2424 5560 Gange
2457 5493 2647 5546 noue.

386 5649 740 5718 p.762,765,
780 5649 907 5716 771,
951 5645 1075 5713 795,
1111 5641 1237 5710 820,
1269 5639 1514 5699 Zonaras
1561 5659 1616 5714 [ι.
1660 5639 1804 5706 218,
1875 5639 2003 5705 219,
2044 5636 2276 5692 Allatins
2359 5637 2426 5692 de
2517 5633 2673 5691 libris
2742 5633 2937 5691 eccles.
3011 5630 3189 5693 Graec.
3265 5631 3488 5690 dissert.
3551 5625 3634 5703 Π,

383 5714 440 5790 ί».
473 5714 730 5787 169,elc.
