4070 6214
431 283 499 348 σιτ
1639 270 2065 335 NICEPHGRI
2102 268 2475 333 BRYENNII
3619 261 3685 338 ce

430 388 555 447 Jam
603 387 751 444 enim
805 398 1029 443 sensum
1080 385 1321 456 aliquem
1371 381 1496 439 ntali
1543 398 1606 439 ac
1653 384 1881 455 periculi
1926 383 2012 438 sui

2123 384 2210 438 νὺν
2243 385 2579 457 ἐπισυμϐαιη
2608 383 2689 455 τῷ
2732 385 3009 459 Βασιλάκῃ
3029 375 3377 456 ἐπαμύνηται
3397 382 3575 456 τούτῳ
3596 387 3694 440 καὶ

433 479 724 548 concipere
750 479 1044 548 imperator
1071 484 1328 545 coeperat.
1360 474 1506 531 Fecit
1532 473 1836 545 Bryennius
1860 472 2005 544 quod

430 572 746 644 jubebatur,
781 570 1146 638 cohortesque
1180 568 1326 623 vallo
1358 567 1603 621 edocens
1632 564 2011 634 aliquantum.-

435 678 544 735 que
573 661 961 733 progrediens,
1005 662 1280 715 neminem
1319 666 1414 712 aut
1451 656 1756 710 amicorum
1792 663 1888 709 aut
1913 655 2012 710 ho-

435 757 602 810 stium
632 767 729 821 per
757 766 1013 819 campum
1046 750 1182 805 vidit
1215 766 1231 803 :
1265 758 1545 804 exstantes
1575 746 1766 817 procul
1798 754 2010 800 tantum

432 863 465 902 e
490 844 814 914 quibusdam
837 844 1061 899 tumulis
1082 841 1291 897 Turcos
1312 840 1498 912 procul
1527 838 1814 908 conspicit.
1842 835 2013 892 Paulo

438 953 564 993 vero
591 937 822 992 ulterius
849 950 1174 1006 progressus
1200 935 1465 989 cadavera
1494 947 1759 988 cazsorum
1789 932 2013 1002 reperit.

437 1030 686 1100 Cumque
728 1039 877 1084 esset
919 1029 1119 1083 anxius
1164 1028 1295 1098 quid
1347 1025 1618 1081 Basilacio
1674 1025 2012 1094 contigisset,

434 1121 578 1178 forte
608 1122 663 1176 in
693 1122 873 1177 adhuc
905 1122 1201 1191 spirantem
1232 1120 1484 1175 incidens
1515 1118 1767 1183 militem,
1802 1117 1893 1172 ubi
1927 1132 2015 1172 es.

437 1223 522 1269 set
579 1214 900 1280 Basilaeius,
944 1222 998 1267 et
1052 1227 1175 1281 qua:
1226 1219 1373 1266 esset
1422 1211 1537 1265 haec
1589 1220 1796 1281 strages
1849 1223 2012 1279 quam

441 1316 686 1363 cerneret
726 1307 794 1361 ab
834 1322 902 1362 eo
944 1308 1157 1372 doctus,
1204 1304 1364 1359 rediit
1414 1306 1662 1371 Augusto
1706 1306 2012 1357 nuntiatum

442 1407 659 1452 cuncta.
690 1398 758 1450 At
791 1396 954 1451 Turci
981 1397 1188 1451 circum
1220 1394 1585 1449 accurrebant
1620 1393 1881 1461 undique,
1911 1392 2017 1446 cir-

443 1492 705 1558 cuireque
737 1490 1059 1560 phalangem
1093 1488 1468 1552 conabantur,
1504 1485 1557 1540 id
1595 1487 1741 1556 quod
1771 1485 2015 1541 sentiens

410 1584 549 1638 ’dux
590 1583 912 1637 adhortatus
953 1582 1155 1635 milites
1190 1579 1402 1634 fortiter
1434 1593 1627 1649 agere,
1661 1592 1837 1648 neque
1867 1582 2018 1632 com;

440 1676 677 1737 mittere,
707 1683 815 1727 uta
842 1672 1084 1727 Romana
1108 1672 1656 1740 virtute;degenerarc
1678 1671 2011 1732 viderentur,

440 1780 596 1821 versa
639 1765 926 1834 phalangis
959 1764 1140 1818 fronte
1177 1764 1231 1816 in
1268 1772 1453 1817 castra
1494 1762 1765 1815 instructo
1797 1760 2016 1830 agmine

439 1857 567 1912 ferri
595 1858 758 1926 capit
784 1865 933 1910 certo
954 1856 1146 1926 gradu,
1174 1856 1319 1909 nulla
1339 1855 1545 1910 circum
1570 1852 2019 1907 tumultuantium

442 1950 623 2002 habita
673 1947 976 2002 Turcorum
1023 1949 1251 2001 ratione.
1307 1944 1375 1999 Ut
1416 1952 1598 1999 autem
1645 1943 1711 1998 ad
1761 1944 2017 2021 viciniam

439 2040 745 2108 proximam
792 2049 1095 2092 castrorum
1139 2046 1431 2105 provectus
1472 2042 1577 2100 est,
1622 2034 1922 2090 subsistere
1962 2034 2016 2088 in

439 2133 561 2184 loco
588 2131 742 2197 jussa
773 2128 1060 2199 phalangis
1088 2138 1265 2198 parte,
1298 2127 1413 2198 ipse
1442 2128 1625 2184 suhito
1654 2141 1778 2182 cum
1809 2126 2019 2181 caeteris

440 2223 494 2276 iu
527 2231 822 2291 sequentes
846 2222 1059 2274 irruens
1087 2220 1245 2274 facile
1266 2219 1389 2273 illos
1415 2219 1596 2273 vertit.
1626 2215 1696 2273 Ut
1720 2232 1849 2273 vero
1873 2219 2021 2273 coire

441 2314 655 2370 Turcos
700 2315 937 2383 reliquus
980 2314 1348 2383 l'estinareque
1386 2315 1439 2367 in
1483 2327 1709 2368 suorum
1750 2312 2019 2368 auxilium

443 2410 684 2462 maximo
729 2406 958 2461 numero
1006 2405 1161 2472 vidit,
1207 2406 1503 2476 resumptis
1557 2408 1673 2461 suis
1740 2406 2017 2469 Omnibus,

440 2498 760 2567 phalangem
814 2496 1123 2567 repetebat;
1172 2495 1391 2566 quando
1437 2496 1504 2550 ab
1545 2496 1871 2551 instantibus
1912 2492 2022 2568 ω

446 2585 660 2642 T-urcis
689 2590 1114 2650 circumventus,
1135 2588 1336 2643 vulnus
1367 2588 1419 2642 in
1450 2595 1668 2658 pectore
1690 2587 1899 2658 accepit
1930 2590 2023 2642 ha-

443 2689 542 2734 sta:
575 2679 834 2748 cuspide,
870 2678 924 2733 in
956 2693 1144 2734 aversa
1181 2695 1399 2749 quoque
1431 2690 1583 2749 parte
1618 2680 1865 2746 corporis
1897 2678 2020 2733 telis

444 2769 592 2824 intus
613 2769 850 2824 duobus.
878 2768 968 2823 Sic
994 2769 1216 2824 heroico
1242 2769 1543 2824 certamine
1569 2768 1860 2823 defunctus
1884 2769 2019 2838 pha-

443 2861 589 2931 langi
632 2875 692 2916 se
729 2874 970 2932 suosque
1006 2863 1190 2916 salvos
1232 2860 1512 2930 adjunxrt,
1556 2875 1793 2932 cumque
1832 2861 1920 2915 illa
1958 2863 2013 2916 in

443 2966 624 3008 castra
642 2967 893 3009 reversus
913 2952 1049 3007 nihil
1075 2952 1221 3022 prius
1248 2951 1460 3015 habuit,
1484 2967 1647 3021 quam
1674 2952 1825 3006 adire
1851 2951 2019 3021 impe-

2119 475 2220 546 τῆς
2272 476 2550 547 ἐκτροπῆς
2604 476 2989 549 ἐπαμύνηταιο
3020 477 3123 548 ἠδη
3177 476 3286 548 γὰρ
3334 476 3394 529 ἐν
3441 475 3695 550 αἰσθήσει

2119 567 2374 634 γενέσθαι
2413 568 2622 639 ἧρξατο
2645 568 2740 622 τοῦ
2790 568 2982 622 κακοῦ.
3031 568 3091 622 '0
3123 568 3222 638 μὶν
3249 564 3345 622 οὖν
3385 567 3554 641 ἀπῄει
3596 574 3691 627 καὶ

2116 657 2218 721 τὰς
2269 658 2531 729 δυνάμεις
2577 660 2741 730 ἐξῆγε
2803 661 2900 714 τοῦ
2956 661 3198 731 χάρακος
3260 662 3438 728 ἐξιών.
3489 664 3693 719 Οὐδένα

2118 751 2215 806 οὖν
2248 749 2395 822 ἐώρα
2435 754 2607 821 φίλων
2642 753 2677 825 ἢ
2711 753 2987 823 πολεμίων
3009 754 3253 808 σπεύδων
3286 757 3378 808 ἐπὶ
3404 755 3472 809 τά
3501 758 3691 828 πρόσω

2120 843 2577 915 παραχωροῦντα,
2601 843 2808 919 ἦρξατο
2835 845 2891 898 δέ
2914 846 3048 916 όρᾷν
3078 849 3096 868 ’
3127 847 3257 915 περὶ
3294 846 3564 918 γηλόφους
3591 866 3694 902 πο-

2118 931 2342 1001 λεμίους
2372 935 2790 1003 συνεστηκότας.
2829 935 3012 1007 Βραχὺ
3043 934 3100 989 δὲ
3123 935 3322 1005 προῖὼν
3352 938 3450 990 καὶ⁵
3482 939 3696 1008 νεκροῖς

2120 1024 2341 1096 ἐνέτυχε
2368 1024 2585 1095 σώμασι
2615 1025 2710 1078 καὶ
2742 1025 2939 1096 ἠπόρει
2963 1025 3015 1078 τί
3039 1027 3160 1079 ποτ’
3190 1028 3260 1080 ἂν
3313 1027 3342 1078 ό
3383 1027 3693 1099 Βασιλάκης

2118 1115 2365 1185 γέγονεν.
2406 1116 2675 1187 Ἐντυχὼν
2704 1117 2761 1170 δέ
2780 1117 3087 1190 στρατιώτῃ
3110 1117 3188 1172 ἔτι
3216 1119 3505 1189 ἐμπνέοντι
3531 1120 3695 1172 ἐπυν-

2121 1207 2313 1261 θάνετο
2345 1207 2446 1261 ποῦ
2499 1207 2619 1260 ποτ’
2648 1207 2713 1261 ἂν
2740 1207 2826 1279 εἴη
2855 1207 2884 1259 ὁ
2911 1208 3245 1277 Βασιλάκης,
3276 1210 3370 1263 καὶ
3390 1210 3444 1264 τι
3472 1212 3531 1265 τὸ
3565 1213 3694 1285 περὶ⁵

2118 1299 2318 1360 αὐτοὺς
2366 1295 2661 1367 ὁρώμενον.
2702 1298 2766 1349 '0
2796 1297 2893 1368 μὲν
2930 1295 3240 1367 ἀπήγγελλε
3285 1301 3598 1371 σύμπαντα·
3641 1302 3693 1355 οε

2121 1386 2361 1458 Τοῦρκοι
2407 1387 2463 1441 δὲ
2524 1389 2866 1458 πανταχόθεν
2895 1387 2978 1461 [Ρ.
3018 1389 3112 1461 29]
3172 1388 3424 1444 συνέθεον
3465 1396 3561 1446 καὶ
3597 1410 3697 1446 κυ-

2121 1476 2282 1529 κλοῦν
2321 1477 2621 1546 ἐπειρῶντο
2649 1479 2750 1548 τὴν
2790 1478 3065 1548 φάλαγγα.
3108 1480 3442 1551 Αῑσθόμενος
3466 1483 3625 1537 τοῦτο
3663 1487 3692 1537 ό

2119 1567 2247 1635 δοὺξ
2300 1568 2601 1638 παρεκάλει
2654 1571 2782 1634 τοὺς
2830 1570 3177 1641 στρατιώτας
3218 1572 3421 1642 ἄνδρας
3456 1577 3697 1642 ἀγαθοὺς

2121 1659 2374 1729 ὀφθῆναι,
2406 1662 2500 1712 καὶ
2554 1662 2721 1732 μηδέν
2759 1679 2812 1715 τι
2841 1661 3039 1732 δράσαι
3073 1662 3181 1717 τῶν
3220 1664 3428 1732 άγενῶν
3462 1667 3557 1719 καὶ
3593 1668 3700 1735 τῆς

2133 1749 2444 1821 Ῥωμαϊκῆς
2485 1753 2704 1818 ἀνάξιον
2744 1754 3150 1823 γενναιότητος.
3183 1755 3427 1826 Στρέψας
3469 1750 3565 1809 οὖν
3598 1754 3699 1825 τὴν

2123 1842 2381 1912 φάλαγγα
2440 1843 2516 1906 ὡς
2566 1845 2661 1896 ἐπὶ
2722 1843 2787 1897 τὸ
2844 1843 3206 1914 στρατόπεδον
3250 1845 3701 1916 συντεταγμένους

2122 1934 2341 2004 ἐχώρει,
2365 1936 2473 1989 τῶν
2501 1930 2768 1990 ἐπιόντων
2796 1937 3001 2006 μηδένα
3031 1936 3191 2006 λόγον
3227 1938 3579 2009 ποιούμενος.Δ
3608 1939 3698 2004 Ὧς

2119 2026 2169 2079 δ’
2190 2025 2420 2095 ἔγγιστα
2447 2025 2541 2079 τοῦ
2562 2027 2805 2099 χάρακος
2831 2028 3044 2096 γέγονε,
3087 2028 3253 2100 μέρος
3283 2028 3568 2084 ἀναλαϐὼν
3595 2030 3699 2100 τῆς

2123 2118 2406 2187 φάλαγγος
2426 2118 2520 2173 καὶ
2542 2120 2665 2182 τοὺς
2682 2120 2874 2181 ἄλλους
2902 2121 3228 2190 προσμένειν
3247 2120 3530 2189 κελεύσας,
3554 2106 3696 2188 ἐξαίέ

2121 2226 2260 2281 φνης
2299 2211 2445 2266 κατὰ
2486 2210 2595 2265 τῶν
2628 2213 2894 2266 ἐπιόντων
2929 2213 3170 2283 ἐπήλασε
3210 2213 3304 2267 καὶ
3338 2214 3537 2286 ῥᾳδίως
3566 2215 3694 2270 τού-

2120 2320 2246 2367 τους
2278 2302 2563 2375 ἐτρέψατο.
2600 2302 2754 2357 Ἐπεὶ
2781 2303 2836 2357 δέ
2870 2306 2994 2370 τοὺς
3024 2305 3244 2369 λοιποὺς
3256 2304 3402 2378 ἐώρα
3441 2307 3696 2362 συνθέον-

2119 2413 2219 2459 τας
2251 2392 2593 2465 παμπληθεὶ,
2619 2394 2830 2457 πάντας
2882 2392 3167 2448 άναλαδὼν
3197 2394 3503 2464 ὑπέστρειζιε
3554 2394 3695 2466 πρὸς

2121 2490 2220 2561 τὴν
2271 2489 2548 2559 φάλαγγα.
2603 2486 2975 2558 Ἐπιθεμένων
3011 2487 3058 2540 δ’
3095 2487 3247 2558 αὒτῷ
3290 2487 3399 2541 τῶν
3433 2486 3693 2558 Τούρκων

2121 2580 2213 2634 καὶ
2266 2580 2689 2642 κυκλωσάντων.
2733 2577 2920 2649 δόρατι
2974 2578 3071 2650 μὲν
3130 2577 3345 2649 ἐτρώθη
3405 2579 3546 2633 κατὰ
3582 2580 3695 2631 τῶν

2124 2674 2381 2743 στέρνων,
2442 2672 2621 2743 βέλεσι
2659 2670 2715 2725 δέ
2761 2671 2884 2724 δυσὶ
2945 2670 3086 2724 κατὰ
3140 2670 3247 2723 τῶν
3316 2669 3691 2740 μεταφρένων.

2132 2765 2416 2838 Ἦρωῖκῶς
2443 2764 2489 2818 δ’
2520 2762 2931 2833 ἀγωνισάμενος
2972 2761 3107 2833 πρὸς
3145 2763 3243 2832 τὴν
3276 2761 3529 2830 φάλαγγα
3578 2759 3696 2813 δια-

2123 2862 2362 2913 σέσωστο
2401 2858 2499 2912 καὶ
2542 2857 2636 2922 ξὺν
2680 2858 2817 2928 αὐτῇ
2869 2855 3139 2910 κατέλαδε
3194 2855 3255 2906 τδ
3308 2853 3695 2925 στρατόπεδον.

2133 2949 2412 3005 Ἀπελθὼν
2446 2950 2503 3003 δὲ
2546 2949 2682 3019 πρὸς
2714 2947 2938 3020 βασιλέα
2969 2947 3062 3001 καὶ
3100 2947 3170 3000 τά
3193 2944 3476 3016 ξυμόάντα
3503 2944 3698 3015 διηγη-

447 3052 705 3108 ratorem,
734 3045 822 3096 cui
851 3043 1084 3097 narratis
1125 3056 1246 3111 quae
1275 3041 1618 3111 contigerant
1647 3040 1717 3094 ab
1745 3054 1808 3094 eo
1828 3040 2017 3109 jussus

2123 3044 2355 3114 σάμενος
2378 3041 2672 3113 ἐκελεύσθη
2712 3041 2846 3110 πρὸς
2874 3043 2942 3111 τῇ
2975 3042 3149 3112 σκηνῇ
3180 3038 3433 3109 γενέσθαι
3474 3039 3568 3092 καὶ
3602 3038 3699 3091 θε-

447 3143 533 3189 est
563 3134 616 3188 in
644 3130 995 3188 tabernaculo
1026 3148 1126 3187 suo
1154 3133 1436 3203 quiescere
1458 3146 1521 3187 ac
1548 3132 1771 3186 vulnera
1801 3145 2017 3186 curare.

518 3225 605 3280 l6.
652 3224 807 3292 Quod
857 3237 986 3281 tunc
1022 3228 1237 3297 quidem
1289 3227 1377 3281 ille
1427 3225 1571 3282 fecit.
1612 3225 1849 3281 Postera:
1893 3241 2021 3281 vero

445 3319 548 3373 diei
578 3330 701 3374 orto
730 3318 841 3389 jam
878 3320 992 3374 sole
1026 3311 1256 3374 vocatus
1274 3319 1343 3374 ab
1362 3320 1690 3390 imperatore
1718 3334 1826 3374 non
1857 3334 2019 3374 excut

444 3412 602 3473 tavit,
647 3411 789 3480 quod
824 3414 1019 3466 merito
1059 3420 1293 3481 poterat,
1326 3412 1573 3466 dolorem
1603 3411 1890 3466 vulnerum
1925 3408 2022 3465 sed

442 3502 501 3556 in
523 3504 751 3558 consilio
766 3513 961 3572 praesto
976 3503 1167 3571 adfuit,
1192 3503 1282 3559 ubi
1306 3503 1699 3559 deliberatione
1719 3504 2020 3573 proposita,

447 3596 892 3663 prodenndumnc
930 3598 983 3649 in
1018 3596 1189 3649 aciem
1245 3605 1300 3650 et
1348 3595 1699 3664 pugnandum
1747 3601 1904 3658 loret,
1952 3608 2023 3647 an

447 3686 793 3741 continenda:
827 3686 970 3739 intra
1012 3686 1214 3739 vallum
1254 3685 1465 3753 copiae?
1500 3682 1852 3753 Sapientibus
1892 3681 2021 3752 qui-

447 3774 571 3830 dem
606 3778 874 3845 optimum
904 3776 1048 3829 factu
1083 3774 1367 3829 videbatur
1396 3789 1615 3829 manere
1644 3776 1699 3828 in
1731 3775 1932 3829 castris
1970 3776 2023 3828 et

449 3870 652 3920 temere
679 3866 936 3921 dimissus
965 3880 1155 3921 versus
1176 3864 1366 3921 Chleat
1392 3868 1578 3937 copias
1603 3864 2023 3924 curriculo‘iude

446 3956 675 4011 accersi.
714 3956 1072 4010 Adulatorum
1107 3964 1311 4021 autem,
1345 3970 1414 4011 an
1449 3956 1527 4012 sic
1558 3970 1616 4011 re
1642 3970 1770 4011 vera
1799 3960 2022 4027 sapien-

451 4046 607 4114 tium,
640 4063 709 4102 an
736 4058 924 4103 contra
954 4059 1186 4103 mentem
1215 4050 1488 4120 propriam
1513 4058 1805 4120 comperta:
1834 4050 2026 4105 volun-

448 4143 543 4194 tati
606 4141 869 4211 principis
928 4141 1314 4207 servientium,
1377 4142 1688 4205 incertum,
1748 4143 2020 4198 contraria

447 4232 733 4300 'prxevaluit
784 4232 1055 4287 sententia
1088 4249 1102 4287 :
1136 4234 1545 4304 pessimumque
1604 4234 1896 4289 consilium
1929 4246 2023 4289 ca-

447 4328 599 4390 ptum
642 4330 725 4376 est
762 4322 1022 4377 educendi
1067 4324 1134 4378 ad
1176 4324 1420 4394 praelium
1460 4325 1750 4382 exercitus.
1783 4323 1894 4381 Nec
1928 4323 2022 4380 dco

2127 3136 2380 3210 ραπεύειν
2408 3136 2475 3188 τά
2506 3133 2815 3205 τραύματα.

2197 3234 2292 3294 ις’.
2335 3230 2443 3283 Καὶ
2470 3228 2590 3281 τότε
2624 3228 2724 3297 μὲν
2745 3226 2928 3297 ἔμεινε
2961 3226 3112 3297 παρὰ
3140 3212 3207 3296 τῇ
3239 3227 3412 3298 σκηνῇ
3445 3239 3458 3253 '
3482 3223 3699 3297 ἡμέρας

2122 3322 2169 3374 δ’
2192 3321 2295 3393 ἥδη
2334 3318 2674 3390 διαγελώσης
2709 3320 2802 3372 καὶ
2840 3316 2934 3372 τοῦ
2964 3318 3114 3389 ἡλίου
3135 3317 3388 3389 ὁρίζοντα
3431 3315 3698 3388 ὑπερϐαι-

2123 3432 2307 3477 νοντος
2344 3412 2499 3477 αὖθις
2531 3412 2884 3484 μετεκαλεῖτο
2926 3411 3076 3483 παρὰ
3113 3412 3208 3467 τοῦ
3269 3410 3696 3482 αὐτοκράτορος.

2134 3508 2195 3562 '0
2218 3507 2262 3561 δ’
2296 3507 2461 3579 ἀπῄει
2513 3507 2623 3560 τῶν
2653 3507 2984 3577 τραυμάτων
3026 3504 3467 3576 καταφρονήσας.
3507 3502 3594 3566 Ὠς
3638 3503 3701 3557 δὲ

2127 3601 2292 3672 βουλὴ
2323 3600 2675 3672 προετέθη,ἢ
2715 3598 2995 3670 πολεμεῖν,
3041 3599 3078 3669 ἢ
3126 3598 3256 3653 εἴσω
3306 3599 3405 3663 τὰς
3441 3596 3700 3666 δυνάμεις

2124 3692 2398 3762 κατέχειν,
2433 3694 2547 3756 τοῖς
2585 3694 2684 3762 μὲν
2711 3692 2885 3745 ἐδόκει
2912 3692 3148 3755 συνετῶς
3171 3691 3310 3760 άγαν
3351 3691 3483 3744 εῐσω
3515 3691 3701 3761 μένειν

2123 3780 2219 3836 τοῦ
2252 3781 2504 3852 χάρακος
2540 3781 2757 3844 καὶτὰς
2794 3780 3053 3849 δυνάμεις
3081 3780 3144 3833 ἐκ
3185 3779 3278 3833 τοῦ
3314 3778 3494 3834 Χλέατ
3527 3797 3701 3850 μετα-

2126 3872 2460 3943 πέμπεσθαι,
2528 3872 2641 3934 τοῐς
2690 3868 2747 3923 δὲ
2798 3868 2982 3933 κόλαξι
3028 3869 3305 3935 τάναντῖα,
3362 3868 3411 3920 εἰ
3458 3866 3556 3936 μὲν
3603 3863 3702 3920 καὶ

2123 3962 2264 4016 οὕτω
2294 3961 2605 4033 φρονοῦσιν,
2638 3962 2740 4017 οὐκ
2773 3960 2883 4031 ἐχω
2915 3959 3115 4029 λέγειν.
3147 3959 3296 4023 Τέως
3325 3959 3371 4014 δ’
3402 3957 3575 4023 εδοξε,
3602 3956 3701 4012 καὶ

2123 4053 2278 4118 αὖθις
2312 4054 2465 4107 ἐνίκα
2492 4052 2558 4106 τά
2582 4052 2853 4124 χερείονα.
2907 4049 3155 4120 Ἐξάγειν
3186 4047 3279 4105 οὖν
3305 4049 3405 4112 τὰς
3437 4049 3699 4120 δυνάμεις

2124 4146 2362 4214 ἐγένετο.
2392 4146 2457 4198 Ol
2499 4143 2556 4198 δέ
2581 4161 2644 4213 γε
2697 4142 2931 4210 Τοῦρκοι
2978 4144 3361 4214 κραταιότεριι
3405 4136 3559 4202 αὖθις
3603 4137 3701 4194 καλ⁸

2123 4222 2266 4307 ’μετὰ
2304 4236 2548 4300 πλείονος
2579 4236 2879 4307 ἐπήρχοντο
2924 4234 3021 4302 τῆς
3054 4234 3255 4303 χειρός.
3294 4232 3404 4287 Καὶ
3424 4232 3487 4302 δὴ
3531 4249 3700 4302 προσ-

2129 4328 2384 4382 ϐάλλουσι
2441 4326 2638 4398 τούτῳ,
2682 4327 2773 4379 καὶ
2799 4326 2978 4397 μάχης
3005 4325 3279 4395 συστάσης
3320 4325 3575 4377 πίπτουσι
3600 4323 3699 4394 μὲν

449 4416 602 4468 fuere
633 4412 798 4487 Turci
834 4416 1174 4472 instructiori
1208 4417 1550 4488 pleniorique
1583 4433 1650 4472 ex
1684 4420 1914 4474 adverso
1947 4417 2018 4473 ir-

2130 4418 2240 4471 τῶν
2288 4417 2548 4486 Τούρκων
2588 4392 2813 4489 συχνοὶ,
2857 4392 3115 4468 πιπτουσι
3149 4414 3207 4468 δὲ
3237 4392 3361 4467 Ἵκαὶ
3412 4414 3520 4468 τῶν
3575 4392 3699 4467 Ῥω-

450 4514 672 4561 ruentes
712 4507 848 4571 acie,
914 4508 1243 4580 confligitur.
1275 4508 1579 4563 Turcorum
1614 4509 1794 4576 multi,
1824 4509 2026 4564 Rullia-

446 4604 644 4649 norum
678 4597 922 4666 plerique
950 4599 1172 4652 eadunt.
1207 4596 1522 4667 Bryennius
1556 4598 1743 4652 multis
1777 4598 2026 4669 corporis

445 4684 583 4740 locis
635 4688 739 4740 alia
783 4702 922 4742 nova
972 4690 1196 4742 vulnera
1244 4689 1476 4760 accepit,
1517 4690 1648 4744 dum
1691 4700 1875 4760 partes
1915 4688 2026 4760 agit

446 4777 574 4832 boni
605 4778 764 4834 ducis
795 4780 850 4832 in
880 4779 976 4852 illo
1009 4778 1253 4848 periculo
1282 4786 1336 4833 et
1365 4780 1641 4848 praesenti,
1668 4797 1779 4852 quo
1810 4782 2022 4845 valebat

446 4868 745 4941 plurimum
789 4872 842 4926 in
884 4872 1127 4942 prmliis,
1169 4871 1404 4927 consilio
1447 4873 1731 4945 phalangis
1766 4890 2018 4946 magnam

448 4973 659 5033 partem
703 4963 926 5020 illaesam
968 4974 1172 5019 servat.
1207 4961 1380 5020 Porro
1419 4964 1716 5035 imperator
1742 4970 2022 5023 venientes

446 5065 636 5112 contra
663 5055 850 5111 videns
880 5055 1110 5120 Turcos,
1138 5055 1319 5112 educit
1344 5064 1398 5110 et
1427 5057 1540 5126 ipse
1567 5056 1756 5127 capias
1777 5058 1923 5113 velut
1951 5058 2019 5114 ad

448 5148 715 5218 praelium,
744 5145 1029 5218 aciemque
1057 5163 1157 5219 pro
1183 5147 1328 5204 vallo
1354 5148 1593 5204 instruit.
1622 5146 1897 5204 Praaerant
1924 5150 2020 5204 de-

2126 4500 2304 4579 ’μαίων
2340 4509 2603 4563 πλεῖστοι.
2640 4506 2882 4580 Ἐτρὼθη
2921 4505 2976 4559 δὲ
3009 4506 3103 4559 καὶ
3132 4504 3296 4567 αὐτὸς
3339 4506 3368 4558 ὁ
3410 4504 3700 4576 Βρυέννιος

2126 4597 2395 4672 πολλαχοῦ
2450 4599 2545 4654 τοῦ
2608 4599 2882 4669 σώματος,
2916 4599 3052 4652 ἀλλὰ
3095 4598 3268 4660 δεινὸς
3318 4595 3394 4649 ὢν
3445 4596 3573 4665 περὶ
3627 4595 3699 4651 τὰ

2126 4688 2471 4761 στρατηγικά
2502 4691 2565 4747 τὸ
2584 4688 2832 4745 πλεῖστον
2859 4694 2959 4761 τῆς
2990 4688 3268 4760 φάλαγγος
3292 4685 3477 4749 ἀσινὲς
3509 4685 3698 4740 διεσώ-

2126 4800 2277 4839 σατο.
2323 4783 2497 4854 ὐριῖιν
2533 4783 2580 4836 δ’
2620 4783 2876 4846 ἐπιόντας
2907 4783 3034 4845 τοὺς
3072 4780 3349 4850 Τούρκους
3380 4778 3408 4830 ό
3443 4774 3700 4848 βασιλεὺς

2124 4873 2287 4943 ἐξῆγε
2321 4874 2417 4927 καὶ
2444 4875 2609 4936 αὐτὸς
2645 4874 2744 4936 τὰς
2776 4872 3039 4941 δυνάμεις
3083 4870 3157 4934 ὡς
3204 4870 3301 4923 ἐπὶ
3332 4868 3567 4940 πόλεμον
3602 4865 3701 4920 καὶ

2124 4965 2498 5036 παρετάττετο
2526 4963 2634 5035 πρὸ
2662 4961 2758 5017 τοῦ
2802 4964 3066 5035 χάρακος.
3108 4961 3326 5031 Ἦγείτο
3352 4961 3411 5015 δὲ
3451 4960 3545 5015 τοῦ
3597 4959 3698 5031 μὲν

2122 5054 2297 5123 δεξιοῦ
2327 5055 2555 5127 κέρατος
2575 5056 2602 5108 ὁ
2647 5055 2953 5127 Ἀλυάττης
2992 5054 3130 5127 (20),
3155 5053 3294 5126 ἀνὴρ
3319 5053 3699 5122 Καππαδόκης

2126 5148 2225 5204 καὶ
2274 5149 2483 5222 συνήθη
2496 5170 2511 5212 ;
2548 5148 2628 5223 τῷ
2671 5148 2902 5221 βασιλεῖ,
2934 5147 3031 5203 τοῦ
3069 5150 3114 5203 δ’
3150 5148 3433 5221 εὐωνύμου
3470 5146 3630 5212 αὐτὸς
3667 5144 3699 5197 ό

1479 5283 1688 5347 Caroli
1718 5285 1820 5345 Du
1850 5284 2091 5348 Fresne
2126 5287 2227 5349 Du
2266 5288 2474 5366 Gange
2511 5294 2698 5350 notis.

521 5434 635 5513 (20)
684 5435 1025 5513 ﬁduciam.
1074 5436 1398 5513 Theodorus
1416 5438 1686 5513 alyattes,
1723 5436 1863 5508 ἀνὴρ
1886 5455 2014 5513 γεν-
2126 5438 2532 5513 ξογΙίιιεεηιιυί
2561 5440 2615 5513 in
2642 5439 2829 5508 praelio
2845 5449 3005 5513 capto
3022 5438 3253 5513 ell‘ossos
3273 5453 3303 5493 a
3338 5434 3701 5494 Constantino

447 5507 594 5568 ναίος
659 5509 754 5558 καὶ
806 5508 1075 5579 ἐπιφανὴς
1121 5511 1220 5563 καὶ
1272 5507 1371 5580 θέᾳ
1411 5507 1884 5579 θαυμασιώτατος,
1938 5510 2015 5565 ait

2128 5507 2277 5565 Duca
2310 5507 2500 5566 oculus
2532 5507 2719 5577 refert,
2757 5526 2881 5564 cum
2915 5507 3181 5581 Diogenis
3218 5518 3402 5581 partes
3432 5515 3699 5563 tueretur.

454 5644 757 5722 :“Xla'tpamg
789 5652 1015 5722 —_6p&v.
1038 5641 1267 5722 Fortasse
1292 5666 1303 5700 :
1326 5652 1554 5722 χάρακος.
1597 5654 1761 5710 Ἐξιὼν
1800 5656 1846 5722 δ’
1868 5657 2033 5722 οὐδένα
2066 5656 2148 5722 μεν
2172 5659 2298 5719 ἐώρα
2326 5657 2474 5722 φίλων
2493 5659 2524 5722 ᾖ
2558 5655 2816 5722 πολεμίων,
2837 5654 3056 5722 σπεύδων
3083 5654 3126 5703 δ’
3149 5653 3225 5722 sui
3244 5653 3306 5702 τὰ
3325 5653 3494 5718 πρόσω
3530 5651 3701 5722 ἤρξατο

444 5712 537 5771 ἤδη
559 5712 672 5776 όρᾷν
692 5740 753 5749 -
774 5712 929 5764 restat
952 5721 1237 5777 corruptum
1255 5712 1652 5777 παραχωροῦντα,
1680 5719 1814 5779 quod
1848 5722 1895 5767 in
1916 5734 2018 5780 παρ

2123 5712 2452 5779 ipov'mu'taiit
2490 5712 2742 5769 l‘ossinus.
2779 5712 2952 5766 Edilor
2985 5713 3266 5767 Romanis.
3362 5712 3375 5718 '
3568 5712 3575 5714 ⁷
3688 5718 3700 5731 ’
