4088 6208
481 241 552 309 ἸΙ
1688 242 2110 304 NICEPHORI
2153 241 2517 304 BRYE‘NNII
3671 226 3738 291 72

487 362 546 417 in
595 374 766 415 unum
815 358 954 414 aciei
991 371 1193 427 corpus
1231 362 1405 411 totum
1448 355 1754 412 exercitum
1795 357 2064 428 digerere,

2170 359 2430 412 τάττοντα
2477 354 2571 408 τδν
2619 349 2852 422 στρατὸν
2877 349 2936 402 οὗ
2973 344 3114 400 κατά
3141 343 3425 416 φάλαγγας
3453 341 3576 396 οὐδὲ
3603 348 3744 400 κατὰ

488 469 589 509 nec
603 449 674 506 'in
715 461 892 521 partes
923 464 1224 520 manusque
1254 448 1434 503 varias
1461 447 1597 501 alias
1626 448 1680 501 in
1716 447 1927 503 hostem
1957 462 2057 501 ex-

486 559 767 607 cursuras,
819 542 953 598 alias
1007 542 1059 595 in
1122 541 1336 597 insidiis
1387 539 1742 594 subsessuras
1791 539 2055 604 tribuere,

485 636 807 706 quieverunt
835 633 959 704 ipsi,
983 632 1242 702 quoniam
1268 647 1374 687 non
1401 632 1800 687 constituerant
1829 629 1882 684 id
1911 629 2057 697 quod

486 728 866 797 imperatorem
925 738 1117 794 parare
1177 723 1471 788 videbant,
1532 721 1825 778 decretorii
1887 719 2058 789 praelii

484 821 655 876 aleam
686 819 892 889 jacere.
932 818 1001 870 At
1031 817 1284 871 sultanus
1318 815 1658 883 longiuscule
1690 812 1818 868 hinc
1849 812 2059 866 distans

484 920 678 969 cetera
705 912 780 965 rei
811 909 1058 975 gerendae
1085 916 1394 978 opportuna
1427 906 1775 976 dispensabat
1803 902 2059 958 eunucho

485 1002 702 1056 cuidam
723 1000 875 1054 valde
893 1001 1034 1068 apud
1054 999 1230 1067 ipsum
1251 997 1513 1068 gratioso,
1532 994 1606 1049 Ta
1617 1009 1794 1064 rangaz
1817 992 2056 1056 nomine,

487 1092 761 1162 plerisque
818 1090 1093 1145 attributis
1153 1088 1322 1158 c0piis
1386 1096 1442 1141 et
1493 1101 1707 1144 summa
1759 1085 1880 1154 ejus
1931 1083 2057 1137 belli

487 1182 892 1237 commendata.
928 1181 1031 1234 Hic
1059 1193 1245 1234 autem
1276 1179 1476 1234 multas
1505 1173 1562 1232 in
1597 1185 1782 1247 partes
1811 1175 2054 1231 exercitu

486 1273 686 1337 diviso,
726 1288 920 1328 manus
951 1272 1087 1326 alias
1123 1272 1175 1325 in
1213 1271 1481 1325 viciniora
1512 1269 1652 1323 hosti
1685 1268 1802 1321 loca
1832 1280 2057 1335 promo-

486 1377 612 1429 vet,
653 1365 790 1418 alias
831 1372 976 1417 retro
1019 1363 1229 1416 idoneis
1261 1361 1591 1417 stationibus
1623 1359 1870 1415 sublocat
1896 1397 1909 1419 .
1939 1371 2059 1411 om-

495 1455 764 1522 nibusque
793 1454 1024 1520 imperat
1056 1451 1265 1504 ambire
1294 1451 1614 1518 circumque
1645 1447 1830 1502 venire
1859 1446 2060 1500 Roma-

489 1559 593 1599 nos
618 1551 905 1604 conentur,
935 1558 1034 1596 nec
1069 1557 1304 1612 pugnam
1341 1539 1614 1596 admoveri
1658 1539 1723 1592 ad
1756 1553 1952 1592 manus
1990 1538 2064 1590 si-

490 1647 643 1698 nant,
679 1649 868 1687 verum
904 1635 1059 1703 longe
1088 1633 1312 1702 sagittas
1345 1632 1586 1700 undique
1612 1630 1943 1698 jaculentur.
1978 1628 2058 1683 Ad

2164 448 2354 518 λόχους
2380 446 2521 519 (οὐδὲ
2544 444 2652 514 γὰρ
2674 440 2962 496 εϐούλοντο
2999 437 3292 506 Ῥωμαίοις
3322 437 3400 496 είς
3435 435 3624 504 χεῖρας
3651 434 3744 491 Eho

2165 539 2299 607 θεῖν)
2326 536 2631 608 ἡσύχασαν.
2678 532 2820 586 ’Δλλ’
2839 533 2867 583 ὁ
2895 529 2997 598 μὲν
3011 525 3301 589 σουλτάνος
3321 525 3512 597 πόρρω
3531 541 3637 580 που
3661 526 3742 580 ἱσ-

2163 631 2396 701 τάμενος
2423 630 2492 683 τὰ
2528 628 2663 699 πρδς
2689 625 2924 694 πόλεμον
2961 619 3290 682 διετάττετο,
3323 617 3481 688 ἀνδρὶ
3512 617 3586 672 δέ
3633 637 3742 674 τινι

2165 719 2397 791 ἐκτομία
2420 718 2489 776 ἀἱ
2523 717 2753 789 μέγιστα
2774 713 2903 783 παρ’
2930 709 3078 779 αὐτῷ
3105 708 3411 777 δυναμένῳ,
3436 707 3739 779 Ταράγγης

2163 810 2338 880 τούτῳ
2362 810 2419 863 τὸ
2442 809 2635 877 δνομα.
2667 805 2764 868 τὰς
2794 802 3053 864 πλείστας
3070 799 3328 868 δυνάμεις
3350 799 3626 868 παραδοὺς
3645 800 3742 854 κύ-

2169 919 2283 972 ριον
2323 900 2417 954 τοῦ
2451 900 2699 967 πολέμου
2741 895 2930 951 τοῦτον
2965 889 3268 954 ἀπέδειξεν.
3317 888 3374 942 ’0
3397 889 3450 941 δὲ
3473 891 3553 952 είς
3571 890 3745 944 πολλά

2170 987 2314 1058 μέρη
2337 987 2398 1040 τὸ
2422 987 2740 1058 στράτευμα
2775 982 2964 1037 διελὼν
3013 977 3416 1049 προλοχισμούς
3446 994 3506 1032 τε
3562 978 3737 1032 ἐποίει

2167 1081 2260 1132 καὶ
2291 1078 2513 1147 ἐνέδρας
2537 1078 2779 1141 συνίστα,
2816 1075 2908 1128 καὶ
2941 1071 3218 1142 περιιέναι
3258 1071 3355 1130 τὰς
3387 1071 3568 1136 τάξεις
3613 1071 3744 1125 Ῥω-

2175 1168 2354 1238 μαίων
2391 1167 2657 1220 ἐπέταττε
2708 1169 2806 1219 καὶ
2849 1166 2960 1226 τοῖς
3000 1163 3297 1232 τοξεύμασι
3336 1161 3570 1232 χρῆσθαι
3609 1161 3752 1215 πάν-’

2165 1257 2342 1314 τοθεν.
2369 1259 2433 1311 Οἱ
2460 1259 2516 1310 δὲ
2559 1258 2821 1329 Ῥωμαῖοι
2865 1257 2973 1309 τῶν
3020 1258 3208 1310 ἵππων
3246 1255 3430 1309 αὐτῶν
3479 1247 3744 1325 βαλλομέ-

2173 1369 2280 1404 νων
2320 1351 2695 1420 ἠναγκάζοντο
2739 1349 2994 1404 ἓπεσθαι.
3027 1349 3136 1402 Καὶ
3159 1347 3225 1418 δὴ
3268 1347 3487 1400 εἵποντο
3519 1345 3743 1416 φεύγειν

2165 1442 2466 1496 δοκούντων
2497 1441 2741 1495 ἐκείνων.
2778 1441 2873 1502 Et;
2919 1440 2978 1494 δὲ
3009 1439 3134 1502 τοὺς
3165 1439 3355 1508 λόχους
3379 1441 3472 1490 καὶ
3501 1439 3601 1502 τὰς
3654 1439 3747 1490 ὲν-

2173 1534 2343 1604 έδρας
2381 1533 2800 1604 περιπίπτοντες
2833 1533 3083 1604 μεγάλως
3103 1531 3453 1586 ἐϐλάπτοντο.
3497 1530 3605 1584 Τοῦ
3647 1530 3748 1601 βα-

2171 1627 2364 1689 σιλέως
2414 1625 2470 1677 δὲ
2502 1625 2594 1678 τὸν
2628 1625 2768 1695 ὑπὲρ
2796 1624 2905 1677 τῶν
2953 1623 3092 1678 ὅλων
3145 1622 3468 1694 βουλομένου
3501 1621 3744 1674 κίνδυνον

491 1741 552 1779 ea
595 1725 824 1778 Romani
862 1741 985 1778 cum
1019 1723 1290 1778 vulnerari
1331 1723 1542 1793 sagittis
1579 1738 1750 1791 equos
1779 1737 1910 1776 suos
1937 1737 2058 1775 cer-

2170 1716 2524 1781 ἀναδέξασθαι
2553 1715 2720 1785 βάδην
2753 1715 3024 1786 ἑπομένου
3059 1716 3150 1768 καὶ
3202 1713 3612 1785 προσδοκῶντος
3636 1712 3742 1782 φά-

493 1823 707 1878 ncrent,
760 1818 970 1887 hostem
1024 1813 1211 1882 procul
1266 1814 1449 1867 statim
1505 1811 1659 1880 sequi
1709 1811 2059 1880 cogebantur.

497 1906 652 1958 Tunc
691 1921 818 1959 vero
861 1906 1116 1958 simulata
1151 1904 1275 1971 fuga
1311 1901 1476 1956 Turci
1514 1911 1726 1956 nostros
1762 1903 1816 1955 in
1850 1910 2066 1970 paratas

493 1997 722 2050 insidias
766 1996 1086 2058 trahebant,
1140 2009 1170 2048 a
1221 1993 1421 2062 quibus
1472 1993 1612 2046 male
1661 1993 2064 2055 multabantur,

493 2088 1004 2155 maczabanturque.
1064 2082 1235 2138 Porro
1270 2085 1598 2152 imperatore
1627 2082 1952 2136 oblirmante
1981 2090 2064 2136 ta-

500 2193 626 2232 men
663 2179 908 2230 animum
943 2177 996 2228 in
1034 2173 1318 2244 preposito
1350 2173 1468 2226 acie
1501 2172 1745 2226 certandi
1789 2189 1806 2225 :
1842 2186 1906 2226 ac
1945 2186 2071 2242 pro-

494 2278 675 2336 pterea
708 2267 854 2320 lento
882 2279 1066 2320 secum
1101 2264 1270 2333 gradu
1305 2263 1610 2316 Romanum
1645 2260 1753 2332 42
1783 2262 2068 2317 ordinibus

497 2356 780 2410 instructis
811 2355 1109 2409 exercitum
1145 2367 1338 2408 versus
1377 2353 1565 2408 hostes
1601 2361 1978 2423 promovente,
2021 2353 2067 2407 si

497 2447 639 2503 forte
669 2456 933 2502 structam
966 2447 1170 2515 pariter
1203 2444 1378 2497 aciem
1412 2444 1630 2498 illorum
1661 2443 1940 2498 oll'endere
1966 2442 2066 2497 ali-

497 2538 622 2591 cnbi
679 2543 882 2605 posset,
940 2535 1179 2603 primum
1229 2533 1444 2602 quidem
1495 2535 1713 2604 agmina
1769 2533 1861 2587 illa
1921 2533 2069 2587 varia

499 2629 801 2682 'l'urcorum
828 2626 1120 2680 artiﬁciosa
1143 2624 1266 2694 fuga
1295 2624 1723 2695 dissipabantur.
1752 2623 1871 2680 Mox
1891 2624 2070 2680 subito

497 2718 710 2772 collecti
762 2733 954 2787 magno
1002 2718 1236 2772 tumultu
1281 2718 1615 2787 vocibusque
1657 2716 1959 2774 inconditis
1995 2718 2072 2772 ir-

500 2820 724 2865 ruentes
780 2810 831 2864 in
884 2809 1181 2874 Romanos,
1238 2809 1491 2863 dextrum
1546 2824 1715 2866 cornu
1777 2809 1831 2866 in
1889 2809 2068 2880 fugam

498 2911 738 2957 vertunt:
795 2900 871 2956 Eo
927 2901 1148 2972 periculi
1205 2901 1434 2956 articulo
1488 2911 1821 2971 postremum
1877 2916 2068 2972 agmen

503 2995 752 3050 recessit.
803 2993 1000 3063 Sicque
1041 2993 1242 3047 nudata
1276 3008 1306 3047 a
1343 3003 1494 3062 tergo
1527 2993 1770 3047 Romana
1803 2993 1923 3046 acie
1961 2994 2069 3047 cir-

503 3093 830 3140 cumventus
881 3084 1027 3139 onmi
1057 3083 1166 3151 jam
1201 3099 1265 3138 cx
1304 3093 1458 3152 parte
1510 3085 1805 3154 imperator
1843 3087 2070 3155 sagitta.

503 3191 623 3230 rum
681 3175 924 3242 undique
971 3173 1173 3228 nimbis
1231 3172 1582 3228 obruebatur.
1635 3174 1744 3228 Nec
1803 3175 2071 3229 laboranti

503 3266 637 3319 aciei
680 3264 868 3318 mediae
901 3264 1092 3318 lzcvum
1133 3279 1304 3318 cornu
1345 3263 1486 3318 ferre
1521 3266 1784 3320 auxilium
1827 3268 2001 3337 potuit
2045 3285 2060 3323 :

502 3365 830 3411 revocarunt
857 3356 1000 3410 enim
1041 3357 1094 3410 id
1132 3365 1393 3410 conantes
1425 3357 1747 3413 circumfusi
1773 3400 1788 3424 ,
1829 3373 1896 3414 ac
1934 3374 2075 3430 pone

503 3448 834 3504 lacessentes
904 3449 1088 3503 hostes
1150 3457 1297 3501 tanta
1358 3449 1444 3513 vi,
1529 3458 1586 3503 ut
1648 3451 2073 3505 circumventum

504 3554 723 3608 quoque
762 3539 940 3608 ipsum
983 3553 1149 3592 cornu
1218 3537 1408 3615 laevum
1472 3537 1595 3610 fuga
1651 3541 1852 3609 passim
1902 3541 2075 3596 etlusa

503 3631 669 3686 dilabi
722 3629 1106 3700 compulerint.
1173 3627 1271 3684 llic
1332 3630 1708 3700 deprehensus
1758 3631 2075 3701 imperator,

505 3722 766 3792 omnique
803 3721 1093 3775 destitutus
1156 3720 1342 3774 auxilii
1403 3737 1533 3788 spe,
1598 3723 1789 3777 stricto
1825 3737 1956 3777 ense
2020 3723 2073 3776 in

510 3811 696 3869 hostes
771 3813 920 3877 ruit,
978 3811 1285 3881 multosque
1341 3813 1558 3878 occidit,
1618 3813 1820 3867 multos
1879 3813 1932 3868 in
1991 3812 2074 3867 fu-

2167 1809 2347 1877 λαγγα
2391 1807 2650 1878 Τούρκων
2689 1807 2868 1876 εὑρεῖν
2913 1805 3008 1859 καὶ
3061 1805 3199 1875 αὐτῇ
3245 1803 3586 1875 συρραγῆναι
3648 1802 3746 1855 καὶ

2167 1899 2310 1952 οὕτω
2353 1899 2608 1969 κριθῆναι
2639 1899 2707 1952 τὰ
2737 1897 2832 1951 τοῦ
2865 1895 3126 1968 πολέμου,
3158 1898 3207 1948 οί
3252 1895 3488 1965 Τοῦρκοι
3539 1911 3745 1948 παντα-

2167 1991 2325 2060 χόθεν
2361 1990 2822 2045 διεσκεδάννυντο.
2870 1988 3340 2060 ’Υποστρέψαντες
3375 1986 3431 2041 δὲ
3477 1985 3616 2057 μετά
3649 1985 3744 2056 {ri-

2173 2100 2278 2153 μης
2292 2083 2529 2155 σφοδρᾶς
2558 2085 2651 2137 καὶ
2678 2082 2925 2154 κραυγῆς
2943 2080 3263 2144 ἐπελθόντες
3292 2078 3590 2149 Ῥωμαίοις
3612 2076 3741 2146 τρέ-

2170 2192 2331 2228 πουσι
2367 2175 2428 2228 τὸ
2465 2175 2637 2240 δεξιὸν
2669 2175 2859 2245 κέρας.
2898 2174 3074 2236 Εὐθὺς
3117 2171 3162 2225 δ’
3214 2169 3524 2241 ἀνεχώρουν
3557 2167 3650 2221 καὶ
3693 2165 3745 2218 oi

2171 2269 2298 2338 περὶ
2315 2269 2414 2338 τὴν
2447 2267 2736 2339 οὐραγίαν,
2764 2266 2975 2319 καὶτὸν
3016 2264 3240 2335 βασιλέα
3270 2265 3318 2317 οί
3351 2261 3588 2332 Τοῦρκοι
3637 2276 3740 2313 κυ-

2170 2360 2486 2424 κλώσαντες
2548 2360 2776 2414 ἔϐαλλον
2815 2357 3100 2412 πάντοθεν.
3142 2355 3515 2428 Ὀρμήσαντος
3548 2353 3603 2406 δὲ
3645 2350 3742 2406 τοῦ

2170 2451 2456 2522 εὐωνύμου
2493 2452 2725 2522 κέρατος
2755 2451 3059 2520 ἐπαρήγειν
3091 2450 3140 2502 oi
3182 2447 3417 2514 Τοῦρκοι
3447 2444 3684 2499 ἐκώλυον
3719 2459 3737 2474 ·

2171 2543 2311 2598 κατὰ
2339 2541 2510 2596 νώτου
2550 2542 2658 2612 γάρ
2715 2536 2862 2597 οὗτοι
2905 2540 3186 2610 γενόμενοι
3242 2539 3339 2592 καὶ
3387 2537 3577 2591 τοῦτον
3641 2553 3744 2588 κυ-

2171 2631 2478 2695 κλώσαντες
2545 2635 2737 2701 φυγεῖν
2809 2632 3259 2701 κατηνάγκασαν.
3343 2628 3403 2682 '0
3448 2627 3505 2680 δὲ
3592 2625 3749 2696 βασις

2171 2722 2296 2786 λεὺς
2356 2724 2702 2776 παντάπασιν
2751 2722 2958 2794 ἔρημος
3012 2719 3346 2792 ἀποληφθεὶς
3374 2716 3628 2789 βοηθείας
3680 2715 3745 2769 τὺ

2173 2813 2320 2881 ξίφος
2373 2813 2689 2883 ἐγύμνωσεν
2739 2815 2830 2867 ἐπὶ
2874 2813 3001 2876 τοὺς
3063 2812 3293 2883 ἐχθροὺς
3352 2809 3447 2864 καὶ
3512 2808 3747 2872 πολλοὺς

2176 2908 2276 2979 μὲν
2344 2908 2553 2962 ἀνεῖλεν
2617 2908 2743 2970 τοὺς
2800 2908 2856 2961 δὲ
2913 2907 3009 2961 καὶ
3069 2907 3262 2976 φυγεῖν
3329 2902 3741 2973 κατηνάγκασε.

2175 2998 2492 3062 κυκλωθεὶς
2521 2999 2566 3052 δ’
2610 2999 2715 3052 ὑπο
2741 2999 2850 3052 τῶν
2895 2998 3172 3067 πολεμίων
3228 2995 3322 3049 τοῦ
3371 2993 3612 3065 πλήθους
3637 2993 3740 3062 τὴν

2173 3093 2329 3162 χεῖρα
2383 3089 2745 3163 τιτρώσκεται
2792 3091 2884 3144 καὶ⁵
2926 3089 3192 3158 γνωσθεὶς
3242 3085 3538 3141 ύπάύτῶν
3593 3086 3746 3148 ὅστις

2171 3184 2288 3237 ἐστὶ
2316 3182 2501 3254 κύκλῳ
2527 3183 2988 3254 περιστοιχίζεται
3016 3179 3302 3234 πάντοθεν.
3333 3181 3441 3234 Kal.
3463 3178 3744 3245 τοξεύεται

2174 3277 2275 3345 μὲν
2311 3277 2340 3329 ό
2373 3276 2537 3339 ἵππος
2571 3275 2740 3329 αὐτοῦ
2769 3276 2865 3327 καὶ
2895 3275 3190 3339 όλισθήσας
3225 3272 3436 3332 πίπτει,
3471 3286 3747 3338 συγκατα-

2172 3364 2357 3418 ϐάλλει
2381 3365 2436 3417 δὲ
2471 3365 2566 3417 καὶ
2592 3365 2683 3416 τὸν
2713 3362 3000 3434 ἐπιϐάτην.
3039 3365 3148 3416 Καὶ
3175 3361 3262 3434 [Ρ.
3291 3360 3384 3432 51]
3434 3359 3622 3413 τοῦτον
3650 3357 3744 3411 τὸν

2170 3454 2371 3526 τρόπον
2393 3454 2729 3526 δορυάλωτος
2755 3456 2782 3507 ό
2809 3454 3063 3524 βασιλεὺς
3103 3451 3391 3522 Ῥωμαίων
3421 3450 3627 3519 γίνεται
3647 3446 3744 3500 καὶ

2177 3545 2313 3614 πρὸς
2340 3545 2429 3598 τὸν
2459 3545 2744 3598 σουλτάνον
2785 3544 3184 3615 ἀποκομίζεται
3243 3544 3484 3613 δέσμιος,
3513 3539 3614 3592 ούκ
3640 3531 3738 3590 οἶδ’

2176 3631 2376 3686 οἷστισι
2399 3633 2581 3702 λόγοις
2614 3634 2776 3688 τοῦτο
2804 3635 2904 3704 τῆς
2943 3635 3091 3696 θείας
3118 3633 3369 3702 προνοίας
3387 3627 3744 3699 οἰκονομησά-

2179 3741 2301 3794 σης.
2355 3724 2534 3778 Ἑάλω
2557 3726 2612 3778 δὲ
2637 3727 2731 3778 καὶ
2767 3725 2969 3778 λοιπῶν
3002 3728 3167 3796 μοῖρα
3197 3725 3308 3777 τῶν
3341 3722 3618 3794 ἀρχόντων
3641 3719 3743 3772 οὐκ

2177 3815 2357 3886 ὀλίγη.
2384 3815 2506 3869 Τῶν
2541 3816 2596 3869 δὲ
2624 3815 2828 3870 λοιπῶν
2857 3817 2908 3870 οἱ
2940 3817 3041 3888 μὲν
3088 3815 3363 3888 μαχαίρας
3394 3814 3554 3885 ἔργον
3584 3811 3744 3881 γεγό-

1533 3952 1742 4016 Caroli
1785 3955 1882 4014 Du
1921 3955 2161 4016 Fresne
2197 3958 2290 4018 Du
2327 3957 2535 4036 Gange
2566 3966 2753 4019 nota.

583 4099 824 4154 Maxima
849 4114 972 4168 pars
1007 4098 1195 4153 horum
1230 4099 1335 4152 ruit
1359 4097 1636 4168 interfecta
1669 4094 1913 4164 nefandis

580 4170 871 4224 Turcorunt
894 4169 1112 4239 gladiis,
1130 4179 1190 4239 et
1215 4170 1384 4239 captis
1419 4169 1634 4222 urbibus
1663 4170 1833 4239 omnis

580 4239 836 4294 Subditus
871 4237 948 4292 liis
977 4238 1201 4308 populus
1229 4237 1364 4293 dans
1394 4240 1669 4308 vectigalia
1702 4237 1862 4306 fugit.

578 4309 685 4363 Hos
704 4318 888 4361 contra
920 4309 1090 4362 nullos
1125 4311 1318 4379 equites
1353 4310 1560 4379 ignavia
1588 4310 1731 4362 misit

580 4379 876 4448 Brutorum.
905 4395 1066 4447 quare
1087 4380 1291 4433 decreto
1317 4390 1481 4448 nupta
1505 4388 1719 4432 senatus

583 4447 678 4518 lest
705 4449 869 4516 equiti
909 4451 1112 4518 egregio
1146 4447 1811 4518 Romanoinatcr_eorutn,

580 4515 775 4589 {’ectus
805 4515 987 4573 amans
1022 4515 1138 4589 plus
1180 4534 1338 4588 quant
1362 4533 1522 4589 genus
1558 4515 1829 4589 Eudocltia
1861 4515 2064 4589 mariti.

581 4586 830 4658 Diogenes
863 4585 1144 4658 cognomen
1170 4585 1306 4658 erat,
1329 4585 1454 4656 quia
1490 4585 1654 4639 barba
1682 4586 1924 4658 bifurcis.

580 4657 638 4728 1‘s
662 4655 887 4728 regimen
919 4655 1268 4728 subiensrsibi
1289 4655 1730 4726 qquttenegotia
1759 4655 1904 4721 belli,

585 4726 985 4797 Otia'piivignis
1015 4727 1167 4795 elegit
1195 4727 1328 4778 inire
1347 4737 1570 4794 paratus

579 4795 922 4871 (InniPci-sis
957 4797 1148 4871 bellum
1186 4798 1402 4871 miseros
1452 4795 1825 4871 populantibus
1872 4802 2066 4871 Argos.

582 4865 676 4919 Est
708 4868 828 4920 belli
852 4867 1014 4919 rariis
1047 4867 1308 4919 arentibus
1336 4881 1459 4918 usus
1490 4866 1543 4918 in
1575 4867 1695 4919 illos
1721 4883 1740 4920 :

578 4936 726 5007 Smne
747 4940 954 5006 quidem
986 4938 1150 4989 victor
1175 4934 1368 4988 Persas
1401 4936 1642 4988 bellando
1666 4937 1890 5007 fugavit,

580 5005 728 5078 Swpe
761 5009 876 5075 pari
906 5008 1127 5075 populus
1163 5008 1376 5078 fortuna
1407 5015 1606 5074 pugnat
1645 5005 1879 5078 uterque.

585 5077 854 5130 Postremo
883 5079 1094 5129 comites
1119 5079 1244 5128 dum
1279 5075 1455 5146 dirigit
1489 5091 1594 5142 ipse
1621 5075 1828 5132 tuendis

583 5145 803 5217 grbibus
842 5147 1172 5207 innumeros,
1205 5145 1425 5217 quorum
1468 5147 1758 5217 famulatus
1794 5147 1862 5200 ad
1897 5149 2067 5217 ipsum

581 5214 912 5283 'l'ransierat,
946 5219 1091 5282 fama
1121 5215 1405 5283 probitatis
1437 5216 1624 5282 ubique
1648 5218 1905 5283 probatw.

577 5282 783 5338 Castris
811 5300 928 5338 cum
958 5282 1143 5352 paucis
1180 5284 1478 5336 melioribus
1502 5286 1610 5349 ipse
1648 5282 1922 5342 remansit.

575 5353 776 5424 blattas
801 5355 1082 5408 Persarum
1117 5352 1335 5420 populus
1361 5369 1480 5406 cum
1511 5370 1624 5422 rege
1652 5367 1858 5424 repente

577 5422 741 5478 Illum
761 5425 1040 5487 conclusit,
1071 5427 1398 5492 disrumpere
1428 5434 1604 5478 castra
1637 5422 1927 5490 laborans;

579 5493 776 5564 l’rtelia
806 5493 1134 5564 committunt
1166 5494 1441 5552 immania.
1473 5493 1598 5546 dum
1626 5497 1895 5564 capiendis

576 5561 796 5634 Imperii
826 5563 1016 5615 castris
1047 5564 1274 5634 inltiaut,
1309 5565 1476 5632 primo
1499 5576 1654 5634 atque
1687 5561 1912 5620 sectmdo

575 5633 792 5698 L‘epulsi
826 5636 1011 5686 cedunt
1053 5633 1207 5687 bello.
1246 5632 1512 5688 l’udentia
1538 5632 1747 5688 tandem

2251 4099 2426 4170 Anxia
2449 4097 2673 4154 Romani
2689 4103 2968 4170 desperans
2997 4110 3180 4156 castra
3215 4101 3370 4162 tueri,

2254 4169 2429 4234 Quam
2461 4170 2560 4224 sibi
2595 4174 2713 4239 plus
2749 4173 3020 4235 hominum
3068 4174 3188 4227 siue
3223 4171 3460 4225 studiosa
3499 4181 3736 4239 suorum,

2255 4241 2396 4312 Quos
2426 4238 2656 4310 graviter
2682 4243 2843 4310 fessos
2870 4241 3103 4312 belloque
3133 4245 3371 4311 fameque
3394 4238 3618 4301 uidebat,

2106 4335 2152 4390 ο
2251 4309 2498 4390 Era’cipit
2531 4320 2592 4390 ut.
2610 4309 2866 4390 quidquid
2900 4309 3090 4367 castris
3121 4309 3293 4390 inerat
3320 4311 3632 4371 solidorum,

2252 4379 2435 4434 Omnis
2465 4379 2679 4435 vestitus
2700 4379 2959 4448 pretiosus
2994 4392 3042 4434 et
3074 4383 3251 4436 omnia
3281 4397 3405 4435 vasa

2243 4451 2382 4521 {iuri
2403 4461 2494 4503 aut
2531 4453 2758 4521 argenti
2764 4454 2955 4505 castris
2986 4452 3280 4521 spargenda
3309 4450 3548 4518 ferantur
3574 4465 3594 4504 .'

2244 4517 2313 4590 lli
2338 4520 2384 4572 si
2407 4517 2683 4590 contigerit
2719 4519 2903 4576 Turcis
2928 4517 3217 4587 irrumpere
3242 4517 3439 4590 castra,

2243 4587 2446 4659 {lorum
2474 4585 2747 4659 prospectu
2777 4593 3032 4645 desistant
3073 4585 3262 4643 la'dere
3297 4585 3527 4659 Gra'cos.

2243 4655 2423 4728 lrwita
2451 4655 2685 4728 profugis
2725 4663 2941 4714 collecta
2962 4659 3180 4728 pecunia
3203 4658 3338 4712 servi

2243 4727 2554 4784 Insomnem’
2569 4727 2740 4784 Danai
2762 4741 3022 4798 coguntur
3042 4729 3230 4781 ducere
3245 4797 3249 4798 ί
3262 4735 3484 4798 noctem.

2242 4799 2560 4854 Adveniente
2581 4803 2687 4865 die,
2715 4796 2850 4854 venit
2883 4797 3278 4852 innumerabilis
3305 4796 3394 4849 ille

2247 4865 2527 4939 Persarum
2559 4872 2780 4939 populus
2803 4909 2818 4935 ,
2851 4866 3195 4939 circumdatis
3221 4865 3447 4936 undique
3493 4875 3670 4922 castra
3709 4879 3731 4922 :

2244 4936 2483 5008 Undique
2511 4935 2842 5002 tela-volant,
2876 4935 3221 4991 circumdedit
3255 4953 3377 5008 aera
3411 4947 3572 4991 totum

2243 5007 2458 5078 Grande
2490 5013 2831 5078 sagittarum,
2864 5023 2975 5078 non
2998 5008 3134 5074 ferre
3153 5007 3442 5078 valentibus
3465 5008 3644 5078 Argis,

2243 5076 2758 5146 Irrumpunt'Turci,
2792 5077 3012 5130 munitio
3051 5077 3310 5146 rumpitur
3335 5094 3527 5142 omnis,

2238 5147 2340 5202 Sed
2374 5145 2547 5214 plures
2577 5153 2789 5216 pra'dre,
2814 5163 2972 5215 quam
2994 5145 3250 5199 militibus
3281 5147 3554 5216 feriendis,

2241 5219 2438 5272 Intenti
2468 5216 2646 5271 Persic
2671 5217 2872 5285 faciunt
2893 5217 3108 5269 evadere
3140 5219 3351 5272 multos.

2241 5287 2464 5341 Iudiciis
2518 5288 2709 5357 aquilae
2751 5287 2907 5356 (quod
2942 5285 3059 5354 plus
3095 5285 3254 5338 dabat
3293 5290 3534 5344 oumibus
3561 5287 3729 5344 armis

2243 5361 2418 5411 Aurea
2447 5361 2784 5424 conspicuum
2814 5357 2992 5410 lorica:
3023 5357 3208 5408 innixa
3240 5361 3481 5427 nitorem)

2243 5427 2548 5482 Crtecorunt
2584 5428 2824 5480 dominus
2859 5428 3217 5496 cognoscitur,
3248 5445 3367 5484 ense
3392 5429 3622 5483 recidens

2244 5496 2478 5566 Hostiles
2502 5500 2707 5559 hastas,
2728 5513 2887 5566 neque
2907 5513 2961 5550 se
2983 5497 3258 5564 defeat-iere
3287 5517 3514 5555 cessans.

2242 5565 2404 5637 [forte
2426 5571 2624 5637 sagitta
2655 5565 2830 5622 rolans
2865 5570 3067 5620 incauti
3092 5569 3296 5621 sauciat
3324 5584 3470 5622 artus
3497 5584 3517 5620 .'

2239 5636 2331 5692 Sic
2362 5636 2574 5692 tandem
2603 5639 2812 5708 capitur
2839 5638 3068 5708 quadam
3102 5654 3219 5690 cum
3239 5650 3388 5707 parte
3415 5655 3653 5694 suorum.
