4088 6208
271 315 344 379 73
1488 298 1867 364 HISTORIA

1969 299 2035 360 ’Μ
2076 298 2222 360 LIB.
2260 298 2308 358 Ι.
3449 301 3521 366 74

277 443 459 491 νασιν,
482 424 532 478 οἱ
560 422 617 477 δὲ
652 419 1009 492 διεσώθησαν.
1041 416 1222 472 Ἐἀλω
1257 415 1316 470 δὲ
1344 416 1439 471 καὶ
1467 414 1530 469 τό
1571 431 1632 468 τι
1668 430 1846 486 ,στραι-

1969 427 2071 482 ςσηι
2117 412 2320 477 vertit;
2365 411 2537 466 donec
2574 408 2868 467 conclusus
2913 408 3151 480 undique
3193 410 3523 472 addensante

270 516 500 573 τόπεδον
539 514 683 568 ἅπαν
703 511 800 567 καλ⁵
828 514 862 581 ἡ
895 507 1073 581 σκηνὴ
1107 510 1140 578 ἠ
1175 506 1450 578 βασιλείος
1475 504 1572 558 καλ⁵
1608 504 1678 557 τά
1708 502 1846 573 χρή.

276 626 428 681 ματα
456 609 549 660 καὶ
584 606 695 659 τῶν
756 602 1053 675 βασιλικῶν
1084 599 1430 670 παρασήμων
1468 595 1539 650 τὰ
1561 594 1845 659 κάλλιστα,

270 706 331 756 ἐν
358 697 439 765 οἷς
472 700 564 753 καὶ
592 700 621 752 ό
650 695 1090 767 πολυθρύλλητος
1152 692 1438 764 μάργαρος
1470 684 1559 760 ἦν,
1587 687 1646 741 ὃν
1671 687 1845 757 ὀρφαο

271 794 363 846 νὺν
402 788 817 863 κατωνόμαζον.
851 786 913 838 Οί
945 784 990 838 δ’
1018 787 1083 838 ὲκ
1110 783 1207 851 τῆς
1255 781 1436 851 μάχης
1485 777 1847 840 διασωθέντες

270 883 425 943 ἄλλος
455 879 688 949 ἀλλαχοῦ
723 876 1101 948 διεσπάρησαν
1151 874 1251 945 τὴν
1285 873 1421 928 ίδίαν
1454 872 1705 942 ⁸ἕκαστος
1740 886 1844 923 κα-

269 972 529 1026 ταλαϐεῖν
567 969 914 1032 σπεύδοντες.

1952 519 2073 560 sese
2134 504 2484 558 multitudine
2528 503 2761 557 hostium
2814 502 2869 557 in
2914 516 3078 557 manu
3124 503 3521 559 vulneraretur.

1953 595 2090 651 Tum
2138 597 2354 666 agnitus
2396 595 2519 665 quis
2568 604 2734 658 esset,
2785 594 3089 666 maiorique
3138 594 3260 651 ideo
3313 596 3522 651 circum

1952 686 2235 748 obsessus,
2291 694 2455 755 atque
2511 685 2661 739 omni
2713 685 2877 739 simul
2925 701 2990 739 ex
3049 698 3202 755 parte
3252 686 3522 756 appetitus

1952 777 2161 847 impetu
2188 815 2204 840 ,
2242 777 2476 846 primum
2513 776 2763 845 dejicitur
2802 777 2857 830 in
2890 786 3090 832 terram
3120 818 3135 841 ,
3171 792 3312 847 equo
3352 778 3524 848 ipsius

1946 869 2143 937 sagitta
2171 880 2454 936 percusso,
2481 882 2544 921 ac
2572 881 2843 923 sessorem
2872 867 2924 920 in
2956 882 3304 921 communem
3338 883 3522 923 secum

1946 957 2162 1011 ruinam
2201 959 2469 1023 trahente,
2502 957 2696 1011 deinde
2729 956 2887 1012 facile
2918 956 3030 1027 jam
3062 966 3254 1027 captus
3285 956 3527 1027 impera-

272 1073 359 1116 tor
399 1062 725 1127 vinctusque
755 1059 820 1112 ad
851 1057 1131 1112 sultanum
1163 1053 1362 1109 ductus
1384 1058 1488 1116 est,
1543 1049 1727 1105 divina
1776 1045 2125 1101 Providentia
2193 1045 2419 1099 occultis
2452 1046 2519 1099 de
2574 1045 2756 1100 causis
2792 1054 2898 1099 tam
2931 1046 3272 1116 inopinatum
3304 1055 3527 1117 tamque

271 1152 532 1206 acerbum
618 1150 963 1218 permittente
1003 1159 1213 1199 casum.
1262 1142 1433 1213 Capta
1483 1154 1704 1212 quoque
1760 1151 1887 1208 pars
1921 1152 2115 1207 magna
2164 1144 2248 1191 est
2285 1136 2490 1191 (lucum
2555 1136 2785 1191 aliorum
2815 1175 2831 1202 ,
2865 1139 3078 1193 caeteris
3117 1149 3211 1193 aut
3245 1140 3402 1195 casis
3432 1146 3528 1194 aut

274 1247 403 1315 fuga
436 1243 685 1297 servatis.
727 1240 916 1295 Castra
960 1237 1121 1292 etiam
1164 1234 1422 1290 universa
1488 1243 1542 1289 et
1570 1235 1750 1303 ipsum
1810 1228 2105 1298 Augustale
2151 1229 2507 1299 pecuniaeque
2549 1239 2603 1282 ct
2686 1229 2982 1299 insignium
3050 1231 3526 1301 imperatoriorum

273 1340 686 1414 speciosissima
730 1349 996 1406 qumque;
1054 1332 1109 1385 in
1154 1329 1355 1399 quibus
1400 1337 1456 1383 et
1496 1327 1850 1398 margaritum
1885 1320 2150 1396 ﬁillud
2209 1323 2557 1376 decantatum
2587 1322 2705 1385 fuit,
2735 1322 2884 1391 quod
2941 1324 3529 1393 orphanumnomiua'

350 1408 361 1431 1

274 1413 431 1491 ιιοιιι.
468 1430 570 1499 Qui
609 1443 734 1485 vero
769 1426 912 1483 cladi
948 1422 1307 1495 superfuere,
1341 1421 1449 1478 alio
1483 1420 1575 1474 alii
1614 1418 1847 1489 dispersi
1889 1425 2019 1473 sunt
2047 1415 2271 1470 domum
2302 1429 2399 1484 pro
2439 1428 2498 1468 se
2525 1414 2760 1483 quisque
2795 1413 3138 1471 festinantes.

346 1619 440 1684 ιη’.
492 1612 567 1665 Οὐ
611 1607 801 1663 πολλαὶ
831 1608 876 1660 δ’
910 1605 1117 1678 ἡμέραι
1150 1601 1533 1672 διεληλύθεσαν
1555 1641 1569 1663 ,
1605 1601 1699 1688 καί
1737 1597 1848 1651 τῶν

271 1704 605 1777 διαδράντων
636 1702 729 1754 τὸν
775 1698 1012 1768 πόλεμον
1057 1694 1287 1764 ἄγγελός
1332 1709 1419 1757 τις
1462 1690 1748 1763 προλαϐὼν
1790 1691 1849 1743 τὸ

271 1798 447 1853 δεινὸν
487 1798 545 1848 ὲν
576 1797 643 1867 τῇ
678 1792 830 1845 πόλει
864 1789 1197 1861 ἀπήγγελλε,
1239 1788 1333 1841 καὶ
1365 1785 1521 1847 αὖθις
1556 1784 1714 1848 ἄλλος
1757 1784 1852 1836 καὶ

273 1890 362 1941 ἐπὶ
409 1885 623 1949 τούτοις
663 1882 844 1956 τρίτος
878 1881 972 1935 καὶ
1010 1881 1269 1948 τέταρτος
1294 1916 1310 1942 ,
1356 1875 1525 1946 σαφὲς
1570 1875 1667 1945 μὲν
1705 1874 1854 1927 οὐδὲν

277 1979 647 2049 ἀπαγγέλλειν
676 1975 913 2047 ἔχοντες,
962 1970 1095 2024 αὐτὸ
1133 1969 1189 2022 δὲ
1232 1970 1392 2038 μόνον
1428 1966 1488 2018 τὸ
1526 1965 1701 2018 δεινὸν
1766 1965 1856 2029 eg-

279 2070 575 2143 ηγούμενοι
608 2065 703 2119 καὶ
745 2063 901 2125 ἄλλος
929 2060 1103 2123 ἄλλως
1136 2056 1580 2127 διερμηνεύοντες
1607 2070 1621 2084 ’
1663 2054 1712 2106 ei
1762 2054 1859 2123 μὲν

276 2164 391 2235 γὰρ
426 2159 591 2216 αὐτὸν
612 2157 705 2210 τὸν
739 2152 967 2228 βασιλέα
998 2150 1320 2221 τεθνηκέναι
1373 2144 1770 2217 κατήγγελλον,
1809 2144 1861 2197 of.

277 2256 334 2310 δὲ
382 2249 720 2312 ἑαλωκέναι,
767 2247 816 2299 οί
866 2244 923 2298 δὲ
971 2244 1314 2313 τετρωμένον
1362 2238 1554 2292 τοῦτον
1593 2237 1719 2289 ἰδεῖν
1766 2237 1860 2288 καὶ

280 2345 423 2400 κατά
452 2342 554 2412 γῆς
587 2336 944 2412 ἐρριμμένον,
975 2333 1025 2386 οἱ
1060 2333 1116 2385 δὲ
1148 2332 1367 2401 δέσμιον
1396 2327 1746 2397 ἀπαγόμενον
1782 2327 1862 2388 εἰς

279 2435 343 2490 τδ
379 2434 487 2487 τῶν
522 2430 779 2485 ἐναντίων
820 2422 1203 2497 στρατόπεδον.
1238 2420 1367 2473 Ἐπὶ
1411 2417 1737 2489 συμϐούλοις
1767 2412 1860 2468 οὖν

282 2530 351 2599 τῇ
391 2524 617 2597 βασιλίδι
649 2522 716 2576 τά
746 2519 1077 2590 πράγματα,
1110 2513 1204 2568 καὶ
1225 2515 1252 2567 ὀ
1279 2514 1497 2582 Καίσαρ
1525 2509 1688 2573 εὐθὺς
1729 2526 1860 2578 μετα

282 2618 549 2687 εκέκλητο
586 2614 714 2685 περὶ
762 2611 1015 2665 Βιθυνίαν
1044 2608 1245 2675 διάγων
1286 2604 1384 2658 καὶ
1425 2603 1703 2672 σχολάζων
1731 2618 1861 2653 κυν-

285 2706 531 2778 ηγεσίοις
601 2702 690 2756 διὰ
729 2700 790 2754 τὸ
834 2698 1075 2752 ὕποπτον
1115 2690 1254 2748 εἶναι
1292 2692 1370 2764 τῷ
1411 2691 1641 2763 βασιλεῖ.
1677 2690 1861 2759 Μήπω

285 2798 344 2852 δὲ
378 2795 568 2850 τούτου
603 2790 1005 2853 καταλαϐόντος
1059 2789 1092 2858 ἡ
1135 2784 1343 2858 βασιλὶς
1375 2781 1617 2854 διηρώτα
1640 2781 1692 2833 τί
1733 2796 1863 2833 ’ποτε

287 2890 396 2960 ἄρα
436 2886 541 2959 χρὴ
574 2884 855 2957 πράττειν.
908 2877 1128 2944 "necem
1168 2876 1261 2931 οὖν
1306 2877 1471 2929 πᾶσιν
1516 2874 1722 2925 ἐκεῖνον
1765 2871 1865 2941 μὲν

288 2982 425 3042 τέως
459 2980 617 3033 ἐᾶσαι
639 2977 749 3030 εἴτε
790 2973 954 3040 ἑάλω,
990 2972 1099 3025 εἴτε
1129 2969 1425 3037 τέθνηκεν,
1466 2966 1632 3035 ἑαυτῇ
1682 2963 1739 3015 δὲ
1774 2962 1865 3016 καὶ

287 3074 401 3134 τοῖς
433 3071 591 3124 παισὶ
635 3066 1002 3138 κρατύνεσθαι
1064 3062 1162 3133 τὴν
1205 3058 1400 3130 ἀρχήν.
1436 3059 1560 3113 Ἔτι
1617 3057 1674 3108 δὲ
1707 3072 1867 3125 μετε-

2030 1595 2116 1648 18.
2153 1592 2271 1648 Non
2306 1593 2460 1648 inniti
2497 1592 2614 1649 dies
2647 1592 2773 1648 inde
2805 1593 3107 1659 tinxerant,
3138 1612 3260 1651 cum
3313 1613 3523 1665 eorum,

1959 1690 2049 1760 qui
2082 1706 2144 1744 ex
2179 1690 2366 1759 praelia
2395 1689 2683 1759 fugerant,
2730 1705 2875 1745 unus
2921 1691 3121 1762 aliquis
3148 1690 3531 1749 Constantino-

1886 1818 1927 1872 Β
1959 1784 2123 1854 polim
2156 1783 2417 1852 perlatus,
2459 1782 2640 1838 acerbi
2677 1784 2853 1838 nuntii
2883 1785 3094 1854 primus
3138 1798 3329 1841 auctor
3369 1788 3528 1843 fidem

1956 1874 2044 1926 vix
2079 1871 2241 1939 fecit,
2269 1872 2696 1942 quainsuhinde
2721 1872 2859 1927 alter
2891 1874 3191 1945 tertiusque
3219 1886 3269 1929 cl
3302 1884 3532 1946 quartus

1959 1973 2209 2019 astruere
2256 1971 2635 2032 perrexerunt.
2686 1961 2892 2017 ﬂorum
2942 1967 3089 2018 varia
3137 1965 3395 2034 quidem.
3432 1981 3533 2022 nec

1959 2054 2226 2122 explicata
2255 2061 2372 2106 erat
2401 2054 2579 2105 oratio
2600 2091 2615 2108 .
2647 2067 2769 2122 quas
2796 2054 3029 2123 quisque
3060 2054 3270 2110 diversa
3302 2055 3531 2122 viderat,

1961 2153 2319 2213 senseratque
2354 2142 2608 2197 videlicet
2637 2142 3013 2207 referentium,
3045 2152 3099 2197 et
3141 2145 3194 2196 in
3245 2159 3354 2197 uno
3400 2159 3537 2200 con-

1962 2238 2296 2293 venientium
2331 2236 2531 2291 indicio
2568 2250 2777 2307 magnae
2806 2246 3041 2307 accepta:
3071 2236 3261 2304 eladis,
3298 2236 3391 2291 sed
3423 2237 3537 2292 sin-

1962 2334 2211 2404 gulorum
2267 2332 2411 2387 dicta
2466 2330 2878 2386 conferentibus
2930 2331 3202 2387 allucebat
3255 2332 3535 2389 infortunii

1961 2425 2155 2490 series,
2187 2438 2356 2492 seque
2390 2423 2654 2477 relatores
2703 2421 2902 2477 diversi
2951 2432 3138 2477 mutuo
3171 2423 3534 2492 interpretari,

1962 2530 2062 2570 nec
2088 2530 2230 2585 aegre
2267 2516 2318 2567 in
2351 2528 2513 2567 unam
2543 2512 2867 2568 concordem
2904 2515 3224 2582 conspirare
3268 2519 3537 2571 narratio-

1963 2623 2087 2661 nem
2113 2607 2434 2660 \idcbantur
2458 2623 2471 2658 :
2501 2602 2630 2659 dum
2666 2602 2806 2659 alius
2834 2606 3066 2675 exempli
3101 2620 3263 2662 (ausa
3292 2610 3538 2664 nrcisunt

1964 2699 2347 2767 imperatorem
2380 2696 2580 2760 aiebat,
2617 2697 2758 2751 alius
2788 2706 3028 2765 captum,
3065 2698 3201 2753 alter
3229 2714 3349 2754 sese
3384 2700 3537 2755 illum

1965 2790 2167 2844 vidisse
2192 2789 2536 2843 vulneratum
2587 2787 2864 2858 bumoque
2910 2788 3201 2858 abiectum.
3256 2789 3540 2847 Postremo

1966 2881 2056 2936 alii
2090 2880 2305 2934 oetllato
2336 2878 2648 2934 testimonio
2674 2878 3017 2935 alhrmahant
3048 2895 3233 2935 coram
3267 2895 3543 2951 spectasse

1969 2978 2269 3042 praesentes
2296 2985 2418 3025 sese
2444 2986 2569 3025 cum
2601 2970 2897 3040 imperator
2924 2971 2977 3025 in
3007 2982 3186 3027 castra
3216 2973 3449 3028 hostium
3473 2976 3542 3029 ab

1971 3063 2102 3131 ipsis
2127 3061 2428 3117 victoribus
2461 3061 2843 3117 abduceretur.
2878 3061 3108 3118 Gravem
3146 3064 3259 3119 luet:
3309 3066 3542 3135 imperat

289 3162 433 3233 ὠρου
455 3163 601 3224 ὄντος
620 3160 713 3214 τοῦ
736 3159 1060 3230 πράγματος
1080 3156 1289 3223 γίνεται
1315 3150 1568 3213 κοινωνὸς
1589 3151 1863 3219 ὁΚαίσαρ.

1972 3154 2091 3209 trici
2175 3155 2418 3210 obtulere
2488 3154 2837 3210 consultandi
2914 3169 3162 3210 causam.
3234 3157 3544 3213 Arcessitur

305 3251 365 3309 '0
388 3255 445 3308 δὲ
473 3253 574 3325 τήν
597 3269 655 3305 τε
685 3249 1079 3320 κοινοπραγίαν
1106 3244 1432 3309 ἀσπάζεται,
1462 3241 1556 3295 καὶ
1580 3240 1867 3311 συμπράτ-

291 3361 407 3398 τειν
435 3343 722 3415 ἀμφότερα
750 3341 851 3395 ὅσα
880 3342 948 3411 τῇ
979 3337 1228 3408 βασιλείᾳ
1264 3336 1534 3407 προσήκει
1564 3334 1868 3404 πράγματα

295 3436 396 3508 τήν
415 3453 475 3489 τε
508 3436 723 3507 μητέρα
761 3434 857 3488 καὶ
898 3432 989 3484 τὸν
1024 3428 1399 3501 πρεσϐύτερον
1439 3426 1546 3479 τῶν
1575 3425 1705 3478 υἱῶν
1735 3425 1871 3478 ἀπο-

296 3528 569 3596 φαίνεται,
601 3526 698 3580 κα.)⁵
720 3526 812 3579 τὸν
851 3523 951 3595 μὲν
983 3522 1057 3585 ὡς
1087 3521 1354 3575 τεκοῦσαν
1386 3517 1734 3581 σεϐἀζεσθαι,
1770 3516 1871 3585 τὴν

294 3618 353 3671 δὲ
395 3617 582 3686 κοινὴν
621 3616 757 3686 με.τά
794 3614 889 3667 τοῦ
930 3613 1119 3676 παιδὸς
1160 3614 1261 3682 τὴν
1289 3611 1398 3664 τῶν
1430 3610 1570 3665 ὅλων
1599 3608 1873 3662 ποιεῖσθαι

294 3706 643 3776 οἰκονομίαν.
670 3703 826 3757 Οὕτω
856 3702 958 3774 μὲν
983 3704 1075 3758 καὶ
1098 3701 1176 3772 τῷ
1203 3702 1411 3772 βασιλεῖ
1436 3700 1649 3773 Μιχαὴλ
1672 3700 1866 3764 ἐδόκει,

299 3798 401 3853 καὶ
447 3795 753 3862 ξυνετίθετο
790 3796 867 3866 τῷ
901 3792 997 3848 τοῦ
1044 3794 1189 3848 θείου
1236 3794 1442 3865 σκοπῷ.
1494 3794 1632 3846 Ἀλλ’
1675 3795 1724 3846 οἱ
1762 3792 1872 3845 τῶν

299 3887 501 3942 κοινῶν
527 3888 885 3957 κατατρυφᾷν
913 3887 1257 3957 πραγμάτων
1286 3883 1600 3956 βουλόμενοι
1630 3883 1727 3936 καὶ
1752 3884 1880 3953 κέρ-

303 3974 423 4039 δους
457 3974 620 4028 ἕνεκα
654 3974 749 4030 τοῦ
786 3974 1050 4047 σφετέρου
1081 3976 1148 4028 τὰ
1195 3976 1323 4045 περὶ
1353 3974 1453 4044 τὴν
1495 3972 1670 4043 ἀρχὴν
1702 3988 1880 4042 πραγ-

307 4067 657 4137 ματεύεσθαι,
691 4068 792 4137 τὴν
835 4065 934 4137 μὲν
971 4068 1050 4128 εἰς
1079 4069 1378 4137 μοναρχίαν
1410 4065 1683 4136 ⁴ηριέθιζον,
1714 4066 1804 4117 τὸν
1833 4064 1877 4117 δ’

306 4160 544 4222 ὁπλίζειν
575 4158 832 4211 ἔσπευδον
860 4159 1002 4212 κατά
1028 4159 1126 4231 τῆς
1161 4160 1388 4230 μητρός.

1969 3246 2242 3316 extemplo
2285 3262 2314 3301 e
2363 3245 2614 3317 Bithynia
2644 3246 2848 3311 Caasar,
2907 3247 3050 3317 quod
3099 3247 3412 3316 imperatori
3445 3266 3543 3305 su-

1971 3347 2188 3408 spectus
2219 3348 2384 3404 esset,
2413 3339 2797 3394 venationibus
2827 3338 2939 3394 illic
2964 3338 3272 3408 indulgens,
3297 3342 3388 3410 qui
3414 3341 3544 3395 dum

1971 3441 2054 3486 est
2084 3431 2263 3485 adhuc
2308 3429 2363 3484 in
2418 3422 2631 3491 itinere,
2663 3428 2730 3484 ad
2766 3429 2954 3484 urbem
2978 3429 3221 3499 Augusta
3247 3440 3547 3486 convectito

1976 3528 2122 3572 ct‘etu
2174 3530 2462 3587 procerum
2517 3515 2798 3585 quaerebat
2851 3516 2982 3584 quid
3028 3531 3167 3586 opus
3206 3515 3351 3571 facto
3378 3525 3557 3574 esset..

1974 3596 2230 3664 t).nnium
2262 3622 2493 3663 concors
2521 3605 2626 3661 fuit
2658 3608 2949 3670 sententia.
2974 3607 3229 3663 minusin
3258 3609 3550 3679 prtesentia

1976 3702 2148 3756 videri
2197 3701 2264 3755 de
2311 3701 2638 3772 imperatore
2670 3702 3046 3773 satagcndum,
3077 3716 3177 3757 nec
3205 3700 3368 3757 anxie
3396 3702 3553 3757 inve-

1980 3793 2291 3863 stigandum
2319 3803 2641 3849 mortuusne
2669 3794 2714 3849 is
2752 3801 2895 3850 esset
2924 3809 2993 3848 an
3022 3804 3232 3849 tantmn
3265 3792 3548 3866 captivus:

1978 3886 2108 3940 illud
2158 3885 2458 3941 curandum
2509 3887 2670 3943 unice
2718 3902 2783 3943 ac
2833 3887 3068 3943 sollicite
3119 3888 3392 3960 agendum
3433 3887 3550 3941 Att-

1977 3988 2166 4046 gustan,
2199 3986 2258 4032 ut
2292 3979 2392 4033 sibi
2425 3979 2659 4048 filiisque
2687 3994 2849 4048 quam
2884 3980 3088 4049 optime
3131 3978 3423 4049 imperium
3453 3976 3553 4032 fir-

1978 4080 2170 4123 maret.
2234 4067 2346 4123 liae
2397 4070 2577 4125 adhuc
2626 4070 2897 4140 pendente
2952 4070 3348 4125 deliberatione
3400 4069 3556 4125 adest

1977 4159 2182 4225 Caesar,
2205 4169 2255 4214 et
2291 4161 2419 4228 quid
2453 4161 2653 4215 sentiat
2681 4171 2924 4231 rogatus,
2950 4161 3239 4215 consilium
3266 4160 3551 4216 asscrendi

309 4254 671 4306 communiter
698 4252 857 4306 matri
883 4251 1102 4321 ﬁlioque
1131 4253 1470 4322 principatus
1536 4250 1917 4306 incunctanter
1956 4252 2172 4319 laudat,
2239 4267 2675 4324 magnopercque
2707 4263 2898 4308 auctor
2922 4264 3037 4319 est,
3072 4265 3130 4308 ut
3160 4254 3396 4310 Eudocia
3428 4270 3568 4309 cun"

311 4343 569 4397 Micltaele
593 4344 957 4413 primogenito
985 4344 1240 4412 princeps
1270 4344 1686 4407 acclamaretur,
1719 4344 1792 4397 ita
1822 4352 1879 4404 ut
1915 4342 2143 4399 Michael
2188 4343 2408 4413 quidem
2467 4354 2746 4413 parentem
2814 4360 2969 4399 suam
2996 4346 3293 4417 Augustam
3324 4346 3435 4420 ω
3461 4330 3559 4415 ap-

314 4440 495 4511 pellet.
533 4436 651 4507 Ipsa
686 4452 816 4492 vero
857 4436 1135 4490 communi
1186 4451 1349 4506 opera
1416 4436 1760 4506 consilioque
1790 4453 1915 4492 emn
1993 4439 2103 4492 filio
2149 4452 2264 4491 rem
2317 4438 2586 4506 publicam
2636 4437 2997 4492 administret.
3047 4438 3330 4508 Acquicvit
3376 4441 3558 4509 patrui

313 4533 541 4587 consilio
571 4532 820 4597 Michael,
885 4545 1079 4600 resque
1130 4531 1184 4583 in
1254 4546 1376 4584 eam
1428 4532 1693 4588 rationem
1761 4532 2062 4602 composita
2103 4541 2207 4595 est,
2281 4531 2652 4601 qnamtutnvis
2697 4531 3053 4586 obturbarent
3102 4541 3343 4601 quaestus
3391 4547 3561 4589 causa

316 4627 541 4696 proprii,
601 4625 695 4695 qui
754 4623 1028 4679 fortunam
1095 4623 1367 4693 publicam
1428 4626 1493 4679 ad
1552 4626 1885 4694 privatorum
1957 4628 2451 4681 cmolumentorum
2521 4627 2769 4685 lucrosos
2799 4640 2931 4680 usus
2979 4623 3226 4679 derivare
3267 4639 3327 4679 se
3374 4639 3565 4696 spera-

320 4723 451 4775 bant
482 4735 664 4789 posse,
698 4718 745 4775 si
782 4727 1022 4789 potestas
1069 4732 1321 4787 suprema
1377 4726 1484 4772 tota
1520 4720 1574 4772 in
1639 4735 1748 4772 uno
1820 4719 2083 4774 resideret
2140 4722 2338 4789 capite.
2370 4718 2573 4774 llnrutn
2614 4721 2763 4774 enim
2815 4719 3039 4790 quidam
3095 4718 3390 4774 Eudociant
3427 4720 3567 4774 inci-

318 4814 502 4867 tabant
546 4812 615 4866 ad
654 4812 941 4883 imperium
991 4810 1093 4866 sibi
1149 4812 1239 4866 uni
1294 4810 1732 4876 vindicandum,
1799 4811 1921 4865 aliis
1960 4828 1990 4867 e
2032 4815 2309 4868 contrario
2348 4813 2661 4867 Michaelcm
2714 4812 2978 4867 adversus
3067 4820 3291 4864 mattcnt
3339 4825 3564 4866 arman-

320 4906 486 4960 tibus.

391 5084 479 5159 [Ρ.
521 5086 615 5160 39]
655 5087 739 5143 ιθ⁹.
790 5088 932 5142 Ἀλλ’
987 5086 1141 5141 οὔπω
1192 5087 1383 5142 τούτου
1432 5092 1867 5145 κατευνασθέντοι

2067 5091 2153 5146 19.
2206 5090 2459 5144 Nondum
2513 5090 2601 5145 hic
2646 5090 2843 5144 ﬂuctus
2901 5085 3194 5150 resederat,
3251 5101 3375 5140 cum
3424 5087 3571 5142 alius

318 5180 413 5232 τοῦ
444 5180 688 5249 κύματος
723 5179 910 5249 ἕτερον
934 5179 1187 5250 ἠγείρετο
1214 5182 1308 5233 καὶ
1336 5182 1635 5251 ἐπωρύετο.
1690 5180 1751 5236 Ὀ
1780 5182 1890 5251 γὰρ

321 5271 547 5341 Περσῶν
579 5271 816 5340 ἀρχηγὸς
859 5270 1048 5341 ἐπειδὴ
1075 5271 1164 5323 τὸν
1204 5270 1432 5340 βασιλέα
1486 5271 1771 5340 Ῥωμαίων
1808 5272 1893 5324 δο-

324 5361 600 5431 ρυάλωτον
647 5360 907 5418 ἐθεάσατο
951 5362 1052 5413 οὐκ
1096 5360 1313 5433 ἐπήρθη
1346 5364 1423 5429 τῷ
1469 5362 1894 5432 κατορθώματι,

326 5451 628 5522 συνεστάλη
662 5452 718 5504 δὲ
756 5451 955 5520 μᾶλλον
996 5453 1074 5523 τῷ
1112 5453 1449 5524 εὐτυχήματι
1484 5455 1577 5507 καὶ
1617 5455 1897 5525 μετριάζει

323 5547 390 5615 τῇ
411 5545 536 5616 νίκῃ
558 5543 813 5597 τοσοῦτον
840 5536 1160 5608 ὃσονόύδεὶς
1179 5545 1457 5615 ἐνενόησε.
1483 5548 1637 5616 Παρα
1648 5546 1899 5615 μυθεῖται

323 5637 417 5689 τὸν
458 5636 762 5702 ἑαλωκότα,
795 5638 1045 5689 κοινωνεὶ
1091 5635 1409 5706 τραπέζης,
1458 5636 1576 5689 λύει
1604 5637 1754 5706 αὐτῷ
1791 5636 1900 5689 τῶν

324 5727 620 5800 δεσμωτῶν
663 5728 757 5792 οὓς
790 5727 1067 5788 ἐϐούλετο,
1102 5726 1411 5778 τελευταῖον
1457 5728 1552 5781 καὶ
1601 5728 1764 5782 αὐτὸν
1802 5728 1901 5798 τῆς

647 5822 920 5883 ΡΑΤιιοι..
966 5823 1082 5883 Gn.
1130 5818 1436 5881 CXXVII.

1995 5181 2316 5236 exaestuat-it
2342 5179 2738 5233 vehementior.
2764 5176 2974 5230 Etenim
2998 5174 3285 5230 POI'Sle’IIIII
3315 5175 3568 5247 princeps

2000 5274 2093 5327 ubi
2124 5273 2495 5325 llomanorum
2525 5271 2907 5340 imperatorem
2933 5269 3203 5338 captivum
3229 5283 3387 5323 suum
3414 5268 3571 5335 vidit,

2000 5374 2215 5419 nonest
2247 5366 2423 5418 elatus
2455 5364 2507 5417 in
2544 5361 2889 5416 insolentiam
2940 5375 3197 5415 successu
3250 5368 3432 5424 tanto,
3474 5361 3572 5415 sed

2004 5458 2160 5527 quasi
2197 5466 2413 5527 tempus
2445 5469 2504 5509 se
2533 5462 2750 5509 nactum
2798 5460 2949 5507 ratus
2981 5453 3194 5507 virtutis
3224 5451 3573 5507 ostendendae

2006 5549 2263 5617 propriae,
2309 5544 2528 5616 quando
2579 5552 2787 5598 tantum
2838 5556 2865 5593 a
2925 5540 3138 5596 fortuna
3199 5542 3573 5604 cxtolleretur,

2001 5633 2338 5688 moderatius
2364 5648 2527 5702 quam
2552 5631 2778 5685 omnino
2799 5633 3086 5701 quisquam
3121 5645 3340 5699 sperare
3370 5632 3579 5699 potuis~

2002 5733 2115 5791 set,
2148 5726 2374 5781 victoria
2411 5740 2546 5779 usus
2589 5731 2692 5782 est.
2739 5723 3067 5781 Cousolatus
3113 5724 3258 5779 enim
3296 5724 3577 5778 humanis-

3225 5814 3264 5873 3
