4088 6208
337 300 403 363 ’Π
691 254 697 258 ’
1540 291 1912 354 HISTORIA

2033 294 2091 354 Μ
2130 294 2277 355 LIB.
2323 292 2373 354 Ι.
3512 300 3582 361 78

332 412 439 484 τὴν
472 409 740 482 βασιλίδος
770 408 1013 482 ἐχώρουν
1056 410 1283 481 σκηνήν.
1339 407 1399 460 Ἦ
1439 407 1496 461 δὲ
1537 407 1630 460 τοῦ
1678 407 1909 477 θορύϐου

2026 407 2423 478 romphtearum
2454 407 2793 477 aliorumque
2820 423 3096 463 armorum
3127 407 3358 465 invicem
3393 411 3461 467 de
3503 416 3590 467 in-

336 504 436 558 καὶ⁵
467 502 569 571 τῆς
620 501 869 572 κραυγῆς
907 500 1209 572 αἰσθομένη
1253 497 1648 569 οὖδὲηκαθεκτὴ
1684 499 1765 551 ἔτι
1805 493 1912 569 ῆν,

335 592 476 647 ἀλλά
511 591 611 661 τῆς
656 592 901 663 κεφαλῆς
934 592 1294 663 περιελομένη
1329 590 1389 644 τὸ
1426 590 1692 660 κάλυμμα
1737 589 1829 643 έπί
1859 607 1914 643 τι

332 682 544 753 οἴκημα
576 682 767 736 ἄδυτον
793 683 1031 759 ἐμφερὲς
1064 682 1313 754 σπηλαίῳ
1340 678 1585 752 ἐξώρμα.
1610 682 1722 736 Καὶ
1753 683 1787 752 ὴ
1815 682 1914 751 μὲν

334 773 579 827 ἐδεδύκει
604 773 683 842 τῷ
722 773 914 844 φωλεῷ
935 815 950 838 ,
985 776 1035 828 οἱ
1070 773 1127 827 δὲ
1160 773 1645 845 περιειστήκεισαν
1691 773 1752 826 τὸ
1783 774 1915 832 ,στόε

337 883 462 937 μιον
484 864 845 929 ἀλαλάζοντες
872 866 968 920 καὶ
996 865 1161 935 φόϐον
1190 865 1448 935 μέγιστον
1479 865 1621 935 αὐτῇ
1648 864 1916 917 ἐπισείον-

331 970 447 1018 τες.
483 955 596 1007 Καὶ
626 953 827 1026 μικροῦ
854 957 920 1010 ἃν
942 956 1244 1025 ἐτεθνήκει,
1275 957 1325 1008 εί
1353 956 1431 1026 μὴ
1451 956 1713 1026 ὁΚαῖσαρ
1733 955 1915 1018 εἰσδὺς

332 1046 396 1099 τὸ
421 1046 559 1100 πολὺ
586 1044 681 1100 τοῦ
704 1046 873 1115 φόϐου
894 1047 1032 1119 αὐτῇ
1052 1046 1358 1103 διελύσατο.
1386 1046 1755 1100 Ξυνεόούλευε
1783 1046 1914 1115 γοῦν

333 1137 558 1193 ἀπιέναι
583 1138 691 1190 τῶν
715 1139 1033 1211 ἀνακτόρων
1062 1137 1252 1209 αὐτὴν,
1296 1138 1373 1208 μὴ
1403 1140 1500 1192 καὶ
1533 1139 1680 1209 πάθη
1716 1156 1771 1193 τι
1808 1138 1916 1193 τῶν

333 1226 657 1298 ἀνηκέστων
708 1229 845 1299 πρὸς
877 1230 984 1283 τῶν
1020 1229 1299 1297 φυλάκων.
1355 1229 1421 1282 Ἡ
1474 1230 1532 1283 δὲ
1574 1231 1824 1284 ἐπείθετό
1855 1246 1917 1283 τε

336 1319 434 1371 καὶ
468 1318 661 1389 κατῄει
706 1319 781 1382 ὡς
808 1321 902 1372 ἐπὶ
952 1319 1252 1387 θάλασσαν,
1299 1320 1394 1375 καὶ
1424 1322 1505 1385 είς
1537 1321 1630 1375 τὸν
1662 1323 1917 1392 δρόμωνα

335 1406 431 1468 τὸν
481 1407 759 1479 βασιλικὸν
802 1409 1122 1463 εἰσελθοῦσα
1159 1411 1328 1483 ἀπῄει
1367 1407 1704 1466 ἔνθαόίκείν
1750 1428 1919 1466 κατα-

335 1497 586 1567 κέκριτο,
621 1501 702 1563 είς
733 1500 871 1571 ὅπερ
902 1499 1042 1571 αὕτη
1085 1501 1293 1576 δηλαδὴ
1321 1502 1416 1557 τοῦ
1450 1504 1648 1557 Στενοῦ
1680 1503 1817 1573 πρὸς
1848 1506 1913 1575 τῇ

336 1584 587 1662 θαλάσσῃ
613 1592 841 1660 τέμενος
874 1594 940 1662 τῇ
970 1591 1226 1665 Θεοτόκῳ
1281 1593 1556 1666 ἱδρύσατο.
1609 1593 1779 1649 Οὔπω
1818 1612 1916 1648 aa-

335 1682 463 1751 xv’»;
517 1682 804 1754 παρερρόη
848 1684 1071 1754 καιρὸς,
1121 1686 1215 1739 κα)⁸
1262 1685 1516 1757 δεύτερον
1575 1686 1697 1741 κατ’
1746 1686 1917 1756 αὐτῆς

2018 497 2231 555 dustria
2276 499 2594 555 collisorum
2642 500 2878 555 tet-tilica
2912 500 3200 555 miscentes
3233 500 3301 554 ad
3335 502 3591 571 Augustae

2019 588 2427 646 tabernaculum
2455 605 2515 645 se
2543 589 2852 646 conferunt.
2881 589 2975 645 Illa
2990 592 3222 646 tumultu
3253 593 3595 663 strepituque

2019 681 2205 735 audito
2252 681 2644 736 incredibiliter
2696 692 3046 736 consternata
3094 691 3213 748 est,
3268 698 3367 738 nec
3420 688 3592 739 teneri

2018 772 2195 841 potuit
2240 773 2370 842 quin
2419 774 2655 843 tegmine
2703 774 2896 843 capitis
2930 775 3174 829 detracto
3209 776 3263 829 in
3292 775 3589 831 obscurum

2018 864 2362 934 gurgustium
2416 865 2690 932 spelunca:
2747 881 2855 918 non
2911 865 3159 921 absimil'e
3208 882 3329 923 sese
3379 868 3591 938 trepide

2018 955 2268 1020 abderet,
2303 956 2392 1010 ubi
2420 956 2757 1012 delitescenti
2795 957 2997 1014 milites
3043 958 3355 1016 obsidentes
3382 961 3591 1017 aditum

2020 1047 2122 1102 loci
2167 1047 2373 1102 ululatu
2409 1047 2689 1103 incondito
2742 1059 2955 1104 tantum
3008 1052 3233 1106 terroris
3284 1052 3590 1117 incussere.

2020 1152 2213 1207 parum
2241 1148 2300 1193 ut
2332 1153 2362 1192 a
2393 1148 2567 1193 morte
2590 1154 2657 1194 ex
2693 1149 2839 1194 metu
2883 1138 3052 1194 nimio
3092 1138 3348 1196 abfutura
3381 1142 3593 1198 videre-

2022 1239 2131 1292 tur,
2176 1228 2281 1284 nisi
2323 1228 2508 1284 Caesar
2558 1229 2838 1298 ingressus
2888 1245 3139 1297 magnam
3189 1231 3238 1286 ei
3282 1230 3594 1289 formidinis

2021 1327 2229 1388 partem
2263 1320 2545 1374 demeret:
2582 1324 2676 1389 qui
2704 1320 2752 1373 ei
2787 1330 2980 1374 auctor
3022 1320 3126 1376 fuit
3167 1323 3402 1379 exeundi
3439 1324 3595 1394 pala-

2020 1411 2119 1476 tio,
2157 1425 2226 1465 ne
2270 1409 2394 1476 quid
2442 1410 2701 1465 acerbum
2735 1410 3086 1481 iudignumve
3114 1428 3146 1468 a
3177 1414 3443 1472 militibus
3473 1416 3596 1487 ejus

2021 1503 2342 1558 custodibus
2397 1511 2695 1573 pateretur.
2755 1502 3129 1572 Acquiescens
3184 1505 3307 1575 ejus
3361 1508 3595 1564 consilio

2021 1596 2266 1664 Augusta
2296 1593 2575 1663 descendit
2606 1608 2754 1648 mare
2787 1608 2980 1649 versus
3014 1602 3070 1649 et
3110 1596 3322 1665 regium
3363 1596 3591 1652 dromo-

2023 1700 2144 1741 nem
2158 1686 2413 1755 ingressa
2441 1699 2506 1740 eo
2533 1699 2593 1741 se
2623 1684 2884 1749 contulit,
2918 1686 3010 1741 ubi
3042 1686 3263 1743 delinita
3308 1688 3411 1760 ipsi
3437 1689 3596 1745 habi-

333 1772 515 1844 δόγμα
539 1776 749 1843 γίνεται
780 1778 859 1839 είς
891 1776 989 1846 τὴν
1030 1777 1325 1850 μοναδικὴν
1354 1777 1525 1850 αὐτὴν
1556 1777 1917 1849 μετατεθῆναι

2026 1775 2153 1831 talio
2180 1783 2318 1829 erat.
2347 1772 2555 1846 Nempe
2601 1777 2655 1830 in
2696 1776 2978 1843 templum,
3012 1778 3158 1846 quod
3202 1778 3320 1848 ipsa
3352 1777 3597 1849 Deiparaa

335 1862 504 1936 ζωήν.
539 1867 646 1919 Καὶ
676 1868 876 1921 αὐτίκα
908 1867 971 1938 δὴ
999 1870 1093 1923 καὶ
1132 1868 1291 1923 τοῦτο
1319 1870 1624 1923 τετέλεστο.
1656 1868 1821 1922 Ἀλλά
1851 1868 1917 1920 τὰ

2026 1867 2375 1933 condiderat,
2403 1865 2555 1922 Steni
2602 1868 2718 1924 sive
2765 1871 3144 1938 angustiarum
3169 1869 3412 1936 dictum,
3449 1869 3596 1940 quod

339 1956 444 2027 μὲν
472 1957 618 2012 κατὰ
650 1957 748 2030 τὴν
778 1958 1027 2030 βασιλίδα
1063 1961 1145 2024 είς
1186 1959 1344 2015 τοῦτο
1375 1949 1736 2015 συντέτακται
1774 1959 1913 2031 (25).

2028 1957 2094 2012 ad
2125 1956 2249 2012 freti
2276 1956 2466 2013 fauces
2496 1972 2666 2028 prope
2696 1973 2848 2012 mare
2877 1958 3042 2015 situm
3074 1968 3242 2015 esset.
3274 1958 3458 2030 Neque
3484 1959 3600 2014 illic

339 2061 521 2108 tamen
549 2053 640 2108 diu
671 2068 794 2110 esse
824 2054 923 2125 ipsi
953 2056 1151 2125 quietae
1183 2056 1366 2121 licuit;
1418 2058 1567 2112 brevi
1638 2057 1785 2112 enim
1846 2057 2079 2110 alterum
2144 2054 2422 2109 decretum
2465 2039 2709 2120 exStit'i't,
2739 2072 2849 2127 quo
2917 2056 3211 2126 jubebatur
3259 2056 3494 2112 transire
3542 2058 3597 2110 in

338 2147 731 2220 professionem
779 2152 904 2205 vitae
960 2151 1298 2215 monasticae,
1346 2153 1488 2222 quod
1540 2160 1596 2207 et
1654 2151 1919 2207 continuo
1995 2148 2339 2205 exsecutioni
2404 2149 2720 2205 mandatum
2752 2158 2857 2205 est.
2886 2149 2945 2204 in
2979 2152 3124 2205 hunc
3146 2149 3363 2205 modum
3396 2149 3464 2205 de
3496 2150 3603 2206 im-

335 2242 608 2312 peratrice
636 2252 875 2299 statuere
902 2244 1102 2325 placuit
1130 2246 1253 2300 novi
1286 2246 1568 2317 regiminis
1597 2243 2059 2301 moderatoribus.

408 2341 520 2389 κα’.
579 2337 836 2406 Διογένης
885 2338 929 2391 δ’
982 2339 1011 2392 ό
1077 2337 1333 2417 βασιλεὺς
1382 2340 1483 2409 τῆς
1538 2339 1921 2410 αἰχμαλωσίας

335 2427 631 2493 ἀπολυθεὶς
658 2429 830 2483 δεινὸν
854 2431 1041 2501 ἠγεῖτο
1070 2434 1118 2485 εί
1161 2434 1237 2502 μὴ
1276 2431 1432 2497 αὖθις
1464 2433 1564 2504 τῆς
1596 2435 1771 2505 ἀρχῆς
1794 2434 1918 2486 ἐπι-

335 2518 582 2573 λάὸοιτο.
620 2521 731 2575 Καὶ
759 2520 825 2593 δὴ
857 2520 1092 2592 πέμπων
1122 2524 1203 2586 είς
1232 2524 1333 2587 τὰς
1371 2524 1689 2595 ἁπανταχοῦ
1734 2523 1918 2587 πόλεις

338 2612 440 2666 καὶ
471 2610 654 2684 χώρας
683 2615 1077 2686 στρατεύματα
1097 2633 1156 2668 τε
1189 2617 1512 2687 συνήθροιζε
1537 2619 1632 2672 καὶ
1657 2618 1922 2689 χρήματα

342 2706 757 2774 εἰσεπράττετο.
792 2706 934 2776 Ἤδη
969 2706 1025 2759 δὲ
1046 2705 1283 2776 πλήθους
1313 2706 1464 2777 αὐτῷ
1487 2707 1920 2779 συνερρυηκότος

342 2794 721 2865 στρατηγικῆς
754 2795 1035 2865 φάλαγγος
1063 2796 1124 2848 τὸ
1160 2796 1251 2849 διὰ
1293 2798 1474 2867 πάσης
1505 2796 1750 2867 γλώττης
1785 2796 1919 2868 βοώ-

344 2902 508 2956 μενον
540 2885 804 2957 πόλισμα,
835 2887 983 2957 φημὶ
1018 2886 1076 2941 δὲ
1110 2888 1206 2956 τὴν
1247 2888 1570 2959 Ἀμάσειαν,
1604 2890 1743 2959 μετά
1780 2906 1919 2944 παν-

343 2976 438 3038 τὸς
488 2976 584 3030 τοῦ
641 2978 1004 3048 στρατοπέδου
1059 2976 1495 3047 καταλαμϐάνει.
1547 2978 1712 3033 Ἀλλά
1756 2980 1917 3033 τοῦτο

2097 2338 2189 2393 21.
2221 2340 2525 2412 Imperator
2555 2347 2733 2392 autem
2762 2335 3034 2406 Diogenes
3063 2336 3381 2405 captivitate
3405 2335 3607 2393 libera-

2026 2439 2135 2496 tus,
2172 2431 2445 2502 iniquum,
2473 2444 2576 2485 nec
2604 2428 2945 2484 tolerandum
2982 2427 3353 2483 arbitrabatur
3385 2427 3601 2483 excluui

2024 2536 2085 2578 se
2121 2520 2470 2591 possessione
2507 2519 2863 2589 principatus.
2913 2517 3095 2583 Quare
3135 2519 3320 2573 missis
3347 2533 3603 2589 quoquo-

2026 2629 2243 2668 versum
2274 2614 2329 2668 in
2354 2612 2604 2667 civitates
2628 2620 2684 2666 et
2715 2613 3046 2681 provincias,
3076 2611 3171 2681 qui
3205 2614 3393 2682 cupias
3424 2622 3480 2668 et
3507 2625 3604 2681 pe-

2025 2705 2218 2760 cunias
2249 2704 2609 2775 undecunque
2635 2714 2916 2773 cogerem,
2950 2702 3038 2757 ubi
3080 2700 3388 2757 confluente
3417 2701 3605 2756 multi-

2025 2797 2213 2853 tudine
2255 2796 2466 2866 jostum
2501 2794 2805 2852 exercitum
2857 2794 3005 2849 brevi
3056 2793 3313 2864 collegit,
3362 2808 3490 2847 cum
3532 2808 3603 2848 eo

2026 2889 2293 2945 celebrem
2347 2889 2399 2942 in
2450 2888 2644 2958 primis
2694 2886 2883 2943 urbem
2915 2886 3205 2942 Amaseam
3260 2885 3453 2939 tenuit.
3485 2882 3603 2940 Hoc

2024 2980 2211 3036 audito
2238 2980 2533 3050 imperator
2558 2990 2607 3035 ct
2626 2978 2735 3051 47
2753 2978 2937 3035 Caesar
2970 2977 3284 3047 cogitabant
3311 2992 3474 3047 quem
3500 2977 3601 3031 ad-

348 3067 613 3138 μαθόντες
645 3070 694 3123 οἱ
738 3071 867 3142 περὶ
892 3068 984 3124 τὸν
1031 3069 1258 3139 βασιλέα
1305 3086 1364 3122 τε
1403 3070 1498 3123 καὶ
1534 3070 1628 3123 τὸν
1662 3070 1919 3143 Καίσαρα

2026 3087 2218 3128 versus
2232 3087 2356 3129 eum
2378 3072 2675 3127 mitterent.
2696 3070 2936 3125 Tandem
2958 3069 3160 3139 placuit
3178 3066 3494 3124 Andronico
3507 3068 3600 3138 ju-

341 3160 611 3214 ισκόπουν
637 3160 757 3214 τίνα
785 3161 959 3233 τούτῳ
989 3161 1283 3216 ἀντίπαλον
1318 3164 1740 3233 καταστήσειαν.
1777 3164 1920 3217 "E80-

2026 3164 2167 3220 niori
2197 3164 2429 3220 Caesaris
2454 3164 2566 3218 [ilio
2585 3201 2602 3228 ,
2631 3162 2749 3218 viro
2800 3177 2965 3216 manu
2999 3162 3123 3217 forti
3156 3162 3507 3231 expeditique
3536 3176 3603 3215 ac

344 3252 436 3316 ξεν
474 3252 565 3307 οὖν
604 3253 713 3307 τῶν
765 3253 860 3307 τοῦ
899 3255 1177 3326 Καίσαρος
1217 3255 1379 3308 υἱέων
1430 3254 1511 3326 τῷ
1563 3257 1817 3326 νεωτέρῳ
1858 3256 1920 3308 τὸ

2026 3259 2258 3327 prompti
2291 3271 2393 3312 nec
2425 3256 2606 3311 minus
2631 3254 2749 3311 sani
2783 3254 3017 3320 consilii,
3048 3255 3354 3309 Romanum
3385 3254 3605 3309 εχει-οἱς

353 3339 659 3411 Ῥωμαϊκὸν
714 3342 988 3397 πιστεύειν
1042 3345 1434 3414 στρατόπεδον,
1480 3345 1634 3416 ἀνδρὶ
1676 3348 1771 3398 καὶ
1823 3345 1923 3415 τὴν

343 3434 507 3501 χεῖρα
544 3436 775 3505 γενναίῳ
815 3436 909 3489 καὶ
938 3435 1037 3506 τὴν
1084 3436 1298 3489 σύνεσιν
1335 3435 1449 3500 ὀξεῖ
1490 3454 1549 3489 τε
1584 3437 1678 3490 καὶ⁵
1711 3437 1926 3505 θαυμα-

345 3526 468 3596 σίῳ.
522 3526 580 3578 ὐ
621 3529 677 3581 δὲ
728 3530 826 3592 τὰς
875 3529 1134 3599 δυνάμεις
1178 3528 1361 3583 λαϐὼν
1415 3530 1613 3599 ἐχώρει
1658 3528 1801 3581 κατά
1831 3529 1926 3581 τοῦ

341 3620 662 3686 Διογένους,
717 3621 811 3670 καὶ
868 3619 1038 3688 ἀγχοῦ
1084 3622 1231 3674 κατά
1273 3620 1374 3689 τῆς
1427 3618 1723 3689 Ἀμασείας
1769 3620 1923 3686 γενό-

346 3725 515 3779 μενος
562 3708 756 3778 πρῶτα
791 3709 893 3778 μὲν
922 3711 1123 3780 συνῆγε
1154 3710 1216 3763 τὸ
1256 3709 1576 3781 στράτευμα
1615 3713 1709 3764 καὶ
1753 3712 1923 3783 ἀκρο-

341 3800 631 3869 ϐολισμοῖς
678 3803 908 3872 ἐχρῆτο,
961 3804 1054 3856 καὶ
1099 3804 1280 3858 πάντα
1318 3802 1519 3874 τρόπον
1556 3802 1922 3873 έμηχανᾶτοῆ

343 3893 598 3961 αἱρήσειν
623 3891 713 3945 τὸν
735 3891 996 3963 Διογένην
1025 3894 1057 3964 ἢ
1087 3893 1360 3961 ὲξελάσειν
1382 3896 1482 3963 τῆς
1508 3894 1730 3958 πόλεως.
1781 3893 1837 3946 '0
1866 3894 1923 3946 δὲ

346 3985 827 4054 στενοχωρούντων
863 3985 973 4039 τῶν
1022 3987 1366 4057 πραγμάτων
1403 3985 1553 4056 αὐτῷ
1599 3985 1921 4054 ἠναγκάσθη

345 4077 447 4137 τάς
467 4076 727 4145 δυνάμεις
757 4076 1050 4146 ἐξαγαγεῖν
1077 4079 1172 4131 καὶ
1198 4077 1649 4147 παρατάττεσθαι
1671 4077 1807 4147 πρὸς
1833 4077 1923 4128 τὸν

346 4166 545 4222 Δοῦκα.
575 4168 877 4235 Μίγνυνται
905 4168 996 4223 οὖν
1027 4169 1312 4239 ἀμφότερα
1343 4171 1408 4220 τὰ
1440 4169 1799 4239 στρατόπεδα,
1828 4170 1925 4221 καὶ

350 4257 642 4309 πίπτουσιν
668 4258 1006 4329 ἑκατέρωθεν
1041 4261 1283 4313 πλεῖστοι
1309 4259 1418 4311 τῶν
1444 4259 1762 4329 στρατηγῶν
1787 4259 1921 4310 ἑκα-

349 4349 525 4419 τέρων
574 4351 829 4418 γενναίως
855 4351 1297 4420 ἀγωνιζομένων.
1327 4350 1590 4418 Φεύγουσι
1618 4349 1663 4403 δ’
1696 4350 1842 4419 ὅμως
1872 4350 1922 4402 οἱ

352 4441 595 4510 περιτὸν
632 4442 927 4510 Διογένην,
973 4440 1065 4493 τοῦ
1112 4439 1293 4494 Δούκα
1334 4437 1746 4493 Κωνσταντίνου
1793 4455 1921 4507 γεν-

352 4530 635 4598 ναιότερον
671 4532 1077 4602 τροσόαλόντος
1100 4533 1211 4594 τοῖς
1240 4531 1380 4584 κατά
1418 4531 1668 4600 μέτωπον
1702 4529 1925 4600 ἱσταμέ-

352 4638 462 4686 νοις
502 4624 597 4675 καὶ
627 4621 725 4692 τὴν
765 4622 989 4675 ἐκείνων
1015 4621 1330 4692 ὡθήσαντος
1363 4620 1637 4691 φάλαγγα.
1685 4620 1924 4673 Πίπτου-

353 4730 439 4767 σιν
469 4711 563 4767 οὖν
598 4714 783 4767 πολλοὶ
816 4714 924 4766 τῶν
954 4716 1080 4784 περὶ
1115 4714 1207 4767 τὸν
1253 4716 1535 4787 Διογένην,
1571 4714 1657 4786 [Ρ.
1706 4717 1798 4789 54]
1826 4719 1927 4770 αὑ-

351 4807 443 4869 τὸς
480 4807 537 4860 δὲ
573 4806 860 4876 διαφεύγει
912 4806 1007 4859 καὶ
1060 4809 1157 4859 σιν
1204 4805 1405 4875 ὀλίγοις
1451 4809 1563 4870 τοῖς
1606 4808 1732 4877 περὶ
1764 4809 1927 4863 αὐτὸν

352 4900 433 4962 είς
480 4917 533 4953 τι
570 4900 812 4953 κλείεται
868 4899 1148 4969 φρούριον.
1205 4899 1374 4951 Τοῦτο
1426 4899 1641 4967 πρῶτον
1694 4900 1927 4969 θάρσους

352 4993 526 5047 αἴτιον
556 4996 667 5055 τοῖς
721 4994 850 5062 περὶ
905 4993 996 5045 τὸν
1043 4991 1265 5061 βασιλέα
1298 4991 1514 5061 Μιχαὴλ
1550 4992 1791 5057 γίνεται,
1834 4996 1930 5044 καὶ

353 5086 610 5154 Διογένης
638 5083 892 5137 ἐντεῦθεν
918 5083 1095 5154 ἀρχὴν
1128 5082 1397 5153 λαμὸάνει
1423 5082 1523 5149 τῆς
1556 5082 1925 5146 καταλύσεως.

355 5172 469 5224 Καὶ
502 5171 643 5224 ἑάλω
686 5172 752 5224 ἂν
790 5170 986 5223 αὐτίκα
1012 5212 1027 5235 ,
1055 5171 1103 5223 εἰ
1145 5171 1218 5240 μή
1247 5187 1301 5223 τι
1329 5169 1458 5223 ἄλλο
1496 5173 1925 5228 συνεπεπτώκει.

369 5259 536 5330 Ἀνὴρ
563 5262 671 5329 γάρ
695 5276 778 5322 τις
815 5259 874 5325 ἐξ
925 5259 1214 5329 Ἀρμενίας
1252 5260 1311 5311 τὸ
1343 5258 1498 5326 γένος
1524 5259 1765 5313 ἀνέλκων
1785 5301 1800 5324 ,
1835 5262 1929 5333 τὴν

356 5350 583 5422 γνώμην
642 5351 851 5423 βαθὺς,
909 5351 1008 5422 τὴν
1064 5354 1223 5421 χείρ).
1279 5354 1522 5419 γενναῖος
1572 5352 1600 5403 ὁ
1654 5354 1932 5407 Κουτατά-

2026 3356 2138 3401 ιιιιη
2173 3347 2507 3403 ductandum
2540 3346 2779 3401 tradere.
2815 3345 3063 3415 Sumptis
3104 3346 3270 3413 igitur
3297 3346 3387 3401 hic
3414 3360 3599 3400 secum

2026 3438 2201 3507 c0piis
2251 3448 2441 3494 contra
2486 3437 2783 3507 Diogenem
2839 3437 3042 3499 movit,
3097 3446 3494 3505 provectusque
3544 3436 3604 3489 in

2029 3528 2281 3582 viciniam
2304 3529 2589 3583 Amaseme
2618 3527 2876 3591 civitatis,
2900 3535 3093 3582 coacto
3123 3527 3178 3580 in
3208 3542 3376 3581 unttm
3401 3528 3606 3597 corpus

2027 3618 2290 3683 exercitu,
2312 3618 2723 3674 velitationibus
2748 3618 3051 3674 lacessebat
3080 3618 3317 3684 hostem,
3338 3618 3603 3687 omnique

2029 3711 2240 3765 ratione
2275 3712 2581 3767 conabatur
2614 3721 2711 3767 aut
2738 3726 2933 3781 capere
2958 3722 3054 3767 aut
3083 3710 3218 3766 urbe
3246 3710 3450 3780 pellere
3479 3708 3605 3764 Dio-

2025 3817 2216 3870 genem
2247 3820 2261 3856 :
2286 3803 2381 3872 qui
2414 3802 2467 3856 in
2500 3810 2655 3858 arcto
2687 3803 3079 3872 deprehensus,
3105 3810 3331 3858 coactus
3359 3809 3445 3857 est
3468 3800 3573 3857 edn

2026 3908 2152 3948 cere
2189 3908 2318 3949 suas
2366 3894 2551 3964 copias
2599 3904 2655 3949 et
2700 3882 2870 3965 praelii
2919 3895 3134 3965 c0piam
3192 3892 3355 3949 Dura:
3400 3892 3600 3949 facere.

2026 3984 2322 4041 Miscentur
2351 4002 2483 4056 ergo
2510 3986 2672 4041 ambo
2701 3987 3008 4052 exercitus,
3054 3985 3370 4052 caduntque
3420 3984 3603 4039 utrin-

2026 4094 2134 4148 que
2162 4079 2404 4147 plurimi,
2432 4078 2665 4134 dueibns
2712 4079 2960 4146 utrisque
3003 4090 3266 4144 generose
3311 4076 3605 4144 pugnanti-

2028 4172 2147 4225 bus.
2183 4169 2420 4241 Fugiunt
2467 4176 2648 4224 tamen
2702 4168 2769 4223 ad
2821 4178 3126 4221 extremum
3163 4163 3503 4235 Diogeniani,
3534 4165 3605 4217 ad

2030 4262 2080 4315 id
2115 4261 2456 4332 potissimum
2508 4259 2726 4329 impulsi
2772 4257 3167 4312 vehementiori
3221 4255 3603 4325 impressione.

2028 4368 2135 4422 qua
2162 4352 2555 4407 Constantinus
2584 4349 2763 4404 Ducas
2810 4350 2863 4402 in
2917 4347 3150 4402 frontem
3190 4347 3433 4417 ipsorum
3465 4347 3602 4402 aciei

2032 4443 2288 4498 ferociter
2333 4442 2618 4505 invectus,
2675 4440 2998 4511 phalangem
3044 4439 3164 4494 loco
3215 4440 3404 4492 movit.
3435 4438 3605 4493 thesis

2033 4533 2195 4602 igitur
2224 4532 2409 4588 multis
2440 4547 2504 4585 ex
2535 4542 2685 4599 parte
2721 4528 2975 4599 Diogenis
2996 4569 3011 4593 ,
3058 4528 3196 4598 fugit
3235 4530 3353 4598 ipse
3383 4543 3448 4582 ac
3476 4543 3604 4583 cum

2033 4624 2223 4694 paucis
2267 4626 2321 4678 in
2368 4637 2547 4678 arcem
2600 4636 2661 4677 sc
2710 4621 3003 4692 quamdam
3038 4620 3279 4674 inclusit.
3312 4617 3388 4671 Ea
3429 4618 3605 4687 prima

2034 4717 2170 4771 bene
2216 4716 2471 4786 sperandi
2522 4714 2590 4770 de
2640 4729 2853 4768 summa
2901 4712 3026 4767 belli
3081 4726 3247 4766 causa
3294 4710 3472 4764 oblata
3521 4724 3610 4763 est

2035 4808 2311 4862 tuentibus
2331 4805 2607 4860 Michaelis
2631 4815 2812 4875 partes
2839 4803 3099 4874 exiliique
3127 4802 3340 4856 initium
3367 4796 3606 4853 indidem

2036 4899 2182 4953 haud
2230 4900 2394 4953 dubie
2434 4898 2701 4968 Diogenes
2750 4897 3010 4964 sumpsit.
3045 4898 3220 4963 Atque
3249 4893 3386 4947 adeo
3417 4900 3608 4961 ctplus

2032 4993 2215 5045 statim
2250 4999 2414 5054 esset,
2447 4990 2548 5043 nisi
2576 4987 2834 5058 quiddam
2872 4986 3156 5041 accidisset
3185 4984 3328 5053 quod
3360 4999 3483 5036 mox
3520 4999 3608 5036 re-

2033 5081 2224 5136 feram.
2284 5079 2378 5135 Vir
2426 5091 2543 5134 erat
2592 5080 2861 5134 oriundus
2904 5094 2969 5132 ex
3019 5075 3312 5141 Armenia,
3350 5074 3605 5146 profundi

2033 5172 2270 5236 consilii,
2309 5188 2472 5225 manu
2511 5180 2827 5240 promptus,
2859 5168 3212 5223 Chntatarius
3245 5169 3502 5230 nomine;
3559 5168 3605 5217 is

2035 5267 2352 5332 magistratu
2380 5265 2614 5333 quodam
2651 5277 2762 5317 uno
2787 5279 2852 5318 ex
2884 5261 3137 5315 maximis
3162 5276 3190 5314 a
3224 5261 3458 5330 Diogene
3492 5273 3604 5313 tum

2036 5356 2324 5426 imperium
2360 5355 2775 5411 administrante
2828 5363 3076 5420 ornatus,
3125 5367 3246 5406 eam
3274 5349 3607 5407 benefactori

1344 5485 1550 5550 Caroli
1592 5490 1690 5550 Dn
1736 5490 1974 5552 Fresne
2011 5494 2108 5554 Du
2143 5492 2353 5573 Gange
2389 5500 2575 5555 nolle.

433 5640 873 5713 (2i)Eudociam
921 5639 974 5691 in
1042 5635 1432 5713 monasterium
1500 5635 1724 5713 ab‘ipsa
1798 5639 2212 5703 exaedificatum,
2285 5638 2371 5694 cui
2436 5636 2706 5709 Πιπεροὺς
2766 5653 2962 5695 nomen
3025 5637 3147 5704 fuit,
3205 5640 3520 5702 remissam,
3556 5640 3610 5693 in

358 5704 537 5785 eoque
570 5714 836 5769 teclusatn
871 5717 1094 5764 uariant
1124 5711 1277 5760 Anna
1313 5708 1350 5759 Ι.
1384 5722 1435 5761 ts
1471 5716 1521 5760 et
1551 5704 1832 5776 Srgtitzcs.
