  <div class='ocr_page' id='page_1' title='image "/cluster/home/n/w/nwhite01/storage/ocr_20150623/127/hvd.32044073502411/047.png"; bbox 0 0 4070 6214; ppageno 0'>
   <div class='ocr_carea' id='block_1_1' title="bbox 457 320 528 384">
    <p class='ocr_par' dir='ltr' id='par_1_1' title="bbox 457 320 528 384">
     <span class='ocr_line' id='line_1_1' title="bbox 457 320 528 384; baseline 0.042 -3"><span class='ocrx_word' id='word_1_1' title='bbox 457 320 528 384; x_wconf 82' lang='lat'><strong>83</strong></span> 
     </span>
    </p>
   </div>
   <div class='ocr_carea' id='block_1_2' title="bbox 1658 320 2494 383">
    <p class='ocr_par' dir='ltr' id='par_1_2' title="bbox 1658 320 2494 383">
     <span class='ocr_line' id='line_1_2' title="bbox 1658 320 2494 383; baseline -0.002 -2"><span class='ocrx_word' id='word_1_2' title='bbox 1658 320 2079 383; x_wconf 78' lang='lat' dir='ltr'><strong>NICEPHORI</strong></span> <span class='ocrx_word' id='word_1_3' title='bbox 2124 320 2494 382; x_wconf 77' lang='lat' dir='ltr'><strong>BRYENNII</strong></span> 
     </span>
    </p>
   </div>
   <div class='ocr_carea' id='block_1_3' title="bbox 3636 306 3713 369">
    <p class='ocr_par' dir='ltr' id='par_1_3' title="bbox 3636 306 3713 369">
     <span class='ocr_line' id='line_1_3' title="bbox 3636 306 3713 369; baseline 0 0"><span class='ocrx_word' id='word_1_4' title='bbox 3636 306 3713 369; x_wconf 80' lang='grc'><strong>84</strong></span> 
     </span>
    </p>
   </div>
   <div class='ocr_carea' id='block_1_4' title="bbox 406 421 2045 500">
    <p class='ocr_par' dir='ltr' id='par_1_4' title="bbox 406 428 2033 497">
     <span class='ocr_line' id='line_1_4' title="bbox 406 428 2033 497; baseline -0.002 -9"><span class='ocrx_word' id='word_1_5' title='bbox 406 456 421 469; x_wconf 89' lang='lat'><strong>-</strong></span> <span class='ocrx_word' id='word_1_6' title='bbox 463 429 763 489; x_wconf 85' lang='lat' dir='ltr'><strong>sultabant.</strong></span> <span class='ocrx_word' id='word_1_7' title='bbox 794 428 1134 484; x_wconf 83' lang='lat' dir='ltr'><strong>Verebantur</strong></span> <span class='ocrx_word' id='word_1_8' title='bbox 1162 429 1330 495; x_wconf 88' lang='lat' dir='ltr'><strong>enim,</strong></span> <span class='ocrx_word' id='word_1_9' title='bbox 1364 445 1432 485; x_wconf 90' lang='lat' dir='ltr'><strong>nc</strong></span> <span class='ocrx_word' id='word_1_10' title='bbox 1461 429 1507 486; x_wconf 99' lang='lat' dir='ltr'><strong>si</strong></span> <span class='ocrx_word' id='word_1_11' title='bbox 1537 431 1583 484; x_wconf 89' lang='lat' dir='ltr'><strong>ei</strong></span> <span class='ocrx_word' id='word_1_12' title='bbox 1619 444 1875 486; x_wconf 86' lang='lat' dir='ltr'><strong>securum</strong></span> <span class='ocrx_word' id='word_1_13' title='bbox 1908 444 2033 497; x_wconf 89' lang='lat' dir='ltr'><strong>spa-</strong></span> 
     </span>
    </p>
   </div>
   <div class='ocr_carea' id='block_1_5' title="bbox 2147 421 3716 500">
    <p class='ocr_par' dir='ltr' id='par_1_5' title="bbox 2147 421 3716 500">
     <span class='ocr_line' id='line_1_5' title="bbox 2147 421 3716 500; baseline -0.003 -17"><span class='ocrx_word' id='word_1_14' title='bbox 2147 430 2292 497; x_wconf 59' lang='grc' dir='ltr'>1όγος</span> <span class='ocrx_word' id='word_1_15' title='bbox 2339 430 2686 500; x_wconf 82' lang='grc' dir='ltr'>ήρμήνευσεν</span> <span class='ocrx_word' id='word_1_16' title='bbox 2734 426 2975 492; x_wconf 75' lang='grc' dir='ltr'>ἄνωθεν,</span> <span class='ocrx_word' id='word_1_17' title='bbox 3016 421 3411 493; x_wconf 77' lang='grc' dir='ltr'>παλινοστῆσαι</span> <span class='ocrx_word' id='word_1_18' title='bbox 3466 422 3603 495; x_wconf 71' lang='grc' dir='ltr'>πρὸς</span> <span class='ocrx_word' id='word_1_19' title='bbox 3651 423 3716 478; x_wconf 80' lang='grc' dir='ltr'><strong>τδ</strong></span> 
     </span>
    </p>
   </div>
   <div class='ocr_carea' id='block_1_6' title="bbox 460 521 2069 586">
    <p class='ocr_par' dir='ltr' id='par_1_6' title="bbox 460 521 2069 586">
     <span class='ocr_line' id='line_1_6' title="bbox 460 521 2069 586; baseline -0.002 -7"><span class='ocrx_word' id='word_1_20' title='bbox 460 524 599 579; x_wconf 88' lang='lat' dir='ltr'><strong>tium</strong></span> <span class='ocrx_word' id='word_1_21' title='bbox 627 521 984 578; x_wconf 80' lang='lat' dir='ltr'><strong>conﬁrmandi</strong></span> <span class='ocrx_word' id='word_1_22' title='bbox 1018 522 1101 577; x_wconf 87' lang='lat' dir='ltr'><strong>sui</strong></span> <span class='ocrx_word' id='word_1_23' title='bbox 1133 521 1347 586; x_wconf 88' lang='lat' dir='ltr'><strong>darent,</strong></span> <span class='ocrx_word' id='word_1_24' title='bbox 1369 523 1667 578; x_wconf 83' lang='lat' dir='ltr'><strong>exercitum</strong></span> <span class='ocrx_word' id='word_1_25' title='bbox 1699 521 2037 576; x_wconf 88' lang='lat' dir='ltr'><strong>numerosio-</strong></span> <span class='ocrx_word' id='word_1_26' title='bbox 2068 542 2069 545; x_wconf 49' lang='grc' dir='ltr'><strong>η</strong></span> 
     </span>
    </p>
   </div>
   <div class='ocr_carea' id='block_1_7' title="bbox 460 611 2035 684">
    <p class='ocr_par' dir='ltr' id='par_1_7' title="bbox 460 611 2035 684">
     <span class='ocr_line' id='line_1_7' title="bbox 460 611 2035 684; baseline -0.003 -15"><span class='ocrx_word' id='word_1_27' title='bbox 460 630 601 681; x_wconf 91' lang='lat' dir='ltr'><strong>rem,</strong></span> <span class='ocrx_word' id='word_1_28' title='bbox 629 630 794 684; x_wconf 87' lang='lat' dir='ltr'><strong>quam</strong></span> <span class='ocrx_word' id='word_1_29' title='bbox 840 615 1012 683; x_wconf 88' lang='lat' dir='ltr'><strong>prius,</strong></span> <span class='ocrx_word' id='word_1_30' title='bbox 1045 613 1147 669; x_wconf 83' lang='lat' dir='ltr'><strong>sibi</strong></span> <span class='ocrx_word' id='word_1_31' title='bbox 1195 622 1565 684; x_wconf 87' lang='lat' dir='ltr'><strong>compararet.</strong></span> <span class='ocrx_word' id='word_1_32' title='bbox 1596 611 1936 683; x_wconf 83' lang='lat' dir='ltr'><strong>pecuniaque</strong></span> <span class='ocrx_word' id='word_1_33' title='bbox 1967 626 2035 666; x_wconf 79' lang='lat' dir='ltr'><strong>ex</strong></span> 
     </span>
    </p>
   </div>
   <div class='ocr_carea' id='block_1_8' title="bbox 460 701 2032 775">
    <p class='ocr_par' dir='ltr' id='par_1_8' title="bbox 460 701 2032 775">
     <span class='ocr_line' id='line_1_8' title="bbox 460 701 2032 775; baseline -0.003 -17"><span class='ocrx_word' id='word_1_34' title='bbox 460 706 658 762; x_wconf 86' lang='lat' dir='ltr'><strong>vicinis</strong></span> <span class='ocrx_word' id='word_1_35' title='bbox 687 705 993 760; x_wconf 79' lang='lat' dir='ltr'><strong>Antiochia:</strong></span> <span class='ocrx_word' id='word_1_36' title='bbox 1020 704 1337 775; x_wconf 80' lang='lat' dir='ltr'><strong>rcgionibus</strong></span> <span class='ocrx_word' id='word_1_37' title='bbox 1363 713 1418 759; x_wconf 89' lang='lat' dir='ltr'><strong>et</strong></span> <span class='ocrx_word' id='word_1_38' title='bbox 1443 704 1671 759; x_wconf 87' lang='lat' dir='ltr'><strong>urbibus</strong></span> <span class='ocrx_word' id='word_1_39' title='bbox 1703 703 1898 758; x_wconf 88' lang='lat' dir='ltr'><strong>idonea</strong></span> <span class='ocrx_word' id='word_1_40' title='bbox 1928 701 2032 757; x_wconf 58' lang='lat' dir='ltr'><strong>col-</strong></span> 
     </span>
    </p>
   </div>
   <div class='ocr_carea' id='block_1_9' title="bbox 461 795 2039 868">
    <p class='ocr_par' dir='ltr' id='par_1_9' title="bbox 461 795 2039 868">
     <span class='ocr_line' id='line_1_9' title="bbox 461 795 2039 868; baseline -0.002 -15"><span class='ocrx_word' id='word_1_41' title='bbox 461 801 600 855; x_wconf 89' lang='lat' dir='ltr'><strong>lecta</strong></span> <span class='ocrx_word' id='word_1_42' title='bbox 631 799 709 854; x_wconf 89' lang='lat' dir='ltr'><strong>sic</strong></span> <span class='ocrx_word' id='word_1_43' title='bbox 737 810 917 868; x_wconf 87' lang='lat' dir='ltr'><strong>partes</strong></span> <span class='ocrx_word' id='word_1_44' title='bbox 947 799 1188 852; x_wconf 87' lang='lat' dir='ltr'><strong>llrmaret</strong></span> <span class='ocrx_word' id='word_1_45' title='bbox 1223 813 1374 861; x_wconf 88' lang='lat' dir='ltr'><strong>suas,</strong></span> <span class='ocrx_word' id='word_1_46' title='bbox 1410 807 1467 852; x_wconf 94' lang='lat' dir='ltr'><strong>ut</strong></span> <span class='ocrx_word' id='word_1_47' title='bbox 1498 813 1606 852; x_wconf 93' lang='lat' dir='ltr'><strong>non</strong></span> <span class='ocrx_word' id='word_1_48' title='bbox 1654 795 1814 852; x_wconf 79' lang='lat' dir='ltr'><strong>facile</strong></span> <span class='ocrx_word' id='word_1_49' title='bbox 1854 795 2039 850; x_wconf 80' lang='lat' dir='ltr'><strong>debel-</strong></span> 
     </span>
    </p>
   </div>
   <div class='ocr_carea' id='block_1_10' title="bbox 380 887 2037 961">
    <p class='ocr_par' dir='ltr' id='par_1_10' title="bbox 380 887 2037 961">
     <span class='ocr_line' id='line_1_10' title="bbox 380 887 2037 961; baseline -0.001 -18"><span class='ocrx_word' id='word_1_50' title='bbox 380 928 391 935; x_wconf 61' lang='grc' dir='ltr'>ς</span> <span class='ocrx_word' id='word_1_51' title='bbox 465 891 561 946; x_wconf 85' lang='lat' dir='ltr'><strong>lari</strong></span> <span class='ocrx_word' id='word_1_52' title='bbox 586 900 792 961; x_wconf 92' lang='lat' dir='ltr'><strong>posset.</strong></span> <span class='ocrx_word' id='word_1_53' title='bbox 814 888 1016 945; x_wconf 78' lang='lat' dir='ltr'><strong>Voc:tto</strong></span> <span class='ocrx_word' id='word_1_54' title='bbox 1038 905 1166 961; x_wconf 80' lang='lat' dir='ltr'><strong>ergo</strong></span> <span class='ocrx_word' id='word_1_55' title='bbox 1189 889 1290 961; x_wconf 80' lang='lat'><strong>51</strong></span> <span class='ocrx_word' id='word_1_56' title='bbox 1317 889 1498 945; x_wconf 59' lang='lat' dir='ltr'><strong>Cas-ar</strong></span> <span class='ocrx_word' id='word_1_57' title='bbox 1517 888 1880 945; x_wconf 87' lang='lat' dir='ltr'><strong>Constantino</strong></span> <span class='ocrx_word' id='word_1_58' title='bbox 1901 887 2037 951; x_wconf 85' lang='lat' dir='ltr'><strong>lilio,</strong></span> 
     </span>
    </p>
   </div>
   <div class='ocr_carea' id='block_1_11' title="bbox 462 976 2038 1050">
    <p class='ocr_par' dir='ltr' id='par_1_11' title="bbox 462 976 2038 1050">
     <span class='ocr_line' id='line_1_11' title="bbox 462 976 2038 1050; baseline 0 -19"><span class='ocrx_word' id='word_1_59' title='bbox 462 981 573 1050; x_wconf 77' lang='lat' dir='ltr'><strong>egit</strong></span> <span class='ocrx_word' id='word_1_60' title='bbox 599 995 723 1035; x_wconf 89' lang='lat' dir='ltr'><strong>cum</strong></span> <span class='ocrx_word' id='word_1_61' title='bbox 752 995 818 1036; x_wconf 93' lang='lat' dir='ltr'><strong>eo</strong></span> <span class='ocrx_word' id='word_1_62' title='bbox 854 989 912 1034; x_wconf 92' lang='lat' dir='ltr'><strong>ut</strong></span> <span class='ocrx_word' id='word_1_63' title='bbox 949 995 1137 1034; x_wconf 86' lang='lat' dir='ltr'><strong>rursus</strong></span> <span class='ocrx_word' id='word_1_64' title='bbox 1166 979 1328 1034; x_wconf 87' lang='lat' dir='ltr'><strong>vellet</strong></span> <span class='ocrx_word' id='word_1_65' title='bbox 1373 978 1668 1048; x_wconf 83' lang='lat' dir='ltr'><strong>assumptis</strong></span> <span class='ocrx_word' id='word_1_66' title='bbox 1723 977 1895 1047; x_wconf 85' lang='lat' dir='ltr'><strong>copiis</strong></span> <span class='ocrx_word' id='word_1_67' title='bbox 1941 976 2038 1031; x_wconf 81' lang='lat' dir='ltr'><strong>ad-</strong></span> 
     </span>
    </p>
   </div>
   <div class='ocr_carea' id='block_1_12' title="bbox 462 1070 2041 1142">
    <p class='ocr_par' dir='ltr' id='par_1_12' title="bbox 462 1070 2041 1142">
     <span class='ocr_line' id='line_1_12' title="bbox 462 1070 2041 1142; baseline 0.001 -21"><span class='ocrx_word' id='word_1_68' title='bbox 462 1086 652 1127; x_wconf 83' lang='lat' dir='ltr'><strong>versus</strong></span> <span class='ocrx_word' id='word_1_69' title='bbox 681 1071 974 1142; x_wconf 79' lang='lat' dir='ltr'><strong>Diogenem</strong></span> <span class='ocrx_word' id='word_1_70' title='bbox 1006 1072 1299 1141; x_wconf 81' lang='lat' dir='ltr'><strong>proficisci.</strong></span> <span class='ocrx_word' id='word_1_71' title='bbox 1331 1071 1438 1126; x_wconf 90' lang='lat' dir='ltr'><strong>Sed</strong></span> <span class='ocrx_word' id='word_1_72' title='bbox 1464 1070 1554 1126; x_wconf 90' lang='lat' dir='ltr'><strong>illo</strong></span> <span class='ocrx_word' id='word_1_73' title='bbox 1585 1078 1893 1132; x_wconf 86' lang='lat' dir='ltr'><strong>recusante,</strong></span> <span class='ocrx_word' id='word_1_74' title='bbox 1922 1083 2041 1123; x_wconf 86' lang='lat' dir='ltr'><strong>ma-</strong></span> 
     </span>
    </p>
   </div>
   <div class='ocr_carea' id='block_1_13' title="bbox 459 1160 2037 1232">
    <p class='ocr_par' dir='ltr' id='par_1_13' title="bbox 459 1160 2037 1232">
     <span class='ocr_line' id='line_1_13' title="bbox 459 1160 2037 1232; baseline -0.002 -15"><span class='ocrx_word' id='word_1_75' title='bbox 459 1166 551 1232; x_wconf 89' lang='lat' dir='ltr'><strong>jor</strong></span> <span class='ocrx_word' id='word_1_76' title='bbox 577 1171 706 1218; x_wconf 89' lang='lat' dir='ltr'><strong>natu</strong></span> <span class='ocrx_word' id='word_1_77' title='bbox 738 1163 906 1218; x_wconf 79' lang='lat' dir='ltr'><strong>frater</strong></span> <span class='ocrx_word' id='word_1_78' title='bbox 932 1162 1052 1232; x_wconf 82' lang='lat' dir='ltr'><strong>ejus</strong></span> <span class='ocrx_word' id='word_1_79' title='bbox 1082 1163 1387 1219; x_wconf 85' lang='lat' dir='ltr'><strong>accersitur</strong></span> <span class='ocrx_word' id='word_1_80' title='bbox 1409 1161 1778 1225; x_wconf 82' lang='lat' dir='ltr'><strong>Andronicus,</strong></span> <span class='ocrx_word' id='word_1_81' title='bbox 1801 1170 1855 1215; x_wconf 88' lang='lat' dir='ltr'><strong>et</strong></span> <span class='ocrx_word' id='word_1_82' title='bbox 1880 1160 2037 1216; x_wconf 88' lang='lat' dir='ltr'><strong>istam</strong></span> 
     </span>
    </p>
   </div>
   <div class='ocr_carea' id='block_1_14' title="bbox 463 1248 2040 1323">
    <p class='ocr_par' dir='ltr' id='par_1_14' title="bbox 463 1248 2040 1323">
     <span class='ocr_line' id='line_1_14' title="bbox 463 1248 2040 1323; baseline -0.002 -18"><span class='ocrx_word' id='word_1_83' title='bbox 463 1253 859 1323; x_wconf 67' lang='lat' dir='ltr'><strong>expeditionem</strong></span> <span class='ocrx_word' id='word_1_84' title='bbox 892 1256 1172 1321; x_wconf 86' lang='lat' dir='ltr'><strong>suscipere</strong></span> <span class='ocrx_word' id='word_1_85' title='bbox 1199 1251 1438 1319; x_wconf 89' lang='lat' dir='ltr'><strong>jubetur.</strong></span> <span class='ocrx_word' id='word_1_86' title='bbox 1469 1250 1691 1321; x_wconf 71' lang='lat' dir='ltr'><strong>Egregia</strong></span> <span class='ocrx_word' id='word_1_87' title='bbox 1725 1260 1837 1305; x_wconf 88' lang='lat' dir='ltr'><strong>tum</strong></span> <span class='ocrx_word' id='word_1_88' title='bbox 1863 1251 1918 1303; x_wconf 87' lang='lat' dir='ltr'><strong>in</strong></span> <span class='ocrx_word' id='word_1_89' title='bbox 1949 1248 2040 1317; x_wconf 84' lang='lat' dir='ltr'><strong>ju-</strong></span> 
     </span>
    </p>
   </div>
   <div class='ocr_carea' id='block_1_15' title="bbox 467 1341 2039 1417">
    <p class='ocr_par' dir='ltr' id='par_1_15' title="bbox 467 1341 2039 1417">
     <span class='ocr_line' id='line_1_15' title="bbox 467 1341 2039 1417; baseline -0.001 -18"><span class='ocrx_word' id='word_1_90' title='bbox 467 1361 604 1400; x_wconf 75' lang='lat' dir='ltr'><strong>vene</strong></span> <span class='ocrx_word' id='word_1_91' title='bbox 632 1346 803 1417; x_wconf 88' lang='lat' dir='ltr'><strong>pietas</strong></span> <span class='ocrx_word' id='word_1_92' title='bbox 836 1354 890 1400; x_wconf 90' lang='lat' dir='ltr'><strong>et</strong></span> <span class='ocrx_word' id='word_1_93' title='bbox 931 1344 1139 1415; x_wconf 86' lang='lat' dir='ltr'><strong>parenti</strong></span> <span class='ocrx_word' id='word_1_94' title='bbox 1182 1343 1519 1414; x_wconf 85' lang='lat' dir='ltr'><strong>obsequendi</strong></span> <span class='ocrx_word' id='word_1_95' title='bbox 1549 1343 1744 1397; x_wconf 85' lang='lat' dir='ltr'><strong>enituit</strong></span> <span class='ocrx_word' id='word_1_96' title='bbox 1772 1341 2039 1398; x_wconf 89' lang='lat' dir='ltr'><strong>studium.</strong></span> 
     </span>
    </p>
   </div>
   <div class='ocr_carea' id='block_1_16' title="bbox 417 1432 2043 1506">
    <p class='ocr_par' dir='ltr' id='par_1_16' title="bbox 417 1432 2043 1506">
     <span class='ocr_line' id='line_1_16' title="bbox 417 1432 2043 1506; baseline -0.001 -18"><span class='ocrx_word' id='word_1_97' title='bbox 417 1460 431 1475; x_wconf 73' lang='grc' dir='ltr'><strong>ο</strong></span> <span class='ocrx_word' id='word_1_98' title='bbox 468 1437 720 1492; x_wconf 76' lang='lat' dir='ltr'><strong>Paratum</strong></span> <span class='ocrx_word' id='word_1_99' title='bbox 755 1451 814 1492; x_wconf 86' lang='lat' dir='ltr'><strong>se</strong></span> <span class='ocrx_word' id='word_1_100' title='bbox 845 1437 1024 1492; x_wconf 84' lang='lat' dir='ltr'><strong>statim</strong></span> <span class='ocrx_word' id='word_1_101' title='bbox 1055 1436 1120 1489; x_wconf 90' lang='lat' dir='ltr'><strong>ad</strong></span> <span class='ocrx_word' id='word_1_102' title='bbox 1148 1434 1365 1506; x_wconf 75' lang='lat' dir='ltr'><strong>quidtis</strong></span> <span class='ocrx_word' id='word_1_103' title='bbox 1399 1434 1616 1497; x_wconf 89' lang='lat' dir='ltr'><strong>obtulit,</strong></span> <span class='ocrx_word' id='word_1_104' title='bbox 1641 1447 1742 1491; x_wconf 85' lang='lat' dir='ltr'><strong>nec</strong></span> <span class='ocrx_word' id='word_1_105' title='bbox 1765 1432 1948 1489; x_wconf 78' lang='lat' dir='ltr'><strong>verbis</strong></span> <span class='ocrx_word' id='word_1_106' title='bbox 1980 1432 2043 1488; x_wconf 89' lang='lat' dir='ltr'><strong>li-</strong></span> 
     </span>
    </p>
   </div>
   <div class='ocr_carea' id='block_1_17' title="bbox 470 1524 2044 1597">
    <p class='ocr_par' dir='ltr' id='par_1_17' title="bbox 470 1524 2044 1597">
     <span class='ocr_line' id='line_1_17' title="bbox 470 1524 2044 1597; baseline 0.002 -20"><span class='ocrx_word' id='word_1_107' title='bbox 470 1527 726 1591; x_wconf 72' lang='lat' dir='ltr'><strong>beralior,</strong></span> <span class='ocrx_word' id='word_1_108' title='bbox 782 1541 945 1597; x_wconf 89' lang='lat' dir='ltr'><strong>quam</strong></span> <span class='ocrx_word' id='word_1_109' title='bbox 995 1526 1180 1589; x_wconf 89' lang='lat' dir='ltr'><strong>rebus,</strong></span> <span class='ocrx_word' id='word_1_110' title='bbox 1228 1526 1418 1581; x_wconf 86' lang='lat' dir='ltr'><strong>eodem</strong></span> <span class='ocrx_word' id='word_1_111' title='bbox 1469 1524 1557 1580; x_wconf 90' lang='lat' dir='ltr'><strong>die</strong></span> <span class='ocrx_word' id='word_1_112' title='bbox 1603 1524 1935 1594; x_wconf 86' lang='lat' dir='ltr'><strong>imperatore</strong></span> <span class='ocrx_word' id='word_1_113' title='bbox 1976 1538 2044 1580; x_wconf 88' lang='lat' dir='ltr'><strong>ac</strong></span> 
     </span>
    </p>
   </div>
   <div class='ocr_carea' id='block_1_18' title="bbox 470 1612 2035 1684">
    <p class='ocr_par' dir='ltr' id='par_1_18' title="bbox 470 1612 2035 1684">
     <span class='ocr_line' id='line_1_18' title="bbox 470 1612 2035 1684; baseline -0.003 -12"><span class='ocrx_word' id='word_1_114' title='bbox 470 1627 621 1684; x_wconf 76' lang='lat' dir='ltr'><strong>patre</strong></span> <span class='ocrx_word' id='word_1_115' title='bbox 667 1618 934 1684; x_wconf 86' lang='lat' dir='ltr'><strong>salutato,</strong></span> <span class='ocrx_word' id='word_1_116' title='bbox 968 1616 1411 1673; x_wconf 85' lang='lat' dir='ltr'><strong>Chalcedonense</strong></span> <span class='ocrx_word' id='word_1_117' title='bbox 1458 1615 1761 1671; x_wconf 87' lang='lat' dir='ltr'><strong>transmisit</strong></span> <span class='ocrx_word' id='word_1_118' title='bbox 1812 1612 2035 1671; x_wconf 87' lang='lat' dir='ltr'><strong>fretum.</strong></span> 
     </span>
    </p>
   </div>
   <div class='ocr_carea' id='block_1_19' title="bbox 472 1706 2038 1779">
    <p class='ocr_par' dir='ltr' id='par_1_19' title="bbox 472 1706 2038 1779">
     <span class='ocr_line' id='line_1_19' title="bbox 472 1706 2038 1779; baseline -0.001 -16"><span class='ocrx_word' id='word_1_119' title='bbox 472 1710 687 1779; x_wconf 77' lang='lat' dir='ltr'><strong>Sexque</strong></span> <span class='ocrx_word' id='word_1_120' title='bbox 717 1709 940 1765; x_wconf 91' lang='lat' dir='ltr'><strong>omnino</strong></span> <span class='ocrx_word' id='word_1_121' title='bbox 987 1709 1104 1765; x_wconf 91' lang='lat' dir='ltr'><strong>dics</strong></span> <span class='ocrx_word' id='word_1_122' title='bbox 1148 1709 1291 1764; x_wconf 84' lang='lat' dir='ltr'><strong>circa</strong></span> <span class='ocrx_word' id='word_1_123' title='bbox 1339 1706 1741 1764; x_wconf 81' lang='lat' dir='ltr'><strong>Chalcedonem</strong></span> <span class='ocrx_word' id='word_1_124' title='bbox 1791 1714 2038 1762; x_wconf 90' lang='lat' dir='ltr'><strong>moratus</strong></span> 
     </span>
    </p>
   </div>
   <div class='ocr_carea' id='block_1_20' title="bbox 2138 514 3716 589">
    <p class='ocr_par' dir='ltr' id='par_1_20' title="bbox 2138 514 3716 589">
     <span class='ocr_line' id='line_1_20' title="bbox 2138 514 3716 589; baseline -0.004 -15"><span class='ocrx_word' id='word_1_125' title='bbox 2138 522 2454 589; x_wconf 79' lang='grc' dir='ltr'>Βυζάντιον,</span> <span class='ocrx_word' id='word_1_126' title='bbox 2483 523 2812 576; x_wconf 75' lang='grc' dir='ltr'><strong>ἐσκέπτοντο</strong></span> <span class='ocrx_word' id='word_1_127' title='bbox 2849 521 2994 583; x_wconf 79' lang='grc' dir='ltr'>ὅπως</span> <span class='ocrx_word' id='word_1_128' title='bbox 3032 518 3098 573; x_wconf 79' lang='grc' dir='ltr'>ἂν</span> <span class='ocrx_word' id='word_1_129' title='bbox 3123 515 3193 575; x_wconf 81' lang='grc' dir='ltr'><strong>τά</strong></span> <span class='ocrx_word' id='word_1_130' title='bbox 3219 515 3362 570; x_wconf 75' lang='grc' dir='ltr'>κατὰ</span> <span class='ocrx_word' id='word_1_131' title='bbox 3396 514 3490 569; x_wconf 73' lang='grc' dir='ltr'>τὸν</span> <span class='ocrx_word' id='word_1_132' title='bbox 3528 514 3716 583; x_wconf 77' lang='grc' dir='ltr'>Διογέ-</span> 
     </span>
    </p>
   </div>
   <div class='ocr_carea' id='block_1_21' title="bbox 2138 606 3716 685">
    <p class='ocr_par' dir='ltr' id='par_1_21' title="bbox 2138 606 3716 685">
     <span class='ocr_line' id='line_1_21' title="bbox 2138 606 3716 685; baseline -0.005 -16"><span class='ocrx_word' id='word_1_133' title='bbox 2138 634 2238 685; x_wconf 84' lang='grc' dir='ltr'><strong>νην</strong></span> <span class='ocrx_word' id='word_1_134' title='bbox 2278 616 2588 669; x_wconf 84' lang='grc' dir='ltr'>διάθωνται.</span> <span class='ocrx_word' id='word_1_135' title='bbox 2633 612 2940 668; x_wconf 79' lang='grc' dir='ltr'>Ἐδεδίεσαν</span> <span class='ocrx_word' id='word_1_136' title='bbox 2977 610 3085 681; x_wconf 74' lang='grc' dir='ltr'><strong>γὰρ</strong></span> <span class='ocrx_word' id='word_1_137' title='bbox 3119 608 3195 679; x_wconf 82' lang='grc' dir='ltr'>μή</span> <span class='ocrx_word' id='word_1_138' title='bbox 3237 624 3356 670; x_wconf 83' lang='grc' dir='ltr'><strong>πως</strong></span> <span class='ocrx_word' id='word_1_139' title='bbox 3387 606 3574 671; x_wconf 84' lang='grc' dir='ltr'>ἁδείας</span> <span class='ocrx_word' id='word_1_140' title='bbox 3606 607 3716 661; x_wconf 87' lang='grc' dir='ltr'>πά-</span> 
     </span>
    </p>
   </div>
   <div class='ocr_carea' id='block_1_22' title="bbox 2139 697 3719 775">
    <p class='ocr_par' dir='ltr' id='par_1_22' title="bbox 2139 697 3719 775">
     <span class='ocr_line' id='line_1_22' title="bbox 2139 697 3719 775; baseline -0.006 -16"><span class='ocrx_word' id='word_1_141' title='bbox 2139 706 2223 760; x_wconf 93' lang='grc' dir='ltr'><strong>λιν</strong></span> <span class='ocrx_word' id='word_1_142' title='bbox 2275 709 2482 771; x_wconf 75' lang='grc' dir='ltr'>ἐκεῖνος</span> <span class='ocrx_word' id='word_1_143' title='bbox 2515 702 2873 775; x_wconf 70' lang='grc' dir='ltr'>δραξάμενος</span> <span class='ocrx_word' id='word_1_144' title='bbox 2901 699 3285 774; x_wconf 74' lang='grc' dir='ltr'>στρατεύματα</span> <span class='ocrx_word' id='word_1_145' title='bbox 3325 716 3386 752; x_wconf 87' lang='grc' dir='ltr'><strong>τε</strong></span> <span class='ocrx_word' id='word_1_146' title='bbox 3419 697 3719 770; x_wconf 77' lang='grc' dir='ltr'>συναγείρῃ</span> 
     </span>
    </p>
   </div>
   <div class='ocr_carea' id='block_1_23' title="bbox 2140 790 3718 872">
    <p class='ocr_par' dir='ltr' id='par_1_23' title="bbox 2140 790 3718 872">
     <span class='ocr_line' id='line_1_23' title="bbox 2140 790 3718 872; baseline -0.006 -19"><span class='ocrx_word' id='word_1_147' title='bbox 2140 800 2247 853; x_wconf 80' lang='grc' dir='ltr'>τῶν</span> <span class='ocrx_word' id='word_1_148' title='bbox 2282 800 2473 870; x_wconf 84' lang='grc' dir='ltr'>πρώην</span> <span class='ocrx_word' id='word_1_149' title='bbox 2511 798 2593 872; x_wconf 80' lang='grc' dir='ltr'><strong>[Ρ.</strong></span> <span class='ocrx_word' id='word_1_150' title='bbox 2629 797 2720 870; x_wconf 73' lang='grc'><strong>56]</strong></span> <span class='ocrx_word' id='word_1_151' title='bbox 2755 795 3011 862; x_wconf 88' lang='grc' dir='ltr'>πλείονα,</span> <span class='ocrx_word' id='word_1_152' title='bbox 3055 792 3147 848; x_wconf 85' lang='grc' dir='ltr'>καὶ</span> <span class='ocrx_word' id='word_1_153' title='bbox 3200 793 3459 864; x_wconf 82' lang='grc' dir='ltr'>χρήματα</span> <span class='ocrx_word' id='word_1_154' title='bbox 3499 790 3609 844; x_wconf 78' lang='grc' dir='ltr'><strong>τῶν</strong></span> <span class='ocrx_word' id='word_1_155' title='bbox 3650 793 3718 844; x_wconf 78' lang='grc' dir='ltr'>ὲκ</span> 
     </span>
    </p>
   </div>
   <div class='ocr_carea' id='block_1_24' title="bbox 2139 879 3720 960">
    <p class='ocr_par' dir='ltr' id='par_1_24' title="bbox 2139 879 3720 960">
     <span class='ocr_line' id='line_1_24' title="bbox 2139 879 3720 960; baseline -0.008 -16"><span class='ocrx_word' id='word_1_156' title='bbox 2139 891 2241 960; x_wconf 75' lang='grc' dir='ltr'>τῆς</span> <span class='ocrx_word' id='word_1_157' title='bbox 2297 890 2631 960; x_wconf 77' lang='grc' dir='ltr'>’Δντιοχείας</span> <span class='ocrx_word' id='word_1_158' title='bbox 2665 889 2858 960; x_wconf 83' lang='grc' dir='ltr'>χώρων</span> <span class='ocrx_word' id='word_1_159' title='bbox 2889 884 3254 957; x_wconf 81' lang='grc' dir='ltr'>είσπράξηται</span> <span class='ocrx_word' id='word_1_160' title='bbox 3287 882 3385 937; x_wconf 79' lang='grc' dir='ltr'>καὶ</span> <span class='ocrx_word' id='word_1_161' title='bbox 3425 879 3720 952; x_wconf 81' lang='grc' dir='ltr'>δυσμαχώ-</span> 
     </span>
    </p>
   </div>
   <div class='ocr_carea' id='block_1_25' title="bbox 2139 973 3717 1053">
    <p class='ocr_par' dir='ltr' id='par_1_25' title="bbox 2139 973 3717 1053">
     <span class='ocr_line' id='line_1_25' title="bbox 2139 973 3717 1053; baseline -0.008 -17"><span class='ocrx_word' id='word_1_162' title='bbox 2139 999 2296 1053; x_wconf 86' lang='grc' dir='ltr'>τερος</span> <span class='ocrx_word' id='word_1_163' title='bbox 2327 982 2656 1052; x_wconf 80' lang='grc' dir='ltr'><strong>κατασταίη.</strong></span> <span class='ocrx_word' id='word_1_164' title='bbox 2701 981 2875 1043; x_wconf 77' lang='grc' dir='ltr'>Εὐθὺς</span> <span class='ocrx_word' id='word_1_165' title='bbox 2903 974 2994 1033; x_wconf 79' lang='grc' dir='ltr'>οὖν</span> <span class='ocrx_word' id='word_1_166' title='bbox 3017 978 3045 1030; x_wconf 87' lang='grc' dir='ltr'>ὁ</span> <span class='ocrx_word' id='word_1_167' title='bbox 3074 979 3292 1047; x_wconf 83' lang='grc' dir='ltr'>Καῖσαρ</span> <span class='ocrx_word' id='word_1_168' title='bbox 3324 973 3717 1045; x_wconf 80' lang='grc' dir='ltr'><strong>μετακαλεῖται</strong></span> 
     </span>
    </p>
   </div>
   <div class='ocr_carea' id='block_1_26' title="bbox 2138 1062 3718 1133">
    <p class='ocr_par' dir='ltr' id='par_1_26' title="bbox 2138 1062 3718 1133">
     <span class='ocr_line' id='line_1_26' title="bbox 2138 1062 3718 1133; baseline -0.007 -7"><span class='ocrx_word' id='word_1_169' title='bbox 2138 1072 2233 1127; x_wconf 82' lang='grc' dir='ltr'>τὸν</span> <span class='ocrx_word' id='word_1_170' title='bbox 2281 1072 2397 1125; x_wconf 80' lang='grc' dir='ltr'>υίδν</span> <span class='ocrx_word' id='word_1_171' title='bbox 2454 1074 2899 1133; x_wconf 83' lang='grc' dir='ltr'>Κωνσταντῖνον.</span> <span class='ocrx_word' id='word_1_172' title='bbox 2958 1069 3055 1123; x_wconf 76' lang='grc' dir='ltr'>καὶ</span> <span class='ocrx_word' id='word_1_173' title='bbox 3107 1065 3265 1131; x_wconf 78' lang='grc' dir='ltr'>αὖθις</span> <span class='ocrx_word' id='word_1_174' title='bbox 3314 1064 3412 1129; x_wconf 82' lang='grc' dir='ltr'>τὰς</span> <span class='ocrx_word' id='word_1_175' title='bbox 3460 1062 3718 1132; x_wconf 85' lang='grc' dir='ltr'>δυνάμεις</span> 
     </span>
    </p>
   </div>
   <div class='ocr_carea' id='block_1_27' title="bbox 2143 1158 3714 1237">
    <p class='ocr_par' dir='ltr' id='par_1_27' title="bbox 2143 1158 3714 1237">
     <span class='ocr_line' id='line_1_27' title="bbox 2143 1158 3714 1237; baseline -0.007 -18"><span class='ocrx_word' id='word_1_176' title='bbox 2143 1165 2547 1237; x_wconf 81' lang='grc' dir='ltr'>ἀναλαμϐάνειν</span> <span class='ocrx_word' id='word_1_177' title='bbox 2575 1167 2667 1218; x_wconf 80' lang='grc' dir='ltr'>καὶ</span> <span class='ocrx_word' id='word_1_178' title='bbox 2698 1164 2842 1219; x_wconf 78' lang='grc' dir='ltr'>κατὰ</span> <span class='ocrx_word' id='word_1_179' title='bbox 2861 1163 2954 1217; x_wconf 82' lang='grc' dir='ltr'>τοῦ</span> <span class='ocrx_word' id='word_1_180' title='bbox 2992 1160 3278 1230; x_wconf 80' lang='grc' dir='ltr'>Διογένους</span> <span class='ocrx_word' id='word_1_181' title='bbox 3327 1158 3528 1229; x_wconf 78' lang='grc' dir='ltr'>χωρεῖν</span> <span class='ocrx_word' id='word_1_182' title='bbox 3571 1172 3714 1227; x_wconf 77' lang='grc' dir='ltr'>παρ-</span> 
     </span>
    </p>
   </div>
   <div class='ocr_carea' id='block_1_28' title="bbox 2142 1248 3718 1325">
    <p class='ocr_par' dir='ltr' id='par_1_28' title="bbox 2142 1248 3718 1325">
     <span class='ocr_line' id='line_1_28' title="bbox 2142 1248 3718 1325; baseline -0.007 -14"><span class='ocrx_word' id='word_1_183' title='bbox 2142 1256 2447 1313; x_wconf 86' lang='grc' dir='ltr'>εκελεύετο.</span> <span class='ocrx_word' id='word_1_184' title='bbox 2499 1257 2609 1311; x_wconf 80' lang='grc' dir='ltr'><strong>Τοῦ</strong></span> <span class='ocrx_word' id='word_1_185' title='bbox 2662 1257 2719 1310; x_wconf 83' lang='grc' dir='ltr'>δὲ</span> <span class='ocrx_word' id='word_1_186' title='bbox 2766 1252 3232 1325; x_wconf 79' lang='grc' dir='ltr'><strong>παραιτουμένου,</strong></span> <span class='ocrx_word' id='word_1_187' title='bbox 3266 1253 3294 1304; x_wconf 82' lang='grc' dir='ltr'><strong>ὁ</strong></span> <span class='ocrx_word' id='word_1_188' title='bbox 3346 1248 3718 1321; x_wconf 83' lang='grc' dir='ltr'>πρεσϐύτερος</span> 
     </span>
    </p>
   </div>
   <div class='ocr_carea' id='block_1_29' title="bbox 2142 1338 3721 1421">
    <p class='ocr_par' dir='ltr' id='par_1_29' title="bbox 2142 1338 3721 1421">
     <span class='ocr_line' id='line_1_29' title="bbox 2142 1338 3721 1421; baseline -0.008 -18"><span class='ocrx_word' id='word_1_189' title='bbox 2142 1351 2254 1404; x_wconf 79' lang='grc' dir='ltr'>τῶν</span> <span class='ocrx_word' id='word_1_190' title='bbox 2284 1350 2378 1403; x_wconf 74' lang='grc' dir='ltr'><strong>τοῦ</strong></span> <span class='ocrx_word' id='word_1_191' title='bbox 2407 1349 2685 1421; x_wconf 81' lang='grc' dir='ltr'>Καίσαρος</span> <span class='ocrx_word' id='word_1_192' title='bbox 2715 1348 2847 1401; x_wconf 85' lang='grc' dir='ltr'>υίῶν</span> <span class='ocrx_word' id='word_1_193' title='bbox 2879 1344 3230 1416; x_wconf 83' lang='grc' dir='ltr'>μετεκαλεῖτο</span> <span class='ocrx_word' id='word_1_194' title='bbox 3255 1341 3595 1413; x_wconf 67' lang='grc' dir='ltr'>Ἀνδρόνικος</span> <span class='ocrx_word' id='word_1_195' title='bbox 3624 1338 3721 1391; x_wconf 84' lang='grc' dir='ltr'>καὶ</span> 
     </span>
    </p>
   </div>
   <div class='ocr_carea' id='block_1_30' title="bbox 2144 1432 3718 1510">
    <p class='ocr_par' dir='ltr' id='par_1_30' title="bbox 2144 1432 3718 1510">
     <span class='ocr_line' id='line_1_30' title="bbox 2144 1432 3718 1510; baseline -0.006 -12"><span class='ocrx_word' id='word_1_196' title='bbox 2144 1443 2426 1498; x_wconf 77' lang='grc' dir='ltr'>ἐκελεύετο</span> <span class='ocrx_word' id='word_1_197' title='bbox 2448 1443 2689 1497; x_wconf 80' lang='grc' dir='ltr'><strong>ἀπιέναι.</strong></span> <span class='ocrx_word' id='word_1_198' title='bbox 2733 1441 2791 1495; x_wconf 85' lang='lat'><strong>&#39;0</strong></span> <span class='ocrx_word' id='word_1_199' title='bbox 2829 1441 2911 1506; x_wconf 79' lang='grc' dir='ltr'>δὲ,</span> <span class='ocrx_word' id='word_1_200' title='bbox 2945 1440 3102 1510; x_wconf 82' lang='grc' dir='ltr'>είπερ</span> <span class='ocrx_word' id='word_1_201' title='bbox 3134 1454 3220 1502; x_wconf 87' lang='grc' dir='ltr'><strong>τις</strong></span> <span class='ocrx_word' id='word_1_202' title='bbox 3258 1435 3443 1499; x_wconf 74' lang='grc' dir='ltr'>ἄλλος,</span> <span class='ocrx_word' id='word_1_203' title='bbox 3476 1432 3718 1502; x_wconf 77' lang='grc' dir='ltr'><strong>ὑπήκοος</strong></span> 
     </span>
    </p>
   </div>
   <div class='ocr_carea' id='block_1_31' title="bbox 2144 1526 3723 1609">
    <p class='ocr_par' dir='ltr' id='par_1_31' title="bbox 2144 1526 3723 1609">
     <span class='ocr_line' id='line_1_31' title="bbox 2144 1526 3723 1609; baseline -0.01 -16"><span class='ocrx_word' id='word_1_204' title='bbox 2144 1538 2219 1593; x_wconf 82' lang='grc' dir='ltr'>ὢν</span> <span class='ocrx_word' id='word_1_205' title='bbox 2251 1539 2420 1609; x_wconf 73' lang='grc' dir='ltr'>πατρὶ</span> <span class='ocrx_word' id='word_1_206' title='bbox 2466 1536 2629 1601; x_wconf 77' lang='grc' dir='ltr'>εὐθὺς</span> <span class='ocrx_word' id='word_1_207' title='bbox 2670 1536 2891 1606; x_wconf 64' lang='grc' dir='ltr'>ἕτοιμος</span> <span class='ocrx_word' id='word_1_208' title='bbox 2919 1529 2988 1605; x_wconf 80' lang='grc' dir='ltr'>ἦν</span> <span class='ocrx_word' id='word_1_209' title='bbox 3026 1531 3166 1604; x_wconf 78' lang='grc' dir='ltr'>πρὸς</span> <span class='ocrx_word' id='word_1_210' title='bbox 3199 1530 3263 1585; x_wconf 78' lang='grc' dir='ltr'>τὸ</span> <span class='ocrx_word' id='word_1_211' title='bbox 3298 1529 3480 1600; x_wconf 71' lang='grc' dir='ltr'>ἔργον.</span> <span class='ocrx_word' id='word_1_212' title='bbox 3518 1526 3723 1580; x_wconf 72' lang='grc' dir='ltr'>Συντα-</span> 
     </span>
    </p>
   </div>
   <div class='ocr_carea' id='block_1_32' title="bbox 2147 1617 3722 1702">
    <p class='ocr_par' dir='ltr' id='par_1_32' title="bbox 2147 1617 3722 1702">
     <span class='ocr_line' id='line_1_32' title="bbox 2147 1617 3722 1702; baseline -0.011 -15"><span class='ocrx_word' id='word_1_213' title='bbox 2147 1634 2376 1702; x_wconf 79' lang='grc' dir='ltr'>ξάμενος</span> <span class='ocrx_word' id='word_1_214' title='bbox 2404 1631 2496 1685; x_wconf 79' lang='grc' dir='ltr'>οὖν</span> <span class='ocrx_word' id='word_1_215' title='bbox 2528 1628 2843 1700; x_wconf 75' lang='grc' dir='ltr'>αὐθημερὸν</span> <span class='ocrx_word' id='word_1_216' title='bbox 2880 1627 2961 1698; x_wconf 84' lang='grc' dir='ltr'><strong>τῷ</strong></span> <span class='ocrx_word' id='word_1_217' title='bbox 2993 1624 3203 1697; x_wconf 86' lang='grc' dir='ltr'>βασιλεῖ</span> <span class='ocrx_word' id='word_1_218' title='bbox 3226 1622 3321 1677; x_wconf 72' lang='grc' dir='ltr'>καὶ</span> <span class='ocrx_word' id='word_1_219' title='bbox 3363 1618 3443 1691; x_wconf 82' lang='grc' dir='ltr'>τῷ</span> <span class='ocrx_word' id='word_1_220' title='bbox 3477 1617 3722 1686; x_wconf 83' lang='grc' dir='ltr'>Καίσαρι</span> 
     </span>
    </p>
   </div>
   <div class='ocr_carea' id='block_1_33' title="bbox 2145 1703 3725 1789">
    <p class='ocr_par' dir='ltr' id='par_1_33' title="bbox 2145 1703 3725 1789">
     <span class='ocr_line' id='line_1_33' title="bbox 2145 1703 3725 1789; baseline -0.008 -18"><span class='ocrx_word' id='word_1_221' title='bbox 2145 1719 2238 1772; x_wconf 69' lang='grc' dir='ltr'>τὸν</span> <span class='ocrx_word' id='word_1_222' title='bbox 2275 1718 2521 1789; x_wconf 77' lang='grc' dir='ltr'>πορθμὸν</span> <span class='ocrx_word' id='word_1_223' title='bbox 2556 1714 2939 1787; x_wconf 85' lang='grc' dir='ltr'>διεπεραιοῦτο</span> <span class='ocrx_word' id='word_1_224' title='bbox 2967 1714 3061 1769; x_wconf 72' lang='grc' dir='ltr'><strong>τὸν</strong></span> <span class='ocrx_word' id='word_1_225' title='bbox 3096 1709 3485 1783; x_wconf 83' lang='grc' dir='ltr'>Χαλκηδόνιον.</span> <span class='ocrx_word' id='word_1_226' title='bbox 3516 1708 3628 1762; x_wconf 71' lang='grc' dir='ltr'><strong>Καὶ</strong></span> <span class='ocrx_word' id='word_1_227' title='bbox 3662 1703 3725 1772; x_wconf 70' lang='grc' dir='ltr'><strong>ἐξ</strong></span> 
     </span>
    </p>
   </div>
   <div class='ocr_carea' id='block_1_34' title="bbox 472 1794 2045 1879">
    <p class='ocr_par' dir='ltr' id='par_1_34' title="bbox 472 1798 2045 1871">
     <span class='ocr_line' id='line_1_34' title="bbox 472 1798 2045 1871; baseline 0.002 -19"><span class='ocrx_word' id='word_1_228' title='bbox 472 1801 799 1871; x_wconf 82' lang='lat' dir='ltr'><strong>apparandis</strong></span> <span class='ocrx_word' id='word_1_229' title='bbox 829 1800 990 1857; x_wconf 83' lang='lat' dir='ltr'><strong>rebus</strong></span> <span class='ocrx_word' id='word_1_230' title='bbox 1010 1800 1077 1855; x_wconf 88' lang='lat' dir='ltr'><strong>ad</strong></span> <span class='ocrx_word' id='word_1_231' title='bbox 1112 1798 1501 1869; x_wconf 83' lang='lat' dir='ltr'><strong>profectionem</strong></span> <span class='ocrx_word' id='word_1_232' title='bbox 1535 1798 1886 1865; x_wconf 86' lang='lat' dir='ltr'><strong>necessariis,</strong></span> <span class='ocrx_word' id='word_1_233' title='bbox 1917 1800 2045 1855; x_wconf 86' lang='lat' dir='ltr'><strong>hinc</strong></span> 
     </span>
    </p>
   </div>
   <div class='ocr_carea' id='block_1_35' title="bbox 2147 1794 3725 1879">
    <p class='ocr_par' dir='ltr' id='par_1_35' title="bbox 2147 1796 3725 1879">
     <span class='ocr_line' id='line_1_35' title="bbox 2147 1796 3725 1879; baseline -0.008 -19"><span class='ocrx_word' id='word_1_234' title='bbox 2147 1808 2360 1879; x_wconf 74' lang='grc' dir='ltr'>ἡμέρας</span> <span class='ocrx_word' id='word_1_235' title='bbox 2391 1805 2674 1876; x_wconf 78' lang='grc' dir='ltr'>διατρίψας</span> <span class='ocrx_word' id='word_1_236' title='bbox 2705 1804 2836 1876; x_wconf 80' lang='grc' dir='ltr'>περὶ</span> <span class='ocrx_word' id='word_1_237' title='bbox 2871 1802 2971 1875; x_wconf 78' lang='grc' dir='ltr'>τὴν</span> <span class='ocrx_word' id='word_1_238' title='bbox 3000 1800 3323 1871; x_wconf 79' lang='grc' dir='ltr'>Χαλκηδόνα</span> <span class='ocrx_word' id='word_1_239' title='bbox 3352 1800 3478 1853; x_wconf 80' lang='grc' dir='ltr'>ὅσον</span> <span class='ocrx_word' id='word_1_240' title='bbox 3504 1796 3573 1851; x_wconf 79' lang='grc' dir='ltr'><strong>τά</strong></span> <span class='ocrx_word' id='word_1_241' title='bbox 3602 1797 3725 1849; x_wconf 76' lang='grc' dir='ltr'>ἑπι-</span> 
     </span>
    </p>
   </div>
   <div class='ocr_carea' id='block_1_36' title="bbox 474 1891 2046 1962">
    <p class='ocr_par' dir='ltr' id='par_1_36' title="bbox 474 1891 2046 1962">
     <span class='ocr_line' id='line_1_36' title="bbox 474 1891 2046 1962; baseline 0.002 -19"><span class='ocrx_word' id='word_1_242' title='bbox 474 1907 698 1948; x_wconf 89' lang='lat' dir='ltr'><strong>movens</strong></span> <span class='ocrx_word' id='word_1_243' title='bbox 743 1892 998 1948; x_wconf 86' lang='lat' dir='ltr'><strong>cirruivit</strong></span> <span class='ocrx_word' id='word_1_244' title='bbox 1041 1891 1370 1948; x_wconf 90' lang='lat' dir='ltr'><strong>Orientalem</strong></span> <span class='ocrx_word' id='word_1_245' title='bbox 1430 1900 1663 1946; x_wconf 88' lang='lat' dir='ltr'><strong>tractum</strong></span> <span class='ocrx_word' id='word_1_246' title='bbox 1713 1891 2046 1962; x_wconf 79' lang='lat' dir='ltr'><strong>collegitque</strong></span> 
     </span>
    </p>
   </div>
   <div class='ocr_carea' id='block_1_37' title="bbox 472 1981 2044 2051">
    <p class='ocr_par' dir='ltr' id='par_1_37' title="bbox 472 1981 2044 2051">
     <span class='ocr_line' id='line_1_37' title="bbox 472 1981 2044 2051; baseline 0.005 -22"><span class='ocrx_word' id='word_1_247' title='bbox 472 1983 682 2051; x_wconf 65' lang='lat' dir='ltr'><strong>copias,</strong></span> <span class='ocrx_word' id='word_1_248' title='bbox 714 1982 915 2051; x_wconf 86' lang='lat' dir='ltr'><strong>quibus</strong></span> <span class='ocrx_word' id='word_1_249' title='bbox 940 1982 1214 2039; x_wconf 84' lang='lat' dir='ltr'><strong>universis</strong></span> <span class='ocrx_word' id='word_1_250' title='bbox 1248 1998 1416 2038; x_wconf 91' lang='lat' dir='ltr'><strong>unum</strong></span> <span class='ocrx_word' id='word_1_251' title='bbox 1448 1981 1503 2037; x_wconf 92' lang='lat' dir='ltr'><strong>in</strong></span> <span class='ocrx_word' id='word_1_252' title='bbox 1530 1983 1810 2038; x_wconf 79' lang='lat' dir='ltr'><strong>exercitus</strong></span> <span class='ocrx_word' id='word_1_253' title='bbox 1842 1997 2044 2051; x_wconf 90' lang='lat' dir='ltr'><strong>corpus</strong></span> 
     </span>
    </p>
   </div>
   <div class='ocr_carea' id='block_1_38' title="bbox 474 2071 2044 2143">
    <p class='ocr_par' dir='ltr' id='par_1_38' title="bbox 474 2071 2044 2143">
     <span class='ocr_line' id='line_1_38' title="bbox 474 2071 2044 2143; baseline 0.002 -17"><span class='ocrx_word' id='word_1_254' title='bbox 474 2087 659 2126; x_wconf 80' lang='lat' dir='ltr'><strong>secum</strong></span> <span class='ocrx_word' id='word_1_255' title='bbox 688 2071 893 2142; x_wconf 89' lang='lat' dir='ltr'><strong>junctis</strong></span> <span class='ocrx_word' id='word_1_256' title='bbox 914 2072 1340 2143; x_wconf 78' lang='lat' dir='ltr'><strong>itcr&#39;capessivit</strong></span> <span class='ocrx_word' id='word_1_257' title='bbox 1359 2073 1608 2129; x_wconf 86' lang='lat' dir='ltr'><strong>Ciliciam</strong></span> <span class='ocrx_word' id='word_1_258' title='bbox 1634 2088 1844 2129; x_wconf 85' lang='lat' dir='ltr'><strong>versus.</strong></span> <span class='ocrx_word' id='word_1_259' title='bbox 1863 2073 2044 2129; x_wconf 85' lang='lat' dir='ltr'><strong>Prima</strong></span> 
     </span>
    </p>
   </div>
   <div class='ocr_carea' id='block_1_39' title="bbox 474 2161 2046 2236">
    <p class='ocr_par' dir='ltr' id='par_1_39' title="bbox 474 2161 2046 2236">
     <span class='ocr_line' id='line_1_39' title="bbox 474 2161 2046 2236; baseline 0.003 -22"><span class='ocrx_word' id='word_1_260' title='bbox 474 2164 528 2217; x_wconf 92' lang='lat' dir='ltr'><strong>in</strong></span> <span class='ocrx_word' id='word_1_261' title='bbox 560 2161 644 2217; x_wconf 89' lang='lat' dir='ltr'><strong>his</strong></span> <span class='ocrx_word' id='word_1_262' title='bbox 665 2161 981 2219; x_wconf 85' lang='lat' dir='ltr'><strong>Andronico</strong></span> <span class='ocrx_word' id='word_1_263' title='bbox 1011 2179 1143 2220; x_wconf 88' lang='lat' dir='ltr'><strong>cura</strong></span> <span class='ocrx_word' id='word_1_264' title='bbox 1169 2163 1275 2220; x_wconf 91' lang='lat' dir='ltr'><strong>fuit</strong></span> <span class='ocrx_word' id='word_1_265' title='bbox 1300 2166 1650 2221; x_wconf 84' lang='lat' dir='ltr'><strong>concordiam</strong></span> <span class='ocrx_word' id='word_1_266' title='bbox 1681 2174 1736 2222; x_wconf 90' lang='lat' dir='ltr'><strong>et</strong></span> <span class='ocrx_word' id='word_1_267' title='bbox 1763 2165 2046 2236; x_wconf 84' lang='lat' dir='ltr'><strong>conspira-</strong></span> 
     </span>
    </p>
   </div>
   <div class='ocr_carea' id='block_1_40' title="bbox 474 2255 2041 2314">
    <p class='ocr_par' dir='ltr' id='par_1_40' title="bbox 474 2255 2041 2314">
     <span class='ocr_line' id='line_1_40' title="bbox 474 2255 2041 2314; baseline 0.004 -7"><span class='ocrx_word' id='word_1_268' title='bbox 474 2259 678 2310; x_wconf 85' lang='lat' dir='ltr'><strong>tionem</strong></span> <span class='ocrx_word' id='word_1_269' title='bbox 722 2255 775 2309; x_wconf 74' lang='lat' dir='ltr'><strong>ill</strong></span> <span class='ocrx_word' id='word_1_270' title='bbox 823 2272 996 2312; x_wconf 88' lang='lat' dir='ltr'><strong>unum</strong></span> <span class='ocrx_word' id='word_1_271' title='bbox 1040 2272 1262 2313; x_wconf 80' lang='lat' dir='ltr'><strong>sensum</strong></span> <span class='ocrx_word' id='word_1_272' title='bbox 1304 2259 1358 2313; x_wconf 92' lang='lat' dir='ltr'><strong>in</strong></span> <span class='ocrx_word' id='word_1_273' title='bbox 1401 2256 1649 2314; x_wconf 82' lang='lat' dir='ltr'><strong>exercitu</strong></span> <span class='ocrx_word' id='word_1_274' title='bbox 1683 2257 2041 2314; x_wconf 82' lang='lat' dir='ltr'><strong>constituere.</strong></span> 
     </span>
    </p>
   </div>
   <div class='ocr_carea' id='block_1_41' title="bbox 472 2329 2047 2421">
    <p class='ocr_par' dir='ltr' id='par_1_41' title="bbox 472 2329 2047 2421">
     <span class='ocr_line' id='line_1_41' title="bbox 472 2329 2047 2421; baseline 0.003 -21"><span class='ocrx_word' id='word_1_275' title='bbox 472 2343 632 2413; x_wconf 85' lang='lat' dir='ltr'><strong>Quod</strong></span> <span class='ocrx_word' id='word_1_276' title='bbox 681 2357 966 2404; x_wconf 89' lang='lat' dir='ltr'><strong>assecutus</strong></span> <span class='ocrx_word' id='word_1_277' title='bbox 1005 2362 1221 2405; x_wconf 89' lang='lat' dir='ltr'><strong>summa</strong></span> <span class='ocrx_word' id='word_1_278' title='bbox 1271 2350 1564 2414; x_wconf 82' lang='lat' dir='ltr'><strong>comitate,</strong></span> <span class='ocrx_word' id='word_1_279' title='bbox 1614 2365 1723 2421; x_wconf 89' lang='lat' dir='ltr'><strong>qua</strong></span> <span class='ocrx_word' id='word_1_280' title='bbox 1772 2329 2047 2420; x_wconf 82' lang='lat' dir='ltr'><strong>quemque</strong></span> 
     </span>
    </p>
   </div>
   <div class='ocr_carea' id='block_1_42' title="bbox 475 2440 2043 2515">
    <p class='ocr_par' dir='ltr' id='par_1_42' title="bbox 475 2440 2043 2515">
     <span class='ocr_line' id='line_1_42' title="bbox 475 2440 2043 2515; baseline 0.004 -22"><span class='ocrx_word' id='word_1_281' title='bbox 475 2440 872 2497; x_wconf 85' lang='lat' dir='ltr'><strong>humanissime</strong></span> <span class='ocrx_word' id='word_1_282' title='bbox 903 2441 1440 2515; x_wconf 85' lang='lat' dir='ltr'><strong>familiarissitneque</strong></span> <span class='ocrx_word' id='word_1_283' title='bbox 1473 2444 1777 2511; x_wconf 78' lang='lat' dir='ltr'><strong>tractabat;</strong></span> <span class='ocrx_word' id='word_1_284' title='bbox 1809 2443 2043 2499; x_wconf 84' lang='lat' dir='ltr'><strong>alterum</strong></span> 
     </span>
    </p>
   </div>
   <div class='ocr_carea' id='block_1_43' title="bbox 474 2531 2045 2607">
    <p class='ocr_par' dir='ltr' id='par_1_43' title="bbox 474 2531 2045 2607">
     <span class='ocr_line' id='line_1_43' title="bbox 474 2531 2045 2607; baseline 0.004 -22"><span class='ocrx_word' id='word_1_285' title='bbox 474 2531 672 2587; x_wconf 87' lang='lat' dir='ltr'><strong>deinde</strong></span> <span class='ocrx_word' id='word_1_286' title='bbox 694 2531 836 2588; x_wconf 87' lang='lat' dir='ltr'><strong>istud</strong></span> <span class='ocrx_word' id='word_1_287' title='bbox 861 2532 963 2588; x_wconf 86' lang='lat' dir='ltr'><strong>sibi</strong></span> <span class='ocrx_word' id='word_1_288' title='bbox 990 2536 1276 2603; x_wconf 89' lang='lat' dir='ltr'><strong>proposuit</strong></span> <span class='ocrx_word' id='word_1_289' title='bbox 1301 2549 1483 2607; x_wconf 80' lang='lat' dir='ltr'><strong>agere,</strong></span> <span class='ocrx_word' id='word_1_290' title='bbox 1521 2542 1582 2590; x_wconf 86' lang='lat' dir='ltr'><strong>ut</strong></span> <span class='ocrx_word' id='word_1_291' title='bbox 1623 2534 1892 2591; x_wconf 87' lang='lat' dir='ltr'><strong>adventus</strong></span> <span class='ocrx_word' id='word_1_292' title='bbox 1923 2535 2045 2606; x_wconf 85' lang='lat' dir='ltr'><strong>ejus</strong></span> 
     </span>
    </p>
   </div>
   <div class='ocr_carea' id='block_1_44' title="bbox 477 2624 2045 2699">
    <p class='ocr_par' dir='ltr' id='par_1_44' title="bbox 477 2624 2045 2699">
     <span class='ocr_line' id='line_1_44' title="bbox 477 2624 2045 2699; baseline 0.004 -23"><span class='ocrx_word' id='word_1_293' title='bbox 477 2627 666 2678; x_wconf 70' lang='lat' dir='ltr'><strong>lateret</strong></span> <span class='ocrx_word' id='word_1_294' title='bbox 691 2624 895 2689; x_wconf 86' lang='lat' dir='ltr'><strong>hostes,</strong></span> <span class='ocrx_word' id='word_1_295' title='bbox 926 2625 1193 2697; x_wconf 86' lang='lat' dir='ltr'><strong>priusque</strong></span> <span class='ocrx_word' id='word_1_296' title='bbox 1225 2627 1340 2696; x_wconf 89' lang='lat' dir='ltr'><strong>ipse</strong></span> <span class='ocrx_word' id='word_1_297' title='bbox 1367 2642 1490 2682; x_wconf 91' lang='lat' dir='ltr'><strong>cum</strong></span> <span class='ocrx_word' id='word_1_298' title='bbox 1519 2628 1636 2684; x_wconf 89' lang='lat' dir='ltr'><strong>suis</strong></span> <span class='ocrx_word' id='word_1_299' title='bbox 1665 2643 1758 2697; x_wconf 89' lang='lat' dir='ltr'><strong>per</strong></span> <span class='ocrx_word' id='word_1_300' title='bbox 1782 2637 2045 2699; x_wconf 79' lang='lat' dir='ltr'><strong>angustos</strong></span> 
     </span>
    </p>
   </div>
   <div class='ocr_carea' id='block_1_45' title="bbox 476 2713 2046 2787">
    <p class='ocr_par' dir='ltr' id='par_1_45' title="bbox 476 2713 2046 2787">
     <span class='ocr_line' id='line_1_45' title="bbox 476 2713 2046 2787; baseline 0.004 -21"><span class='ocrx_word' id='word_1_301' title='bbox 476 2713 656 2770; x_wconf 82' lang='lat' dir='ltr'><strong>aditus</strong></span> <span class='ocrx_word' id='word_1_302' title='bbox 699 2713 753 2769; x_wconf 88' lang='lat' dir='ltr'><strong>in</strong></span> <span class='ocrx_word' id='word_1_303' title='bbox 787 2713 1031 2769; x_wconf 87' lang='lat' dir='ltr'><strong>Ciliciam</strong></span> <span class='ocrx_word' id='word_1_304' title='bbox 1082 2725 1425 2785; x_wconf 84' lang='lat' dir='ltr'><strong>penetraret,</strong></span> <span class='ocrx_word' id='word_1_305' title='bbox 1468 2732 1632 2787; x_wconf 90' lang='lat' dir='ltr'><strong>quam</strong></span> <span class='ocrx_word' id='word_1_306' title='bbox 1681 2717 1732 2771; x_wconf 91' lang='lat' dir='ltr'><strong>id</strong></span> <span class='ocrx_word' id='word_1_307' title='bbox 1777 2715 2046 2787; x_wconf 82' lang='lat' dir='ltr'><strong>Diogenes</strong></span> 
     </span>
    </p>
   </div>
   <div class='ocr_carea' id='block_1_46' title="bbox 476 2806 2044 2880">
    <p class='ocr_par' dir='ltr' id='par_1_46' title="bbox 476 2806 2044 2880">
     <span class='ocr_line' id='line_1_46' title="bbox 476 2806 2044 2880; baseline 0.003 -19"><span class='ocrx_word' id='word_1_308' title='bbox 476 2808 756 2863; x_wconf 89' lang='lat' dir='ltr'><strong>sensisset.</strong></span> <span class='ocrx_word' id='word_1_309' title='bbox 785 2806 959 2877; x_wconf 78' lang='lat' dir='ltr'><strong>Hujus</strong></span> <span class='ocrx_word' id='word_1_310' title='bbox 1006 2823 1223 2879; x_wconf 89' lang='lat' dir='ltr'><strong>quoque</strong></span> <span class='ocrx_word' id='word_1_311' title='bbox 1268 2808 1493 2865; x_wconf 87' lang='lat' dir='ltr'><strong>secundi</strong></span> <span class='ocrx_word' id='word_1_312' title='bbox 1542 2809 1652 2864; x_wconf 86' lang='lat' dir='ltr'><strong>voti</strong></span> <span class='ocrx_word' id='word_1_313' title='bbox 1687 2824 1915 2880; x_wconf 90' lang='lat' dir='ltr'><strong>compos</strong></span> <span class='ocrx_word' id='word_1_314' title='bbox 1961 2808 2044 2865; x_wconf 88' lang='lat' dir='ltr'><strong>fa-</strong></span> 
     </span>
    </p>
   </div>
   <div class='ocr_carea' id='block_1_47' title="bbox 477 2896 2050 2969">
    <p class='ocr_par' dir='ltr' id='par_1_47' title="bbox 477 2896 2050 2969">
     <span class='ocr_line' id='line_1_47' title="bbox 477 2896 2050 2969; baseline 0.002 -18"><span class='ocrx_word' id='word_1_315' title='bbox 477 2908 597 2951; x_wconf 77' lang='lat' dir='ltr'><strong>ctus</strong></span> <span class='ocrx_word' id='word_1_316' title='bbox 626 2905 728 2952; x_wconf 90' lang='lat' dir='ltr'><strong>est.</strong></span> <span class='ocrx_word' id='word_1_317' title='bbox 756 2897 919 2952; x_wconf 83' lang='lat' dir='ltr'><strong>Arcto</strong></span> <span class='ocrx_word' id='word_1_318' title='bbox 939 2896 1085 2952; x_wconf 91' lang='lat' dir='ltr'><strong>enim</strong></span> <span class='ocrx_word' id='word_1_319' title='bbox 1111 2904 1165 2952; x_wconf 87' lang='lat' dir='ltr'><strong>et</strong></span> <span class='ocrx_word' id='word_1_320' title='bbox 1198 2897 1459 2969; x_wconf 60' lang='lat' dir='ltr'><strong>pracipiti</strong></span> <span class='ocrx_word' id='word_1_321' title='bbox 1487 2898 1622 2954; x_wconf 90' lang='lat' dir='ltr'><strong>calle</strong></span> <span class='ocrx_word' id='word_1_322' title='bbox 1655 2907 1916 2969; x_wconf 88' lang='lat' dir='ltr'><strong>superato</strong></span> <span class='ocrx_word' id='word_1_323' title='bbox 1938 2901 2050 2954; x_wconf 75' lang='lat' dir='ltr'><strong>An-</strong></span> 
     </span>
    </p>
   </div>
   <div class='ocr_carea' id='block_1_48' title="bbox 475 2988 2047 3062">
    <p class='ocr_par' dir='ltr' id='par_1_48' title="bbox 475 2988 2047 3062">
     <span class='ocr_line' id='line_1_48' title="bbox 475 2988 2047 3062; baseline 0.007 -23"><span class='ocrx_word' id='word_1_324' title='bbox 475 2988 686 3043; x_wconf 75' lang='lat' dir='ltr'><strong>dronici</strong></span> <span class='ocrx_word' id='word_1_325' title='bbox 743 2988 943 3043; x_wconf 89' lang='lat' dir='ltr'><strong>milites</strong></span> <span class='ocrx_word' id='word_1_326' title='bbox 989 3000 1215 3059; x_wconf 88' lang='lat' dir='ltr'><strong>repente</strong></span> <span class='ocrx_word' id='word_1_327' title='bbox 1265 2990 1399 3044; x_wconf 83' lang='lat' dir='ltr'><strong>nihil</strong></span> <span class='ocrx_word' id='word_1_328' title='bbox 1453 2991 1636 3046; x_wconf 90' lang='lat' dir='ltr'><strong>minus</strong></span> <span class='ocrx_word' id='word_1_329' title='bbox 1692 2992 2047 3062; x_wconf 90' lang='lat' dir='ltr'><strong>opinantibus</strong></span> 
     </span>
    </p>
   </div>
   <div class='ocr_carea' id='block_1_49' title="bbox 479 3079 1243 3151">
    <p class='ocr_par' dir='ltr' id='par_1_49' title="bbox 479 3079 1243 3151">
     <span class='ocr_line' id='line_1_49' title="bbox 479 3079 1243 3151; baseline 0.005 -19"><span class='ocrx_word' id='word_1_330' title='bbox 479 3079 826 3147; x_wconf 77' lang='lat' dir='ltr'><strong>Dingcnianis</strong></span> <span class='ocrx_word' id='word_1_331' title='bbox 858 3093 1243 3151; x_wconf 87' lang='lat' dir='ltr'><strong>apparuerunt.</strong></span> 
     </span>
    </p>
   </div>
   <div class='ocr_carea' id='block_1_50' title="bbox 547 3175 2047 3248">
    <p class='ocr_par' dir='ltr' id='par_1_50' title="bbox 547 3175 2047 3248">
     <span class='ocr_line' id='line_1_50' title="bbox 547 3175 2047 3248; baseline 0.003 -18"><span class='ocrx_word' id='word_1_332' title='bbox 547 3176 639 3230; x_wconf 73' lang='grc'>24.</span> <span class='ocrx_word' id='word_1_333' title='bbox 677 3175 908 3245; x_wconf 84' lang='lat' dir='ltr'><strong>Quando</strong></span> <span class='ocrx_word' id='word_1_334' title='bbox 937 3177 1172 3246; x_wconf 90' lang='lat' dir='ltr'><strong>primum</strong></span> <span class='ocrx_word' id='word_1_335' title='bbox 1205 3186 1428 3246; x_wconf 87' lang='lat' dir='ltr'><strong>accepto</strong></span> <span class='ocrx_word' id='word_1_336' title='bbox 1475 3192 1637 3233; x_wconf 85' lang='lat' dir='ltr'><strong>sensu</strong></span> <span class='ocrx_word' id='word_1_337' title='bbox 1681 3177 2047 3248; x_wconf 82' lang='lat' dir='ltr'><strong>expeditionis</strong></span> 
     </span>
    </p>
   </div>
   <div class='ocr_carea' id='block_1_51' title="bbox 476 3264 2051 3339">
    <p class='ocr_par' dir='ltr' id='par_1_51' title="bbox 476 3264 2051 3339">
     <span class='ocr_line' id='line_1_51' title="bbox 476 3264 2051 3339; baseline 0.004 -20"><span class='ocrx_word' id='word_1_338' title='bbox 476 3274 669 3321; x_wconf 89' lang='lat' dir='ltr'><strong>contra</strong></span> <span class='ocrx_word' id='word_1_339' title='bbox 698 3281 757 3321; x_wconf 90' lang='lat' dir='ltr'><strong>se</strong></span> <span class='ocrx_word' id='word_1_340' title='bbox 780 3264 959 3322; x_wconf 71' lang='lat' dir='ltr'><strong>ducta:</strong></span> <span class='ocrx_word' id='word_1_341' title='bbox 977 3308 992 3333; x_wconf 91' lang='lat'><strong>,</strong></span> <span class='ocrx_word' id='word_1_342' title='bbox 1019 3266 1312 3338; x_wconf 88' lang='lat' dir='ltr'><strong>imperatur</strong></span> <span class='ocrx_word' id='word_1_343' title='bbox 1338 3266 1608 3339; x_wconf 77' lang='lat' dir='ltr'><strong>Diogenes</strong></span> <span class='ocrx_word' id='word_1_344' title='bbox 1640 3269 1826 3338; x_wconf 89' lang='lat' dir='ltr'><strong>copias</strong></span> <span class='ocrx_word' id='word_1_345' title='bbox 1852 3277 1909 3324; x_wconf 93' lang='lat' dir='ltr'><strong>et</strong></span> <span class='ocrx_word' id='word_1_346' title='bbox 1934 3270 2051 3339; x_wconf 83' lang='lat' dir='ltr'><strong>ipse</strong></span> 
     </span>
    </p>
   </div>
   <div class='ocr_carea' id='block_1_52' title="bbox 476 3358 2052 3432">
    <p class='ocr_par' dir='ltr' id='par_1_52' title="bbox 476 3358 2052 3432">
     <span class='ocr_line' id='line_1_52' title="bbox 476 3358 2052 3432; baseline 0.003 -19"><span class='ocrx_word' id='word_1_347' title='bbox 476 3372 606 3413; x_wconf 89' lang='lat' dir='ltr'><strong>suas</strong></span> <span class='ocrx_word' id='word_1_348' title='bbox 638 3358 846 3424; x_wconf 81' lang='lat' dir='ltr'><strong>eduxit,</strong></span> <span class='ocrx_word' id='word_1_349' title='bbox 876 3358 1000 3414; x_wconf 85' lang='lat' dir='ltr'><strong>belli</strong></span> <span class='ocrx_word' id='word_1_350' title='bbox 1037 3373 1253 3416; x_wconf 85' lang='lat' dir='ltr'><strong>summa</strong></span> <span class='ocrx_word' id='word_1_351' title='bbox 1297 3370 1352 3416; x_wconf 90' lang='lat' dir='ltr'><strong>et</strong></span> <span class='ocrx_word' id='word_1_352' title='bbox 1391 3360 1664 3416; x_wconf 79' lang='lat' dir='ltr'><strong>exercitus</strong></span> <span class='ocrx_word' id='word_1_353' title='bbox 1713 3375 1852 3432; x_wconf 88' lang='lat' dir='ltr'><strong>pene</strong></span> <span class='ocrx_word' id='word_1_354' title='bbox 1883 3361 2052 3419; x_wconf 88' lang='lat' dir='ltr'><strong>totius</strong></span> 
     </span>
    </p>
   </div>
   <div class='ocr_carea' id='block_1_53' title="bbox 478 3451 2055 3526">
    <p class='ocr_par' dir='ltr' id='par_1_53' title="bbox 478 3451 2055 3526">
     <span class='ocr_line' id='line_1_53' title="bbox 478 3451 2055 3526; baseline 0.004 -22"><span class='ocrx_word' id='word_1_355' title='bbox 478 3451 632 3522; x_wconf 85' lang='lat' dir='ltr'><strong>plena</strong></span> <span class='ocrx_word' id='word_1_356' title='bbox 653 3462 921 3522; x_wconf 84' lang='lat' dir='ltr'><strong>potestate</strong></span> <span class='ocrx_word' id='word_1_357' title='bbox 950 3452 1023 3518; x_wconf 91' lang='lat' dir='ltr'><strong>ei,</strong></span> <span class='ocrx_word' id='word_1_358' title='bbox 1059 3452 1215 3522; x_wconf 89' lang='lat' dir='ltr'><strong>cujus</strong></span> <span class='ocrx_word' id='word_1_359' title='bbox 1236 3455 1489 3526; x_wconf 87' lang='lat' dir='ltr'><strong>superius</strong></span> <span class='ocrx_word' id='word_1_360' title='bbox 1514 3454 2055 3523; x_wconf 88' lang='lat' dir='ltr'><strong>meminimus,Chu—</strong></span> 
     </span>
    </p>
   </div>
   <div class='ocr_carea' id='block_1_54' title="bbox 478 3544 2055 3617">
    <p class='ocr_par' dir='ltr' id='par_1_54' title="bbox 478 3544 2055 3617">
     <span class='ocr_line' id='line_1_54' title="bbox 478 3544 2055 3617; baseline 0.002 -19"><span class='ocrx_word' id='word_1_361' title='bbox 478 3544 672 3600; x_wconf 88' lang='lat' dir='ltr'><strong>tatario</strong></span> <span class='ocrx_word' id='word_1_362' title='bbox 705 3546 964 3600; x_wconf 80' lang='lat' dir='ltr'><strong>Armenio</strong></span> <span class='ocrx_word' id='word_1_363' title='bbox 994 3545 1100 3615; x_wconf 78' lang='lat'><strong>52</strong></span> <span class='ocrx_word' id='word_1_364' title='bbox 1130 3547 1419 3615; x_wconf 88' lang='lat' dir='ltr'><strong>permissa.</strong></span> <span class='ocrx_word' id='word_1_365' title='bbox 1467 3547 1561 3602; x_wconf 90' lang='lat' dir='ltr'><strong>llle</strong></span> <span class='ocrx_word' id='word_1_366' title='bbox 1605 3548 1855 3603; x_wconf 90' lang='lat' dir='ltr'><strong>immisso</strong></span> <span class='ocrx_word' id='word_1_367' title='bbox 1892 3547 2055 3617; x_wconf 82' lang='lat' dir='ltr'><strong>equi-</strong></span> 
     </span>
    </p>
   </div>
   <div class='ocr_carea' id='block_1_55' title="bbox 480 3634 2054 3708">
    <p class='ocr_par' dir='ltr' id='par_1_55' title="bbox 480 3634 2054 3708">
     <span class='ocr_line' id='line_1_55' title="bbox 480 3634 2054 3708; baseline 0.004 -20"><span class='ocrx_word' id='word_1_368' title='bbox 480 3645 591 3688; x_wconf 91' lang='lat' dir='ltr'><strong>tum</strong></span> <span class='ocrx_word' id='word_1_369' title='bbox 627 3634 977 3704; x_wconf 84' lang='lat' dir='ltr'><strong>peditumque</strong></span> <span class='ocrx_word' id='word_1_370' title='bbox 1007 3636 1202 3693; x_wconf 87' lang='lat' dir='ltr'><strong>idoneo</strong></span> <span class='ocrx_word' id='word_1_371' title='bbox 1240 3652 1492 3704; x_wconf 90' lang='lat' dir='ltr'><strong>numero,</strong></span> <span class='ocrx_word' id='word_1_372' title='bbox 1535 3652 1805 3708; x_wconf 85' lang='lat' dir='ltr'><strong>occupare</strong></span> <span class='ocrx_word' id='word_1_373' title='bbox 1846 3638 2054 3694; x_wconf 87' lang='lat' dir='ltr'><strong>studuit</strong></span> 
     </span>
    </p>
   </div>
   <div class='ocr_carea' id='block_1_56' title="bbox 478 3722 2050 3799">
    <p class='ocr_par' dir='ltr' id='par_1_56' title="bbox 478 3722 2050 3799">
     <span class='ocr_line' id='line_1_56' title="bbox 478 3722 2050 3799; baseline 0.006 -25"><span class='ocrx_word' id='word_1_374' title='bbox 478 3732 785 3795; x_wconf 79' lang='lat' dir='ltr'><strong>opportuna</strong></span> <span class='ocrx_word' id='word_1_375' title='bbox 815 3725 957 3790; x_wconf 88' lang='lat' dir='ltr'><strong>loca,</strong></span> <span class='ocrx_word' id='word_1_376' title='bbox 982 3724 1075 3779; x_wconf 89' lang='lat' dir='ltr'><strong>sed</strong></span> <span class='ocrx_word' id='word_1_377' title='bbox 1103 3722 1198 3795; x_wconf 74' lang='lat' dir='ltr'><strong>Spe</strong></span> <span class='ocrx_word' id='word_1_378' title='bbox 1224 3742 1322 3782; x_wconf 88' lang='lat' dir='ltr'><strong>sua</strong></span> <span class='ocrx_word' id='word_1_379' title='bbox 1355 3726 1527 3784; x_wconf 86' lang='lat' dir='ltr'><strong>falsus</strong></span> <span class='ocrx_word' id='word_1_380' title='bbox 1553 3736 1658 3795; x_wconf 85' lang='lat' dir='ltr'><strong>est,</strong></span> <span class='ocrx_word' id='word_1_381' title='bbox 1686 3744 1751 3784; x_wconf 90' lang='lat' dir='ltr'><strong>ea</strong></span> <span class='ocrx_word' id='word_1_382' title='bbox 1782 3743 2050 3799; x_wconf 63' lang='lat' dir='ltr'><strong>praeoccu-</strong></span> 
     </span>
    </p>
   </div>
   <div class='ocr_carea' id='block_1_57' title="bbox 480 3815 2047 3884">
    <p class='ocr_par' dir='ltr' id='par_1_57' title="bbox 480 3815 2047 3884">
     <span class='ocr_line' id='line_1_57' title="bbox 480 3815 2047 3884; baseline 0.008 -19"><span class='ocrx_word' id='word_1_383' title='bbox 480 3825 601 3882; x_wconf 80' lang='lat' dir='ltr'><strong>pata</strong></span> <span class='ocrx_word' id='word_1_384' title='bbox 633 3815 910 3884; x_wconf 89' lang='lat' dir='ltr'><strong>reperiens</strong></span> <span class='ocrx_word' id='word_1_385' title='bbox 941 3831 971 3871; x_wconf 89' lang='lat' dir='ltr'><strong>a</strong></span> <span class='ocrx_word' id='word_1_386' title='bbox 1004 3815 1306 3872; x_wconf 86' lang='lat' dir='ltr'><strong>domestico</strong></span> <span class='ocrx_word' id='word_1_387' title='bbox 1350 3819 1665 3875; x_wconf 86' lang='lat' dir='ltr'><strong>scholarum</strong></span> <span class='ocrx_word' id='word_1_388' title='bbox 1712 3821 2047 3878; x_wconf 72' lang='lat' dir='ltr'><strong>Andronico.</strong></span> 
     </span>
    </p>
   </div>
   <div class='ocr_carea' id='block_1_58' title="bbox 481 3899 2046 3978">
    <p class='ocr_par' dir='ltr' id='par_1_58' title="bbox 481 3899 2046 3978">
     <span class='ocr_line' id='line_1_58' title="bbox 481 3899 2046 3978; baseline 0.004 -18"><span class='ocrx_word' id='word_1_389' title='bbox 481 3899 749 3963; x_wconf 68' lang='lat' dir='ltr'><strong>Esclusus</strong></span> <span class='ocrx_word' id='word_1_390' title='bbox 796 3905 921 3963; x_wconf 85' lang='lat' dir='ltr'><strong>inde</strong></span> <span class='ocrx_word' id='word_1_391' title='bbox 969 3905 1134 3978; x_wconf 76' lang='lat' dir='ltr'><strong>igitur</strong></span> <span class='ocrx_word' id='word_1_392' title='bbox 1178 3905 1359 3963; x_wconf 85' lang='lat' dir='ltr'><strong>fronte</strong></span> <span class='ocrx_word' id='word_1_393' title='bbox 1408 3909 1635 3966; x_wconf 81' lang='lat' dir='ltr'><strong>adversa</strong></span> <span class='ocrx_word' id='word_1_394' title='bbox 1687 3926 1841 3965; x_wconf 91' lang='lat' dir='ltr'><strong>suam</strong></span> <span class='ocrx_word' id='word_1_395' title='bbox 1873 3912 2046 3967; x_wconf 86' lang='lat' dir='ltr'><strong>aciem</strong></span> 
     </span>
    </p>
   </div>
   <div class='ocr_carea' id='block_1_59' title="bbox 2146 1887 3724 1970">
    <p class='ocr_par' dir='ltr' id='par_1_59' title="bbox 2146 1887 3724 1970">
     <span class='ocr_line' id='line_1_59' title="bbox 2146 1887 3724 1970; baseline -0.01 -16"><span class='ocrx_word' id='word_1_396' title='bbox 2146 1900 2339 1970; x_wconf 78' lang='grc' dir='ltr'>τήδειά</span> <span class='ocrx_word' id='word_1_397' title='bbox 2364 1899 2413 1953; x_wconf 77' lang='lat' dir='ltr'><strong>oi</strong></span> <span class='ocrx_word' id='word_1_398' title='bbox 2443 1897 2514 1951; x_wconf 76' lang='grc' dir='ltr'><strong>τά</strong></span> <span class='ocrx_word' id='word_1_399' title='bbox 2540 1898 2678 1968; x_wconf 82' lang='grc' dir='ltr'>πρὸς</span> <span class='ocrx_word' id='word_1_400' title='bbox 2705 1897 2805 1967; x_wconf 77' lang='grc' dir='ltr'>τὴν</span> <span class='ocrx_word' id='word_1_401' title='bbox 2838 1894 3201 1966; x_wconf 77' lang='grc' dir='ltr'>ἐκστρατείαν</span> <span class='ocrx_word' id='word_1_402' title='bbox 3242 1889 3497 1960; x_wconf 82' lang='grc' dir='ltr'>γενέσθαι</span> <span class='ocrx_word' id='word_1_403' title='bbox 3522 1927 3537 1950; x_wconf 84' lang='grc'><strong>,</strong></span> <span class='ocrx_word' id='word_1_404' title='bbox 3577 1887 3724 1942; x_wconf 69' lang='grc' dir='ltr'>ἐκεῖ·</span> 
     </span>
    </p>
   </div>
   <div class='ocr_carea' id='block_1_60' title="bbox 2148 1983 3727 2062">
    <p class='ocr_par' dir='ltr' id='par_1_60' title="bbox 2148 1983 3727 2062">
     <span class='ocr_line' id='line_1_60' title="bbox 2148 1983 3727 2062; baseline -0.01 -14"><span class='ocrx_word' id='word_1_405' title='bbox 2148 1996 2239 2048; x_wconf 87' lang='grc' dir='ltr'><strong>θεν</strong></span> <span class='ocrx_word' id='word_1_406' title='bbox 2267 1991 2483 2061; x_wconf 81' lang='grc' dir='ltr'>ἀπάρας</span> <span class='ocrx_word' id='word_1_407' title='bbox 2518 1989 2734 2062; x_wconf 77' lang='grc' dir='ltr'>περιῄει</span> <span class='ocrx_word' id='word_1_408' title='bbox 2762 1988 2862 2060; x_wconf 82' lang='grc' dir='ltr'>τὴν</span> <span class='ocrx_word' id='word_1_409' title='bbox 2884 1987 3001 2041; x_wconf 84' lang='grc' dir='ltr'>Ἕω</span> <span class='ocrx_word' id='word_1_410' title='bbox 3025 1988 3119 2040; x_wconf 69' lang='grc' dir='ltr'>καὶ</span> <span class='ocrx_word' id='word_1_411' title='bbox 3140 1986 3240 2046; x_wconf 76' lang='grc' dir='ltr'><strong>τὰς</strong></span> <span class='ocrx_word' id='word_1_412' title='bbox 3270 1983 3532 2051; x_wconf 85' lang='grc' dir='ltr'>δυνάμεις</span> <span class='ocrx_word' id='word_1_413' title='bbox 3596 1997 3727 2033; x_wconf 67' lang='lat' dir='ltr'><strong>aov-</strong></span> 
     </span>
    </p>
   </div>
   <div class='ocr_carea' id='block_1_61' title="bbox 2148 2071 3725 2152">
    <p class='ocr_par' dir='ltr' id='par_1_61' title="bbox 2148 2071 3725 2152">
     <span class='ocr_line' id='line_1_61' title="bbox 2148 2071 3725 2152; baseline -0.008 -15"><span class='ocrx_word' id='word_1_414' title='bbox 2148 2084 2326 2152; x_wconf 65' lang='grc' dir='ltr'>ἔλεγε.</span> <span class='ocrx_word' id='word_1_415' title='bbox 2348 2082 2460 2136; x_wconf 83' lang='grc' dir='ltr'><strong>Καὶ</strong></span> <span class='ocrx_word' id='word_1_416' title='bbox 2483 2080 2681 2136; x_wconf 83' lang='grc' dir='ltr'>θᾶττον</span> <span class='ocrx_word' id='word_1_417' title='bbox 2703 2079 2921 2144; x_wconf 83' lang='grc' dir='ltr'>ἁπάσας</span> <span class='ocrx_word' id='word_1_418' title='bbox 2945 2078 3203 2145; x_wconf 76' lang='grc' dir='ltr'>συλλέξας</span> <span class='ocrx_word' id='word_1_419' title='bbox 3216 2076 3310 2144; x_wconf 77' lang='grc' dir='ltr'><strong>ξὺν</strong></span> <span class='ocrx_word' id='word_1_420' title='bbox 3323 2075 3513 2138; x_wconf 75' lang='grc' dir='ltr'>αὐταῖς</span> <span class='ocrx_word' id='word_1_421' title='bbox 3528 2071 3725 2144; x_wconf 77' lang='grc' dir='ltr'>ἐχώρει</span> 
     </span>
    </p>
   </div>
   <div class='ocr_carea' id='block_1_62' title="bbox 2147 2164 3731 2245">
    <p class='ocr_par' dir='ltr' id='par_1_62' title="bbox 2147 2164 3731 2245">
     <span class='ocr_line' id='line_1_62' title="bbox 2147 2164 3731 2245; baseline -0.008 -17"><span class='ocrx_word' id='word_1_422' title='bbox 2147 2175 2285 2244; x_wconf 76' lang='grc' dir='ltr'>πρὸς</span> <span class='ocrx_word' id='word_1_423' title='bbox 2314 2172 2412 2245; x_wconf 79' lang='grc' dir='ltr'>τὴν</span> <span class='ocrx_word' id='word_1_424' title='bbox 2443 2171 2705 2226; x_wconf 83' lang='grc' dir='ltr'>Κιλίκων.</span> <span class='ocrx_word' id='word_1_425' title='bbox 2737 2171 2945 2225; x_wconf 78' lang='grc' dir='ltr'>Σκοπὸν</span> <span class='ocrx_word' id='word_1_426' title='bbox 2967 2169 3012 2225; x_wconf 88' lang='grc' dir='ltr'>δ’</span> <span class='ocrx_word' id='word_1_427' title='bbox 3048 2169 3203 2223; x_wconf 68' lang='grc' dir='ltr'>ἔθετο</span> <span class='ocrx_word' id='word_1_428' title='bbox 3239 2167 3452 2240; x_wconf 85' lang='grc' dir='ltr'>πρῶτον</span> <span class='ocrx_word' id='word_1_429' title='bbox 3484 2165 3566 2227; x_wconf 83' lang='grc' dir='ltr'><strong>είς</strong></span> <span class='ocrx_word' id='word_1_430' title='bbox 3595 2164 3731 2234; x_wconf 85' lang='grc' dir='ltr'>μίαν</span> 
     </span>
    </p>
   </div>
   <div class='ocr_carea' id='block_1_63' title="bbox 2147 2255 3730 2336">
    <p class='ocr_par' dir='ltr' id='par_1_63' title="bbox 2147 2255 3730 2336">
     <span class='ocr_line' id='line_1_63' title="bbox 2147 2255 3730 2336; baseline -0.008 -15"><span class='ocrx_word' id='word_1_431' title='bbox 2147 2269 2243 2322; x_wconf 78' lang='grc' dir='ltr'>καὶ</span> <span class='ocrx_word' id='word_1_432' title='bbox 2270 2266 2371 2335; x_wconf 76' lang='grc' dir='ltr'>τὴν</span> <span class='ocrx_word' id='word_1_433' title='bbox 2396 2263 2566 2336; x_wconf 80' lang='grc' dir='ltr'>αὐτὴν</span> <span class='ocrx_word' id='word_1_434' title='bbox 2589 2261 2816 2333; x_wconf 85' lang='grc' dir='ltr'>γνώμην</span> <span class='ocrx_word' id='word_1_435' title='bbox 2848 2259 3299 2333; x_wconf 80' lang='grc' dir='ltr'>μεθαρμόσασθαι</span> <span class='ocrx_word' id='word_1_436' title='bbox 3326 2258 3388 2313; x_wconf 77' lang='grc' dir='ltr'><strong>τὸ</strong></span> <span class='ocrx_word' id='word_1_437' title='bbox 3417 2255 3730 2329; x_wconf 77' lang='grc' dir='ltr'>στρατόπε-</span> 
     </span>
    </p>
   </div>
   <div class='ocr_carea' id='block_1_64' title="bbox 2147 2349 3729 2423">
    <p class='ocr_par' dir='ltr' id='par_1_64' title="bbox 2147 2349 3729 2423">
     <span class='ocr_line' id='line_1_64' title="bbox 2147 2349 3729 2423; baseline -0.009 -11"><span class='ocrx_word' id='word_1_438' title='bbox 2147 2358 2235 2412; x_wconf 79' lang='grc' dir='ltr'><strong>δον</strong></span> <span class='ocrx_word' id='word_1_439' title='bbox 2258 2375 2274 2391; x_wconf 87' lang='grc'><strong>·</strong></span> <span class='ocrx_word' id='word_1_440' title='bbox 2308 2357 2429 2410; x_wconf 72' lang='grc' dir='ltr'>ἐπεὶ</span> <span class='ocrx_word' id='word_1_441' title='bbox 2453 2355 2512 2410; x_wconf 79' lang='grc' dir='ltr'>δὲ</span> <span class='ocrx_word' id='word_1_442' title='bbox 2540 2354 2700 2408; x_wconf 83' lang='grc' dir='ltr'>τοῦτο</span> <span class='ocrx_word' id='word_1_443' title='bbox 2728 2352 2880 2423; x_wconf 86' lang='grc' dir='ltr'><strong>αὑτῷ</strong></span> <span class='ocrx_word' id='word_1_444' title='bbox 2917 2352 3198 2421; x_wconf 73' lang='grc' dir='ltr'>ἐξεγένετο</span> <span class='ocrx_word' id='word_1_445' title='bbox 3229 2349 3445 2419; x_wconf 79' lang='grc' dir='ltr'>ἑκάστῳ</span> <span class='ocrx_word' id='word_1_446' title='bbox 3477 2362 3729 2416; x_wconf 79' lang='grc' dir='ltr'>προσφε-</span> 
     </span>
    </p>
   </div>
   <div class='ocr_carea' id='block_1_65' title="bbox 2151 2436 3729 2521">
    <p class='ocr_par' dir='ltr' id='par_1_65' title="bbox 2151 2436 3729 2521">
     <span class='ocr_line' id='line_1_65' title="bbox 2151 2436 3729 2521; baseline -0.009 -18"><span class='ocrx_word' id='word_1_447' title='bbox 2151 2447 2368 2521; x_wconf 81' lang='grc' dir='ltr'>ρομένῳ</span> <span class='ocrx_word' id='word_1_448' title='bbox 2404 2446 2667 2510; x_wconf 67' lang='grc' dir='ltr'>επιεικῶς</span> <span class='ocrx_word' id='word_1_449' title='bbox 2708 2445 2804 2501; x_wconf 73' lang='grc' dir='ltr'>καὶ</span> <span class='ocrx_word' id='word_1_450' title='bbox 2844 2444 2986 2515; x_wconf 77' lang='grc' dir='ltr'>πρὸς</span> <span class='ocrx_word' id='word_1_451' title='bbox 3030 2443 3207 2497; x_wconf 87' lang='grc' dir='ltr'>πάντα</span> <span class='ocrx_word' id='word_1_452' title='bbox 3257 2436 3729 2512; x_wconf 74' lang='grc' dir='ltr'>μεθαρμοζομένῳ</span> 
     </span>
    </p>
   </div>
   <div class='ocr_carea' id='block_1_66' title="bbox 2149 2527 3729 2609">
    <p class='ocr_par' dir='ltr' id='par_1_66' title="bbox 2149 2527 3729 2609">
     <span class='ocr_line' id='line_1_66' title="bbox 2149 2527 3729 2609; baseline -0.012 -12"><span class='ocrx_word' id='word_1_453' title='bbox 2149 2543 2404 2606; x_wconf 88' lang='grc' dir='ltr'>οίκείως,</span> <span class='ocrx_word' id='word_1_454' title='bbox 2442 2539 2697 2609; x_wconf 79' lang='grc' dir='ltr'>δεύτερον</span> <span class='ocrx_word' id='word_1_455' title='bbox 2744 2536 2944 2591; x_wconf 79' lang='grc' dir='ltr'>σκοπὸν</span> <span class='ocrx_word' id='word_1_456' title='bbox 2997 2533 3210 2589; x_wconf 80' lang='grc' dir='ltr'>τίθεται</span> <span class='ocrx_word' id='word_1_457' title='bbox 3257 2533 3383 2595; x_wconf 76' lang='grc' dir='ltr'>τοὺς</span> <span class='ocrx_word' id='word_1_458' title='bbox 3433 2527 3729 2597; x_wconf 84' lang='grc' dir='ltr'>πολεμίους</span> 
     </span>
    </p>
   </div>
   <div class='ocr_carea' id='block_1_67' title="bbox 2148 2614 3727 2697">
    <p class='ocr_par' dir='ltr' id='par_1_67' title="bbox 2148 2614 3727 2697">
     <span class='ocr_line' id='line_1_67' title="bbox 2148 2614 3727 2697; baseline -0.012 -9"><span class='ocrx_word' id='word_1_459' title='bbox 2148 2633 2333 2689; x_wconf 78' lang='grc' dir='ltr'>λαθεῖν</span> <span class='ocrx_word' id='word_1_460' title='bbox 2369 2632 2464 2687; x_wconf 80' lang='grc' dir='ltr'>καὶ</span> <span class='ocrx_word' id='word_1_461' title='bbox 2495 2631 2563 2686; x_wconf 82' lang='grc' dir='ltr'><strong>τὰ</strong></span> <span class='ocrx_word' id='word_1_462' title='bbox 2595 2629 2757 2684; x_wconf 82' lang='grc' dir='ltr'>στενὰ</span> <span class='ocrx_word' id='word_1_463' title='bbox 2784 2629 2886 2697; x_wconf 82' lang='grc' dir='ltr'>τῆς</span> <span class='ocrx_word' id='word_1_464' title='bbox 2928 2625 3183 2690; x_wconf 80' lang='grc' dir='ltr'>Κιλικίας</span> <span class='ocrx_word' id='word_1_465' title='bbox 3213 2621 3442 2678; x_wconf 80' lang='grc' dir='ltr'>διελθεῖν</span> <span class='ocrx_word' id='word_1_466' title='bbox 3487 2618 3595 2690; x_wconf 75' lang='grc' dir='ltr'><strong>πρὸ</strong></span> <span class='ocrx_word' id='word_1_467' title='bbox 3624 2614 3727 2670; x_wconf 77' lang='grc' dir='ltr'><strong>τοῦ</strong></span> 
     </span>
    </p>
   </div>
   <div class='ocr_carea' id='block_1_68' title="bbox 2147 2714 3729 2796">
    <p class='ocr_par' dir='ltr' id='par_1_68' title="bbox 2147 2714 3729 2796">
     <span class='ocr_line' id='line_1_68' title="bbox 2147 2714 3729 2796; baseline -0.011 -13"><span class='ocrx_word' id='word_1_468' title='bbox 2147 2729 2239 2783; x_wconf 76' lang='grc' dir='ltr'>τὸν</span> <span class='ocrx_word' id='word_1_469' title='bbox 2278 2726 2536 2796; x_wconf 82' lang='grc' dir='ltr'>Διογένην</span> <span class='ocrx_word' id='word_1_470' title='bbox 2585 2724 2871 2781; x_wconf 75' lang='grc' dir='ltr'>αἰσθέσθαι</span> <span class='ocrx_word' id='word_1_471' title='bbox 2896 2722 2995 2791; x_wconf 81' lang='grc' dir='ltr'>τῆς</span> <span class='ocrx_word' id='word_1_472' title='bbox 3027 2720 3217 2774; x_wconf 80' lang='grc' dir='ltr'>τούτου</span> <span class='ocrx_word' id='word_1_473' title='bbox 3254 2717 3467 2785; x_wconf 76' lang='grc' dir='ltr'>ἐφόδου.</span> <span class='ocrx_word' id='word_1_474' title='bbox 3504 2714 3729 2767; x_wconf 80' lang='grc' dir='ltr'>Γίνεται</span> 
     </span>
    </p>
   </div>
   <div class='ocr_carea' id='block_1_69' title="bbox 2148 2804 3729 2883">
    <p class='ocr_par' dir='ltr' id='par_1_69' title="bbox 2148 2804 3729 2883">
     <span class='ocr_line' id='line_1_69' title="bbox 2148 2804 3729 2883; baseline -0.013 -7"><span class='ocrx_word' id='word_1_475' title='bbox 2148 2820 2241 2876; x_wconf 74' lang='grc' dir='ltr'>οὖν</span> <span class='ocrx_word' id='word_1_476' title='bbox 2289 2820 2387 2874; x_wconf 65' lang='grc' dir='ltr'>καὶ</span> <span class='ocrx_word' id='word_1_477' title='bbox 2430 2816 2590 2872; x_wconf 80' lang='grc' dir='ltr'>τοῦτο</span> <span class='ocrx_word' id='word_1_478' title='bbox 2651 2816 2793 2869; x_wconf 84' lang='grc' dir='ltr'>κατὰ</span> <span class='ocrx_word' id='word_1_479' title='bbox 2845 2814 2915 2868; x_wconf 82' lang='grc' dir='ltr'>τὰ</span> <span class='ocrx_word' id='word_1_480' title='bbox 2973 2809 3374 2883; x_wconf 85' lang='grc' dir='ltr'>βεϐουλευμένα</span> <span class='ocrx_word' id='word_1_481' title='bbox 3399 2847 3416 2873; x_wconf 88' lang='grc'><strong>,</strong></span> <span class='ocrx_word' id='word_1_482' title='bbox 3478 2806 3574 2861; x_wconf 74' lang='grc' dir='ltr'>καὶ</span> <span class='ocrx_word' id='word_1_483' title='bbox 3621 2804 3729 2872; x_wconf 82' lang='grc' dir='ltr'>τὴν</span> 
     </span>
    </p>
   </div>
   <div class='ocr_carea' id='block_1_70' title="bbox 2150 2897 3731 2983">
    <p class='ocr_par' dir='ltr' id='par_1_70' title="bbox 2150 2897 3731 2983">
     <span class='ocr_line' id='line_1_70' title="bbox 2150 2897 3731 2983; baseline -0.011 -16"><span class='ocrx_word' id='word_1_484' title='bbox 2150 2910 2343 2983; x_wconf 76' lang='grc' dir='ltr'>στενὴν</span> <span class='ocrx_word' id='word_1_485' title='bbox 2384 2909 2481 2965; x_wconf 78' lang='grc' dir='ltr'>καὶ</span> <span class='ocrx_word' id='word_1_486' title='bbox 2521 2908 2881 2979; x_wconf 84' lang='grc' dir='ltr'>ἀπόκρημνον</span> <span class='ocrx_word' id='word_1_487' title='bbox 2909 2904 3215 2968; x_wconf 87' lang='grc' dir='ltr'>διελθόντες</span> <span class='ocrx_word' id='word_1_488' title='bbox 3238 2904 3286 2956; x_wconf 85' lang='grc' dir='ltr'>οἱ</span> <span class='ocrx_word' id='word_1_489' title='bbox 3316 2899 3446 2971; x_wconf 63' lang='grc' dir='ltr'><strong>περὶ⁸</strong></span> <span class='ocrx_word' id='word_1_490' title='bbox 3474 2898 3564 2952; x_wconf 76' lang='grc' dir='ltr'>τὸν</span> <span class='ocrx_word' id='word_1_491' title='bbox 3604 2897 3731 2951; x_wconf 75' lang='grc' dir='ltr'><strong>Ἀν-</strong></span> 
     </span>
    </p>
   </div>
   <div class='ocr_carea' id='block_1_71' title="bbox 2147 2988 3732 3073">
    <p class='ocr_par' dir='ltr' id='par_1_71' title="bbox 2147 2988 3732 3073">
     <span class='ocr_line' id='line_1_71' title="bbox 2147 2988 3732 3073; baseline -0.012 -16"><span class='ocrx_word' id='word_1_492' title='bbox 2147 3002 2394 3073; x_wconf 82' lang='grc' dir='ltr'>δρόνικον</span> <span class='ocrx_word' id='word_1_493' title='bbox 2424 3000 2610 3072; x_wconf 83' lang='grc' dir='ltr'>ἀθρόοι</span> <span class='ocrx_word' id='word_1_494' title='bbox 2634 3001 2748 3063; x_wconf 85' lang='grc' dir='ltr'>τοῖς</span> <span class='ocrx_word' id='word_1_495' title='bbox 2777 2997 2910 3070; x_wconf 75' lang='grc' dir='ltr'>περὶ</span> <span class='ocrx_word' id='word_1_496' title='bbox 2937 2995 3163 3067; x_wconf 81' lang='grc' dir='ltr'>βασιλέα</span> <span class='ocrx_word' id='word_1_497' title='bbox 3188 2989 3281 3047; x_wconf 75' lang='grc' dir='ltr'><strong>τὸν</strong></span> <span class='ocrx_word' id='word_1_498' title='bbox 3311 2990 3571 3061; x_wconf 81' lang='grc' dir='ltr'>Διογένην</span> <span class='ocrx_word' id='word_1_499' title='bbox 3599 2988 3732 3040; x_wconf 69' lang='grc' dir='ltr'>επι-</span> 
     </span>
    </p>
   </div>
   <div class='ocr_carea' id='block_1_72' title="bbox 2151 3093 3788 3164">
    <p class='ocr_par' dir='ltr' id='par_1_72' title="bbox 2151 3093 3788 3164">
     <span class='ocr_line' id='line_1_72' title="bbox 2151 3093 3788 3164; baseline -0.002 -16"><span class='ocrx_word' id='word_1_500' title='bbox 2151 3093 2453 3164; x_wconf 81' lang='grc' dir='ltr'>φαίνονται.</span> <span class='ocrx_word' id='word_1_501' title='bbox 3774 3094 3788 3104; x_wconf 88' lang='grc'><strong>”</strong></span> 
     </span>
    </p>
   </div>
   <div class='ocr_carea' id='block_1_73' title="bbox 2225 3168 3720 3253">
    <p class='ocr_par' dir='ltr' id='par_1_73' title="bbox 2225 3168 3720 3253">
     <span class='ocr_line' id='line_1_73' title="bbox 2225 3168 3720 3253; baseline -0.01 -15"><span class='ocrx_word' id='word_1_502' title='bbox 2225 3184 2325 3238; x_wconf 87' lang='grc' dir='ltr'>κδ’.</span> <span class='ocrx_word' id='word_1_503' title='bbox 2365 3181 2694 3252; x_wconf 80' lang='grc' dir='ltr'>Αίσθόμενος</span> <span class='ocrx_word' id='word_1_504' title='bbox 2716 3182 2773 3236; x_wconf 71' lang='grc' dir='ltr'>δὲ</span> <span class='ocrx_word' id='word_1_505' title='bbox 2807 3179 2920 3253; x_wconf 75' lang='lat'><strong>(27)</strong></span> <span class='ocrx_word' id='word_1_506' title='bbox 2966 3179 3062 3234; x_wconf 71' lang='grc' dir='ltr'>καὶ</span> <span class='ocrx_word' id='word_1_507' title='bbox 3097 3180 3125 3233; x_wconf 81' lang='grc' dir='ltr'><strong>ὁ</strong></span> <span class='ocrx_word' id='word_1_508' title='bbox 3166 3176 3414 3248; x_wconf 77' lang='grc' dir='ltr'>βασιλεὺς</span> <span class='ocrx_word' id='word_1_509' title='bbox 3449 3173 3551 3239; x_wconf 75' lang='grc' dir='ltr'>τῆς</span> <span class='ocrx_word' id='word_1_510' title='bbox 3589 3168 3720 3224; x_wconf 80' lang='grc' dir='ltr'>τού-</span> 
     </span>
    </p>
   </div>
   <div class='ocr_carea' id='block_1_74' title="bbox 2154 3261 3724 3342">
    <p class='ocr_par' dir='ltr' id='par_1_74' title="bbox 2154 3261 3724 3342">
     <span class='ocr_line' id='line_1_74' title="bbox 2154 3261 3724 3342; baseline -0.01 -14"><span class='ocrx_word' id='word_1_511' title='bbox 2154 3291 2264 3328; x_wconf 77' lang='grc' dir='ltr'><strong>των</strong></span> <span class='ocrx_word' id='word_1_512' title='bbox 2289 3272 2475 3342; x_wconf 73' lang='grc' dir='ltr'>ἐφόδου</span> <span class='ocrx_word' id='word_1_513' title='bbox 2503 3269 2667 3341; x_wconf 65' lang='grc' dir='ltr'>ἐξῆγε</span> <span class='ocrx_word' id='word_1_514' title='bbox 2697 3271 2792 3324; x_wconf 67' lang='grc' dir='ltr'>καὶ</span> <span class='ocrx_word' id='word_1_515' title='bbox 2825 3268 2988 3332; x_wconf 80' lang='grc' dir='ltr'>αὐτὸς</span> <span class='ocrx_word' id='word_1_516' title='bbox 3028 3268 3127 3331; x_wconf 78' lang='grc' dir='ltr'><strong>τὰς</strong></span> <span class='ocrx_word' id='word_1_517' title='bbox 3161 3265 3445 3336; x_wconf 77' lang='grc' dir='ltr'>δυνάμεις,</span> <span class='ocrx_word' id='word_1_518' title='bbox 3472 3261 3551 3334; x_wconf 80' lang='grc' dir='ltr'>τῷ</span> <span class='ocrx_word' id='word_1_519' title='bbox 3578 3261 3724 3315; x_wconf 82' lang='grc' dir='ltr'><strong>Χου-</strong></span> 
     </span>
    </p>
   </div>
   <div class='ocr_carea' id='block_1_75' title="bbox 2156 3351 3729 3436">
    <p class='ocr_par' dir='ltr' id='par_1_75' title="bbox 2156 3351 3729 3436">
     <span class='ocr_line' id='line_1_75' title="bbox 2156 3351 3729 3436; baseline -0.01 -17"><span class='ocrx_word' id='word_1_520' title='bbox 2156 3362 2426 3436; x_wconf 84' lang='grc' dir='ltr'>τατουρίῳ</span> <span class='ocrx_word' id='word_1_521' title='bbox 2466 3360 2761 3434; x_wconf 84' lang='grc' dir='ltr'>Ἀρμενίῳ,</span> <span class='ocrx_word' id='word_1_522' title='bbox 2811 3360 2872 3415; x_wconf 77' lang='grc' dir='ltr'>ὃν</span> <span class='ocrx_word' id='word_1_523' title='bbox 2926 3358 3140 3429; x_wconf 81' lang='grc' dir='ltr'>φθάσας</span> <span class='ocrx_word' id='word_1_524' title='bbox 3186 3356 3455 3429; x_wconf 75' lang='grc' dir='ltr'>ἐδήλωσεν</span> <span class='ocrx_word' id='word_1_525' title='bbox 3518 3351 3729 3407; x_wconf 81' lang='grc' dir='ltr'>ἀνωθεν</span> 
     </span>
    </p>
   </div>
   <div class='ocr_carea' id='block_1_76' title="bbox 2157 3441 3730 3526">
    <p class='ocr_par' dir='ltr' id='par_1_76' title="bbox 2157 3441 3730 3526">
     <span class='ocr_line' id='line_1_76' title="bbox 2157 3441 3730 3526; baseline -0.012 -14"><span class='ocrx_word' id='word_1_526' title='bbox 2157 3462 2187 3512; x_wconf 85' lang='grc' dir='ltr'><strong>ὁ</strong></span> <span class='ocrx_word' id='word_1_527' title='bbox 2235 3456 2413 3526; x_wconf 84' lang='grc' dir='ltr'>λόγος,</span> <span class='ocrx_word' id='word_1_528' title='bbox 2462 3456 2562 3524; x_wconf 82' lang='grc' dir='ltr'>τὴν</span> <span class='ocrx_word' id='word_1_529' title='bbox 2607 3452 2703 3508; x_wconf 81' lang='grc' dir='ltr'>τοῦ</span> <span class='ocrx_word' id='word_1_530' title='bbox 2751 3452 2992 3522; x_wconf 84' lang='grc' dir='ltr'>πολέμου</span> <span class='ocrx_word' id='word_1_531' title='bbox 3039 3448 3287 3510; x_wconf 80' lang='grc' dir='ltr'>δεδωκὼς</span> <span class='ocrx_word' id='word_1_532' title='bbox 3331 3444 3579 3513; x_wconf 69' lang='grc' dir='ltr'>ἐξουσίαν</span> <span class='ocrx_word' id='word_1_533' title='bbox 3629 3441 3730 3495; x_wconf 74' lang='grc' dir='ltr'>καὶ</span> 
     </span>
    </p>
   </div>
   <div class='ocr_carea' id='block_1_77' title="bbox 2162 3533 3730 3617">
    <p class='ocr_par' dir='ltr' id='par_1_77' title="bbox 2162 3533 3730 3617">
     <span class='ocr_line' id='line_1_77' title="bbox 2162 3533 3730 3617; baseline -0.008 -16"><span class='ocrx_word' id='word_1_534' title='bbox 2162 3547 2338 3602; x_wconf 87' lang='grc' dir='ltr'>πάντα</span> <span class='ocrx_word' id='word_1_535' title='bbox 2352 3547 2442 3601; x_wconf 81' lang='grc' dir='ltr'>τὸν</span> <span class='ocrx_word' id='word_1_536' title='bbox 2459 3544 2688 3616; x_wconf 83' lang='grc' dir='ltr'>στρατὸν</span> <span class='ocrx_word' id='word_1_537' title='bbox 2719 3543 2914 3617; x_wconf 90' lang='grc' dir='ltr'>μικροῦ</span> <span class='ocrx_word' id='word_1_538' title='bbox 2944 3544 3055 3598; x_wconf 84' lang='grc' dir='ltr'>δεῖν</span> <span class='ocrx_word' id='word_1_539' title='bbox 3086 3540 3236 3611; x_wconf 83' lang='grc' dir='ltr'>αὐτῷ</span> <span class='ocrx_word' id='word_1_540' title='bbox 3258 3537 3552 3603; x_wconf 79' lang='grc' dir='ltr'>ὑποτάξας.</span> <span class='ocrx_word' id='word_1_541' title='bbox 3584 3533 3730 3597; x_wconf 80' lang='grc' dir='ltr'>Τοὺς</span> 
     </span>
    </p>
   </div>
   <div class='ocr_carea' id='block_1_78' title="bbox 2161 3627 3730 3705">
    <p class='ocr_par' dir='ltr' id='par_1_78' title="bbox 2161 3627 3730 3705">
     <span class='ocr_line' id='line_1_78' title="bbox 2161 3627 3730 3705; baseline -0.01 -13"><span class='ocrx_word' id='word_1_542' title='bbox 2161 3639 2359 3705; x_wconf 77' lang='grc' dir='ltr'>πεζοὺς</span> <span class='ocrx_word' id='word_1_543' title='bbox 2388 3638 2482 3694; x_wconf 76' lang='grc' dir='ltr'>οὖν</span> <span class='ocrx_word' id='word_1_544' title='bbox 2514 3629 2799 3702; x_wconf 47' lang='grc' dir='ltr'>οὖτοςμκαὶ</span> <span class='ocrx_word' id='word_1_545' title='bbox 2829 3639 3014 3700; x_wconf 79' lang='grc' dir='ltr'>ἱππεῖς</span> <span class='ocrx_word' id='word_1_546' title='bbox 3054 3633 3397 3704; x_wconf 74' lang='grc' dir='ltr'>ἐπαγόμενος</span> <span class='ocrx_word' id='word_1_547' title='bbox 3447 3629 3572 3691; x_wconf 83' lang='grc' dir='ltr'>τοὺς</span> <span class='ocrx_word' id='word_1_548' title='bbox 3606 3627 3730 3680; x_wconf 72' lang='grc' dir='ltr'>ἐπι-</span> 
     </span>
    </p>
   </div>
   <div class='ocr_carea' id='block_1_79' title="bbox 2158 3719 3732 3803">
    <p class='ocr_par' dir='ltr' id='par_1_79' title="bbox 2158 3719 3732 3803">
     <span class='ocr_line' id='line_1_79' title="bbox 2158 3719 3732 3803; baseline -0.01 -16"><span class='ocrx_word' id='word_1_549' title='bbox 2158 3731 2385 3803; x_wconf 85' lang='grc' dir='ltr'>καίρους</span> <span class='ocrx_word' id='word_1_550' title='bbox 2416 3731 2526 3785; x_wconf 87' lang='grc' dir='ltr'><strong>τῶν</strong></span> <span class='ocrx_word' id='word_1_551' title='bbox 2547 3733 2731 3787; x_wconf 87' lang='grc' dir='ltr'>τόπων</span> <span class='ocrx_word' id='word_1_552' title='bbox 2756 3729 3084 3785; x_wconf 87' lang='grc' dir='ltr'>καταλαϐεῖν</span> <span class='ocrx_word' id='word_1_553' title='bbox 3107 3727 3385 3782; x_wconf 72' lang='grc' dir='ltr'>ἔσπευδεν.</span> <span class='ocrx_word' id='word_1_554' title='bbox 3423 3720 3587 3777; x_wconf 83' lang='grc' dir='ltr'>Ἀλλά</span> <span class='ocrx_word' id='word_1_555' title='bbox 3618 3719 3732 3773; x_wconf 84' lang='grc' dir='ltr'><strong>τῶν</strong></span> 
     </span>
    </p>
   </div>
   <div class='ocr_carea' id='block_1_80' title="bbox 2159 3813 3733 3896">
    <p class='ocr_par' dir='ltr' id='par_1_80' title="bbox 2159 3813 3733 3896">
     <span class='ocr_line' id='line_1_80' title="bbox 2159 3813 3733 3896; baseline -0.009 -17"><span class='ocrx_word' id='word_1_556' title='bbox 2159 3823 2392 3879; x_wconf 75' lang='grc' dir='ltr'>ἐλπίδων</span> <span class='ocrx_word' id='word_1_557' title='bbox 2434 3823 2669 3896; x_wconf 73' lang='grc' dir='ltr'>ἐσφάλη,</span> <span class='ocrx_word' id='word_1_558' title='bbox 2718 3822 2810 3877; x_wconf 80' lang='grc' dir='ltr'><strong>τοῦ</strong></span> <span class='ocrx_word' id='word_1_559' title='bbox 2848 3821 3169 3893; x_wconf 84' lang='grc' dir='ltr'>δομεστίκου</span> <span class='ocrx_word' id='word_1_560' title='bbox 3216 3816 3328 3872; x_wconf 81' lang='grc' dir='ltr'>τῶν</span> <span class='ocrx_word' id='word_1_561' title='bbox 3356 3814 3574 3887; x_wconf 82' lang='grc' dir='ltr'>’σχολῶν</span> <span class='ocrx_word' id='word_1_562' title='bbox 3613 3813 3733 3867; x_wconf 80' lang='grc' dir='ltr'><strong>Ἀν-</strong></span> 
     </span>
    </p>
   </div>
   <div class='ocr_carea' id='block_1_81' title="bbox 2157 3895 3733 3987">
    <p class='ocr_par' dir='ltr' id='par_1_81' title="bbox 2157 3895 3733 3987">
     <span class='ocr_line' id='line_1_81' title="bbox 2157 3895 3733 3987; baseline -0.009 -17"><span class='ocrx_word' id='word_1_563' title='bbox 2157 3915 2408 3986; x_wconf 79' lang='grc' dir='ltr'>δρονίκου</span> <span class='ocrx_word' id='word_1_564' title='bbox 2469 3895 2949 3987; x_wconf 83' lang='grc' dir='ltr'>προκατασχόντος</span> <span class='ocrx_word' id='word_1_565' title='bbox 3002 3904 3218 3973; x_wconf 66' lang='grc' dir='ltr'>αὑτούς.</span> <span class='ocrx_word' id='word_1_566' title='bbox 3280 3904 3581 3975; x_wconf 73' lang='grc' dir='ltr'>Ἀπογνοῦς</span> <span class='ocrx_word' id='word_1_567' title='bbox 3634 3895 3733 3956; x_wconf 81' lang='grc' dir='ltr'>οὖν</span> 
     </span>
    </p>
   </div>
   <div class='ocr_carea' id='block_1_82' title="bbox 1518 4070 2704 4151">
    <p class='ocr_par' dir='ltr' id='par_1_82' title="bbox 1518 4070 2704 4151">
     <span class='ocr_line' id='line_1_82' title="bbox 1518 4070 2704 4151; baseline -0.002 -17"><span class='ocrx_word' id='word_1_568' title='bbox 1518 4070 1727 4134; x_wconf 83' lang='lat' dir='ltr'><strong>Caroli</strong></span> <span class='ocrx_word' id='word_1_569' title='bbox 1759 4071 1859 4133; x_wconf 90' lang='lat' dir='ltr'><strong>Du</strong></span> <span class='ocrx_word' id='word_1_570' title='bbox 1896 4071 2137 4134; x_wconf 90' lang='lat' dir='ltr'><strong>Fresne</strong></span> <span class='ocrx_word' id='word_1_571' title='bbox 2171 4072 2269 4132; x_wconf 89' lang='lat' dir='ltr'><strong>Du</strong></span> <span class='ocrx_word' id='word_1_572' title='bbox 2303 4070 2511 4151; x_wconf 79' lang='lat' dir='ltr'><strong>Gange</strong></span> <span class='ocrx_word' id='word_1_573' title='bbox 2536 4076 2704 4134; x_wconf 60' lang='lat' dir='ltr'><strong>notas</strong></span> 
     </span>
    </p>
   </div>
   <div class='ocr_carea' id='block_1_83' title="bbox 553 4217 2057 4292">
    <p class='ocr_par' dir='ltr' id='par_1_83' title="bbox 553 4217 2057 4292">
     <span class='ocr_line' id='line_1_83' title="bbox 553 4217 2057 4292; baseline 0 -20"><span class='ocrx_word' id='word_1_574' title='bbox 553 4217 667 4288; x_wconf 68' lang='lat'><strong>(27)</strong></span> <span class='ocrx_word' id='word_1_575' title='bbox 686 4217 1172 4292; x_wconf 49' lang='lat' dir='ltr'><strong>Alaodperocﬁe.</strong></span> <span class='ocrx_word' id='word_1_576' title='bbox 1204 4218 1515 4292; x_wconf 81' lang='lat' dir='ltr'><strong>Extremam</strong></span> <span class='ocrx_word' id='word_1_577' title='bbox 1548 4219 1775 4292; x_wconf 73' lang='lat' dir='ltr'><strong>Romani</strong></span> <span class='ocrx_word' id='word_1_578' title='bbox 1806 4220 2057 4292; x_wconf 77' lang='lat' dir='ltr'><strong>Diogenis</strong></span> 
     </span>
    </p>
   </div>
   <div class='ocr_carea' id='block_1_84' title="bbox 483 4287 2053 4360">
    <p class='ocr_par' dir='ltr' id='par_1_84' title="bbox 483 4287 2053 4360">
     <span class='ocr_line' id='line_1_84' title="bbox 483 4287 2053 4360; baseline 0.001 -18"><span class='ocrx_word' id='word_1_579' title='bbox 483 4287 784 4353; x_wconf 84' lang='lat' dir='ltr'><strong>fortunam,</strong></span> <span class='ocrx_word' id='word_1_580' title='bbox 816 4287 960 4346; x_wconf 57' lang='lat' dir='ltr'><strong>et&#39;ut</strong></span> <span class='ocrx_word' id='word_1_581' title='bbox 987 4292 1039 4344; x_wconf 88' lang='lat' dir='ltr'><strong>in</strong></span> <span class='ocrx_word' id='word_1_582' title='bbox 1064 4287 1341 4346; x_wconf 75' lang='lat' dir='ltr'><strong>Michaelis</strong></span> <span class='ocrx_word' id='word_1_583' title='bbox 1366 4304 1461 4344; x_wconf 85' lang='lat' dir='ltr'><strong>seu</strong></span> <span class='ocrx_word' id='word_1_584' title='bbox 1493 4290 1673 4360; x_wconf 90' lang='lat' dir='ltr'><strong>potius</strong></span> <span class='ocrx_word' id='word_1_585' title='bbox 1704 4287 2053 4345; x_wconf 72' lang='lat' dir='ltr'><strong>Constantini</strong></span> 
     </span>
    </p>
   </div>
   <div class='ocr_carea' id='block_1_85' title="bbox 484 4360 2056 4432">
    <p class='ocr_par' dir='ltr' id='par_1_85' title="bbox 484 4360 2056 4432">
     <span class='ocr_line' id='line_1_85' title="bbox 484 4360 2056 4432; baseline 0 -19"><span class='ocrx_word' id='word_1_586' title='bbox 484 4361 878 4432; x_wconf 27' lang='lat' dir='ltr'><strong>ljttcaa‘casses</strong></span> <span class='ocrx_word' id='word_1_587' title='bbox 912 4360 1198 4432; x_wconf 78' lang='lat' dir='ltr'><strong>inciderit,</strong></span> <span class='ocrx_word' id='word_1_588' title='bbox 1234 4360 1485 4431; x_wconf 85' lang='lat' dir='ltr'><strong>pluribus</strong></span> <span class='ocrx_word' id='word_1_589' title='bbox 1527 4361 1691 4415; x_wconf 89' lang='lat' dir='ltr'><strong>etiam</strong></span> <span class='ocrx_word' id='word_1_590' title='bbox 1741 4363 2056 4432; x_wconf 73' lang='lat' dir='ltr'><strong>exsequitur</strong></span> 
     </span>
    </p>
   </div>
   <div class='ocr_carea' id='block_1_86' title="bbox 481 4426 1883 4501">
    <p class='ocr_par' dir='ltr' id='par_1_86' title="bbox 481 4426 1883 4501">
     <span class='ocr_line' id='line_1_86' title="bbox 481 4426 1883 4501; baseline 0.005 -20"><span class='ocrx_word' id='word_1_591' title='bbox 481 4426 806 4486; x_wconf 85' lang='lat' dir='ltr'><strong>Guillelmus</strong></span> <span class='ocrx_word' id='word_1_592' title='bbox 837 4426 1362 4501; x_wconf 53' lang='lat' dir='ltr'><strong>Apuliensis,q’uem</strong></span> <span class='ocrx_word' id='word_1_593' title='bbox 1387 4440 1613 4499; x_wconf 72' lang='lat' dir='ltr'><strong>praestat</strong></span> <span class='ocrx_word' id='word_1_594' title='bbox 1646 4431 1837 4487; x_wconf 88' lang='lat' dir='ltr'><strong>audire</strong></span> <span class='ocrx_word' id='word_1_595' title='bbox 1868 4451 1883 4488; x_wconf 88' lang='lat'><strong>:</strong></span> 
     </span>
    </p>
   </div>
   <div class='ocr_carea' id='block_1_87' title="bbox 552 4565 1805 4637">
    <p class='ocr_par' dir='ltr' id='par_1_87' title="bbox 552 4565 1805 4637">
     <span class='ocr_line' id='line_1_87' title="bbox 552 4565 1805 4637; baseline -0.002 -19"><span class='ocrx_word' id='word_1_596' title='bbox 552 4566 655 4637; x_wconf 71' lang='lat' dir='ltr'><strong>8rd</strong></span> <span class='ocrx_word' id='word_1_597' title='bbox 684 4582 786 4637; x_wconf 88' lang='lat' dir='ltr'><strong>non</strong></span> <span class='ocrx_word' id='word_1_598' title='bbox 815 4567 1069 4637; x_wconf 84' lang='lat' dir='ltr'><strong>privignis</strong></span> <span class='ocrx_word' id='word_1_599' title='bbox 1101 4566 1329 4637; x_wconf 78' lang='lat' dir='ltr'><strong>ﬁrmata:</strong></span> <span class='ocrx_word' id='word_1_600' title='bbox 1361 4565 1635 4618; x_wconf 79' lang='lat' dir='ltr'><strong>conmtoda</strong></span> <span class='ocrx_word' id='word_1_601' title='bbox 1659 4565 1805 4637; x_wconf 84' lang='lat' dir='ltr'><strong>pacis</strong></span> 
     </span>
    </p>
   </div>
   <div class='ocr_carea' id='block_1_88' title="bbox 556 4634 1846 4704">
    <p class='ocr_par' dir='ltr' id='par_1_88' title="bbox 556 4634 1846 4704">
     <span class='ocr_line' id='line_1_88' title="bbox 556 4634 1846 4704; baseline -0.004 -17"><span class='ocrx_word' id='word_1_602' title='bbox 556 4634 806 4689; x_wconf 83' lang='lat' dir='ltr'><strong>Conditio</strong></span> <span class='ocrx_word' id='word_1_603' title='bbox 846 4634 1069 4704; x_wconf 77' lang='lat' dir='ltr'><strong>placuit,</strong></span> <span class='ocrx_word' id='word_1_604' title='bbox 1104 4636 1277 4687; x_wconf 84' lang='lat' dir='ltr'><strong>minus</strong></span> <span class='ocrx_word' id='word_1_605' title='bbox 1315 4639 1381 4687; x_wconf 84' lang='lat' dir='ltr'><strong>ad</strong></span> <span class='ocrx_word' id='word_1_606' title='bbox 1415 4638 1637 4687; x_wconf 88' lang='lat' dir='ltr'><strong>tutanda</strong></span> <span class='ocrx_word' id='word_1_607' title='bbox 1666 4634 1846 4702; x_wconf 79' lang='lat' dir='ltr'><strong>peritis</strong></span> 
     </span>
    </p>
   </div>
   <div class='ocr_carea' id='block_1_89' title="bbox 551 4704 1950 4774">
    <p class='ocr_par' dir='ltr' id='par_1_89' title="bbox 551 4704 1950 4774">
     <span class='ocr_line' id='line_1_89' title="bbox 551 4704 1950 4774; baseline 0.001 -18"><span class='ocrx_word' id='word_1_608' title='bbox 551 4706 779 4774; x_wconf 74' lang='lat' dir='ltr'><strong>Agmina</strong></span> <span class='ocrx_word' id='word_1_609' title='bbox 819 4705 1125 4761; x_wconf 71' lang='lat' dir='ltr'><strong>Gre-corum</strong></span> <span class='ocrx_word' id='word_1_610' title='bbox 1156 4722 1173 4769; x_wconf 88' lang='lat'><strong><em>;</em></strong></span> <span class='ocrx_word' id='word_1_611' title='bbox 1200 4721 1290 4758; x_wconf 87' lang='lat' dir='ltr'><strong>nec</strong></span> <span class='ocrx_word' id='word_1_612' title='bbox 1318 4705 1454 4758; x_wconf 85' lang='lat' dir='ltr'><strong>enim</strong></span> <span class='ocrx_word' id='word_1_613' title='bbox 1482 4707 1780 4759; x_wconf 81' lang='lat' dir='ltr'><strong>decernitur</strong></span> <span class='ocrx_word' id='word_1_614' title='bbox 1809 4704 1950 4757; x_wconf 89' lang='lat' dir='ltr'><strong>ultra</strong></span> 
     </span>
    </p>
   </div>
   <div class='ocr_carea' id='block_1_90' title="bbox 551 4774 1993 4845">
    <p class='ocr_par' dir='ltr' id='par_1_90' title="bbox 551 4774 1993 4845">
     <span class='ocr_line' id='line_1_90' title="bbox 551 4774 1993 4845; baseline 0 -19"><span class='ocrx_word' id='word_1_615' title='bbox 551 4775 702 4845; x_wconf 64' lang='lat' dir='ltr'><strong>Areis</strong></span> <span class='ocrx_word' id='word_1_616' title='bbox 727 4775 797 4828; x_wconf 88' lang='lat' dir='ltr'><strong>ad</strong></span> <span class='ocrx_word' id='word_1_617' title='bbox 831 4776 1081 4845; x_wconf 70' lang='lat' dir='ltr'><strong>Augusta?</strong></span> <span class='ocrx_word' id='word_1_618' title='bbox 1114 4774 1384 4829; x_wconf 85' lang='lat' dir='ltr'><strong>Romanus</strong></span> <span class='ocrx_word' id='word_1_619' title='bbox 1419 4775 1549 4842; x_wconf 84' lang='lat' dir='ltr'><strong>jura</strong></span> <span class='ocrx_word' id='word_1_620' title='bbox 1584 4777 1772 4829; x_wconf 84' lang='lat' dir='ltr'><strong>redire.</strong></span> <span class='ocrx_word' id='word_1_621' title='bbox 1986 4830 1993 4837; x_wconf 58' lang='grc'><strong>,</strong></span> 
     </span>
    </p>
   </div>
   <div class='ocr_carea' id='block_1_91' title="bbox 558 4843 1909 4915">
    <p class='ocr_par' dir='ltr' id='par_1_91' title="bbox 558 4843 1909 4915">
     <span class='ocr_line' id='line_1_91' title="bbox 558 4843 1909 4915; baseline 0.001 -18"><span class='ocrx_word' id='word_1_622' title='bbox 558 4843 665 4899; x_wconf 78' lang='lat' dir='ltr'><strong>llos</strong></span> <span class='ocrx_word' id='word_1_623' title='bbox 695 4846 782 4898; x_wconf 88' lang='lat' dir='ltr'><strong>ubi</strong></span> <span class='ocrx_word' id='word_1_624' title='bbox 815 4843 1069 4915; x_wconf 59' lang='lat' dir='ltr'><strong>Diogenes</strong></span> <span class='ocrx_word' id='word_1_625' title='bbox 1100 4845 1270 4913; x_wconf 84' lang='lat' dir='ltr'><strong>[actos</strong></span> <span class='ocrx_word' id='word_1_626' title='bbox 1296 4845 1396 4898; x_wconf 79' lang='lat' dir='ltr'><strong>sibi</strong></span> <span class='ocrx_word' id='word_1_627' title='bbox 1422 4848 1673 4914; x_wconf 82' lang='lat' dir='ltr'><strong>comperit</strong></span> <span class='ocrx_word' id='word_1_628' title='bbox 1702 4845 1871 4898; x_wconf 82' lang='lat' dir='ltr'><strong>hostes</strong></span> <span class='ocrx_word' id='word_1_629' title='bbox 1894 4884 1909 4908; x_wconf 94' lang='lat'><strong>,</strong></span> 
     </span>
    </p>
   </div>
   <div class='ocr_carea' id='block_1_92' title="bbox 550 4915 1679 4980">
    <p class='ocr_par' dir='ltr' id='par_1_92' title="bbox 550 4915 1679 4980">
     <span class='ocr_line' id='line_1_92' title="bbox 550 4915 1679 4980; baseline 0.001 -13"><span class='ocrx_word' id='word_1_630' title='bbox 550 4918 766 4968; x_wconf 70' lang='lat' dir='ltr'><strong>Auxilio</strong></span> <span class='ocrx_word' id='word_1_631' title='bbox 793 4917 925 4980; x_wconf 79' lang='lat' dir='ltr'><strong>ﬁsus</strong></span> <span class='ocrx_word' id='word_1_632' title='bbox 962 4916 1248 4970; x_wconf 81' lang='lat' dir='ltr'><strong>Persarum</strong></span> <span class='ocrx_word' id='word_1_633' title='bbox 1280 4923 1443 4968; x_wconf 88' lang='lat' dir='ltr'><strong>tentat</strong></span> <span class='ocrx_word' id='word_1_634' title='bbox 1471 4915 1526 4969; x_wconf 83' lang='lat' dir='ltr'><strong>in</strong></span> <span class='ocrx_word' id='word_1_635' title='bbox 1558 4915 1679 4969; x_wconf 87' lang='lat' dir='ltr'><strong>illos</strong></span> 
     </span>
    </p>
   </div>
   <div class='ocr_carea' id='block_1_93' title="bbox 550 4985 1601 5054">
    <p class='ocr_par' dir='ltr' id='par_1_93' title="bbox 550 4985 1601 5054">
     <span class='ocr_line' id='line_1_93' title="bbox 550 4985 1601 5054; baseline 0.001 -17"><span class='ocrx_word' id='word_1_636' title='bbox 550 4985 734 5038; x_wconf 78' lang='lat' dir='ltr'><strong>Civilis</strong></span> <span class='ocrx_word' id='word_1_637' title='bbox 775 4985 895 5039; x_wconf 82' lang='lat' dir='ltr'><strong>belli</strong></span> <span class='ocrx_word' id='word_1_638' title='bbox 927 4987 1103 5039; x_wconf 83' lang='lat' dir='ltr'><strong>varios</strong></span> <span class='ocrx_word' id='word_1_639' title='bbox 1126 4990 1329 5052; x_wconf 84' lang='lat' dir='ltr'><strong>agitare</strong></span> <span class='ocrx_word' id='word_1_640' title='bbox 1358 4998 1601 5054; x_wconf 87' lang='lat' dir='ltr'><strong>paratus.</strong></span> 
     </span>
    </p>
   </div>
   <div class='ocr_carea' id='block_1_94' title="bbox 547 5055 1735 5125">
    <p class='ocr_par' dir='ltr' id='par_1_94' title="bbox 547 5055 1735 5125">
     <span class='ocr_line' id='line_1_94' title="bbox 547 5055 1735 5125; baseline -0.001 -17"><span class='ocrx_word' id='word_1_641' title='bbox 547 5055 790 5125; x_wconf 77' lang='lat' dir='ltr'><strong>Privigui</strong></span> <span class='ocrx_word' id='word_1_642' title='bbox 821 5074 874 5109; x_wconf 87' lang='lat' dir='ltr'><strong>se</strong></span> <span class='ocrx_word' id='word_1_643' title='bbox 906 5074 1009 5110; x_wconf 88' lang='lat' dir='ltr'><strong>non</strong></span> <span class='ocrx_word' id='word_1_644' title='bbox 1041 5057 1291 5111; x_wconf 81' lang='lat' dir='ltr'><strong>obsistere</strong></span> <span class='ocrx_word' id='word_1_645' title='bbox 1323 5072 1476 5124; x_wconf 81' lang='lat' dir='ltr'><strong>posse</strong></span> <span class='ocrx_word' id='word_1_646' title='bbox 1509 5057 1735 5113; x_wconf 69' lang='lat' dir='ltr'><strong>ridentes</strong></span> 
     </span>
    </p>
   </div>
   <div class='ocr_carea' id='block_1_95' title="bbox 553 5124 1651 5193">
    <p class='ocr_par' dir='ltr' id='par_1_95' title="bbox 553 5124 1651 5193">
     <span class='ocr_line' id='line_1_95' title="bbox 553 5124 1651 5193; baseline 0.003 -16"><span class='ocrx_word' id='word_1_647' title='bbox 553 5124 716 5178; x_wconf 69' lang='lat' dir='ltr'><strong>Illuni</strong></span> <span class='ocrx_word' id='word_1_648' title='bbox 743 5137 1001 5181; x_wconf 77' lang='lat' dir='ltr'><strong>conantur</strong></span> <span class='ocrx_word' id='word_1_649' title='bbox 1028 5128 1272 5180; x_wconf 76' lang='lat' dir='ltr'><strong>seducere</strong></span> <span class='ocrx_word' id='word_1_650' title='bbox 1295 5142 1420 5193; x_wconf 84' lang='lat' dir='ltr'><strong>pace</strong></span> <span class='ocrx_word' id='word_1_651' title='bbox 1442 5125 1651 5180; x_wconf 85' lang='lat' dir='ltr'><strong>dolosa.</strong></span> 
     </span>
    </p>
   </div>
   <div class='ocr_carea' id='block_1_96' title="bbox 550 5195 1675 5263">
    <p class='ocr_par' dir='ltr' id='par_1_96' title="bbox 550 5195 1675 5263">
     <span class='ocr_line' id='line_1_96' title="bbox 550 5195 1675 5263; baseline 0 -14"><span class='ocrx_word' id='word_1_652' title='bbox 550 5195 737 5257; x_wconf 84' lang='lat' dir='ltr'><strong>anari</strong></span> <span class='ocrx_word' id='word_1_653' title='bbox 765 5198 975 5263; x_wconf 79' lang='lat' dir='ltr'><strong>fraudis</strong></span> <span class='ocrx_word' id='word_1_654' title='bbox 1011 5206 1276 5262; x_wconf 80' lang='lat' dir='ltr'><strong>portantes</strong></span> <span class='ocrx_word' id='word_1_655' title='bbox 1310 5196 1498 5249; x_wconf 88' lang='lat' dir='ltr'><strong>nuntia</strong></span> <span class='ocrx_word' id='word_1_656' title='bbox 1529 5197 1675 5262; x_wconf 76' lang='lat' dir='ltr'><strong>paris</strong></span> 
     </span>
    </p>
   </div>
   <div class='ocr_carea' id='block_1_97' title="bbox 551 5264 1905 5336">
    <p class='ocr_par' dir='ltr' id='par_1_97' title="bbox 551 5264 1905 5336">
     <span class='ocr_line' id='line_1_97' title="bbox 551 5264 1905 5336; baseline 0.002 -17"><span class='ocrx_word' id='word_1_657' title='bbox 551 5266 644 5319; x_wconf 82' lang='lat' dir='ltr'><strong>Bis</strong></span> <span class='ocrx_word' id='word_1_658' title='bbox 675 5283 765 5319; x_wconf 80' lang='lat' dir='ltr'><strong>sea:</strong></span> <span class='ocrx_word' id='word_1_659' title='bbox 797 5268 1069 5336; x_wconf 79' lang='lat' dir='ltr'><strong>pontiﬁces</strong></span> <span class='ocrx_word' id='word_1_660' title='bbox 1100 5271 1403 5326; x_wconf 84' lang='lat' dir='ltr'><strong>mittuntur,</strong></span> <span class='ocrx_word' id='word_1_661' title='bbox 1436 5280 1555 5317; x_wconf 82' lang='lat' dir='ltr'><strong>cum</strong></span> <span class='ocrx_word' id='word_1_662' title='bbox 1585 5264 1832 5322; x_wconf 78' lang='lat' dir='ltr'><strong>Gorelina</strong></span> <span class='ocrx_word' id='word_1_663' title='bbox 1864 5269 1905 5335; x_wconf 82' lang='grc'>¹,</span> 
     </span>
    </p>
   </div>
   <div class='ocr_carea' id='block_1_98' title="bbox 547 5336 1711 5405">
    <p class='ocr_par' dir='ltr' id='par_1_98' title="bbox 547 5336 1711 5405">
     <span class='ocr_line' id='line_1_98' title="bbox 547 5336 1711 5405; baseline 0 -17"><span class='ocrx_word' id='word_1_664' title='bbox 547 5336 713 5405; x_wconf 83' lang='lat' dir='ltr'><strong>Cujus</strong></span> <span class='ocrx_word' id='word_1_665' title='bbox 745 5337 1008 5389; x_wconf 75' lang='lat' dir='ltr'><strong>Romanus</strong></span> <span class='ocrx_word' id='word_1_666' title='bbox 1032 5338 1181 5387; x_wconf 83' lang='lat' dir='ltr'><strong>toties</strong></span> <span class='ocrx_word' id='word_1_667' title='bbox 1205 5346 1447 5401; x_wconf 70' lang='lat' dir='ltr'><strong>expertus</strong></span> <span class='ocrx_word' id='word_1_668' title='bbox 1479 5352 1711 5389; x_wconf 87' lang='lat' dir='ltr'><strong>umorem</strong></span> 
     </span>
    </p>
   </div>
   <div class='ocr_carea' id='block_1_99' title="bbox 554 5406 1776 5469">
    <p class='ocr_par' dir='ltr' id='par_1_99' title="bbox 554 5406 1776 5469">
     <span class='ocr_line' id='line_1_99' title="bbox 554 5406 1776 5469; baseline 0.002 -12"><span class='ocrx_word' id='word_1_669' title='bbox 554 5406 676 5458; x_wconf 74' lang='lat' dir='ltr'><strong>Non</strong></span> <span class='ocrx_word' id='word_1_670' title='bbox 703 5409 979 5459; x_wconf 76' lang='lat' dir='ltr'><strong>dubitabat</strong></span> <span class='ocrx_word' id='word_1_671' title='bbox 1016 5408 1063 5458; x_wconf 86' lang='lat' dir='ltr'><strong>ei</strong></span> <span class='ocrx_word' id='word_1_672' title='bbox 1096 5421 1150 5457; x_wconf 87' lang='lat' dir='ltr'><strong>se</strong></span> <span class='ocrx_word' id='word_1_673' title='bbox 1173 5407 1382 5458; x_wconf 81' lang='lat' dir='ltr'><strong>credere</strong></span> <span class='ocrx_word' id='word_1_674' title='bbox 1416 5407 1552 5458; x_wconf 86' lang='lat' dir='ltr'><strong>sicut</strong></span> <span class='ocrx_word' id='word_1_675' title='bbox 1585 5408 1776 5469; x_wconf 82' lang='lat' dir='ltr'><strong>amico,</strong></span> 
     </span>
    </p>
   </div>
   <div class='ocr_carea' id='block_1_100' title="bbox 547 5474 1608 5544">
    <p class='ocr_par' dir='ltr' id='par_1_100' title="bbox 547 5474 1608 5544">
     <span class='ocr_line' id='line_1_100' title="bbox 547 5474 1608 5544; baseline -0.001 -14"><span class='ocrx_word' id='word_1_676' title='bbox 547 5474 771 5530; x_wconf 82' lang='lat' dir='ltr'><strong>Securus</strong></span> <span class='ocrx_word' id='word_1_677' title='bbox 804 5477 977 5543; x_wconf 75' lang='lat' dir='ltr'><strong>{actus</strong></span> <span class='ocrx_word' id='word_1_678' title='bbox 1000 5477 1238 5542; x_wconf 86' lang='lat' dir='ltr'><strong>jurando</strong></span> <span class='ocrx_word' id='word_1_679' title='bbox 1257 5477 1381 5544; x_wconf 85' lang='lat' dir='ltr'><strong>jure</strong></span> <span class='ocrx_word' id='word_1_680' title='bbox 1404 5476 1608 5544; x_wconf 79' lang='lat' dir='ltr'><strong>ﬁdeque</strong></span> 
     </span>
    </p>
   </div>
   <div class='ocr_carea' id='block_1_101' title="bbox 552 5545 1879 5613">
    <p class='ocr_par' dir='ltr' id='par_1_101' title="bbox 552 5545 1879 5613">
     <span class='ocr_line' id='line_1_101' title="bbox 552 5545 1879 5613; baseline 0.001 -16"><span class='ocrx_word' id='word_1_681' title='bbox 552 5545 618 5598; x_wconf 70' lang='lat' dir='ltr'><strong>Ut</strong></span> <span class='ocrx_word' id='word_1_682' title='bbox 647 5550 771 5613; x_wconf 84' lang='lat' dir='ltr'><strong>petit</strong></span> <span class='ocrx_word' id='word_1_683' title='bbox 805 5548 914 5613; x_wconf 86' lang='lat' dir='ltr'><strong>ipse</strong></span> <span class='ocrx_word' id='word_1_684' title='bbox 942 5546 1069 5597; x_wconf 85' lang='lat' dir='ltr'><strong>data</strong></span> <span class='ocrx_word' id='word_1_685' title='bbox 1101 5562 1118 5599; x_wconf 91' lang='lat'><strong><em>:</em></strong></span> <span class='ocrx_word' id='word_1_686' title='bbox 1161 5545 1348 5597; x_wconf 56' lang='lat' dir='ltr'><strong>misero</strong></span> <span class='ocrx_word' id='word_1_687' title='bbox 1381 5547 1549 5613; x_wconf 87' lang='lat' dir='ltr'><strong>placet</strong></span> <span class='ocrx_word' id='word_1_688' title='bbox 1588 5547 1879 5613; x_wconf 70' lang='lat' dir='ltr'><strong>intperinlis</strong></span> 
     </span>
    </p>
   </div>
   <div class='ocr_carea' id='block_1_102' title="bbox 546 5614 1881 5685">
    <p class='ocr_par' dir='ltr' id='par_1_102' title="bbox 546 5614 1881 5685">
     <span class='ocr_line' id='line_1_102' title="bbox 546 5614 1881 5685; baseline 0.002 -15"><span class='ocrx_word' id='word_1_689' title='bbox 546 5614 829 5670; x_wconf 81' lang='lat' dir='ltr'><strong>Incassum</strong></span> <span class='ocrx_word' id='word_1_690' title='bbox 863 5615 1085 5678; x_wconf 79' lang='lat' dir='ltr'><strong>reditus,</strong></span> <span class='ocrx_word' id='word_1_691' title='bbox 1115 5616 1237 5685; x_wconf 86' lang='lat' dir='ltr'><strong>quia</strong></span> <span class='ocrx_word' id='word_1_692' title='bbox 1272 5630 1392 5667; x_wconf 66' lang='lat' dir='ltr'><strong>mox</strong></span> <span class='ocrx_word' id='word_1_693' title='bbox 1420 5614 1507 5667; x_wconf 85' lang='lat' dir='ltr'><strong>ubi</strong></span> <span class='ocrx_word' id='word_1_694' title='bbox 1535 5629 1763 5682; x_wconf 82' lang='lat' dir='ltr'><strong>pereemt</strong></span> <span class='ocrx_word' id='word_1_695' title='bbox 1794 5621 1881 5674; x_wconf 87' lang='lat' dir='ltr'><strong>ille</strong></span> 
     </span>
    </p>
   </div>
   <div class='ocr_carea' id='block_1_103' title="bbox 2084 4530 2136 4590">
    <p class='ocr_par' dir='ltr' id='par_1_103' title="bbox 2084 4530 2136 4590">
     <span class='ocr_line' id='line_1_103' title="bbox 2084 4530 2136 4590; baseline 0 0"><span class='ocrx_word' id='word_1_696' title='bbox 2084 4530 2136 4590; x_wconf 93' lang='lat' dir='ltr'><strong>D</strong></span> 
     </span>
    </p>
   </div>
   <div class='ocr_carea' id='block_1_104' title="bbox 2237 4214 3569 4289">
    <p class='ocr_par' dir='ltr' id='par_1_104' title="bbox 2237 4214 3569 4289">
     <span class='ocr_line' id='line_1_104' title="bbox 2237 4214 3569 4289; baseline -0.01 -16"><span class='ocrx_word' id='word_1_697' title='bbox 2237 4218 2573 4285; x_wconf 81' lang='lat' dir='ltr'><strong>Heracleam,</strong></span> <span class='ocrx_word' id='word_1_698' title='bbox 2602 4221 2832 4289; x_wconf 82' lang='lat' dir='ltr'><strong>capitur,</strong></span> <span class='ocrx_word' id='word_1_699' title='bbox 2858 4218 3100 4287; x_wconf 84' lang='lat' dir='ltr'><strong>privatur</strong></span> <span class='ocrx_word' id='word_1_700' title='bbox 3134 4214 3326 4289; x_wconf 57' lang='lat' dir='ltr'><strong>lumine</strong></span> <span class='ocrx_word' id='word_1_701' title='bbox 3360 4219 3569 4275; x_wconf 84' lang='lat' dir='ltr'><strong>captus,</strong></span> 
     </span>
    </p>
   </div>
   <div class='ocr_carea' id='block_1_105' title="bbox 2234 4283 3502 4358">
    <p class='ocr_par' dir='ltr' id='par_1_105' title="bbox 2234 4283 3502 4358">
     <span class='ocr_line' id='line_1_105' title="bbox 2234 4283 3502 4358; baseline -0.014 -11"><span class='ocrx_word' id='word_1_702' title='bbox 2234 4290 2399 4358; x_wconf 80' lang='lat' dir='ltr'><strong>Cujus</strong></span> <span class='ocrx_word' id='word_1_703' title='bbox 2427 4301 2478 4345; x_wconf 88' lang='lat' dir='ltr'><strong>et</strong></span> <span class='ocrx_word' id='word_1_704' title='bbox 2512 4283 2719 4357; x_wconf 76' lang='lat' dir='ltr'><strong>imperii</strong></span> <span class='ocrx_word' id='word_1_705' title='bbox 2749 4283 2924 4358; x_wconf 56' lang='lat' dir='ltr'><strong>fuerint</strong></span> <span class='ocrx_word' id='word_1_706' title='bbox 2957 4297 3072 4358; x_wconf 74' lang='lat' dir='ltr'><strong>tant</strong></span> <span class='ocrx_word' id='word_1_707' title='bbox 3102 4283 3270 4358; x_wconf 83' lang='lat' dir='ltr'><strong>nobile</strong></span> <span class='ocrx_word' id='word_1_708' title='bbox 3294 4296 3502 4358; x_wconf 72' lang='lat' dir='ltr'><strong>nomen,</strong></span> 
     </span>
    </p>
   </div>
   <div class='ocr_carea' id='block_1_106' title="bbox 2238 4352 3653 4432">
    <p class='ocr_par' dir='ltr' id='par_1_106' title="bbox 2238 4352 3653 4432">
     <span class='ocr_line' id='line_1_106' title="bbox 2238 4352 3653 4432; baseline -0.009 -19"><span class='ocrx_word' id='word_1_709' title='bbox 2238 4352 2529 4432; x_wconf 52' lang='lat' dir='ltr'><strong>{lenachus</strong></span> <span class='ocrx_word' id='word_1_710' title='bbox 2558 4352 2800 4432; x_wconf 57' lang='lat' dir='ltr'><strong>eﬁ&#39;icitu&#39;r.</strong></span> <span class='ocrx_word' id='word_1_711' title='bbox 2837 4354 3020 4432; x_wconf 68' lang='lat' dir='ltr'><strong>Securi</strong></span> <span class='ocrx_word' id='word_1_712' title='bbox 3046 4356 3164 4432; x_wconf 76' lang='lat' dir='ltr'><strong>jant</strong></span> <span class='ocrx_word' id='word_1_713' title='bbox 3192 4355 3298 4406; x_wconf 86' lang='lat' dir='ltr'><strong>duo</strong></span> <span class='ocrx_word' id='word_1_714' title='bbox 3327 4352 3520 4432; x_wconf 63' lang='lat' dir='ltr'><strong>fratres</strong></span> <span class='ocrx_word' id='word_1_715' title='bbox 3543 4419 3555 4432; x_wconf 36' lang='lat' dir='ltr'><strong>O</strong></span> <span class='ocrx_word' id='word_1_716' title='bbox 3650 4408 3653 4411; x_wconf 96' lang='lat'><em>_</em></span> 
     </span>
    </p>
   </div>
   <div class='ocr_carea' id='block_1_107' title="bbox 2236 4419 3625 4499">
    <p class='ocr_par' dir='ltr' id='par_1_107' title="bbox 2236 4419 3625 4499">
     <span class='ocr_line' id='line_1_107' title="bbox 2236 4419 3625 4499; baseline -0.008 -17"><span class='ocrx_word' id='word_1_717' title='bbox 2236 4427 2398 4499; x_wconf 73' lang='lat' dir='ltr'><strong>Regni</strong></span> <span class='ocrx_word' id='word_1_718' title='bbox 2428 4419 2734 4494; x_wconf 68' lang='lat' dir='ltr'><strong>tranquillis</strong></span> <span class='ocrx_word' id='word_1_719' title='bbox 2769 4428 2971 4498; x_wconf 81' lang='lat' dir='ltr'><strong>agitant</strong></span> <span class='ocrx_word' id='word_1_720' title='bbox 3006 4419 3625 4499; x_wconf 70' lang='lat' dir='ltr'><strong>nioderantethabenis;</strong></span> 
     </span>
    </p>
   </div>
   <div class='ocr_carea' id='block_1_108' title="bbox 2239 4490 3625 4561">
    <p class='ocr_par' dir='ltr' id='par_1_108' title="bbox 2239 4490 3625 4561">
     <span class='ocr_line' id='line_1_108' title="bbox 2239 4490 3625 4561; baseline -0.008 -9"><span class='ocrx_word' id='word_1_721' title='bbox 2239 4490 2356 4552; x_wconf 77' lang='grc' dir='ltr'>Νὸη</span> <span class='ocrx_word' id='word_1_722' title='bbox 2386 4490 2923 4553; x_wconf 59' lang='grc' dir='ltr'>ιαηιωίοηιηὶηοέιιη</span> <span class='ocrx_word' id='word_1_723' title='bbox 2953 4506 3114 4549; x_wconf 84' lang='lat' dir='ltr'><strong>restat</strong></span> <span class='ocrx_word' id='word_1_724' title='bbox 3139 4491 3307 4548; x_wconf 88' lang='lat' dir='ltr'><strong>inulta</strong></span> <span class='ocrx_word' id='word_1_725' title='bbox 3335 4490 3573 4561; x_wconf 79' lang='lat' dir='ltr'><strong>tyrannis</strong></span> <span class='ocrx_word' id='word_1_726' title='bbox 3603 4504 3625 4554; x_wconf 79' lang='lat'><strong>,&#39;</strong></span> 
     </span>
    </p>
   </div>
   <div class='ocr_carea' id='block_1_109' title="bbox 2232 4562 3454 4637">
    <p class='ocr_par' dir='ltr' id='par_1_109' title="bbox 2232 4562 3454 4637">
     <span class='ocr_line' id='line_1_109' title="bbox 2232 4562 3454 4637; baseline -0.01 -14"><span class='ocrx_word' id='word_1_727' title='bbox 2232 4569 2473 4637; x_wconf 86' lang='lat' dir='ltr'><strong>Namque</strong></span> <span class='ocrx_word' id='word_1_728' title='bbox 2499 4569 2599 4622; x_wconf 83' lang='lat' dir='ltr'><strong>sibi</strong></span> <span class='ocrx_word' id='word_1_729' title='bbox 2621 4571 2786 4622; x_wconf 86' lang='lat' dir='ltr'><strong>socios</strong></span> <span class='ocrx_word' id='word_1_730' title='bbox 2826 4566 3048 4637; x_wconf 71' lang='lat' dir='ltr'><strong>Romani</strong></span> <span class='ocrx_word' id='word_1_731' title='bbox 3083 4567 3224 4637; x_wconf 80' lang='lat' dir='ltr'><strong>ﬁlius</strong></span> <span class='ocrx_word' id='word_1_732' title='bbox 3258 4562 3454 4614; x_wconf 82' lang='lat' dir='ltr'><strong>addens</strong></span> 
     </span>
    </p>
   </div>
   <div class='ocr_carea' id='block_1_110' title="bbox 2235 4635 3493 4710">
    <p class='ocr_par' dir='ltr' id='par_1_110' title="bbox 2235 4635 3493 4710">
     <span class='ocr_line' id='line_1_110' title="bbox 2235 4635 3493 4710; baseline -0.011 -17"><span class='ocrx_word' id='word_1_733' title='bbox 2235 4635 2532 4710; x_wconf 53' lang='lat' dir='ltr'><strong>.di&#39;ntenios,</strong></span> <span class='ocrx_word' id='word_1_734' title='bbox 2575 4637 2787 4710; x_wconf 82' lang='lat' dir='ltr'><strong>Persas.</strong></span> <span class='ocrx_word' id='word_1_735' title='bbox 2820 4648 2990 4710; x_wconf 78' lang='lat' dir='ltr'><strong>terras</strong></span> <span class='ocrx_word' id='word_1_736' title='bbox 3014 4635 3241 4710; x_wconf 80' lang='lat' dir='ltr'><strong>Orientis</strong></span> <span class='ocrx_word' id='word_1_737' title='bbox 3268 4645 3448 4710; x_wconf 65' lang='lat' dir='ltr'><strong>eorum</strong></span> <span class='ocrx_word' id='word_1_738' title='bbox 3481 4695 3493 4708; x_wconf 74' lang='lat'><em>_</em></span> 
     </span>
    </p>
   </div>
   <div class='ocr_carea' id='block_1_111' title="bbox 2235 4705 3514 4777">
    <p class='ocr_par' dir='ltr' id='par_1_111' title="bbox 2235 4705 3514 4777">
     <span class='ocr_line' id='line_1_111' title="bbox 2235 4705 3514 4777; baseline -0.01 -16"><span class='ocrx_word' id='word_1_739' title='bbox 2235 4708 2509 4763; x_wconf 83' lang='lat' dir='ltr'><strong>Subtrahit</strong></span> <span class='ocrx_word' id='word_1_740' title='bbox 2536 4708 2788 4776; x_wconf 84' lang='lat' dir='ltr'><strong>imperio,</strong></span> <span class='ocrx_word' id='word_1_741' title='bbox 2816 4707 2957 4773; x_wconf 79' lang='lat' dir='ltr'><strong>ferro</strong></span> <span class='ocrx_word' id='word_1_742' title='bbox 2989 4705 3271 4775; x_wconf 81' lang='lat' dir='ltr'><strong>populatus</strong></span> <span class='ocrx_word' id='word_1_743' title='bbox 3303 4709 3352 4777; x_wconf 72' lang='lat' dir='ltr'><strong>et</strong></span> <span class='ocrx_word' id='word_1_744' title='bbox 3383 4705 3514 4777; x_wconf 60' lang='lat' dir='ltr'><strong>igni.</strong></span> 
     </span>
    </p>
   </div>
   <div class='ocr_carea' id='block_1_112' title="bbox 2234 4764 3569 4851">
    <p class='ocr_par' dir='ltr' id='par_1_112' title="bbox 2234 4764 3569 4851">
     <span class='ocr_line' id='line_1_112' title="bbox 2234 4764 3569 4851; baseline -0.01 -19"><span class='ocrx_word' id='word_1_745' title='bbox 2234 4778 2486 4851; x_wconf 70' lang='lat' dir='ltr'><strong>Tempore</strong></span> <span class='ocrx_word' id='word_1_746' title='bbox 2520 4764 2948 4851; x_wconf 42' lang='lat' dir='ltr'><strong>Persarum-gens</strong></span> <span class='ocrx_word' id='word_1_747' title='bbox 2975 4764 3177 4844; x_wconf 68' lang='lat' dir='ltr'><strong>perﬁda</strong></span> <span class='ocrx_word' id='word_1_748' title='bbox 3205 4772 3354 4851; x_wconf 69' lang='lat' dir='ltr'><strong>capit</strong></span> <span class='ocrx_word' id='word_1_749' title='bbox 3385 4764 3450 4821; x_wconf 74' lang='lat' dir='ltr'><strong>ab</strong></span> <span class='ocrx_word' id='word_1_750' title='bbox 3474 4764 3569 4820; x_wconf 88' lang='lat' dir='ltr'><strong>illo</strong></span> 
     </span>
    </p>
   </div>
   <div class='ocr_carea' id='block_1_113' title="bbox 2232 4842 3403 4916">
    <p class='ocr_par' dir='ltr' id='par_1_113' title="bbox 2232 4842 3403 4916">
     <span class='ocr_line' id='line_1_113' title="bbox 2232 4842 3403 4916; baseline -0.01 -14"><span class='ocrx_word' id='word_1_751' title='bbox 2232 4849 2292 4902; x_wconf 88' lang='lat' dir='ltr'><strong>In</strong></span> <span class='ocrx_word' id='word_1_752' title='bbox 2316 4842 2627 4902; x_wconf 76' lang='lat' dir='ltr'><strong>Romaniam</strong></span> <span class='ocrx_word' id='word_1_753' title='bbox 2648 4842 2957 4916; x_wconf 72' lang='lat' dir='ltr'><strong>consurgere</strong></span> <span class='ocrx_word' id='word_1_754' title='bbox 2975 4842 3141 4908; x_wconf 72' lang='lat' dir='ltr'><strong>crede,</strong></span> <span class='ocrx_word' id='word_1_755' title='bbox 3161 4842 3403 4916; x_wconf 59' lang='grc' dir='ltr'><strong>Δτιῳῖηξςε.</strong></span> 
     </span>
    </p>
   </div>
   <div class='ocr_carea' id='block_1_114' title="bbox 2236 4908 3630 4989">
    <p class='ocr_par' dir='ltr' id='par_1_114' title="bbox 2236 4908 3630 4989">
     <span class='ocr_line' id='line_1_114' title="bbox 2236 4908 3630 4989; baseline -0.01 -17"><span class='ocrx_word' id='word_1_756' title='bbox 2236 4918 2454 4989; x_wconf 83' lang='lat' dir='ltr'><strong>Imperii</strong></span> <span class='ocrx_word' id='word_1_757' title='bbox 2497 4934 2589 4989; x_wconf 67' lang='lat' dir='ltr'><strong>nec</strong></span> <span class='ocrx_word' id='word_1_758' title='bbox 2623 4919 2794 4989; x_wconf 85' lang='lat' dir='ltr'><strong>adhuc</strong></span> <span class='ocrx_word' id='word_1_759' title='bbox 2824 4908 2990 4983; x_wconf 71' lang='lat' dir='ltr'><strong>redigi</strong></span> <span class='ocrx_word' id='word_1_760' title='bbox 3021 4920 3116 4968; x_wconf 86' lang='lat' dir='ltr'><strong>sub</strong></span> <span class='ocrx_word' id='word_1_761' title='bbox 3146 4913 3274 4983; x_wconf 86' lang='lat' dir='ltr'><strong>jura</strong></span> <span class='ocrx_word' id='word_1_762' title='bbox 3302 4908 3519 4989; x_wconf 70' lang='lat' dir='ltr'><strong>valeret,</strong></span> <span class='ocrx_word' id='word_1_763' title='bbox 3616 4975 3630 4988; x_wconf 38' lang='grc' dir='ltr'><strong>θ</strong></span> 
     </span>
    </p>
   </div>
   <div class='ocr_carea' id='block_1_115' title="bbox 2237 4987 3631 5055">
    <p class='ocr_par' dir='ltr' id='par_1_115' title="bbox 2237 4987 3631 5055">
     <span class='ocr_line' id='line_1_115' title="bbox 2237 4987 3631 5055; baseline -0.009 -14"><span class='ocrx_word' id='word_1_764' title='bbox 2237 4988 2373 5041; x_wconf 76' lang='lat' dir='ltr'><strong>Gens</strong></span> <span class='ocrx_word' id='word_1_765' title='bbox 2409 4991 2514 5043; x_wconf 85' lang='lat' dir='ltr'><strong>nisi</strong></span> <span class='ocrx_word' id='word_1_766' title='bbox 2548 4987 2847 5050; x_wconf 81' lang='lat' dir='ltr'><strong>Gallorum,</strong></span> <span class='ocrx_word' id='word_1_767' title='bbox 2878 5002 2993 5055; x_wconf 79' lang='lat' dir='ltr'><strong>qua:</strong></span> <span class='ocrx_word' id='word_1_768' title='bbox 3022 4997 3170 5055; x_wconf 84' lang='lat' dir='ltr'><strong>gente</strong></span> <span class='ocrx_word' id='word_1_769' title='bbox 3194 4987 3456 5049; x_wconf 75' lang='lat' dir='ltr'><strong>potentior</strong></span> <span class='ocrx_word' id='word_1_770' title='bbox 3485 4987 3631 5030; x_wconf 82' lang='lat' dir='ltr'><strong>amnt</strong></span> 
     </span>
    </p>
   </div>
   <div class='ocr_carea' id='block_1_116' title="bbox 2239 5056 3507 5119">
    <p class='ocr_par' dir='ltr' id='par_1_116' title="bbox 2239 5056 3507 5119">
     <span class='ocr_line' id='line_1_116' title="bbox 2239 5056 3507 5119; baseline -0.009 -6"><span class='ocrx_word' id='word_1_771' title='bbox 2239 5060 2451 5113; x_wconf 74' lang='lat' dir='ltr'><strong>Viribus</strong></span> <span class='ocrx_word' id='word_1_772' title='bbox 2482 5073 2778 5116; x_wconf 86' lang='lat' dir='ltr'><strong>armorum,</strong></span> <span class='ocrx_word' id='word_1_773' title='bbox 2815 5068 2945 5109; x_wconf 87' lang='lat' dir='ltr'><strong>nutu</strong></span> <span class='ocrx_word' id='word_1_774' title='bbox 2972 5056 3247 5109; x_wconf 85' lang='lat' dir='ltr'><strong>stimulata</strong></span> <span class='ocrx_word' id='word_1_775' title='bbox 3282 5062 3507 5119; x_wconf 81' lang='lat' dir='ltr'><strong>superno</strong></span> 
     </span>
    </p>
   </div>
   <div class='ocr_carea' id='block_1_117' title="bbox 2234 5123 3383 5194">
    <p class='ocr_par' dir='ltr' id='par_1_117' title="bbox 2234 5123 3383 5194">
     <span class='ocr_line' id='line_1_117' title="bbox 2234 5123 3383 5194; baseline -0.011 -9"><span class='ocrx_word' id='word_1_776' title='bbox 2234 5132 2382 5185; x_wconf 78' lang='lat' dir='ltr'><strong>lianc</strong></span> <span class='ocrx_word' id='word_1_777' title='bbox 2406 5130 2637 5183; x_wconf 83' lang='lat' dir='ltr'><strong>libertati</strong></span> <span class='ocrx_word' id='word_1_778' title='bbox 2672 5138 2918 5194; x_wconf 78' lang='lat' dir='ltr'><strong>superato</strong></span> <span class='ocrx_word' id='word_1_779' title='bbox 2946 5127 3182 5179; x_wconf 71' lang='lat' dir='ltr'><strong>reddent</strong></span> <span class='ocrx_word' id='word_1_780' title='bbox 3214 5123 3383 5184; x_wconf 77' lang='lat' dir='ltr'><strong>hoste,</strong></span> 
     </span>
    </p>
   </div>
   <div class='ocr_carea' id='block_1_118' title="bbox 2233 5190 3548 5267">
    <p class='ocr_par' dir='ltr' id='par_1_118' title="bbox 2233 5190 3548 5267">
     <span class='ocr_line' id='line_1_118' title="bbox 2233 5190 3548 5267; baseline -0.01 -13"><span class='ocrx_word' id='word_1_781' title='bbox 2233 5204 2384 5264; x_wconf 75' lang='lat' dir='ltr'><strong>Qum,</strong></span> <span class='ocrx_word' id='word_1_782' title='bbox 2411 5202 2645 5267; x_wconf 85' lang='lat' dir='ltr'><strong>spirante</strong></span> <span class='ocrx_word' id='word_1_783' title='bbox 2673 5190 2801 5267; x_wconf 80' lang='lat' dir='ltr'><strong>Deo,</strong></span> <span class='ocrx_word' id='word_1_784' title='bbox 2841 5205 3055 5267; x_wconf 84' lang='lat' dir='ltr'><strong>sanctas</strong></span> <span class='ocrx_word' id='word_1_785' title='bbox 3093 5194 3299 5262; x_wconf 84' lang='lat' dir='ltr'><strong>aperire</strong></span> <span class='ocrx_word' id='word_1_786' title='bbox 3320 5190 3548 5267; x_wconf 72' lang='lat' dir='ltr'><strong>sepulcri</strong></span> 
     </span>
    </p>
   </div>
   <div class='ocr_carea' id='block_1_119' title="bbox 2234 5261 3597 5335">
    <p class='ocr_par' dir='ltr' id='par_1_119' title="bbox 2234 5261 3597 5335">
     <span class='ocr_line' id='line_1_119' title="bbox 2234 5261 3597 5335; baseline -0.01 -11"><span class='ocrx_word' id='word_1_787' title='bbox 2234 5261 2323 5324; x_wconf 46' lang='lat' dir='ltr'><strong>list</strong></span> <span class='ocrx_word' id='word_1_788' title='bbox 2355 5261 2595 5323; x_wconf 86' lang='lat' dir='ltr'><strong>animata</strong></span> <span class='ocrx_word' id='word_1_789' title='bbox 2634 5269 2747 5321; x_wconf 84' lang='lat' dir='ltr'><strong>vias</strong></span> <span class='ocrx_word' id='word_1_790' title='bbox 2780 5266 2933 5335; x_wconf 89' lang='lat' dir='ltr'><strong>longo</strong></span> <span class='ocrx_word' id='word_1_791' title='bbox 2965 5266 3071 5331; x_wconf 75' lang='lat' dir='ltr'><strong>iam</strong></span> <span class='ocrx_word' id='word_1_792' title='bbox 3104 5261 3345 5335; x_wconf 78' lang='lat' dir='ltr'><strong>tempore</strong></span> <span class='ocrx_word' id='word_1_793' title='bbox 3364 5261 3597 5314; x_wconf 81' lang='lat' dir='ltr'><strong>clausas.</strong></span> 
     </span>
    </p>
   </div>
   <div class='ocr_carea' id='block_1_120' title="bbox 2231 5334 3347 5408">
    <p class='ocr_par' dir='ltr' id='par_1_120' title="bbox 2231 5334 3347 5408">
     <span class='ocr_line' id='line_1_120' title="bbox 2231 5334 3347 5408; baseline -0.006 -16"><span class='ocrx_word' id='word_1_794' title='bbox 2231 5342 2482 5393; x_wconf 73' lang='lat' dir='ltr'><strong>Consiliis</strong></span> <span class='ocrx_word' id='word_1_795' title='bbox 2514 5354 2738 5408; x_wconf 88' lang='lat' dir='ltr'><strong>quorum</strong></span> <span class='ocrx_word' id='word_1_796' title='bbox 2770 5337 2871 5408; x_wconf 80' lang='lat' dir='ltr'><strong>[uit</strong></span> <span class='ocrx_word' id='word_1_797' title='bbox 2896 5336 3156 5408; x_wconf 72' lang='lat' dir='ltr'><strong>exrecutio</strong></span> <span class='ocrx_word' id='word_1_798' title='bbox 3210 5334 3347 5385; x_wconf 86' lang='lat' dir='ltr'><strong>tanti</strong></span> 
     </span>
    </p>
   </div>
   <div class='ocr_carea' id='block_1_121' title="bbox 2232 5401 3454 5477">
    <p class='ocr_par' dir='ltr' id='par_1_121' title="bbox 2232 5401 3454 5477">
     <span class='ocr_line' id='line_1_121' title="bbox 2232 5401 3454 5477; baseline -0.007 -14"><span class='ocrx_word' id='word_1_799' title='bbox 2232 5401 2543 5477; x_wconf 75' lang='lat' dir='ltr'><strong>l’erpetruta</strong></span> <span class='ocrx_word' id='word_1_800' title='bbox 2578 5409 2694 5467; x_wconf 87' lang='lat' dir='ltr'><strong>viri,</strong></span> <span class='ocrx_word' id='word_1_801' title='bbox 2727 5401 2904 5458; x_wconf 82' lang='lat' dir='ltr'><strong>miseri</strong></span> <span class='ocrx_word' id='word_1_802' title='bbox 2935 5406 3217 5477; x_wconf 79' lang='lat' dir='ltr'><strong>capiuntur</strong></span> <span class='ocrx_word' id='word_1_803' title='bbox 3249 5414 3296 5455; x_wconf 90' lang='lat' dir='ltr'><strong>et</strong></span> <span class='ocrx_word' id='word_1_804' title='bbox 3326 5401 3454 5454; x_wconf 84' lang='lat' dir='ltr'><strong>aula</strong></span> 
     </span>
    </p>
   </div>
   <div class='ocr_carea' id='block_1_122' title="bbox 2230 5473 3454 5549">
    <p class='ocr_par' dir='ltr' id='par_1_122' title="bbox 2230 5473 3454 5549">
     <span class='ocr_line' id='line_1_122' title="bbox 2230 5473 3454 5549; baseline -0.009 -17"><span class='ocrx_word' id='word_1_805' title='bbox 2230 5473 2446 5549; x_wconf 63' lang='lat' dir='ltr'><strong>Depttlst&#39;</strong></span> <span class='ocrx_word' id='word_1_806' title='bbox 2476 5480 2695 5533; x_wconf 85' lang='lat' dir='ltr'><strong>meritas</strong></span> <span class='ocrx_word' id='word_1_807' title='bbox 2735 5473 3230 5549; x_wconf 53' lang='lat' dir='ltr'><strong>coquntursolvere</strong></span> <span class='ocrx_word' id='word_1_808' title='bbox 3250 5487 3454 5539; x_wconf 75' lang='lat' dir='ltr'><strong>ptenas.</strong></span> 
     </span>
    </p>
   </div>
   <div class='ocr_carea' id='block_1_123' title="bbox 2164 5544 3451 5616">
    <p class='ocr_par' dir='ltr' id='par_1_123' title="bbox 2164 5544 3451 5616">
     <span class='ocr_line' id='line_1_123' title="bbox 2164 5544 3451 5616; baseline -0.011 -12"><span class='ocrx_word' id='word_1_809' title='bbox 2164 5563 2172 5571; x_wconf 84' lang='lat'><strong>&#39;</strong></span> <span class='ocrx_word' id='word_1_810' title='bbox 2231 5544 2512 5616; x_wconf 49' lang='lat' dir='ltr'><strong>lli&#39;quibus</strong></span> <span class='ocrx_word' id='word_1_811' title='bbox 2542 5550 2804 5601; x_wconf 85' lang='lat' dir='ltr'><strong>insontem</strong></span> <span class='ocrx_word' id='word_1_812' title='bbox 2832 5546 3023 5613; x_wconf 83' lang='lat' dir='ltr'><strong>puuiri&#39;</strong></span> <span class='ocrx_word' id='word_1_813' title='bbox 3047 5544 3451 5616; x_wconf 73' lang='lat' dir='ltr'><strong>consuluerunt,</strong></span> 
     </span>
    </p>
   </div>
   <div class='ocr_carea' id='block_1_124' title="bbox 2227 5611 3441 5675">
    <p class='ocr_par' dir='ltr' id='par_1_124' title="bbox 2227 5611 3441 5675">
     <span class='ocr_line' id='line_1_124' title="bbox 2227 5611 3441 5675; baseline -0.007 -5"><span class='ocrx_word' id='word_1_814' title='bbox 2227 5611 2420 5674; x_wconf 68' lang='lat' dir='ltr'><strong>l’utiit‘i</strong></span> <span class='ocrx_word' id='word_1_815' title='bbox 2444 5628 2620 5675; x_wconf 83' lang='lat' dir='ltr'><strong>sontes</strong></span> <span class='ocrx_word' id='word_1_816' title='bbox 2650 5617 2795 5671; x_wconf 80' lang='lat' dir='ltr'><strong>vario</strong></span> <span class='ocrx_word' id='word_1_817' title='bbox 2820 5611 3142 5670; x_wconf 80' lang='lat' dir='ltr'><strong>cruciaminc</strong></span> <span class='ocrx_word' id='word_1_818' title='bbox 3165 5611 3441 5666; x_wconf 87' lang='lat' dir='ltr'><strong>mandant.</strong></span> 
     </span>
    </p>
   </div>
   <div class='ocr_carea' id='block_1_125' title="bbox 540 5753 2269 5821">
    <p class='ocr_par' dir='ltr' id='par_1_125' title="bbox 540 5753 2269 5821">
     <span class='ocr_line' id='line_1_125' title="bbox 540 5753 2269 5821; baseline 0.002 -18"><span class='ocrx_word' id='word_1_819' title='bbox 540 5754 554 5786; x_wconf 75' lang='grc' dir='ltr'><strong>ί</strong></span> <span class='ocrx_word' id='word_1_820' title='bbox 590 5754 665 5804; x_wconf 85' lang='lat' dir='ltr'><strong>De</strong></span> <span class='ocrx_word' id='word_1_821' title='bbox 692 5764 791 5817; x_wconf 80' lang='lat' dir='ltr'><strong>quo</strong></span> <span class='ocrx_word' id='word_1_822' title='bbox 824 5753 986 5803; x_wconf 72' lang='lat' dir='ltr'><strong>Malui.</strong></span> <span class='ocrx_word' id='word_1_823' title='bbox 1020 5754 1054 5804; x_wconf 91' lang='grc'><strong>1.</strong></span> <span class='ocrx_word' id='word_1_824' title='bbox 1094 5768 1145 5817; x_wconf 83' lang='grc' dir='ltr'><strong>ιι,</strong></span> <span class='ocrx_word' id='word_1_825' title='bbox 1182 5767 1224 5801; x_wconf 78' lang='lat' dir='ltr'><strong>c.</strong></span> <span class='ocrx_word' id='word_1_826' title='bbox 1264 5755 1336 5813; x_wconf 71' lang='grc' dir='ltr'>ιο,</span> <span class='ocrx_word' id='word_1_827' title='bbox 1375 5763 1421 5805; x_wconf 72' lang='lat' dir='ltr'><strong>ei</strong></span> <span class='ocrx_word' id='word_1_828' title='bbox 1459 5757 1562 5817; x_wconf 83' lang='lat' dir='ltr'><strong>ipse</strong></span> <span class='ocrx_word' id='word_1_829' title='bbox 1605 5756 1853 5809; x_wconf 83' lang='lat' dir='ltr'><strong>Guillelm.</strong></span> <span class='ocrx_word' id='word_1_830' title='bbox 1889 5772 1938 5821; x_wconf 91' lang='lat' dir='ltr'><strong>p.</strong></span> <span class='ocrx_word' id='word_1_831' title='bbox 1976 5757 2049 5817; x_wconf 78' lang='lat' dir='ltr'><strong>li,</strong></span> <span class='ocrx_word' id='word_1_832' title='bbox 2091 5758 2160 5819; x_wconf 76' lang='lat' dir='ltr'><strong>l9,</strong></span> <span class='ocrx_word' id='word_1_833' title='bbox 2196 5759 2269 5807; x_wconf 79' lang='lat'><strong>20.</strong></span> 
     </span>
    </p>
   </div>
  </div>
