4070 6214
480 280 548 359 87
1670 287 2093 350 NICEPHORI
2134 290 2510 354 BRYENNII
3512 345 3525 355 .
3658 288 3732 355 88

479 418 582 473 set,
605 408 846 463 Francus
866 405 1071 477 pridem
1097 403 1235 458 male
1260 400 1486 457 affectus
1505 413 1632 470 erga
1656 400 2017 470 imperatoren

2158 401 2498 472 Ἀνδρόνικον
2525 399 2893 471 τεταγμένων.
2931 399 3092 454 Ἀλλὰ
3124 397 3253 471 πρὶν
3283 398 3315 469 ἦ
3347 397 3436 451 ttat
3465 413 3731 451 συνασπι-

481 501 806 562 Romanum,
831 507 887 553 et
908 497 1042 551 iram
1074 496 1125 548 in
1152 508 1276 549 eum
1299 492 1465 548 corde
1489 502 1809 560 conceptam
1837 489 2047 554 fovens,

475 593 594 648 viso
623 592 866 661 equitatu
898 586 1105 652 hostili,
1129 600 1247 642 sese
1274 585 1428 640 illum
1457 584 1812 654 expulsurum
1838 582 2051 636 Andro-

475 685 603 737 nico
632 680 917 751 pra'fatus,
951 691 1148 750 magno
1186 677 1389 745 impetu
1422 689 1545 729 cuto
1578 672 1695 728 suis
1726 672 1780 726 in
1814 687 1937 726 eum
1972 672 2048 723 ir-

479 775 607 829 ruit.
653 772 975 842 Conﬂigitur
1025 770 1245 833 acriter,
1294 766 1595 823 Chutatarii
1644 765 1922 834 equitibus
1979 765 2049 819 ad

471 875 778 922 extremum
812 863 947 918 fusis
977 862 1302 931 fugatisque,
1333 859 1569 914 instante
1588 873 1618 911 a
1641 867 1792 927 tergo
1816 859 2044 919 v‘ctore,

466 972 533 1009 ac
566 955 763 1009 mullos
790 967 979 1008 eorum
1025 967 1132 1029 qua
1175 950 1415 1005 caedente
1450 962 1557 1016 qua
1602 949 1845 1016 captivos
1874 947 2048 1001 abdu-

464 1054 641 1100 cente.
671 1044 925 1115 Dispersa
954 1056 1118 1112 porro
1148 1041 1201 1096 in
1232 1041 1376 1096 hunc
1404 1039 1627 1095 modum
1660 1039 1928 1108 equitatu,
1957 1054 2045 1093 ve-

465 1140 569 1194 rita
604 1136 871 1208 pedestris
899 1136 1045 1192 acies
1071 1149 1138 1189 ne
1163 1134 1537 1189 circumventa
1563 1130 1966 1194 concideretur,
1989 1139 2046 1186 et

465 1231 581 1301 ipsa
622 1245 780 1285 verso
829 1238 981 1299 tergo
1032 1227 1087 1281 iu
1137 1225 1318 1298 fugant
1357 1225 1625 1281 incubuit.
1666 1224 1878 1279 Servati
1914 1233 2044 1279 sunt

462 1332 733 1395 quotquot
765 1324 1010 1378 aviarum
1046 1321 1287 1385 vallium,
1318 1318 1787 1390 praeripitiumque
1812 1332 1875 1372 ac
1908 1318 2040 1372 den-

462 1434 649 1475 sorum
699 1417 937 1472 saltuum
987 1429 1109 1471 sese
1162 1412 1387 1468 latebris
1432 1419 1660 1465 texere:
1702 1409 1792 1464 alii
1840 1409 2036 1478 partim

464 1511 652 1571 orcisi.
683 1510 877 1580 partim
912 1508 1055 1577 capti
1091 1515 1238 1563 sunt.
1273 1503 1365 1560 Sic
1398 1504 1653 1575 Diogenis
1687 1503 1832 1558 acies
1866 1501 2034 1556 fracta

461 1602 802 1673 disiectaque
834 1613 937 1656 est.
972 1599 1175 1656 Victori
1206 1609 1387 1654 autem
1420 1612 1543 1651 cum
1580 1596 1773 1666 plausu
1814 1603 1868 1647 et
1910 1608 2034 1665 gra-
2108 1660 2117 1671 κ

462 1692 726 1747 tulntione
754 1691 990 1746 maxima
1023 1691 1074 1745 in
1112 1706 1270 1746 suum
1302 1686 1713 1744 tabernaculum
1745 1685 2031 1741 revertenti

2155 494 2293 561 σμδν
2334 492 2590 561 γενέσθαι
2644 494 2737 546 καὶ
2783 494 2863 553 εἰς
2920 495 3109 562 χεῖρας
3165 490 3414 558 ἀλλήλων
3474 491 3633 552 ἱέναι.
3700 492 3731 543 ὁ

2149 584 2401 654 Φράγγος
2428 585 2653 646 δύσνους
2685 582 2762 637 ὢν
2789 583 2955 637 πάλαι
2981 583 3061 652 τῷ
3094 582 3305 651 βασιλεῖ
3338 581 3610 651 Ῥωμανῷ
3636 582 3733 636 καὶ

2155 678 2316 747 μῆνιν
2347 678 2469 730 κατ’
2493 675 2660 730 αὑτοῦ
2686 676 2925 747 τρέφων.
2961 675 3023 727 τὸ
3056 675 3166 728 τῶν
3202 673 3464 726 ἐναντίων
3504 674 3731 728 ἱππικὸν

2152 769 2487 838 θεασάμενος
2520 769 2614 822 καὶ
2645 768 2724 838 τῷ
2770 767 3093 838 Ἀνδρονίκῳ
3140 765 3422 834 προειπὼν
3475 764 3574 836 τὴν
3605 766 3731 819 κατ’

2148 860 2373 912 ἐκείνων
2403 858 2671 925 ἐξέλασιν,
2718 859 2826 911 ἀπὸ
2852 856 3085 929 ῥυτῆρος
3115 858 3210 909 σὺν
3249 858 3360 917 τοῖς
3387 856 3526 925 ἀμφ’
3565 858 3731 910 αὐτὸν

2149 948 2423 1015 ἐξελαύνει
2464 950 2557 1003 τὸν
2602 949 2792 1003 ἵππον.
2848 949 3096 1019 ’ἰσχυρᾶς
3139 947 3233 1000 οὖν
3276 948 3373 1017 τῆς
3418 948 3729 1017 προσϐολῆς

2145 1044 2446 1114 γενομένης
2473 1043 2764 1112 φεύγουσιν
2786 1043 2836 1094 οἱ
2863 1044 2989 1113 περὶ
3013 1041 3103 1094 τὸν
3134 1039 3556 1110 Χουτατούριον.
3586 1042 3648 1095 Ol
3669 1041 3728 1094 δὲ

2146 1135 2377 1188 κατόπιν
2409 1133 2698 1196 διώκοντες
2729 1132 2958 1195 πολλοὺς
3008 1134 3107 1202 μὲν
3141 1130 3377 1202 ἀνῄρουν
3409 1132 3634 1195 πολλοὺς
3666 1132 3727 1187 δὲ

2144 1227 2241 1281 καὶ
2268 1226 2566 1297 ἐζώγρουν.
2598 1225 2705 1279 Τοῦ
2735 1225 2865 1294 γοῦν
2898 1224 3124 1278 ἱππικοῦ
3147 1224 3290 1278 οὕτω
3308 1225 3729 1279 διασκεδασθέν-

2143 1336 2234 1382 τος
2267 1318 2363 1372 καὶ
2390 1320 2422 1386 ὴ
2456 1316 2671 1385 φάλαγξ
2702 1318 2734 1383 ἡ
2765 1316 2985 1387 πεζικὴ,
3020 1316 3247 1369 δείσασα
3281 1314 3355 1386 μὴ
3381 1315 3723 1369 κυκλωθείσα

2140 1411 2449 1478 διακοπείη,
2483 1411 2551 1463 τὰ
2571 1410 2715 1462 νῶτα
2740 1409 2906 1462 δοῦσα
2929 1413 3026 1462 καὶ
3051 1408 3190 1478 αὕτη
3216 1407 3353 1477 πρὸς
3376 1407 3552 1477 φυγὴν
3573 1406 3726 1461 ἐκλι-

2139 1521 2250 1557 νεν.
2291 1501 2375 1574 [Ρ.
2410 1500 2502 1573 57]
2546 1502 2703 1554 Ὀσοι
2740 1500 2842 1569 μὲν
2882 1500 2975 1553 οὖν
3024 1502 3143 1560 ταῖς
3192 1497 3430 1568 φάραγξι
3463 1501 3557 1552 καὶ
3600 1502 3724 1564 ταῖς

2138 1595 2366 1667 λόχμαις
2393 1594 2694 1659 εἰσέδυσαν,
2716 1592 3072 1662 διεσώθησαν,
3096 1590 3207 1644 τῶν
3236 1591 3291 1644 δὲ
3322 1592 3524 1644 λοιπῶν
3543 1592 3593 1644 οἱ
3619 1594 3721 1663 μὲν

2139 1689 2334 1743 ἔπεσον
2362 1691 2412 1742 oi
2455 1688 2510 1741 δὲ
2541 1686 2957 1758 ἐζωγρήθησαν.
2990 1685 3103 1740 Καὶ
3132 1687 3166 1755 ἡ
3193 1685 3290 1754 μὲν
3314 1685 3405 1739 τοῦ
3436 1685 3721 1754 Διογένους

458 1782 775 1838 Andronico
804 1791 856 1836 et
886 1782 1091 1853 gratias
1124 1782 1230 1836 Deo
1262 1780 1365 1835 rite
1395 1795 1496 1849 pro
1532 1765 1760 1833 rictoria
1788 1776 2012 1832 reddent

2140 1780 2354 1851 φάλαγξ
2399 1780 2569 1844 οὕτως
2605 1779 2878 1833 διελέλυτο
2915 1778 3009 1832 καὶ
3054 1777 3422 1840 διεσκέδαστο,
3453 1794 3720 1849 τροπαιο-

459 1875 600 1930 alius
633 1890 849 1945 quoque
878 1889 1170 1930 successus
1204 1873 1460 1944 gaudium
1494 1871 1812 1925 rtnnulavit.
1856 1868 2034 1940 Eques

459 1966 736 2023 curriculo
783 1965 960 2021 adfuit
1008 1966 1280 2035 captivum
1305 1963 1596 2034 quemdam
1626 1962 1851 2016 trahens
1881 1968 1936 2014 et
1965 1959 2032 2014 ad

456 2057 649 2111 ducem
680 2055 954 2110 exercitus
985 2067 1313 2123 magnopere
1348 2050 1633 2121 postulans
1665 2048 1899 2103 admitti.
1925 2046 2030 2117 53

455 2144 746 2202 Profer-ens
765 2145 851 2200 ille
896 2160 926 2198 e
950 2142 1301 2199 tabernaculo
1332 2149 1495 2211 caput
1521 2137 1832 2209 Spectaculo
1862 2138 2031 2205 pasci-

455 2245 544 2291 tur
565 2237 990 2308 jucuudissimo,
1019 2234 1397 2291 Chutatarium
1434 2236 1498 2287 ad
1537 2247 1597 2287 se
1629 2230 1872 2286 vinctum
1901 2227 2026 2284 duci

450 2342 704 2383 cernens.
738 2326 837 2382 llic
885 2327 1055 2392 enim,
1103 2336 1163 2381 ut
1211 2326 1327 2395 ipse
1370 2323 1664 2383 referebat.
1707 2337 1853 2393 equo
1884 2321 2028 2375 inter

448 2419 763 2490 fugiendum
796 2418 1071 2488 prolapso,
1104 2416 1293 2471 silvam
1332 2416 1612 2483 ingressus
1636 2412 1862 2468 densam
1893 2411 2029 2467 deli-

452 2522 657 2568 tescere
689 2513 742 2566 in
774 2527 839 2566 ea
872 2510 1061 2573 voluit,
1094 2510 1185 2564 sed
1216 2507 1467 2563 detectus
1497 2521 1525 2559 a
1573 2504 2025 2576 persequentibus

447 2613 502 2659 et
530 2608 956 2673 comprehensus
982 2601 1147 2654 vitam
1175 2601 1243 2654 ab
1272 2599 1521 2654 occidere
1551 2605 1741 2667 parato
1770 2598 2024 2667 Iacrymis

449 2698 794 2765 impetravit,
827 2703 1010 2764 erepta
1044 2694 1304 2748 duntaxat
1334 2699 1503 2747 veste.
1550 2689 1690 2744 iliuc
1723 2690 1928 2744 nudum
1964 2704 2023 2746 se

448 2788 644 2843 iterum
678 2788 827 2842 abdit
858 2788 911 2842 in
946 2788 1149 2842 saltum
1201 2804 1214 2839 :
1266 2801 1451 2841 verum
1503 2785 1571 2841 ab
1621 2784 1731 2839 alio
1781 2784 1931 2840 visus
1968 2792 2022 2838 et

446 2881 593 2936 ferro
624 2882 825 2950 petitus
873 2895 1059 2934 necem
1097 2879 1432 2949 professione
1480 2878 1717 2934 nominis
1763 2886 2019 2932 antever-

446 2980 565 3027 tens
596 2971 720 3026 duci
754 2970 818 3025 ad
846 2971 1122 3025 exercitus
1160 2971 1542 3040 imperatorem
1593 2969 1744 3037 petiit
1786 2967 2017 3038 imposi-

446 3076 641 3136 tusque
669 3063 954 3119 confestim
1000 3063 1052 3118 in
1098 3078 1294 3132 equum
1330 3063 1410 3117 sic
1442 3062 1753 3117 Andronico
1789 3062 2019 3116 sisteba-

443 3165 552 3219 tur,
575 3171 736 3226 quem
769 3154 856 3208 illc
879 3153 1003 3209 duci
1031 3153 1097 3208 ad
1131 3168 1190 3209 se
1214 3152 1417 3207 nudum
1450 3168 1482 3208 e
1512 3153 1863 3207 tabernaculo
1886 3168 2010 3207 cum

438 3248 687 3309 vidisset,
720 3245 864 3300 foras
895 3245 942 3301 ei
974 3246 1188 3301 obviam
1221 3244 1423 3313 prodiit
1449 3243 1790 3313 benignaque
1812 3244 2011 3299 intuitu

440 3341 752 3395 consolatus
784 3349 1103 3395 titmrentem
1134 3336 1363 3391 nuditati
1393 3335 1511 3405 ejus
1548 3334 1855 3406 honorique
1884 3353 2015 3391 con-

437 3432 644 3498 sutuit,
671 3432 813 3487 datis
844 3432 893 3486 ei
929 3430 1172 3487 vestibus
1220 3429 1379 3484 ducis
1425 3428 1674 3498 primarii
1724 3444 2011 3498 personam

436 3526 756 3582 decentibus
778 3566 791 3589 ,
837 3534 1000 3594 atque
1047 3521 1174 3577 inde
1204 3522 1439 3577 vinculis
1485 3521 1721 3576 solutum
1754 3521 1807 3574 in
1843 3521 2014 3577 libera

435 3617 683 3672 custodia
734 3631 917 3672 secum
975 3613 1199 3677 habuit;
1250 3630 1412 3685 quam
1467 3613 1559 3669 ille
1618 3614 2011 3668 humanitatem

437 3709 740 3763 admiratus
777 3707 1117 3763 remunerari
1162 3707 1376 3777 egregia
1418 3720 1631 3776 gemma
1665 3706 1876 3762 statuit.
1906 3704 2010 3759 Ita-

2137 1875 2288 1944 φόρῳ
2325 1872 2371 1927 δ’
2398 1871 2745 1926 ἐπανελθόντι
2781 1869 2858 1941 τῷ
2898 1870 3223 1942 Ἀνδρονίκῳ
3257 1870 3394 1939 πρὸς
3445 1869 3545 1938 τὴν
3580 1885 3717 1939 σκη-

2135 1966 2232 2037 νὴν
2265 1966 2362 2019 καὶ
2394 1965 2513 2036 μετ’
2548 1963 2889 2035 εὐφροσύνης
2923 1963 2991 2016 τὰ
3039 1961 3374 2032 χαριστήρια
3406 1960 3587 2014 θύοντι
3616 1961 3715 2015 καὶ

2133 2056 2323 2128 ἕτερον
2353 2056 2590 2126 ἐπῆλθεν
2618 2055 2923 2126 εὐτύχημα.
2955 2054 3176 2117 Ἰππεὺς
3209 2054 3319 2123 γάρ
3350 2070 3434 2117 τις
3470 2048 3608 2126 ἧκεν
3636 2053 3714 2116 ὡς

2131 2153 2363 2225 τάχιστα
2413 2153 2549 2225 πριις
2599 2153 2764 2206 αὑτὸν
2810 2152 2921 2204 τῶν
2956 2151 3233 2219 πολεμίων
3279 2150 3429 2219 ἄγων
3458 2151 3581 2204 τινὰ
3618 2152 3712 2204 καὶ

2130 2247 2221 2300 τὸν
2248 2246 2555 2314 στρατηγὸν
2581 2244 2766 2313 ἐζήτει
2812 2242 3136 2297 θεάσασθαι.
3175 2240 3236 2295 '0
3282 2241 3338 2295 δὲ
3370 2242 3468 2309 τῆς
3501 2243 3711 2311 σκηνῆς

2130 2335 2417 2408 προκύψας
2444 2335 2589 2404 ἐώρα
2603 2336 2836 2405 πρᾶγμα
2854 2334 3054 2404 πολλὴν
3080 2331 3229 2399 αὐτῷ
3261 2332 3531 2401 θυμηδίαν
3561 2349 3708 2402 παρ·

2130 2428 2274 2498 ἐχον,
2336 2426 2429 2479 τὸν
2471 2423 2874 2496 Χουτατούριον
2924 2423 3060 2493 πρὸς
3113 2423 3279 2476 αὐτὸν
3314 2422 3583 2489 ἀγόμενον
3619 2422 3710 2475 δέ·

2129 2537 2309 2589 σμιον.
2350 2511 2520 2581 Οὗτος
2560 2517 2668 2586 γὰρ
2706 2519 2763 2570 ἐν
2805 2515 2883 2586 τῷ
2916 2515 3139 2585 φεύγειν
3184 2513 3278 2568 τοῦ
3324 2515 3492 2568 ἵππου
3527 2513 3709 2568 διωλι-

2128 2610 2409 2683 σθηκότος,
2439 2610 2514 2673 ὡς
2545 2610 2719 2676 ἔλεγε,
2742 2608 2950 2679 λόχμην
2973 2625 3034 2662 τε
3064 2608 3245 2661 εἰσεδυ
3279 2607 3401 2659 τινὰ
3449 2606 3543 2658 καὶ
3574 2606 3704 2660 λαν-

2126 2702 2308 2758 θάνειν
2338 2702 2621 2756 ἔσπευδεν.
2665 2701 2754 2763 Ὠς
2781 2701 2827 2754 δ’
2862 2701 2966 2753 ὑπὸ
2999 2699 3107 2753 τῶν
3127 2699 3432 2752 διωκόντων
3459 2716 3705 2766 καταφα-

2123 2797 2220 2866 νὴς
2280 2795 2474 2865 γέγονε
2526 2795 2621 2848 καὶ
2681 2792 3006 2865 συλληφθεὶς
3052 2791 3275 2862 ἔμελλεν
3337 2792 3697 2862 ἀναιρεῖσθαι,

2123 2889 2377 2958 ἐλιπάρει
2416 2887 2520 2941 τὸν
2567 2888 2950 2958 ζωγρήσαντα.
2996 2887 3089 2950 Ὠς
3117 2887 3173 2939 δέ
3213 2885 3518 2958 δακρύοντα
3547 2880 3700 2947 οὗτος

2119 2982 2212 3034 τὸν
2245 2980 2415 3051 ἄνδρα
2454 2978 2730 3038 τεθέαται,
2760 2981 2856 3051 τὴν
2887 2978 3091 3050 ἐσθῆτα
3144 2978 3555 3048 ἀποδυσάμενος
3602 2978 3697 3029 καὶ

2120 3072 2325 3142 γυμνὸν
2361 3071 2456 3125 ἐπὶ
2484 3072 2583 3142 τὴν
2615 3071 2822 3142 λόχμην
2852 3070 3009 3138 ἀφεὶς
3039 3070 3228 3143 ἀπῄει.
3270 3066 3404 3123 Εἶτα
3438 3071 3502 3138 δὴ
3537 3069 3698 3133 ἄλλος

2122 3162 2283 3216 αὑτὸν
2314 3161 2521 3232 γυμνὸν
2557 3162 2792 3215 κατιδὼν
2813 3162 2918 3215 ὑπὸ
2949 3162 3048 3231 τὴν
3076 3161 3287 3230 λόχμην
3314 3162 3696 3231 κρυπτόμενον

2120 3253 2381 3326 ὥρμησεν
2404 3254 2667 3324 ἀναιρεῖν,
2700 3255 2728 3306 ό
2755 3253 2812 3307 δὲ
2833 3255 2980 3317 ὅστις
3006 3254 3089 3323 εἴη
3120 3253 3415 3321 ἐφθέγγετο
3438 3253 3536 3305 καὶ
3558 3251 3695 3323 πρὸς

2117 3347 2211 3398 τὸν
2278 3343 2583 3416 στρατηγὸν
2651 3344 2964 3415 ἀπαχθῆναι
3038 3343 3361 3414 παρεκάλει.
3426 3345 3697 3406 Κάκεῖνος

2116 3440 2328 3509 ταχέως
2361 3439 2551 3493 τοῦτον
2585 3441 2679 3494 ἐπὶ
2708 3441 2802 3494 τοῦ
2836 3441 3005 3495 ἵππου
3033 3440 3147 3503 θεὶς
3178 3442 3313 3513 πρὸς
3353 3441 3444 3493 τὸν
3478 3437 3695 3507 Ἀνδρόο

2116 3547 2269 3583 νικον
2308 3529 2662 3601 ἀπεκόμιζεν.
2696 3532 2794 3583 ’ον
2824 3532 3031 3594 ἐκεῖνος
3073 3532 3137 3584 ἐκ
3179 3532 3276 3599 τῆς
3318 3529 3520 3597 σκηνῆς
3565 3526 3692 3580 ἰδὼν

2116 3620 2321 3690 γυμνὸν
2350 3621 2692 3691 ἐπαγόμενον
2739 3620 2884 3692 ἐξῄει
2930 3640 2988 3675 τε
3042 3622 3140 3692 τῆς
3177 3621 3381 3691 σκηνῆς
3432 3621 3526 3673 καὶ
3557 3618 3689 3689 ἵλεῳ

2114 3708 2193 3780 τῷ
2237 3710 2447 3780 ὄμματι
2488 3711 2673 3766 τοῦτον
2705 3712 3170 3768 καθυπεὸλέπετο.
3208 3712 3570 3785 Παριστείλας
3594 3710 3689 3766 οὖν

1444 3841 1653 3903 Caroli
1685 3844 1787 3903 Du
1817 3842 2059 3905 Fresne
2088 3845 2184 3906 Du
2222 3847 2649 3925 Cangeuotee.

433 3976 628 4052 pendis
655 3988 763 4028 non
795 3972 971 4052 soluta
1005 3979 1343 4052 prgetexeret,
1398 3970 1625 4052 incolas.
1650 3970 1825 4052 lienis
1872 3972 2009 4052 suis,

433 4040 489 4104 ct
511 4054 795 4101 exactores
817 4044 1168 4111 vectigalibus
1187 4051 1241 4096 et
1268 4041 1513 4109 pecuniis
1538 4040 1764 4110 publicis
1790 4044 2005 4111 spoliat,

431 4119 592 4174 obvia
618 4129 847 4184 qumque
876 4114 1081 4179 diripit,
1112 4113 1455 4184 obsistentes.
1480 4112 1719 4184 cantibus
1743 4112 1866 4167 licet
1889 4130 2011 4181 par-

432 4199 600 4253 ceret,
635 4182 784 4252 t‘ugat
817 4184 1121 4252 funditque.
1155 4182 1311 4248 Quod
1364 4198 1488 4237 cum
1532 4182 1807 4253 perlatum
1862 4193 2006 4238 esset

430 4261 502 4314 ad
529 4251 938 4324 imperatorem,
983 4254 1127 4307 itliro
1157 4254 1465 4307 Samuelem
1514 4251 1857 4324 Alusianum.
1889 4268 2003 4306 no-

431 4322 943 4392 hilemVBulgarum,
975 4324 1187 4391 sibique
1217 4324 1402 4378 nescio
1422 4337 1531 4390 qua
1562 4322 1826 4392 atIiuitate
1866 4337 1998 4378 cou-

420 4390 842 4477 »jitnctttm.eum
868 4390 1110 4477 quinque
1135 4393 1775 4477 tegi‘onibusImi‘ttit.‘quo
1796 4390 2007 4477 Rolier-
2039 4421 2085 4477 Ι)

416 4461 546 4523 ium
581 4475 802 4530 cogeret
830 4461 1358 4519 inordinrm.'lluuc
1386 4465 1611 4519 adortus
1637 4461 1725 4517 ille
1749 4464 1866 4531 ipso
1895 4461 1996 4516 Pa-

430 4540 636 4595 schalis
664 4537 804 4591 festo
840 4535 946 4599 die,
985 4549 1015 4588 a
1053 4534 1287 4588 Roberto
1320 4531 1656 4600 proﬂigetur,
1680 4534 1835 4587 etes-is
1890 4548 1996 4587 non

430 4610 620 4680 paucis
644 4624 709 4662 ex
742 4605 879 4669 suis,
917 4604 1375 4680 pluribus_tameo
1395 4607 1768 4680 captis,_quos_
1799 4603 1995 4656 huma-

429 4672 657 4735 nissime
688 4672 968 4738 tractatos,
999 4689 1063 4728 ac
1097 4672 1422 4743 vulneribus
1446 4673 1653 4743 curatis
1683 4673 1833 4743 abire
1873 4687 1998 4738 per-

428 4751 577 4805 misit
604 4749 893 4808 ttoliertus,
926 4743 1106 4800 missis
1132 4743 1337 4797 interea
1360 4742 1427 4796 ad
1463 4742 1751 4813 Diogenem
1787 4742 1994 4813 legatis,

426 4822 517 4890 qui
552 4820 824 4888 obiectum
866 4815 936 4869 de
977 4815 1122 4868 illata
1155 4828 1186 4865 a
1212 4829 1270 4866 se
1300 4813 1475 4890 ctade_
1506 4811 1861 4890 amolirentur
1888 4811 1997 4865 cri-

425 4883 576 4952 men,
608 4883 656 4942 et
686 4902 873 4941 eorum
903 4900 1025 4954 qua:
1069 4892 1433 4953 perpetrasset
1463 4883 1665 4938 invitus
1711 4884 1995 4954 impetrata

426 4961 605 5018 venia.
637 4958 848 5012 fidelem
881 4952 935 5009 iii
968 4952 1242 5024 posterum
1266 4968 1484 5021 operam
1508 4968 1608 5007 suo
1638 4953 1855 5006 nomine
1882 4952 1996 5024 pots

403 5032 743 5085 .licereutur.
797 5021 1000 5080 Libens
1046 5025 1237 5078 annuit
1286 5024 1585 5093 imperator
1629 5031 1847 5093 preptcr
1881 5021 1990 5093 _viri

428 5099 787 5161 nobilitatem,
850 5097 1027 5163 inquit
1086 5089 1381 5164 Scylitzes,
1410 5100 1485 5164 get
1532 5089 1741 5164 partam
1778 5089 1996 5164 iu_bele

424 5171 493 5224 lis
527 5160 780 5234 gloriam,
834 5160 1111 5234 animique
1160 5160 1577 5234 't'ortitndiuem.
1634 5162 1803 5234 cujus
1847 5160 1989 5214 haud

423 5230 635 5291 imn'tica
692 5236 935 5290 ediderat
984 5230 1282 5303 specimiua
1335 5232 1474 5287 bello
1527 5241 1714 5286 contra
1760 5230 1990 5303 Turcos.

421 5308 704 5371 Crispinus
759 5307 920 5376 igitur
968 5323 1029 5359 ex
1080 5306 1224 5376 suis
1259 5303 1466 5371 aliquot
1513 5302 1810 5376 assumptis
1863 5317 1994 5354 cou—

423 5382 569 5430 veuit
604 5371 918 5445 Diogenem,
954 5377 1165 5429 caeteris
1214 5374 1267 5426 in
1303 5372 1580 5445 Armenia
1603 5374 1669 5425 ad
1710 5371 1990 5445 Mauroca-

421 5459 621 5510 strum,
671 5442 815 5514 ιιῖιοιί
868 5447 1020 5514 prius
1076 5453 1371 5512 occuparat
1421 5443 1703 5514 op_pi_duut,
1739 5442 1987 5514 relictis.

421 5518 526 5572 Sed
582 5508 702 5571 lunai
740 5534 768 5570 a
814 5508 1136 5584 quihusdam
1170 5508 1234 5567 ei
1296 5513 1363 5565 iis
1410 5508 1504 5581 qui
1531 5508 1751 5584 Ruben-ti
1812 5515 1990 5566 detre-

419 5589 641 5641 ctabant
701 5582 1012 5656 imperium,
1077 5597 1376 5656 parereque
1444 5582 1987 5656 abnuebant,__apud

420 5653 804 5724 imperatorem
828 5658 1060 5719 delatus,
1079 5653 1246 5721 quasi
1276 5655 1327 5724 iu
1362 5666 1457 5704 eos
1492 5656 1680 5705 nescio
1709 5653 1839 5720 quid
1867 5668 1986 5706 mo-

419 5722 549 5781 litus
570 5738 713 5783 esset
736 5729 951 5792 durius,
984 5724 1086 5780 etsi
1118 5737 1227 5776 non
1268 5722 1426 5790 plane
1459 5724 1765 5791 convictus,
1797 5726 1984 5792 copia-

2119 3991 2263 4040 rum,
2290 3975 2490 4045 quibus
2519 3986 2771 4046 prteerat,
2804 3976 3126 4044 praefectura
3159 3980 3444 4034 abdicatus
3478 3989 3585 4043 est,
3629 3991 3685 4036 et

2114 4045 2361 4119 Abydum
2389 4045 2684 4119 relegatus.
2717 4047 2772 4103 Id
2809 4064 2951 4116 κιαι-θ
2978 4050 3122 4117 passi
3146 4049 3278 4104 socii
3315 4061 3685 4119 prorumpunt

2112 4116 2287 4185 palam
2326 4118 2377 4171 in
2408 4118 2785 4184 rebellionem,
2817 4116 3111 4187 relictaque
3155 4116 3558 4186 Maurorastro,
3589 4123 3680 4175 ubi

2109 4187 2351 4258 §0_i|3llti
2409 4189 2668 4242 rebantur
2727 4198 2896 4253 tutos,
2953 4189 3006 4243 in
3061 4187 3503 4258 Mesopotamiam
3554 4207 3681 4245 sese

2109 4255 2426 4322 infundunt,
2464 4259 2744 4327 munitaque
2790 4260 2981 4313 incolis
3017 4255 3262 4313 inferunt
3300 4261 3518 4321 (lamna,
3550 4276 3674 4315 rum

2104 4326 2193 4380 alii
2230 4328 2435 4382 interea
2488 4326 2811 4390 Normanui,
2846 4330 2949 4382 sub
2984 4327 3233 4395 Urseltu,
3278 4328 3498 4396 Diogeni
3532 4332 3675 4384 mili-

2118 4403 2297 4451 tarent
2327 4409 2516 4451 contra
2547 4396 2774 4453 Turcos.
2809 4398 3004 4453 Verum
3038 4400 3197 4468 pauci
3240 4399 3498 4454 efﬂuxere
3524 4417 3679 4454 uteti-

2115 4481 2234 4528 ses,
2293 4482 2416 4521 cum
2482 4483 2608 4523 accc
2653 4481 2717 4523 ta:
2770 4468 2982 4538 injuriae
3039 4470 3364 4524 ulciscendae
3436 4470 3677 4525 Ruherto

2112 4534 2303 4591 idonea
2354 4552 2472 4591 sese
2504 4484 2729 4591 nra'iiuit
2762 4540 3001 4591 occasio.
3037 4539 3173 4591 Cum
3220 4539 3362 4591 enim
3409 4540 3674 4591 Diom-nes

2111 4535 2472 4610 ido_nea_se_se
2504 4535 2729 4610 praebuit
2762 4535 3001 4593 occasio.
3037 4539 3173 4594 Cum
3220 4539 3362 4610 enim
3409 4540 3674 4610 Diogenes

2108 4619 2135 4657 a
2175 4604 2452 4678 Turcisin
2488 4604 2674 4677 przelio
2699 4609 2911 4664 deletus
2944 4620 3242 4678 captusque
3277 4604 3672 4671 fuisset,inox-

2105 4691 2213 4743 que
2251 4676 2320 4730 ah
2347 4676 2415 4731 iis
2443 4676 2501 4731 iu
2534 4677 2833 4733 libertatem
2858 4676 3098 4733 asset-ius
3126 4696 3153 4732 a
3183 4680 3385 4734 Graecis
3411 4682 3463 4733 in
3495 4681 3667 4747 impeo

2107 4758 2342 4819 r_atorem
2373 4816 2385 4819 _
2410 4760 2734 4803 reniteretur
2754 4790 2768 4812 ,
2819 4749 3103 4817 Crispinus
3136 4750 3346 4819 Abydo
3397 4749 3669 4804 excedens

2104 4814 2463 4888 goutstantino
2493 4819 2669 4873 Dueaz.
2697 4820 2787 4888 qui
2833 4814 3098 4873 adversus
3132 4814 3417 4888 Diogenem
3465 4818 3669 4874 missus

2105 4882 2280 4939 fuerat
2312 4901 2435 4940 cum
2476 4882 2741 4951 exercitu",
2777 4905 2899 4943 cum
2930 4890 3046 4943 suis
3074 4907 3192 4942 sese
3222 4882 3468 4951 adjunxit
3514 4896 3568 4940 et
3601 4888 3667 4942 iis

2105 4955 2160 5007 in
2189 4955 2410 5024 praaliis,
2446 4957 2496 5009 in
2532 4959 2732 5025 quibus
2754 4957 2969 5011 tandem
3005 4959 3093 5011 ille
3123 4966 3312 5025 captus
3335 4966 3438 5016 est.
3466 4958 3668 5012 acriter

2104 5028 2382 5097 pugnavit.
2416 5024 2658 5096 Denique
2688 5044 2808 5081 cum
2842 5029 3114 5097 praeclaris
3142 5024 3302 5082 editis
3331 5028 3666 5097 facinoribus

2102 5095 2244 5160 apud
2299 5094 2518 5151 Graecos
2568 5094 2857 5151 ‘summam'
2906 5099 3160 5152 militaris
3222 5100 3407 5167 gloria:
3466 5096 3664 5151 famam

2100 5175 2429 5237 consecutus
2462 5178 2627 5237 esset,
2682 5176 2887 5221 tantam
2930 5185 2996 5221 ex
3051 5176 3132 5221 tot
3188 5184 3445 5237 prospere
3498 5169 3665 5236 grSIis

2103 5236 2265 5288 rebus
2294 5235 2399 5288 sibi
2448 5236 2702 5290 conflavit
2738 5238 3019 5301 invidiam,
3070 5248 3123 5291 ut
3161 5235 3230 5291 ab
3275 5235 3341 5293 iis
3378 5235 3665 5307 propinate

2099 5313 2422 5375 enecarctur
2452 5322 2679 5371 veneno,
2712 5323 2822 5375 quo
2865 5308 3026 5361 etiam
3072 5323 3327 5375 maguum
3380 5309 3526 5360 illum
3568 5306 3665 5360 Ur-

2100 5374 2293 5429 sellum
2325 5374 2571 5444 rRoberti
2625 5374 2831 5429 socium
2878 5374 3446 5431 interiisse’uarrant.
3488 5379 3664 5444 Atque

2099 5444 2224 5517 hinc
2258 5443 2360 5497 fuit
2390 5447 2491 5498 viri
2528 5448 2668 5517 bello
2715 5447 2896 5516 inclyti
2955 5447 3200 5510 fortuna,
3244 5464 3406 5517 quant
3444 5443 3662 5500 siluiSse

2097 5515 2375 5568 duxissem
2449 5515 2624 5580 nefas,
2693 5515 2839 5583 cum:
2881 5517 3059 5571 minus
3130 5515 3337 5572 nostris
3400 5518 3661 5569 hactenus

2097 5584 2391 5651 innotuerit.
2421 5586 2638 5653 ipseque
2661 5587 2887 5641 Carolus
2902 5584 3180 5641 Vcnascus
3208 5590 3261 5640 iu
3284 5589 3658 5653 (.‘rispiuuruul

2096 5662 2410 5726 stemmate,
2435 5655 2794 5726 quodarhori
2834 5657 3115 5725 gentilitia:
3164 5656 3457 5711 Grimatdae
3486 5655 3662 5726 gentis

2095 5726 2350 5792 attesuit,
2383 5724 2606 5780 ltobcrti
2638 5741 2707 5781 ne
2735 5724 2955 5796 quidem
2986 5728 3317 5783 meminerit.
