4088 6208
372 362 445 427 89
556 372 571 383 ⁵
1609 376 2153 440 HISTORIARUM
2192 380 2342 440 LIB.
2388 381 2434 440 l.
3566 381 3639 445 90

372 474 475 543 τὴν
496 472 661 525 αὑτοῦ
700 484 981 544 γυμνωσιν
1024 478 1285 552 περιϐολῇ
1338 484 1631 556 στρατηγῷ
1662 486 1953 559 πρεπούσῃ

2073 506 2167 558 tne
2200 490 2511 545 Andronico
2553 503 2681 544 cum
2735 489 2967 544 dixisset
3019 488 3188 542 fuisse
3241 488 3369 551 sibi,
3418 492 3640 557 quando

372 563 609 632 γενναίῳ
656 565 715 617 ὲν
758 566 975 639 ἀδέσμῳ
1015 572 1202 641 ἐτήρει
1242 574 1485 647 φυλακῇ.
1524 577 1813 645 ’Δγασθεὶς
1843 580 1899 633 δὲ
1929 583 1957 633 ὁ

374 656 776 728 Χουτατοὺριος
804 660 905 730 τῆς
931 663 1062 734 περὶ
1086 664 1248 718 αὐτὸν
1280 667 1683 740 φιλοφροσύνης
1702 670 1799 724 τοῦ
1842 673 1959 727 Ἀν-

373 748 645 819 δρονίκου,
677 749 826 806 λίθον
856 753 979 807 τινὰ
1007 754 1116 809 τῶν
1151 756 1457 829 πολυτίμων
1489 760 1580 813 ὑπ’
1619 761 1788 816 αὑτοῦ
1823 780 1961 834 κρυ-

376 841 544 895 σέντα
575 843 708 913 περὶ
730 843 829 916 τὴν
855 845 1066 918 λόχμην
1090 850 1149 903 ὲν
1244 850 1388 903 έόλω
1416 851 1566 923 αὐτῷ
1596 856 1843 925 φανεροῖ,
1865 857 1961 909 καὶ

375 935 598 1007 πέμψαι
642 935 738 1001 ξὺν
784 936 937 1009 αὐτῷ
980 940 1127 1006 ἀξιοῖ
1170 944 1296 1007 τοὺς
1338 945 1802 1015 ἀποκομίζοντας.
1850 948 1963 1000 Καὶ

373 1027 444 1097 δὴ
489 1027 835 1098 πέμπονται,
892 1033 986 1085 καὶ
1034 1033 1324 1101 κομίζουσι
1375 1035 1556 1106 θέαμα
1605 1040 1721 1101 τοῖς
1758 1038 1962 1110 ὁρῶσιν

381 1115 513 1168 ίδεῖν
557 1113 655 1187 (It).
691 1118 933 1186 Μεγέθει
963 1120 1073 1192 γὰρ
1100 1117 1169 1192 ἦν
1200 1123 1387 1193 σχεδὸν
1417 1124 1559 1197 ὑπὲρ
1588 1125 1837 1191 ἅπαντας
1868 1126 1964 1180 λί-

379 1206 531 1273 θους,
564 1208 912 1281 λαμπρότητι
945 1211 1002 1266 δὲ
1040 1213 1167 1278 τοὺς
1194 1215 1439 1285 διαυγεῖς
1483 1216 1731 1281 ἅπαντας
1793 1219 1965 1291 ὑπερ-

381 1300 762 1371 έλαμπεν.¹’ον
788 1304 816 1357 ὁ
846 1303 1186 1376 Ἀνδρόνικος
1214 1311 1281 1379 τῇ
1311 1308 1545 1379 βασιλίδι
1574 1310 1765 1382 Μαρίᾳ
1791 1310 1964 1383 δῶρον

382 1394 762 1465 προσήνεγκεν
791 1394 920 1450 ὕστε
929 1414 1042 1467 ρον.

456 1482 553 1536 κε’.
572 1481 633 1539 ’0
653 1484 711 1538 δὲ
739 1486 1000 1558 Διογένης
1027 1489 1123 1542 καὶ
1153 1488 1264 1543 τῶν
1288 1492 1632 1563 πραγμάτων
1662 1494 1814 1566 αὐτῷ
1835 1511 1965 1549 κατ-

381 1574 509 1629 όπιν
551 1577 806 1647 ἀρμένων
857 1579 921 1634 οὗ
997 1583 1427 1652 κατεγίνωσκεν,
1472 1586 1611 1640 ἀλλὰ
1660 1588 1791 1652 τοὺς
1834 1588 1966 1659 περὶ

383 1668 548 1722 αὑτὸν
578 1670 891 1742 ὑπερὼννυε
917 1674 1010 1727 καὶ
1040 1675 1262 1740 ἐλπίδας
1291 1677 1571 1733 ὑπέτεινεν
1600 1680 1675 1745 ὡς
1705 1681 1968 1750 ἀφιξομὲ-

382 1776 485 1828 νης
512 1759 711 1814 αὐτίκα
739 1761 805 1833 δὴ
831 1763 978 1833 μάλα
1028 1765 1306 1838 Περσικῆς
1352 1772 1693 1841 συμμαχίας.
1733 1774 1965 1844 Διεπρε-

384 1849 612 1903 σϐεύετο
633 1852 690 1906 δὲ
714 1853 967 1926 καὶπρὸς
993 1856 1084 1910 τὸν
1106 1859 1408 1928 Κρισπῖνον
1438 1862 1777 1933 πειρώμενος
1800 1865 1965 1920 αὐτοῦ

381 1940 448 1996 τὸ
489 1942 763 2014 βάρϐαρον
804 1948 1061 2017 φρόνημα
1097 1948 1366 2021 διεγεῖραι
1405 1953 1551 2005 κατά
1598 1952 1694 2007 τοῦ
1742 1954 1966 2026 Ἀνδρο-

383 2034 562 2089 νίκου.
606 2036 767 2092 Ἃ).λά
798 2038 958 2092 τοῦτο
1000 2044 1163 2109 γνοὺς
1206 2042 1546 2114 Ἀνδρόνικος
1574 2045 1672 2098 καί
1700 2046 1970 2101 θωπευτι-

389 2127 628 2199 κὼτερον
673 2129 1049 2201 ἐντετυχηκὼς
1107 2132 1184 2204 τῷ
1244 2134 1535 2206 Κρισπίνῳ
1599 2135 1701 2207 τὴν
1755 2136 1968 2189 ἐκείνου

388 2223 689 2293 πρεσϐείαν
721 2224 1005 2289 ἀπέδειξεν
1058 2226 1365 2299 ἄπρακτον.
1407 2227 1720 2300 ’ἀπράκτου
1768 2228 1827 2281 δὲ
1871 2229 1971 2296 τῆς

390 2313 687 2383 πρεσϐείας
720 2314 1136 2385 ἀποδειχθείσης
1170 2317 1266 2370 καὶ
1302 2316 1399 2369 τοῦ
1444 2317 1508 2369 ὲκ
1545 2317 1807 2388 Περσίδος
1836 2335 1972 2385 συμο

393 2405 632 2476 μαχικοῦ
659 2406 739 2459 ἔτι
770 2406 1075 2474 μέλλοντος,
1120 2410 1169 2461 οἱ
1205 2409 1335 2480 περὶ
1379 2410 1471 2463 τὸν
1507 2411 1763 2479 Διογένην
1830 2411 1970 2463 ἁπο-

393 2497 616 2563 γνόντες
638 2497 715 2566 τῷ
750 2497 1076 2567 ’Δνδρονίκῳ
1095 2498 1410 2569 συνθέμενοι
1436 2500 1527 2552 καὶ
1555 2499 1765 2563 πίστεις
1781 2499 1872 2553 τοῦ
1893 2499 1968 2569 μὴ

390 2588 583 2639 πλθεῖν
615 2588 898 2656 εἰληφότες
938 2589 1102 2643 αὐτόν
1131 2606 1191 2641 τε
1225 2590 1316 2643 τὸν
1357 2590 1582 2661 βασιλέα
1612 2591 1969 2658 παραδιδόασι

392 2678 490 2731 καὶ
514 2678 573 2730 τὸ
618 2679 896 2750 φρούριον.
925 2681 1079 2734 ore:
1115 2683 1242 2752 περὶ
1279 2683 1370 2734 τὸν
1405 2680 1583 2736 Δςῦκα
1610 2684 1699 2753 [Ρ.
1724 2680 1815 2753 58]
1854 2683 1972 2735 ‘Av-

391 2771 642 2842 δρόνικον
686 2771 847 2825 αὑτὸν
906 2772 1267 2837 συλλαϐόντες
1320 2773 1422 2842 τὴν
1468 2773 1764 2845 ἁλουργίδα
1810 2775 1974 2827 αὑτὸν

390 2864 787 2931 ἀποδύσαντες,
831 2866 892 2919 τὸ
939 2866 1227 2935 μοναδικόν
1267 2866 1585 2920 ἑπενδύουσι
1629 2867 1832 2937 σχῆμα.
1877 2867 1974 2921 καὶ

392 2958 538 3012 οὕτω
571 2958 664 3013 τοῦ
697 2960 958 3032 φρουρίου
993 2958 1356 3028 ἐξαγαγόντες
1388 2959 1526 3029 πρὸς
1554 2959 1645 3013 τὸν
1698 2960 1972 3031 Ἀνδρόνι-

393 3070 490 3105 κον
533 3053 669 3122 μετᾶ
701 3051 962 3121 πλείστης
994 3053 1079 3105 ὅτι
1107 3052 1209 3121 τῆς
1249 3051 1606 3122 περιχαρείας
1637 3052 1968 3120 ἀπάγουσιν.

2061 593 2176 637 erat
2198 592 2413 652 captus,
2439 582 2680 652 lapillum
2707 582 2893 636 eximii
2918 581 3098 649 pretii,
3124 595 3284 652 quem
3318 580 3419 649 ipsi
3444 581 3641 637 offerre

2061 682 2303 742 cuperet.
2338 674 2692 729 abscondisse
2725 682 2906 728 autem
2940 673 3091 726 illum
3123 683 3276 728 certe
3303 673 3425 726 loco
3478 673 3529 726 in
3574 689 3639 727 ea

2062 768 2219 830 silva,
2250 766 2303 818 in
2353 779 2461 836 qua
2510 774 2628 819 erat
2678 765 3136 833 cortipreltenstts,
3183 779 3249 819 eo
3282 763 3481 818 remitti
3515 780 3638 818 eum

2061 856 2381 914 custodibus
2437 855 2590 926 petiit
2644 856 2940 909 relaturum
3001 868 3300 924 gemmam.
3356 854 3644 909 Annuente

2062 949 2377 1004 Andronico
2411 948 2563 1002 brevi
2593 947 2897 1002 mirabilem
2928 947 3047 1002 visu
3081 946 3382 1015 reportarit
3406 944 3640 1015 lapidem

2063 1052 2411 1112 superantem
2449 1055 2694 1111 gemmas
2724 1054 2916 1094 omnes
2950 1038 3347 1109 magnitudine,
3377 1038 3647 1105 splendo—

2065 1134 2142 1188 ris
2172 1142 2354 1187 autem
2386 1132 2633 1203 majoris.
2663 1146 2829 1201 quam
2863 1131 2936 1186 sit
2965 1131 3112 1184 ullus
3146 1128 3449 1198 pellucidus
3486 1127 3643 1197 lapis,

2064 1240 2227 1294 quem
2279 1234 2466 1295 postea
2516 1225 2661 1279 dono
2711 1224 2861 1279 dedit
2910 1223 3262 1279 Andronicus
3307 1219 3645 1292 imperatriei

2066 1318 2272 1374 Mariae.

2139 1494 2248 1567 54
2270 1493 2361 1549 25.
2407 1492 2475 1548 At
2522 1492 2790 1563 Diogenes
2841 1503 2952 1547 tam
2995 1492 3197 1548 infelici
3248 1505 3506 1546 successu
3541 1504 3647 1543 nou

2071 1588 2277 1642 fractus
2313 1584 2629 1641 obstinabat
2662 1585 2844 1639 adhuc
2893 1586 2947 1639 in
3004 1601 3101 1654 spe
3136 1585 3405 1645 animum,
3435 1582 3649 1637 socivs-

2068 1694 2176 1752 que
2203 1677 2408 1734 ultimae
2443 1675 2676 1731 fortuna:
2703 1677 2979 1732 consolari
3010 1677 3261 1732 studebat
3298 1674 3494 1730 fiducia
3522 1689 3649 1727 mox

2072 1771 2310 1830 adfuturi
2344 1788 2373 1826 e
2406 1769 2629 1828 Perside
2675 1772 2883 1827 auxilii.
2931 1771 3078 1826 Misit
3128 1771 3291 1824 etiam
3336 1769 3403 1823 ad
3434 1766 3643 1834 Crispi-

2070 1883 2201 1923 num
2232 1876 2413 1923 certos
2444 1865 2694 1921 homines
2744 1865 3019 1934 ingenium
3078 1861 3341 1918 irritabile
3398 1858 3650 1914 iracundi

2068 1957 2287 2013 barbari
2319 1956 2597 2012 concitare
2625 1955 2679 2009 in
2711 1954 3085 2009 Andronicum
3115 1959 3413 2007 conaturos
3443 1967 3457 2004 :
3489 1948 3650 2018 cujus

2072 2049 2275 2104 indicio
2300 2046 2484 2118 ccepti,
2510 2056 2737 2117 accepto
2763 2046 2816 2100 in
2843 2053 3086 2115 tempore
3112 2043 3460 2098 Andronicus
3492 2042 3652 2110 longe

2072 2140 2453 2196 blandioribus
2486 2141 2648 2209 quam
2687 2152 2929 2207 unquam
2972 2135 3107 2190 alias
3137 2134 3320 2189 verbis
3348 2132 3650 2197 ollieiisque

2071 2231 2386 2301 Crispinum
2436 2230 2508 2286 ita
2545 2228 2823 2292 delinivit,
2860 2236 2916 2281 ut
2967 2224 3333 2295 Diogenianos
3378 2221 3652 2277 remiserit

2072 2322 2283 2378 irritos.
2328 2322 2500 2393 Cujus
2554 2320 2631 2375 rei
2683 2335 2782 2390 per
2825 2319 3147 2373 comitatum
3199 2315 3454 2385 Diogenis
3506 2312 3651 2368 fama

2072 2416 2314 2487 vulgata,
2338 2416 2830 2484 cunctantibusque
2858 2412 3086 2465 nimium
3116 2408 3450 2481 exspectatis
3473 2423 3502 2460 a
3526 2404 3655 2461 Per-

2074 2508 2190 2563 side
2234 2507 2424 2576 copiis,
2458 2506 2707 2579 proditur
2744 2520 2775 2559 a
2806 2503 2922 2558 suis
2954 2504 3219 2572 Diogenes
3242 2542 3257 2566 ,
3305 2498 3655 2555 incolumita-

2074 2609 2179 2654 tem
2218 2600 2494 2668 propriam
2526 2598 2682 2668 ejus,
2722 2606 2883 2665 alque
2911 2594 3055 2649 arcis
3089 2595 3142 2647 in
3171 2608 3279 2661 qua
3314 2601 3471 2647 erant
3504 2590 3655 2646 dedi-

2075 2691 2223 2746 tione
2252 2691 2318 2745 ab
2346 2690 2661 2745 Andronico
2695 2685 3119 2757 paciscentibus.
3172 2683 3352 2738 Missis
3387 2682 3551 2753 igitur
3587 2680 3656 2735 ab

2073 2782 2387 2837 Andronico
2417 2780 2482 2836 ad
2511 2779 2831 2851 exigendam
2864 2785 3148 2848 pactorqu
3195 2774 3352 2829 fidem
3397 2771 3655 2827 admissis

2076 2875 2130 2930 in
2165 2889 2344 2931 arcem
2370 2914 2387 2941 ,
2430 2873 2647 2930 deditus
2684 2871 2950 2941 Diogenes
2982 2869 3052 2925 ab
3086 2868 3153 2924 iis
3186 2880 3426 2938 purpura
3458 2875 3657 2920 exutus

2077 2969 2383 3024 monastico
2421 2975 2571 3023 veste
2622 2963 2973 3034 contegitur,
3026 2962 3217 3032 sicque
3267 2964 3496 3015 eductus
3527 2972 3655 3013 arce

2077 3060 2386 3115 Andronica
2432 3059 2668 3123 sistitur,
2716 3057 2975 3128 gaudium
3024 3064 3189 3109 tenue
3232 3052 3511 3110 vieturize,
3549 3063 3657 3118 quo

407 3143 469 3197 '0
498 3144 552 3196 δὲ
569 3146 666 3214 τῆς
693 3144 860 3216 τύχης
879 3143 1043 3198 αὑτὸν
1068 3142 1347 3215 οἰκτείρας
1376 3143 1645 3213 ἐδάκρυσε
1670 3146 1764 3198 καὶ
1787 3144 1970 3212 δεξιὰν

2078 3151 2280 3222 passim
2317 3148 2663 3205 exsultabant
2714 3145 2944 3209 milites,
3003 3145 3248 3199 modesta
3300 3141 3628 3197 commisere

394 3234 653 3302 ἐμϐαλὼν
678 3236 754 3299 είς
773 3234 871 3305 τὴν
888 3234 1083 3289 ἑαυτοῦ
1103 3235 1307 3303 ἀπάγει
1331 3234 1537 3305 σκηνὴν
1566 3236 1659 3288 καὶ
1687 3235 1970 3306 τραπέζης

2081 3244 2229 3297 tione
2253 3241 2518 3313 prementi
2543 3258 2557 3295 :
2586 3239 2672 3295 cui
2705 3236 2962 3293 laudabili
2995 3235 3208 3291 affectui
3241 3245 3449 3289 tantum
3483 3230 3661 3287 indul-

393 3324 545 3396 αὐτῷ
573 3327 837 3379 κοινωνεῖ.
858 3321 965 3379 Ἷιν
997 3321 1089 3379 οὖν
1115 3325 1336 3394 ἄμεινον
1372 3323 1529 3393 μέχρι
1556 3323 1748 3377 τούτου
1781 3325 1975 3392 στῆναι

394 3418 474 3488 τῖ)
502 3418 655 3489 ἀνδρὶ
679 3419 747 3473 τὰ
782 3419 881 3487 τῆς
916 3417 1239 3486 ὃυστυχὶαςυ
1277 3415 1393 3470 ἀλλ’
1425 3417 1525 3468 οὐκ
1558 3411 1624 3486 ἦν
1667 3415 1817 3482 αὐτῷ
1856 3415 1977 3468 δια-

394 3510 586 3580 δρᾶναι
616 3508 711 3562 τοῦ
746 3509 944 3577 φθόνου
975 3509 1043 3561 τὰ
1077 3509 1334 3578 βέλεμνα.
1369 3509 1433 3561 Oi
1462 3508 1571 3576 γὰρ
1604 3505 1735 3575 περὶ
1763 3504 1854 3557 τὸν
1882 3503 1980 3575 βα-

397 3600 554 3652 σιλέα
581 3599 803 3670 Μιχαὴλ
834 3598 1108 3667 πρόφασιν
1137 3598 1329 3667 ῶσπερ
1366 3598 1466 3665 τῆς
1502 3594 1636 3659 ιδίας
1683 3593 1979 3665 ἐπιθυμίας

395 3692 501 3759 τὴν
535 3689 671 3758 πρὸς
704 3690 909 3741 ἐκεῖνον
926 3680 1264 3756 πλασάμενοι
1300 3686 1536 3752 εὔνοιαν,
1567 3688 1865 3752 δείσαντες,
1901 3687 1979 3750 ῶς

397 3785 632 3854 ἔφησαν,
680 3784 752 3854 μή
791 3801 845 3837 τι
876 3783 970 3837 καὶ
1006 3784 1479 3854 διαμηχανήσαιτο
1532 3784 1560 3836 ὁ
1597 3782 1852 3850 Διογένης
1883 3780 1980 3835 καὶ⁵

397 3879 563 3934 πάλιν
609 3876 834 3947 ἀφορμὴ
870 3874 1216 3947 πραγμάτων
1264 3873 1342 3946 τῷ
1378 3873 1590 3943 βασιλεῖ
1624 3873 1859 3942 γένοιτο,
1888 3873 1980 3925 ὲν-

396 3969 674 4027 τέλλονταί
724 3986 829 4023 τινι
859 3967 946 4022 διὰ
982 3966 1330 4040 γραμμάτων
1360 3966 1456 4019 ἐπὶ
1498 3964 1594 4019 τοῦ
1635 3963 1834 4035 καιροῦ
1880 3965 1974 4019 δυ-

400 4063 718 4118 ναστεύοντι
750 4061 983 4131 ἐκκόψαι
1025 4060 1200 4132 τούτῳ
1246 4060 1375 4125 τοὺς
1426 4057 1763 4130 ὀφθαλμούς.
1798 4059 1865 4112 Ὃ
1911 4059 1975 4130 δὴ

400 4156 496 4210 καὶ
523 4153 817 4223 γενόμενον
849 4151 1098 4221 μεγάλως
1127 4150 1320 4222 ἠνίασε
1350 4150 1440 4203 τὸν
1487 4149 1858 4217 Ἀνδρόνικον,
1886 4152 1979 4203 καὶ

402 4248 603 4317 μᾶλλον
640 4249 722 4301 ὅτι
755 4246 852 4300 καὶ
902 4244 1219 4317 πειρασθεὶς
1270 4243 1645 4298 διασώσασθαι
1690 4241 1883 4297 τοῦτον
1915 4243 1977 4296 οὐ

397 4339 674 4410 δεδύνητο.
704 4338 815 4392 τῶν
842 4338 971 4407 περὶ
998 4338 1091 4391 τὸν
1130 4336 1357 4407 βασιλέα
1396 4336 1757 4407 σφοδρότερον
1792 4339 1979 4403 ἔγκει-

2078 3335 2151 3391 sit
2179 3343 2240 3387 ut
2266 3333 2430 3388 etiam
2458 3331 2764 3386 infortunio
2798 3329 3133 3385 exauctorati
3165 3327 3476 3396 captivique
3512 3323 3662 3393 priu-

2080 3425 2219 3493 cipis
2272 3424 2542 3495 laerymas
2597 3423 2809 3477 dederit
2855 3438 2870 3475 :
2926 3428 3265 3485 congruente
3320 3415 3662 3469 humanitate

2081 3524 2301 3580 caetera,
2334 3531 2442 3586 qua
2491 3514 2759 3568 illustrem
2803 3513 3082 3582 captivum
3118 3508 3368 3580 amplexu
3401 3506 3661 3577 d‘guatus

2085 3606 2437 3662 tabernaculo
2471 3604 2686 3675 excepit
2719 3605 2910 3660 eodem
2949 3618 3135 3657 secum
3175 3613 3482 3679 mensaeque
3507 3594 3664 3649 adbi-

2082 3700 2223 3754 buit.
2258 3697 2413 3755 Hunc
2441 3704 2757 3767 oportuerat
2788 3696 2946 3751 linem
2973 3710 3093 3750 esse
3117 3693 3320 3748 misero
3352 3690 3618 3745 malorum
3645 3706 3660 3745 :

2081 3791 2175 3849 sed
2210 3788 2428 3844 invidiae
2454 3787 2615 3858 longe
2641 3786 2936 3857 jaculautis
2963 3783 3199 3855 elfugere
3234 3784 3373 3836 ictus
3417 3794 3521 3834 non
3556 3793 3661 3847 po-

2083 3883 2206 3940 tuit.
2242 3879 2483 3936 Fuerunt
2508 3878 2656 3945 enim
2685 3880 2737 3933 in
2766 3879 2888 3933 aula
2921 3877 3015 3949 qui
3051 3876 3178 3931 odio
3201 3883 3295 3929 aut
3324 3871 3505 3928 timori
3534 3886 3660 3941 pro-

2082 3977 2201 4049 prio
2246 3975 2499 4031 allectum
2550 3972 2603 4028 in
2654 3971 2952 4043 principem
3005 3976 3359 4040 praetexentes
3406 3962 3659 4017 illieltaeli

2081 4076 2494 4141 suggesscrunt,
2530 4081 2810 4135 nunquam
2871 4063 2946 4116 illi
3000 4059 3401 4129 possessionem
3449 4054 3661 4121 imperii

2085 4161 2198 4216 lore
2227 4169 2466 4223 certam,
2499 4158 2677 4228 quoad
2726 4156 2931 4210 valeret
2978 4152 3265 4220 Diogenes.
3296 4146 3575 4217 Siquidem
3607 4155 3664 4200 et

2084 4253 2261 4323 ipsum
2294 4251 2660 4319 cegitaturum
2707 4245 2912 4315 aliquid
2955 4253 3010 4297 et
3044 4242 3177 4295 alios
3208 4254 3469 4293 novarum
3507 4235 3661 4306 cupi-

2083 4346 2183 4400 dos
2218 4357 2400 4397 rerum
2429 4342 2553 4393 hinc
2579 4337 2832 4394 turbandi
2861 4349 3085 4390 causam
3125 4334 3409 4399 petituros.
3448 4327 3540 4384 Sic
3568 4344 3666 4383 ex-

402 4432 598 4504 μάνων.
639 4430 943 4484 Ἐπέστειλε
973 4429 1031 4482 δὲ
1062 4431 1156 4483 καὶ
1191 4429 1327 4497 πρδς
1354 4429 1444 4482 τὸν
1470 4430 1685 4497 πατέρα
1718 4430 1808 4483 τὸν
1840 4429 1970 4483 Καί-

2086 4447 2273 4504 presso
2302 4429 2410 4501 55
2438 4442 2667 4482 assensu
2715 4424 2910 4494 cupide
2956 4423 3205 4475 scribunt
3250 4421 3315 4473 ad
3365 4423 3660 4489 quemdam

399 4544 569 4598 σαρα,
606 4521 941 4595 παρακαλῶν
970 4521 1135 4576 αὐτὸν
1161 4519 1236 4590 μὴ
1270 4521 1626 4591 συγχωρῆσαι
1654 4522 1970 4592 τελεσθῆναι

2085 4532 2199 4578 tum
2232 4522 2288 4578 in
2315 4522 2560 4578 exercitu
2587 4518 2880 4587 plurimum
2911 4524 3209 4587 petentem,
3234 4522 3442 4566 erueret
3475 4512 3663 4565 oculos

396 4618 641 4672 τοιοῦτον
674 4615 1108 4684 ἀνοσιούργημα,
1134 4608 1169 4682 ἦ
1205 4612 1312 4683 μὴν
1339 4614 1438 4681 τῆς
1467 4612 1619 4676 θείας
1652 4613 1970 4684 ἐκδέχεσθαι

2085 4613 2334 4685 Diogeni.
2369 4610 2526 4678 Quod
2566 4610 2770 4666 factum
2815 4606 3163 4677 iniquissime
3194 4603 3543 4657 Andronicus
3574 4612 3663 4654 tu-

397 4710 557 4780 ὂίκης
583 4708 684 4779 τὴν
711 4706 896 4777 ψῆφον
916 4705 1017 4758 οὐκ
1046 4705 1125 4765 εἰς
1166 4707 1387 4775 μακρὰν
1418 4705 1864 4773 ἀπαντήσουσαν.
1918 4706 1970 4758 Ὀ

2077 4705 2139 4761 lit
2172 4724 2184 4760 :
2219 4704 2520 4775 praesertim
2555 4705 2699 4769 quod
2729 4699 2990 4767 impedire
3031 4704 3261 4751 conatus
3310 4691 3444 4744 niltil
3486 4688 3663 4759 profe-

402 4801 500 4872 μὲν
534 4794 629 4853 οὖν
651 4798 847 4861 ταῦτα,
884 4798 933 4849 οί
957 4796 1014 4848 δὲ
1045 4793 1113 4847 τὰ
1145 4794 1448 4862 γράμματα
1494 4791 1782 4862 δεξάμενοι
1814 4796 1970 4847 ὲκτυ·

2079 4805 2251 4858 cerat.
2284 4797 2350 4849 iis
2376 4796 2469 4865 qui
2502 4794 2817 4849 facilitatem
2849 4787 3128 4846 Michaelis
3165 4801 3231 4840 eo
3263 4783 3528 4838 inclinare
3553 4794 3666 4834 cat-

399 4870 595 4957 φλοῦσί
633 4905 694 4942 τε
720 4886 932 4949 τοῦτον,
963 4884 1059 4937 καὶ
1090 4885 1170 4946 είς
1201 4882 1230 4934 ὃ
1267 4881 1523 4950 ἱδρύσατο
1555 4884 1970 4952 φροντιστήριον

2081 4898 2275 4960 perant
2307 4890 2481 4958 magis
2520 4902 2585 4941 ac
2629 4884 2803 4954 magis
2845 4891 3084 4951 emptum
3132 4875 3483 4947 urgentibus.
3514 4870 3666 4928 Scri-

399 4987 460 5040 δν
491 4986 558 5057 τῇ
584 4984 731 5054 νήσῳ
750 4980 946 5051 Πρώτη
966 4979 1334 5048 ἐκπέμπουσι.
1356 4977 1536 5045 Βραχὺ
1560 4974 1616 5028 δέ
1652 4992 1704 5028 τι
1731 4976 1970 5040 ἐπιϐιοὺς

2087 4991 2272 5052 pserat
2302 4988 2482 5035 autem
2524 4994 2586 5033 ea
2617 4977 2685 5033 de
2718 4993 2776 5031 rc
2808 4973 3159 5029 Andronicus
3190 4970 3254 5021 ad
3294 4976 3500 5037 patrem
3531 4981 3668 5034 quo-

401 5079 543 5150 μετὰ
575 5078 674 5147 τὴν
712 5074 823 5128 τῶν
857 5070 1151 5143 ὀφθαλμῶν
1183 5072 1440 5141 στέρησιν
1469 5068 1847 5138 ἐτελεύτησεν,
1883 5070 1970 5122 ἐπὶ

2086 5087 2194 5142 que
2225 5088 2382 5127 suum
2409 5069 2700 5132 Caesarem,
2736 5066 2997 5135 majorem
3027 5065 3080 5116 in
3112 5060 3332 5115 modum
3367 5074 3566 5129 rogans
3599 5072 3666 5111 nc

399 5148 577 5237 ἔρισιν
599 5166 743 5218 ἔτεσι
758 5164 857 5233 τὴν
877 5159 1155 5232 βασιλείαν
1184 5159 1471 5229 Ῥωμαίων
1491 5159 1699 5222 ἰθύνας.
1722 5160 1970 5215 Τοιοῦτον

2088 5164 2232 5219 istud
2270 5161 2570 5232 perpetrari
2620 5158 2895 5227 piaculum
2938 5156 3184 5210 sineret:
3227 5152 3429 5221 alioqui
3470 5148 3667 5203 tlivlttm

400 5260 527 5331 ἔσχε
560 5257 713 5321 τέλος
745 5256 816 5309 τὰ
842 5254 983 5308 κατά
1011 5253 1102 5307 τὸν
1130 5253 1406 5324 Διογένην.

2086 5255 2194 5308 vim
2245 5255 2470 5308 ultionis
2516 5256 2878 5319 exspectaret,
2916 5260 3239 5316 manentque
3289 5260 3397 5298 non
3440 5242 3693 5309 Iungunt.

400 5365 765 5412 nroraturam.
822 5348 900 5406 Ea
955 5350 1045 5406 illo
1090 5349 1454 5421 nequidquam
1485 5347 1763 5415 moliente,
1827 5348 1919 5419 qui
1953 5348 2165 5405 litteras
2232 5356 2559 5419 acceperant
2623 5345 2911 5415 Diogenem
2963 5351 3240 5398 excaecant
3284 5345 3338 5394 et
3384 5338 3437 5392 in
3480 5347 3641 5390 tnuna

1670 5507 1839 5570 Petri
1880 5508 2131 5570 Possini
2180 5513 2369 5568 notas.

475 5685 547 5755 (ft)
579 5684 787 5754 Θαῦμα
823 5682 947 5750 τοῖς
982 5681 1205 5755 ὁρῶσιν
1258 5679 1423 5755 ἰδεῖν.
1453 5679 1588 5755 Cod.
1619 5696 1724 5755 ms.
1762 5680 1970 5755 legebat

2078 5682 2269 5752 judicii
2327 5680 2519 5735 fiducia
2576 5691 2775 5733 causas
2820 5677 3286 5755 ⁸ιιιηοηιιιιιίυιιιιιιι
3347 5678 3663 5725 nostrarum

406 5748 607 5825 θέαμα,
646 5748 827 5825 minus
869 5748 1163 5821 apte'siue
1212 5753 1395 5810 dubio,
1420 5759 1503 5825 _ttt_
1529 5750 1686 5804 facile
1740 5748 1976 5804 sentient
2080 5748 2431 5809 enucleatius
2467 5766 2573 5806 non
2609 5748 2981 5820 exsequimur.

404 5820 748 5896 qui'barum
799 5820 1102 5880 litterarum
1149 5830 1365 5893 gustum
1420 5820 1619 5874 habent
1668 5839 1681 5874 :
1739 5835 1975 5891 quorum
