  <div class='ocr_page' id='page_1' title='image "/cluster/home/n/w/nwhite01/storage/ocr_20150623/127/hvd.32044073502411/053.png"; bbox 0 0 4070 6214; ppageno 0'>
   <div class='ocr_carea' id='block_1_1' title="bbox 433 269 3686 376">
    <p class='ocr_par' dir='ltr' id='par_1_1' title="bbox 433 269 3686 376">
     <span class='ocr_line' id='line_1_1' title="bbox 433 269 3686 376; baseline 0 -2"><span class='ocrx_word' id='word_1_1' title='bbox 433 309 509 374; x_wconf 77' lang='lat'><strong>95</strong></span> <span class='ocrx_word' id='word_1_2' title='bbox 1012 269 1015 273; x_wconf 47' lang='grc'><em>’</em></span> <span class='ocrx_word' id='word_1_3' title='bbox 1635 313 2054 375; x_wconf 77' lang='lat' dir='ltr'><strong>NICEPtloat</strong></span> <span class='ocrx_word' id='word_1_4' title='bbox 2100 314 2477 376; x_wconf 82' lang='lat' dir='ltr'><strong>BRYENNII</strong></span> <span class='ocrx_word' id='word_1_5' title='bbox 2522 308 2531 313; x_wconf 81' lang='lat'>‘</span> <span class='ocrx_word' id='word_1_6' title='bbox 3614 311 3686 375; x_wconf 80' lang='lat'><strong>96</strong></span> 
     </span>
    </p>
   </div>
   <div class='ocr_carea' id='block_1_2' title="bbox 434 418 2023 495">
    <p class='ocr_par' dir='ltr' id='par_1_2' title="bbox 434 418 2004 492">
     <span class='ocr_line' id='line_1_2' title="bbox 434 418 2004 492; baseline -0.002 -13"><span class='ocrx_word' id='word_1_7' title='bbox 434 422 670 479; x_wconf 67' lang='lat' dir='ltr'><strong>ollicium</strong></span> <span class='ocrx_word' id='word_1_8' title='bbox 709 420 982 492; x_wconf 82' lang='lat' dir='ltr'><strong>expleret,</strong></span> <span class='ocrx_word' id='word_1_9' title='bbox 1030 419 1245 490; x_wconf 87' lang='lat' dir='ltr'><strong>qualem</strong></span> <span class='ocrx_word' id='word_1_10' title='bbox 1304 419 1396 491; x_wconf 99' lang='lat' dir='ltr'><strong>qui</strong></span> <span class='ocrx_word' id='word_1_11' title='bbox 1449 418 1635 475; x_wconf 69' lang='lat' dir='ltr'><strong>Romae</strong></span> <span class='ocrx_word' id='word_1_12' title='bbox 1683 424 1881 477; x_wconf 92' lang='lat' dir='ltr'><strong>veteris</strong></span> <span class='ocrx_word' id='word_1_13' title='bbox 1919 440 2004 476; x_wconf 79' lang='lat' dir='ltr'><strong>res</strong></span> 
     </span>
    </p>
   </div>
   <div class='ocr_carea' id='block_1_3' title="bbox 2126 418 3687 495">
    <p class='ocr_par' dir='ltr' id='par_1_3' title="bbox 2126 422 3687 495">
     <span class='ocr_line' id='line_1_3' title="bbox 2126 422 3687 495; baseline 0.001 -17"><span class='ocrx_word' id='word_1_14' title='bbox 2126 425 2374 494; x_wconf 77' lang='grc' dir='ltr'><strong>τάδελφῷ,</strong></span> <span class='ocrx_word' id='word_1_15' title='bbox 2410 426 2504 478; x_wconf 80' lang='grc' dir='ltr'><strong>καὶ</strong></span> <span class='ocrx_word' id='word_1_16' title='bbox 2549 424 2647 487; x_wconf 73' lang='grc' dir='ltr'>τὰς</span> <span class='ocrx_word' id='word_1_17' title='bbox 2681 422 2859 488; x_wconf 78' lang='grc' dir='ltr'><strong>τάξεις</strong></span> <span class='ocrx_word' id='word_1_18' title='bbox 2894 423 3146 489; x_wconf 80' lang='grc' dir='ltr'>καθίστα,</span> <span class='ocrx_word' id='word_1_19' title='bbox 3204 425 3299 477; x_wconf 71' lang='grc' dir='ltr'><strong>καὶ</strong></span> <span class='ocrx_word' id='word_1_20' title='bbox 3341 425 3465 486; x_wconf 78' lang='grc' dir='ltr'>τοὺς</span> <span class='ocrx_word' id='word_1_21' title='bbox 3496 423 3687 495; x_wconf 82' lang='grc' dir='ltr'>λόχους</span> 
     </span>
    </p>
   </div>
   <div class='ocr_carea' id='block_1_4' title="bbox 438 511 2007 582">
    <p class='ocr_par' dir='ltr' id='par_1_4' title="bbox 438 511 2007 582">
     <span class='ocr_line' id='line_1_4' title="bbox 438 511 2007 582; baseline -0.001 -14"><span class='ocrx_word' id='word_1_22' title='bbox 438 515 713 581; x_wconf 81' lang='lat' dir='ltr'><strong>memoriae</strong></span> <span class='ocrx_word' id='word_1_23' title='bbox 742 512 1069 568; x_wconf 76' lang='lat' dir='ltr'><strong>mandarunt</strong></span> <span class='ocrx_word' id='word_1_24' title='bbox 1102 511 1411 582; x_wconf 82' lang='lat' dir='ltr'><strong>Scipionem</strong></span> <span class='ocrx_word' id='word_1_25' title='bbox 1447 511 1647 579; x_wconf 90' lang='lat' dir='ltr'><strong>ferunt,</strong></span> <span class='ocrx_word' id='word_1_26' title='bbox 1677 528 1800 567; x_wconf 91' lang='lat' dir='ltr'><strong>cum</strong></span> <span class='ocrx_word' id='word_1_27' title='bbox 1835 513 2007 568; x_wconf 64' lang='lat' dir='ltr'><strong>[Emi-</strong></span> 
     </span>
    </p>
   </div>
   <div class='ocr_carea' id='block_1_5' title="bbox 435 604 2007 661">
    <p class='ocr_par' dir='ltr' id='par_1_5' title="bbox 435 604 2007 661">
     <span class='ocr_line' id='line_1_5' title="bbox 435 604 2007 661; baseline 0.001 -1"><span class='ocrx_word' id='word_1_28' title='bbox 435 604 512 660; x_wconf 88' lang='lat' dir='ltr'><strong>lio</strong></span> <span class='ocrx_word' id='word_1_29' title='bbox 536 606 792 660; x_wconf 77' lang='lat' dir='ltr'><strong>adversus</strong></span> <span class='ocrx_word' id='word_1_30' title='bbox 821 605 1161 660; x_wconf 84' lang='lat' dir='ltr'><strong>Macedonem</strong></span> <span class='ocrx_word' id='word_1_31' title='bbox 1187 605 1444 661; x_wconf 85' lang='lat' dir='ltr'><strong>Perseum</strong></span> <span class='ocrx_word' id='word_1_32' title='bbox 1479 606 1819 661; x_wconf 84' lang='lat' dir='ltr'><strong>consularem</strong></span> <span class='ocrx_word' id='word_1_33' title='bbox 1851 622 2007 661; x_wconf 82' lang='lat' dir='ltr'><strong>exer-</strong></span> 
     </span>
    </p>
   </div>
   <div class='ocr_carea' id='block_1_6' title="bbox 438 696 2003 769">
    <p class='ocr_par' dir='ltr' id='par_1_6' title="bbox 438 696 2003 769">
     <span class='ocr_line' id='line_1_6' title="bbox 438 696 2003 769; baseline -0.001 -18"><span class='ocrx_word' id='word_1_34' title='bbox 438 697 605 752; x_wconf 92' lang='lat' dir='ltr'><strong>citum</strong></span> <span class='ocrx_word' id='word_1_35' title='bbox 634 698 847 751; x_wconf 79' lang='lat' dir='ltr'><strong>ducenti</strong></span> <span class='ocrx_word' id='word_1_36' title='bbox 882 712 1065 754; x_wconf 78' lang='lat' dir='ltr'><strong>comes</strong></span> <span class='ocrx_word' id='word_1_37' title='bbox 1099 698 1458 769; x_wconf 81' lang='lat' dir='ltr'><strong>expeditionis</strong></span> <span class='ocrx_word' id='word_1_38' title='bbox 1486 709 1646 755; x_wconf 86' lang='lat' dir='ltr'><strong>esset.</strong></span> <span class='ocrx_word' id='word_1_39' title='bbox 1702 696 1814 753; x_wconf 86' lang='lat' dir='ltr'><strong>Nec</strong></span> <span class='ocrx_word' id='word_1_40' title='bbox 1861 698 2003 753; x_wconf 88' lang='lat' dir='ltr'><strong>enim</strong></span> 
     </span>
    </p>
   </div>
   <div class='ocr_carea' id='block_1_7' title="bbox 439 787 2009 860">
    <p class='ocr_par' dir='ltr' id='par_1_7' title="bbox 439 787 2009 860">
     <span class='ocr_line' id='line_1_7' title="bbox 439 787 2009 860; baseline 0.001 -15"><span class='ocrx_word' id='word_1_41' title='bbox 439 790 527 845; x_wconf 89' lang='lat' dir='ltr'><strong>hic</strong></span> <span class='ocrx_word' id='word_1_42' title='bbox 573 788 793 858; x_wconf 79' lang='lat' dir='ltr'><strong>segnius</strong></span> <span class='ocrx_word' id='word_1_43' title='bbox 826 787 1048 844; x_wconf 84' lang='lat' dir='ltr'><strong>Alexius</strong></span> <span class='ocrx_word' id='word_1_44' title='bbox 1086 789 1274 845; x_wconf 80' lang='lat' dir='ltr'><strong>fortem</strong></span> <span class='ocrx_word' id='word_1_45' title='bbox 1329 789 1478 845; x_wconf 89' lang='lat' dir='ltr'><strong>fratri</strong></span> <span class='ocrx_word' id='word_1_46' title='bbox 1525 805 1743 860; x_wconf 82' lang='lat' dir='ltr'><strong>cperam</strong></span> <span class='ocrx_word' id='word_1_47' title='bbox 1778 790 2009 846; x_wconf 87' lang='lat' dir='ltr'><strong>navabat</strong></span> 
     </span>
    </p>
   </div>
   <div class='ocr_carea' id='block_1_8' title="bbox 437 882 2007 949">
    <p class='ocr_par' dir='ltr' id='par_1_8' title="bbox 437 882 2007 949">
     <span class='ocr_line' id='line_1_8' title="bbox 437 882 2007 949; baseline 0 -11"><span class='ocrx_word' id='word_1_48' title='bbox 437 882 832 938; x_wconf 87' lang='lat' dir='ltr'><strong>constituendis</strong></span> <span class='ocrx_word' id='word_1_49' title='bbox 862 883 1165 949; x_wconf 83' lang='lat' dir='ltr'><strong>ordinibus,</strong></span> <span class='ocrx_word' id='word_1_50' title='bbox 1202 884 1415 939; x_wconf 90' lang='lat' dir='ltr'><strong>insidiis</strong></span> <span class='ocrx_word' id='word_1_51' title='bbox 1454 884 1696 940; x_wconf 86' lang='lat' dir='ltr'><strong>locandis</strong></span> <span class='ocrx_word' id='word_1_52' title='bbox 1727 884 1842 939; x_wconf 89' lang='lat' dir='ltr'><strong>acie</strong></span> <span class='ocrx_word' id='word_1_53' title='bbox 1872 883 2007 942; x_wconf 90' lang='lat' dir='ltr'><strong>diri-</strong></span> 
     </span>
    </p>
   </div>
   <div class='ocr_carea' id='block_1_9' title="bbox 435 975 2002 1046">
    <p class='ocr_par' dir='ltr' id='par_1_9' title="bbox 435 975 2002 1046">
     <span class='ocr_line' id='line_1_9' title="bbox 435 975 2002 1046; baseline 0.001 -17"><span class='ocrx_word' id='word_1_54' title='bbox 435 976 605 1046; x_wconf 88' lang='lat' dir='ltr'><strong>genda</strong></span> <span class='ocrx_word' id='word_1_55' title='bbox 632 975 1026 1045; x_wconf 86' lang='lat' dir='ltr'><strong>movendaque,</strong></span> <span class='ocrx_word' id='word_1_56' title='bbox 1049 975 1356 1030; x_wconf 88' lang='lat' dir='ltr'><strong>simulacris</strong></span> <span class='ocrx_word' id='word_1_57' title='bbox 1378 975 1703 1044; x_wconf 72' lang='lat' dir='ltr'><strong>prteliorum,</strong></span> <span class='ocrx_word' id='word_1_58' title='bbox 1726 976 1923 1044; x_wconf 84' lang='lat' dir='ltr'><strong>quibus</strong></span> <span class='ocrx_word' id='word_1_59' title='bbox 1946 975 2002 1030; x_wconf 91' lang='lat' dir='ltr'><strong>in</strong></span> 
     </span>
    </p>
   </div>
   <div class='ocr_carea' id='block_1_10' title="bbox 437 1065 2005 1136">
    <p class='ocr_par' dir='ltr' id='par_1_10' title="bbox 437 1065 2005 1136">
     <span class='ocr_line' id='line_1_10' title="bbox 437 1065 2005 1136; baseline 0 -15"><span class='ocrx_word' id='word_1_60' title='bbox 437 1065 692 1121; x_wconf 90' lang='lat' dir='ltr'><strong>omnibus</strong></span> <span class='ocrx_word' id='word_1_61' title='bbox 708 1065 1189 1121; x_wconf 83' lang='lat' dir='ltr'><strong>exercitationibus</strong></span> <span class='ocrx_word' id='word_1_62' title='bbox 1212 1066 1537 1121; x_wconf 77' lang='lat' dir='ltr'><strong>militaribus</strong></span> <span class='ocrx_word' id='word_1_63' title='bbox 1558 1066 1693 1121; x_wconf 90' lang='lat' dir='ltr'><strong>mira</strong></span> <span class='ocrx_word' id='word_1_64' title='bbox 1728 1067 1780 1120; x_wconf 92' lang='lat' dir='ltr'><strong>in</strong></span> <span class='ocrx_word' id='word_1_65' title='bbox 1805 1065 2005 1136; x_wconf 81' lang='lat' dir='ltr'><strong>juvene</strong></span> 
     </span>
    </p>
   </div>
   <div class='ocr_carea' id='block_1_11' title="bbox 436 1153 2008 1225">
    <p class='ocr_par' dir='ltr' id='par_1_11' title="bbox 436 1153 2008 1225">
     <span class='ocr_line' id='line_1_11' title="bbox 436 1153 2008 1225; baseline 0.002 -18"><span class='ocrx_word' id='word_1_66' title='bbox 436 1153 731 1209; x_wconf 77' lang='lat' dir='ltr'><strong>dexteritas</strong></span> <span class='ocrx_word' id='word_1_67' title='bbox 748 1155 1040 1208; x_wconf 82' lang='lat' dir='ltr'><strong>eminebat.</strong></span> <span class='ocrx_word' id='word_1_68' title='bbox 1057 1153 1323 1208; x_wconf 63' lang='lat' dir='ltr'><strong>Craterum</strong></span> <span class='ocrx_word' id='word_1_69' title='bbox 1348 1155 1438 1209; x_wconf 89' lang='lat' dir='ltr'><strong>ubi</strong></span> <span class='ocrx_word' id='word_1_70' title='bbox 1469 1165 1788 1225; x_wconf 84' lang='lat' dir='ltr'><strong>perventum</strong></span> <span class='ocrx_word' id='word_1_71' title='bbox 1810 1155 1876 1210; x_wconf 87' lang='lat' dir='ltr'><strong>ad</strong></span> <span class='ocrx_word' id='word_1_72' title='bbox 1897 1170 2008 1211; x_wconf 82' lang='lat' dir='ltr'><strong>me-</strong></span> 
     </span>
    </p>
   </div>
   <div class='ocr_carea' id='block_1_12' title="bbox 439 1243 2009 1314">
    <p class='ocr_par' dir='ltr' id='par_1_12' title="bbox 439 1243 2009 1314">
     <span class='ocr_line' id='line_1_12' title="bbox 439 1243 2009 1314; baseline 0.003 -17"><span class='ocrx_word' id='word_1_73' title='bbox 439 1244 688 1312; x_wconf 82' lang='lat' dir='ltr'><strong>tropolint</strong></span> <span class='ocrx_word' id='word_1_74' title='bbox 719 1243 1119 1313; x_wconf 84' lang='lat' dir='ltr'><strong>Cappadocum,</strong></span> <span class='ocrx_word' id='word_1_75' title='bbox 1147 1244 1413 1298; x_wconf 82' lang='lat' dir='ltr'><strong>celebrem</strong></span> <span class='ocrx_word' id='word_1_76' title='bbox 1433 1245 1603 1308; x_wconf 85' lang='lat' dir='ltr'><strong>illam,</strong></span> <span class='ocrx_word' id='word_1_77' title='bbox 1623 1246 1869 1314; x_wconf 88' lang='lat' dir='ltr'><strong>inquam,</strong></span> <span class='ocrx_word' id='word_1_78' title='bbox 1891 1243 2009 1301; x_wconf 70' lang='lat' dir='ltr'><strong>Ca:-</strong></span> 
     </span>
    </p>
   </div>
   <div class='ocr_carea' id='block_1_13' title="bbox 438 1335 2007 1404">
    <p class='ocr_par' dir='ltr' id='par_1_13' title="bbox 438 1335 2007 1404">
     <span class='ocr_line' id='line_1_13' title="bbox 438 1335 2007 1404; baseline 0.003 -16"><span class='ocrx_word' id='word_1_79' title='bbox 438 1348 672 1397; x_wconf 85' lang='lat' dir='ltr'><strong>saream,</strong></span> <span class='ocrx_word' id='word_1_80' title='bbox 704 1344 880 1389; x_wconf 85' lang='lat' dir='ltr'><strong>castra</strong></span> <span class='ocrx_word' id='word_1_81' title='bbox 925 1344 1222 1404; x_wconf 84' lang='lat' dir='ltr'><strong>posuerunt</strong></span> <span class='ocrx_word' id='word_1_82' title='bbox 1263 1335 1314 1388; x_wconf 87' lang='lat' dir='ltr'><strong>itt</strong></span> <span class='ocrx_word' id='word_1_83' title='bbox 1348 1335 1595 1400; x_wconf 71' lang='lat' dir='ltr'><strong>vestigiis</strong></span> <span class='ocrx_word' id='word_1_84' title='bbox 1630 1336 1783 1391; x_wconf 86' lang='lat' dir='ltr'><strong>urbis</strong></span> <span class='ocrx_word' id='word_1_85' title='bbox 1810 1336 2007 1392; x_wconf 89' lang='lat' dir='ltr'><strong>veteris</strong></span> 
     </span>
    </p>
   </div>
   <div class='ocr_carea' id='block_1_14' title="bbox 440 1425 2002 1497">
    <p class='ocr_par' dir='ltr' id='par_1_14' title="bbox 440 1425 2002 1497">
     <span class='ocr_line' id='line_1_14' title="bbox 440 1425 2002 1497; baseline 0.004 -18"><span class='ocrx_word' id='word_1_86' title='bbox 440 1425 612 1481; x_wconf 89' lang='lat' dir='ltr'><strong>muris</strong></span> <span class='ocrx_word' id='word_1_87' title='bbox 645 1425 764 1495; x_wconf 88' lang='lat' dir='ltr'><strong>ejus</strong></span> <span class='ocrx_word' id='word_1_88' title='bbox 793 1426 988 1480; x_wconf 88' lang='lat' dir='ltr'><strong>dirutis</strong></span> <span class='ocrx_word' id='word_1_89' title='bbox 1015 1441 1112 1494; x_wconf 91' lang='lat' dir='ltr'><strong>pro</strong></span> <span class='ocrx_word' id='word_1_90' title='bbox 1143 1425 1408 1481; x_wconf 91' lang='lat' dir='ltr'><strong>castrensi</strong></span> <span class='ocrx_word' id='word_1_91' title='bbox 1440 1426 1579 1481; x_wconf 90' lang='lat' dir='ltr'><strong>vallo</strong></span> <span class='ocrx_word' id='word_1_92' title='bbox 1609 1427 1866 1497; x_wconf 88' lang='lat' dir='ltr'><strong>fossaque</strong></span> <span class='ocrx_word' id='word_1_93' title='bbox 1897 1427 2002 1485; x_wconf 88' lang='lat' dir='ltr'><strong>usi.</strong></span> 
     </span>
    </p>
   </div>
   <div class='ocr_carea' id='block_1_15' title="bbox 439 1515 2007 1588">
    <p class='ocr_par' dir='ltr' id='par_1_15' title="bbox 439 1515 2007 1588">
     <span class='ocr_line' id='line_1_15' title="bbox 439 1515 2007 1588; baseline 0.003 -18"><span class='ocrx_word' id='word_1_94' title='bbox 439 1515 577 1570; x_wconf 88' lang='lat' dir='ltr'><strong>Olim</strong></span> <span class='ocrx_word' id='word_1_95' title='bbox 605 1517 750 1570; x_wconf 89' lang='lat' dir='ltr'><strong>enim</strong></span> <span class='ocrx_word' id='word_1_96' title='bbox 785 1518 897 1571; x_wconf 71' lang='lat' dir='ltr'><strong>haec</strong></span> <span class='ocrx_word' id='word_1_97' title='bbox 927 1517 1120 1571; x_wconf 81' lang='lat' dir='ltr'><strong>civitas</strong></span> <span class='ocrx_word' id='word_1_98' title='bbox 1149 1526 1309 1571; x_wconf 72' lang='lat' dir='ltr'><strong>terrae</strong></span> <span class='ocrx_word' id='word_1_99' title='bbox 1342 1528 1489 1573; x_wconf 91' lang='lat' dir='ltr'><strong>motu</strong></span> <span class='ocrx_word' id='word_1_100' title='bbox 1524 1534 1658 1588; x_wconf 88' lang='lat' dir='ltr'><strong>pene</strong></span> <span class='ocrx_word' id='word_1_101' title='bbox 1678 1527 1798 1573; x_wconf 83' lang='lat' dir='ltr'><strong>tota</strong></span> <span class='ocrx_word' id='word_1_102' title='bbox 1822 1518 2007 1574; x_wconf 87' lang='lat' dir='ltr'><strong>conci—</strong></span> 
     </span>
    </p>
   </div>
   <div class='ocr_carea' id='block_1_16' title="bbox 2106 516 3690 589">
    <p class='ocr_par' dir='ltr' id='par_1_16' title="bbox 2106 516 3690 589">
     <span class='ocr_line' id='line_1_16' title="bbox 2106 516 3690 589; baseline 0.001 -18"><span class='ocrx_word' id='word_1_103' title='bbox 2106 519 2312 581; x_wconf 79' lang='grc' dir='ltr'>ὲνίστα,</span> <span class='ocrx_word' id='word_1_104' title='bbox 2336 520 2428 572; x_wconf 70' lang='grc' dir='ltr'><strong>καὶ</strong></span> <span class='ocrx_word' id='word_1_105' title='bbox 2456 517 2861 588; x_wconf 67' lang='grc' dir='ltr'>φαλαγγαρχῶν</span> <span class='ocrx_word' id='word_1_106' title='bbox 2891 518 3248 586; x_wconf 75' lang='grc' dir='ltr'>ὲφαντάζετο,</span> <span class='ocrx_word' id='word_1_107' title='bbox 3288 517 3385 571; x_wconf 79' lang='grc' dir='ltr'><strong>καὶ</strong></span> <span class='ocrx_word' id='word_1_108' title='bbox 3438 516 3546 589; x_wconf 77' lang='grc' dir='ltr'>πρὸ</span> <span class='ocrx_word' id='word_1_109' title='bbox 3589 518 3690 588; x_wconf 81' lang='grc' dir='ltr'>τῆς</span> 
     </span>
    </p>
   </div>
   <div class='ocr_carea' id='block_1_17' title="bbox 2109 608 3691 680">
    <p class='ocr_par' dir='ltr' id='par_1_17' title="bbox 2109 608 3691 680">
     <span class='ocr_line' id='line_1_17' title="bbox 2109 608 3691 680; baseline 0 -20"><span class='ocrx_word' id='word_1_110' title='bbox 2109 609 2303 679; x_wconf 78' lang='grc' dir='ltr'>πείρας</span> <span class='ocrx_word' id='word_1_111' title='bbox 2342 610 2468 680; x_wconf 76' lang='grc' dir='ltr'>περὶ</span> <span class='ocrx_word' id='word_1_112' title='bbox 2509 610 2578 662; x_wconf 77' lang='grc' dir='ltr'>τὰ</span> <span class='ocrx_word' id='word_1_113' title='bbox 2620 609 2988 679; x_wconf 80' lang='grc' dir='ltr'>στρατιωτικά</span> <span class='ocrx_word' id='word_1_114' title='bbox 3036 608 3358 674; x_wconf 77' lang='grc' dir='ltr'><strong>δεξιώτατος</strong></span> <span class='ocrx_word' id='word_1_115' title='bbox 3390 608 3488 664; x_wconf 80' lang='grc' dir='ltr'><strong>ὢν.</strong></span> <span class='ocrx_word' id='word_1_116' title='bbox 3532 609 3691 663; x_wconf 74' lang='grc' dir='ltr'>Ἐπεὶ</span> 
     </span>
    </p>
   </div>
   <div class='ocr_carea' id='block_1_18' title="bbox 2106 696 3692 770">
    <p class='ocr_par' dir='ltr' id='par_1_18' title="bbox 2106 696 3692 770">
     <span class='ocr_line' id='line_1_18' title="bbox 2106 696 3692 770; baseline 0.001 -18"><span class='ocrx_word' id='word_1_117' title='bbox 2106 697 2151 752; x_wconf 77' lang='grc' dir='ltr'><strong>δ’</strong></span> <span class='ocrx_word' id='word_1_118' title='bbox 2176 698 2478 767; x_wconf 72' lang='grc' dir='ltr'>ἀφικέσθην</span> <span class='ocrx_word' id='word_1_119' title='bbox 2501 701 2582 762; x_wconf 72' lang='grc' dir='ltr'><strong>εἰς</strong></span> <span class='ocrx_word' id='word_1_120' title='bbox 2607 699 2704 770; x_wconf 77' lang='grc' dir='ltr'>τὴν</span> <span class='ocrx_word' id='word_1_121' title='bbox 2729 696 3115 752; x_wconf 85' lang='grc' dir='ltr'>Καππαδοκῶν</span> <span class='ocrx_word' id='word_1_122' title='bbox 3153 696 3511 768; x_wconf 73' lang='grc' dir='ltr'><strong>μητρόπολιν,</strong></span> <span class='ocrx_word' id='word_1_123' title='bbox 3540 700 3692 769; x_wconf 75' lang='grc' dir='ltr'>φημὶ</span> 
     </span>
    </p>
   </div>
   <div class='ocr_carea' id='block_1_19' title="bbox 2105 790 3686 863">
    <p class='ocr_par' dir='ltr' id='par_1_19' title="bbox 2105 790 3686 863">
     <span class='ocr_line' id='line_1_19' title="bbox 2105 790 3686 863; baseline 0.001 -20"><span class='ocrx_word' id='word_1_124' title='bbox 2105 790 2171 862; x_wconf 84' lang='grc' dir='ltr'><strong>δὴ</strong></span> <span class='ocrx_word' id='word_1_125' title='bbox 2204 792 2302 861; x_wconf 83' lang='grc' dir='ltr'>τὴν</span> <span class='ocrx_word' id='word_1_126' title='bbox 2337 791 2663 863; x_wconf 76' lang='grc' dir='ltr'>περιϐόητον</span> <span class='ocrx_word' id='word_1_127' title='bbox 2696 790 3060 862; x_wconf 78' lang='grc' dir='ltr'>Καισάρειαν,</span> <span class='ocrx_word' id='word_1_128' title='bbox 3108 790 3686 860; x_wconf 76' lang='grc' dir='ltr'>ὲστρατοπεδευσάτην</span> 
     </span>
    </p>
   </div>
   <div class='ocr_carea' id='block_1_20' title="bbox 2112 866 3693 954">
    <p class='ocr_par' dir='ltr' id='par_1_20' title="bbox 2112 866 3693 954">
     <span class='ocr_line' id='line_1_20' title="bbox 2112 866 3693 954; baseline 0.001 -19"><span class='ocrx_word' id='word_1_129' title='bbox 2112 883 2240 953; x_wconf 77' lang='grc' dir='ltr'>περὶ</span> <span class='ocrx_word' id='word_1_130' title='bbox 2268 866 2370 952; x_wconf 65' lang='grc' dir='ltr'>ἶτὴν</span> <span class='ocrx_word' id='word_1_131' title='bbox 2415 882 2652 937; x_wconf 67' lang='grc' dir='ltr'>παλαιὰν</span> <span class='ocrx_word' id='word_1_132' title='bbox 2681 883 2857 951; x_wconf 82' lang='grc' dir='ltr'>πόλιν,</span> <span class='ocrx_word' id='word_1_133' title='bbox 2901 883 3023 938; x_wconf 85' lang='grc' dir='ltr'>ἀντὶ</span> <span class='ocrx_word' id='word_1_134' title='bbox 3060 882 3272 953; x_wconf 80' lang='grc' dir='ltr'><strong>τάφρου</strong></span> <span class='ocrx_word' id='word_1_135' title='bbox 3304 882 3402 938; x_wconf 76' lang='grc' dir='ltr'><strong>καὶ</strong></span> <span class='ocrx_word' id='word_1_136' title='bbox 3444 883 3693 954; x_wconf 80' lang='grc' dir='ltr'>χάρακος</span> 
     </span>
    </p>
   </div>
   <div class='ocr_carea' id='block_1_21' title="bbox 2110 971 3695 1049">
    <p class='ocr_par' dir='ltr' id='par_1_21' title="bbox 2110 971 3695 1049">
     <span class='ocr_line' id='line_1_21' title="bbox 2110 971 3695 1049; baseline 0.002 -22"><span class='ocrx_word' id='word_1_137' title='bbox 2110 971 2177 1027; x_wconf 74' lang='grc' dir='ltr'><strong>τὰ</strong></span> <span class='ocrx_word' id='word_1_138' title='bbox 2206 972 2541 1045; x_wconf 76' lang='grc' dir='ltr'>διερρωγότα</span> <span class='ocrx_word' id='word_1_139' title='bbox 2561 974 2762 1046; x_wconf 82' lang='grc' dir='ltr'>ταύτης</span> <span class='ocrx_word' id='word_1_140' title='bbox 2793 975 3221 1049; x_wconf 76' lang='grc' dir='ltr'>προσαλλόμενοι</span> <span class='ocrx_word' id='word_1_141' title='bbox 3238 976 3394 1047; x_wconf 79' lang='grc' dir='ltr'>τείχη</span> <span class='ocrx_word' id='word_1_142' title='bbox 3415 992 3428 1005; x_wconf 90' lang='grc'>·</span> <span class='ocrx_word' id='word_1_143' title='bbox 3462 979 3557 1029; x_wconf 79' lang='grc' dir='ltr'><strong>καὶ</strong></span> <span class='ocrx_word' id='word_1_144' title='bbox 3581 977 3695 1047; x_wconf 75' lang='grc' dir='ltr'><strong>γὰρ</strong></span> 
     </span>
    </p>
   </div>
   <div class='ocr_carea' id='block_1_22' title="bbox 2112 1063 3693 1138">
    <p class='ocr_par' dir='ltr' id='par_1_22' title="bbox 2112 1063 3693 1138">
     <span class='ocr_line' id='line_1_22' title="bbox 2112 1063 3693 1138; baseline 0.001 -22"><span class='ocrx_word' id='word_1_145' title='bbox 2112 1063 2251 1135; x_wconf 73' lang='grc' dir='ltr'><strong>ἔφθη</strong></span> <span class='ocrx_word' id='word_1_146' title='bbox 2279 1064 2444 1118; x_wconf 78' lang='grc' dir='ltr'>πάλαι</span> <span class='ocrx_word' id='word_1_147' title='bbox 2477 1064 2703 1134; x_wconf 77' lang='grc' dir='ltr'><strong>σεισμοῦ</strong></span> <span class='ocrx_word' id='word_1_148' title='bbox 2732 1067 2984 1135; x_wconf 74' lang='grc' dir='ltr'>γενέσθαι</span> <span class='ocrx_word' id='word_1_149' title='bbox 3032 1068 3311 1138; x_wconf 71' lang='grc' dir='ltr'>πάρεργον</span> <span class='ocrx_word' id='word_1_150' title='bbox 3345 1067 3546 1137; x_wconf 80' lang='grc' dir='ltr'><strong>μικροῦ</strong></span> <span class='ocrx_word' id='word_1_151' title='bbox 3576 1067 3693 1120; x_wconf 81' lang='grc' dir='ltr'>δεῖν</span> 
     </span>
    </p>
   </div>
   <div class='ocr_carea' id='block_1_23' title="bbox 2107 1155 3693 1231">
    <p class='ocr_par' dir='ltr' id='par_1_23' title="bbox 2107 1155 3693 1231">
     <span class='ocr_line' id='line_1_23' title="bbox 2107 1155 3693 1231; baseline 0 -21"><span class='ocrx_word' id='word_1_152' title='bbox 2107 1155 2317 1224; x_wconf 71' lang='grc' dir='ltr'>ἅπασα,</span> <span class='ocrx_word' id='word_1_153' title='bbox 2341 1157 2566 1229; x_wconf 83' lang='grc' dir='ltr'>πύργων</span> <span class='ocrx_word' id='word_1_154' title='bbox 2594 1158 2753 1213; x_wconf 74' lang='grc' dir='ltr'>ἐνίων</span> <span class='ocrx_word' id='word_1_155' title='bbox 2796 1159 3253 1231; x_wconf 75' lang='grc' dir='ltr'>περιλειφθέντων</span> <span class='ocrx_word' id='word_1_156' title='bbox 3286 1161 3367 1223; x_wconf 78' lang='grc' dir='ltr'><strong>εἰς</strong></span> <span class='ocrx_word' id='word_1_157' title='bbox 3414 1159 3693 1222; x_wconf 81' lang='grc' dir='ltr'>ἀπόδειξιν</span> 
     </span>
    </p>
   </div>
   <div class='ocr_carea' id='block_1_24' title="bbox 2107 1243 3696 1322">
    <p class='ocr_par' dir='ltr' id='par_1_24' title="bbox 2107 1243 3696 1322">
     <span class='ocr_line' id='line_1_24' title="bbox 2107 1243 3696 1322; baseline 0.001 -20"><span class='ocrx_word' id='word_1_158' title='bbox 2107 1243 2261 1319; x_wconf 74' lang='grc' dir='ltr'>οἶμαι</span> <span class='ocrx_word' id='word_1_159' title='bbox 2312 1249 2410 1319; x_wconf 81' lang='grc' dir='ltr'><strong>τῆς</strong></span> <span class='ocrx_word' id='word_1_160' title='bbox 2459 1250 2696 1314; x_wconf 78' lang='grc' dir='ltr'>παλαιᾶς</span> <span class='ocrx_word' id='word_1_161' title='bbox 2741 1251 3095 1322; x_wconf 73' lang='grc' dir='ltr'>εὐδαιμονίας</span> <span class='ocrx_word' id='word_1_162' title='bbox 3156 1251 3259 1320; x_wconf 80' lang='grc' dir='ltr'><strong>τῆς</strong></span> <span class='ocrx_word' id='word_1_163' title='bbox 3310 1252 3540 1315; x_wconf 74' lang='grc' dir='ltr'>πόλεως.</span> <span class='ocrx_word' id='word_1_164' title='bbox 3601 1253 3696 1307; x_wconf 80' lang='grc' dir='ltr'>Ἑν</span> 
     </span>
    </p>
   </div>
   <div class='ocr_carea' id='block_1_25' title="bbox 2111 1338 3695 1411">
    <p class='ocr_par' dir='ltr' id='par_1_25' title="bbox 2111 1338 3695 1411">
     <span class='ocr_line' id='line_1_25' title="bbox 2111 1338 3695 1411; baseline 0.002 -21"><span class='ocrx_word' id='word_1_165' title='bbox 2111 1338 2284 1411; x_wconf 82' lang='grc' dir='ltr'>ταύτῃ</span> <span class='ocrx_word' id='word_1_166' title='bbox 2320 1338 2451 1408; x_wconf 82' lang='grc' dir='ltr'>γοῦν</span> <span class='ocrx_word' id='word_1_167' title='bbox 2486 1342 3083 1411; x_wconf 74' lang='grc' dir='ltr'>στρατοπεδευσάμενοι</span> <span class='ocrx_word' id='word_1_168' title='bbox 3127 1342 3513 1396; x_wconf 81' lang='grc' dir='ltr'>διεσκοποῦντο</span> <span class='ocrx_word' id='word_1_169' title='bbox 3542 1342 3695 1403; x_wconf 79' lang='grc' dir='ltr'>ὅπως</span> 
     </span>
    </p>
   </div>
   <div class='ocr_carea' id='block_1_26' title="bbox 2109 1430 3697 1503">
    <p class='ocr_par' dir='ltr' id='par_1_26' title="bbox 2109 1430 3697 1503">
     <span class='ocr_line' id='line_1_26' title="bbox 2109 1430 3697 1503; baseline -0.001 -18"><span class='ocrx_word' id='word_1_170' title='bbox 2109 1430 2176 1485; x_wconf 80' lang='grc' dir='ltr'>ἂν</span> <span class='ocrx_word' id='word_1_171' title='bbox 2216 1431 2470 1497; x_wconf 75' lang='grc' dir='ltr'>ἐπιόντας</span> <span class='ocrx_word' id='word_1_172' title='bbox 2521 1434 2649 1493; x_wconf 77' lang='grc' dir='ltr'>τοὺς</span> <span class='ocrx_word' id='word_1_173' title='bbox 2705 1433 2984 1503; x_wconf 79' lang='grc' dir='ltr'>Τούρκους</span> <span class='ocrx_word' id='word_1_174' title='bbox 3045 1435 3140 1488; x_wconf 75' lang='grc' dir='ltr'><strong>καὶ</strong></span> <span class='ocrx_word' id='word_1_175' title='bbox 3192 1434 3292 1498; x_wconf 74' lang='grc' dir='ltr'><strong>τὰς</strong></span> <span class='ocrx_word' id='word_1_176' title='bbox 3349 1432 3697 1503; x_wconf 74' lang='grc' dir='ltr'>κωμοπόλεις</span> 
     </span>
    </p>
   </div>
   <div class='ocr_carea' id='block_1_27' title="bbox 2107 1520 2901 1593">
    <p class='ocr_par' dir='ltr' id='par_1_27' title="bbox 2107 1520 2901 1593">
     <span class='ocr_line' id='line_1_27' title="bbox 2107 1520 2901 1593; baseline 0.005 -19"><span class='ocrx_word' id='word_1_177' title='bbox 2107 1520 2447 1593; x_wconf 82' lang='grc' dir='ltr'>πορθοῦντας</span> <span class='ocrx_word' id='word_1_178' title='bbox 2468 1523 2901 1591; x_wconf 75' lang='grc' dir='ltr'>ἀποσοϐήσαεεν.</span> 
     </span>
    </p>
   </div>
   <div class='ocr_carea' id='block_1_28' title="bbox 440 1608 3700 1687">
    <p class='ocr_par' dir='ltr' id='par_1_28' title="bbox 440 1608 3700 1687">
     <span class='ocr_line' id='line_1_28' title="bbox 440 1608 3700 1687; baseline 0.001 -24"><span class='ocrx_word' id='word_1_179' title='bbox 440 1608 540 1669; x_wconf 90' lang='lat' dir='ltr'><strong>dit,</strong></span> <span class='ocrx_word' id='word_1_180' title='bbox 577 1609 819 1663; x_wconf 90' lang='lat' dir='ltr'><strong>turribus</strong></span> <span class='ocrx_word' id='word_1_181' title='bbox 845 1608 1104 1662; x_wconf 80' lang='lat' dir='ltr'><strong>duntaxat</strong></span> <span class='ocrx_word' id='word_1_182' title='bbox 1171 1608 1373 1664; x_wconf 85' lang='lat' dir='ltr'><strong>relictis</strong></span> <span class='ocrx_word' id='word_1_183' title='bbox 1438 1608 1630 1679; x_wconf 86' lang='lat' dir='ltr'><strong>paucis</strong></span> <span class='ocrx_word' id='word_1_184' title='bbox 1661 1610 1820 1680; x_wconf 86' lang='lat' dir='ltr'><strong>quasi</strong></span> <span class='ocrx_word' id='word_1_185' title='bbox 1885 1609 1953 1665; x_wconf 90' lang='lat' dir='ltr'><strong>ad</strong></span> <span class='ocrx_word' id='word_1_186' title='bbox 1986 1611 2265 1680; x_wconf 85' lang='lat' dir='ltr'><strong>specimen</strong></span> <span class='ocrx_word' id='word_1_187' title='bbox 2354 1613 2592 1684; x_wconf 69' lang='lat' dir='ltr'><strong>antiqua:</strong></span> <span class='ocrx_word' id='word_1_188' title='bbox 2643 1614 3081 1687; x_wconf 63' lang='lat' dir='ltr'><strong>magnificentiae.</strong></span> <span class='ocrx_word' id='word_1_189' title='bbox 3137 1613 3235 1671; x_wconf 82' lang='lat' dir='ltr'><strong>Hic</strong></span> <span class='ocrx_word' id='word_1_190' title='bbox 3289 1614 3454 1681; x_wconf 82' lang='lat' dir='ltr'><strong>igitur</strong></span> <span class='ocrx_word' id='word_1_191' title='bbox 3498 1616 3700 1668; x_wconf 84' lang='lat' dir='ltr'><strong>castris</strong></span> 
     </span>
    </p>
   </div>
   <div class='ocr_carea' id='block_1_29' title="bbox 414 1700 3697 1778">
    <p class='ocr_par' dir='ltr' id='par_1_29' title="bbox 414 1700 3697 1778">
     <span class='ocr_line' id='line_1_29' title="bbox 414 1700 3697 1778; baseline 0.001 -21"><span class='ocrx_word' id='word_1_192' title='bbox 414 1702 633 1771; x_wconf 84' lang='lat' dir='ltr'><strong>positis</strong></span> <span class='ocrx_word' id='word_1_193' title='bbox 662 1701 1076 1767; x_wconf 84' lang='lat' dir='ltr'><strong>consultabant,</strong></span> <span class='ocrx_word' id='word_1_194' title='bbox 1143 1715 1305 1772; x_wconf 85' lang='lat' dir='ltr'><strong>quant</strong></span> <span class='ocrx_word' id='word_1_195' title='bbox 1369 1700 1576 1757; x_wconf 80' lang='lat' dir='ltr'><strong>inirent</strong></span> <span class='ocrx_word' id='word_1_196' title='bbox 1642 1702 1911 1758; x_wconf 87' lang='lat' dir='ltr'><strong>rationem</strong></span> <span class='ocrx_word' id='word_1_197' title='bbox 1986 1702 2276 1760; x_wconf 86' lang='lat' dir='ltr'><strong>cohibendi</strong></span> <span class='ocrx_word' id='word_1_198' title='bbox 2323 1704 2534 1762; x_wconf 78' lang='lat' dir='ltr'><strong>Tui-cos</strong></span> <span class='ocrx_word' id='word_1_199' title='bbox 2583 1707 2732 1763; x_wconf 88' lang='lat' dir='ltr'><strong>vicos</strong></span> <span class='ocrx_word' id='word_1_200' title='bbox 2787 1708 2990 1778; x_wconf 89' lang='lat' dir='ltr'><strong>passim</strong></span> <span class='ocrx_word' id='word_1_201' title='bbox 3046 1709 3282 1777; x_wconf 78' lang='lat' dir='ltr'><strong>regionis</strong></span> <span class='ocrx_word' id='word_1_202' title='bbox 3336 1708 3479 1764; x_wconf 87' lang='lat' dir='ltr'><strong>foede</strong></span> <span class='ocrx_word' id='word_1_203' title='bbox 3529 1705 3697 1761; x_wconf 84' lang='lat' dir='ltr'><strong>deso-</strong></span> 
     </span>
    </p>
   </div>
   <div class='ocr_carea' id='block_1_30' title="bbox 442 1797 633 1851">
    <p class='ocr_par' dir='ltr' id='par_1_30' title="bbox 442 1797 633 1851">
     <span class='ocr_line' id='line_1_30' title="bbox 442 1797 633 1851; baseline 0 0"><span class='ocrx_word' id='word_1_204' title='bbox 442 1797 633 1851; x_wconf 83' lang='lat' dir='ltr'><strong>lantes.</strong></span> 
     </span>
    </p>
   </div>
   <div class='ocr_carea' id='block_1_31' title="bbox 516 1883 2023 1963">
    <p class='ocr_par' dir='ltr' id='par_1_31' title="bbox 516 1888 2006 1958">
     <span class='ocr_line' id='line_1_31' title="bbox 516 1888 2006 1958; baseline 0.002 -12"><span class='ocrx_word' id='word_1_205' title='bbox 516 1892 566 1946; x_wconf 80' lang='grc'><strong>4.</strong></span> <span class='ocrx_word' id='word_1_206' title='bbox 610 1888 759 1946; x_wconf 83' lang='lat' dir='ltr'><strong>Talia</strong></span> <span class='ocrx_word' id='word_1_207' title='bbox 813 1891 919 1947; x_wconf 89' lang='lat' dir='ltr'><strong>illis</strong></span> <span class='ocrx_word' id='word_1_208' title='bbox 979 1891 1402 1958; x_wconf 87' lang='lat' dir='ltr'><strong>meditantibus,</strong></span> <span class='ocrx_word' id='word_1_209' title='bbox 1448 1892 1695 1950; x_wconf 90' lang='lat' dir='ltr'><strong>Urselius</strong></span> <span class='ocrx_word' id='word_1_210' title='bbox 1740 1892 2006 1958; x_wconf 83' lang='lat' dir='ltr'><strong>Francus,</strong></span> 
     </span>
    </p>
   </div>
   <div class='ocr_carea' id='block_1_32' title="bbox 2126 1883 3704 1963">
    <p class='ocr_par' dir='ltr' id='par_1_32' title="bbox 2181 1883 3704 1963">
     <span class='ocr_line' id='line_1_32' title="bbox 2181 1883 3704 1963; baseline 0.002 -18"><span class='ocrx_word' id='word_1_211' title='bbox 2181 1888 2247 1948; x_wconf 84' lang='grc' dir='ltr'><strong>δ’.</strong></span> <span class='ocrx_word' id='word_1_212' title='bbox 2287 1890 2429 1946; x_wconf 79' lang='grc' dir='ltr'><strong>Ἀλλ’</strong></span> <span class='ocrx_word' id='word_1_213' title='bbox 2475 1889 2620 1945; x_wconf 78' lang='grc' dir='ltr'>οὕτω</span> <span class='ocrx_word' id='word_1_214' title='bbox 2667 1890 2770 1960; x_wconf 80' lang='grc' dir='ltr'>μὲν</span> <span class='ocrx_word' id='word_1_215' title='bbox 2818 1883 2988 1948; x_wconf 70' lang='grc' dir='ltr'>οὗτοι.</span> <span class='ocrx_word' id='word_1_216' title='bbox 3037 1890 3192 1946; x_wconf 75' lang='grc' dir='ltr'>Ἐπεὶ</span> <span class='ocrx_word' id='word_1_217' title='bbox 3235 1891 3293 1945; x_wconf 82' lang='grc' dir='ltr'><strong>δὲ</strong></span> <span class='ocrx_word' id='word_1_218' title='bbox 3352 1892 3704 1963; x_wconf 75' lang='grc' dir='ltr'>συνετρίϐετο</span> 
     </span>
    </p>
   </div>
   <div class='ocr_carea' id='block_1_33' title="bbox 399 1982 2006 2055">
    <p class='ocr_par' dir='ltr' id='par_1_33' title="bbox 399 1982 2006 2055">
     <span class='ocr_line' id='line_1_33' title="bbox 399 1982 2006 2055; baseline -0.001 -16"><span class='ocrx_word' id='word_1_219' title='bbox 399 1982 402 1986; x_wconf 83' lang='grc'><strong>’</strong></span> <span class='ocrx_word' id='word_1_220' title='bbox 444 2000 605 2055; x_wconf 86' lang='lat' dir='ltr'><strong>quem</strong></span> <span class='ocrx_word' id='word_1_221' title='bbox 658 1983 926 2040; x_wconf 87' lang='lat' dir='ltr'><strong>habebant</strong></span> <span class='ocrx_word' id='word_1_222' title='bbox 969 1983 1023 2038; x_wconf 92' lang='lat' dir='ltr'><strong>in</strong></span> <span class='ocrx_word' id='word_1_223' title='bbox 1071 1985 1310 2041; x_wconf 81' lang='lat' dir='ltr'><strong>exercitu</strong></span> <span class='ocrx_word' id='word_1_224' title='bbox 1363 1999 1394 2041; x_wconf 88' lang='lat' dir='ltr'><strong>e</strong></span> <span class='ocrx_word' id='word_1_225' title='bbox 1444 1985 1704 2041; x_wconf 79' lang='lat' dir='ltr'><strong>societate</strong></span> <span class='ocrx_word' id='word_1_226' title='bbox 1745 1985 2006 2055; x_wconf 73' lang='lat' dir='ltr'><strong>Crispini,</strong></span> 
     </span>
    </p>
   </div>
   <div class='ocr_carea' id='block_1_34' title="bbox 2114 1983 3697 2056">
    <p class='ocr_par' dir='ltr' id='par_1_34' title="bbox 2114 1983 3697 2056">
     <span class='ocr_line' id='line_1_34' title="bbox 2114 1983 3697 2056; baseline 0.002 -20"><span class='ocrx_word' id='word_1_227' title='bbox 2114 1983 2330 2048; x_wconf 86' lang='grc' dir='ltr'>τούτοις</span> <span class='ocrx_word' id='word_1_228' title='bbox 2359 1983 2456 2038; x_wconf 72' lang='grc' dir='ltr'><strong>καὶ</strong></span> <span class='ocrx_word' id='word_1_229' title='bbox 2482 1986 2510 2038; x_wconf 84' lang='grc' dir='ltr'>ὁ</span> <span class='ocrx_word' id='word_1_230' title='bbox 2537 1983 2790 2056; x_wconf 76' lang='grc' dir='ltr'>Φράγγος</span> <span class='ocrx_word' id='word_1_231' title='bbox 2819 1983 3114 2056; x_wconf 81' lang='grc' dir='ltr'>Οὐρσέλιος</span> <span class='ocrx_word' id='word_1_232' title='bbox 3143 1984 3279 2055; x_wconf 81' lang='grc'><strong>(50),</strong></span> <span class='ocrx_word' id='word_1_233' title='bbox 3314 1984 3413 2055; x_wconf 79' lang='grc' dir='ltr'><strong>τῆς</strong></span> <span class='ocrx_word' id='word_1_234' title='bbox 3444 1985 3697 2056; x_wconf 71' lang='grc' dir='ltr'>ἑταιρίας</span> 
     </span>
    </p>
   </div>
   <div class='ocr_carea' id='block_1_35' title="bbox 1452 2149 2660 2227">
    <p class='ocr_par' dir='ltr' id='par_1_35' title="bbox 1452 2149 2660 2227">
     <span class='ocr_line' id='line_1_35' title="bbox 1452 2149 2660 2227; baseline -0.003 -13"><span class='ocrx_word' id='word_1_235' title='bbox 1452 2149 1662 2214; x_wconf 85' lang='lat' dir='ltr'><strong>Caroli</strong></span> <span class='ocrx_word' id='word_1_236' title='bbox 1701 2150 1796 2213; x_wconf 90' lang='lat' dir='ltr'><strong>Du</strong></span> <span class='ocrx_word' id='word_1_237' title='bbox 1828 2150 2070 2214; x_wconf 89' lang='lat' dir='ltr'><strong>Fresne</strong></span> <span class='ocrx_word' id='word_1_238' title='bbox 2100 2151 2202 2213; x_wconf 89' lang='lat' dir='ltr'><strong>Du</strong></span> <span class='ocrx_word' id='word_1_239' title='bbox 2225 2149 2434 2227; x_wconf 81' lang='lat' dir='ltr'><strong>Congo</strong></span> <span class='ocrx_word' id='word_1_240' title='bbox 2470 2157 2660 2211; x_wconf 74' lang='lat' dir='ltr'><strong>noue.</strong></span> 
     </span>
    </p>
   </div>
   <div class='ocr_carea' id='block_1_36' title="bbox 518 2310 2020 2383">
    <p class='ocr_par' dir='ltr' id='par_1_36' title="bbox 518 2310 2020 2383">
     <span class='ocr_line' id='line_1_36' title="bbox 518 2310 2020 2383; baseline 0.003 -17"><span class='ocrx_word' id='word_1_241' title='bbox 518 2311 627 2378; x_wconf 78' lang='lat'><strong>(&#39;50)</strong></span> <span class='ocrx_word' id='word_1_242' title='bbox 669 2310 741 2383; x_wconf 13' lang='lat'><strong>&#39;07</strong></span> <span class='ocrx_word' id='word_1_243' title='bbox 757 2312 1023 2382; x_wconf 80' lang='grc' dir='ltr'><strong>Φράγγος</strong></span> <span class='ocrx_word' id='word_1_244' title='bbox 1049 2311 1395 2383; x_wconf 70' lang='grc' dir='ltr'>οὺρσέλιος.</span> <span class='ocrx_word' id='word_1_245' title='bbox 1419 2315 1563 2369; x_wconf 83' lang='lat' dir='ltr'><strong>inter</strong></span> <span class='ocrx_word' id='word_1_246' title='bbox 1583 2314 1872 2383; x_wconf 70' lang='lat' dir='ltr'><strong>praeclaros</strong></span> <span class='ocrx_word' id='word_1_247' title='bbox 1899 2313 2020 2370; x_wconf 87' lang='lat' dir='ltr'><strong>illos</strong></span> 
     </span>
    </p>
   </div>
   <div class='ocr_carea' id='block_1_37' title="bbox 447 2380 2020 2451">
    <p class='ocr_par' dir='ltr' id='par_1_37' title="bbox 447 2380 2020 2451">
     <span class='ocr_line' id='line_1_37' title="bbox 447 2380 2020 2451; baseline 0 -14"><span class='ocrx_word' id='word_1_248' title='bbox 447 2380 847 2438; x_wconf 82' lang='lat' dir='ltr'><strong>Normannicus</strong></span> <span class='ocrx_word' id='word_1_249' title='bbox 882 2380 1072 2448; x_wconf 78' lang='lat' dir='ltr'><strong>duces,</strong></span> <span class='ocrx_word' id='word_1_250' title='bbox 1111 2380 1203 2451; x_wconf 75' lang='lat' dir='ltr'><strong>qui</strong></span> <span class='ocrx_word' id='word_1_251' title='bbox 1235 2399 1303 2438; x_wconf 76' lang='lat' dir='ltr'><strong>ex</strong></span> <span class='ocrx_word' id='word_1_252' title='bbox 1340 2384 1489 2438; x_wconf 81' lang='lat' dir='ltr'><strong>Italia</strong></span> <span class='ocrx_word' id='word_1_253' title='bbox 1515 2426 1529 2447; x_wconf 94' lang='lat'><strong>,</strong></span> <span class='ocrx_word' id='word_1_254' title='bbox 1562 2380 1654 2439; x_wconf 87' lang='lat' dir='ltr'><strong>ubi</strong></span> <span class='ocrx_word' id='word_1_255' title='bbox 1695 2399 1803 2439; x_wconf 90' lang='lat' dir='ltr'><strong>non</strong></span> <span class='ocrx_word' id='word_1_256' title='bbox 1842 2384 2020 2438; x_wconf 87' lang='lat' dir='ltr'><strong>modi-</strong></span> 
     </span>
    </p>
   </div>
   <div class='ocr_carea' id='block_1_38' title="bbox 449 2453 2015 2522">
    <p class='ocr_par' dir='ltr' id='par_1_38' title="bbox 449 2453 2015 2522">
     <span class='ocr_line' id='line_1_38' title="bbox 449 2453 2015 2522; baseline -0.001 -14"><span class='ocrx_word' id='word_1_257' title='bbox 449 2468 572 2522; x_wconf 85' lang='lat' dir='ltr'><strong>cam</strong></span> <span class='ocrx_word' id='word_1_258' title='bbox 598 2468 665 2507; x_wconf 78' lang='lat' dir='ltr'><strong>ex</strong></span> <span class='ocrx_word' id='word_1_259' title='bbox 696 2453 856 2522; x_wconf 83' lang='lat' dir='ltr'><strong>rebus</strong></span> <span class='ocrx_word' id='word_1_260' title='bbox 887 2453 1027 2507; x_wconf 87' lang='lat' dir='ltr'><strong>bello</strong></span> <span class='ocrx_word' id='word_1_261' title='bbox 1054 2454 1222 2522; x_wconf 79' lang='lat' dir='ltr'><strong>gestis</strong></span> <span class='ocrx_word' id='word_1_262' title='bbox 1248 2454 1463 2508; x_wconf 85' lang='lat' dir='ltr'><strong>laudem</strong></span> <span class='ocrx_word' id='word_1_263' title='bbox 1482 2454 1584 2508; x_wconf 89' lang='lat' dir='ltr'><strong>sibi</strong></span> <span class='ocrx_word' id='word_1_264' title='bbox 1608 2462 2015 2522; x_wconf 86' lang='lat' dir='ltr'><strong>compararunt,</strong></span> 
     </span>
    </p>
   </div>
   <div class='ocr_carea' id='block_1_39' title="bbox 450 2520 2015 2593">
    <p class='ocr_par' dir='ltr' id='par_1_39' title="bbox 450 2520 2015 2593">
     <span class='ocr_line' id='line_1_39' title="bbox 450 2520 2015 2593; baseline 0.001 -18"><span class='ocrx_word' id='word_1_265' title='bbox 450 2520 674 2593; x_wconf 83' lang='lat' dir='ltr'><strong>profecti</strong></span> <span class='ocrx_word' id='word_1_266' title='bbox 708 2523 761 2575; x_wconf 93' lang='lat' dir='ltr'><strong>in</strong></span> <span class='ocrx_word' id='word_1_267' title='bbox 808 2520 1092 2593; x_wconf 76' lang='lat' dir='ltr'><strong>Thraciam</strong></span> <span class='ocrx_word' id='word_1_268' title='bbox 1123 2522 1545 2593; x_wconf 83' lang='lat' dir='ltr'><strong>Byzantinorum</strong></span> <span class='ocrx_word' id='word_1_269' title='bbox 1581 2520 1889 2592; x_wconf 85' lang='lat' dir='ltr'><strong>principum</strong></span> <span class='ocrx_word' id='word_1_270' title='bbox 1917 2537 2015 2577; x_wconf 56' lang='lat' dir='ltr'><strong>co-</strong></span> 
     </span>
    </p>
   </div>
   <div class='ocr_carea' id='block_1_40' title="bbox 489 2592 2016 2662">
    <p class='ocr_par' dir='ltr' id='par_1_40' title="bbox 489 2592 2016 2662">
     <span class='ocr_line' id='line_1_40' title="bbox 489 2592 2016 2662; baseline 0.003 -18"><span class='ocrx_word' id='word_1_271' title='bbox 489 2592 557 2646; x_wconf 90' lang='lat' dir='ltr'><strong>iis</strong></span> <span class='ocrx_word' id='word_1_272' title='bbox 607 2607 726 2645; x_wconf 83' lang='lat' dir='ltr'><strong>sese</strong></span> <span class='ocrx_word' id='word_1_273' title='bbox 785 2592 1178 2658; x_wconf 79' lang='lat' dir='ltr'><strong>adjuuxerunt,</strong></span> <span class='ocrx_word' id='word_1_274' title='bbox 1228 2594 1552 2662; x_wconf 72' lang='lat' dir='ltr'><strong>prazcipuam</strong></span> <span class='ocrx_word' id='word_1_275' title='bbox 1601 2608 1723 2647; x_wconf 92' lang='lat' dir='ltr'><strong>cum</strong></span> <span class='ocrx_word' id='word_1_276' title='bbox 1778 2592 2016 2648; x_wconf 83' lang='lat' dir='ltr'><strong>Roberto</strong></span> 
     </span>
    </p>
   </div>
   <div class='ocr_carea' id='block_1_41' title="bbox 472 2662 2013 2734">
    <p class='ocr_par' dir='ltr' id='par_1_41' title="bbox 472 2662 2013 2734">
     <span class='ocr_line' id='line_1_41' title="bbox 472 2662 2013 2734; baseline 0.001 -20"><span class='ocrx_word' id='word_1_277' title='bbox 472 2662 720 2734; x_wconf 73' lang='lat' dir='ltr'><strong>IriSpiuo,</strong></span> <span class='ocrx_word' id='word_1_278' title='bbox 769 2662 925 2727; x_wconf 88' lang='lat' dir='ltr'><strong>cujus</strong></span> <span class='ocrx_word' id='word_1_279' title='bbox 963 2662 1193 2734; x_wconf 71' lang='lat' dir='ltr'><strong>elogium</strong></span> <span class='ocrx_word' id='word_1_280' title='bbox 1227 2678 1349 2716; x_wconf 73' lang='lat' dir='ltr'><strong>mox</strong></span> <span class='ocrx_word' id='word_1_281' title='bbox 1383 2664 1824 2734; x_wconf 81' lang='lat' dir='ltr'><strong>perstrinximus.</strong></span> <span class='ocrx_word' id='word_1_282' title='bbox 1857 2676 2013 2734; x_wconf 41' lang='lat' dir='ltr'><strong>com:</strong></span> 
     </span>
    </p>
   </div>
   <div class='ocr_carea' id='block_1_42' title="bbox 452 2730 2019 2802">
    <p class='ocr_par' dir='ltr' id='par_1_42' title="bbox 452 2730 2019 2802">
     <span class='ocr_line' id='line_1_42' title="bbox 452 2730 2019 2802; baseline 0.001 -16"><span class='ocrx_word' id='word_1_283' title='bbox 452 2731 852 2802; x_wconf 83' lang='lat' dir='ltr'><strong>mendationem</strong></span> <span class='ocrx_word' id='word_1_284' title='bbox 884 2741 1120 2786; x_wconf 88' lang='lat' dir='ltr'><strong>uteretur</strong></span> <span class='ocrx_word' id='word_1_285' title='bbox 1143 2730 1401 2787; x_wconf 59' lang='lat' dir='ltr'><strong>Urselltts:</strong></span> <span class='ocrx_word' id='word_1_286' title='bbox 1435 2733 1502 2788; x_wconf 85' lang='lat' dir='ltr'><strong>At</strong></span> <span class='ocrx_word' id='word_1_287' title='bbox 1526 2748 1648 2789; x_wconf 90' lang='lat' dir='ltr'><strong>cum</strong></span> <span class='ocrx_word' id='word_1_288' title='bbox 1677 2747 1858 2789; x_wconf 82' lang='lat' dir='ltr'><strong>nemo.</strong></span> <span class='ocrx_word' id='word_1_289' title='bbox 1876 2733 2019 2802; x_wconf 89' lang='lat' dir='ltr'><strong>quod</strong></span> 
     </span>
    </p>
   </div>
   <div class='ocr_carea' id='block_1_43' title="bbox 451 2800 2018 2874">
    <p class='ocr_par' dir='ltr' id='par_1_43' title="bbox 451 2800 2018 2874">
     <span class='ocr_line' id='line_1_43' title="bbox 451 2800 2018 2874; baseline 0.003 -20"><span class='ocrx_word' id='word_1_290' title='bbox 451 2800 642 2874; x_wconf 81' lang='lat' dir='ltr'><strong>sciam,</strong></span> <span class='ocrx_word' id='word_1_291' title='bbox 686 2816 750 2854; x_wconf 80' lang='lat' dir='ltr'><strong>ex</strong></span> <span class='ocrx_word' id='word_1_292' title='bbox 787 2803 1444 2874; x_wconf 76' lang='lat' dir='ltr'><strong>nostratibusbistoricis</strong></span> <span class='ocrx_word' id='word_1_293' title='bbox 1492 2812 1608 2874; x_wconf 16' lang='lat' dir='ltr'><strong>tam,</strong></span> <span class='ocrx_word' id='word_1_294' title='bbox 1654 2800 2018 2874; x_wconf 66' lang='lat' dir='ltr'><strong>przecellentis</strong></span> 
     </span>
    </p>
   </div>
   <div class='ocr_carea' id='block_1_44' title="bbox 452 2870 2023 2941">
    <p class='ocr_par' dir='ltr' id='par_1_44' title="bbox 452 2870 2023 2941">
     <span class='ocr_line' id='line_1_44' title="bbox 452 2870 2023 2941; baseline 0 -16"><span class='ocrx_word' id='word_1_295' title='bbox 452 2870 913 2941; x_wconf 74' lang='lat' dir='ltr'><strong>viripraaconium</strong></span> <span class='ocrx_word' id='word_1_296' title='bbox 942 2871 1201 2941; x_wconf 80' lang='lat' dir='ltr'><strong>attigerit,</strong></span> <span class='ocrx_word' id='word_1_297' title='bbox 1234 2874 1327 2927; x_wconf 90' lang='lat' dir='ltr'><strong>sed</strong></span> <span class='ocrx_word' id='word_1_298' title='bbox 1357 2882 1411 2928; x_wconf 89' lang='lat' dir='ltr'><strong>et</strong></span> <span class='ocrx_word' id='word_1_299' title='bbox 1441 2887 1508 2927; x_wconf 88' lang='lat' dir='ltr'><strong>ne</strong></span> <span class='ocrx_word' id='word_1_300' title='bbox 1537 2870 1682 2929; x_wconf 83' lang='lat' dir='ltr'><strong>illius</strong></span> <span class='ocrx_word' id='word_1_301' title='bbox 1711 2874 2023 2927; x_wconf 90' lang='lat' dir='ltr'><strong>meminerit</strong></span> 
     </span>
    </p>
   </div>
   <div class='ocr_carea' id='block_1_45' title="bbox 453 2940 2020 3011">
    <p class='ocr_par' dir='ltr' id='par_1_45' title="bbox 453 2940 2020 3011">
     <span class='ocr_line' id='line_1_45' title="bbox 453 2940 2020 3011; baseline 0.003 -18"><span class='ocrx_word' id='word_1_302' title='bbox 453 2940 714 3010; x_wconf 84' lang='lat' dir='ltr'><strong>quidem,</strong></span> <span class='ocrx_word' id='word_1_303' title='bbox 776 2956 887 2995; x_wconf 92' lang='lat' dir='ltr'><strong>rem</strong></span> <span class='ocrx_word' id='word_1_304' title='bbox 944 2940 1083 2996; x_wconf 88' lang='lat' dir='ltr'><strong>forte</strong></span> <span class='ocrx_word' id='word_1_305' title='bbox 1131 2941 1273 2996; x_wconf 88' lang='lat' dir='ltr'><strong>haud</strong></span> <span class='ocrx_word' id='word_1_306' title='bbox 1329 2942 1675 3011; x_wconf 55' lang='lat' dir='ltr'><strong>iniucundam</strong></span> <span class='ocrx_word' id='word_1_307' title='bbox 1724 2942 2020 2998; x_wconf 85' lang='lat' dir='ltr'><strong>lectoribus</strong></span> 
     </span>
    </p>
   </div>
   <div class='ocr_carea' id='block_1_46' title="bbox 458 3012 2017 3081">
    <p class='ocr_par' dir='ltr' id='par_1_46' title="bbox 458 3012 2017 3081">
     <span class='ocr_line' id='line_1_46' title="bbox 458 3012 2017 3081; baseline 0 -17"><span class='ocrx_word' id='word_1_308' title='bbox 458 3012 728 3064; x_wconf 91' lang='lat' dir='ltr'><strong>facturum</strong></span> <span class='ocrx_word' id='word_1_309' title='bbox 764 3026 850 3065; x_wconf 90' lang='lat' dir='ltr'><strong>me</strong></span> <span class='ocrx_word' id='word_1_310' title='bbox 876 3012 1136 3075; x_wconf 89' lang='lat' dir='ltr'><strong>arbitror,</strong></span> <span class='ocrx_word' id='word_1_311' title='bbox 1165 3014 1209 3068; x_wconf 91' lang='lat' dir='ltr'><strong>si</strong></span> <span class='ocrx_word' id='word_1_312' title='bbox 1239 3012 1384 3081; x_wconf 87' lang='lat' dir='ltr'><strong>quod</strong></span> <span class='ocrx_word' id='word_1_313' title='bbox 1421 3012 1472 3066; x_wconf 92' lang='lat' dir='ltr'><strong>in</strong></span> <span class='ocrx_word' id='word_1_314' title='bbox 1495 3012 1747 3080; x_wconf 82' lang='lat' dir='ltr'><strong>Crispino</strong></span> <span class='ocrx_word' id='word_1_315' title='bbox 1770 3013 2017 3081; x_wconf 70' lang='lat' dir='ltr'><strong>praestiti,</strong></span> 
     </span>
    </p>
   </div>
   <div class='ocr_carea' id='block_1_47' title="bbox 454 3082 2017 3152">
    <p class='ocr_par' dir='ltr' id='par_1_47' title="bbox 454 3082 2017 3152">
     <span class='ocr_line' id='line_1_47' title="bbox 454 3082 2017 3152; baseline 0.001 -18"><span class='ocrx_word' id='word_1_316' title='bbox 454 3088 607 3134; x_wconf 82' lang='lat' dir='ltr'><strong>extra</strong></span> <span class='ocrx_word' id='word_1_317' title='bbox 660 3082 1135 3152; x_wconf 88' lang='lat' dir='ltr'><strong>commentationis</strong></span> <span class='ocrx_word' id='word_1_318' title='bbox 1184 3091 1355 3137; x_wconf 87' lang='lat' dir='ltr'><strong>metas</strong></span> <span class='ocrx_word' id='word_1_319' title='bbox 1382 3082 1678 3152; x_wconf 71' lang='lat' dir='ltr'><strong>paululum</strong></span> <span class='ocrx_word' id='word_1_320' title='bbox 1709 3083 2017 3152; x_wconf 63' lang='lat' dir='ltr'><strong>digrediar,</strong></span> 
     </span>
    </p>
   </div>
   <div class='ocr_carea' id='block_1_48' title="bbox 456 3144 2018 3215">
    <p class='ocr_par' dir='ltr' id='par_1_48' title="bbox 456 3144 2018 3215">
     <span class='ocr_line' id='line_1_48' title="bbox 456 3144 2018 3215; baseline 0 -11"><span class='ocrx_word' id='word_1_321' title='bbox 456 3160 511 3204; x_wconf 88' lang='lat' dir='ltr'><strong>et</strong></span> <span class='ocrx_word' id='word_1_322' title='bbox 539 3166 697 3215; x_wconf 88' lang='lat' dir='ltr'><strong>quem</strong></span> <span class='ocrx_word' id='word_1_323' title='bbox 733 3150 892 3205; x_wconf 84' lang='lat' dir='ltr'><strong>laude</strong></span> <span class='ocrx_word' id='word_1_324' title='bbox 919 3166 1017 3206; x_wconf 88' lang='lat' dir='ltr'><strong>sua</strong></span> <span class='ocrx_word' id='word_1_325' title='bbox 1053 3168 1159 3205; x_wconf 90' lang='lat' dir='ltr'><strong>non</strong></span> <span class='ocrx_word' id='word_1_326' title='bbox 1190 3144 1432 3207; x_wconf 59' lang='lat' dir='ltr'><strong>frustrari</strong></span> <span class='ocrx_word' id='word_1_327' title='bbox 1458 3153 1680 3208; x_wconf 86' lang='lat' dir='ltr'><strong>interest</strong></span> <span class='ocrx_word' id='word_1_328' title='bbox 1705 3144 1977 3207; x_wconf 70' lang='lat' dir='ltr'><strong>Ursellum</strong></span> <span class='ocrx_word' id='word_1_329' title='bbox 2003 3144 2018 3215; x_wconf 77' lang='lat'><strong>,</strong></span> 
     </span>
    </p>
   </div>
   <div class='ocr_carea' id='block_1_49' title="bbox 459 3219 2020 3292">
    <p class='ocr_par' dir='ltr' id='par_1_49' title="bbox 459 3219 2020 3292">
     <span class='ocr_line' id='line_1_49' title="bbox 459 3219 2020 3292; baseline -0.001 -18"><span class='ocrx_word' id='word_1_330' title='bbox 459 3220 916 3292; x_wconf 75' lang='lat' dir='ltr'><strong>Splendidissimae</strong></span> <span class='ocrx_word' id='word_1_331' title='bbox 965 3219 1185 3276; x_wconf 68' lang='lat' dir='ltr'><strong>familiae</strong></span> <span class='ocrx_word' id='word_1_332' title='bbox 1227 3237 1361 3286; x_wconf 67' lang='lat' dir='ltr'><strong>sum,</strong></span> <span class='ocrx_word' id='word_1_333' title='bbox 1394 3223 1690 3277; x_wconf 89' lang='lat' dir='ltr'><strong>etiamnum</strong></span> <span class='ocrx_word' id='word_1_334' title='bbox 1720 3220 2020 3292; x_wconf 75' lang='lat' dir='ltr'><strong>superstiti,</strong></span> 
     </span>
    </p>
   </div>
   <div class='ocr_carea' id='block_1_50' title="bbox 2128 2308 3702 2382">
    <p class='ocr_par' dir='ltr' id='par_1_50' title="bbox 2128 2308 3702 2382">
     <span class='ocr_line' id='line_1_50' title="bbox 2128 2308 3702 2382; baseline 0.001 -14"><span class='ocrx_word' id='word_1_335' title='bbox 2128 2313 2514 2369; x_wconf 87' lang='lat' dir='ltr'><strong>communibus</strong></span> <span class='ocrx_word' id='word_1_336' title='bbox 2561 2313 2857 2382; x_wconf 67' lang='lat' dir='ltr'><strong>quaesitas,</strong></span> <span class='ocrx_word' id='word_1_337' title='bbox 2899 2310 3004 2368; x_wconf 87' lang='lat' dir='ltr'><strong>sibi</strong></span> <span class='ocrx_word' id='word_1_338' title='bbox 3051 2310 3187 2367; x_wconf 80' lang='lat' dir='ltr'><strong>solis</strong></span> <span class='ocrx_word' id='word_1_339' title='bbox 3228 2308 3591 2379; x_wconf 85' lang='lat' dir='ltr'><strong>arrogabant,</strong></span> <span class='ocrx_word' id='word_1_340' title='bbox 3643 2316 3702 2369; x_wconf 72' lang='lat' dir='ltr'><strong>in</strong></span> 
     </span>
    </p>
   </div>
   <div class='ocr_carea' id='block_1_51' title="bbox 2126 2381 3696 2451">
    <p class='ocr_par' dir='ltr' id='par_1_51' title="bbox 2126 2381 3696 2451">
     <span class='ocr_line' id='line_1_51' title="bbox 2126 2381 3696 2451; baseline 0.001 -14"><span class='ocrx_word' id='word_1_341' title='bbox 2126 2383 2416 2439; x_wconf 83' lang='lat' dir='ltr'><strong>Thraciam</strong></span> <span class='ocrx_word' id='word_1_342' title='bbox 2475 2383 2540 2438; x_wconf 91' lang='lat' dir='ltr'><strong>ad</strong></span> <span class='ocrx_word' id='word_1_343' title='bbox 2588 2381 2904 2438; x_wconf 83' lang='lat' dir='ltr'><strong>llomauum</strong></span> <span class='ocrx_word' id='word_1_344' title='bbox 2969 2381 3270 2451; x_wconf 20' lang='lat' dir='ltr'><strong>Diogenem,</strong></span> <span class='ocrx_word' id='word_1_345' title='bbox 3314 2382 3696 2449; x_wconf 63' lang='lat' dir='ltr'><strong>imperatortm</strong></span> 
     </span>
    </p>
   </div>
   <div class='ocr_carea' id='block_1_52' title="bbox 2130 2449 3701 2522">
    <p class='ocr_par' dir='ltr' id='par_1_52' title="bbox 2130 2449 3701 2522">
     <span class='ocr_line' id='line_1_52' title="bbox 2130 2449 3701 2522; baseline 0.001 -16"><span class='ocrx_word' id='word_1_346' title='bbox 2130 2454 2349 2509; x_wconf 88' lang='lat' dir='ltr'><strong>transiit</strong></span> <span class='ocrx_word' id='word_1_347' title='bbox 2377 2453 2738 2522; x_wconf 87' lang='lat' dir='ltr'><strong>Crispinoque</strong></span> <span class='ocrx_word' id='word_1_348' title='bbox 2772 2468 2893 2508; x_wconf 89' lang='lat' dir='ltr'><strong>sese</strong></span> <span class='ocrx_word' id='word_1_349' title='bbox 2927 2449 3178 2522; x_wconf 66' lang='lat' dir='ltr'><strong>adjttnttit</strong></span> <span class='ocrx_word' id='word_1_350' title='bbox 3220 2449 3613 2522; x_wconf 81' lang='lat' dir='ltr'><strong>illic_militauti</strong></span> <span class='ocrx_word' id='word_1_351' title='bbox 3644 2467 3701 2508; x_wconf 80' lang='lat' dir='ltr'><strong>ct</strong></span> 
     </span>
    </p>
   </div>
   <div class='ocr_carea' id='block_1_53' title="bbox 2126 2519 3697 2590">
    <p class='ocr_par' dir='ltr' id='par_1_53' title="bbox 2126 2519 3697 2590">
     <span class='ocr_line' id='line_1_53' title="bbox 2126 2519 3697 2590; baseline -0.001 -12"><span class='ocrx_word' id='word_1_352' title='bbox 2126 2522 2332 2579; x_wconf 69' lang='lat' dir='ltr'><strong>Graecis</strong></span> <span class='ocrx_word' id='word_1_353' title='bbox 2361 2519 2590 2577; x_wconf 31' lang='lat' dir='ltr'><strong>mere—nti</strong></span> <span class='ocrx_word' id='word_1_354' title='bbox 2624 2519 2728 2578; x_wconf 84' lang='lat' dir='ltr'><strong>sub</strong></span> <span class='ocrx_word' id='word_1_355' title='bbox 2756 2522 2821 2577; x_wconf 89' lang='lat' dir='ltr'><strong>A.</strong></span> <span class='ocrx_word' id='word_1_356' title='bbox 2853 2522 2985 2577; x_wconf 88' lang='lat' dir='ltr'><strong>Chr.</strong></span> <span class='ocrx_word' id='word_1_357' title='bbox 3015 2521 3152 2576; x_wconf 83' lang='lat' dir='ltr'><strong>l069</strong></span> <span class='ocrx_word' id='word_1_358' title='bbox 3183 2528 3277 2574; x_wconf 88' lang='lat' dir='ltr'><strong>aut</strong></span> <span class='ocrx_word' id='word_1_359' title='bbox 3303 2519 3438 2574; x_wconf 73' lang='lat'><strong>1070</strong></span> <span class='ocrx_word' id='word_1_360' title='bbox 3468 2523 3697 2590; x_wconf 88' lang='lat' dir='ltr'><strong>proinde</strong></span> 
     </span>
    </p>
   </div>
   <div class='ocr_carea' id='block_1_54' title="bbox 2124 2590 3692 2662">
    <p class='ocr_par' dir='ltr' id='par_1_54' title="bbox 2124 2590 3692 2662">
     <span class='ocr_line' id='line_1_54' title="bbox 2124 2590 3692 2662; baseline 0.001 -16"><span class='ocrx_word' id='word_1_361' title='bbox 2124 2595 2306 2647; x_wconf 88' lang='lat' dir='ltr'><strong>statim</strong></span> <span class='ocrx_word' id='word_1_362' title='bbox 2344 2600 2466 2662; x_wconf 88' lang='lat' dir='ltr'><strong>post</strong></span> <span class='ocrx_word' id='word_1_363' title='bbox 2491 2592 2889 2662; x_wconf 79' lang='lat' dir='ltr'><strong>expeditionem</strong></span> <span class='ocrx_word' id='word_1_364' title='bbox 2920 2594 3064 2646; x_wconf 90' lang='lat' dir='ltr'><strong>illam</strong></span> <span class='ocrx_word' id='word_1_365' title='bbox 3093 2590 3357 2652; x_wconf 87' lang='lat' dir='ltr'><strong>Siculam,</strong></span> <span class='ocrx_word' id='word_1_366' title='bbox 3385 2592 3543 2662; x_wconf 84' lang='lat' dir='ltr'><strong>cujus</strong></span> <span class='ocrx_word' id='word_1_367' title='bbox 3568 2608 3692 2647; x_wconf 72' lang='lat' dir='ltr'><strong>mox</strong></span> 
     </span>
    </p>
   </div>
   <div class='ocr_carea' id='block_1_55' title="bbox 2127 2660 3698 2731">
    <p class='ocr_par' dir='ltr' id='par_1_55' title="bbox 2127 2660 3698 2731">
     <span class='ocr_line' id='line_1_55' title="bbox 2127 2660 3698 2731; baseline 0.001 -15"><span class='ocrx_word' id='word_1_368' title='bbox 2127 2660 2370 2718; x_wconf 83' lang='lat' dir='ltr'><strong>memini.</strong></span> <span class='ocrx_word' id='word_1_369' title='bbox 2388 2660 2621 2729; x_wconf 82' lang='lat' dir='ltr'><strong>Diogene</strong></span> <span class='ocrx_word' id='word_1_370' title='bbox 2643 2679 2748 2716; x_wconf 92' lang='lat' dir='ltr'><strong>non</strong></span> <span class='ocrx_word' id='word_1_371' title='bbox 2770 2663 2940 2716; x_wconf 88' lang='lat' dir='ltr'><strong>multo</strong></span> <span class='ocrx_word' id='word_1_372' title='bbox 2954 2670 3077 2731; x_wconf 87' lang='lat' dir='ltr'><strong>post</strong></span> <span class='ocrx_word' id='word_1_373' title='bbox 3100 2671 3451 2731; x_wconf 83' lang='lat' dir='ltr'><strong>exauctoran</strong></span> <span class='ocrx_word' id='word_1_374' title='bbox 3469 2660 3698 2731; x_wconf 79' lang='lat' dir='ltr'><strong>ipsoque</strong></span> 
     </span>
    </p>
   </div>
   <div class='ocr_carea' id='block_1_56' title="bbox 2122 2730 3696 2803">
    <p class='ocr_par' dir='ltr' id='par_1_56' title="bbox 2122 2730 3696 2803">
     <span class='ocr_line' id='line_1_56' title="bbox 2122 2730 3696 2803; baseline -0.002 -14"><span class='ocrx_word' id='word_1_375' title='bbox 2122 2732 2377 2801; x_wconf 86' lang='lat' dir='ltr'><strong>Crispino</strong></span> <span class='ocrx_word' id='word_1_376' title='bbox 2409 2734 2645 2788; x_wconf 80' lang='lat' dir='ltr'><strong>veneﬁca</strong></span> <span class='ocrx_word' id='word_1_377' title='bbox 2699 2733 2917 2803; x_wconf 89' lang='lat' dir='ltr'><strong>potione</strong></span> <span class='ocrx_word' id='word_1_378' title='bbox 2960 2730 3039 2787; x_wconf 28' lang='lat' dir='ltr'><strong>’ab</strong></span> <span class='ocrx_word' id='word_1_379' title='bbox 3083 2730 3451 2803; x_wconf 65' lang='lat' dir='ltr'><strong>invidentibtts</strong></span> <span class='ocrx_word' id='word_1_380' title='bbox 3492 2730 3696 2803; x_wconf 66' lang='lat' dir='ltr'><strong>Grtecis</strong></span> 
     </span>
    </p>
   </div>
   <div class='ocr_carea' id='block_1_57' title="bbox 2123 2798 3697 2872">
    <p class='ocr_par' dir='ltr' id='par_1_57' title="bbox 2123 2798 3697 2872">
     <span class='ocr_line' id='line_1_57' title="bbox 2123 2798 3697 2872; baseline -0.001 -14"><span class='ocrx_word' id='word_1_381' title='bbox 2123 2798 2337 2858; x_wconf 82' lang='lat' dir='ltr'><strong>sublato</strong></span> <span class='ocrx_word' id='word_1_382' title='bbox 2389 2798 2849 2872; x_wconf 48' lang='lat' dir='ltr'><strong>universisfqua:</strong></span> <span class='ocrx_word' id='word_1_383' title='bbox 2893 2818 2955 2857; x_wconf 84' lang='lat' dir='ltr'><strong>ca</strong></span> <span class='ocrx_word' id='word_1_384' title='bbox 3001 2806 3320 2872; x_wconf 83' lang='lat' dir='ltr'><strong>tempestate</strong></span> <span class='ocrx_word' id='word_1_385' title='bbox 3381 2798 3697 2872; x_wconf 61' lang='lat' dir='ltr'><strong>llvaatttiuis</strong></span> 
     </span>
    </p>
   </div>
   <div class='ocr_carea' id='block_1_58' title="bbox 2122 2869 3698 2941">
    <p class='ocr_par' dir='ltr' id='par_1_58' title="bbox 2122 2869 3698 2941">
     <span class='ocr_line' id='line_1_58' title="bbox 2122 2869 3698 2941; baseline -0.001 -15"><span class='ocrx_word' id='word_1_386' title='bbox 2122 2875 2429 2937; x_wconf 84' lang='lat' dir='ltr'><strong>merebant,</strong></span> <span class='ocrx_word' id='word_1_387' title='bbox 2498 2869 2776 2927; x_wconf 80' lang='lat' dir='ltr'><strong>Fraucicis</strong></span> <span class='ocrx_word' id='word_1_388' title='bbox 2836 2873 3007 2937; x_wconf 89' lang='lat' dir='ltr'><strong>copiis</strong></span> <span class='ocrx_word' id='word_1_389' title='bbox 3066 2869 3698 2941; x_wconf 36' lang='lat' dir='ltr'><strong>praeficiturablirbaele</strong></span> 
     </span>
    </p>
   </div>
   <div class='ocr_carea' id='block_1_59' title="bbox 2125 2940 3696 3010">
    <p class='ocr_par' dir='ltr' id='par_1_59' title="bbox 2125 2940 3696 3010">
     <span class='ocr_line' id='line_1_59' title="bbox 2125 2940 3696 3010; baseline -0.001 -14"><span class='ocrx_word' id='word_1_390' title='bbox 2125 2942 2272 2996; x_wconf 85' lang='lat' dir='ltr'><strong>Duca</strong></span> <span class='ocrx_word' id='word_1_391' title='bbox 2304 2943 2622 3009; x_wconf 85' lang='lat' dir='ltr'><strong>imperante.</strong></span> <span class='ocrx_word' id='word_1_392' title='bbox 2652 2941 2757 2993; x_wconf 76' lang='lat' dir='ltr'><strong>Sed</strong></span> <span class='ocrx_word' id='word_1_393' title='bbox 2779 2950 2995 3010; x_wconf 84' lang='lat' dir='ltr'><strong>captata</strong></span> <span class='ocrx_word' id='word_1_394' title='bbox 3028 2940 3148 3009; x_wconf 89' lang='lat' dir='ltr'><strong>post</strong></span> <span class='ocrx_word' id='word_1_395' title='bbox 3167 2941 3290 3010; x_wconf 63' lang='lat' dir='ltr'><strong>haec</strong></span> <span class='ocrx_word' id='word_1_396' title='bbox 3316 2940 3446 2994; x_wconf 87' lang='lat' dir='ltr'><strong>levis</strong></span> <span class='ocrx_word' id='word_1_397' title='bbox 3471 2940 3696 2995; x_wconf 68' lang='lat' dir='ltr'><strong>offensa:</strong></span> 
     </span>
    </p>
   </div>
   <div class='ocr_carea' id='block_1_60' title="bbox 2125 3008 3699 3079">
    <p class='ocr_par' dir='ltr' id='par_1_60' title="bbox 2125 3008 3699 3079">
     <span class='ocr_line' id='line_1_60' title="bbox 2125 3008 3699 3079; baseline -0.001 -14"><span class='ocrx_word' id='word_1_398' title='bbox 2125 3008 2414 3066; x_wconf 86' lang='lat' dir='ltr'><strong>occasione</strong></span> <span class='ocrx_word' id='word_1_399' title='bbox 2445 3028 2569 3065; x_wconf 89' lang='lat' dir='ltr'><strong>cttm</strong></span> <span class='ocrx_word' id='word_1_400' title='bbox 2614 3010 2720 3065; x_wconf 68' lang='lat'><strong>400</strong></span> <span class='ocrx_word' id='word_1_401' title='bbox 2760 3008 3112 3079; x_wconf 83' lang='lat' dir='ltr'><strong>popularibus</strong></span> <span class='ocrx_word' id='word_1_402' title='bbox 3144 3008 3501 3079; x_wconf 87' lang='lat' dir='ltr'><strong>defectionem</strong></span> <span class='ocrx_word' id='word_1_403' title='bbox 3535 3012 3699 3064; x_wconf 86' lang='lat' dir='ltr'><strong>moli-</strong></span> 
     </span>
    </p>
   </div>
   <div class='ocr_carea' id='block_1_61' title="bbox 2128 3078 3697 3152">
    <p class='ocr_par' dir='ltr' id='par_1_61' title="bbox 2128 3078 3697 3152">
     <span class='ocr_line' id='line_1_61' title="bbox 2128 3078 3697 3152; baseline -0.001 -16"><span class='ocrx_word' id='word_1_404' title='bbox 2128 3091 2217 3137; x_wconf 90' lang='lat' dir='ltr'><strong>tus</strong></span> <span class='ocrx_word' id='word_1_405' title='bbox 2241 3081 2566 3152; x_wconf 84' lang='lat' dir='ltr'><strong>Lycaoniam</strong></span> <span class='ocrx_word' id='word_1_406' title='bbox 2592 3091 2645 3135; x_wconf 92' lang='lat' dir='ltr'><strong>et</strong></span> <span class='ocrx_word' id='word_1_407' title='bbox 2662 3078 2925 3152; x_wconf 80' lang='lat' dir='ltr'><strong>Galatiam</strong></span> <span class='ocrx_word' id='word_1_408' title='bbox 2958 3079 3199 3152; x_wconf 75' lang='lat' dir='ltr'><strong>infestat,</strong></span> <span class='ocrx_word' id='word_1_409' title='bbox 3224 3078 3417 3152; x_wconf 71' lang='lat' dir='ltr'><strong>oppida</strong></span> <span class='ocrx_word' id='word_1_410' title='bbox 3441 3088 3494 3132; x_wconf 93' lang='lat' dir='ltr'><strong>et</strong></span> <span class='ocrx_word' id='word_1_411' title='bbox 3516 3090 3697 3135; x_wconf 86' lang='lat' dir='ltr'><strong>castra</strong></span> 
     </span>
    </p>
   </div>
   <div class='ocr_carea' id='block_1_62' title="bbox 2128 3149 3698 3221">
    <p class='ocr_par' dir='ltr' id='par_1_62' title="bbox 2128 3149 3698 3221">
     <span class='ocr_line' id='line_1_62' title="bbox 2128 3149 3698 3221; baseline -0.002 -15"><span class='ocrx_word' id='word_1_412' title='bbox 2128 3149 2420 3221; x_wconf 68' lang='lat' dir='ltr'><strong>expugnat,</strong></span> <span class='ocrx_word' id='word_1_413' title='bbox 2451 3166 2609 3217; x_wconf 74' lang='lat' dir='ltr'><strong>agros</strong></span> <span class='ocrx_word' id='word_1_414' title='bbox 2641 3151 3021 3219; x_wconf 82' lang='lat' dir='ltr'><strong>depopulatur,</strong></span> <span class='ocrx_word' id='word_1_415' title='bbox 3050 3149 3313 3221; x_wconf 82' lang='lat' dir='ltr'><strong>Joannem</strong></span> <span class='ocrx_word' id='word_1_416' title='bbox 3351 3149 3553 3203; x_wconf 86' lang='lat' dir='ltr'><strong>Ducam</strong></span> <span class='ocrx_word' id='word_1_417' title='bbox 3578 3152 3698 3203; x_wconf 75' lang='lat' dir='ltr'><strong>(Ite-</strong></span> 
     </span>
    </p>
   </div>
   <div class='ocr_carea' id='block_1_63' title="bbox 2130 3218 3693 3289">
    <p class='ocr_par' dir='ltr' id='par_1_63' title="bbox 2130 3218 3693 3289">
     <span class='ocr_line' id='line_1_63' title="bbox 2130 3218 3693 3289; baseline 0 -15"><span class='ocrx_word' id='word_1_418' title='bbox 2130 3218 2306 3276; x_wconf 79' lang='lat' dir='ltr'><strong>saretn</strong></span> <span class='ocrx_word' id='word_1_419' title='bbox 2340 3237 2366 3274; x_wconf 91' lang='lat' dir='ltr'><strong>a</strong></span> <span class='ocrx_word' id='word_1_420' title='bbox 2400 3221 2657 3275; x_wconf 80' lang='lat' dir='ltr'><strong>Micltztele</strong></span> <span class='ocrx_word' id='word_1_421' title='bbox 2686 3218 3013 3289; x_wconf 88' lang='lat' dir='ltr'><strong>imperatore</strong></span> <span class='ocrx_word' id='word_1_422' title='bbox 3045 3235 3110 3274; x_wconf 85' lang='lat' dir='ltr'><strong>ex</strong></span> <span class='ocrx_word' id='word_1_423' title='bbox 3145 3218 3311 3289; x_wconf 87' lang='lat' dir='ltr'><strong>fratre</strong></span> <span class='ocrx_word' id='word_1_424' title='bbox 3344 3230 3538 3285; x_wconf 83' lang='lat' dir='ltr'><strong>nepme</strong></span> <span class='ocrx_word' id='word_1_425' title='bbox 3566 3236 3693 3274; x_wconf 88' lang='lat' dir='ltr'><strong>cum</strong></span> 
     </span>
    </p>
   </div>
   <div class='ocr_carea' id='block_1_64' title="bbox 458 3286 3699 3359">
    <p class='ocr_par' dir='ltr' id='par_1_64' title="bbox 458 3286 3699 3359">
     <span class='ocr_line' id='line_1_64' title="bbox 458 3286 3699 3359; baseline 0 -17"><span class='ocrx_word' id='word_1_426' title='bbox 458 3286 635 3359; x_wconf 80' lang='lat' dir='ltr'><strong>gentis</strong></span> <span class='ocrx_word' id='word_1_427' title='bbox 664 3302 944 3347; x_wconf 89' lang='lat' dir='ltr'><strong>auctorem</strong></span> <span class='ocrx_word' id='word_1_428' title='bbox 980 3291 1243 3349; x_wconf 83' lang='lat' dir='ltr'><strong>hactenus</strong></span> <span class='ocrx_word' id='word_1_429' title='bbox 1276 3293 1366 3346; x_wconf 81' lang='lat' dir='ltr'><strong>vix</strong></span> <span class='ocrx_word' id='word_1_430' title='bbox 1401 3301 1589 3347; x_wconf 91' lang='lat' dir='ltr'><strong>notum</strong></span> <span class='ocrx_word' id='word_1_431' title='bbox 1622 3286 1888 3347; x_wconf 76' lang='lat' dir='ltr'><strong>asseram.</strong></span> <span class='ocrx_word' id='word_1_432' title='bbox 1918 3290 2021 3345; x_wconf 91' lang='lat' dir='ltr'><strong>Ur-</strong></span> <span class='ocrx_word' id='word_1_433' title='bbox 2050 3286 2094 3345; x_wconf 88' lang='lat' dir='ltr'><strong>C</strong></span> <span class='ocrx_word' id='word_1_434' title='bbox 2128 3291 2323 3346; x_wconf 87' lang='lat' dir='ltr'><strong>idoneo</strong></span> <span class='ocrx_word' id='word_1_435' title='bbox 2365 3293 2417 3345; x_wconf 93' lang='lat' dir='ltr'><strong>in</strong></span> <span class='ocrx_word' id='word_1_436' title='bbox 2459 3307 2518 3345; x_wconf 87' lang='lat' dir='ltr'><strong>se</strong></span> <span class='ocrx_word' id='word_1_437' title='bbox 2552 3286 2778 3344; x_wconf 62' lang='lat' dir='ltr'><strong>missurn</strong></span> <span class='ocrx_word' id='word_1_438' title='bbox 2810 3290 3054 3359; x_wconf 77' lang='lat' dir='ltr'><strong>exercitu</strong></span> <span class='ocrx_word' id='word_1_439' title='bbox 3100 3288 3276 3343; x_wconf 90' lang='lat' dir='ltr'><strong>fundit</strong></span> <span class='ocrx_word' id='word_1_440' title='bbox 3303 3290 3557 3357; x_wconf 80' lang='lat' dir='ltr'><strong>capitque</strong></span> <span class='ocrx_word' id='word_1_441' title='bbox 3588 3306 3699 3345; x_wconf 88' lang='lat' dir='ltr'><strong>ttna</strong></span> 
     </span>
    </p>
   </div>
   <div class='ocr_carea' id='block_1_65' title="bbox 457 3359 2024 3432">
    <p class='ocr_par' dir='ltr' id='par_1_65' title="bbox 457 3359 2024 3432">
     <span class='ocr_line' id='line_1_65' title="bbox 457 3359 2024 3432; baseline 0 -18"><span class='ocrx_word' id='word_1_442' title='bbox 457 3360 647 3427; x_wconf 87' lang='lat' dir='ltr'><strong>sellus,</strong></span> <span class='ocrx_word' id='word_1_443' title='bbox 685 3376 803 3425; x_wconf 92' lang='lat' dir='ltr'><strong>seu,</strong></span> <span class='ocrx_word' id='word_1_444' title='bbox 823 3370 880 3415; x_wconf 90' lang='lat' dir='ltr'><strong>ut</strong></span> <span class='ocrx_word' id='word_1_445' title='bbox 901 3359 1200 3432; x_wconf 80' lang='lat' dir='ltr'><strong>Bryennitts</strong></span> <span class='ocrx_word' id='word_1_446' title='bbox 1223 3362 1450 3419; x_wconf 87' lang='lat' dir='ltr'><strong>etAnna</strong></span> <span class='ocrx_word' id='word_1_447' title='bbox 1479 3360 1729 3428; x_wconf 69' lang='lat' dir='ltr'><strong>efferunt,</strong></span> <span class='ocrx_word' id='word_1_448' title='bbox 1756 3361 2024 3432; x_wconf 85' lang='lat' dir='ltr'><strong>Urselius,</strong></span> 
     </span>
    </p>
   </div>
   <div class='ocr_carea' id='block_1_66' title="bbox 458 3431 2026 3502">
    <p class='ocr_par' dir='ltr' id='par_1_66' title="bbox 458 3431 2026 3502">
     <span class='ocr_line' id='line_1_66' title="bbox 458 3431 2026 3502; baseline 0.001 -19"><span class='ocrx_word' id='word_1_449' title='bbox 458 3444 621 3497; x_wconf 89' lang='lat' dir='ltr'><strong>quem</strong></span> <span class='ocrx_word' id='word_1_450' title='bbox 681 3431 986 3501; x_wconf 81' lang='lat' dir='ltr'><strong>perperam</strong></span> <span class='ocrx_word' id='word_1_451' title='bbox 1016 3431 1294 3502; x_wconf 16' lang='lat' dir='ltr'><strong>,Scylitzes</strong></span> <span class='ocrx_word' id='word_1_452' title='bbox 1343 3442 1398 3488; x_wconf 89' lang='lat' dir='ltr'><strong>et</strong></span> <span class='ocrx_word' id='word_1_453' title='bbox 1437 3432 1679 3502; x_wconf 85' lang='lat' dir='ltr'><strong>zonaras</strong></span> <span class='ocrx_word' id='word_1_454' title='bbox 1725 3431 2026 3502; x_wconf 80' lang='lat' dir='ltr'><strong>Russelium</strong></span> 
     </span>
    </p>
   </div>
   <div class='ocr_carea' id='block_1_67' title="bbox 458 3500 2024 3567">
    <p class='ocr_par' dir='ltr' id='par_1_67' title="bbox 458 3500 2024 3567">
     <span class='ocr_line' id='line_1_67' title="bbox 458 3500 2024 3567; baseline -0.001 -14"><span class='ocrx_word' id='word_1_455' title='bbox 458 3500 797 3567; x_wconf 79' lang='lat' dir='ltr'><strong>nuncupant,</strong></span> <span class='ocrx_word' id='word_1_456' title='bbox 832 3500 1029 3557; x_wconf 91' lang='lat' dir='ltr'><strong>illustri</strong></span> <span class='ocrx_word' id='word_1_457' title='bbox 1082 3500 1430 3558; x_wconf 83' lang='lat' dir='ltr'><strong>Balliolorum</strong></span> <span class='ocrx_word' id='word_1_458' title='bbox 1480 3500 1683 3556; x_wconf 87' lang='lat' dir='ltr'><strong>familia</strong></span> <span class='ocrx_word' id='word_1_459' title='bbox 1735 3501 2024 3564; x_wconf 89' lang='lat' dir='ltr'><strong>oriundus,</strong></span> 
     </span>
    </p>
   </div>
   <div class='ocr_carea' id='block_1_68' title="bbox 460 3570 2025 3640">
    <p class='ocr_par' dir='ltr' id='par_1_68' title="bbox 460 3570 2025 3640">
     <span class='ocr_line' id='line_1_68' title="bbox 460 3570 2025 3640; baseline 0.001 -18"><span class='ocrx_word' id='word_1_460' title='bbox 460 3583 585 3640; x_wconf 79' lang='lat' dir='ltr'><strong>eum</strong></span> <span class='ocrx_word' id='word_1_461' title='bbox 627 3571 867 3626; x_wconf 85' lang='lat' dir='ltr'><strong>Roberto</strong></span> <span class='ocrx_word' id='word_1_462' title='bbox 893 3570 1196 3628; x_wconf 87' lang='lat' dir='ltr'><strong>Guiscardo</strong></span> <span class='ocrx_word' id='word_1_463' title='bbox 1229 3573 1550 3640; x_wconf 83' lang='lat' dir='ltr'><strong>caeterisque</strong></span> <span class='ocrx_word' id='word_1_464' title='bbox 1574 3571 1841 3627; x_wconf 89' lang='lat' dir='ltr'><strong>Tancredi</strong></span> <span class='ocrx_word' id='word_1_465' title='bbox 1894 3572 2025 3625; x_wconf 79' lang='lat' dir='ltr'><strong>(iliis</strong></span> 
     </span>
    </p>
   </div>
   <div class='ocr_carea' id='block_1_69' title="bbox 460 3637 2028 3712">
    <p class='ocr_par' dir='ltr' id='par_1_69' title="bbox 460 3637 2028 3712">
     <span class='ocr_line' id='line_1_69' title="bbox 460 3637 2028 3712; baseline 0.002 -21"><span class='ocrx_word' id='word_1_466' title='bbox 460 3637 517 3712; x_wconf 73' lang='lat' dir='ltr'><strong>in</strong></span> <span class='ocrx_word' id='word_1_467' title='bbox 552 3639 802 3712; x_wconf 82' lang='lat' dir='ltr'><strong>Apuliam</strong></span> <span class='ocrx_word' id='word_1_468' title='bbox 835 3642 1129 3712; x_wconf 78' lang='lat' dir='ltr'><strong>profectus,</strong></span> <span class='ocrx_word' id='word_1_469' title='bbox 1160 3642 1450 3712; x_wconf 77' lang='lat' dir='ltr'><strong>Rogerium</strong></span> <span class='ocrx_word' id='word_1_470' title='bbox 1466 3637 1778 3710; x_wconf 65' lang='lat' dir='ltr'><strong>praesertim</strong></span> <span class='ocrx_word' id='word_1_471' title='bbox 1807 3640 2028 3712; x_wconf 64' lang='lat' dir='ltr'><strong>Boberti</strong></span> 
     </span>
    </p>
   </div>
   <div class='ocr_carea' id='block_1_70' title="bbox 461 3707 2029 3778">
    <p class='ocr_par' dir='ltr' id='par_1_70' title="bbox 461 3707 2029 3778">
     <span class='ocr_line' id='line_1_70' title="bbox 461 3707 2029 3778; baseline 0.002 -16"><span class='ocrx_word' id='word_1_472' title='bbox 461 3707 683 3763; x_wconf 86' lang='lat' dir='ltr'><strong>fratrem</strong></span> <span class='ocrx_word' id='word_1_473' title='bbox 710 3710 762 3764; x_wconf 92' lang='lat' dir='ltr'><strong>in</strong></span> <span class='ocrx_word' id='word_1_474' title='bbox 794 3707 1044 3778; x_wconf 85' lang='lat' dir='ltr'><strong>suscepta</strong></span> <span class='ocrx_word' id='word_1_475' title='bbox 1077 3711 1144 3765; x_wconf 90' lang='lat' dir='ltr'><strong>ab</strong></span> <span class='ocrx_word' id='word_1_476' title='bbox 1169 3707 1260 3766; x_wconf 78' lang='lat' dir='ltr'><strong>illo</strong></span> <span class='ocrx_word' id='word_1_477' title='bbox 1286 3707 1797 3766; x_wconf 49' lang='lat' dir='ltr'><strong>contra‘b‘aracenos</strong></span> <span class='ocrx_word' id='word_1_478' title='bbox 1816 3709 2029 3765; x_wconf 84' lang='lat' dir='ltr'><strong>Siculos</strong></span> 
     </span>
    </p>
   </div>
   <div class='ocr_carea' id='block_1_71' title="bbox 462 3779 2031 3849">
    <p class='ocr_par' dir='ltr' id='par_1_71' title="bbox 462 3779 2031 3849">
     <span class='ocr_line' id='line_1_71' title="bbox 462 3779 2031 3849; baseline 0.001 -17"><span class='ocrx_word' id='word_1_479' title='bbox 462 3779 806 3846; x_wconf 79' lang='lat' dir='ltr'><strong>expeditione</strong></span> <span class='ocrx_word' id='word_1_480' title='bbox 835 3790 1054 3834; x_wconf 86' lang='lat' dir='ltr'><strong>secutus</strong></span> <span class='ocrx_word' id='word_1_481' title='bbox 1077 3792 1181 3835; x_wconf 90' lang='lat' dir='ltr'><strong>est.</strong></span> <span class='ocrx_word' id='word_1_482' title='bbox 1215 3781 1271 3834; x_wconf 95' lang='lat' dir='ltr'><strong>ln</strong></span> <span class='ocrx_word' id='word_1_483' title='bbox 1295 3796 1403 3849; x_wconf 89' lang='lat' dir='ltr'><strong>qua</strong></span> <span class='ocrx_word' id='word_1_484' title='bbox 1436 3789 1645 3835; x_wconf 87' lang='lat' dir='ltr'><strong>tantum</strong></span> <span class='ocrx_word' id='word_1_485' title='bbox 1682 3795 1747 3835; x_wconf 78' lang='lat' dir='ltr'><strong>ex</strong></span> <span class='ocrx_word' id='word_1_486' title='bbox 1776 3781 1851 3833; x_wconf 90' lang='lat' dir='ltr'><strong>rei</strong></span> <span class='ocrx_word' id='word_1_487' title='bbox 1887 3780 2031 3834; x_wconf 89' lang='lat' dir='ltr'><strong>mili-</strong></span> 
     </span>
    </p>
   </div>
   <div class='ocr_carea' id='block_1_72' title="bbox 465 3848 2031 3920">
    <p class='ocr_par' dir='ltr' id='par_1_72' title="bbox 465 3848 2031 3920">
     <span class='ocr_line' id='line_1_72' title="bbox 465 3848 2031 3920; baseline 0.002 -20"><span class='ocrx_word' id='word_1_488' title='bbox 465 3848 597 3920; x_wconf 79' lang='lat' dir='ltr'><strong>taris</strong></span> <span class='ocrx_word' id='word_1_489' title='bbox 632 3851 820 3920; x_wconf 84' lang='lat' dir='ltr'><strong>peritia</strong></span> <span class='ocrx_word' id='word_1_490' title='bbox 851 3861 906 3904; x_wconf 82' lang='lat' dir='ltr'><strong>et</strong></span> <span class='ocrx_word' id='word_1_491' title='bbox 934 3851 1100 3905; x_wconf 91' lang='lat' dir='ltr'><strong>animi</strong></span> <span class='ocrx_word' id='word_1_492' title='bbox 1133 3848 1505 3920; x_wconf 74' lang='lat' dir='ltr'><strong>magnitudine</strong></span> <span class='ocrx_word' id='word_1_493' title='bbox 1536 3850 1781 3920; x_wconf 84' lang='lat' dir='ltr'><strong>adeptus</strong></span> <span class='ocrx_word' id='word_1_494' title='bbox 1808 3860 1891 3905; x_wconf 92' lang='lat' dir='ltr'><strong>est</strong></span> <span class='ocrx_word' id='word_1_495' title='bbox 1916 3850 2031 3904; x_wconf 84' lang='lat' dir='ltr'><strong>exi-</strong></span> 
     </span>
    </p>
   </div>
   <div class='ocr_carea' id='block_1_73' title="bbox 462 3916 2030 3989">
    <p class='ocr_par' dir='ltr' id='par_1_73' title="bbox 462 3916 2030 3989">
     <span class='ocr_line' id='line_1_73' title="bbox 462 3916 2030 3989; baseline 0.003 -18"><span class='ocrx_word' id='word_1_496' title='bbox 462 3916 851 3982; x_wconf 74' lang='lat' dir='ltr'><strong>stitnationem,</strong></span> <span class='ocrx_word' id='word_1_497' title='bbox 916 3929 976 3974; x_wconf 91' lang='lat' dir='ltr'><strong>ut</strong></span> <span class='ocrx_word' id='word_1_498' title='bbox 1016 3916 1414 3989; x_wconf 10' lang='lat' dir='ltr'><strong>rvictoriarum.</strong></span> <span class='ocrx_word' id='word_1_499' title='bbox 1463 3935 1603 3989; x_wconf 86' lang='lat' dir='ltr'><strong>quas</strong></span> <span class='ocrx_word' id='word_1_500' title='bbox 1644 3916 1722 3974; x_wconf 78' lang='lat' dir='ltr'><strong>iis</strong></span> <span class='ocrx_word' id='word_1_501' title='bbox 1768 3918 1824 3974; x_wconf 89' lang='lat' dir='ltr'><strong>in</strong></span> <span class='ocrx_word' id='word_1_502' title='bbox 1876 3920 2030 3976; x_wconf 81' lang='lat' dir='ltr'><strong>bellis</strong></span> 
     </span>
    </p>
   </div>
   <div class='ocr_carea' id='block_1_74' title="bbox 464 3988 2032 4057">
    <p class='ocr_par' dir='ltr' id='par_1_74' title="bbox 464 3988 2032 4057">
     <span class='ocr_line' id='line_1_74' title="bbox 464 3988 2032 4057; baseline 0.001 -15"><span class='ocrx_word' id='word_1_503' title='bbox 464 3988 743 4042; x_wconf 84' lang='lat' dir='ltr'><strong>consecuti</strong></span> <span class='ocrx_word' id='word_1_504' title='bbox 796 3997 925 4043; x_wconf 90' lang='lat' dir='ltr'><strong>sunt</strong></span> <span class='ocrx_word' id='word_1_505' title='bbox 977 3988 1299 4052; x_wconf 73' lang='lat' dir='ltr'><strong>Nurmanni.</strong></span> <span class='ocrx_word' id='word_1_506' title='bbox 1356 3988 1584 4057; x_wconf 74' lang='lat' dir='ltr'><strong>gloriam</strong></span> <span class='ocrx_word' id='word_1_507' title='bbox 1640 3989 1718 4043; x_wconf 89' lang='lat' dir='ltr'><strong>illi</strong></span> <span class='ocrx_word' id='word_1_508' title='bbox 1795 3991 2032 4046; x_wconf 86' lang='lat' dir='ltr'><strong>ascribat</strong></span> 
     </span>
    </p>
   </div>
   <div class='ocr_carea' id='block_1_75' title="bbox 504 4057 2028 4129">
    <p class='ocr_par' dir='ltr' id='par_1_75' title="bbox 504 4057 2028 4129">
     <span class='ocr_line' id='line_1_75' title="bbox 504 4057 2028 4129; baseline 0.003 -19"><span class='ocrx_word' id='word_1_509' title='bbox 504 4058 789 4129; x_wconf 66' lang='lat' dir='ltr'><strong>raecipuam</strong></span> <span class='ocrx_word' id='word_1_510' title='bbox 811 4057 1118 4116; x_wconf 88' lang='lat' dir='ltr'><strong>Gaufredus</strong></span> <span class='ocrx_word' id='word_1_511' title='bbox 1140 4061 1442 4124; x_wconf 85' lang='lat' dir='ltr'><strong>Malaterra,</strong></span> <span class='ocrx_word' id='word_1_512' title='bbox 1460 4058 2028 4129; x_wconf 69' lang='lat' dir='ltr'><strong>scriptorcoaataneus,</strong></span> 
     </span>
    </p>
   </div>
   <div class='ocr_carea' id='block_1_76' title="bbox 488 4129 2031 4200">
    <p class='ocr_par' dir='ltr' id='par_1_76' title="bbox 488 4129 2031 4200">
     <span class='ocr_line' id='line_1_76' title="bbox 488 4129 2031 4200; baseline 0.003 -20"><span class='ocrx_word' id='word_1_513' title='bbox 488 4164 504 4180; x_wconf 93' lang='lat'><strong>.</strong></span> <span class='ocrx_word' id='word_1_514' title='bbox 536 4143 572 4200; x_wconf 61' lang='grc' dir='ltr'>ι,</span> <span class='ocrx_word' id='word_1_515' title='bbox 605 4129 775 4200; x_wconf 78' lang='lat' dir='ltr'><strong>c._33,</strong></span> <span class='ocrx_word' id='word_1_516' title='bbox 805 4130 896 4200; x_wconf 87' lang='lat' dir='ltr'><strong>qui</strong></span> <span class='ocrx_word' id='word_1_517' title='bbox 927 4130 1267 4200; x_wconf 17' lang='lat' dir='ltr'><strong>illustreiboc</strong></span> <span class='ocrx_word' id='word_1_518' title='bbox 1302 4139 1558 4200; x_wconf 68' lang='lat' dir='ltr'><strong>praeterea</strong></span> <span class='ocrx_word' id='word_1_519' title='bbox 1588 4130 1758 4185; x_wconf 91' lang='lat' dir='ltr'><strong>animi</strong></span> <span class='ocrx_word' id='word_1_520' title='bbox 1786 4138 1841 4184; x_wconf 93' lang='lat' dir='ltr'><strong>et</strong></span> <span class='ocrx_word' id='word_1_521' title='bbox 1864 4145 2031 4199; x_wconf 78' lang='lat' dir='ltr'><strong>gene-</strong></span> 
     </span>
    </p>
   </div>
   <div class='ocr_carea' id='block_1_77' title="bbox 464 4198 2033 4270">
    <p class='ocr_par' dir='ltr' id='par_1_77' title="bbox 464 4198 2033 4270">
     <span class='ocr_line' id='line_1_77' title="bbox 464 4198 2033 4270; baseline 0.002 -20"><span class='ocrx_word' id='word_1_522' title='bbox 464 4198 707 4270; x_wconf 58' lang='lat' dir='ltr'><strong>[ositatis</strong></span> <span class='ocrx_word' id='word_1_523' title='bbox 736 4199 1019 4270; x_wconf 78' lang='lat' dir='ltr'><strong>specimen</strong></span> <span class='ocrx_word' id='word_1_524' title='bbox 1054 4201 1107 4254; x_wconf 94' lang='lat' dir='ltr'><strong>in</strong></span> <span class='ocrx_word' id='word_1_525' title='bbox 1140 4198 1351 4256; x_wconf 78' lang='lat' dir='ltr'><strong>Urselio</strong></span> <span class='ocrx_word' id='word_1_526' title='bbox 1382 4200 1581 4269; x_wconf 90' lang='lat' dir='ltr'><strong>prodit.</strong></span> <span class='ocrx_word' id='word_1_527' title='bbox 1617 4200 1806 4270; x_wconf 75' lang='lat' dir='ltr'><strong>Tradit</strong></span> <span class='ocrx_word' id='word_1_528' title='bbox 1831 4198 2033 4270; x_wconf 82' lang='lat' dir='ltr'><strong>quippe</strong></span> 
     </span>
    </p>
   </div>
   <div class='ocr_carea' id='block_1_78' title="bbox 464 4264 2034 4339">
    <p class='ocr_par' dir='ltr' id='par_1_78' title="bbox 464 4264 2034 4339">
     <span class='ocr_line' id='line_1_78' title="bbox 464 4264 2034 4339; baseline 0.001 -18"><span class='ocrx_word' id='word_1_529' title='bbox 464 4264 700 4339; x_wconf 72' lang='lat' dir='ltr'><strong>Bogerio</strong></span> <span class='ocrx_word' id='word_1_530' title='bbox 730 4264 879 4325; x_wconf 78' lang='lat' dir='ltr'><strong>fusos</strong></span> <span class='ocrx_word' id='word_1_531' title='bbox 907 4278 962 4324; x_wconf 88' lang='lat' dir='ltr'><strong>et</strong></span> <span class='ocrx_word' id='word_1_532' title='bbox 984 4270 1187 4326; x_wconf 86' lang='lat' dir='ltr'><strong>deletus</strong></span> <span class='ocrx_word' id='word_1_533' title='bbox 1216 4286 1246 4323; x_wconf 90' lang='lat' dir='ltr'><strong>a</strong></span> <span class='ocrx_word' id='word_1_534' title='bbox 1287 4264 1514 4326; x_wconf 46' lang='lat' dir='ltr'><strong>Ser-Ione</strong></span> <span class='ocrx_word' id='word_1_535' title='bbox 1543 4285 1608 4324; x_wconf 81' lang='lat' dir='ltr'><strong>ex</strong></span> <span class='ocrx_word' id='word_1_536' title='bbox 1642 4269 1807 4325; x_wconf 89' lang='lat' dir='ltr'><strong>fratre</strong></span> <span class='ocrx_word' id='word_1_537' title='bbox 1841 4264 2034 4339; x_wconf 72' lang='lat' dir='ltr'><strong>nepote</strong></span> 
     </span>
    </p>
   </div>
   <div class='ocr_carea' id='block_1_79' title="bbox 467 4335 2031 4411">
    <p class='ocr_par' dir='ltr' id='par_1_79' title="bbox 467 4335 2031 4411">
     <span class='ocr_line' id='line_1_79' title="bbox 467 4335 2031 4411; baseline 0.003 -22"><span class='ocrx_word' id='word_1_538' title='bbox 467 4335 654 4411; x_wconf 80' lang='lat' dir='ltr'><strong>hostes</strong></span> <span class='ocrx_word' id='word_1_539' title='bbox 681 4338 951 4411; x_wconf 79' lang='lat' dir='ltr'><strong>incessere</strong></span> <span class='ocrx_word' id='word_1_540' title='bbox 986 4342 1286 4405; x_wconf 79' lang='lat' dir='ltr'><strong>cunctanti,</strong></span> <span class='ocrx_word' id='word_1_541' title='bbox 1321 4358 1389 4395; x_wconf 85' lang='lat' dir='ltr'><strong>ne</strong></span> <span class='ocrx_word' id='word_1_542' title='bbox 1408 4341 1534 4411; x_wconf 90' lang='lat' dir='ltr'><strong>quid</strong></span> <span class='ocrx_word' id='word_1_543' title='bbox 1558 4335 2031 4411; x_wconf 43' lang='lat' dir='ltr'><strong>persequentium—</strong></span> 
     </span>
    </p>
   </div>
   <div class='ocr_carea' id='block_1_80' title="bbox 464 4406 2033 4479">
    <p class='ocr_par' dir='ltr' id='par_1_80' title="bbox 464 4406 2033 4479">
     <span class='ocr_line' id='line_1_80' title="bbox 464 4406 2033 4479; baseline 0.002 -20"><span class='ocrx_word' id='word_1_544' title='bbox 464 4406 637 4479; x_wconf 82' lang='lat' dir='ltr'><strong>terius</strong></span> <span class='ocrx_word' id='word_1_545' title='bbox 665 4408 952 4479; x_wconf 61' lang='lat' dir='ltr'><strong>accideret,</strong></span> <span class='ocrx_word' id='word_1_546' title='bbox 978 4415 1149 4478; x_wconf 87' lang='lat' dir='ltr'><strong>partis</strong></span> <span class='ocrx_word' id='word_1_547' title='bbox 1174 4406 1692 4479; x_wconf 45' lang='lat' dir='ltr'><strong>contento—tropaeis.</strong></span> <span class='ocrx_word' id='word_1_548' title='bbox 1722 4406 2033 4464; x_wconf 76' lang='lat' dir='ltr'><strong>intermina-</strong></span> 
     </span>
    </p>
   </div>
   <div class='ocr_carea' id='block_1_81' title="bbox 466 4476 2032 4550">
    <p class='ocr_par' dir='ltr' id='par_1_81' title="bbox 466 4476 2032 4550">
     <span class='ocr_line' id='line_1_81' title="bbox 466 4476 2032 4550; baseline 0.001 -22"><span class='ocrx_word' id='word_1_549' title='bbox 466 4486 579 4550; x_wconf 75' lang='lat' dir='ltr'><strong>tunt</strong></span> <span class='ocrx_word' id='word_1_550' title='bbox 609 4476 772 4550; x_wconf 73' lang='lat' dir='ltr'><strong>fuisse</strong></span> <span class='ocrx_word' id='word_1_551' title='bbox 809 4476 1072 4532; x_wconf 79' lang='lat' dir='ltr'><strong>Ursellum</strong></span> <span class='ocrx_word' id='word_1_552' title='bbox 1096 4484 1162 4534; x_wconf 75' lang='lat' dir='ltr'><strong>de</strong></span> <span class='ocrx_word' id='word_1_553' title='bbox 1191 4479 1411 4545; x_wconf 86' lang='lat' dir='ltr'><strong>Baillol,</strong></span> <span class='ocrx_word' id='word_1_554' title='bbox 1449 4497 1502 4535; x_wconf 83' lang='lat' dir='ltr'><strong>se</strong></span> <span class='ocrx_word' id='word_1_555' title='bbox 1543 4476 1811 4550; x_wconf 66' lang='lat' dir='ltr'><strong>nunquam</strong></span> <span class='ocrx_word' id='word_1_556' title='bbox 1841 4481 1916 4533; x_wconf 77' lang='lat' dir='ltr'><strong>uel</strong></span> <span class='ocrx_word' id='word_1_557' title='bbox 1958 4480 2032 4532; x_wconf 83' lang='lat' dir='ltr'><strong>ibi</strong></span> 
     </span>
    </p>
   </div>
   <div class='ocr_carea' id='block_1_82' title="bbox 464 4546 2079 4617">
    <p class='ocr_par' dir='ltr' id='par_1_82' title="bbox 464 4546 2079 4617">
     <span class='ocr_line' id='line_1_82' title="bbox 464 4546 2079 4617; baseline 0.001 -17"><span class='ocrx_word' id='word_1_558' title='bbox 464 4546 541 4617; x_wconf 74' lang='lat' dir='ltr'><strong>uel</strong></span> <span class='ocrx_word' id='word_1_559' title='bbox 581 4548 718 4601; x_wconf 73' lang='lat' dir='ltr'><strong>alia:</strong></span> <span class='ocrx_word' id='word_1_560' title='bbox 756 4550 858 4601; x_wconf 84' lang='lat' dir='ltr'><strong>sibi</strong></span> <span class='ocrx_word' id='word_1_561' title='bbox 888 4550 1146 4603; x_wconf 74' lang='lat' dir='ltr'><strong>auxilium</strong></span> <span class='ocrx_word' id='word_1_562' title='bbox 1181 4552 1447 4617; x_wconf 82' lang='lat' dir='ltr'><strong>laturum,</strong></span> <span class='ocrx_word' id='word_1_563' title='bbox 1479 4552 1586 4605; x_wconf 80' lang='lat' dir='ltr'><strong>nisi</strong></span> <span class='ocrx_word' id='word_1_564' title='bbox 1618 4546 1883 4605; x_wconf 75' lang='lat' dir='ltr'><strong>certamen</strong></span> <span class='ocrx_word' id='word_1_565' title='bbox 1912 4565 2031 4602; x_wconf 85' lang='lat' dir='ltr'><strong>cum</strong></span> <span class='ocrx_word' id='word_1_566' title='bbox 2076 4570 2079 4575; x_wconf 45' lang='grc' dir='ltr'><em>κ</em></span> 
     </span>
    </p>
   </div>
   <div class='ocr_carea' id='block_1_83' title="bbox 2128 3358 3700 3416">
    <p class='ocr_par' dir='ltr' id='par_1_83' title="bbox 2128 3358 3700 3416">
     <span class='ocr_line' id='line_1_83' title="bbox 2128 3358 3700 3416; baseline -0.001 0"><span class='ocrx_word' id='word_1_567' title='bbox 2128 3376 2250 3416; x_wconf 84' lang='lat' dir='ltr'><strong>Cum</strong></span> <span class='ocrx_word' id='word_1_568' title='bbox 2281 3361 2594 3416; x_wconf 83' lang='lat' dir='ltr'><strong>Andronico</strong></span> <span class='ocrx_word' id='word_1_569' title='bbox 2625 3360 2754 3414; x_wconf 80' lang='lat' dir='ltr'><strong>lilio.</strong></span> <span class='ocrx_word' id='word_1_570' title='bbox 2786 3358 3221 3414; x_wconf 84' lang='lat' dir='ltr'><strong>Transettntibus</strong></span> <span class='ocrx_word' id='word_1_571' title='bbox 3252 3359 3457 3412; x_wconf 88' lang='lat' dir='ltr'><strong>interea</strong></span> <span class='ocrx_word' id='word_1_572' title='bbox 3487 3359 3538 3412; x_wconf 91' lang='lat' dir='ltr'><strong>in</strong></span> <span class='ocrx_word' id='word_1_573' title='bbox 3567 3374 3700 3415; x_wconf 82' lang='lat' dir='ltr'><strong>suas</strong></span> 
     </span>
    </p>
   </div>
   <div class='ocr_carea' id='block_1_84' title="bbox 2127 3428 3701 3499">
    <p class='ocr_par' dir='ltr' id='par_1_84' title="bbox 2127 3428 3701 3499">
     <span class='ocr_line' id='line_1_84' title="bbox 2127 3428 3701 3499; baseline -0.001 -15"><span class='ocrx_word' id='word_1_574' title='bbox 2127 3440 2309 3499; x_wconf 86' lang='lat' dir='ltr'><strong>partes</strong></span> <span class='ocrx_word' id='word_1_575' title='bbox 2334 3430 2560 3485; x_wconf 85' lang='lat' dir='ltr'><strong>Francis</strong></span> <span class='ocrx_word' id='word_1_576' title='bbox 2596 3430 2719 3484; x_wconf 89' lang='lat' dir='ltr'><strong>aliis</strong></span> <span class='ocrx_word' id='word_1_577' title='bbox 2750 3429 2843 3498; x_wconf 91' lang='lat' dir='ltr'><strong>qui</strong></span> <span class='ocrx_word' id='word_1_578' title='bbox 2891 3428 3089 3484; x_wconf 67' lang='lat' dir='ltr'><strong>Caesari</strong></span> <span class='ocrx_word' id='word_1_579' title='bbox 3138 3428 3701 3499; x_wconf 76' lang='lat' dir='ltr'><strong>militabant,_potcn-</strong></span> 
     </span>
    </p>
   </div>
   <div class='ocr_carea' id='block_1_85' title="bbox 2128 3497 3699 3571">
    <p class='ocr_par' dir='ltr' id='par_1_85' title="bbox 2128 3497 3699 3571">
     <span class='ocr_line' id='line_1_85' title="bbox 2128 3497 3699 3571; baseline 0.001 -17"><span class='ocrx_word' id='word_1_580' title='bbox 2128 3497 2235 3555; x_wconf 85' lang='lat' dir='ltr'><strong>tior</strong></span> <span class='ocrx_word' id='word_1_581' title='bbox 2264 3500 2439 3556; x_wconf 91' lang='lat' dir='ltr'><strong>factus</strong></span> <span class='ocrx_word' id='word_1_582' title='bbox 2462 3511 2722 3571; x_wconf 83' lang='lat' dir='ltr'><strong>partaque</strong></span> <span class='ocrx_word' id='word_1_583' title='bbox 2752 3497 2941 3571; x_wconf 82' lang='lat' dir='ltr'><strong>recens</strong></span> <span class='ocrx_word' id='word_1_584' title='bbox 2967 3499 3144 3571; x_wconf 81' lang='lat' dir='ltr'><strong>elatus</strong></span> <span class='ocrx_word' id='word_1_585' title='bbox 3168 3498 3415 3571; x_wconf 78' lang='lat' dir='ltr'><strong>victoria,</strong></span> <span class='ocrx_word' id='word_1_586' title='bbox 3442 3497 3699 3555; x_wconf 82' lang='lat' dir='ltr'><strong>circumit</strong></span> 
     </span>
    </p>
   </div>
   <div class='ocr_carea' id='block_1_86' title="bbox 2129 3568 3701 3640">
    <p class='ocr_par' dir='ltr' id='par_1_86' title="bbox 2129 3568 3701 3640">
     <span class='ocr_line' id='line_1_86' title="bbox 2129 3568 3701 3640; baseline -0.002 -17"><span class='ocrx_word' id='word_1_587' title='bbox 2129 3571 2338 3626; x_wconf 87' lang='lat' dir='ltr'><strong>vicinas</strong></span> <span class='ocrx_word' id='word_1_588' title='bbox 2369 3568 2634 3640; x_wconf 83' lang='lat' dir='ltr'><strong>Sangario</strong></span> <span class='ocrx_word' id='word_1_589' title='bbox 2662 3568 3200 3640; x_wconf 9' lang='lat' dir='ltr'><strong>civitates,rrsibique</strong></span> <span class='ocrx_word' id='word_1_590' title='bbox 3229 3568 3442 3640; x_wconf 80' lang='lat' dir='ltr'><strong>subigit</strong></span> <span class='ocrx_word' id='word_1_591' title='bbox 3476 3572 3701 3640; x_wconf 82' lang='lat' dir='ltr'><strong>univer-</strong></span> 
     </span>
    </p>
   </div>
   <div class='ocr_carea' id='block_1_87' title="bbox 2130 3639 3694 3710">
    <p class='ocr_par' dir='ltr' id='par_1_87' title="bbox 2130 3639 3694 3710">
     <span class='ocr_line' id='line_1_87' title="bbox 2130 3639 3694 3710; baseline -0.002 -16"><span class='ocrx_word' id='word_1_592' title='bbox 2130 3654 2243 3696; x_wconf 90' lang='lat' dir='ltr'><strong>sas.</strong></span> <span class='ocrx_word' id='word_1_593' title='bbox 2275 3645 2343 3695; x_wconf 81' lang='lat' dir='ltr'><strong>At</strong></span> <span class='ocrx_word' id='word_1_594' title='bbox 2375 3639 2692 3710; x_wconf 72' lang='lat' dir='ltr'><strong>imperator,</strong></span> <span class='ocrx_word' id='word_1_595' title='bbox 2737 3640 2841 3710; x_wconf 75' lang='lat' dir='ltr'><strong>cui</strong></span> <span class='ocrx_word' id='word_1_596' title='bbox 2866 3639 3011 3710; x_wconf 88' lang='lat' dir='ltr'><strong>nulla</strong></span> <span class='ocrx_word' id='word_1_597' title='bbox 3040 3641 3119 3710; x_wconf 77' lang='lat' dir='ltr'><strong>in</strong></span> <span class='ocrx_word' id='word_1_598' title='bbox 3153 3639 3480 3710; x_wconf 64' lang='lat' dir='ltr'><strong>Graecanicis</strong></span> <span class='ocrx_word' id='word_1_599' title='bbox 3521 3639 3694 3707; x_wconf 74' lang='lat' dir='ltr'><strong>copiis</strong></span> 
     </span>
    </p>
   </div>
   <div class='ocr_carea' id='block_1_88' title="bbox 2131 3707 3699 3773">
    <p class='ocr_par' dir='ltr' id='par_1_88' title="bbox 2131 3707 3699 3773">
     <span class='ocr_line' id='line_1_88' title="bbox 2131 3707 3699 3773; baseline -0.003 -9"><span class='ocrx_word' id='word_1_600' title='bbox 2131 3710 2325 3765; x_wconf 85' lang='lat' dir='ltr'><strong>fiducia</strong></span> <span class='ocrx_word' id='word_1_601' title='bbox 2359 3707 2499 3773; x_wconf 79' lang='lat' dir='ltr'><strong>erat,</strong></span> <span class='ocrx_word' id='word_1_602' title='bbox 2543 3708 2754 3765; x_wconf 85' lang='lat' dir='ltr'><strong>ancos</strong></span> <span class='ocrx_word' id='word_1_603' title='bbox 2778 3708 2845 3762; x_wconf 89' lang='lat' dir='ltr'><strong>ad</strong></span> <span class='ocrx_word' id='word_1_604' title='bbox 2886 3708 3088 3764; x_wconf 90' lang='lat' dir='ltr'><strong>sociale</strong></span> <span class='ocrx_word' id='word_1_605' title='bbox 3121 3709 3297 3763; x_wconf 71' lang='lat' dir='ltr'><strong>foedus</strong></span> <span class='ocrx_word' id='word_1_606' title='bbox 3330 3707 3589 3762; x_wconf 83' lang='lat' dir='ltr'><strong>invitatos</strong></span> <span class='ocrx_word' id='word_1_607' title='bbox 3630 3709 3699 3762; x_wconf 84' lang='lat' dir='ltr'><strong>ad</strong></span> 
     </span>
    </p>
   </div>
   <div class='ocr_carea' id='block_1_89' title="bbox 2129 3777 3702 3846">
    <p class='ocr_par' dir='ltr' id='par_1_89' title="bbox 2129 3777 3702 3846">
     <span class='ocr_line' id='line_1_89' title="bbox 2129 3777 3702 3846; baseline -0.001 -11"><span class='ocrx_word' id='word_1_608' title='bbox 2129 3780 2326 3835; x_wconf 91' lang='lat' dir='ltr'><strong>bellum</strong></span> <span class='ocrx_word' id='word_1_609' title='bbox 2391 3792 2584 3836; x_wconf 89' lang='lat' dir='ltr'><strong>contra</strong></span> <span class='ocrx_word' id='word_1_610' title='bbox 2646 3778 2918 3836; x_wconf 88' lang='lat' dir='ltr'><strong>Ursellum</strong></span> <span class='ocrx_word' id='word_1_611' title='bbox 2984 3777 3702 3846; x_wconf 21' lang='lat' dir='ltr'><strong>suscipiendumﬁsollicitat</strong></span> 
     </span>
    </p>
   </div>
   <div class='ocr_carea' id='block_1_90' title="bbox 2129 3845 3699 3920">
    <p class='ocr_par' dir='ltr' id='par_1_90' title="bbox 2129 3845 3699 3920">
     <span class='ocr_line' id='line_1_90' title="bbox 2129 3845 3699 3920; baseline -0.002 -15"><span class='ocrx_word' id='word_1_612' title='bbox 2129 3850 2547 3920; x_wconf 85' lang='lat' dir='ltr'><strong>persuadetque.</strong></span> <span class='ocrx_word' id='word_1_613' title='bbox 2575 3849 2823 3920; x_wconf 76' lang='lat' dir='ltr'><strong>Ursellus</strong></span> <span class='ocrx_word' id='word_1_614' title='bbox 2863 3863 2987 3904; x_wconf 90' lang='lat' dir='ltr'><strong>cum</strong></span> <span class='ocrx_word' id='word_1_615' title='bbox 3015 3864 3075 3904; x_wconf 89' lang='lat' dir='ltr'><strong>se</strong></span> <span class='ocrx_word' id='word_1_616' title='bbox 3101 3845 3362 3920; x_wconf 77' lang='lat' dir='ltr'><strong>imparem</strong></span> <span class='ocrx_word' id='word_1_617' title='bbox 3394 3845 3699 3903; x_wconf 83' lang='lat' dir='ltr'><strong>Turcorunt</strong></span> 
     </span>
    </p>
   </div>
   <div class='ocr_carea' id='block_1_91' title="bbox 2132 3917 3701 3989">
    <p class='ocr_par' dir='ltr' id='par_1_91' title="bbox 2132 3917 3701 3989">
     <span class='ocr_line' id='line_1_91' title="bbox 2132 3917 3701 3989; baseline -0.001 -16"><span class='ocrx_word' id='word_1_618' title='bbox 2132 3917 2340 3976; x_wconf 80' lang='lat' dir='ltr'><strong>viribus</strong></span> <span class='ocrx_word' id='word_1_619' title='bbox 2367 3917 2634 3985; x_wconf 84' lang='lat' dir='ltr'><strong>cerneret,</strong></span> <span class='ocrx_word' id='word_1_620' title='bbox 2669 3919 2959 3981; x_wconf 78' lang='lat' dir='ltr'><strong>Caesarem.</strong></span> <span class='ocrx_word' id='word_1_621' title='bbox 2989 3933 3152 3989; x_wconf 85' lang='lat' dir='ltr'><strong>quem</strong></span> <span class='ocrx_word' id='word_1_622' title='bbox 3183 3917 3423 3971; x_wconf 86' lang='lat' dir='ltr'><strong>vinctum</strong></span> <span class='ocrx_word' id='word_1_623' title='bbox 3449 3920 3701 3989; x_wconf 63' lang='lat' dir='ltr'><strong>tenebat,</strong></span> 
     </span>
    </p>
   </div>
   <div class='ocr_carea' id='block_1_92' title="bbox 2130 3987 3703 4058">
    <p class='ocr_par' dir='ltr' id='par_1_92' title="bbox 2130 3987 3703 4058">
     <span class='ocr_line' id='line_1_92' title="bbox 2130 3987 3703 4058; baseline -0.003 -13"><span class='ocrx_word' id='word_1_624' title='bbox 2130 3988 2388 4045; x_wconf 84' lang='lat' dir='ltr'><strong>eductum</strong></span> <span class='ocrx_word' id='word_1_625' title='bbox 2413 3990 2479 4045; x_wconf 87' lang='lat' dir='ltr'><strong>de</strong></span> <span class='ocrx_word' id='word_1_626' title='bbox 2507 4005 2728 4045; x_wconf 86' lang='lat' dir='ltr'><strong>carcere</strong></span> <span class='ocrx_word' id='word_1_627' title='bbox 2753 3990 2986 4058; x_wconf 88' lang='lat' dir='ltr'><strong>appellat</strong></span> <span class='ocrx_word' id='word_1_628' title='bbox 3011 3987 3417 4058; x_wconf 82' lang='lat' dir='ltr'><strong>imperatorem,</strong></span> <span class='ocrx_word' id='word_1_629' title='bbox 3448 3987 3703 4058; x_wconf 74' lang='lat' dir='ltr'><strong>Byzanti-</strong></span> 
     </span>
    </p>
   </div>
   <div class='ocr_carea' id='block_1_93' title="bbox 2132 4056 3702 4129">
    <p class='ocr_par' dir='ltr' id='par_1_93' title="bbox 2132 4056 3702 4129">
     <span class='ocr_line' id='line_1_93' title="bbox 2132 4056 3702 4129; baseline -0.003 -15"><span class='ocrx_word' id='word_1_630' title='bbox 2132 4074 2325 4114; x_wconf 90' lang='lat' dir='ltr'><strong>norum</strong></span> <span class='ocrx_word' id='word_1_631' title='bbox 2362 4074 2645 4129; x_wconf 89' lang='lat' dir='ltr'><strong>procerum</strong></span> <span class='ocrx_word' id='word_1_632' title='bbox 2678 4056 3103 4113; x_wconf 82' lang='lat' dir='ltr'><strong>benevolentiam</strong></span> <span class='ocrx_word' id='word_1_633' title='bbox 3138 4057 3238 4129; x_wconf 75' lang='lat' dir='ltr'><strong>hoc</strong></span> <span class='ocrx_word' id='word_1_634' title='bbox 3274 4057 3414 4129; x_wconf 88' lang='lat' dir='ltr'><strong>facto</strong></span> <span class='ocrx_word' id='word_1_635' title='bbox 3441 4056 3702 4129; x_wconf 54' lang='lat' dir='ltr'><strong>concilia.</strong></span> 
     </span>
    </p>
   </div>
   <div class='ocr_carea' id='block_1_94' title="bbox 2133 4126 3698 4197">
    <p class='ocr_par' dir='ltr' id='par_1_94' title="bbox 2133 4126 3698 4197">
     <span class='ocr_line' id='line_1_94' title="bbox 2133 4126 3698 4197; baseline -0.002 -15"><span class='ocrx_word' id='word_1_636' title='bbox 2133 4137 2315 4184; x_wconf 90' lang='lat' dir='ltr'><strong>turum</strong></span> <span class='ocrx_word' id='word_1_637' title='bbox 2355 4126 2413 4184; x_wconf 84' lang='lat' dir='ltr'><strong>se</strong></span> <span class='ocrx_word' id='word_1_638' title='bbox 2440 4129 2682 4197; x_wconf 90' lang='lat' dir='ltr'><strong>partibus</strong></span> <span class='ocrx_word' id='word_1_639' title='bbox 2709 4129 2824 4184; x_wconf 86' lang='lat' dir='ltr'><strong>suis</strong></span> <span class='ocrx_word' id='word_1_640' title='bbox 2854 4142 3103 4197; x_wconf 82' lang='lat' dir='ltr'><strong>sperans.</strong></span> <span class='ocrx_word' id='word_1_641' title='bbox 3143 4127 3452 4181; x_wconf 81' lang='lat' dir='ltr'><strong>Commisso</strong></span> <span class='ocrx_word' id='word_1_642' title='bbox 3482 4126 3698 4180; x_wconf 87' lang='lat' dir='ltr'><strong>interim</strong></span> 
     </span>
    </p>
   </div>
   <div class='ocr_carea' id='block_1_95' title="bbox 2131 4197 3705 4268">
    <p class='ocr_par' dir='ltr' id='par_1_95' title="bbox 2131 4197 3705 4268">
     <span class='ocr_line' id='line_1_95' title="bbox 2131 4197 3705 4268; baseline -0.003 -14"><span class='ocrx_word' id='word_1_643' title='bbox 2131 4214 2256 4254; x_wconf 91' lang='lat' dir='ltr'><strong>cum</strong></span> <span class='ocrx_word' id='word_1_644' title='bbox 2290 4199 2485 4254; x_wconf 89' lang='lat' dir='ltr'><strong>Turcis</strong></span> <span class='ocrx_word' id='word_1_645' title='bbox 2519 4199 2726 4268; x_wconf 64' lang='lat' dir='ltr'><strong>praalio,</strong></span> <span class='ocrx_word' id='word_1_646' title='bbox 2761 4197 3002 4254; x_wconf 83' lang='lat' dir='ltr'><strong>Urselius</strong></span> <span class='ocrx_word' id='word_1_647' title='bbox 3030 4205 3085 4253; x_wconf 91' lang='lat' dir='ltr'><strong>et</strong></span> <span class='ocrx_word' id='word_1_648' title='bbox 3109 4197 3310 4261; x_wconf 66' lang='lat' dir='ltr'><strong>Caesar,</strong></span> <span class='ocrx_word' id='word_1_649' title='bbox 3337 4197 3513 4268; x_wconf 84' lang='lat' dir='ltr'><strong>deleto</strong></span> <span class='ocrx_word' id='word_1_650' title='bbox 3545 4211 3705 4250; x_wconf 81' lang='lat' dir='ltr'><strong>excr-</strong></span> 
     </span>
    </p>
   </div>
   <div class='ocr_carea' id='block_1_96' title="bbox 2131 4266 3701 4332">
    <p class='ocr_par' dir='ltr' id='par_1_96' title="bbox 2131 4266 3701 4332">
     <span class='ocr_line' id='line_1_96' title="bbox 2131 4266 3701 4332; baseline -0.003 -9"><span class='ocrx_word' id='word_1_651' title='bbox 2131 4269 2263 4332; x_wconf 88' lang='lat' dir='ltr'><strong>citu,</strong></span> <span class='ocrx_word' id='word_1_652' title='bbox 2306 4284 2413 4323; x_wconf 91' lang='lat' dir='ltr'><strong>non</strong></span> <span class='ocrx_word' id='word_1_653' title='bbox 2454 4266 2735 4323; x_wconf 80' lang='lat' dir='ltr'><strong>incruenta</strong></span> <span class='ocrx_word' id='word_1_654' title='bbox 2780 4278 2957 4323; x_wconf 89' lang='lat' dir='ltr'><strong>tamen</strong></span> <span class='ocrx_word' id='word_1_655' title='bbox 3008 4268 3252 4323; x_wconf 90' lang='lat' dir='ltr'><strong>hostibus</strong></span> <span class='ocrx_word' id='word_1_656' title='bbox 3303 4266 3551 4328; x_wconf 87' lang='lat' dir='ltr'><strong>victoria,</strong></span> <span class='ocrx_word' id='word_1_657' title='bbox 3605 4281 3701 4319; x_wconf 79' lang='lat' dir='ltr'><strong>ca.-</strong></span> 
     </span>
    </p>
   </div>
   <div class='ocr_carea' id='block_1_97' title="bbox 2133 4337 3702 4407">
    <p class='ocr_par' dir='ltr' id='par_1_97' title="bbox 2133 4337 3702 4407">
     <span class='ocr_line' id='line_1_97' title="bbox 2133 4337 3702 4407; baseline -0.001 -18"><span class='ocrx_word' id='word_1_658' title='bbox 2133 4338 2375 4407; x_wconf 88' lang='lat' dir='ltr'><strong>piuntur.</strong></span> <span class='ocrx_word' id='word_1_659' title='bbox 2429 4338 2535 4394; x_wconf 88' lang='lat' dir='ltr'><strong>Sed</strong></span> <span class='ocrx_word' id='word_1_660' title='bbox 2583 4337 2850 4407; x_wconf 83' lang='lat' dir='ltr'><strong>Urselius,</strong></span> <span class='ocrx_word' id='word_1_661' title='bbox 2897 4338 3139 4407; x_wconf 88' lang='lat' dir='ltr'><strong>depenso</strong></span> <span class='ocrx_word' id='word_1_662' title='bbox 3186 4337 3370 4391; x_wconf 89' lang='lat' dir='ltr'><strong>statim</strong></span> <span class='ocrx_word' id='word_1_663' title='bbox 3410 4337 3478 4407; x_wconf 88' lang='lat' dir='ltr'><strong>ab</strong></span> <span class='ocrx_word' id='word_1_664' title='bbox 3529 4351 3702 4389; x_wconf 79' lang='lat' dir='ltr'><strong>uxore</strong></span> 
     </span>
    </p>
   </div>
   <div class='ocr_carea' id='block_1_98' title="bbox 2134 4406 3704 4479">
    <p class='ocr_par' dir='ltr' id='par_1_98' title="bbox 2134 4406 3704 4479">
     <span class='ocr_line' id='line_1_98' title="bbox 2134 4406 3704 4479; baseline -0.002 -17"><span class='ocrx_word' id='word_1_665' title='bbox 2134 4406 2521 4479; x_wconf 75' lang='lat' dir='ltr'><strong>redemptionis</strong></span> <span class='ocrx_word' id='word_1_666' title='bbox 2555 4409 2746 4477; x_wconf 89' lang='lat' dir='ltr'><strong>pretio,</strong></span> <span class='ocrx_word' id='word_1_667' title='bbox 2787 4406 3015 4479; x_wconf 71' lang='lat' dir='ltr'><strong>libertati</strong></span> <span class='ocrx_word' id='word_1_668' title='bbox 3050 4406 3704 4479; x_wconf 69' lang='lat' dir='ltr'><strong>redditusproﬁciscitur</strong></span> 
     </span>
    </p>
   </div>
   <div class='ocr_carea' id='block_1_99' title="bbox 2134 4475 3706 4545">
    <p class='ocr_par' dir='ltr' id='par_1_99' title="bbox 2134 4475 3706 4545">
     <span class='ocr_line' id='line_1_99' title="bbox 2134 4475 3706 4545; baseline 0 -15"><span class='ocrx_word' id='word_1_669' title='bbox 2134 4477 2188 4530; x_wconf 89' lang='lat' dir='ltr'><strong>in</strong></span> <span class='ocrx_word' id='word_1_670' title='bbox 2219 4475 2531 4533; x_wconf 81' lang='lat' dir='ltr'><strong>Armeniam</strong></span> <span class='ocrx_word' id='word_1_671' title='bbox 2561 4475 2621 4533; x_wconf 88' lang='lat' dir='ltr'><strong>et</strong></span> <span class='ocrx_word' id='word_1_672' title='bbox 2661 4493 2854 4532; x_wconf 89' lang='lat' dir='ltr'><strong>versus</strong></span> <span class='ocrx_word' id='word_1_673' title='bbox 2890 4476 3122 4532; x_wconf 89' lang='lat' dir='ltr'><strong>Pontum</strong></span> <span class='ocrx_word' id='word_1_674' title='bbox 3153 4493 3168 4528; x_wconf 87' lang='lat'><strong>:</strong></span> <span class='ocrx_word' id='word_1_675' title='bbox 3202 4475 3462 4545; x_wconf 86' lang='lat' dir='ltr'><strong>novisque</strong></span> <span class='ocrx_word' id='word_1_676' title='bbox 3494 4476 3706 4530; x_wconf 78' lang='lat' dir='ltr'><strong>coactis</strong></span> 
     </span>
    </p>
   </div>
   <div class='ocr_carea' id='block_1_100' title="bbox 2134 4545 3701 4618">
    <p class='ocr_par' dir='ltr' id='par_1_100' title="bbox 2134 4545 3701 4618">
     <span class='ocr_line' id='line_1_100' title="bbox 2134 4545 3701 4618; baseline -0.004 -15"><span class='ocrx_word' id='word_1_677' title='bbox 2134 4550 2308 4618; x_wconf 87' lang='lat' dir='ltr'><strong>copiis</strong></span> <span class='ocrx_word' id='word_1_678' title='bbox 2336 4549 2535 4618; x_wconf 86' lang='lat' dir='ltr'><strong>bellum</strong></span> <span class='ocrx_word' id='word_1_679' title='bbox 2565 4563 2758 4603; x_wconf 83' lang='lat' dir='ltr'><strong>rursus</strong></span> <span class='ocrx_word' id='word_1_680' title='bbox 2787 4548 3076 4612; x_wconf 88' lang='lat' dir='ltr'><strong>instaurat,</strong></span> <span class='ocrx_word' id='word_1_681' title='bbox 3119 4561 3280 4618; x_wconf 65' lang='lat' dir='ltr'><strong>arces</strong></span> <span class='ocrx_word' id='word_1_682' title='bbox 3311 4545 3570 4614; x_wconf 79' lang='lat' dir='ltr'><strong>quasdam</strong></span> <span class='ocrx_word' id='word_1_683' title='bbox 3602 4559 3701 4597; x_wconf 87' lang='lat' dir='ltr'><strong>0e-</strong></span> 
     </span>
    </p>
   </div>
   <div class='ocr_carea' id='block_1_101' title="bbox 466 4616 3701 4686">
    <p class='ocr_par' dir='ltr' id='par_1_101' title="bbox 466 4616 3701 4686">
     <span class='ocr_line' id='line_1_101' title="bbox 466 4616 3701 4686; baseline -0.001 -17"><span class='ocrx_word' id='word_1_684' title='bbox 466 4616 699 4686; x_wconf 69' lang='lat' dir='ltr'><strong>(zostibus</strong></span> <span class='ocrx_word' id='word_1_685' title='bbox 747 4618 922 4673; x_wconf 83' lang='lat' dir='ltr'><strong>iniret.</strong></span> <span class='ocrx_word' id='word_1_686' title='bbox 960 4621 1075 4685; x_wconf 82' lang='lat' dir='ltr'><strong>Qua</strong></span> <span class='ocrx_word' id='word_1_687' title='bbox 1125 4621 1301 4676; x_wconf 82' lang='lat' dir='ltr'><strong>valida</strong></span> <span class='ocrx_word' id='word_1_688' title='bbox 1351 4616 1606 4677; x_wconf 78' lang='lat' dir='ltr'><strong>inCensus</strong></span> <span class='ocrx_word' id='word_1_689' title='bbox 1650 4620 2028 4675; x_wconf 85' lang='lat' dir='ltr'><strong>adhortatione</strong></span> <span class='ocrx_word' id='word_1_690' title='bbox 2062 4623 2102 4678; x_wconf 82' lang='grc' dir='ltr'><strong>υ</strong></span> <span class='ocrx_word' id='word_1_691' title='bbox 2134 4616 2318 4686; x_wconf 85' lang='lat' dir='ltr'><strong>cnpat,</strong></span> <span class='ocrx_word' id='word_1_692' title='bbox 2341 4617 2486 4672; x_wconf 89' lang='lat' dir='ltr'><strong>unde</strong></span> <span class='ocrx_word' id='word_1_693' title='bbox 2509 4618 2749 4672; x_wconf 88' lang='lat' dir='ltr'><strong>incursat</strong></span> <span class='ocrx_word' id='word_1_694' title='bbox 2774 4618 3006 4686; x_wconf 70' lang='lat' dir='ltr'><strong>Amasia:</strong></span> <span class='ocrx_word' id='word_1_695' title='bbox 3030 4630 3083 4670; x_wconf 89' lang='lat' dir='ltr'><strong>et</strong></span> <span class='ocrx_word' id='word_1_696' title='bbox 3115 4616 3479 4686; x_wconf 76' lang='lat' dir='ltr'><strong>Neoctesarea:</strong></span> <span class='ocrx_word' id='word_1_697' title='bbox 3515 4630 3701 4684; x_wconf 86' lang='lat' dir='ltr'><strong>agros.</strong></span> 
     </span>
    </p>
   </div>
   <div class='ocr_carea' id='block_1_102' title="bbox 467 4685 2031 4757">
    <p class='ocr_par' dir='ltr' id='par_1_102' title="bbox 467 4685 2031 4757">
     <span class='ocr_line' id='line_1_102' title="bbox 467 4685 2031 4757; baseline 0.001 -18"><span class='ocrx_word' id='word_1_698' title='bbox 467 4685 749 4757; x_wconf 63' lang='lat' dir='ltr'><strong>llogcrius,</strong></span> <span class='ocrx_word' id='word_1_699' title='bbox 797 4690 1038 4743; x_wconf 86' lang='lat' dir='ltr'><strong>animum</strong></span> <span class='ocrx_word' id='word_1_700' title='bbox 1071 4705 1355 4752; x_wconf 84' lang='lat' dir='ltr'><strong>revocans,</strong></span> <span class='ocrx_word' id='word_1_701' title='bbox 1390 4707 1511 4745; x_wconf 87' lang='lat' dir='ltr'><strong>cum</strong></span> <span class='ocrx_word' id='word_1_702' title='bbox 1564 4689 1789 4745; x_wconf 88' lang='lat' dir='ltr'><strong>Serlone</strong></span> <span class='ocrx_word' id='word_1_703' title='bbox 1834 4697 2031 4757; x_wconf 90' lang='lat' dir='ltr'><strong>nepote</strong></span> 
     </span>
    </p>
   </div>
   <div class='ocr_carea' id='block_1_103' title="bbox 471 4754 2032 4828">
    <p class='ocr_par' dir='ltr' id='par_1_103' title="bbox 471 4754 2032 4828">
     <span class='ocr_line' id='line_1_103' title="bbox 471 4754 2032 4828; baseline 0.002 -20"><span class='ocrx_word' id='word_1_704' title='bbox 471 4754 787 4828; x_wconf 74' lang='lat' dir='ltr'><strong>lli-selloque</strong></span> <span class='ocrx_word' id='word_1_705' title='bbox 811 4767 862 4811; x_wconf 91' lang='lat' dir='ltr'><strong>et</strong></span> <span class='ocrx_word' id='word_1_706' title='bbox 888 4758 1142 4828; x_wconf 84' lang='lat' dir='ltr'><strong>Arisgoto</strong></span> <span class='ocrx_word' id='word_1_707' title='bbox 1170 4762 1236 4813; x_wconf 91' lang='lat' dir='ltr'><strong>de</strong></span> <span class='ocrx_word' id='word_1_708' title='bbox 1260 4761 1499 4816; x_wconf 87' lang='lat' dir='ltr'><strong>Puteolis</strong></span> <span class='ocrx_word' id='word_1_709' title='bbox 1528 4760 1581 4813; x_wconf 90' lang='lat' dir='ltr'><strong>in</strong></span> <span class='ocrx_word' id='word_1_710' title='bbox 1607 4762 1791 4815; x_wconf 85' lang='lat' dir='ltr'><strong>hostes</strong></span> <span class='ocrx_word' id='word_1_711' title='bbox 1822 4754 2032 4813; x_wconf 80' lang='lat' dir='ltr'><strong>fortiter</strong></span> 
     </span>
    </p>
   </div>
   <div class='ocr_carea' id='block_1_104' title="bbox 466 4824 2029 4899">
    <p class='ocr_par' dir='ltr' id='par_1_104' title="bbox 466 4824 2029 4899">
     <span class='ocr_line' id='line_1_104' title="bbox 466 4824 2029 4899; baseline 0.001 -20"><span class='ocrx_word' id='word_1_712' title='bbox 466 4824 756 4899; x_wconf 81' lang='lat' dir='ltr'><strong>invehitur.</strong></span> <span class='ocrx_word' id='word_1_713' title='bbox 788 4828 855 4880; x_wconf 85' lang='lat' dir='ltr'><strong>At</strong></span> <span class='ocrx_word' id='word_1_714' title='bbox 889 4824 1133 4883; x_wconf 74' lang='lat' dir='ltr'><strong>Urselius</strong></span> <span class='ocrx_word' id='word_1_715' title='bbox 1159 4844 1283 4885; x_wconf 92' lang='lat' dir='ltr'><strong>cum</strong></span> <span class='ocrx_word' id='word_1_716' title='bbox 1314 4845 1445 4886; x_wconf 91' lang='lat' dir='ltr'><strong>suos</strong></span> <span class='ocrx_word' id='word_1_717' title='bbox 1477 4845 1586 4899; x_wconf 76' lang='lat' dir='ltr'><strong>pra:</strong></span> <span class='ocrx_word' id='word_1_718' title='bbox 1616 4828 1781 4882; x_wconf 90' lang='lat' dir='ltr'><strong>nimia</strong></span> <span class='ocrx_word' id='word_1_719' title='bbox 1812 4828 2029 4881; x_wconf 90' lang='lat' dir='ltr'><strong>illorum</strong></span> 
     </span>
    </p>
   </div>
   <div class='ocr_carea' id='block_1_105' title="bbox 467 4896 2031 4955">
    <p class='ocr_par' dir='ltr' id='par_1_105' title="bbox 467 4896 2031 4955">
     <span class='ocr_line' id='line_1_105' title="bbox 467 4896 2031 4955; baseline 0.002 -7"><span class='ocrx_word' id='word_1_720' title='bbox 467 4896 814 4951; x_wconf 90' lang='lat' dir='ltr'><strong>multitudine</strong></span> <span class='ocrx_word' id='word_1_721' title='bbox 868 4899 1279 4955; x_wconf 88' lang='lat' dir='ltr'><strong>cnnctabundos</strong></span> <span class='ocrx_word' id='word_1_722' title='bbox 1341 4910 1394 4955; x_wconf 87' lang='lat' dir='ltr'><strong>et</strong></span> <span class='ocrx_word' id='word_1_723' title='bbox 1467 4896 1627 4954; x_wconf 75' lang='lat' dir='ltr'><strong>solito</strong></span> <span class='ocrx_word' id='word_1_724' title='bbox 1687 4898 2031 4951; x_wconf 87' lang='lat' dir='ltr'><strong>remissiores</strong></span> 
     </span>
    </p>
   </div>
   <div class='ocr_carea' id='block_1_106' title="bbox 466 4967 2026 5029">
    <p class='ocr_par' dir='ltr' id='par_1_106' title="bbox 466 4967 2026 5029">
     <span class='ocr_line' id='line_1_106' title="bbox 466 4967 2026 5029; baseline 0 -10"><span class='ocrx_word' id='word_1_725' title='bbox 466 4975 734 5029; x_wconf 81' lang='lat' dir='ltr'><strong>cerneret,</strong></span> <span class='ocrx_word' id='word_1_726' title='bbox 766 4967 880 5021; x_wconf 90' lang='lat' dir='ltr'><strong>acri</strong></span> <span class='ocrx_word' id='word_1_727' title='bbox 915 4977 971 5022; x_wconf 87' lang='lat' dir='ltr'><strong>et</strong></span> <span class='ocrx_word' id='word_1_728' title='bbox 1004 4971 1180 5023; x_wconf 86' lang='lat' dir='ltr'><strong>vivida</strong></span> <span class='ocrx_word' id='word_1_729' title='bbox 1216 4970 1519 5023; x_wconf 82' lang='lat' dir='ltr'><strong>inﬂammat</strong></span> <span class='ocrx_word' id='word_1_730' title='bbox 1556 4969 1803 5023; x_wconf 75' lang='lat' dir='ltr'><strong>oratiune</strong></span> <span class='ocrx_word' id='word_1_731' title='bbox 1831 4983 2026 5022; x_wconf 79' lang='lat' dir='ltr'><strong>accen-</strong></span> 
     </span>
    </p>
   </div>
   <div class='ocr_carea' id='block_1_107' title="bbox 467 5035 2030 5109">
    <p class='ocr_par' dir='ltr' id='par_1_107' title="bbox 467 5035 2030 5109">
     <span class='ocr_line' id='line_1_107' title="bbox 467 5035 2030 5109; baseline 0.001 -20"><span class='ocrx_word' id='word_1_732' title='bbox 467 5035 690 5109; x_wconf 48' lang='lat' dir='ltr'><strong>diique,</strong></span> <span class='ocrx_word' id='word_1_733' title='bbox 700 5046 759 5109; x_wconf 84' lang='lat' dir='ltr'><strong>et</strong></span> <span class='ocrx_word' id='word_1_734' title='bbox 791 5039 1084 5109; x_wconf 75' lang='lat' dir='ltr'><strong>commisso</strong></span> <span class='ocrx_word' id='word_1_735' title='bbox 1115 5042 1300 5109; x_wconf 71' lang='lat' dir='ltr'><strong>praelio</strong></span> <span class='ocrx_word' id='word_1_736' title='bbox 1324 5039 1625 5109; x_wconf 78' lang='lat' dir='ltr'><strong>Saracenos</strong></span> <span class='ocrx_word' id='word_1_737' title='bbox 1652 5038 1864 5109; x_wconf 82' lang='lat' dir='ltr'><strong>penitus</strong></span> <span class='ocrx_word' id='word_1_738' title='bbox 1886 5036 2030 5091; x_wconf 80' lang='lat' dir='ltr'><strong>delet</strong></span> 
     </span>
    </p>
   </div>
   <div class='ocr_carea' id='block_1_108' title="bbox 465 5104 2024 5173">
    <p class='ocr_par' dir='ltr' id='par_1_108' title="bbox 465 5104 2024 5173">
     <span class='ocr_line' id='line_1_108' title="bbox 465 5104 2024 5173; baseline 0 -13"><span class='ocrx_word' id='word_1_739' title='bbox 465 5113 522 5160; x_wconf 84' lang='lat' dir='ltr'><strong>et</strong></span> <span class='ocrx_word' id='word_1_740' title='bbox 559 5104 827 5173; x_wconf 78' lang='lat' dir='ltr'><strong>profligat.</strong></span> <span class='ocrx_word' id='word_1_741' title='bbox 862 5105 1025 5163; x_wconf 87' lang='lat' dir='ltr'><strong>Gesta</strong></span> <span class='ocrx_word' id='word_1_742' title='bbox 1062 5104 1176 5163; x_wconf 51' lang='lat' dir='ltr'><strong>haec</strong></span> <span class='ocrx_word' id='word_1_743' title='bbox 1204 5108 1373 5165; x_wconf 87' lang='lat' dir='ltr'><strong>fuisse</strong></span> <span class='ocrx_word' id='word_1_744' title='bbox 1420 5109 1524 5165; x_wconf 89' lang='lat' dir='ltr'><strong>sub</strong></span> <span class='ocrx_word' id='word_1_745' title='bbox 1569 5104 1809 5163; x_wconf 44' lang='lat' dir='ltr'><strong>AC1069</strong></span> <span class='ocrx_word' id='word_1_746' title='bbox 1841 5116 2024 5163; x_wconf 86' lang='lat' dir='ltr'><strong>attctot</strong></span> 
     </span>
    </p>
   </div>
   <div class='ocr_carea' id='block_1_109' title="bbox 466 5173 2030 5246">
    <p class='ocr_par' dir='ltr' id='par_1_109' title="bbox 466 5173 2030 5246">
     <span class='ocr_line' id='line_1_109' title="bbox 466 5173 2030 5246; baseline 0.001 -17"><span class='ocrx_word' id='word_1_747' title='bbox 466 5184 552 5246; x_wconf 82' lang='lat' dir='ltr'><strong>est</strong></span> <span class='ocrx_word' id='word_1_748' title='bbox 583 5173 924 5246; x_wconf 82' lang='lat' dir='ltr'><strong>Gaufredus,</strong></span> <span class='ocrx_word' id='word_1_749' title='bbox 951 5180 1039 5231; x_wconf 89' lang='lat' dir='ltr'><strong>cui</strong></span> <span class='ocrx_word' id='word_1_750' title='bbox 1074 5194 1180 5234; x_wconf 87' lang='lat' dir='ltr'><strong>non</strong></span> <span class='ocrx_word' id='word_1_751' title='bbox 1209 5181 1469 5234; x_wconf 87' lang='lat' dir='ltr'><strong>debemus</strong></span> <span class='ocrx_word' id='word_1_752' title='bbox 1504 5178 1662 5232; x_wconf 91' lang='lat' dir='ltr'><strong>modo</strong></span> <span class='ocrx_word' id='word_1_753' title='bbox 1697 5178 2030 5246; x_wconf 78' lang='lat' dir='ltr'><strong>praestantis-</strong></span> 
     </span>
    </p>
   </div>
   <div class='ocr_carea' id='block_1_110' title="bbox 468 5244 2032 5316">
    <p class='ocr_par' dir='ltr' id='par_1_110' title="bbox 468 5244 2032 5316">
     <span class='ocr_line' id='line_1_110' title="bbox 468 5244 2032 5316; baseline 0.003 -20"><span class='ocrx_word' id='word_1_754' title='bbox 468 5244 605 5316; x_wconf 73' lang='lat' dir='ltr'><strong>simi</strong></span> <span class='ocrx_word' id='word_1_755' title='bbox 626 5244 725 5316; x_wconf 70' lang='lat' dir='ltr'><strong>viri</strong></span> <span class='ocrx_word' id='word_1_756' title='bbox 755 5247 1010 5305; x_wconf 83' lang='lat' dir='ltr'><strong>numinis.</strong></span> <span class='ocrx_word' id='word_1_757' title='bbox 1046 5255 1139 5304; x_wconf 89' lang='lat' dir='ltr'><strong>sed</strong></span> <span class='ocrx_word' id='word_1_758' title='bbox 1157 5251 1321 5304; x_wconf 86' lang='lat' dir='ltr'><strong>etiam</strong></span> <span class='ocrx_word' id='word_1_759' title='bbox 1349 5257 1664 5302; x_wconf 69' lang='lat' dir='ltr'><strong>caeterarutn</strong></span> <span class='ocrx_word' id='word_1_760' title='bbox 1683 5244 1938 5316; x_wconf 70' lang='lat' dir='ltr'><strong>praeclare</strong></span> <span class='ocrx_word' id='word_1_761' title='bbox 1963 5247 2032 5301; x_wconf 86' lang='lat' dir='ltr'><strong>ab</strong></span> 
     </span>
    </p>
   </div>
   <div class='ocr_carea' id='block_1_111' title="bbox 471 5312 2030 5374">
    <p class='ocr_par' dir='ltr' id='par_1_111' title="bbox 471 5312 2030 5374">
     <span class='ocr_line' id='line_1_111' title="bbox 471 5312 2030 5374; baseline 0.003 -7"><span class='ocrx_word' id='word_1_762' title='bbox 471 5312 564 5367; x_wconf 90' lang='lat' dir='ltr'><strong>illo</strong></span> <span class='ocrx_word' id='word_1_763' title='bbox 596 5314 649 5367; x_wconf 92' lang='lat' dir='ltr'><strong>in</strong></span> <span class='ocrx_word' id='word_1_764' title='bbox 680 5313 886 5368; x_wconf 72' lang='lat' dir='ltr'><strong>Gra&#39;cia</strong></span> <span class='ocrx_word' id='word_1_765' title='bbox 918 5326 1162 5373; x_wconf 89' lang='lat' dir='ltr'><strong>actarum</strong></span> <span class='ocrx_word' id='word_1_766' title='bbox 1190 5334 1369 5374; x_wconf 89' lang='lat' dir='ltr'><strong>rerum</strong></span> <span class='ocrx_word' id='word_1_767' title='bbox 1389 5328 1657 5372; x_wconf 86' lang='lat' dir='ltr'><strong>servatam</strong></span> <span class='ocrx_word' id='word_1_768' title='bbox 1683 5312 2030 5373; x_wconf 75' lang='lat' dir='ltr'><strong>memoriam.</strong></span> 
     </span>
    </p>
   </div>
   <div class='ocr_carea' id='block_1_112' title="bbox 469 5380 2029 5457">
    <p class='ocr_par' dir='ltr' id='par_1_112' title="bbox 469 5380 2029 5457">
     <span class='ocr_line' id='line_1_112' title="bbox 469 5380 2029 5457; baseline 0.004 -22"><span class='ocrx_word' id='word_1_769' title='bbox 469 5380 575 5436; x_wconf 77' lang='lat' dir='ltr'><strong>Vix</strong></span> <span class='ocrx_word' id='word_1_770' title='bbox 599 5382 750 5457; x_wconf 62' lang='lat' dir='ltr'><strong>enim</strong></span> <span class='ocrx_word' id='word_1_771' title='bbox 774 5382 978 5457; x_wconf 82' lang='lat' dir='ltr'><strong>_Urselli</strong></span> <span class='ocrx_word' id='word_1_772' title='bbox 1011 5387 1303 5444; x_wconf 75' lang='lat' dir='ltr'><strong>Gttecanici</strong></span> <span class='ocrx_word' id='word_1_773' title='bbox 1337 5396 1501 5457; x_wconf 11' lang='lat' dir='ltr'><strong>gesta;</strong></span> <span class='ocrx_word' id='word_1_774' title='bbox 1519 5388 1792 5443; x_wconf 87' lang='lat' dir='ltr'><strong>curiosius</strong></span> <span class='ocrx_word' id='word_1_775' title='bbox 1814 5389 2029 5441; x_wconf 59' lang='lat' dir='ltr'><strong>investi‘</strong></span> 
     </span>
    </p>
   </div>
   <div class='ocr_carea' id='block_1_113' title="bbox 470 5452 2034 5522">
    <p class='ocr_par' dir='ltr' id='par_1_113' title="bbox 470 5452 2034 5522">
     <span class='ocr_line' id='line_1_113' title="bbox 470 5452 2034 5522; baseline 0.003 -18"><span class='ocrx_word' id='word_1_776' title='bbox 470 5452 632 5522; x_wconf 81' lang='lat' dir='ltr'><strong>gandi</strong></span> <span class='ocrx_word' id='word_1_777' title='bbox 663 5454 960 5521; x_wconf 83' lang='lat' dir='ltr'><strong>cupiditate</strong></span> <span class='ocrx_word' id='word_1_778' title='bbox 989 5467 1316 5519; x_wconf 76' lang='lat' dir='ltr'><strong>tenerentur,</strong></span> <span class='ocrx_word' id='word_1_779' title='bbox 1341 5452 1452 5511; x_wconf 66' lang='lat' dir='ltr'><strong>itisi</strong></span> <span class='ocrx_word' id='word_1_780' title='bbox 1483 5455 1738 5512; x_wconf 87' lang='lat' dir='ltr'><strong>familiam</strong></span> <span class='ocrx_word' id='word_1_781' title='bbox 1754 5467 1813 5512; x_wconf 86' lang='lat' dir='ltr'><strong>et</strong></span> <span class='ocrx_word' id='word_1_782' title='bbox 1838 5472 2034 5511; x_wconf 87' lang='lat' dir='ltr'><strong>nomen</strong></span> 
     </span>
    </p>
   </div>
   <div class='ocr_carea' id='block_1_114' title="bbox 470 5521 2036 5595">
    <p class='ocr_par' dir='ltr' id='par_1_114' title="bbox 470 5521 2036 5595">
     <span class='ocr_line' id='line_1_114' title="bbox 470 5521 2036 5595; baseline 0.001 -17"><span class='ocrx_word' id='word_1_783' title='bbox 470 5521 640 5595; x_wconf 63' lang='lat' dir='ltr'><strong>digito</strong></span> <span class='ocrx_word' id='word_1_784' title='bbox 679 5525 841 5577; x_wconf 88' lang='lat' dir='ltr'><strong>veluti</strong></span> <span class='ocrx_word' id='word_1_785' title='bbox 894 5527 1189 5583; x_wconf 76' lang='lat' dir='ltr'><strong>indicasset</strong></span> <span class='ocrx_word' id='word_1_786' title='bbox 1215 5526 1543 5583; x_wconf 87' lang='lat' dir='ltr'><strong>Gaufredus.</strong></span> <span class='ocrx_word' id='word_1_787' title='bbox 1583 5524 1826 5582; x_wconf 63' lang='lat' dir='ltr'><strong>Urse-llus</strong></span> <span class='ocrx_word' id='word_1_788' title='bbox 1875 5528 2036 5595; x_wconf 79' lang='lat' dir='ltr'><strong>igitur</strong></span> 
     </span>
    </p>
   </div>
   <div class='ocr_carea' id='block_1_115' title="bbox 471 5591 2037 5666">
    <p class='ocr_par' dir='ltr' id='par_1_115' title="bbox 471 5591 2037 5666">
     <span class='ocr_line' id='line_1_115' title="bbox 471 5591 2037 5666; baseline 0.002 -22"><span class='ocrx_word' id='word_1_789' title='bbox 471 5591 691 5666; x_wconf 69' lang='lat' dir='ltr'><strong>iisdem,</strong></span> <span class='ocrx_word' id='word_1_790' title='bbox 718 5603 775 5666; x_wconf 82' lang='lat' dir='ltr'><strong>ut</strong></span> <span class='ocrx_word' id='word_1_791' title='bbox 807 5611 904 5663; x_wconf 83' lang='lat' dir='ltr'><strong>par</strong></span> <span class='ocrx_word' id='word_1_792' title='bbox 925 5605 1008 5666; x_wconf 85' lang='lat' dir='ltr'><strong>est</strong></span> <span class='ocrx_word' id='word_1_793' title='bbox 1032 5598 1269 5659; x_wconf 85' lang='lat' dir='ltr'><strong>credere,</strong></span> <span class='ocrx_word' id='word_1_794' title='bbox 1294 5596 1362 5666; x_wconf 89' lang='lat' dir='ltr'><strong>de</strong></span> <span class='ocrx_word' id='word_1_795' title='bbox 1383 5598 1586 5666; x_wconf 71' lang='lat' dir='ltr'><strong>causis,</strong></span> <span class='ocrx_word' id='word_1_796' title='bbox 1611 5598 1811 5666; x_wconf 86' lang='lat' dir='ltr'><strong>quibus</strong></span> <span class='ocrx_word' id='word_1_797' title='bbox 1838 5591 2037 5664; x_wconf 66' lang='lat' dir='ltr'><strong>Crispi-</strong></span> 
     </span>
    </p>
   </div>
   <div class='ocr_carea' id='block_1_116' title="bbox 471 5664 2032 5738">
    <p class='ocr_par' dir='ltr' id='par_1_116' title="bbox 471 5664 2032 5738">
     <span class='ocr_line' id='line_1_116' title="bbox 471 5664 2032 5738; baseline 0.003 -24"><span class='ocrx_word' id='word_1_798' title='bbox 471 5674 597 5738; x_wconf 80' lang='lat' dir='ltr'><strong>nus,</strong></span> <span class='ocrx_word' id='word_1_799' title='bbox 642 5664 869 5738; x_wconf 83' lang='lat' dir='ltr'><strong>dimissa</strong></span> <span class='ocrx_word' id='word_1_800' title='bbox 921 5665 1115 5734; x_wconf 87' lang='lat' dir='ltr'><strong>Apulia</strong></span> <span class='ocrx_word' id='word_1_801' title='bbox 1169 5665 1478 5738; x_wconf 73' lang='lat' dir='ltr'><strong>relictisque</strong></span> <span class='ocrx_word' id='word_1_802' title='bbox 1509 5664 1772 5721; x_wconf 82' lang='lat' dir='ltr'><strong>Tancredi</strong></span> <span class='ocrx_word' id='word_1_803' title='bbox 1826 5667 2032 5738; x_wconf 78' lang='lat' dir='ltr'><strong>liberis,</strong></span> 
     </span>
    </p>
   </div>
   <div class='ocr_carea' id='block_1_117' title="bbox 471 5734 2034 5806">
    <p class='ocr_par' dir='ltr' id='par_1_117' title="bbox 471 5734 2034 5806">
     <span class='ocr_line' id='line_1_117' title="bbox 471 5734 2034 5806; baseline 0.004 -23"><span class='ocrx_word' id='word_1_804' title='bbox 471 5734 562 5803; x_wconf 79' lang='lat' dir='ltr'><strong>qui</strong></span> <span class='ocrx_word' id='word_1_805' title='bbox 591 5734 752 5790; x_wconf 83' lang='lat' dir='ltr'><strong>sociis</strong></span> <span class='ocrx_word' id='word_1_806' title='bbox 783 5738 1118 5806; x_wconf 84' lang='lat' dir='ltr'><strong>potentiores</strong></span> <span class='ocrx_word' id='word_1_807' title='bbox 1146 5736 1340 5804; x_wconf 76' lang='lat' dir='ltr'><strong>effecti,</strong></span> <span class='ocrx_word' id='word_1_808' title='bbox 1367 5736 1598 5793; x_wconf 80' lang='lat' dir='ltr'><strong>ditioncs</strong></span> <span class='ocrx_word' id='word_1_809' title='bbox 1623 5752 1835 5805; x_wconf 83' lang='lat' dir='ltr'><strong>omnes,</strong></span> <span class='ocrx_word' id='word_1_810' title='bbox 1867 5735 2034 5791; x_wconf 86' lang='lat' dir='ltr'><strong>armis</strong></span> 
     </span>
    </p>
   </div>
   <div class='ocr_carea' id='block_1_118' title="bbox 2132 4684 3698 4755">
    <p class='ocr_par' dir='ltr' id='par_1_118' title="bbox 2132 4684 3698 4755">
     <span class='ocr_line' id='line_1_118' title="bbox 2132 4684 3698 4755; baseline -0.004 -14"><span class='ocrx_word' id='word_1_811' title='bbox 2132 4684 2401 4755; x_wconf 83' lang='lat' dir='ltr'><strong>Superato</strong></span> <span class='ocrx_word' id='word_1_812' title='bbox 2433 4686 2628 4742; x_wconf 88' lang='lat' dir='ltr'><strong>deinde</strong></span> <span class='ocrx_word' id='word_1_813' title='bbox 2653 4696 2708 4741; x_wconf 89' lang='lat' dir='ltr'><strong>et</strong></span> <span class='ocrx_word' id='word_1_814' title='bbox 2744 4685 2865 4743; x_wconf 89' lang='lat' dir='ltr'><strong>fuso</strong></span> <span class='ocrx_word' id='word_1_815' title='bbox 2893 4685 3196 4755; x_wconf 87' lang='lat' dir='ltr'><strong>Nicepltoro</strong></span> <span class='ocrx_word' id='word_1_816' title='bbox 3225 4684 3542 4755; x_wconf 68' lang='lat' dir='ltr'><strong>Palaeologo,</strong></span> <span class='ocrx_word' id='word_1_817' title='bbox 3571 4698 3698 4737; x_wconf 87' lang='lat' dir='ltr'><strong>cum</strong></span> 
     </span>
    </p>
   </div>
   <div class='ocr_carea' id='block_1_119' title="bbox 2131 4754 3701 4826">
    <p class='ocr_par' dir='ltr' id='par_1_119' title="bbox 2131 4754 3701 4826">
     <span class='ocr_line' id='line_1_119' title="bbox 2131 4754 3701 4826; baseline -0.001 -18"><span class='ocrx_word' id='word_1_818' title='bbox 2131 4754 2379 4811; x_wconf 82' lang='lat' dir='ltr'><strong>Alexinm</strong></span> <span class='ocrx_word' id='word_1_819' title='bbox 2446 4756 2787 4812; x_wconf 88' lang='lat' dir='ltr'><strong>Comnenum</strong></span> <span class='ocrx_word' id='word_1_820' title='bbox 2837 4754 3093 4826; x_wconf 85' lang='lat' dir='ltr'><strong>magnum</strong></span> <span class='ocrx_word' id='word_1_821' title='bbox 3169 4754 3524 4826; x_wconf 57' lang='lat' dir='ltr'><strong>domesticum</strong></span> <span class='ocrx_word' id='word_1_822' title='bbox 3571 4768 3701 4807; x_wconf 89' lang='lat' dir='ltr'><strong>cutn</strong></span> 
     </span>
    </p>
   </div>
   <div class='ocr_carea' id='block_1_120' title="bbox 2135 4820 3698 4897">
    <p class='ocr_par' dir='ltr' id='par_1_120' title="bbox 2135 4820 3698 4897">
     <span class='ocr_line' id='line_1_120' title="bbox 2135 4820 3698 4897; baseline -0.004 -17"><span class='ocrx_word' id='word_1_823' title='bbox 2135 4826 2341 4883; x_wconf 87' lang='lat' dir='ltr'><strong>idoneis</strong></span> <span class='ocrx_word' id='word_1_824' title='bbox 2366 4827 2539 4897; x_wconf 89' lang='lat' dir='ltr'><strong>copiis</strong></span> <span class='ocrx_word' id='word_1_825' title='bbox 2575 4827 2871 4897; x_wconf 86' lang='lat' dir='ltr'><strong>adventare</strong></span> <span class='ocrx_word' id='word_1_826' title='bbox 2905 4820 3255 4897; x_wconf 62' lang='lat' dir='ltr'><strong>percepisset,</strong></span> <span class='ocrx_word' id='word_1_827' title='bbox 3288 4826 3340 4897; x_wconf 88' lang='lat' dir='ltr'><strong>iu</strong></span> <span class='ocrx_word' id='word_1_828' title='bbox 3362 4820 3698 4886; x_wconf 84' lang='lat' dir='ltr'><strong>Tttrcorutn,</strong></span> 
     </span>
    </p>
   </div>
   <div class='ocr_carea' id='block_1_121' title="bbox 2131 4894 3702 4966">
    <p class='ocr_par' dir='ltr' id='par_1_121' title="bbox 2131 4894 3702 4966">
     <span class='ocr_line' id='line_1_121' title="bbox 2131 4894 3702 4966; baseline -0.001 -16"><span class='ocrx_word' id='word_1_829' title='bbox 2131 4897 2224 4965; x_wconf 88' lang='lat' dir='ltr'><strong>qui</strong></span> <span class='ocrx_word' id='word_1_830' title='bbox 2256 4894 2488 4966; x_wconf 78' lang='lat' dir='ltr'><strong>proximi</strong></span> <span class='ocrx_word' id='word_1_831' title='bbox 2522 4897 2769 4960; x_wconf 89' lang='lat' dir='ltr'><strong>aderant,</strong></span> <span class='ocrx_word' id='word_1_832' title='bbox 2804 4894 2972 4952; x_wconf 74' lang='lat' dir='ltr'><strong>missa</strong></span> <span class='ocrx_word' id='word_1_833' title='bbox 3002 4894 3154 4966; x_wconf 90' lang='lat' dir='ltr'><strong>prius</strong></span> <span class='ocrx_word' id='word_1_834' title='bbox 3178 4894 3468 4966; x_wconf 73' lang='lat' dir='ltr'><strong>legatione,</strong></span> <span class='ocrx_word' id='word_1_835' title='bbox 3515 4902 3702 4966; x_wconf 81' lang='lat' dir='ltr'><strong>castra</strong></span> 
     </span>
    </p>
   </div>
   <div class='ocr_carea' id='block_1_122' title="bbox 2132 4963 3707 5034">
    <p class='ocr_par' dir='ltr' id='par_1_122' title="bbox 2132 4963 3707 5034">
     <span class='ocr_line' id='line_1_122' title="bbox 2132 4963 3707 5034; baseline -0.003 -15"><span class='ocrx_word' id='word_1_836' title='bbox 2132 4963 2425 5029; x_wconf 71' lang='lat' dir='ltr'><strong>concessit,</strong></span> <span class='ocrx_word' id='word_1_837' title='bbox 2457 4982 2551 5022; x_wconf 89' lang='lat' dir='ltr'><strong>eos</strong></span> <span class='ocrx_word' id='word_1_838' title='bbox 2584 4967 2635 5020; x_wconf 89' lang='lat' dir='ltr'><strong>itt</strong></span> <span class='ocrx_word' id='word_1_839' title='bbox 2653 4982 2795 5034; x_wconf 81' lang='lat' dir='ltr'><strong>suas</strong></span> <span class='ocrx_word' id='word_1_840' title='bbox 2829 4963 3018 5034; x_wconf 83' lang='lat' dir='ltr'><strong>partes</strong></span> <span class='ocrx_word' id='word_1_841' title='bbox 3040 4963 3261 5020; x_wconf 86' lang='lat' dir='ltr'><strong>allicere</strong></span> <span class='ocrx_word' id='word_1_842' title='bbox 3285 4973 3339 5017; x_wconf 90' lang='lat' dir='ltr'><strong>et</strong></span> <span class='ocrx_word' id='word_1_843' title='bbox 3371 4963 3471 5017; x_wconf 85' lang='lat' dir='ltr'><strong>sibi</strong></span> <span class='ocrx_word' id='word_1_844' title='bbox 3505 4963 3707 5017; x_wconf 86' lang='lat' dir='ltr'><strong>conci-</strong></span> 
     </span>
    </p>
   </div>
   <div class='ocr_carea' id='block_1_123' title="bbox 2132 5033 3702 5103">
    <p class='ocr_par' dir='ltr' id='par_1_123' title="bbox 2132 5033 3702 5103">
     <span class='ocr_line' id='line_1_123' title="bbox 2132 5033 3702 5103; baseline -0.002 -15"><span class='ocrx_word' id='word_1_845' title='bbox 2132 5036 2263 5092; x_wconf 85' lang='lat' dir='ltr'><strong>liare</strong></span> <span class='ocrx_word' id='word_1_846' title='bbox 2314 5038 2570 5092; x_wconf 83' lang='lat' dir='ltr'><strong>annixus.</strong></span> <span class='ocrx_word' id='word_1_847' title='bbox 2622 5033 2839 5094; x_wconf 78' lang='lat' dir='ltr'><strong>.Vet&#39;utn</strong></span> <span class='ocrx_word' id='word_1_848' title='bbox 2872 5034 3039 5090; x_wconf 86' lang='lat' dir='ltr'><strong>Turci</strong></span> <span class='ocrx_word' id='word_1_849' title='bbox 3082 5036 3244 5103; x_wconf 82' lang='lat' dir='ltr'><strong>donis</strong></span> <span class='ocrx_word' id='word_1_850' title='bbox 3288 5034 3600 5103; x_wconf 78' lang='lat' dir='ltr'><strong>ingentibus</strong></span> <span class='ocrx_word' id='word_1_851' title='bbox 3646 5041 3702 5103; x_wconf 81' lang='lat' dir='ltr'><strong>et</strong></span> 
     </span>
    </p>
   </div>
   <div class='ocr_carea' id='block_1_124' title="bbox 2140 5101 3702 5175">
    <p class='ocr_par' dir='ltr' id='par_1_124' title="bbox 2140 5101 3702 5175">
     <span class='ocr_line' id='line_1_124' title="bbox 2140 5101 3702 5175; baseline -0.003 -18"><span class='ocrx_word' id='word_1_852' title='bbox 2140 5107 2436 5173; x_wconf 83' lang='lat' dir='ltr'><strong>majoribus</strong></span> <span class='ocrx_word' id='word_1_853' title='bbox 2466 5106 2629 5162; x_wconf 89' lang='lat' dir='ltr'><strong>illecti</strong></span> <span class='ocrx_word' id='word_1_854' title='bbox 2657 5105 3159 5175; x_wconf 87' lang='lat' dir='ltr'><strong>pollicitationibus,</strong></span> <span class='ocrx_word' id='word_1_855' title='bbox 3204 5101 3476 5175; x_wconf 83' lang='lat' dir='ltr'><strong>Ursellum</strong></span> <span class='ocrx_word' id='word_1_856' title='bbox 3510 5101 3702 5175; x_wconf 69' lang='lat' dir='ltr'><strong>Alexio</strong></span> 
     </span>
    </p>
   </div>
   <div class='ocr_carea' id='block_1_125' title="bbox 2140 5171 3700 5245">
    <p class='ocr_par' dir='ltr' id='par_1_125' title="bbox 2140 5171 3700 5245">
     <span class='ocr_line' id='line_1_125' title="bbox 2140 5171 3700 5245; baseline 0.001 -20"><span class='ocrx_word' id='word_1_857' title='bbox 2140 5171 2379 5232; x_wconf 81' lang='lat' dir='ltr'><strong>vinctum</strong></span> <span class='ocrx_word' id='word_1_858' title='bbox 2414 5171 2715 5241; x_wconf 51' lang='lat' dir='ltr'><strong>traduntfa</strong></span> <span class='ocrx_word' id='word_1_859' title='bbox 2740 5190 2850 5245; x_wconf 91' lang='lat' dir='ltr'><strong>quo</strong></span> <span class='ocrx_word' id='word_1_860' title='bbox 2882 5177 3174 5245; x_wconf 79' lang='lat' dir='ltr'><strong>perductus</strong></span> <span class='ocrx_word' id='word_1_861' title='bbox 3204 5184 3291 5245; x_wconf 86' lang='lat' dir='ltr'><strong>est</strong></span> <span class='ocrx_word' id='word_1_862' title='bbox 3313 5171 3700 5245; x_wconf 80' lang='lat' dir='ltr'><strong>Constantino-</strong></span> 
     </span>
    </p>
   </div>
   <div class='ocr_carea' id='block_1_126' title="bbox 2176 5243 3702 5315">
    <p class='ocr_par' dir='ltr' id='par_1_126' title="bbox 2176 5243 3702 5315">
     <span class='ocr_line' id='line_1_126' title="bbox 2176 5243 3702 5315; baseline -0.002 -15"><span class='ocrx_word' id='word_1_863' title='bbox 2176 5248 2303 5315; x_wconf 86' lang='lat' dir='ltr'><strong>olint</strong></span> <span class='ocrx_word' id='word_1_864' title='bbox 2364 5247 2683 5315; x_wconf 86' lang='lat' dir='ltr'><strong>carcerique</strong></span> <span class='ocrx_word' id='word_1_865' title='bbox 2726 5243 3384 5315; x_wconf 63' lang='lat' dir='ltr'><strong>tnat_tcipatus._i}luntiata</strong></span> <span class='ocrx_word' id='word_1_866' title='bbox 3434 5252 3555 5313; x_wconf 86' lang='lat' dir='ltr'><strong>post</strong></span> <span class='ocrx_word' id='word_1_867' title='bbox 3588 5243 3702 5315; x_wconf 62' lang='lat' dir='ltr'><strong>[nec</strong></span> 
     </span>
    </p>
   </div>
   <div class='ocr_carea' id='block_1_127' title="bbox 2190 5311 3701 5386">
    <p class='ocr_par' dir='ltr' id='par_1_127' title="bbox 2190 5311 3701 5386">
     <span class='ocr_line' id='line_1_127' title="bbox 2190 5311 3701 5386; baseline -0.003 -18"><span class='ocrx_word' id='word_1_868' title='bbox 2190 5316 2426 5386; x_wconf 83' lang='lat' dir='ltr'><strong>icephori</strong></span> <span class='ocrx_word' id='word_1_869' title='bbox 2462 5311 2715 5386; x_wconf 63' lang='lat' dir='ltr'><strong>Brye&#39;nnii</strong></span> <span class='ocrx_word' id='word_1_870' title='bbox 2744 5311 3066 5386; x_wconf 75' lang='lat' dir='ltr'><strong>defeeiiotte,</strong></span> <span class='ocrx_word' id='word_1_871' title='bbox 3101 5312 3354 5386; x_wconf 75' lang='lat' dir='ltr'><strong>Michael,</strong></span> <span class='ocrx_word' id='word_1_872' title='bbox 3381 5311 3496 5386; x_wconf 76' lang='lat' dir='ltr'><strong>suis</strong></span> <span class='ocrx_word' id='word_1_873' title='bbox 3540 5311 3701 5364; x_wconf 71' lang='grc' dir='ltr'><strong>ιηιάὶοο</strong></span> 
     </span>
    </p>
   </div>
   <div class='ocr_carea' id='block_1_128' title="bbox 2138 5383 3702 5460">
    <p class='ocr_par' dir='ltr' id='par_1_128' title="bbox 2138 5383 3702 5460">
     <span class='ocr_line' id='line_1_128' title="bbox 2138 5383 3702 5460; baseline -0.004 -20"><span class='ocrx_word' id='word_1_874' title='bbox 2138 5402 2245 5460; x_wconf 78' lang='lat' dir='ltr'><strong>que</strong></span> <span class='ocrx_word' id='word_1_875' title='bbox 2273 5383 2656 5460; x_wconf 80' lang='lat' dir='ltr'><strong>dilabentibus,</strong></span> <span class='ocrx_word' id='word_1_876' title='bbox 2683 5384 3085 5460; x_wconf 83' lang='lat' dir='ltr'><strong>Ursellu_tn,_qu_i</strong></span> <span class='ocrx_word' id='word_1_877' title='bbox 3117 5385 3181 5440; x_wconf 90' lang='lat' dir='ltr'><strong>ad</strong></span> <span class='ocrx_word' id='word_1_878' title='bbox 3213 5383 3547 5460; x_wconf 73' lang='lat' dir='ltr'><strong>Botaniatam</strong></span> <span class='ocrx_word' id='word_1_879' title='bbox 3577 5394 3702 5460; x_wconf 82' lang='lat' dir='ltr'><strong>per-</strong></span> 
     </span>
    </p>
   </div>
   <div class='ocr_carea' id='block_1_129' title="bbox 2134 5452 3700 5524">
    <p class='ocr_par' dir='ltr' id='par_1_129' title="bbox 2134 5452 3700 5524">
     <span class='ocr_line' id='line_1_129' title="bbox 2134 5452 3700 5524; baseline -0.003 -16"><span class='ocrx_word' id='word_1_880' title='bbox 2134 5452 2259 5510; x_wconf 77' lang='lat' dir='ltr'><strong>inde</strong></span> <span class='ocrx_word' id='word_1_881' title='bbox 2311 5457 2661 5511; x_wconf 84' lang='lat' dir='ltr'><strong>rebellantem</strong></span> <span class='ocrx_word' id='word_1_882' title='bbox 2716 5454 2983 5524; x_wconf 79' lang='lat' dir='ltr'><strong>proficisci</strong></span> <span class='ocrx_word' id='word_1_883' title='bbox 3014 5452 3024 5454; x_wconf 14' lang='grc' dir='ltr'>ἡ</span> <span class='ocrx_word' id='word_1_884' title='bbox 3052 5454 3167 5523; x_wconf 84' lang='lat' dir='ltr'><strong>jam</strong></span> <span class='ocrx_word' id='word_1_885' title='bbox 3211 5465 3372 5507; x_wconf 81' lang='lat' dir='ltr'><strong>antea</strong></span> <span class='ocrx_word' id='word_1_886' title='bbox 3421 5452 3700 5524; x_wconf 68' lang='lat' dir='ltr'><strong>inanimo</strong></span> 
     </span>
    </p>
   </div>
   <div class='ocr_carea' id='block_1_130' title="bbox 2136 5521 3701 5591">
    <p class='ocr_par' dir='ltr' id='par_1_130' title="bbox 2136 5521 3701 5591">
     <span class='ocr_line' id='line_1_130' title="bbox 2136 5521 3701 5591; baseline -0.005 -13"><span class='ocrx_word' id='word_1_887' title='bbox 2136 5527 2418 5589; x_wconf 82' lang='lat' dir='ltr'><strong>habuerat,</strong></span> <span class='ocrx_word' id='word_1_888' title='bbox 2455 5521 2731 5579; x_wconf 59' lang='lat' dir='ltr'><strong>eductutn&#39;</strong></span> <span class='ocrx_word' id='word_1_889' title='bbox 2758 5527 2825 5578; x_wconf 86' lang='lat' dir='ltr'><strong>de</strong></span> <span class='ocrx_word' id='word_1_890' title='bbox 2870 5521 3089 5580; x_wconf 76' lang='lat' dir='ltr'><strong>carcere</strong></span> <span class='ocrx_word' id='word_1_891' title='bbox 3130 5524 3404 5591; x_wconf 81' lang='lat' dir='ltr'><strong>variisque</strong></span> <span class='ocrx_word' id='word_1_892' title='bbox 3448 5521 3701 5591; x_wconf 82' lang='lat' dir='ltr'><strong>alfecutm</strong></span> 
     </span>
    </p>
   </div>
   <div class='ocr_carea' id='block_1_131' title="bbox 2133 5589 3697 5664">
    <p class='ocr_par' dir='ltr' id='par_1_131' title="bbox 2133 5589 3697 5664">
     <span class='ocr_line' id='line_1_131' title="bbox 2133 5589 3697 5664; baseline -0.004 -15"><span class='ocrx_word' id='word_1_893' title='bbox 2133 5597 2434 5650; x_wconf 76' lang='lat' dir='ltr'><strong>honoribus</strong></span> <span class='ocrx_word' id='word_1_894' title='bbox 2470 5594 2631 5648; x_wconf 91' lang='lat' dir='ltr'><strong>mittit</strong></span> <span class='ocrx_word' id='word_1_895' title='bbox 2650 5602 2840 5647; x_wconf 89' lang='lat' dir='ltr'><strong>contra</strong></span> <span class='ocrx_word' id='word_1_896' title='bbox 2869 5592 3217 5664; x_wconf 82' lang='lat' dir='ltr'><strong>Bryenuiutn.</strong></span> <span class='ocrx_word' id='word_1_897' title='bbox 3246 5589 3360 5658; x_wconf 78' lang='lat' dir='ltr'><strong>Qua</strong></span> <span class='ocrx_word' id='word_1_898' title='bbox 3385 5591 3447 5664; x_wconf 85' lang='lat' dir='ltr'><strong>in</strong></span> <span class='ocrx_word' id='word_1_899' title='bbox 3476 5589 3697 5664; x_wconf 75' lang='lat' dir='ltr'><strong>expedi-</strong></span> 
     </span>
    </p>
   </div>
   <div class='ocr_carea' id='block_1_132' title="bbox 2135 5661 3699 5733">
    <p class='ocr_par' dir='ltr' id='par_1_132' title="bbox 2135 5661 3699 5733">
     <span class='ocr_line' id='line_1_132' title="bbox 2135 5661 3699 5733; baseline -0.005 -14"><span class='ocrx_word' id='word_1_900' title='bbox 2135 5667 2278 5720; x_wconf 87' lang='lat' dir='ltr'><strong>tione</strong></span> <span class='ocrx_word' id='word_1_901' title='bbox 2305 5664 2547 5720; x_wconf 80' lang='lat' dir='ltr'><strong>Ursellus</strong></span> <span class='ocrx_word' id='word_1_902' title='bbox 2567 5665 2837 5733; x_wconf 75' lang='lat' dir='ltr'><strong>egregiam</strong></span> <span class='ocrx_word' id='word_1_903' title='bbox 2865 5661 3176 5731; x_wconf 82' lang='lat' dir='ltr'><strong>imperatori</strong></span> <span class='ocrx_word' id='word_1_904' title='bbox 3207 5662 3423 5733; x_wconf 72' lang='lat' dir='ltr'><strong>navavit</strong></span> <span class='ocrx_word' id='word_1_905' title='bbox 3453 5661 3699 5733; x_wconf 79' lang='lat' dir='ltr'><strong>operam.</strong></span> 
     </span>
    </p>
   </div>
   <div class='ocr_carea' id='block_1_133' title="bbox 2132 5727 3703 5804">
    <p class='ocr_par' dir='ltr' id='par_1_133' title="bbox 2132 5727 3703 5804">
     <span class='ocr_line' id='line_1_133' title="bbox 2132 5727 3703 5804; baseline -0.005 -15"><span class='ocrx_word' id='word_1_906' title='bbox 2132 5733 2392 5793; x_wconf 80' lang='lat' dir='ltr'><strong>Micbaclc</strong></span> <span class='ocrx_word' id='word_1_907' title='bbox 2422 5727 2656 5804; x_wconf 67' lang='lat' dir='ltr'><strong>denique</strong></span> <span class='ocrx_word' id='word_1_908' title='bbox 2686 5727 2740 5788; x_wconf 71' lang='lat' dir='ltr'><strong>iit</strong></span> <span class='ocrx_word' id='word_1_909' title='bbox 2782 5727 3028 5789; x_wconf 64' lang='lat' dir='ltr'><strong>ordinent</strong></span> <span class='ocrx_word' id='word_1_910' title='bbox 3077 5734 3318 5799; x_wconf 82' lang='lat' dir='ltr'><strong>redacto,</strong></span> <span class='ocrx_word' id='word_1_911' title='bbox 3361 5727 3703 5800; x_wconf 80' lang='lat' dir='ltr'><strong>Nicephorus</strong></span> 
     </span>
    </p>
   </div>
  </div>
