4088 6208
380 304 479 370 101

1583 303 2124 365 HISTORIARUM
2172 303 2308 364 LIB.
2357 305 2438 364 ll.

3521 305 3625 371 102

378 419 490 472 τῶν
514 434 630 470 τινα
658 416 751 484 τῆς
776 419 1050 485 φάλαγγος
1077 418 1333 487 ἀδικῆσαι
1369 417 1620 488 μεγάλως
1649 419 1756 470 τῶν
1777 419 1944 487 hx”

2058 421 2212 488 lange
2233 420 2434 474 Gallica
2459 418 2763 473 vehementi
2790 418 2985 473 laedere
3015 417 3209 486 injuria
3247 416 3618 486 indigi-narum

382 510 517 577 ρίων
546 509 687 570 τινὰ,
721 510 748 560 ὁ
771 508 828 560 δὲ
848 510 924 579 τῷ
948 509 1241 581 στρατηγῷ
1269 510 1585 580 προσελθὼν
1613 510 1679 562 τά
1707 509 1806 578 τῆς
1836 511 1952 564 ἀδι-

379 601 506 663 κίας
533 599 853 665 κατεϐοᾶτο,
882 600 973 662 καὶ
1013 601 1044 652 ὁ
1071 601 1378 670 στρατηγὸς
1416 602 1595 670 ἐζήτει
1635 601 1726 653 τὸν
1756 601 1947 671 ἀδική-

379 708 550 745 σαντα
573 693 631 744 ὲν
659 690 810 761 μέσῳ
833 691 1068 761 ἀχθῆναι
1095 707 1111 722 ·
1150 692 1307 746 τοῦτο
1343 693 1612 762 πρόφασις
1641 692 1719 762 τῷ
1743 693 1815 744 Οὐ
1827 708 1952 760 ρσε-

376 783 480 852 λίῳ
531 782 633 850 τῆς
663 783 1017 846 ἀποστάσεως
1061 784 1293 851 γίνεται.
1356 785 1464 836 Καὶ
1533 783 1953 853 στρατοπεδεύει

380 871 482 940 μὲν
512 869 619 935 ἔξω
647 871 746 938 τῆς
779 869 1130 940 παρεμϐολῆς
1160 871 1630 940 ἐπαγγελλόμενος
1663 872 1743 934 είς
1775 872 1952 924 νέωτα

377 960 636 1030 φοιτῆσαι
655 961 792 1031 πρὸς
819 961 880 1014 τὸ
904 963 1286 1032 στρατόπεδον,
1313 964 1441 1034 περὶ
1461 963 1519 1016 δὲ
1551 963 1721 1032 μέσας
1751 962 1953 1026 νύκτας

374 1053 518 1124 ἄρας
563 1053 666 1124 τὴν
712 1053 968 1121 φάλαγγα
1003 1053 1111 1106 τῶν
1158 1055 1382 1107 Κελτῶν
1434 1054 1802 1122 ἀπεδίδρασκε
1858 1056 1952 1106 καὶ

376 1145 511 1198 εὐθὺ
528 1144 856 1206 Σεϐαστείας
883 1143 1100 1214 ἐχώρει.
1128 1146 1468 1209 Γνωσθέντος
1499 1145 1555 1198 δὲ
1590 1145 1683 1198 τοῦ
1709 1144 1951 1214 δρασμοῦ

377 1237 511 1305 περὶ
532 1236 629 1307 τὴν
673 1237 748 1290 ἔω
775 1229 1154 1307 τῷΚομνηνῷ
1196 1238 1474 1308 Ἰσαακίῳ,
1520 1237 1630 1291 δεῖν
1671 1237 1852 1307 ἔκρινε
1877 1236 1954 1306 τῷ

379 1329 594 1397 ἀδελφῷ
650 1327 872 1398 ’Δλεξίῳ
919 1330 1086 1399 μέρος
1119 1331 1216 1398 τῆς
1252 1331 1513 1398 στρατιᾶς
1550 1329 1830 1382 πιστεύειν
1858 1329 1954 1380 καὶ

381 1419 522 1489 πρὸς
548 1419 644 1488 τὴν
681 1419 776 1472 τοῦ
821 1419 1114 1489 Ούρσελίου
1147 1421 1426 1489 ἐκπέμψαι
1458 1419 1657 1484 δίωξιν.
1703 1420 1791 1472 Ἐν
1826 1435 1956 1488 μετ-

381 1511 539 1579 εώρῳ
584 1509 640 1562 δὲ
695 1510 774 1562 ἔτι
817 1509 910 1562 τοῦ
940 1511 1256 1580 σκέμματος
1291 1510 1441 1572 ὄντος
1474 1509 1570 1562 καὶ
1595 1509 1688 1561 τοῦ
1719 1505 1953 1575 στρατοῦ

381 1600 872 1671 συναθροιζομένων
900 1602 1216 1670 (ἠγγέλλετο
1278 1601 1334 1654 δὲ
1389 1601 1539 1674 παρὰ
1576 1600 1687 1654 τῶν
1733 1597 1954 1652 σκοπῶν

376 1690 640 1760 Τούρκων
687 1689 891 1762 πλῆθος
921 1692 1058 1745 πολὺ
1111 1692 1252 1745 κατὰ
1285 1691 1575 1761 Ῥωμαίων
1623 1692 1821 1760 χωρεῖν
1858 1687 1953 1741 καὶ

2055 511 2290 580 aliquem
2314 549 2330 574 ,
2366 511 2524 578 cuius
2573 511 2662 564 ille
2697 512 2882 564 dolore
2912 511 3144 579 graviter
3177 510 3316 578 apud
3349 509 3623 564 exercitus

2055 607 2224 656 totius
2272 604 2654 672 imperatorem
2691 612 2915 672 questus
2944 601 3216 671 expressit
3244 602 3311 655 ab
3339 615 3408 656 eo
3432 641 3449 667 ,
3479 601 3623 670 quod

2056 695 2243 765 negari
2276 711 2384 750 non
2415 703 2645 764 poterat,
2686 705 2743 748 ut
2769 694 2985 763 jubcrct
3020 695 3247 749 militem
3282 693 3494 761 injurie
3524 709 3627 748 au-

2057 797 2260 840 ctorem
2298 788 2350 839 in
2385 788 2618 841 medium
2670 787 2886 840 adduci.
2924 786 3237 855 llpportuna
3281 794 3334 840 et
3379 786 3626 855 speciem

2054 892 2117 930 ea
2144 891 2309 930 causa
2342 876 2655 930 rebellionis
2681 878 2816 929 visa.
2852 875 2991 946 Ergo
3027 878 3072 931 is
3115 876 3289 943 primo
3325 884 3479 928 extra
3512 876 3628 928 tal-

2056 967 2165 1020 lum
2198 981 2330 1021 suos
2378 967 2520 1020 locat
2567 966 2830 1035 postridie
2881 981 2940 1020 se
2988 965 3288 1020 rediturum
3342 964 3396 1016 iu
3444 973 3626 1018 castra

2056 1060 2348 1128 pollicitus.
2383 1057 2554 1110 Media
2587 1073 2750 1127 porro
2798 1067 2958 1112 nocte
3007 1057 3239 1112 adducta
3271 1072 3454 1111 secum
3489 1057 3624 1126 pha-

2057 1149 2211 1216 lange
2240 1147 2516 1202 Gallorum
2549 1147 2679 1216 fugit
2715 1145 3017 1201 Sebastiam
3065 1161 3255 1200 versus
3301 1147 3403 1200 iter
3449 1147 3621 1199 inten-

2055 1239 2210 1291 deus.
2246 1235 2457 1291 Certior
2488 1236 2589 1291 sub
2619 1253 2870 1292 auroram
2899 1239 2965 1292 de
2993 1237 3094 1291 ista
3133 1236 3254 1307 fuga
3290 1236 3466 1290 factus
3489 1236 3626 1289 Isaac

2055 1329 2174 1382 eius
2204 1326 2522 1382 Comnenus
2565 1328 2852 1382 consilium
2882 1343 2947 1381 ex
2983 1343 3041 1380 re
3071 1337 3214 1396 cepit
3237 1327 3408 1381 Alexii
3444 1325 3628 1379 fratris

2056 1418 2314 1472 attributa
2346 1419 2393 1472 ei
2427 1428 2578 1488 parte
2605 1419 2885 1488 copiarum
2937 1420 3003 1473 ad
3052 1420 3489 1488 pensi-quemlqu
3517 1415 3625 1471 Ur-

2055 1508 2249 1564 selium
2279 1507 2548 1562 mittendi.
2587 1509 2720 1562 Dum
2751 1523 2815 1563 ea
2856 1508 3220 1578 expediuntur
3249 1509 3628 1579 segregantlis-

2054 1614 2161 1668 que
2203 1598 2377 1667 copiis
2418 1597 2580 1653 ituris
2628 1600 3012 1668 mansurisque
3038 1600 3375 1669 exspectatio
3401 1609 3629 1652 cuncto-

2057 1704 2175 1743 rum
2206 1690 2441 1759 pendet,
2491 1689 2859 1747 tumultuesus
2901 1706 3030 1746 ecce
3073 1693 3142 1745 ab
3189 1689 3628 1760 exploratoribus

377 1783 550 1852 ἀγχοῦ
579 1800 681 1836 που
705 1785 896 1838 τούτου
929 1785 1428 1856 στρατοπεδεύειν),
1464 1782 1703 1853 ἐπισχὼν
1733 1781 1825 1836 οὖν
1852 1781 1954 1852 τὴν

2058 1777 2280 1833 allertur
2312 1779 2537 1834 nuntius
2571 1779 2874 1835 Turcorum
2918 1798 3116 1851 magno
3162 1797 3390 1836 numero
3425 1782 3476 1835 in
3519 1778 3627 1834 Ro-

375 1873 473 1927 τοῦ
518 1874 812 1943 Ούρσελίου
851 1875 1034 1940 δίωξιν
1067 1879 1095 1929 ὁ
1141 1875 1426 1945 Κομνηνὸς
1472 1875 1740 1938 Ὶσαάκιος
1805 1890 1950 1943 παρ-

379 1965 713 2028 εσκευὰζετο
745 1967 881 2036 πρὸς
907 1968 998 2020 τὸν
1023 1967 1281 2035 πόλεμον,
1310 1965 1606 2036 παρεκάλει
1623 1964 1676 2018 δὲ
1697 1965 1790 2017 τὸν
1808 1964 1956 2017 ἀδελ-

378 2058 478 2126 φὸν
504 2059 654 2122 ἐντὸς
683 2058 776 2112 τοῦ
804 2060 1044 2130 χάρακος
1079 2060 1261 2129 μένειν
1287 2059 1382 2110 καὶ
1409 2058 1659 2127 συνέχειν
1695 2055 1756 2107 τὸ
1786 2071 1954 2123 στρα-

376 2150 622 2204 τόπεδον.
657 2151 715 2204 ’0
745 2151 800 2204 δὲ
827 2150 1039 2221 βαρέως
1076 2149 1159 2221 [Ρ.
1184 2149 1276 2221 43]
1302 2149 1360 2203 τὸ
1390 2148 1742 2216 κελευόμενον
1771 2146 1952 2215 ἔφερε.

381 2245 648 2306 Κάκεῖνος
679 2244 997 2312 ὑπισχνεῖτο
1059 2241 1492 2313 ὲγκαρτερήσειν
1545 2242 1594 2292 εί
1648 2238 1809 2310 μόνον
1863 2236 1956 2302 ἑξ-

379 2334 754 2388 αποστείλειεν
815 2333 1041 2404 ὕστερον
1100 2333 1240 2386 κατὰ
1296 2333 1404 2385 τῶν
1454 2329 1712 2402 Τούρκων
1759 2327 1956 2392 πολλὰς

378 2427 491 2480 τῶν
543 2425 834 2497 Ῥωμαίων
886 2426 1226 2496 ἑπαγόμενος
1278 2425 1588 2494 φάλαγγας.

2051 1885 2248 1925 manos
2279 1871 2610 1924 moventium
2635 1873 2859 1942 jamque
2881 1873 3061 1928 vicino
3087 1873 3139 1927 in
3175 1877 3290 1928 loco
3315 1873 3625 1927 habentium

2051 1973 2252 2018 castra.
2301 1961 2515 2017 Omissa
2566 1965 2732 2034 igitur
2783 1965 2835 2017 in
2894 1981 3130 2034 praesens
3181 1981 3312 2021 cura
3363 1965 3624 2035 sequendi

2057 2053 2249 2109 UrSelii
2302 2054 2541 2109 Isaacius
2586 2059 2652 2109 ad
2700 2056 2946 2124 praelium
2999 2072 3058 2110 se
3107 2065 3406 2124 comparat.
3455 2057 3629 2125 llogat

2053 2154 2232 2199 autem
2259 2143 2479 2199 fratrem
2507 2155 2562 2198 ut
2586 2160 2819 2213 prazesse
2846 2146 3059 2200 interim
3088 2148 3284 2201 castris
3310 2147 3438 2200 velit
3462 2165 3474 2199 :
3501 2161 3628 2214 gra-

2052 2237 2193 2290 viter
2223 2251 2340 2290 eam
2371 2235 2494 2288 tulit
2517 2234 2816 2304 jussionem
2848 2236 3102 2297 Alcsius.
3127 2252 3247 2306 quae
3275 2237 3624 2292 occasionem

2052 2327 2133 2382 illi
2163 2326 2398 2396 eriperet
2441 2326 2494 2380 in
2545 2328 2663 2380 acie
2695 2327 2989 2395 pugnandi.
3026 2329 3349 2382 Consolatus
3387 2343 3508 2380 eum
3545 2337 3627 2382 ta-

2058 2433 2180 2473 men
2224 2417 2465 2471 lsaacius
2505 2425 2589 2472 est
2627 2418 2950 2488 pollicendo.
2984 2432 3106 2473 sese
3137 2419 3312 2488 ipsum
3345 2435 3467 2474 cum
3501 2419 3625 2471 reli-

384 2529 494 2582 ctis
529 2527 668 2580 intra
701 2527 899 2581 vallum
929 2523 1100 2595 copiis
1131 2523 1276 2578 brevi
1343 2521 1772 2583 accersiturum,
1806 2514 2023 2587 quando
2064 2522 2338 2568 maturum
2388 2510 2530 2567 foret
2573 2513 2740 2566 robur
2771 2515 2946 2582 ipsum
3012 2511 3239 2566 Romani
3267 2514 3541 2567 exercitus
3569 2512 3624 2565 in

387 2621 600 2676 Turcos
633 2621 950 2674 immittere.
1599 2681 1603 2685 _

457 2725 520 2772 ε’.
564 2718 621 2771 ’ὑ
656 2717 756 2788 μὲν
790 2710 884 2768 οὖν
914 2713 1158 2776 πεισθεὶς
1186 2714 1280 2767 ἐπὶ
1303 2730 1396 2766 του
1428 2711 1790 2780 στρατοπέδου
1820 2727 1957 2765 κατ-

385 2812 622 2882 ἐμεινεν,
671 2809 700 2860 ὁ
754 2807 812 2861 δὲ
849 2806 950 2868 τὰς
979 2805 1237 2876 δυνάμεις
1267 2804 1405 2873 ἄρας
1449 2803 1644 2875 ἐχώρει
1676 2801 1814 2856 κατὰ
1850 2801 1958 2854 τῶν

384 2905 668 2974 Ἱόύρκων.
710 2897 1070 2962 ’Υπαντιάζει
1099 2895 1230 2966 γοῦν
1260 2896 1483 2959 τούτους
1512 2894 1656 2949 κατὰ
1697 2895 1766 2948 τὰ
1795 2896 1960 2948 Καπ-

383 2995 642 3052 παδοκῶν
675 2995 802 3066 ὅρια
835 3009 849 3023 ⁸
879 2993 975 3046 καὶ
1027 2989 1302 3061 συμϐολῆς
1329 2988 1629 3059 γενομένης
1662 2988 1956 3058 τρέπονται

388 3091 489 3162 μὲν
524 3089 806 3156 Ῥωμαῖοι,
839 3085 869 3138 δ
895 3084 948 3137 δὲ
981 3084 1244 3152 γενναίως
1269 3097 1327 3133 τε
1359 3080 1685 3148 ἀγωνίζεται
1728 3081 1822 3133 καὶ
1852 3097 1952 3132 κυ-

387 3180 617 3241 κλωθεὶς
640 3178 744 3230 imo
775 3175 884 3228 τῶν
916 3171 1196 3236 ἐναντίων,
1244 3169 1340 3224 τοῦ
1373 3171 1539 3224 ἵππου
1595 3167 1759 3224 αὐτοῦ
1807 3186 1951 3240 τρωο

385 3271 567 3336 δέντος
619 3271 716 3324 καὶ
767 3270 859 3321 τὸν
910 3267 1176 3334 ἐπιϐάτην
1226 3263 1374 3333 αὐτῷ
1421 3261 1953 3330 συγκαταϐαλόντος,

383 3363 688 3417 ἁλίσκεται.
717 3359 826 3412 Τοῦ
860 3358 916 3410 δὲ
943 3357 1052 3410 τῶν
1087 3355 1374 3423 Ῥωμαίων
1397 3351 1807 3422 στρατεύματος
1837 3351 1955 3402 δια-

387 3449 776 3508 σκεδασθέντος
810 3445 1050 3514 ἒχὼρουν
1089 3446 1136 3495 oi
1175 3441 1408 3512 Ὶόύρκοι
1441 3443 1577 3509 προς
1602 3440 1664 3492 τὸ
1729 3437 1960 3506 στρατόο

384 3543 570 3596 πεδον.
604 3539 727 3593 Τῶν
751 3537 1012 3606 Τούρκων
1041 3535 1097 3587 δὲ
1131 3533 1493 3602 ἐπικειμένων
1525 3531 1739 3600 βοηθεῖν
1765 3532 1779 3550 ⁶
1812 3531 1961 3580 ἐπει-

387 3636 523 3704 ρᾶτο
553 3630 670 3700 μετ’
724 3628 919 3694 ὀλίγων
959 3627 1068 3678 τῶν
1107 3625 1372 3690 ξυνόντων
1412 3621 1580 3690 αὐτῷ.
1617 3622 1722 3673 Καὶ
1773 3622 1956 3690 μέντοι

387 3725 486 3776 καί
518 3720 823 3790 βεϐοήθηκε
852 3718 949 3769 καὶ
1001 3716 1210 3768 σέσωκε
1266 3712 1466 3784 μικροῦ
1522 3713 1634 3766 δεῖν
1691 3711 1956 3774 ἅπαντας.

385 3813 562 3874 Αὐτὸς
592 3811 648 3864 δὲ
681 3809 772 3862 τὸν
827 3807 969 3878 ὑπὲρ
1017 3807 1235 3861 πάντων
1268 3803 1666 3874 ἀναδεξάμενος
1718 3801 1961 3855 κίνδυνον

387 3903 542 3974 παρὰ
587 3899 786 3972 μικρὸν
819 3899 964 3955 ἑάλω
996 3914 1010 3930 ο
1039 3900 1096 3962 ἐς
1135 3897 1336 3968 μέσους
1370 3897 1478 3966 γὰρ
1517 3893 1710 3948 ἑαυτὸν
1739 3892 1962 3964 ὠθήσας

2127 2711 2180 2765 5.
2219 2711 2313 2767 [iis
2346 2711 2436 2766 ille
2469 2726 2767 2782 persuasus
2803 2711 2856 2764 in
2892 2710 3088 2766 castris
3119 2712 3339 2765 mansit.
3384 2710 3481 2764 Isa:
3505 2712 3626 2766 eius

2058 2815 2239 2859 autem
2279 2819 2404 2858 cum
2439 2805 2662 2858 delectis
2710 2805 2883 2873 copiis
2923 2804 3032 2874 ϐο
3072 2805 3125 2857 in
3166 2803 3376 2859 Turcos
3425 2806 3627 2860 vadens

2057 2896 2252 2951 obvios
2289 2896 2479 2949 habuit
2506 2910 2598 2949 eos
2635 2896 2687 2948 in
2725 2895 2924 2949 finibus
2953 2895 3332 2964 Cappadocite.
3364 2895 3453 2948 tibi
3476 2910 3628 2948 com-

2060 2989 2233 3040 misso
2266 2987 2448 3041 statim
2490 2988 2676 3056 praelia
2718 2988 2974 3056 fugantur
3009 2986 3257 3050 Romani,
3306 2987 3443 3041 duce
3483 2987 3628 3040 inte-

2063 3077 2163 3128 rim
2222 3078 2486 3147 intrepide
2540 3091 2833 3148 pugnante,
2887 3078 3064 3149 quoad
3113 3076 3520 3132 circumventus
3557 3077 3627 3130 ab

2059 3169 2309 3222 hostibus
2347 3185 2490 3238 equo
2545 3186 2608 3224 ex
2666 3171 2889 3224 vulnere
2940 3171 3261 3224 Sllblttbt‘ﬂle
3298 3170 3461 3224 simul
3499 3185 3626 3226 cum

2051 3273 2117 3312 eo
2149 3259 2384 3314 afﬂictus
2416 3261 2564 3313 humi
2598 3273 2790 3329 raptus
2821 3270 2906 3315 est
2949 3271 3002 3314 et
3031 3263 3230 3316 dtu-tus
3271 3277 3299 3314 a
3335 3260 3529 3316 Turcis
3570 3261 3624 3314 in

2056 3349 2298 3416 ipsorqu
2340 3360 2540 3402 castra.
2579 3349 2711 3402 Cum
2742 3366 2871 3402 vero
2904 3349 3088 3402 fracta:
3115 3350 3461 3416 disjectthue
3490 3349 3626 3400 aciei

2060 3437 2315 3492 Romamn
2351 3441 2616 3492 instarent
2655 3441 2888 3492 victores
2927 3438 3114 3501 Turci,
3164 3453 3459 3506 erumpens
3490 3439 3631 3491 vallo

2061 3540 2184 3578 cum
2225 3529 2412 3594 paucis
2454 3527 2677 3580 Alexius
2724 3528 3134 3581 memorabilem
3178 3542 3414 3597 pugnant
3465 3526 3628 3593 fecit,

2063 3632 2186 3684 quae
2247 3632 2384 3685 pene
2439 3619 2694 3672 omnibus
2744 3619 2902 3672 saluti
2951 3617 3047 3674 fuit
3090 3620 3385 3674 discrimen
3425 3621 3538 3689 ipse
3574 3621 3628 3674 in

2059 3718 2224 3778 caput
2285 3724 2444 3762 suum
2515 3718 2685 3764 totum
2742 3712 3022 3780 excipiens
3084 3721 3137 3766 ct
3202 3711 3344 3766 ultro
3401 3727 3626 3766 vocans.

2059 3801 2290 3866 Quando
2319 3812 2373 3854 ct
2411 3818 2601 3872 parum
2634 3803 2800 3858 abfuit
2831 3807 2959 3874 quin
3007 3815 3314 3875 caperetur.
3353 3821 3477 3859 cum
3507 3820 3628 3860 sese

2059 3893 2114 3947 iu
2152 3893 2360 3951 medios
2393 3895 2715 3951 lminisisset
2745 3897 2930 3951 hostes
2960 3906 3013 3951 et
3039 3913 3162 3951 cum
3195 3898 3286 3968 qui
3329 3914 3387 3951 se
3419 3899 3628 3966 primus

1415 4034 1620 4099 Caroli
1654 4038 1748 4098 Du
1792 4037 2034 4099 Fresne
2073 4037 2174 4098 Du
2207 4038 2416 4120 Gange
2449 4047 2640 4103 notos.

391 4171 668 4242 Edwardo
703 4171 995 4226 Scotorum
1033 4184 1194 4242 rege.
1229 4175 1423 4224 exorta
1471 4167 1663 4242 estde
1709 4167 1856 4222 illius
1902 4167 1954 4222 in
1990 4175 2032 4229 D
2062 4180 2301 4242 castrum
2325 4177 2333 4195 ³
2359 4186 2412 4242 σί
2445 4170 2792 4242 Βιιιιίοιοτιιηι
2848 4168 3156 4242 haeredibus
3193 4177 3412 4242 emerat
3469 4180 3625 4226 antea

388 4243 618 4297 Francia
659 4241 820 4297 bouis
858 4237 1231 4297 controversia
1263 4255 1328 4294 ac
1368 4241 1436 4293 de
1471 4237 1692 4291 Balliolo
1724 4251 1956 4306 praeser-

391 4315 512 4377 tim,
547 4313 689 4364 inter
721 4310 1070 4380 Radulphum
1111 4311 1178 4365 de
1213 4309 1503 4380 Codiciaco
1554 4305 1751 4360 Montis
1796 4305 1959 4380 Mira-

392 4376 516 4437 bilis
560 4376 916 4448 toparcham;
957 4378 1308 4434 Catharinam
1355 4377 1766 4448 Atrebatensem
1811 4376 1962 4448 Albae

2063 4239 2361 4294 Edwardus
2390 4241 2594 4295 Anglia:
2642 4256 2735 4292 rex
2774 4249 2828 4294 et
2870 4241 3152 4292 comitatui
3188 4239 3498 4294 Pontivensi
3528 4243 3629 4295 ad-

2059 4309 2336 4376 junxerat.
2395 4309 2498 4360 Sed
2555 4319 2610 4360 et
2655 4309 2756 4360 hoc
2789 4309 3080 4361 notandum
3117 4310 3186 4363 ab
3222 4311 3412 4362 eodem
3462 4309 3629 4364 Helli-

2064 4380 2300 4449 curtcnsi
2332 4377 2536 4446 praedio
2565 4376 2783 4430 fluxisse
2811 4377 3123 4430 Balliolanze
3154 4379 3369 4432 familiae
3407 4383 3628 4449 symbo-

391 4451 572 4505 δίδη-ιω
619 4444 959 4504 cetttitissatti
995 4458 1048 4502 et
1094 4449 1373 4519 Hugonem
1424 4447 1492 4500 de
1533 4444 1820 4519 Meleduno
1855 4446 1965 4519 _An-
2021 4465 2025 4470 λ
2065 4446 2174 4519 l__utn
2204 4463 2305 4519 seu
2332 4444 2646 4519 clamorem,
2673 4457 2731 4500 ut
2761 4459 2974 4519 vocant,
3011 4450 3320 4519 militarem.
3347 4444 3630 4518 quivolgo

393 4521 570 4576 toniui
631 4520 916 4574 dominum
959 4524 1145 4574 uxoris
1184 4514 1365 4588 'jure;
1414 4514 1959 4588 cessitque__tandcm

390 4589 734 4644 Ballioleusis
773 4588 1090 4642 castellanis
1144 4583 1432 4656 Radttlpho
1453 4584 1521 4656 fl.
1564 4583 1621 4638 ut
1668 4583 1962 4656 Christintn

391 4663 455 4713 de
483 4658 736 4724 Bailleul,
775 4657 1025 4712 Edwardi
1063 4654 1415 4727 patruelis‘ex
1449 4655 1559 4727 tilio
1589 4654 1770 4727 nepoti
1793 4693 1809 4719 ,
1854 4667 1962 4727 qua

391 4731 482 4785 ille
511 4729 820 4798 potiebatur
871 4743 962 4780 an.
1017 4724 1175 4798 1370.
1229 4726 1304 4780 Ex
1338 4724 1633 4798 praedictis
1675 4725 1783 4798 jam
1827 4724 1962 4798 satis

392 4792 667 4868 superque
729 4807 982 4868 constare
1048 4797 1285 4852 arbitror
1336 4792 1691 4868 Balliolenses
1755 4792 1961 4868 Anglos

391 4863 696 4936 Scotosque
731 4884 834 4920 non
871 4884 900 4920 a
941 4865 1304 4920 Nortnannica
1354 4863 1962 4936 ciosdcntrnomencla-

394 4949 531 4992 tura:
572 4931 772 4990 familia
805 4937 1093 5006 prodiisse,
1135 4939 1226 4990 Sed
1261 4952 1324 4990 ex
1363 4931 1424 5006 ea
1462 4949 1582 5004 quae
1614 4935 1664 5006 in
1708 4931 1959 5006 Vincula-

391 5009 543 5063 censi
580 5022 710 5076 agro
741 5000 927 5060 floruit
958 5016 1010 5060 et
1038 5000 1307 5076 Picardia,
1357 5005 1447 5058 ubi
1479 5000 1683 5076 praadia
1724 5003 1787 5076 de
1809 5000 1962 5054 Baii-

391 5080 538 5142 lettl,
593 5073 657 5129 d'e
711 5076 1039 5145 Dampicrre,
1081 5077 1143 5129 de
1194 5075 1486 5129 Hellicourt
1533 5083 1586 5126 et
1632 5075 1696 5126 de
1745 5073 1961 5140 Mornag

391 5149 656 5216 pOsSedit.
689 5145 1000 5210 Balliolum,
1053 5149 1194 5216 quod
1227 5149 1380 5216 genti
1413 5145 1956 5216 appellationemde-

390 5211 492 5281 ibt,
554 5226 699 5270 tenet
759 5217 916 5270 hodie
975 5211 1169 5269 domus
1225 5211 1610 5268 Klelunia'seu
1641 5213 1706 5266 de
1757 5211 1955 5274 Melan,

391 5287 740 5360 Dampetratn
787 5298 840 5360 et
887 5285 1202 5360 llornaiuur
1237 5283 1574 5360 “ambul-ca,
1623 5281 1956 5360 Hicin-tiu!

391 5349 628 5426 (leniunt:
691 5356 968 5409 ltouhahta
1010 5371 1104 5426 seu
1164 5354 1460 5426 Gamachia
1514 5369 1594 5426 ex
1629 5353 1808 5426 Car_o|i
1865 5349 1958 5426 Ytl

389 5422 637 5480 Francia:
689 5428 830 5496 tegis
879 5428 1022 5480 dono
1061 5423 1365 5496 Joachinio‘
1393 5423 1672 5496 lloubaldo
1717 5422 1960 5496 Francia:

389 5496 712 5551 marescallo
754 5493 859 5550 Sub
901 5511 1084 5552 annuo
1135 5510 1304 5551 censu
1345 5494 1507 5549 facto.
1547 5493 1699 5559 Quod
1735 5493 1955 5562 quidem

453 5617 499 5652 ³⁸
527 5615 848 5667 Duchesuius
875 5615 922 5666 in
947 5615 1075 5667 Hist.
1126 5613 1288 5668 σοιτίς.

451 5725 471 5745 ‘
491 5725 703 5781 Βοηθεῐν.
730 5725 923 5775 Excidit
951 5736 1128 5773 nomen
1153 5723 1336 5771 Alcxii.

2066 4516 2300 4586 Scoticis
2337 4517 2553 4586 regibus
2593 4517 2644 4586 in
2690 4517 3002 4570 universum
3051 4517 3341 4586 ascribitur
3395 4534 3424 4570 a
3461 4516 3625 4572 lccia-

2063 4585 2207 4641 libus
2240 4584 2464 4651 nostris,
2491 4587 2581 4655 qui
2614 4584 2808 4640 Joauni
2839 4596 2892 4639 ct
2939 4586 3200 4640 Edwardo
3246 4585 3630 4655 Balliolispro.

2064 4657 2217 4724 prius
2265 4657 2366 4710 fuit
2413 4672 2607 4725 nempe
2654 4656 2942 4709 Hellt'court
2983 4672 3046 4710 en
3101 4655 3345 4708 Pontica.
3404 4655 3475 4708 Ex
3520 4673 3629 4722 quo

2064 4740 2347 4794 perperam
2377 4735 2431 4780 et
2464 4726 2744 4779 infeliciter
2769 4729 2902 4780 satis
2921 4725 3206 4794 Viguerius
3224 4727 3326 4780 sub
3347 4740 3433 4778 an.
3467 4725 3628 4788 1286.

2065 4795 2446 4850 Crucimanius
2506 4798 2558 4848 in
2609 4795 2750 4850 Bibl.
2803 4798 2987 4864 script.
3037 4796 3252 4857 Gallia,
3293 4811 3347 4863 p.
3399 4795 3524 4858 528,
3576 4806 3632 4850 rt

2067 4866 2368 4933 Sauvagius
2439 4866 2502 4918 ad
2559 4865 2856 4918 Chronicon
2927 4865 3205 4918 Flandrt’w
3277 4867 3625 4918 vernaculum

2066 4950 2116 4988 c.
2155 4935 2223 4987 58
2255 4936 2551 4989 llaricurizc
2583 4936 2834 4988 dominos
2873 4936 3042 4988 fuisse
3081 4935 3335 4988 Ualliolos
3375 4936 3627 4989 hariolati

2065 5017 2211 5057 sunt.
2273 5006 2459 5059 Gentis
2515 5004 2750 5058 Balliolae
2794 5006 3202 5057 Vincmaceusis
3257 5020 3408 5058 arma
3455 5016 3509 5058 ct
3549 5007 3632 5058 in-

2065 5075 2238 5144 signia
2267 5077 2413 5128 varie
2440 5075 2668 5128 elici-unt
2686 5075 2832 5136 libri,
2855 5091 2994 5140 quos
3016 5086 3207 5127 vocant
3239 5073 3623 5128 Provinciales.

2065 5144 2466 5214 Manuscriptus
2503 5145 2752 5199 Scoticus
2778 5147 2868 5212 qui
2902 5160 3066 5212 penes
3100 5159 3184 5197 me
3218 5154 3320 5208 est,
3353 5149 3627 5214 scutulntu

2065 5213 2377 5285 argenteum
2417 5217 2468 5267 in
2511 5216 2730 5266 miniata
2763 5231 2885 5267 area
2923 5215 3182 5281 assignat.
3218 5219 3366 5268 Alter
3389 5213 3629 5267 Gallicus

2065 5287 2337 5338 scutulqu
2366 5294 2703 5353 argenteum,
2743 5286 2934 5339 tertius
2963 5287 3283 5339 Arineniaco
3311 5285 3626 5337 distinctum

2065 5358 2263 5409 vellere
2316 5354 2474 5409 Iacit.‘
2513 5353 2824 5408 Duchenius
2900 5355 3134 5423 denique
3201 5357 3475 5410 scutulum
3535 5365 3630 5406 ru-

2067 5426 2223 5480 bcuut
2255 5426 2308 5480 in
2339 5427 2662 5481 Armeniaca
2699 5439 2822 5478 area
2855 5426 3122 5480 attribuit.
