4070 6214
445 289 550 360 103

1645 285 2068 347 NICEPIIORI
2110 285 2491 348 BRYENNII

3593 284 3694 352 104

445 407 710 466 accedere
742 419 912 460 ausus
939 412 1057 459 erat
1082 416 1283 474 magno
1316 400 1485 457 hastae
1516 399 1628 456 ictu
1665 402 2014 460 interfecisset

2130 404 2260 467 τοὺς
2285 403 2583 474 πολεμίους
2611 405 2707 458 καὶ
2739 403 2818 475 τῷ
2862 403 3049 475 δόρατι
3095 402 3306 474 πλήξας
3336 403 3428 456 τὸν
3475 403 3698 460 ἐπιόντα

441 501 862 568 stravissetque.
903 494 1265 551 Circumfusis
1311 494 1506 548 deinde
1553 495 1794 564 undique
1825 496 2018 550 Turcis

441 602 562 646 tuta
594 591 745 644 illum
781 589 997 642 eminus
1019 587 1354 656 jaeulatione
1395 583 1781 639 infestantibus
1817 587 2019 640 ἱΙΙεΡειιε

441 681 843 748 divina-utique
894 695 1056 732 manu
1095 686 1342 732 εει-ιαιυς
1385 684 1466 730 est
1517 679 1630 745 ipse
1677 679 1916 746 quidem.
1967 691 2022 732 et

439 787 618 840 equus
651 784 762 838 quo
795 769 1097 823 vehebatur
1143 771 1327 822 multis
1373 769 1671 822 transfixus
1713 769 1928 838 sagittis
1962 786 2020 825 se

441 874 829 930 rectoremque
861 877 1021 914 sumn
1055 861 1244 914 effudit
1273 861 1325 914 iu
1365 871 1586 914 terram.
1621 859 1742 926 Quo
1776 873 2020 930 tempore

441 954 670 1009 comites
693 953 836 1022 ejus,
860 952 1061 1021 quibus
1088 961 1207 1005 erat
1231 951 1592 1006 cltarissimus
1621 960 1809 1021 utpote
1833 969 2021 1007 amore

440 1043 798 1111 dignissimus
824 1043 1098 1104 omnium,
1125 1043 1448 1097 exsilientes
1485 1058 1546 1095 ex
1584 1043 1744 1110 equis
1790 1045 1856 1096 ad
1893 1059 2018 1098 eum

441 1146 806 1190 Cucurreruut
836 1136 1252 1202 ambientesque
1285 1134 1464 1202 ipsqu
1503 1142 1557 1188 et
1587 1150 1710 1187 cum
1741 1149 1807 1187 eo
1838 1133 2019 1187 furtis-

441 1227 578 1279 sime
612 1235 919 1294 pugnantes
961 1225 1204 1292 periculo
1239 1225 1455 1277 tandem
1502 1233 1824 1278 exemerunt
1869 1239 2018 1278 eum.

441 1317 769 1380 Quindet-im
816 1327 974 1370 erant
1000 1333 1210 1377 omnes,
1243 1333 1273 1370 c
1308 1316 1507 1385 quibus
1535 1317 1779 1384 quinque
1806 1326 2016 1372 tantum

443 1411 496 1460 in
534 1419 712 1462 castra
746 1409 878 1462 salvi
913 1423 1036 1461 cum
1085 1409 1273 1460 Alexin
1315 1409 1615 1468 redierunt,
1650 1409 1860 1462 caeteris
1889 1425 2016 1477 par-

443 1511 535 1554 tm
584 1502 780 1555 occisis
814 1503 1010 1569 partim
1061 1501 1254 1567 emptis.
1301 1499 1490 1553 Redux
1540 1514 1705 1568 porro
1751 1515 1782 1554 e
1836 1501 2021 1555 labore

445 1600 600 1644 tanto
654 1608 759 1644 non
817 1608 874 1644 se
929 1593 1042 1644 otio
1079 1592 1264 1656 dedit,
1317 1592 1410 1645 sed
1460 1601 1638 1646 castra
1690 1592 2019 1648 circumiens

441 1684 837 1738 corroborabat
892 1686 1105 1737 animos
1155 1683 1390 1736 militum
1441 1698 1768 1752 magnopere
1819 1685 2019 1738 adhor-

2127 495 2360 567 πρώτως
2408 495 2506 550 καὶ
2552 496 2745 567 νεκρὸν
2792 496 2953 558 εὐθὺς
3008 493 3322 559 ἀποδείξας,
3359 494 3548 566 ἐπειδὴ
3593 497 3700 551 ὑπὸ

2123 587 2332 640 τούτων
2348 585 2665 641 κεκύκλωτο
2683 588 2778 642 καὶ
2803 589 2872 642 τὰ
2896 587 3028 657 βέλη
3049 585 3392 655 πανταχόθεν
3418 586 3701 656 ἐπέμπετο

2126 677 2248 730 κατ’
2287 675 2478 738 αὑτοῦ,
2509 677 2673 739 αὐτὸς
2697 677 2890 747 ἀσινὴς
2931 676 3036 728 ὑπὸ
3070 675 3167 746 τῆς
3197 675 3407 730 ἄνωθεν
3433 679 3702 746 τετήρητο

2123 767 2328 832 δεξιᾶς,
2363 769 2391 821 6
2414 767 2470 820 δέ
2505 768 2673 832 ῖππος
2701 761 2746 836 ᾧ
2779 768 3046 838 ἐπωχεῖτο
3076 767 3146 821 τὰ
3190 767 3422 820 πλεῖστα
3463 767 3570 820 τῶν
3613 768 3701 837 βεο

2125 861 2238 912 λῶν
2268 859 2564 930 ὑπεδέχετο
2596 861 2692 912 καὶ
2725 859 2806 922 είς
2845 859 2952 928 γῆν
2991 861 3088 912 σὺν
3139 859 3218 929 τῷ
3267 859 3502 930 ἐπισάτῃ
3572 879 3702 914 κατ-

2128 950 2350 1004 έπεσεν.
2401 951 2550 1004 Ἀλλ’
2585 952 2634 1003 oi
2685 951 2816 1021 περὶ
2852 952 3036 1016 αὑτὸν,
3086 949 3370 1020 φιλοῦντες
3395 953 3558 1007 αὑτὸν
3612 948 3700 1007 οἷα

2126 1043 2401 1111 φιλήσεως
2433 1041 2606 1106 ἀξιον,
2663 1043 2773 1094 τῶν
2824 1042 3009 1094 ἵππων
3065 1042 3551 1113 καταπηδήσαντες
3605 1045 3704 1098 καὶ

2127 1134 2391 1200 γενναίως
2453 1133 2548 1196 ξὺν
2613 1132 2810 1202 ἐκείνῳ
2858 1134 3266 1203 ἀγωνισάμενοι
3318 1133 3412 1187 τοῦ
3453 1135 3700 1190 κινδύνου

2126 1223 2316 1275 τοῦτον
2343 1223 2664 1294 ἐρρύσαντοο
2697 1224 3088 1278 πεντεκαίδεκα
3108 1213 3338 1278 δ’δντων
3371 1225 3701 1296 ξυμπάντων

2129 1313 2292 1366 πέντε
2330 1315 2482 1383 μόνοι
2537 1317 2618 1378 είς
2656 1315 2716 1367 τὸ
2755 1316 3123 1387 στρατόπεδον
3181 1315 3274 1380 ξῦν
3323 1317 3470 1388 αὐτῷ
3509 1317 3702 1372 διεσώ-

2129 1405 2322 1472 θησαν,
2371 1405 2479 1458 τῶν
2529 1406 2586 1458 δὲ
2636 1405 2838 1458 λοιπῶν
2873 1407 2926 1459 οι
2988 1407 3089 1474 μὲν
3153 1407 3499 1478 ἀνῃρέθησαν
3537 1410 3590 1462 οἱ
3643 1411 3703 1462 δὲ

2127 1497 2395 1549 ἑάλωσαν.
2455 1495 2754 1560 Διασωθεὶς
2815 1497 2872 1550 δέ
2934 1499 3015 1561 είς
3068 1498 3128 1551 τὸ
3183 1501 3544 1568 στρατόπεδον
3601 1505 3703 1555 οἶκ

2126 1589 2434 1659 ἠρέμησεν,
2469 1589 2605 1642 ἀλλά
2645 1587 2831 1659 κύκλῳ
2882 1591 3158 1661 περιθέων
3197 1593 3290 1644 τοῦ
3344 1595 3584 1664 χάρακος
3632 1596 3703 1648 τὰ

2127 1682 2454 1751 φρονήματα
2482 1680 2590 1734 τῶν
2641 1682 2996 1751 στρατιωτῶν
3026 1682 3425 1752 ἐπερρώννυεν,
3461 1685 3537 1748 ὼς
3596 1703 3700 1756 μη-

444 1785 587 1839 tans,
630 1791 696 1828 ne
728 1776 856 1842 quid
895 1775 1139 1828 ltumaua
1177 1775 1545 1844 generositate
1577 1775 1858 1844 indignum
1887 1789 2014 1829 con-

2127 1772 2214 1824 δέν
2248 1789 2301 1824 τι
2330 1771 2431 1840 τῆς
2495 1771 2810 1841 Ῥωμαῖκῆς
2870 1775 3253 1842 γενναιότητος
3287 1776 3436 1840 ἀξιον
3477 1793 3701 1847 πεπρα-

444 1867 762 1920 scisrerent.
806 1867 887 1919 Illi
925 1869 1101 1935 quoad
1133 1867 1252 1920 dies
1281 1866 1383 1919 fuit
1419 1867 1469 1918 in
1500 1867 1604 1936 61
1647 1867 1766 1920 loco
1810 1876 2023 1936 persta-

443 1957 574 2010 bant
629 1959 991 2022 admirantes,
1051 1958 1182 2025 quin
1239 1959 1401 2010 etiam
1461 1957 1758 2011 laudabant
1802 1958 2020 2026 juvenis

444 2049 711 2113 animum,
740 2049 1125 2116 supplicesque
1156 2049 1438 2101 tendentes
1465 2065 1660 2104 manus
1689 2051 2017 2104 salvatorem

441 2155 567 2193 eum
598 2150 652 2193 et
689 2141 1090 2193 benefactorem
1120 2141 1516 2194 acclauiahaut.
1550 2142 1716 2210 Euge.
1750 2143 2017 2211 dicentes,

439 2251 471 2284 u
505 2234 847 2297 adolescens,
905 2249 937 2285 ο
993 2234 1254 2294 salvator,
1299 2247 1333 2286 ο
1380 2234 1729 2302 gubernator,
1773 2251 1807 2288 ο
1859 2237 2020 2306 hujus

443 2327 578 2376 inire
629 2326 828 2377 SCI‘Vstli
885 2325 1112 2378 Romani
1157 2326 1432 2378 exercitus
1463 2325 1739 2378 liberator.
1774 2324 1949 2394 Euge.
1986 2343 2020 2381 υ

439 2415 687 2482 corporis
735 2416 1181 2484 impedimentum
1235 2416 1288 2466 in
1343 2429 1574 2483 corpore
1609 2418 1695 2467 vix
1753 2418 2016 2471 sentiens.

441 2502 712 2557 Fruamur
746 2504 964 2572 longum
1015 2504 1249 2556 heroicis
1282 2502 1618 2558 facinoribus
1669 2506 1790 2558 istis
1836 2521 2021 2559 serve-

442 2594 625 2661 iisque
673 2597 880 2647 utinam
932 2595 1088 2647 nubis
1133 2594 1185 2645 in
1232 2594 1548 2664 longissima
1595 2606 1836 2664 tempora
1869 2610 2021 2650 cum-

441 2702 604 2738 iuuue
635 2686 806 2739 decus
837 2687 1262 2754 praesidiumque
1292 2687 1520 2754 publicae
1550 2689 1647 2740 rei.
1678 2688 1773 2742 llis
1799 2690 2023 2758 applau-

441 2778 596 2830 sibus
651 2778 774 2830 nori
834 2780 992 2830 ducis
1045 2781 1463 2847 generositatem
1522 2792 1822 2850 augentes,
1888 2781 2019 2835 dum

440 2867 787 2920 celebrabant
845 2870 1068 2932 milites,
1124 2885 1245 2924 sese
1300 2871 1440 2924 vallo
1491 2872 1877 2938 continebant,
1927 2873 2022 2928 illo

443 2959 676 3012 subinde
729 2957 875 3014 foras
923 2972 1278 3029 procurrente
1342 2979 1406 3017 ac
1455 2965 1652 3018 multos
1699 2965 2019 3020 irruentium

442 3050 678 3104 hastium
725 3054 1029 3117 occidente,
1077 3056 1214 3109 alios
1248 3054 1489 3125 fugante.
1538 3057 1638 3111 Ubi
1691 3068 1870 3112 autem
1909 3075 2014 3113 nox

442 3137 605 3199 Vt'tlil,
665 3154 790 3191 cuiu
838 3142 1299 3197 animadverteret
1334 3145 1558 3198 Alexius
1587 3163 1778 3201 omnes
1812 3149 2014 3204 milites

440 3241 635 3294 parare
667 3231 868 3298 passim
904 3248 960 3286 se
1004 3245 1167 3300 atque
1207 3236 1464 3303 expedire
1501 3252 1596 3305 pro
1633 3255 1690 3291 se
1717 3255 2012 3309 quemque,

441 3333 752 3391 pergratum
793 3323 843 3376 id
881 3325 982 3394 ipsi
1054 3327 1178 3392 fuit,
1214 3331 1359 3397 quod
1409 3344 1468 3383 se
1501 3329 1651 3398 ipsos
1696 3336 1764 3385 ad
1810 3347 2044 3402 pugnant

439 3412 554 3467 suis
592 3431 712 3482 qua:
751 3417 942 3469 ίίυιθιιι
979 3419 1257 3473 indicavit.

511 3507 562 3561 6.
599 3510 677 3559 Ad
711 3510 816 3560 tale
861 3511 1118 3564 indicium
1162 3513 1396 3568 silebant
1443 3517 1660 3584 quidem
1694 3518 1822 3582 alii;
1871 3536 2014 3576 unus

436 3618 566 3655 Vero
598 3603 813 3654 illorum
849 3621 1011 3656 tuantt
1049 3617 1308 3662 strenuus
1340 3621 1392 3663 et
1424 3626 1524 3664 usu
1563 3627 1741 3665 rerum
1776 3616 2016 3680 pruden-

439 3694 626 3761 tiaque
678 3695 868 3747 multis
925 3709 1195 3762 prtestans
1246 3697 1560 3754 Theodotus
1625 3705 1842 3757 nomine
1905 3720 2012 3758 non

439 3783 682 3836 fausttun
720 3783 860 3836 dixit
891 3785 1059 3838 videri
1096 3789 1385 3855 augurium
1427 3790 1636 3860 accingi
1683 3795 1881 3847 uultes
1911 3795 2014 3846 iiii-

439 3871 680 3924 iuinente
715 3881 875 3926 nocte
916 3870 1190 3941 fugituros
1239 3891 1400 3941 mox,
1443 3894 1638 3948 nempe
1684 3892 1742 3933 ut
1776 3885 2008 3949 primum

436 3972 554 4019 tuto
605 3975 862 4034 poterunt.
912 3957 1320 4022 intendentibus
1367 3983 1425 4023 se
1477 3971 1732 4026 tenebris.
1765 3975 1840 4025 Ad
1869 3975 2013 4030 hanc

441 4073 628 4112 vocem
698 4059 905 4129 ingenti
962 4058 1151 4114 dolore
1206 4074 1306 4115 suo
1379 4061 1644 4116 intellexit
1701 4065 2018 4124 adolescens

436 4150 792 4201 vehementer
821 4163 1043 4203 errasse
1071 4164 1151 4213 se,
1189 4151 1281 4221 qui
1311 4168 1375 4208 ex
1416 4155 1750 4212 conscientia
1792 4173 2019 4228 generu-

437 4239 620 4294 sitatis
666 4243 903 4310 propriae
951 4241 1020 4296 de
1063 4242 1180 4297 suis
1213 4244 1480 4300 militibus
1515 4249 1858 4306 aestimasset.
1911 4253 2018 4306 Re-

435 4329 580 4398 cepit
609 4343 668 4382 se
703 4338 883 4383 tamen
918 4329 972 4383 in
1011 4332 1426 4388 tabernaculum
1457 4348 1796 4401 cmuaturus,
1844 4349 2014 4394 totum

2121 1865 2298 1934 χέναι.
2336 1864 2483 1926 Ἕως
2515 1864 2615 1933 μὲν
2649 1859 2744 1915 οῦν
2788 1864 2969 1936 ἡμέρα
3003 1859 3093 1934 ἦν,
3123 1866 3454 1936 ἐκαρτέρουν
3505 1865 3603 1918 καὶ¹
3637 1866 3699 1920 τὸ

2121 1957 2370 2023 γενναῖον
2393 1954 2491 2007 τοῦ
2525 1955 2648 2008 νέου
2682 1953 3058 2025 θαυμάζοντες
3107 1956 3340 2027 ἐπῄνουν
3373 1959 3468 2010 καὶ
3509 1961 3701 2029 χεῖρας

2123 2051 2359 2114 ἱκέτιδας
2399 2051 2770 2114 ἀνατείνοντες
2798 2054 3045 2124 ισωτῆρα
3102 2060 3196 2108 καὶ
3239 2056 3538 2126 εὐεργέτην
3571 2058 3702 2111 ἑκά·

2121 2140 2270 2206 λουν,
2311 2159 2330 2194 ι
2367 2137 2531 2210 Εὖγε,
2576 2160 2592 2193 ι
2633 2141 2904 2210 λέγοντες,
2956 2161 2974 2192 ι
3021 2137 3066 2195 ὦ
3107 2145 3316 2208 νεανία,
3359 2145 3387 2196 6
3440 2145 3640 2215 σωτὴρ.
3673 2149 3703 2198 6

2122 2233 2486 2303 κυόερνήτης,
2536 2235 2564 2286 6
2590 2236 2689 2302 τῆς
2723 2235 3123 2303 περισωθείσης
3178 2236 3344 2306 τῆσδε
3386 2236 3702 2307 Ῥωμαῖκῆς

2125 2328 2385 2395 στρατιᾶς
2421 2325 2644 2396 ρύστης.
2689 2323 2828 2394 Εὖγε
2879 2329 2906 2380 6
2937 2327 3230 2396 ἀσώματος
3263 2331 3463 2400 μικροῦ
3491 2331 3602 2384 δεῖν
3638 2333 3699 2384 ἐν

2125 2420 2358 2488 σώματι.
2421 2423 2718 2492 Ὀναίμεθά
2753 2440 2846 2475 σου
2873 2423 2983 2474 τῶν
3017 2423 3544 2494 ἀνδραγαθημάτων,
3601 2426 3700 2478 καὶ

2121 2513 2420 2582 τηρηθείης
2447 2515 2578 2582 ἡμῖν
2597 2516 2678 2577 είς
2711 2515 2940 2584 χρόνους
2971 2518 3212 2584 μακροὺς
3234 2516 3413 2569 κοινὸν
3429 2516 3642 2585 ὄφελος.
3673 2537 3692 2568 ι

2125 2603 2347 2666 Τούτοις
2396 2605 2827 2674 ἐπιρῤωννύντες
2860 2605 2952 2659 τοῦ
2989 2608 3110 2660 νέου
3145 2608 3449 2678 στρατηγοῦ
3485 2609 3546 2662 τὺ
3572 2626 3696 2676 γεν-

2122 2697 2269 2748 ναῖον
2304 2693 2496 2762 έμενον
2523 2698 2577 2748 ἐν
2597 2697 2672 2767 τῷ
2705 2698 3072 2769 στρατοπέδῳ,
3101 2700 3309 2751 ἐκείνου
3337 2699 3430 2752 τοῦ
3459 2700 3698 2769 χάρακος

2123 2785 2514 2856 προεκθέοντος
2552 2789 2648 2840 καὶ
2703 2788 2931 2852 πολλοὺς
2965 2790 3074 2841 τῶν
3109 2791 3373 2843 ἐπιόντων
3419 2792 3698 2861 πολεμίων

2122 2877 2498 2946 ἀναιροῦντος,
2531 2882 2657 2942 τοὺς
2690 2880 2748 2933 δέ
2773 2885 2865 2933 καὶ
2908 2881 3329 2945 ἀποσοϐοῦντος.
3361 2885 3472 2954 Τῆς
3503 2884 3700 2947 νυκτὸς

2121 2966 2178 3018 δὲ
2211 2967 2653 3039 καταλαῦούσης,
2703 2971 2825 3022 ἐπεὶ
2871 2970 3020 3041 ἐώρα
3076 2971 3398 3042 ξύμπαντας
3444 2975 3700 3044 εὑτρεπιο

2123 3059 2406 3127 ζομένους,
2443 3061 2630 3131 ἔχαιρέ
2690 3079 2770 3126 τε,
2803 3062 2878 3126 ὼς
2920 3066 3089 3126 εἰκὸς,
3143 3066 3388 3136 οἰόμενος
3437 3066 3514 3130 ὡς
3561 3065 3700 3136 πρὸς

2126 3148 2307 3218 μάχην
2337 3148 2536 3212 αὐτοὺς
2588 3151 3028 3220 εὐτρεπίζεσθαι,
3076 3157 3172 3209 καὶ
3223 3159 3336 3220 τοῖς
3368 3155 3698 3227 θεράπουσιν

2123 3239 2401 3293 ἐκοινοῦτο
2428 3240 2498 3293 τά
2539 3241 2810 3312 δρώμενα.

2121 3348 2443 3403 comparare
2499 3334 2777 3402 crederet,
2831 3337 3159 3410 famulisque
3217 3356 3282 3397 ac
3333 3341 3698 3401 familiaribus

2193 3521 2276 3592 [P.
2311 3519 2406 3592 44]
2446 3519 2532 3584 ς’.
2575 3521 2638 3572 Οἱ
2672 3521 2770 3590 μὲν
2804 3518 2896 3574 οῦν
2939 3521 3092 3575 ἄλλοι
3142 3524 3376 3592 ἐσίγωνο
3415 3521 3497 3588 εἷς
3525 3525 3580 3579 δέ
3613 3545 3698 3592 τις

2118 3615 2327 3665 τούτων
2359 3612 2605 3680 γενναῖος
2622 3610 2698 3664 ὢν
2717 3612 2858 3664 κατὰ
2890 3615 3046 3682 χεῖρα
3069 3615 3160 3666 καὶ
3194 3615 3359 3684 πείρᾳ
3381 3615 3489 3668 τῶν
3516 3617 3695 3670 ἄλλων

2118 3705 2417 3775 διαφέρων,
2469 3705 2724 3768 Θεόδοτος
2773 3703 3036 3776 τοῦνομα,
3081 3707 3183 3760 οὐκ
3235 3707 3441 3774 ἀγαθὸν
3502 3711 3694 3761 οἰωνὸν

2117 3797 2221 3864 ἔφη
2299 3796 2368 3848 τὰ
2431 3797 2781 3866 πραττόμενα
2849 3794 3029 3850 εἷιιαι·
3102 3799 3321 3852 ἐπειδὰν
3362 3799 3470 3871 γὰρ
3515 3801 3549 3870 ή
3595 3800 3694 3866 νῦξ

2119 3885 2383 3960 προέλθῃ,
2439 3889 2644 3943 αὐτίκα
2703 3888 2768 3958 δὴ
2878 3889 3024 3957 μάλα
3100 3890 3408 3957 φεύξονται.
3485 3890 3689 3944 Τούτου

2116 3981 2402 4050 λεχθέντος
2429 3981 2603 4050 λύπης
2633 3983 2659 4034 6
2691 3981 2910 4044 νεανίας
2957 3982 3288 4052 πεπλήρωτο
3343 3996 3357 4010 ⁸
3414 3982 3550 4053 ᾤετο
3580 3984 3690 4056 γάρ

2118 4073 2441 4143 ξύμπαντας
2470 4073 2608 4127 εἶναι
2642 4076 2741 4145 τῆς
2776 4073 2942 4127 αὑτοῦ
2967 4075 3368 4145 γενναιότητος.
3409 4075 3604 4147 Ἀπῄει
3643 4079 3690 4130 δ’

2115 4167 2268 4236 ὅμως
2317 4168 2411 4218 ἐπὶ
2451 4166 2549 4236 τὴν
2596 4167 2802 4234 σκηνὴν
2839 4166 3149 4235 δειπνήσων
3175 4183 3190 4196 ·
3246 4170 3430 4232 ἄσιτος
3466 4172 3576 4240 γὰρ
3628 4170 3691 4223 τὸ

2114 4259 2382 4327 παράπαν
2409 4258 2666 4327 διέμεινε.
2711 4257 2821 4309 Καὶ
2856 4259 2883 4310 6
2937 4258 3034 4328 μὲν
3083 4258 3164 4312 ἔτι
3207 4261 3691 4332 τεθωρακισμένος

2115 4349 2192 4403 ὢν
2245 4350 2505 4412 ἐδείπνει,
2567 4351 2615 4402 οί
2671 4349 2728 4402 δὲ
2775 4349 2950 4419 λάθρα
2987 4349 3080 4404 τοῦ
3147 4351 3392 4422 χάρακος
3452 4354 3690 4418 ἐξιόντες

434 4421 580 4473 enim
615 4420 755 4473 diem
788 4422 905 4475 sine
931 4421 1052 4476 cibo
1087 4432 1444 4494 transegerat.
1485 4428 1558 4482 Eo
1591 4444 1754 4498 porro
1778 4430 2008 4485 loricato

2118 4442 2370 4509 ἔφευγον.
2424 4441 2513 4503 Ὠς
2543 4441 2586 4493 δ’
2615 4442 2907 4512 ἀπηγγέλη
2956 4441 3132 4512 τούτῳ
3161 4420 3386 4512 φεύγειν
3429 4446 3576 4498 ἅπαν
3626 4447 3690 4498 τὸ

439 4517 514 4568 uti
546 4523 667 4568 erat
696 4524 952 4569 cwnante
991 4517 1195 4571 milites
1237 4519 1375 4572 clam
1409 4521 1550 4574 vallo
1589 4523 1791 4592 egressi
1833 4523 2009 4594 fugie-

439 4607 590 4660 I-ant.
634 4608 710 4660 Ad
744 4623 869 4661 etttn
901 4607 1172 4676 trepidum
1204 4613 1457 4664 nttntium
1496 4612 1701 4682 impetu
1747 4617 2008 4682 sequendi

435 4695 780 4770 sistendique
817 4700 1038 4767 fugaces
1079 4711 1262 4771 capto,
1312 4719 1436 4758 cum
1481 4720 1656 4775 equus
1702 4708 2009 4776 postulaths

435 4805 544 4842 non
577 4789 803 4843 daretur
836 4789 925 4842 vix
957 4791 1173 4844 inventa
1207 4792 1376 4857 mula,
1405 4792 1628 4848 Alexius
1667 4793 1919 4850 inscensa
1951 4797 2006 4850 in

434 4897 552 4934 eam
585 4893 830 4951 partem,
868 4881 977 4951 62
1017 4897 1124 4951 qua
1171 4885 1419 4938 exibatur
1467 4885 1596 4950 ruit,
1649 4897 1704 4939 et
1749 4902 2007 4944 revocare

430 4973 543 5041 jam
593 4990 844 5042 egressos
901 4986 954 5028 et
1005 4975 1242 5030 retinere
1284 4977 1464 5030 adhuc
1505 4977 1647 5032 intra
1681 4979 1879 5033 vallum
1922 4996 2009 5035 re-

435 5071 616 5127 pertus
655 5062 904 5131 cupiens.
941 5061 1046 5116 Sed
1074 5063 1187 5132 jam
1236 5065 1480 5119 exierant
1513 5081 1650 5135 pene
1683 5081 1872 5124 omnes
1919 5070 2006 5124 fu-

431 5162 669 5216 gamque
693 5151 1063 5206 maturabant.
1085 5151 1410 5222 Exiitigitur
1437 5164 1490 5207 et
1516 5156 1650 5224 ipse,
1672 5156 1782 5226 jam
1811 5158 2006 5215 Turcis

433 5238 696 5291 furtivum
745 5238 1120 5297 Romanorum
1162 5243 1366 5299 abitum
1401 5247 1761 5304 sentientibus
1806 5261 1859 5305 et
1898 5253 2004 5306 itu-

431 5342 557 5399 pctu
599 5348 760 5400 quam
811 5336 1290 5394 vehementissimo
1331 5355 1606 5410 manuque
1650 5344 1827 5396 valida
1869 5359 2005 5398 con-

431 5423 781 5477 tendentibus
831 5428 1048 5495 assequi
1103 5427 1392 5499 fugientes.
1451 5430 1636 5501 Itaque
1690 5435 1847 5488 vitari
1896 5451 2000 5489 non

432 5525 648 5582 paterat
702 5519 833 5586 quin
893 5532 1179 5590 caperetur
1219 5526 1462 5589 Alexius,
1509 5527 1612 5580 nisi
1665 5527 1998 5594 Theodotus,

435 5604 595 5672 cujus
639 5608 798 5662 modo
853 5612 1235 5677 meminimus,
1281 5618 1464 5669 audito
1509 5617 1735 5684 strepitu
1773 5606 2005 5686 sequen-

434 5697 572 5749 tium
600 5712 864 5770 equorum
888 5711 942 5757 et
965 5703 1240 5762 intellecto
1267 5707 1392 5763 inde
1413 5707 1717 5766 Turcorum
1746 5730 1995 5786 magnam

2116 4533 2433 4604 στράτευμα
2472 4533 2568 4586 καὶ
2595 4535 2755 4602 μόνον
2794 4534 2958 4588 αὐτὸν
3000 4535 3094 4599 ξῦν
3139 4536 3344 4604 ὀλίγοις
3374 4538 3686 4607 περιλελεῖ-

2115 4625 2268 4692 φθαι,
2305 4625 2472 4676 ἵππον
2500 4626 2729 4695 αἰτήσας
2767 4627 2992 4680 ἔσπευδε
3026 4627 3242 4698 βοηθεῖν
3281 4629 3376 4682 καὶ
3408 4630 3681 4699 ξυνέχειν.

2109 4717 2279 4778 Μόλις
2303 4715 2396 4769 οὖν
2419 4717 2645 4786 ἡμίονον
2675 4719 2924 4789 εὑρηκὼς
2960 4720 3367 4790 ἐπαναϐεϐήκει
3404 4722 3499 4773 καὶ
3546 4722 3685 4790 πρὸς

2112 4807 2211 4877 τὴν
2239 4807 2416 4871 ἔξοδον
2449 4808 2633 4878 ὥρμα,
2666 4809 2988 4879 βουλόμενος
3033 4811 3204 4882 αὐτὴν
3237 4815 3528 4881 κατασχεῖν
3585 4815 3685 4865 καὶ

2111 4900 2234 4961 τοὺς
2269 4900 2714 4970 περιλειφθέντας
2756 4901 2905 4962 ἐντὸς
2942 4903 3258 4968 συγκλεῖσαι
3281 4903 3373 4955 τοῦ
3419 4903 3678 4971 χάρακος.

2110 4988 2250 5042 Ἀλλ’
2282 4991 2524 5057 ἔφθασαν
2575 4991 2773 5062 μικροῦ
2807 4991 2918 5044 δεῖν
2969 4996 3160 5059 φυγεῖν
3207 4993 3468 5054 ἅπαντες.
3501 4995 3682 5064 Ἰεῖξῄῖι

2105 5079 2199 5133 οὖν
2230 5079 2327 5134 καῖ
2356 5083 2517 5144 αὐτὸς
2563 5083 2663 5154 ήδη
2703 5083 2812 5136 τῶν
2879 5083 3141 5153 Τούρκων
3198 5084 3542 5153 αἰσθομένων
3588 5085 3681 5137 τὸν

2105 5171 2213 5224 τῶν
2253 5171 2540 5240 Ῥωμαίων
2561 5174 2801 5243 δρασμὸν
2821 5175 2914 5226 καὶ⁵
2945 5176 3084 5243 μετὰ
3116 5174 3296 5246 ῥύμης
3311 5177 3394 5228 ὅτι
3419 5175 3679 5245 πλείστης

2105 5263 2200 5315 καὶ
2258 5261 2538 5332 δυνάμεως
2581 5265 2805 5334 ἰσχυρᾶς
2864 5269 3241 5335 ἐπειγομένων
3298 5268 3504 5336 φθάσαι
3551 5268 3677 5329 τοὺς

2108 5357 2432 5421 φεύγοντας,
2464 5356 2558 5407 καὶ
2584 5355 2753 5418 ἐάλω,
2795 5358 2844 5408 εί
2878 5359 2952 5427 μὴ
2991 5361 3020 5412 6
3048 5359 3324 5424 Θεόδοτος,
3355 5353 3414 5412 οῦ
3441 5359 3678 5429 πρόσθεν

2103 5449 2130 5498 6
2161 5445 2314 5513 λόγος
2341 5447 2606 5517 ἐμνήσθη,
2646 5449 2738 5500 τοῦ
2771 5451 2966 5519 κρότου
3008 5451 3115 5504 τῶν
3143 5451 3325 5504 ἵππων
3356 5453 3676 5520 αἰσθόμενος

2104 5539 2197 5591 καὶ
2231 5539 2481 5606 διαγνοὺς
2505 5538 2580 5601 ὡς
2612 5541 2813 5610 πλῆθος
2839 5543 2880 5594 Τ
2885 5543 3096 5612 ούρκων
3131 5545 3265 5598 πολὺ
3321 5545 3441 5596 κατ’
3491 5543 3674 5595 αὐτῶν

2101 5624 2332 5692 ἔπεισιν,
2365 5627 2666 5680 άπονεῦσαι
2703 5630 2895 5684 τοῦτον
2947 5635 3141 5705 μικρόν
3172 5651 3225 5686 τι
3259 5635 3354 5704 τῆς
3382 5632 3501 5686 ὀδοῦ
3527 5651 3674 5704 παρ-

2101 5716 2386 5773 εσκεύασε.
2452 5717 2830 5787 Ἐκκλίναντες
2872 5723 2927 5777 δὲ
3003 5728 3102 5797 τῆς
3162 5725 3282 5780 ὁδοῦ
3344 5725 3437 5778 καὶ
3478 5725 3571 5780 ἐπί
3620 5743 3673 5778 τι
