4070 6214
250 219 355 285 105

1452 200 2005 271 ῙΙΙΞΤΟΗΙΑΒΙΙΜ
2038 204 2188 266 LIB.
2231 206 2311 266 II.

3400 208 3505 273 106

248 334 456 410 χωρίον
501 331 808 403 συνηρεφὲς
858 328 1292 400 παραγενόμενοι
1376 327 1570 396 ἔμενον
1640 327 1833 395 μέχρις

1969 322 2347 376 nuititudinetn
2379 321 2432 375 in
2466 320 2615 391 ipsos
2643 336 2821 386 ruere,
2851 321 2901 376 ei
2930 323 3196 378 suasisset
3229 326 3505 393 paululum

252 431 404 481 ἀπαν
430 424 493 477 τὸ
520 423 722 492 πλῆθος
744 422 855 474 τῶν
890 419 1153 491 Τούρκων
1183 417 1418 487 διῆλθεν.
1474 414 1586 470 Εἶτ’
1618 417 1828 468 ἐκεῖθεν

253 520 568 588 ἀπάραντες
615 515 753 584 πρὸς
785 512 912 576 τοὺς
945 510 1214 581 Διδύμους
1249 510 1308 562 τὸ
1341 510 1467 580 ὅρος
1514 509 1825 577 ἠπείγοντο.

257 614 302 664 Τ
302 612 521 679 ούρκσις
552 609 597 660 δ’
619 605 936 675 ἐντυχόντες
960 605 1058 655 καὶ
1087 604 1208 656 κατ’
1239 602 1464 654 ἐκείνων
1489 601 1830 670 ὁρμήσαντες

251 704 656 772 διεσπάρησαν,
683 698 779 750 καὶ¹
802 696 927 749 ἐπεὶ
957 693 1055 758 νὺξ
1083 691 1172 765 ἢν,
1196 695 1296 762 οὐχ
1321 686 1501 747 οἷοίτε
1540 691 1830 759 γεγόνασιν

252 793 336 856 είς
359 790 528 844 ταύτὸ
556 786 852 853 ξυνελθεῖν.
885 784 1078 855 ’Δπῄει
1100 784 1193 837 οὖν
1206 784 1447 845 ἕκαστος
1475 782 1583 851 δπη
1614 780 1827 849 ἔτυχεν.

267 882 329 933 ’0
360 879 419 932 δὲ
448 878 663 940 κλεινὸς
712 873 954 940 Ἀὶέξιος
1008 872 1172 941 μόνος
1214 871 1588 941 περιλειφθεὶς
1642 869 1833 940 ἐπειδὴ

257 974 388 1042 περὶ
432 971 562 1033 τοὺς
617 967 898 1039 πρόποδας
954 965 1064 1019 τῶν
1133 964 1380 1034 Διδύμων
1437 963 1675 1031 ἐγένετο,
1732 961 1835 1032 τῆς

254 1064 488 1133 ἡμιόνου
522 1061 626 1131 ἤδη
664 1057 1045 1121 κεκσπακυίας
1074 1057 1170 1109 καὶ
1204 1056 1403 1125 μηκέτι
1433 1054 1553 1117 αἴας
1580 1070 1641 1106 τε
1665 1051 1835 1123 οὔσης

258 1152 598 1224 προσωτέρω
619 1152 842 1221 χωρεῖν,
866 1148 1080 1211 ἀποϐὰς
1105 1146 1311 1215 ταύτης
1350 1146 1489 1215 πεζῇ
1529 1145 1656 1213 ὅρος
1682 1145 1837 1215 ἀνῄει

258 1247 350 1300 ἔτι
375 1246 470 1298 τὸν
501 1244 728 1313 θώρακα
765 1238 1236 1311 περιϐεϐλημένος
1264 1256 1278 1270 ·
1310 1237 1686 1291 ἀποδύσασθαι
1728 1237 1838 1305 γάρ

258 1335 460 1389 τοῦτον
488 1334 549 1387 οὐ
583 1331 877 1403 ξυνεχὼρει
931 1332 1038 1385 τῶν
1077 1331 1215 1382 νέων
1262 1329 1323 1382 τὸ
1365 1328 1666 1398 πρόθυμον.
1727 1329 1840 1380 Καὶ

260 1427 390 1496 ἅμα
411 1426 562 1492 λόγος
583 1441 670 1488 τις
700 1423 790 1477 διά
823 1423 1044 1492 μνήμης
1070 1418 1219 1484 αὐτῷ
1252 1419 1552 1490 φερόμενος
1576 1418 1838 1473 διεκώλυε

258 1514 475 1576 τοῦτον,
513 1516 587 1576 ὡς
627 1513 868 1583 ἔφασκεν
895 1526 909 1539 ⁶
964 1510 1070 1581 ἔφη
1111 1514 1220 1581 γὰρ
1272 1510 1569 1579 ἀκηκοέναι
1605 1509 1698 1562 τοῦ
1734 1526 1840 1563 πα-

258 1606 396 1676 τρὸς
422 1603 878 1665 ἀποσκώπτοντος
908 1603 1047 1672 πρός
1071 1618 1193 1654 τινα
1220 1602 1289 1653 τά
1314 1600 1455 1654 ὅπλα
1479 1600 1837 1654 ἀποϐαλόντα.

1938 412 2006 466 de
2054 413 2136 465 via
2182 411 2475 465 declinare.
2528 409 2683 475 Quod
2734 427 2858 464 eum
2904 410 3161 465 fecissent
3208 424 3262 468 ct
3307 414 3359 467 in
3393 417 3511 469 loro

1941 502 2063 555 avio
2086 503 2335 571 virgultis
2366 510 2508 555 tecto
2532 502 2908 556 consedissent
2932 514 2985 556 et
3018 505 3189 573 quoad
3220 506 3511 558 multitudo

1942 590 2250 647 Tureorum
2307 594 2691 660 prazteriisset,
2742 595 3063 659 latuissent,
3121 597 3316 649 deinde
3366 598 3514 651 illine

1939 694 2224 739 moventes
2254 684 2585 739 festinabant
2615 694 2762 739 recta
2810 686 2861 739 in
2906 697 3146 740 montem
3182 688 3267 741 (.Ili
3314 703 3514 743 nomen

1940 776 2180 848 Didymi.
2220 777 2324 831 Sed
2355 777 2614 830 euntibus
2647 776 2955 831 Turcorum
3000 781 3242 833 occurrit
3295 798 3515 840 manus.

1944 869 1999 922 in
2027 883 2167 937 quos
2197 884 2320 923 cum
2353 869 2613 936 impetum
2644 869 2926 931 fecissent,
2963 870 3194 939 dispersi
3227 872 3518 941 disjnneti-

1942 976 2050 1031 que
2077 961 2251 1014 Alexii
2295 963 2525 1016 comites
2572 963 2636 1015 ad
2671 962 2901 1016 invicem
2933 971 3082 1024 sunt,
3125 973 3391 1033 nocteque
3419 982 3515 1020 su-

1946 1051 2295 1121 perveniente
2354 1054 2654 1105 corwrnire
2698 1053 2895 1105 iterum
2948 1053 3375 1123 congregarique
3427 1072 3520 1108 ne-

1945 1143 2262 1211 quiverunt.
2300 1141 2402 1194 itit
2429 1156 2561 1211 ergo
2588 1142 2822 1211 quisque
2844 1157 2955 1212 quo
2977 1143 3090 1197 fors
3114 1144 3255 1197 tulit.
3282 1144 3521 1216 inclytus

1945 1242 2125 1287 autem
2157 1233 2382 1288 Alexius
2410 1235 2636 1289 relictus
2672 1235 2822 1288 solus
2842 1234 2953 1303 jam
2982 1236 3047 1289 ad
3075 1236 3290 1290 radices
3320 1239 3523 1291 montis

1949 1324 2300 1396 Didymorum
2350 1343 2491 1398 aégre
2532 1339 2886 1397 pervenerat,
2930 1328 3077 1382 mula
3109 1329 3179 1383 ita
3212 1330 3431 1400 fatigata
3464 1343 3523 1385 ut

1947 1420 2198 1488 progredi
2240 1435 2349 1474 non
2396 1430 2584 1489 posset
2625 1420 2876 1484 ulterius,
2905 1420 3264 1484 exscendens,
3294 1423 3524 1490 pedibus

1948 1510 2312 1564 acclivi-tatem
2362 1511 2564 1565 montis
2607 1525 2870 1579 superare
2913 1526 3207 1583 aggresws
3259 1521 3343 1566 est
3391 1512 3524 1566 lori-

1949 1615 2109 1654 catus
2158 1600 2358 1657 adhuc.
2426 1601 2675 1656 Loricam
2744 1603 2891 1656 enim
2949 1618 3151 1657 exuere
3202 1604 3527 1672 prohibebat

262 1698 371 1750 Διά
392 1713 476 1749 τοι
507 1695 670 1748 τοῦτο
721 1695 813 1747 τὸν
865 1694 1094 1763 θώρακα
1132 1692 1601 1762 περιϐεϐλημένος
1647 1692 1842 1756 ὲπεζο-

1972 1691 2209 1746 uvenilis
2252 1708 2357 1761 qua
2404 1692 2652 1747 fervebat
2690 1695 3032 1762 generositas
3074 1694 3365 1763 adjuvante
3409 1711 3525 1747 me-

260 1789 449 1859 vnépst.
490 1788 564 1840 Τδ
598 1786 655 1839 δὲ
699 1784 1026 1856 παράδοξον,
1060 1784 1148 1856 [Ρ.
1178 1782 1273 1855 45]
1302 1785 1390 1837 ὅτι
1445 1786 1540 1837 καὶ
1569 1785 1843 1855 αἱμορρα-

1969 1784 2151 1846 noris,
2186 1799 2310 1852 qua:
2334 1793 2455 1838 tum
2480 1783 2621 1839 forte
2645 1786 2951 1840 recursavit
2977 1786 3183 1848 animo,
3218 1796 3278 1839 ut
3304 1800 3529 1840 narrare

260 1878 392 1948 γίας
420 1880 503 1932 ὃτι
527 1877 783 1945 πλείστης
813 1879 877 1929 ὲκ
901 1877 1011 1930 τῶν
1034 1876 1199 1946 ῥινῶν
1223 1875 1672 1946 προσγενομένης
1696 1875 1848 1946 αὐτῷ

1969 1888 2064 1944 pse
2091 1874 2326 1940 solebat,
2372 1877 2504 1930 dicti
2536 1876 2852 1944 cujusdam.
2886 1877 3081 1930 Aiebat
3124 1877 3331 1931 scilicet
3370 1878 3530 1931 audi-

262 1972 333 2037 ἐξ
366 1973 490 2026 ὅτου
514 1970 843 2040 πεζοπορεῦ
871 1969 1078 2040 ἧρξατο
1107 1968 1197 2022 διά
1240 1968 1422 2037 πάσης
1471 1968 1572 2036 τῆς
1622 1968 1847 2033 νυκτὸς,

1973 1982 2063 2021 um
2131 1968 2237 2022 sibi
2303 1969 2600 2038 aliquando
2662 1980 2870 2038 patrem
2920 1984 3090 2025 suum
3145 1985 3271 2023 cum
3330 1970 3532 2023 acriter

262 2063 397 2116 οὔτε
443 2062 588 2116 ὅπλα
633 2059 933 2123 ἀπέϐαλεν,
983 2058 1112 2112 οὗτε
1151 2058 1246 2111 τοῦ
1298 2058 1500 2129 δρόμου
1535 2055 1836 2121 επαύσατο,

1971 2067 2259 2127 ncreparet
2300 2060 2612 2125 quemdam,
2645 2060 2787 2126 quod
2825 2059 2873 2112 is
2918 2060 3020 2113 iter
3060 2059 3292 2128 pedibus
3323 2059 3530 2114 faciens

272 2155 473 2225 μέχρις
501 2154 631 2207 ὅτου
671 2152 806 2222 πρὸς
847 2152 908 2206 τὸ
932 2153 990 2204 ὲν
1042 2149 1343 2221 Γαϐαδονίᾳ
1388 2148 1665 2219 πολίχνιον
1722 2149 1847 2216 ὲγὲ-

1969 2164 2101 2203 trma
2152 2150 2450 2204 omisisset.
2492 2147 2622 2203 H:ec
2679 2164 2849 2204 causa
2916 2151 2993 2203 illi
3038 2150 3145 2205 fuit
3207 2151 3533 2205 obfirmandi

270 2258 419 2296 νετο.
1251 2286 1255 2291 .
1950 2240 2121 2294 animi
2170 2240 2224 2294 in
2272 2242 2585 2295 constantia
2618 2241 2828 2295 laboris
2857 2241 2993 2294 lauti
3024 2242 3290 2297 tolerandi
3322 2243 3529 2311 vizeqne

272 2335 462 2390 ardua:
487 2350 555 2390 ac
597 2334 775 2405 longa
804 2333 907 2389 sub
948 2333 1265 2405 loricae63
1297 2348 1464 2389 onere
1511 2334 1851 2404 peragendae,
1928 2333 1983 2387 in
2028 2351 2138 2404 quo
2186 2335 2316 2389 illud
2344 2334 2699 2404 ,inOpiuatius
2752 2335 3047 2401 videbitur,
3095 2337 3242 2405 quod
3291 2352 3414 2391 cum
3458 2337 3537 2391 illi

279 2429 464 2483 statim
508 2442 577 2481 ac
618 2428 872 2496 jumento
922 2425 1128 2481 desiliit
1184 2426 1411 2491 sanguis
1455 2425 1604 2495 larga
1650 2425 1808 2494 copia
1854 2439 1890 2480 e
1928 2426 2157 2481 naribus
2220 2424 2490 2494 proﬂuere
2532 2425 2813 2493 erupisset,
2863 2440 2969 2479 non
3008 2436 3193 2480 tamen
3253 2438 3539 2497 propterea

276 2531 379 2575 aut
420 2534 578 2574 arma
622 2520 878 2589 deposuit
920 2528 1018 2574 aut
1064 2533 1290 2576 currere
1319 2534 1418 2590 per
1446 2528 1614 2575 totam
1675 2528 1892 2577 noctem
1932 2522 2160 2587 destitit,
2188 2521 2367 2592 quoad
2398 2520 2453 2574 in
2484 2520 2804 2591 oppidulum
2860 2522 3004 2591 quod
3024 2532 3111 2577 est
3138 2522 3191 2577 in
3219 2522 3541 2579 Gabadonia

350 2614 551 2668 rvenit.

279 2630 551 2683 pervenit.

352 2708 423 2772 ζ’.
472 2707 682 2760 Ἑκεῐσε
710 2706 758 2759 δ’
797 2706 966 2761 αὐτοῦ
1000 2706 1297 2776 γινομένου
1329 2709 1582 2763 συνέθεον
1628 2710 1865 2774 ἅπαντες

280 2803 332 2855 οἱ
361 2799 648 2869 ἐγχώριοι,
681 2799 732 2852 οἳ
761 2800 859 2853 καὶ
910 2800 1150 2871 ὁρῶντες
1176 2800 1343 2855 αὑτοῦ
1376 2802 1477 2871 τὴν
1507 2802 1865 2857 ἔπιθανάτιον

2037 2711 2089 2764 7.
2132 2709 2217 2765 ibi
2248 2723 2589 2765 concurrens
2628 2710 2771 2765 circa
2816 2724 2941 2765 eum
2993 2709 3150 2780 plebs
3196 2710 3396 2765 rustica
3449 2727 3544 2769 cu-

1963 2802 2213 2858 ionorum
2278 2801 2420 2861 ioci,
2488 2801 2579 2855 ubi
2640 2801 2965 2871 gladiatorio
3028 2812 3348 2872 coopertum
3410 2818 3543 2875 sago

282 2893 511 2960 χλαῖναν
549 2892 919 2946 κατάστικτον
945 2892 1024 2962 τῷ
1054 2891 1239 2963 λύθρῳ
1261 2892 1358 2946 τοῦ
1388 2893 1620 2964 αἵματος
1650 2894 1861 2947 ἔστενον

1969 2894 2202 2949 czuentis
2249 2907 2444 2960 sparso
2490 2892 2723 2947 maculis
2770 2893 3060 2957 viderunt,
3118 2910 3285 2963 quam
3339 2895 3546 2967 iniquis

284 3002 343 3037 τε
366 2987 462 3037 καὶ
482 2985 748 3056 ὶδάκρυον
780 2985 857 3048 ὠς
897 2985 1064 3047 εἰκός.
1107 2986 1196 3047 Ὦς
1225 2985 1270 3039 δ’
1300 2987 1334 3056 ἡ
1360 2987 1517 3057 φήμη
1554 2988 1652 3057 τὴν
1678 2986 1861 3055 ἄφιξιν

1969 2985 2166 3039 animis
2203 2984 2359 3037 talem
2390 2984 2723 3039 nobilissimi
2752 2984 2968 3053 juvenis
2997 2983 3272 3039 fortunam
3316 2984 3544 3050 ferrent,

284 3075 480 3130 τούτου
515 3079 628 3139 τοῖς
656 3074 1043 3129 δυναστεύουσι
1071 3076 1456 3146 παρέπεμψεν,
1494 3076 1755 3147 ἀφίκοντό
1800 3094 1861 3131 τε

288 3167 422 3237 πρὸς
446 3166 611 3219 αὑτὸν
646 3165 745 3218 καὶ
782 3165 926 3219 οῐκοι
940 3163 1133 3220 τοῦτον
1167 3166 1384 3234 ἀπῆγον
1420 3166 1560 3236 μετά
1583 3166 1751 3235 τιμῆς
1779 3166 1863 3220 ὅτι

288 3258 549 3326 πλείστης
581 3254 926 3325 φιλοφρόνως
951 3254 1365 3324 ὑποδεξάμενοι.
1406 3252 1606 3315 Στολάς
1647 3252 1707 3306 δὲ
1742 3253 1864 3305 ἑκό-

295 3350 451 3419 μιζον
473 3347 797 3419 πρεπούσας
839 3346 993 3416 ἀνδρὶ
1038 3347 1263 3415 τοιούτῳ
1294 3345 1392 3401 καὶ
1441 3343 1768 3415 θεραπεύειν
1804 3346 1865 3397 τὸ

296 3443 457 3511 σῶμα
484 3441 581 3495 τοῦ
611 3440 737 3494 νέου
770 3439 1042 3502 παντοίως
1075 3436 1505 3510 προεθυμοῦντο,
1539 3435 1615 3499 ὡς
1642 3437 1737 3491 καὶ
1761 3436 1865 3490 κά-

292 3552 529 3605 τοπτρον
560 3535 739 3604 τούτῳ
765 3534 993 3603 κομίσαι
1022 3534 1165 3586 κατὰ
1192 3533 1254 3585 τὺ
1294 3545 1409 3601 παρ
1456 3532 1690 3592 ἐκείνοις
1722 3529 1865 3595 ἔθος,

294 3629 391 3679 καὶ
413 3628 555 3695 πρδς
584 3626 720 3680 αὐτὸ
740 3625 1099 3690 ἀτενίζων...
1139 3625 1198 3679 Ὀ
1221 3625 1279 3677 δὲ
1302 3624 1449 3678 τοῦτ’
1476 3623 1601 3677 ἰδὼν
1625 3624 1866 3694 ἐμειδία,

292 3720 553 3781 κάκεῖνος
580 3718 885 3786 διηπορεῖτο
931 3717 994 3770 τὸ
1051 3716 1352 3787 δρώμενον.
1402 3716 1462 3770 Ὀ
1503 3717 1560 3770 δὲ
1592 3717 1693 3769 οὐκ
1750 3716 1871 3780 ἔθος

293 3809 403 3878 ἔφη
427 3808 654 3877 ἀνδράσι
701 3809 797 3863 καὶ
831 3808 1006 3862 ταῦτα
1044 3812 1409 3879 στρατιώταις
1456 3811 1535 3871 είς
1563 3808 1872 3879 κάτοπτρον

297 3902 494 3971 ἑνορᾷν
519 3917 533 3932 ⁸
580 3918 600 3952 ε
628 3901 667 3953 Γ
672 3900 850 3965 υναιξὶ
894 3900 1004 3971 γὰρ
1047 3902 1142 3952 καὶ
1188 3899 1347 3953 τοῦτο
1379 3900 1568 3969 μόναις
1616 3900 1872 3968 ὲπιτετήυ

300 3994 484 4049 δευται
517 3992 903 4065 μεριμνώσαις
942 3995 1204 4063 ἀρέσκειν
1249 3995 1363 4055 τοῖς
1399 3992 1550 4060 σφῶν
1590 3993 1870 4063 ἀνδράσιν.

304 4086 484 4155 ’Δνδρὶ
511 4087 571 4139 δὲ
607 4084 925 4158 στρατιώτῃ
972 4085 1177 4155 κόσμος
1208 4085 1276 4138 τὰ
1330 4084 1495 4147 ὅπλα,
1541 4085 1636 4138 καὶ
1663 4088 1726 4138 τὸ
1776 4085 1875 4155 τῆς

304 4178 513 4247 διαίτης
527 4179 677 4231 λιτόν
695 4193 755 4230 τε
770 4178 865 4230 καὶ
881 4178 1179 4248 ἄθρυπτον.
1211 4195 1230 4228 ι
1254 4176 1320 4230 Οἱ
1339 4175 1398 4229 δὲ
1418 4173 1572 4230 ταῦτ’
1595 4177 1878 4240 ἐπαΐοντες

310 4266 401 4318 τοῦ
426 4269 550 4320 νέου
571 4267 636 4320 τὸ
670 4267 892 4338 σῶφρον
915 4269 1011 4319 καὶ
1040 4268 1264 4322 συνετὸν
1292 4266 1385 4320 διά
1413 4266 1692 4338 θαύματος
1719 4263 1876 4337 ἦγον.

1971 3078 2228 3147 suspiriis
2250 3077 2455 3147 passim
2482 3076 2848 3147 iacrymisque
2876 3077 3239 3132 declararunt.
3271 3076 3341 3133 Ut
3362 3091 3543 3135 autem

1971 3170 2041 3225 ad
2071 3170 2532 3225 honoratissimos
2566 3185 2785 3239 quoque
2833 3169 3019 3239 oppidi
3069 3170 3191 3239 ejus
3229 3170 3374 3225 cives
3406 3173 3550 3226 imii-

1973 3262 2117 3315 cium
2149 3261 2418 3315 adventus
2438 3261 2611 3315 Alexii
2638 3260 2783 3314 fama
2803 3261 3017 3324 detulit,
3050 3263 3296 3316 certatim
3327 3264 3550 3319 adibant

1973 3353 2152 3422 ipsum
2186 3353 2586 3422 invitatumque
2611 3353 2665 3406 in
2695 3368 2823 3406 suas
2852 3352 3047 3407 domos
3077 3355 3225 3407 omni
3258 3355 3464 3409 bonore
3486 3373 3553 3410 ac

1975 3446 2376 3515 signiﬁcatione
2425 3446 2817 3500 benevolentia:
2853 3459 2953 3513 pro
2990 3459 3089 3497 sua
3122 3446 3358 3514 quisque
3396 3449 3551 3516 copia

1975 3538 2321 3607 excipiebant
2360 3547 2651 3606 vestesque
2689 3536 2993 3591 alferebant
3042 3537 3383 3592 nobilitatem
3434 3539 3555 3607 ejus

1977 3628 2153 3698 magis
2184 3629 2460 3693 decentes,
2511 3629 2755 3695 adeoque
2794 3627 2850 3681 in
2903 3628 3147 3682 curando
3182 3622 3403 3697 juvenis
3430 3643 3556 3684 cor-

1980 3735 2111 3790 pore
2167 3720 2373 3773 nullam
2430 3719 2724 3789 diligentia:
2785 3727 2995 3787 partem
3058 3721 3428 3784 omittebant,
3482 3735 3558 3775 ‘ut

1981 3811 2265 3881 speculum
2314 3811 2479 3865 etiam
2545 3811 2827 3865 attulerint
2880 3826 3143 3881 moreque
3191 3813 3433 3881 ipsorum
3493 3828 3560 3865 eo

1979 3917 2099 3958 sese
2139 3902 2429 3971 explorare
2474 3902 2788 3968 suaserint;
2859 3905 3006 3972 quod
3070 3903 3160 3957 ille
3205 3902 3329 3958 cum
3378 3904 3560 3958 arrisu

1985 4009 2249 4049 recusans
2296 3995 2531 4066 perculit
2578 3996 2833 4050 homines
2872 3995 3021 4049 velut
3070 4010 3225 4049 novae
3269 3996 3344 4048 rei
3387 3997 3562 4047 admi-

1982 4087 2221 4151 ratione,
2268 4101 2297 4139 a
2345 4102 2449 4156 qua
2493 4101 2590 4141 eos
2636 4087 2719 4140 bis
2762 4084 3035 4140 deducere
3081 4085 3261 4138 verbis
3304 4086 3561 4152 instituit,

1990 4192 2188 4246 nempe
2242 4178 2520 4248 inquiens,
2583 4177 2832 4232 Virorum
2885 4178 3185 4248 praesertim
3242 4179 3560 4232 militarium

1988 4271 2327 4325 consuetudo
2369 4285 2476 4324 non
2512 4279 2596 4325 est
2618 4271 2905 4324 consulere
2939 4270 3241 4340 speculum.
3274 4268 3562 4322 Mulierum

316 4356 697 4424 Ἐπιξενωθιὶς
738 4354 836 4412 οὖν
868 4360 1054 4421 αὐτοῖς
1094 4359 1276 4429 τρισὶν
1321 4359 1583 4429 ἡμέραις,
1633 4358 1735 4431 ἠδη
1768 4358 1861 4411 τῶτ

1990 4362 2093 4415 ista
2126 4376 2258 4415 cura
2288 4371 2395 4427 est,
2432 4360 2649 4414 maritis
2680 4362 2898 4430 placere
2928 4360 3264 4414 studentium
3287 4377 3303 4427 ;
3330 4371 3565 4415 ornatus

322 4448 667 4518 θεραπόντων
697 4448 1137 4514 καταλαϐόντων,
1157 4449 1325 4520 ἀπῄει
1350 4450 1429 4512 ὡς
1454 4452 1547 4502 ἐπὶ
1582 4450 1886 4521 Ἄγκυραν.

329 4540 497 4609 ’ἔφθη
518 4542 644 4610 ¹γάρ
673 4555 759 4602 τις
784 4540 895 4594 τῶν
924 4543 988 4594 ἐκ
1010 4542 1107 4611 τῆς
1148 4540 1328 4611 μάχης
1358 4540 1731 4593 διασωθέντων
1757 4557 1890 4592 πυν-

329 4631 599 4702 θανομένῳ
635 4632 817 4702 τούτῳ
863 4632 994 4702 περὶ
1023 4631 1119 4685 τοῦ
1147 4630 1383 4700 ἀδελφοῦ
1406 4632 1683 4699 ὑποδεῖξαί
1711 4650 1764 4686 τι
1791 4650 1891 4687 πο-

333 4722 534 4792 λίχνιον,
574 4726 657 4787 είς
708 4724 740 4777 ὃ
764 4722 1139 4778 διασεσῶσθαι
1172 4722 1366 4777 τοῦτον
1435 4724 1561 4788 τοὺς
1594 4723 1890 4788 διώκοντας

332 4812 606 4887 διαδράντα
628 4815 967 4870 ἑϐεϐαιοῦτο.
994 4816 1256 4885 Οίὸμενος
1278 4815 1372 4869 οὖν
1405 4816 1580 4886 ἀληθῆ
1605 4816 1676 4868 τά
1707 4818 1891 4884 ἀπαγ-

335 4907 580 4972 γελθέντα
617 4904 786 4973 εἶναι,
818 4908 1083 4977 ἠπείγετο
1124 4906 1489 4975 συγγενέσθαι
1520 4908 1609 4979 ’τῷ
1628 4908 1889 4978 “ἀδελφῷ.

334 4996 459 5050 Ἀλλ’
491 5002 520 5051 ὁ
552 4998 652 5067 μὶν
679 4998 1020 5066 διεφεύξατο,
1048 4999 1080 5050 ὁ
1111 4998 1157 5050 δ’
1181 4997 1360 5052 ἀπιὼν
1381 4977 1630 5068 περίτοῦ
1661 4998 1894 5066 ἀδελφοῦ

333 5086 398 5147 ὡς
425 5086 573 5159 ἁλῴη
594 5087 1078 5160 πεπληροφόρητο.
1109 5087 1466 5156 Διαψευσθεὶς
1492 5084 1586 5140 οὖν
1607 5089 1718 5140 τῶν
1746 5089 1897 5141 ἑλπί-

334 5176 428 5229 δων
453 5181 646 5249 ἠνιᾶτο
678 5178 779 5249 μὲν
797 5180 893 5232 καὶ
924 5178 1128 5248 ἠθύμει
1155 5178 1253 5230 καὶ
1275 5177 1462 5230 ἔστενε
1488 5179 1586 5230 καὶ
1609 5178 1894 5249 ἐδάκρυεν,

334 5271 388 5322 οὐ
412 5272 517 5345 μὴν
544 5273 833 5324 πέπαυστο
865 5269 966 5338 τῆς
1000 5269 1096 5325 ἐπὶ
1121 5269 1189 5323 τά
1220 5268 1409 5340 πρόσω
1430 5270 1675 5337 πορείας.

1989 4452 2181 4505 militis
2211 4466 2363 4505 arma
2399 4460 2527 4505 sunt
2554 4462 2606 4505 et
2633 4466 2696 4505 ea
2737 4451 2916 4505 victus
2939 4466 3001 4506 ac
3025 4453 3209 4505 cultus
3246 4453 3409 4515 ratio,
3444 4466 3565 4520 qua:

1988 4562 2019 4597 a
2056 4542 2272 4597 luxuria
2307 4550 2362 4596 et
2394 4542 2606 4596 deliciis
2639 4557 2803 4613 quam
2853 4542 3168 4615 longissime
3198 4542 3360 4595 absit.
3402 4541 3458 4592 id
3487 4540 3564 4594 illi

1990 4635 2316 4700 audientes,
2369 4634 2694 4705 sapientiam
2766 4631 3293 4703 temperantiamque
3346 4632 3567 4701 juvenis

1991 4725 2243 4780 admirati
2279 4740 2405 4779 eum
2444 4739 2554 4779 non
2602 4726 2725 4794 plus
2757 4723 2942 4779 triduo
2969 4723 3217 4778 detinere
3247 4731 3563 4792 potuerunt.

1998 4817 2133 4870 Cum
2169 4817 2312 4871 enim
2344 4815 2439 4870 illo
2471 4814 2760 4870 intervallo
2792 4814 3180 4871 eunvenissent
3219 4815 3409 4869 eodem
3452 4811 3571 4879 ejus

1997 4907 2211 4972 famuli,
2251 4922 2462 4963 moram
2499 4907 2663 4962 eundi
2693 4922 2801 4961 non
2834 4905 2945 4978 σε,
2966 4906 3115 4971 fecit,
3137 4906 3344 4961 directo
3379 4906 3574 4959 itinere

1994 4998 2267 5068 Ancyram
2296 5013 2510 5061 versus,
2550 4998 2640 5053 ubi
2675 5013 2734 5053 se
2770 5001 2990 5053 fratrem
3039 5010 3381 5068 reperturum
3437 4997 3575 5051 falso

1998 5090 2224 5145 delusus
2260 5090 2463 5145 indicio
2502 5091 2778 5160 Sperabat,
2813 5091 2955 5160 quod
2992 5091 3040 5144 ei
3072 5091 3293 5160 quidam
3328 5106 3358 5144 e
3388 5080 3577 5156 praeli'o

1996 5181 2123 5252 fuga
2184 5192 2432 5236 servatus
2486 5182 2554 5235 de
2624 5179 2793 5236 fratre
2860 5182 3198 5251 percontanti
3256 5176 3577 5236 afﬁrmasset

2001 5273 2243 5327 evasisse
2278 5271 2431 5326 illum
2466 5286 2665 5325 manus
2698 5270 3106 5339 insequentium
3133 5268 3438 5325 Tureorum
3466 5266 3580 5322 sal-

334 5380 450 5424 vum
491 5380 658 5440 atque
690 5366 1024 5423 incolumem
1054 5366 1323 5436 perlatum
1361 5367 1418 5420 in
1451 5366 1765 5437 quodquam
1796 5367 2115 5438 Oppidulum
2178 5352 2324 5437 quod
2361 5366 2526 5421 etiam
2569 5365 2905 5435 designabat.
2930 5362 3007 5418 Ex
3030 5379 3138 5434 quo
3155 5378 3282 5417 eum
3309 5363 3579 5432 Ancyram

340 5462 1006 5534 serecepturumAlexius
1038 5477 1147 5515 non
1166 5462 1425 5516 dubitans
1484 5463 1539 5516 in
1564 5462 1724 5516 istam
1749 5462 1939 5516 urbem
1979 5463 2127 5516 velut
2172 5462 2238 5516 ad
2282 5461 2627 5530 complexum
2664 5458 2849 5513 fratris
2917 5457 3232 5514 festinabat.
3280 5456 3386 5512 Sed
3429 5458 3584 5512 eunti

345 5558 541 5614 falsitas
571 5558 762 5613 iudicii
793 5557 1162 5611 demonstrata
1201 5566 1283 5609 est
1334 5555 1606 5624 certisque
1632 5557 1977 5612 documentis
2049 5571 2369 5626 persuasum
2436 5563 2653 5623 captum
2694 5567 2817 5611 esse
2885 5551 3130 5617 fratrem,
3160 5553 3319 5621 cujus
3362 5565 3586 5611 sensum

346 5639 615 5706 infortunii
655 5651 993 5706 acerbiorem
1042 5649 1206 5703 etiam
1258 5662 1416 5701 error
1484 5650 1797 5718 prmecdeus
1832 5651 1947 5721 spei
2025 5650 2227 5705 frustra
2276 5657 2553 5720 conceptae
2605 5648 2881 5707 reddebat.
2927 5649 3117 5725 itaque
3167 5662 3459 5703 maerorem
3500 5644 3596 5702 illa

646 5746 927 5805 Ριτιιοι..
973 5742 1093 5802 Gtt.
1141 5738 1455 5808 CXXVII,

1338 5944 1369 5959 \

3238 5738 3276 5798 ῑι.
