4088 6208
519 293 617 358 107

1724 296 2142 358 NICEPIIORI
2186 299 2556 361 BRYENNII

3665 303 3762 369 108

505 405 726 477 quidem
784 415 832 460 et
885 406 1068 460 animo
1109 403 1362 474 concepit
1417 420 1675 477 magnum
1727 420 1780 463 et
1833 411 2095 480 lacrymis
2137 413 2280 468 veris
2351 414 2710 485 suspiriisque
2739 421 2967 472 testatus
3001 425 3106 473 est.
3148 415 3266 473 Non
3329 425 3511 475 tamen
3541 418 3644 476 iter
3672 436 3770 478 ne-

507 503 816 556 cessarium
853 499 1000 553 luctu
1033 495 1326 566 interrupit
1359 507 1454 553 aut
1489 501 1803 556 retardavit.

581 593 636 645 8.
675 589 921 645 Per-latus
944 605 1074 660 ergo
1104 591 1380 661 Ancyram
1413 590 1624 648 dimisit
1657 594 1844 648 statim
1871 609 2080 663 quoquc

2268 593 2338 664 η’.
2379 594 2517 648 Ἀλλ’
2551 597 2608 648 ἐν
2659 596 2905 667 ’Δγκύρᾳ
2946 597 3238 667 γενόμενος
3271 599 3611 673 διεπέμπετο
3640 626 3768 664 παν.

510 698 729 739 versum
763 681 1240 751 quiexplorarent
1287 681 1355 737 de
1400 681 1571 738 fratre
1623 691 1770 738 certa
1801 683 2097 738 referrent-

511 791 637 845 quc,
669 787 697 824 e
725 772 926 842 quibus
959 788 1083 828 cum
1130 774 1491 844 comperisset
1533 775 1798 831 barbaros
1835 775 1954 845 ejus
1999 776 2096 830 de-

513 877 752 919 tentores
812 873 1033 933 paratos
1091 879 1215 921 esse
1272 865 1651 921 liberationem
1722 866 1842 937 ejus
1905 866 2095 921 multis

510 971 802 1011 aureorum
855 956 1098 1013 millibus
1161 957 1436 1025 vendere,
1495 959 1769 1029 respirare
1820 960 1986 1029 ccepit
2025 959 2093 1014 ad

509 1051 672 1105 talem
714 1050 988 1116 nuntium,
1023 1059 1078 1105 et
1124 1050 1190 1104 ad
1241 1049 1479 1104 oblatam
1535 1051 1893 1121 recuperandi
1940 1050 2092 1106 chari

510 1143 705 1212 capitis
735 1139 1049 1196 facultatem
1079 1156 1274 1214 magna
1307 1141 1561 1198 maeroris
1586 1157 1652 1197 ex
1680 1143 1851 1212 ipsius
1873 1142 2090 1213 jactura

507 1238 610 1292 orti
663 1243 817 1305 parte
871 1236 1078 1290 levatus
1123 1234 1400 1290 curriculo
1431 1250 1490 1291 se
1526 1235 1756 1290 contulit
1801 1235 1856 1289 in
1898 1236 2088 1290 urbem

511 1332 716 1401 regiam
751 1330 1013 1399 pecunias
1061 1328 1185 1384 inde
1221 1338 1576 1399 sumpturus,
1627 1328 1826 1398 quibus
1867 1326 2088 1382 fratrem

512 1423 824 1477 redimeret.
890 1421 1089 1478 Paucis
1140 1421 1268 1476 inde
1320 1422 1516 1476 diebus
1567 1425 1781 1492 negotio
1837 1420 2088 1477 confecto

510 1532 633 1570 cum
675 1515 950 1584 Ancyram
993 1511 1278 1568 festinaret
1308 1512 1562 1581 diemque
1595 1526 1658 1564 ac
1694 1520 1905 1566 noctem
1951 1527 2086 1566 con-

510 1607 722 1660 tinuato
775 1605 972 1659 itinere
1028 1603 1228 1667 fessus,
1277 1603 1480 1656 clausis
1529 1602 1638 1671 jam
1693 1601 1846 1657 urbis
1893 1603 2081 1672 portis.

509 1699 709 1768 quippe
741 1706 901 1752 nocte
929 1695 1198 1752 concubia
1229 1693 1582 1764 pervenisset,
1613 1693 1827 1748 sublato
1849 1694 2089 1750 clamore

507 1789 765 1858 poscebat
795 1787 1001 1857 aperiri
1052 1786 1157 1842 sibi
1187 1786 1409 1855 januas.
1442 1773 1513 1839 'ld
1555 1784 1736 1841 facere
1773 1786 2086 1842 verentibus

2195 685 2427 755 ταχόθεν
2463 687 2658 757 μαθεῖν
2692 706 2745 740 τι
2792 689 2972 753 πλέον,
3019 690 3113 742 καὶ
3167 691 3243 753 ὡς
3286 691 3561 762 βούλοιντο
3591 700 3641 753 οί
3678 702 3772 756 τδν

2196 777 2428 848 ἀδελφὸν
2467 779 2839 848 κατασχόντες
2883 779 3182 834 ἀποδόσθαι
3229 784 3402 853 τιμῆς
3422 788 3649 856 χρυσίου
3688 809 3771 862 χι-

2195 869 2396 924 λιάδων
2429 871 2640 940 συχνῶν
2693 870 2940 939 ἠκηκόει.
2997 871 3219 926 Τούτων
3267 874 3478 940 ἐκεῖνος
3526 879 3768 946 ἀκούσας

2194 962 2307 1014 τῶν
2337 962 2512 1029 λόγων
2556 962 2878 1033 ἀπήλλακτό
2903 980 2962 1016 τε
2989 963 3087 1032 τῆς
3119 963 3317 1035 πολλῆς
3365 967 3621 1038 ἀθυμίας,
3674 977 3770 1026 καὶ

2196 1055 2331 1126 πρὸς
2377 1055 2475 1125 τὴν
2523 1054 2770 1124 βασιλίδα
2801 1055 2909 1107 τῶν
2942 1054 3151 1109 πόλεων
3187 1056 3449 1112 ἔσπευδεν
3494 1063 3582 1131 ἐφ’
3621 1058 3667 1133 ᾧ
3702 1066 3767 1120 τὸ

2191 1145 2416 1217 χρυσίον
2442 1145 2733 1200 ἀναλαϐεῖν
2761 1145 2844 1218 [Ρ.
2871 1144 3082 1219 661ml
3110 1148 3203 1202 τὸν
3219 1149 3446 1220 ἀδελφὸν
3469 1154 3760 1222 πρίασθαι.

2205 1235 2470 1308 Ἡμέραις
2526 1236 2622 1291 οὖν
2659 1237 2870 1305 ὀλίγαις
2899 1238 3058 1292 τοῦτο
3110 1241 3436 1310 συναγαγὼν
3488 1245 3656 1316 ἀπῄει
3689 1249 3766 1310 ὡς

2190 1328 2284 1383 ἐπὶ
2324 1329 2630 1398 Ἀγκυραν,
2667 1327 2764 1382 καὶ
2794 1327 3042 1382 σπεύδων
3093 1329 3306 1400 ταχέως
3335 1334 3664 1390 καταλαϐεῖν
3703 1339 3766 1390 τό

2187 1436 2249 1473 τε
2283 1419 2539 1472 πλεῖστον
2596 1420 2696 1489 τῆς
2729 1419 2924 1483 νυκτὸς
2971 1420 3069 1473 καὶ
3121 1421 3220 1489 τῆς
3275 1424 3493 1494 ἡμέρας
3539 1429 3600 1479 τὸ
3654 1431 3762 1480 πᾶν

2189 1511 2410 1580 ἤλαυνε.
2450 1511 2586 1581 Περὶ
2639 1512 2882 1582 ἑσπέραν
2911 1510 2968 1564 δὲ
3021 1511 3244 1580 βαθεῖαν
3279 1514 3493 1582 φθάσας
3543 1519 3624 1580 είς
3664 1519 3760 1588 τὴν

2196 1602 2482 1672 Ἀγκυραν
2515 1601 2612 1654 καὶ
2646 1601 2744 1665 τὰς
2765 1603 2866 1670 τῆς
2893 1600 3102 1664 πόλεως
3125 1601 3300 1666 πύλας
3327 1603 3504 1674 εὑρὼν
3548 1607 3758 1659 κεκλει-

2189 1689 2397 1760 σμένας
2435 1689 2621 1759 ἐζήτει
2666 1689 2873 1753 ταύτας
2926 1691 3246 1761 ἀνοιχθῆναι
3300 1695 3369 1749 ei.
3411 1696 3473 1748 Οἱ
3526 1695 3571 1748 δ’
3610 1698 3760 1759 ἐντὸς

2188 1779 2285 1834 τοῦ
2321 1781 2514 1846 ἄστεος
2541 1782 2774 1846 δεδιότες
2798 1782 2871 1854 μή
2900 1799 3019 1845 πως
3040 1783 3133 1836 ὑπ’
3161 1783 3376 1856 ἐχθρῶν
3395 1785 3760 1858 ὲνεδρεύοιντο

503 1877 850 1939 custodibus,
884 1876 1031 1948 quod
1061 1876 1116 1930 in
1157 1875 1354 1930 vicinia
1395 1874 1700 1928 Turcorum
1745 1882 1926 1930 castra
1974 1889 2080 1929 non

2185 1871 2273 1927 διὰ
2307 1873 2367 1928 τὸ
2394 1873 2470 1945 μὴ
2492 1873 2634 1929 πάνυ
2663 1891 2718 1927 τι
2747 1875 2936 1944 πόρρω
2957 1876 3084 1939 τοὺς
3112 1874 3389 1946 Τούρκους
3423 1877 3504 1931 ἐτι
3536 1895 3761 1950 στρατο-

505 1970 698 2042 procul
725 1968 877 2023 illinc
903 1967 1220 2023 habentium
1257 1965 1565 2037 periculose
1597 1965 1648 2020 id
1681 1965 1774 2019 tali
1804 1965 1938 2020 bora
1966 1964 2080 2020 fieri

2187 1964 2438 2019 πεδεύειν
2464 1965 2707 2037 ἀπῄτουν
2737 1965 2932 2031 οἵτινες
2984 1964 3322 2026 εἷενέίπεῖν.
3383 1969 3495 2024 Καὶ
3535 1972 3586 2024 of
3632 1975 3761 2043 περὶ

503 2064 805 2127 videretur,
835 2059 944 2132 65
967 2075 1034 2115 ac
1064 2056 1510 2130 percontantibus
1554 2056 1817 2122 viciséim,
1858 2057 2080 2127 quinam

2186 2056 2280 2109 τὸν
2303 2055 2541 2122 Ἀλέξιον
2574 2056 2735 2120 εὐθὺς
2752 2058 2901 2121 ὅστις
2937 2058 3021 2129 εῐη
3051 2059 3419 2115 ἀνεδίδασκον.
3453 2060 3762 2116 Κάντεῦθεν

502 2155 723 2208 demum
756 2159 943 2208 essent
977 2151 1070 2220 qui
1113 2150 1239 2206 talia
1271 2157 1556 2219 peterent,
1587 2148 1982 2218 proclamatum
2013 2147 2080 2204 ab

2190 2151 2402 2221 συνέϐη
2436 2169 2490 2206 τι
2524 2152 2718 2223 ἡδονὴν
2740 2152 2980 2224 παρέχον
3008 2156 3122 2217 τοῖς
3167 2154 3626 2226 φιλακροάμοσιν,
3659 2156 3760 2210 οὐκ

501 2245 678 2300 Alexii
734 2243 998 2298 comitatu
1053 2251 1138 2297 est
1190 2240 1384 2297 adesse
1435 2241 1638 2309 ipsum,
1678 2255 1843 2311 quam
1894 2255 2080 2294 vocem

2185 2243 2417 2306 ἐκείνοις
2454 2245 2577 2298 τότε
2605 2245 2796 2314 μόνον,
2831 2245 2967 2299 ἀλλὰ
2999 2245 3095 2299 καί⁸
3121 2246 3234 2301 νῦν.
3292 2247 3382 2300 Ἐν
3433 2248 3544 2318 ὅσῳ
3580 2247 3689 2317 γὰρ
3730 2248 3759 2299 6

494 2333 958 2405 jucundissimam
995 2330 1357 2404 praesentibus
1388 2330 1569 2386 ell‘ecit
1611 2345 1776 2386 casus
1819 2342 1932 2386 tum
1961 2329 2080 2400 qui-

2185 2336 2471 2406 Κομνηνδς
2493 2336 2661 2408 ἀπῄει
2699 2336 2936 2404 ’Δλέξιος
2954 2339 3053 2410 τὴν
3074 2339 3240 2410 τιμὴν
3254 2340 3400 2408 ἄξων
3415 2341 3490 2412 τῷ
3519 2344 3754 2415 ἀδελφῷ,

501 2433 626 2487 tlam
651 2430 814 2486 hodie
838 2444 1060 2500 quoque
1087 2442 1196 2482 non
1221 2427 1341 2482 sine
1364 2426 1641 2496 voluptate
1671 2427 2082 2482 memorandus.

497 2523 767 2580 Nimirum
807 2521 1029 2576 interim
1085 2519 1218 2574 dum
1277 2517 1634 2575 confecturus
1681 2518 1914 2588 pretium
1969 2517 2083 2572 fra-

499 2630 668 2672 ternae
701 2611 1092 2684 redemptionis
1129 2619 1448 2665 excurrerat
1491 2609 1543 2663 in
1594 2609 1783 2664 urbem
1832 2608 2079 2674 Alexius,

499 2706 768 2764 lsaacium
801 2703 1082 2773 captivum
1113 2716 1202 2757 res
1229 2716 1362 2758 suas
1387 2708 1725 2770 reputantem
1754 2715 1884 2754 cura
1914 2685 2082 2755 subiit

499 2797 782 2854 vitandum
812 2795 860 2851 si
894 2808 1004 2866 qua
1033 2801 1220 2865 posset
1255 2792 1360 2849 sibi
1393 2807 1537 2858 esse,
1580 2807 1648 2846 ne
1689 2802 1979 2863 antequam
2012 2791 2082 2848 de

499 2889 826 2947 liberatione
854 2903 954 2944 sua
987 2895 1333 2943 transactum
1367 2894 1515 2941 esset
1545 2883 1830 2956 quidpiam
1861 2884 2080 2956 longius

496 2999 526 3036 a
589 2981 849 3038 Romanae
907 2980 1134 3037 ditionis
1187 2979 1391 3034 ﬁnibus
1449 2976 1770 3033 recederent
1826 2977 2076 3046 barbari;

497 3083 630 3128 tunc
653 3072 798 3130 enim
823 3069 1099 3128 dillicilius
1131 3069 1414 3140 negotium
1445 3067 1586 3123 fore.
1616 3065 1797 3122 Missis
1828 3068 1992 3139 igitur
2021 3067 2075 3121 in

496 3167 708 3222 vicinas
737 3163 990 3218 civitates
1028 3161 1261 3227 nuntiis,
1296 3173 1423 3215 cum
1469 3173 1590 3214 sese
1619 3167 1840 3227 captum
1885 3167 1939 3213 et
1983 3158 2077 3212 de-

497 3267 745 3312 tentores
779 3254 1068 3326 pecuniam
1111 3265 1211 3322 pro
1249 3265 1353 3308 suo
1390 3250 1568 3320 capite
1607 3249 1810 3319 pacisci
1853 3261 2072 3320 paratos

470 3349 774 3406 .docnisset
804 3344 1268 3417 postulassetque,
1295 3351 1354 3397 ut
1378 3351 1644 3412 quantum
1678 3346 1912 3412 quisque
1939 3340 2075 3394 ami-

496 3451 688 3492 ευι·υιη
729 3441 913 3502 posset
951 3431 1206 3489 conferre
1250 3432 1495 3502 pecunia:
1543 3432 1610 3486 ad
1659 3431 1746 3487 sui
1795 3431 2075 3486 liberatio-

495 3544 620 3584 nem
647 3542 718 3582 ne
756 3535 1122 3598 gravarentur
1157 3523 1478 3596 priusquam
1514 3523 1731 3595 longius
1764 3539 1794 3578 a
1826 3523 2073 3579 Romano

501 3621 678 3675 limite
708 3616 1067 3673 abscederent
1090 3615 1340 3680 Barbari,
1381 3627 1568 3670 sancte
1594 3615 1854 3682 pollicens
1878 3625 2072 3670 cuncta

494 3714 630 3783 ipsis
659 3712 769 3766 cito
803 3725 927 3764 cum
963 3723 1129 3763 usura
1169 3707 1498 3777 reponenda,
1541 3707 1607 3762 ad
1636 3721 1757 3761 eam
1788 3707 2068 3761 invitatio-

493 3818 619 3858 nem
658 3801 1027 3872 locupletibns
1063 3798 1251 3854 multis
1277 3799 1398 3854 auri
1428 3814 1681 3870 magnam
1716 3798 1827 3853 vim
1856 3800 2075 3852 mitten-

493 3895 664 3960 tibus,
686 3893 847 3964 prctii
870 3892 1014 3962 quod
1036 3892 1294 3962 petebant
1319 3889 1484 3945 Turci
1508 3899 1714 3960 partem
1741 3889 2068 3956 numeravit,

492 3998 594 4050 pro
627 3993 782 4054 parte
811 3982 1017 4053 reliqua
1053 3981 1196 4037 datis
1224 3981 1509 4037 obsidibus
1537 3980 1700 4046 cavit,
1725 3981 1913 4051 sicque
1935 3979 2072 4034 liber

493 4076 646 4132 abire
681 4075 986 4147 permissus
1031 4074 1304 4146 Ancyram
1347 4075 1596 4130 eamdem
1629 4073 1805 4142 ipsam
1849 4070 2072 4128 Galata-

496 4184 619 4224 rum
675 4167 1022 4238 metropolim
1080 4167 1271 4222 eadem
1332 4166 1420 4221 illa
1475 4164 1820 4222 commodum
1877 4178 1936 4220 se
1984 4163 2072 4219 die

494 4259 766 4325 contulit,
824 4273 928 4328 qua
987 4257 1242 4314 reducem
1292 4254 1768 4326 Constantinopoli
1819 4255 2069 4312 Alexium

495 4351 688 4407 eodem
722 4349 1038 4420 pervenisse
1065 4348 1180 4419 jam
1227 4348 1486 4404 diximus.
1520 4347 1788 4403 Caeterum
1833 4347 2071 4402 lsaacius

493 4444 655 4515 prius
689 4442 972 4513 ingressus
1007 4442 1060 4496 in
1094 4439 1336 4511 quodam
1372 4439 1653 4496 domicilio
1686 4453 1853 4509 supra
1884 4446 2070 4508 portas

494 4539 602 4594 sito
632 4537 1060 4609 conquiescebat
1109 4536 1380 4592 obseratis
1423 4535 1632 4606 portis,
1681 4549 1914 4604 quarum
1954 4535 2071 4604 ipse

2182 2427 2371 2491 δείσας
2403 2430 2432 2481 6
2485 2429 2772 2500 Κομνηνδς
2814 2431 3083 2494 Ἰσαάκιος
3128 2431 3227 2504 μὴν
3254 2433 3446 2505 πόρρω
3477 2434 3587 2488 τῶν
3625 2436 3758 2490 Ῥω-

2188 2519 2402 2589 μαϊκῶν
2429 2518 2594 2590 ὁρίων
2627 2520 2920 2591 γενόμενος
2943 2521 3370 2594 δυσχερέστερον
3400 2525 3498 2594 τῆς
3550 2526 3757 2596 αίχμα-

2183 2609 2386 2672 λωσίας
2435 2609 2802 2682 ἀπαλλαγείη,
2853 2611 2990 2684 πρὸς
3037 2613 3136 2677 τὰς
3175 2613 3361 2686 κύκλῳ
3419 2615 3756 2688 διεπέμπετο

2181 2701 2369 2762 πόλεις
2407 2701 2504 2754 καὶ
2531 2700 2596 2754 τὰ
2621 2703 2743 2756 κατ’
2778 2703 2942 2757 αὐτὸν
2969 2704 3316 2759 ἀνεδίδασκεν
3347 2706 3422 2772 ὼς
3477 2709 3626 2780 ἁλῴη
3657 2710 3754 2764 καὶ

2182 2792 2257 2854 ὡς
2297 2789 2573 2861 βούλοιντο
2605 2791 2772 2863 τιμῆς
2809 2793 2974 2846 αὑτὸν
3011 2794 3322 2849 ἀποδιδόναι
3377 2797 3429 2849 οἱ
3465 2797 3751 2868 βάρϐαροι,

2179 2881 2330 2953 ἠξίου
2365 2899 2428 2937 τε
2449 2883 2547 2952 τῆς
2576 2883 2744 2955 τιμῆς
2782 2885 3033 2954 κομίζειν
3059 2886 3258 2941 ὁπόσον
3281 2888 3511 2954 ἕκαστος
3536 2889 3757 2944 δύναιτο

2180 2973 2288 3046 πρὸ
2325 2973 2422 3026 τοῦ
2461 2974 2652 3045 πόρῤω
2717 2975 2844 3038 τοὺς
2901 2974 3216 3048 βαρϐάρους
3272 2979 3380 3033 τῶν
3429 2980 3754 3054 Ῥωμαϊκῶν

2179 3066 2344 3138 ὁρίων
2396 3066 2676 3135 γενέσθαι,
2731 3067 2826 3122 καὶ
2867 3068 3179 3139 ὑπισχνεῖτο
3241 3073 3421 3126 πάντα
3460 3073 3557 3126 σὺν
3605 3075 3754 3144 τόκῳ

2178 3156 2469 3212 ἀποδοῦναι
2499 3157 2650 3226 σφίσι
2679 3157 2749 3212 τά
2771 3159 3241 3230 κομισθησόμενα.
3275 3161 3464 3215 Πολλοὶ
3489 3161 3620 3231 γοῦν
3642 3163 3754 3216 τῶν

2179 3249 2430 3319 εὐπόρων
2480 3249 2706 3320 χρυσίον
2755 3250 3108 3321 πεπόμφασιν
3166 3252 3340 3322 αὐτῷ,
3393 3254 3486 3306 καὶ
3535 3254 3596 3307 τὸ
3648 3255 3750 3324 μὲν

2179 3340 2404 3395 ἀπέδοτο
2435 3341 2528 3395 τοῦ
2560 3344 2892 3413 τιμήματος,
2953 3343 3047 3397 τοῦ
3079 3345 3270 3398 λοιποῦ
3314 3346 3372 3399 δὲ
3413 3346 3573 3416 χάριν
3607 3347 3742 3416 ὁμήσ

2179 3451 2305 3504 ρους
2339 3433 2658 3489 καταλιπὼν
2690 3437 2800 3488 τῶν
2822 3436 3037 3508 δεσμῶν
3059 3436 3361 3492 ἀπολέλυτο
3391 3439 3481 3494 καὶ
3510 3439 3609 3511 τὴν
3638 3438 3750 3491 τῶν

2177 3527 2436 3581 Γαλατῶν
2461 3527 2799 3598 μητρόπολιν
2817 3528 3116 3583 κατέλαϐεν
3147 3531 3449 3601 Ἄγκυραν.
3474 3530 3750 3585 Ξυνέπεσε

2175 3613 2307 3683 γοῦν
2333 3616 2500 3684 ἄμφω
2527 3614 2604 3668 τὼ
2635 3615 2850 3685 ἀδελφὼ
2893 3619 2973 3680 εις
3009 3619 3141 3687 μίαν
3191 3619 3406 3690 ἡμέραν
3463 3620 3562 3690 τὴν
3594 3620 3750 3672 πόλιν

2176 3707 2530 3761 καταλαϐεῖν.
2566 3707 2710 3761 Ἀλλ’
2739 3711 2946 3773 ἐκεῖνος
2978 3709 3078 3779 μὲν
3117 3711 3441 3782 προφθάσας
3480 3713 3574 3766 ὲπί
3603 3727 3748 3773 τινος

2175 3797 2478 3867 οἰκήματος
2519 3797 2624 3852 τῶν
2652 3799 2836 3853 πυλῶν
2871 3799 3026 3864 ὄντος
3056 3801 3262 3856 ἄνωθεν
3293 3802 3618 3870 ἀνεπαύετο,
3647 3817 3745 3867 τας

2175 3889 2353 3952 πύλας
2383 3889 2607 3954 κλείσας
2639 3890 2854 3954 καὶτὰς
2895 3891 3046 3956 κλεῖς
3086 3893 3331 3964 κατέχων
3355 3895 3538 3958 αὐτός.
3587 3895 3676 3959 Ὦς
3701 3896 3746 3946 δ’

2172 3981 2404 4054 ἠκηκόει
2441 3979 2535 4035 τοῦ
2589 3983 2822 4052 ἀδελφοῦ
2873 3984 3184 4052 φωνοῦντος
3242 3987 3466 4054 ἔξωθεν,
3512 3987 3749 4058 ἀνήλατύ

2172 4089 2232 4126 τε
2273 4072 2376 4144 τῆς
2411 4071 2597 4142 κλίνης
2631 4072 2726 4126 καὶ
2755 4071 2856 4136 τὰς
2891 4073 3037 4137 κλεῖς
3061 4073 3244 4129 λαϐὼν
3280 4076 3399 4142 ἐπὶ,
3427 4075 3528 4138 τὰς
3570 4073 3747 4136 πύλας

2171 4162 2341 4218 ἔθεεν.
2368 4161 2611 4227 Ἀνοίξας
2641 4161 2735 4217 οὖν
2755 4164 2947 4234 εἰσῆγε
2972 4163 3185 4230 πάντας
3217 4166 3364 4220 ἔνδον
3384 4166 3483 4236 τῆς
3515 4167 3743 4229 πόλεως.

2184 4255 2244 4310 '0
2272 4255 2330 4308 δὲ
2351 4254 2808 4325 θαυμασιώτατος
2855 4256 3093 4322 ’Δλέξιος
3123 4259 3286 4313 αὑτὸν
3320 4259 3746 4330 ἀπροσδοκήτως

2173 4347 2509 4417 θεασάμενος
2538 4345 2714 4419 (οὔπω
2741 4347 2852 4419 γάρ
2899 4351 3148 4406 πέπυστο
3204 4353 3334 4422 περί⁵
3365 4351 3552 4423 αὐτοῦ)
3587 4368 3742 4405 κατεο

2173 4435 2382 4509 πήδησέ
2405 4453 2465 4490 τε
2500 4436 2594 4490 τοῦ
2630 4437 2798 4493 ἵππου
2825 4441 2921 4495 καὶ
2949 4442 3315 4513 περιπλακεὶς
3336 4442 3741 4515 κατησπάζετο.

2171 4529 2451 4600 Θυμηδίας
2484 4524 2578 4584 οὖν
2617 4531 2702 4584 ὅτι
2721 4531 2986 4602 πλείστης
3019 4535 3358 4603 πλησθέντες
3404 4537 3638 4607 ἀνῄεσαν
3667 4532 3746 4592 ὡς

487 4632 676 4688 claves
706 4630 1046 4687 asservabat.
1085 4625 1154 4682 Ut
1184 4635 1366 4681 autem
1401 4640 1591 4682 vocem
1623 4626 1808 4682 fratris
1830 4626 2065 4681 exterius

2183 4623 2264 4677 in).
2290 4622 2350 4677 τὸ
2380 4622 2674 4694 δωμάτιον.
2708 4626 2820 4679 Καὶ
2847 4628 2876 4680 6
2906 4626 3006 4696 μὲν
3053 4625 3290 4680 ἐδείπνει
3345 4625 3527 4688 ἄσιτος
3574 4625 3651 4679 ῶν
3685 4625 3746 4678 τὸ

486 4721 783 4799 clamantis
837 4718 1084 4785 audivit,
1124 4717 1346 4772 .exsiliit
1397 4732 1427 4772 c
1479 4725 1650 4772 strato
1712 4717 2065 4786 clavibusque

2183 4716 2461 4788 παράπαν,
2485 4717 2515 4769 6
2537 4715 2593 4770 δὲ
2622 4716 2657 4770 ἀ
2677 4716 2840 4772 πάθοι
2862 4717 3002 4770 κατὰ
3024 4717 3124 4786 τὴν
3155 4716 3536 4787 αἰχμαλωσίαν
3565 4718 3747 4786 ἀπήγ-

482 4815 728 4884 sumptis
774 4814 844 4867 ad
896 4819 1082 4882 portas
1125 4808 1361 4864 accurrit
1405 4809 1718 4880 apertisque
1767 4809 1834 4864 iis
1873 4823 2064 4864 omnes

2183 4809 2342 4876 γειλε.
2367 4810 2479 4863 Καὶ
2512 4805 2579 4878 ἦν
2619 4810 2648 4861 6
2690 4809 2904 4871 δεῖπνος
2956 4809 3186 4870 ἐκείνοις
3225 4810 3363 4878 μετά
3395 4807 3591 4876 ἡδονῆς
3649 4811 3747 4861 καὶ

494 4905 802 4960 introduxit
831 4904 885 4958 in
921 4902 1217 4958 civitatem.
1245 4900 1860 4970 AtpraaclarusAlexius
1885 4901 2064 4970 ipsum
2173 4900 2446 4972 δακρύων.

495 4997 936 5067 inopinatissime
966 5009 1198 5050 cernens
1237 4993 1394 5064 (nihil
1428 4994 1574 5048 enim
1648 4992 1828 5048 adhuc
1863 4992 1930 5046 de
1993 4991 2140 5048 illius
2179 4992 2502 5048 liberatione
2551 4989 2819 5058 audierat)
2871 4988 3091 5044 desiluit
3135 4989 3246 5059 66
3289 5002 3356 5041 ex
3413 5002 3555 5056 equo
3591 5002 3743 5040 coin-

491 5095 758 5166 plexuque
797 5105 959 5161 atque
1005 5091 1193 5147 osenla
1241 5090 1496 5145 salutavit
1569 5088 1793 5144 fratrem
1816 5127 1834 5156 ,
1884 5087 2104 5158 quando
2179 5087 2482 5144 incredibili
2519 5094 2749 5155 uterque
2785 5083 2994 5154 perfusi
3024 5078 3223 5153 gaudio
3254 5082 3413 5146 inid,
3459 5083 3601 5151 quod
3634 5080 3742 5132 dixi

493 5191 838 5248 caenaculum
872 5189 1261 5254 ascenderunt,
1301 5188 1390 5241 ubi
1451 5196 1706 5242 comante
1753 5185 1966 5250 Alexio,
2007 5185 2102 5254 qui
2142 5184 2279 5240 nihil
2315 5182 2495 5237 adhuc
2525 5196 2590 5236 eo
2619 5181 2706 5234 die
2730 5187 3064 5250 gustaverat,
3098 5177 3340 5232 lsaacius
3403 5192 3524 5245 qua:
3550 5188 3744 5243 passus

495 5298 640 5344 esset
670 5288 724 5340 in
763 5285 1079 5353 captivitate
1104 5284 1386 5338 narrabat.
1421 5283 1608 5353 Itaque
1652 5299 1759 5337 non
1793 5282 1914 5337 sine
1962 5267 2219 5336 dulcibus
2247 5281 2507 5349 utrinque
2537 5278 2794 5349 lacrymis
2830 5285 3103 5330 transacta
3143 5290 3296 5330 corna
3332 5284 3436 5328 est.

565 5386 620 5440 9.
653 5383 794 5437 lliuc
823 5377 1009 5433 triduo
1057 5377 1314 5432 curandis
1349 5377 1630 5430 hominum
1665 5376 2073 5443 jumentorum-

2245 5371 2312 5427 θ’.
2344 5372 2536 5440 Τρισὶν
2563 5367 2658 5425 οὖν
2691 5370 2930 5441 ἡμέραις
2961 5365 3375 5428 ἀναπαύσαντες
3427 5366 3650 5428 ἑαυτούς
3679 5380 3741 5416 τε

489 5491 601 5550 que
629 5471 961 5543 corporibus
989 5469 1138 5531 dato,
1173 5469 1261 5524 ubi
1289 5449 1514 5524 audiere
1540 5468 1832 5522 recessisse
1860 5465 2072 5522 Turcos

2183 5465 2262 5518 ut
2287 5465 2355 5517 τὰ
2391 5461 2683 5532 ὑποζύγια,
2730 5462 2852 5516 ἐπεὶ
2894 5459 3025 5530 περὶ
3053 5459 3161 5512 τῶν
3195 5457 3456 5529 Τούρκων
3482 5458 3744 5510 ἐπύθοντο

491 5549 684 5640 procul
717 5580 744 5615 a
778 5559 1039 5614 Romanis
1071 5559 1293 5621 finibus,
1337 5567 1523 5627 empto
1559 5559 1657 5627 ipsi
1681 5555 2060 5612 Constantino-

2183 5556 2242 5619 ὓς
2270 5556 2461 5627 τιόρρω
2490 5555 2736 5623 γένοιντο
2780 5554 2888 5607 τῶν
2916 5551 3002 5623 [Ρ.
3035 5550 3129 5620 47]
3199 5549 3527 5618 Ῥωμαϊκῶν
3558 5549 3740 5618 ὁρίων,

492 5654 660 5727 polim
687 5665 879 5708 versus
901 5651 1098 5704 itinere
1121 5664 1245 5704 cum
1275 5658 1395 5718 post
1425 5651 1710 5719 trajectum
1743 5651 2068 5720 Sangarium

2183 5649 2404 5718 ἰραντες
2439 5648 2651 5700 ἐκεῖθεν
2687 5646 2781 5699 ἐπὶ
2823 5646 2922 5715 τὴν
2959 5642 3208 5714 βασιλίδα
3237 5641 3346 5695 τῶν
3378 5641 3587 5694 πόλεων
3612 5642 3742 5692 ἐπο-

485 5745 861 5804 Nicomediam
906 5749 1208 5814 peterent,
1281 5755 1408 5799 ecce
1456 5742 1912 5813 praetereuntibus
1965 5742 2071 5797 illis

2183 5741 2419 5811 ρεύοντο.
2458 5739 2869 5810 Περαιωθέντες
2909 5737 2966 5791 δὲ
2999 5737 3088 5790 τὸν
3117 5733 3423 5802 Σαγγάριον
3449 5733 3547 5802 τὴν
3574 5732 3744 5784 Νικο-
