4088 6208
300 415 404 478 103

1497 409 2049 473 HISTORIARUM
2089 410 2219 470 LIB
2281 409 2365 469 Il.

3378 410 3391 431 ’
3451 411 3551 473 110

303 535 509 608 μῆδους
542 529 872 586 καταλαϐεῖν
894 531 1205 602 ἠπείγοντο.
1242 531 1447 586 Διιοῦσι
1481 532 1540 587 δὲ
1589 532 1800 595 τούτοις
1821 532 1880 584 τὺ

1997 530 2246 601 sppidum
2306 543 2414 583 non
2464 543 2721 600 magnum
2770 528 2974 608 Decten
3014 541 3271 586 vocatum
3313 534 3556 590 occurrit

298 626 500 698 χωρίον
532 623 562 678 ὅ
598 624 775 695 Δέκτη
830 624 1101 690 καλεῖται,
1159 624 1267 678 τῶν
1300 624 1551 695 συνήθων
1581 640 1667 686 τις
1706 624 1876 692 ὑπην-

296 715 452 778 τίαζε
482 714 577 767 καὶ
604 711 909 783 παρεκάλει
943 714 1095 784 παρὰ
1127 716 1193 784 τῇ
1225 714 1376 787 οἰκίᾳ
1399 713 1593 767 τούτου
1620 711 1878 781 γενέσθαι

298 807 391 860 καὶ
430 801 665 864 ἑαυτοὺς
705 801 881 873 βραχύ
920 819 973 855 τι
1018 802 1420 858 διαναπαῦσαι.
1474 802 1739 869 Είξαντες
1783 800 1878 857 σῦν

296 898 415 959 ταῖς
447 893 545 949 τοῦ
592 893 789 963 ἀνδρὸς
848 893 1258 965 παρακλήσεων
1311 893 1582 965 ἀπῄεσαν,
1619 895 1714 948 καὶ
1769 892 1879 948 τῶν

300 991 482 1043 ἵππων
507 986 816 1048 ἀποϐάντες
840 986 1076 1057 ἀνῄεσαν
1106 988 1198 1039 ἐπὶ
1247 986 1309 1040 τὸ
1336 986 1631 1057 δωμάτιον.
1690 985 1803 1039 Καὶ
1830 985 1881 1039 οί

302 1081 404 1151 μὲν
435 1078 798 1144 ἀνεπαύοντο,
828 1078 857 1130 ὗ
906 1077 952 1131 δ’
984 1077 1257 1149 ἑστιάτωρ
1292 1079 1353 1131 τὸ
1404 1079 1623 1132 δεῖπνον
1675 1075 1880 1148 ηὐτρέ-

302 1171 429 1236 πιζε
462 1170 606 1240 μάλα
640 1170 918 1238 ἀσμένως,
943 1170 1027 1222 ὅτι
1049 1169 1327 1233 τοιούτους
1364 1170 1665 1237 ὑπεδέξατο
1695 1169 1880 1222 δαιτυ-

306 1265 493 1333 μόνας.
525 1263 615 1315 Ἐν
655 1261 766 1331 ὅσῳ
796 1259 854 1313 δὲ
901 1260 1074 1315 ταῦτα
1116 1263 1436 1333 ἐπράττετο,
1480 1261 1678 1332 ξυνέϐη
1712 1260 1886 1333 Τούρ-

304 1371 436 1418 κους
469 1353 595 1423 περί
622 1369 725 1405 που
766 1352 1077 1416 διακοσίους
1104 1355 1352 1407 κατιέναι
1389 1355 1483 1407 ἐπὶ
1533 1356 1801 1425 προνομῇ,
1832 1353 1884 1407 οἳ

303 1445 397 1498 καὶ
424 1440 674 1495 διώδευον
702 1443 800 1511 τὴν
823 1441 942 1494 ὁδὸν
968 1443 1065 1495 ἐπὶ
1095 1444 1164 1496 τὰ
1197 1445 1385 1514 πρόσω
1433 1444 1757 1508 σπεύδοντες
1786 1444 1885 1498 καὶ

307 1533 513 1604 μηδένα
545 1534 705 1601 λόγον
736 1533 847 1586 τῶν
883 1533 1025 1587 κατὰ
1063 1534 1302 1605 πάροδον
1352 1534 1643 1606 Ῥωμαίων
1694 1535 1884 1590 ποιού-

302 1642 481 1695 μενοι.
514 1624 801 1695 ’Δγρώτης
828 1625 884 1677 δέ
908 1643 993 1690 τις
1016 1627 1291 1699 ἀροτριῶν
1321 1628 1523 1692 αὐτοὺς
1549 1628 1887 1699 θεασάμενος

304 1718 399 1770 καὶ
432 1717 642 1787 οίηθεὶς
687 1716 784 1770 τοῦ
837 1717 1041 1789 μέρους
1092 1713 1235 1772 είναι
1285 1718 1395 1772 τῶν
1442 1719 1887 1791 προκληθέντων,

302 1806 505 1875 ἐφώνει
537 1807 634 1859 καὶ
665 1807 863 1869 αὐτοὺς
894 1808 1077 1861 ἐκάλει
1110 1807 1317 1862 καὶτὸν
1353 1810 1529 1878 μέγαν
1557 1809 1884 1880 δομέστικον

1979 624 2064 677 vir
2111 622 2243 676 olim
2293 631 2458 676 notus
2495 636 2596 691 pro
2635 602 3010 678 familiaritate
3054 639 3284 695 rogans,
3329 625 3554 680 domum

1979 723 2040 768 ut
2064 712 2133 769 ad
2172 728 2327 769 suam
2354 713 2409 767 in
2438 712 2692 783 proximo
2731 714 2895 769 sitam
2924 715 3257 771 diverterent
3285 716 3555 772 modicum

1979 804 2093 859 illic
2123 797 2387 874 quieturi.
2433 800 2578 859 Victi
2625 803 2883 874 precibus
2928 806 3264 875 omissisque
3304 807 3463 878 equis
3496 808 3556 863 in

1983 894 2240 950 cubiculo
2290 893 2565 965 superiori
2614 894 3001 964 quiescebant,
3056 896 3275 967 hospite
3339 898 3558 954 interim

1982 995 2253 1057 occupato
2303 986 2357 1041 in
2417 985 2661 1056 parando
2713 986 2946 1057 prandio
2998 987 3409 1060 plurimumque
3454 990 3562 1047 sibi

1983 1078 2309 1148 gratulante,
2357 1078 2503 1147 quod
2555 1078 2694 1134 talcs
2733 1078 2879 1148 apud
2910 1093 2970 1135 se
3001 1081 3260 1136 convivas
3287 1091 3559 1138 cernere.

1985 1170 2191 1225 Verum
2224 1170 2429 1225 interea
2461 1169 2601 1226 forte
2636 1171 2865 1242 contigit
2889 1171 3161 1229 ducentos
3188 1173 3398 1230 'l‘urcus
3422 1189 3562 1243 pra:-

1985 1261 2148 1316 dandi
2178 1273 2351 1316 causa
2403 1271 2678 1331 vagantes
2707 1263 2833 1316 illac
2884 1262 3238 1329 descendere,
3291 1265 3385 1334 qui
3436 1279 3563 1320 cum

1986 1353 2211 1409 innoxie
2246 1353 2557 1409 transirent
2600 1353 2941 1423 ulteriusque
2991 1357 3219 1410 omnino
3248 1358 3468 1412 animos
3500 1372 3567 1412 ac

1987 1458 2113 1514 spes
2165 1443 2528 1509 intenderent,
2577 1444 2817 1502 rusticus
2850 1459 2945 1501 eos
2990 1455 3178 1501 arator
3206 1449 3566 1517 conspicatus

1986 1549 2056 1590 ac
2099 1535 2204 1590 sibi
2238 1536 2574 1605 persuadens
2603 1551 2726 1591 esse
2772 1536 2897 1592 illos
2930 1552 2962 1592 e
3009 1539 3273 1593 comitatu
3334 1539 3569 1594 Comne-
3636 1600 3642 1617 ν

1988 1641 2206 1694 norum,
2264 1641 2400 1695 quos
2460 1628 2624 1683 modo
2673 1638 3026 1686 transeuntes
3083 1631 3316 1694 viderat,
3369 1646 3568 1703 magna

1983 1716 2327 1787 compellatis
2351 1732 2483 1773 voce
2496 1717 2649 1773 dixit
2672 1733 2797 1774 sese
2825 1719 2893 1774 iis
2913 1729 3279 1775 ostensurum
3310 1721 3400 1776 ubi
3421 1731 3570 1777 esset

1991 1823 2220 1881 magnus
2258 1809 2615 1866 domesticus.
2646 1808 2728 1865 Illi
2763 1811 2831 1866 ad
2865 1810 3142 1867 hominem
3173 1821 3438 1869 coeuntes
3472 1814 3568 1868 ubi

305 1896 668 1950 ἐπιδεικνύειν
692 1897 1086 1969 ἐπηγγέλλετο.
1118 1899 1184 1951 Ol
1216 1896 1275 1952 δὲ
1305 1899 1443 1969 πρὸς
1493 1899 1656 1952 αὐτὸν
1685 1901 1880 1970 ἀφικόο

1997 1915 2050 1957 ιι
2074 1901 2196 1970 ipso
2218 1910 2594 1972 cognoverunt
2614 1913 2908 1973 exceptum
2925 1903 3290 1959 domesticum
3324 1904 3571 1975 hospita}

302 2004 465 2058 μενοι
494 1988 793 2061 ἐπειδήπερ
825 1988 1134 2061 ἐμάνθανον
1173 1988 1269 2055 ξὺν
1315 1988 1518 2058 ὀλίγοις
1543 1990 1737 2044 τοῦτον
1765 1992 1888 2047 ἐπι-

307 2079 645 2149 ξενίζεσθαι,
676 2081 1036 2146 ἐξελάσαντες
1063 2081 1165 2153 τὴν
1190 2080 1370 2135 οίκίαν
1398 2097 1460 2133 τε
1490 2080 1755 2137 ἐκύκλουν
1786 2083 1885 2138 καὶ
1942 2102 1951 2107 ’

307 2175 407 2236 τὰς
430 2172 701 2238 διεξόδους
739 2172 993 2245 ἐτήρουν.
1029 2172 1259 2244 Πορθεῖν
1290 2168 1349 2226 δὲ
1372 2171 1580 2243 ταύτην
1622 2173 1724 2226 οὐκ
1752 2174 1889 2228 ἐπε-

306 2266 532 2337 χείρουν
576 2265 811 2329 δεδιότες
859 2266 991 2330 τοὺς
1025 2264 1251 2320 ἔσωθεν.
1309 2264 1401 2328 Ὠς
1434 2263 1481 2317 δ’
1517 2263 1768 2334 ἐγνώσθη
1819 2266 1890 2321 τὰ

310 2358 597 2428 συμϐάντα
626 2361 739 2422 τοῖς
766 2357 996 2425 ἔσωθεν,
1027 2360 1078 2411 οί
1109 2359 1211 2428 μὲν
1226 2356 1436 2410 τούτων
1453 2350 1596 2428 ἦσαν
1616 2359 1674 2410 ἐν
1702 2357 1890 2422 ὅπλοις

305 2449 476 2514 εὐθὺς
527 2450 643 2505 ὅσοι
706 2450 1076 2518 γενναιότατοι
1133 2449 1230 2503 καὶ
1282 2448 1680 2515 ἀλκιμώτατοι,
1734 2450 1785 2502 oi
1830 2448 1889 2503 δὲ

310 2542 451 2611 πρὸς
490 2541 737 2613 δρασμὸν
771 2542 1015 2612 ἐχώρουν
1051 2540 1148 2595 ἅτε
1180 2539 1556 2610 πλῆθοςδντες
1581 2541 1890 2613 σύμμικτον

307 2631 410 2685 καὶ
438 2631 663 2700 θητικὸν
697 2632 759 2684 τὸ
786 2631 993 2698 πλεῖον,
1023 2632 1139 2694 τοῖς
1175 2631 1233 2684 δὲ
1268 2629 1445 2684 ἐδόκει
1473 2630 1703 2702 βέλτιον,
1725 2633 1775 2686 οἳ
1797 2632 1889 2686 καὶ

313 2721 537 2791 μεγέθει
572 2724 842 2793 σωμάτων
879 2721 990 2776 τῶν
1009 2721 1188 2776 ἄλλων
1216 2720 1471 2792 διέφερον
1505 2722 1601 2775 καὶ
1635 2721 1891 2793 μεγάλως

311 2812 517 2883 ηὔχουν
548 2815 642 2867 ἐπὶ
665 2814 921 2884 στρατὸν,
961 2812 1229 2885 μηδαμῶς
1260 2815 1342 2877 είς
1373 2816 1566 2884 χεῖρας
1611 2814 1749 2870 ἰέναι
1777 2817 1892 2880 τοῖς

314 2903 624 2974 πολεμίοις,
657 2905 797 2958 ἀλλὰ
827 2906 895 2959 τὰ
918 2904 1057 2959 ὅπλα
1075 2904 1341 2976 ῥίψαντας
1366 2905 1738 2976 αὐτομολῆσαι
1762 2906 1891 2971 τοὺς

315 2995 650 3067 βαρϐάρους,
677 2998 839 3065 ὅρκια
858 2997 1125 3061 λαθόντας
1170 2997 1383 3051 ἐκεῖθεν
1404 2997 1550 3051 ὥστε
1577 3000 1655 3069 μὴ
1686 2999 1888 3055 θανεῖν.

313 3087 491 3158 Θροῦς
522 3084 616 3143 οὖν
648 3090 744 3143 ἐπὶ
777 3090 856 3161 τῷ
879 3090 1024 3161 λόγῳ
1082 3090 1224 3164 ἤρθη
1246 3090 1433 3157 πολὺς,
1465 3091 1573 3145 τῶν
1603 3092 1704 3162 μὲν
1730 3093 1891 3146 ἐπαι-

1986 2009 2112 2049 cum
2134 1994 2331 2063 paucis
2361 1995 2418 2049 in
2448 1994 2673 2050 domum
2703 1995 2840 2065 ipsis
2869 2005 3174 2063 ostensam,
3216 2010 3339 2051 eum
3381 1998 3569 2053 statim

1984 2085 2330 2142 obsederunt
2370 2086 2620 2157 undique
2657 2101 2959 2157 omnesque
3000 2088 3188 2143 exitus
3224 2089 3337 2160 η
3377 2091 3575 2159 presi-

1990 2177 2099 2233 diis
2153 2179 2517 2234 munierunt:
2552 2178 2606 2233 vi
2665 2186 2854 2249 aperta
2901 2177 3228 2235 abstinuere
3276 2180 3572 2251 tantisper,

1984 2270 2135 2342 quod
2156 2286 2321 2327 acres
2342 2270 2701 2326 obsessorum
2723 2269 2966 2339 impetus
2994 2269 3040 2324 si
3074 2270 3251 2340 palam
3291 2286 3575 2343 oppugna-

1993 2372 2182 2417 rentur
2232 2371 2531 2433 erupturos
2566 2370 2895 2417 metuerent.
2945 2359 3020 2416 Ut
3068 2376 3199 2417 vero
3239 2363 3573 2418 intellectum

1988 2454 2301 2524 periculum
2345 2455 2500 2520 intus
2518 2464 2613 2509 est
2643 2462 2869 2524 repente
2900 2454 3105 2524 quibus
3132 2454 3308 2509 animi
3342 2464 3398 2509 ct
3426 2455 3580 2510 vires

1987 2545 2058 2600 ad
2114 2560 2268 2600 arma
2324 2555 2683 2601 concurrunt.
2753 2543 3026 2615 Pleraque
3084 2554 3275 2601 autem
3343 2547 3578 2602 imbellis

1991 2636 2156 2692 mis“
2198 2650 2230 2692 e
2262 2636 2622 2692 mercenariis
2646 2636 2810 2692 turba
2837 2635 3328 2706 circumspiciebat
3366 2635 3573 2707 fugam.

1992 2728 2333 2795 Quibusdam
2376 2727 2541 2782 etiam
2590 2727 2800 2798 alioqui
2851 2727 3275 2797 praevalentibus
3323 2736 3378 2782 ct
3422 2735 3578 2781 vasto

1997 2835 2228 2891 corpore
2265 2820 2437 2875 multa
2482 2835 2603 2877 sese
2635 2820 2690 2875 in
2736 2821 2989 2876 exercitu
3015 2818 3362 2876 fortitudinis
3386 2827 3577 2875 esten.

1996 2915 2204 2969 talione
2223 2914 2437 2985 jactare
2466 2914 2643 2970 solitis
2687 2914 3105 2986 ignavissimum
3132 2915 3432 2971 consilium
3461 2913 3581 2984 pla-

1992 3007 2172 3071 ceba't,
2202 3022 2549 3077 nequaquam
2587 3006 2862 3063 aientibus
2902 3011 3220 3062 tentandum
3268 3007 3373 3061 sibi
3400 3006 3579 3064 videri

1989 3100 2189 3170 pugna:
2228 3113 2354 3153 cum
2397 3096 2594 3153 Turcis
2628 3098 2827 3165 aleam,
2873 3099 2967 3154 sed
3006 3097 3236 3168 abiectis
3275 3097 3448 3151 armis
3489 3096 3582 3150 de-

315 3178 554 3234 νούντων
580 3181 644 3234 τὸ
668 3181 848 3253 δόγμα
871 3183 983 3236 τῶν
1010 3181 1057 3236 δ’
1095 3181 1411 3252 ἀμφιϐόλως
1438 3183 1691 3254 ἐχόντων.
1710 3194 1717 3202 ’
1738 3183 1797 3236 '0
1832 3183 1890 3237 δὲ

1998 3187 2265 3244 ditionem
2332 3186 2638 3243 faciendam
2695 3187 2802 3242 tlde
2850 3186 3252 3243 incolumitatis
3307 3186 3459 3255 prius
3509 3186 3579 3237 ab

314 3273 565 3337 γενναῖος
604 3272 846 3338 ’Δλέξιος
871 3275 1250 3345 κατασιγὰσας
1279 3274 1372 3329 τὸν
1415 3274 1644 3345 θόρυϐον
1672 3274 1894 3329 τοιῶνδε

2000 3278 2379 3334 obsidentibus
2421 3287 2669 3347 accepta.
2717 3277 2796 3331 Ad
2825 3293 2946 3333 eam
2978 3292 3166 3332 vocem
3218 3291 3467 3330 murmur
3494 3289 3585 3326 or-

315 3363 457 3432 πρδς
484 3366 684 3430 αὐτοὺς
712 3368 914 3438 ἤρχετο
941 3366 1118 3435 λόγων
1136 3385 1153 3400 ο

2006 3379 2121 3424 tum
2144 3378 2230 3425 est
2244 3370 2458 3424 varium
2488 3369 2853 3439 quorumdam
2888 3368 3228 3423 laudantium
3248 3366 3582 3422 sententiam

315 3457 557 3515 aliorum
588 3460 728 3515 inter
759 3472 1057 3531 utrumque
1124 3458 1522 3514 dubitantiurn.
1551 3458 1619 3513 At
1680 3472 1980 3528 generosus
2016 3440 2240 3517 Alcxius
2291 3461 2527 3515 tumultu
2568 3461 2643 3514 ad
2688 3460 2851 3515 breve
2887 3459 3165 3513 silentium
3204 3455 3394 3511 sedate
3442 3455 3586 3508 hanc

315 3554 628 3607 (rationem
666 3566 896 3607 exorsus
929 3561 1050 3606 est:

399 3665 419 3698 ι
449 3647 506 3700 l'.
538 3644 695 3714 Ἐμοὶ
726 3644 847 3713 μὲν,
871 3638 1149 3713 ῶᾶνδρες,
1184 3644 1243 3696 sb
1274 3645 1399 3715 μηδ’
1433 3644 1571 3709 ὅλως
1595 3643 1897 3713 ἀποπειρᾶ-

322 3739 461 3793 σθαι
488 3735 600 3788 τῶν
631 3733 919 3806 πολεμίων,
957 3734 1093 3787 ἀλλὰ
1141 3737 1284 3803 σφᾶς
1327 3735 1522 3800 αὐτοὺς
1548 3737 1627 3800 είς
1654 3733 1900 3789 δουλείαν

317 3825 620 3899 προδοῦναι
668 3826 764 3878 καὶ
795 3824 1076 3895 προῦπτον
1123 3824 1371 3879 κίνδυνον
1426 3826 1564 3896 πρὸς
1591 3827 1652 3879 τὸ
1699 3824 1902 3890 δειλίας

298 3910 576 3989 ’ἐγκλημα
600 3918 787 3990 φέρειν
827 3917 923 3972 καὶ
954 3918 1141 3989 πάσης
1163 3916 1415 3986 εὐηθείας
1436 3917 1585 3971 δοκεί
1605 3914 1746 3971 εἶναι
1801 3933 1900 3987 με-

322 4011 470 4063 στόν.
491 4005 658 4079 Οἶμαι
677 4007 788 4079 γὰρ
830 4008 905 4079 μὴ
935 4007 1017 4061 ὅτι
1033 4024 1098 4076 γε
1147 4006 1453 4076 Ῥωμαίους
1487 4007 1685 4078 ἄνδρας
1704 4007 1814 4061 τῶν
1837 4000 1898 4060 εὖ

323 4101 629 4171 γεγονότων
658 4099 821 4153 τοῦτο
844 4098 1040 4170 δρᾶσαί
1071 4115 1226 4164 ποτε,
1250 4098 1365 4152 ἀλλ’
1380 4098 1500 4152 ούδέ
1527 4100 1791 4167 γυναῖκας
1807 4097 1900 4151 εὐ-

322 4193 503 4262 γενεῖς
534 4207 594 4244 τε
631 4191 726 4244 καὶ
767 4190 1071 4262 σώφρονας.
1089 4189 1237 4262 Πρὸς
1269 4190 1378 4260 γὰρ
1404 4192 1464 4244 τὸ
1510 4190 1664 4244 δεινὰ
1707 4189 1903 4244 παθεῖν

324 4284 422 4337 καὶ
451 4282 543 4335 τὸν
577 4282 726 4335 ἔλεον
770 4280 880 4334 τῶν
912 4279 1215 4351 ἀνθρώπιον
1262 4281 1356 4350 ἀφ’
1386 4280 1544 4351 ἡμῶν
1587 4279 1907 4334 ἀποκλείσο-

330 4392 434 4445 μεν
463 4375 558 4428 καῖ⁵
587 4374 697 4427 τῶν
720 4375 802 4438 εἰς
824 4373 887 4427 τὺ
914 4373 1109 4441 μέλλων
1152 4373 1443 4442 ἐγκωμίων
1473 4370 1905 4441 ἀποτευξόμεθα,

325 4469 363 4523 ἃ
393 4469 506 4528 τοῖς
535 4465 802 4533 γενναίως
831 4464 1270 4534 ἀγωνισαμένοις
1295 4464 1390 4517 καὶ
1419 4462 1584 4529 ἀξίως
1615 4461 1716 4532 τῆς
1757 4460 1909 4530 σφῶν

2075 3641 2167 3695 40.
2208 3658 2227 3691 ι
2266 3638 2397 3694 Mihi
2427 3638 2669 3709 quidem,
2696 3652 2729 3691 ο
2762 3636 2881 3701 viri,
2918 3650 3019 3691 nos
3051 3636 3171 3693 visu
3203 3635 3322 3692 solo
3348 3638 3587 3694 debella-

2004 3740 2091 3789 tos
2119 3732 2359 3788 hostium
2385 3745 2487 3785 nec
2513 3731 2623 3785 vim
2657 3738 2912 3799 expertos
2937 3728 3105 3782 ullam
3137 3729 3286 3784 ultro
3309 3731 3362 3785 iu
3390 3732 3585 3789 volun-

1996 3825 2201 3880 tariam
2236 3824 2554 3879 servitutem
2590 3835 2653 3874 ac
2683 3835 2923 3891 pmsens
2983 3822 3286 3890 periculum
3322 3837 3421 3879 nos
3446 3839 3583 3879 con—

1999 3916 2170 3988 jicere
2233 3922 2429 3986 praeter
2500 3911 2955 3982 vituperationem
3040 3912 3274 3983 ignavia:
3342 3914 3586 3969 stultitia:

2003 4021 2223 4078 quoque
2254 4004 2737 4061 iuconsultissima
2771 4004 2988 4059 videtur
3024 4002 3426 4072 plenissimum.
3461 4001 3589 4060 Exi-

2001 4098 2166 4154 stimo
2221 4097 2410 4162 euim,
2478 4111 2588 4151 non
2633 4095 2813 4150 dicata
2881 4092 3159 4148 Romanos
3240 4092 3381 4149 ullos
3438 4093 3589 4147 viros

2000 4187 2251 4258 ingenuis
2309 4194 2462 4242 ortos
2531 4185 2806 4241 natalibus
2880 4198 3159 4254 nunquam
3217 4184 3345 4253 quid
3404 4185 3589 4239 simile

1998 4280 2219 4341 fecisse,
2249 4282 2345 4334 sed
2365 4292 2440 4332 ne
2468 4276 2722 4331 mulieres
2767 4274 2989 4345 quidem
3034 4275 3246 4330 nobiles
3278 4287 3332 4329 ct
3358 4278 3585 4347 pudicas

2005 4373 2056 4428 id
2084 4369 2330 4425 facturas
2375 4380 2638 4436 unquam.
2670 4363 2728 4418 In
2773 4377 2838 4417 eo
2868 4363 3073 4433 quippe
3099 4364 3149 4418 id
3175 4365 3413 4435 agimus.
3432 4375 3502 4418 ut
3522 4367 3582 4417 in

2006 4458 2295 4516 servilibus
2325 4454 2659 4512 cruciatibus
2690 4452 3027 4525 reliquisque
3059 4454 3393 4523 captivitatis
3425 4456 3588 4509 malis

326 4560 419 4630 [Ρ.
441 4557 534 4630 48]
563 4558 906 4626 εὐγενείας...
930 4556 1182 4620 θανόντες
1196 4555 1471 4609 ἐλεοῦνται
1493 4554 1591 4625 μὲν
1611 4552 1744 4624 παρ’
1766 4552 1896 4607 ἱδιω·

2018 4550 2224 4607 nullum
2281 4547 2439 4605 nobis
2493 4545 2750 4601 solatium
2796 4544 2880 4600 vel
2921 4559 2954 4599 a
2999 4543 3373 4600 misericordia
3427 4547 3512 4600 vel
3557 4562 3590 4600 a

326 4649 464 4708 τῶν.
499 4648 849 4702 ἐπαινοῦνται
880 4647 936 4700 δὲ
988 4646 1138 4718 παρὰ
1180 4646 1378 4717 σοφῶν,
1423 4643 1818 4716 μακαρίζονται
1844 4641 1902 4719 δὴ

330 4739 489 4808 παρὰ
517 4739 755 4792 πάντων.
774 4737 839 4788 Oi
865 4736 923 4791 δέ
955 4736 1094 4806 σφᾶς
1120 4735 1316 4798 αὐτοὺς
1350 4735 1637 4806 προδόντες
1666 4733 1747 4795 εἰς
1777 4731 1901 4783 δουο

333 4831 493 4884 λεὲαν
542 4829 576 4899 ἢ
623 4829 869 4882 κίνδυνον
902 4830 1084 4897 πάσης
1117 4826 1448 4894 συγγνώμης
1480 4822 1669 4899 πόρρω
1696 4819 1902 4891 τυγχά-

329 4939 513 4987 νουσι,
560 4918 936 4985 ταλανίζονται
970 4918 1027 4971 δέ
1061 4917 1217 4988 παρὰ
1250 4916 1469 4971 πάντων
1504 4913 1602 4982 τῆς
1652 4911 1905 4979 ἀθλιότη-

330 5031 447 5079 τος.
480 5014 621 5067 ’Δλλ“
642 5014 677 5084 ἢ
696 5011 878 5075 καλῶς
903 5011 1005 5080 ζῇν
1027 5009 1061 5080 ἢ
1084 5008 1263 5071 καλῶς
1305 5006 1625 5075 τεθνηκέναι
1646 5003 1765 5057 δέον
1784 5019 1909 5056 σκο-

332 5112 483 5175 πεῐν,
499 5106 659 5160 τοῦτο
683 5106 748 5177 δὴ
771 5106 832 5157 sb
852 5103 945 5157 τοῦ
971 5102 1151 5171 λόγου.
1177 5100 1249 5153 Εἴ
1270 5117 1322 5154 τι
1356 5098 1450 5153 οὖν
1475 5096 1602 5167 ἐμοὶ
1631 5094 1908 5161 πείθεσθε,

330 5202 480 5268 ὅσοις
517 5200 617 5270 μὲν
653 5199 792 5252 ὅπλα
819 5197 1109 5265 ἀγχέμαχα
1140 5193 1418 5264 πρόσεστι,
1444 5186 1699 5250 λαϐόντες
1730 5185 1906 5240 ταῦτα

333 5294 475 5362 πρὸς
504 5293 573 5362 τῇ
606 5290 772 5360 ἐξόδῳ
805 5289 1042 5358 στῶμεν,
1075 5288 1221 5349 ὅσοις
1249 5283 1308 5337 δέ
1338 5282 1466 5347 τόξα
1505 5281 1601 5334 καὶ
1643 5279 1771 5350 βέλη
1819 5279 1910 5331 ἐπὶ

330 5385 464 5445 τοὺς
515 5382 748 5454 ὀρόφους
805 5380 1096 5433 ἀνίτωσαν.
1135 5376 1209 5429 Τδ
1256 5375 1315 5429 δὲ
1364 5371 1582 5446 θητικὸν
1632 5370 1778 5425 ἅπαν
1819 5372 1914 5423 καὶ

333 5476 637 5544 ἀπόλεμον,
676 5472 773 5527 καὶ
830 5472 946 5525 ὅσοι
998 5467 1283 5539 πολεμικοὶ
1318 5466 1418 5537 μέν
1461 5466 1598 5517 εἰσιν
1644 5463 1827 5516 ἵππων
1868 5461 1913 5515 δ’

335 5565 607 5636 ἀποροῦσι
675 5565 771 5616 καὶ
848 5562 932 5631 ἐφ’
979 5560 1221 5631 ἡμιόνων
1290 5554 1563 5626 ὀχοῦνται,
1633 5552 1916 5623 στήτωσαν

333 5660 498 5728 ἡμῶν
522 5656 771 5710 ὄπισθεν,
792 5651 925 5706 Εἶτα
962 5655 1011 5705 οἱ
1058 5653 1157 5721 μέν
1183 5647 1388 5704 ἄνωθεν
1421 5647 1489 5700 τὰ
1520 5645 1650 5715 βέλη
1698 5643 1915 5714 πεμπέ-

335 5763 524 5800 τωσαν
554 5747 648 5799 ἐπὶ
678 5747 805 5809 τοὺς
845 5744 1163 5813 πολεμίους,
1184 5738 1343 5793 αὐτοὶ
1377 5738 1434 5791 δέ
1461 5737 1559 5798 τὰς
1588 5735 1763 5798 πύλας
1790 5737 1921 5787 ἁνα-

337 5834 996 5908 πετάσαντεςχωρῶμεν
1026 5831 1147 5888 κατ’
1190 5828 1372 5886 αὒτῶν
1406 5826 1742 5898 σφοδροτάτη
1774 5825 1920 5896 ῥύμῃ

2006 4643 2165 4698 laude
2184 4656 2255 4697 ac
2278 4637 2660 4710 prtdiuatione
2698 4637 2977 4693 hominum
3003 4634 3272 4692 faciamus
3297 4635 3589 4703 reliquum.

2004 4734 2301 4790 Enimvero
2330 4732 2424 4801 qui
2476 4728 2644 4785 nobili
2690 4728 2971 4785 esantlato
3018 4728 3320 4787 certamine
3370 4728 3592 4784 tortum

2009 4825 2138 4881 belli
2175 4824 2400 4878 adversa
2439 4818 2843 4884 succumbunt,
2895 4819 3278 4888 generositatis
3324 4817 3440 4889 68
3480 4833 3597 4874 suae

2008 4916 2249 4971 fructum
2301 4912 2454 4967 illum
2509 4909 2775 4978 referunt,
2811 4918 2870 4965 ut
2896 4908 3376 4973 commiseratione
3409 4911 3478 4965 ab
3509 4910 3594 4964 in-

2011 5007 2207 5073 doctis,
2240 5005 2399 5059 laude
2423 5017 2452 5057 a
2478 5002 2820 5070 sapientibus
2861 5001 3010 5072 digni
3039 5000 3370 5070 iudicentur,
3404 5001 3591 5058 felices

2012 5114 2143 5162 vero
2170 5096 2530 5168 pradicentur
2551 5094 2620 5149 ab
2644 5093 2917 5148 omnibus.
2944 5092 3120 5162 Atqui
3147 5107 3205 5147 se
3226 5093 3376 5165 ipsos
3401 5096 3594 5167 ignave

2012 5187 2218 5245 dedunt
2248 5187 2302 5242 in
2337 5186 2651 5241 servitutem
2680 5195 2776 5239 aut
2805 5184 3106 5256 periculum
3165 5187 3344 5241 omnis
3367 5188 3471 5245 sibi
3504 5203 3596 5241 vo-

2014 5282 2119 5337 uiae
2140 5294 2292 5350 spem
2324 5277 2647 5347 pmcidunl,
2698 5277 3050 5348 illaudatique
3075 5292 3140 5334 ac
3168 5277 3351 5335 miseri
3381 5279 3593 5348 publica

2016 5369 2317 5443 ignominia
2396 5365 2780 5421 traducuntur.
2858 5363 3158 5427 Videndum
3214 5368 3381 5437 igitur
3438 5369 3595 5424 nobis

2019 5475 2239 5531 quoque
2261 5443 2448 5523 fuerit,
2478 5468 2640 5528 prout
2665 5472 2785 5512 csse
2818 5458 2872 5512 in
2903 5473 2997 5514 ore
3024 5462 3376 5516 honestorum
3413 5461 3597 5514 homi-

2019 5567 2150 5605 num
2212 5550 2369 5615 solet,
2411 5559 2472 5604 ut
2517 5559 2610 5602 aut
2642 5549 2869 5604 honeste
2934 5552 3185 5605 vivamus
3225 5560 3320 5603 aut
3374 5549 3597 5605 honeste

2022 5642 2341 5697 moriamur.
2385 5639 2442 5694 Si
2497 5641 2627 5710 quid
2687 5640 2851 5709 igitur
2913 5642 3044 5694 mihi
3098 5642 3340 5706 creditis,
3395 5641 3596 5709 quibus

2023 5735 2191 5789 basta:
2208 5749 2272 5788 ac
2284 5732 2444 5803 gladii
2465 5732 2532 5786 ad
2557 5748 2775 5786 manum
2795 5744 2943 5797 sunt,
2964 5733 3031 5787 iis
3048 5735 3276 5801 arreptis
3298 5733 3361 5785 ad
3376 5733 3594 5798 januam

2024 5834 2270 5894 stemus;
2328 5824 2425 5895 qui
2476 5824 2715 5880 arcubus
2773 5825 3094 5896 sagittisque
3162 5831 3289 5879 sunt
3346 5818 3594 5873 instructi
