4070 6214
514 355 608 422 ιιι

1744 362 2165 424 NICEPHORI
2205 363 2454 427 ΒΠΥΕΝ
2462 367 2507 426 Ν
2516 365 2577 425 ΙΙ

3670 374 3775 437 112

519 480 720 525 tet-tum
751 468 1140 525 conscendant.
1167 468 1406 526 imbellis
1430 486 1557 527 vero
1586 472 1742 527 tut-ba
1767 474 2092 527 rusticorum

2212 472 2320 526 τῶν
2386 473 2583 528 ἵππων.
2630 473 2881 528 ’Emtdiv
2926 475 2971 529 δ’
3005 477 3200 531 ἐκεῖνοι
3244 479 3535 549 φεύγοντες
3584 481 3776 554 πόρρω

514 572 612 614 aut
645 562 993 629 famulorum,
1035 562 1235 632 quique
1280 563 1482 634 alioqui
1511 565 1773 619 militares
1821 564 1977 635 equis
2005 580 2095 619 ca-

514 665 639 708 rent
692 654 855 709 mulis
907 655 1225 710 conscensis
1272 665 1417 710 retro
1472 656 1631 711 nobis
1684 657 1918 713 adstent.
1952 656 2091 711 Tum

512 740 606 809 qui
642 749 841 795 tectum
869 741 1240 796 inscenderint
1266 740 1371 797 tela
1399 741 1526 797 inde
1554 742 1608 796 in
1634 742 1818 810 hostes
1851 744 2093 799 mittattt.

510 829 623 885 Nos
649 839 828 886 autem
858 832 1028 887 valvis
1056 831 1341 902 patefactis
1370 833 1425 887 in
1457 833 1604 903 ipsos
1628 834 1900 888 irruamus
1928 848 2093 903 quam

514 922 897 977 incitatissimo
926 938 1191 993 equorum
1222 923 1449 994 impetu.
1480 924 1772 994 Postquam
1803 937 1982 979 autem
2017 925 2095 980 illi

513 1011 780 1083 fugientes
813 1013 966 1082 longe
992 1030 1020 1068 a
1052 1015 1137 1068 via
1166 1030 1269 1084 qua
1306 1017 1462 1071 nobis
1511 1016 1636 1071 hinc
1673 1018 1860 1072 urbem
1896 1033 2089 1072 versus

513 1102 752 1157 eundum
782 1111 867 1157 est
894 1103 1238 1171 recesserint,
1292 1104 1627 1161 descendant
1652 1122 1682 1164 e
1716 1116 1856 1161 tecto
1875 1106 2090 1177 jacula-

514 1205 658 1249 tores
727 1194 1099 1264 iumentisque
1176 1198 1494 1253 conscensis
1564 1200 1829 1268 prodeant
1895 1208 2091 1254 uetera

515 1280 864 1336 multitudine
917 1292 1197 1353 sequente.
1260 1283 1542 1340 Intervalla
1599 1302 1763 1356 porro
1832 1290 1970 1343 inter
2029 1304 2129 1344 se.

514 1372 873 1441 ordinemque
924 1374 978 1427 in
1034 1375 1117 1428 via
1175 1386 1414 1444 servent,
1486 1386 1648 1446 prout
1716 1394 1854 1449 Opus
1905 1391 1987 1435 est
2028 1382 2097 1436 ad

510 1464 799 1535 phalangis
858 1467 1111 1521 tuendam
1165 1470 1421 1540 ﬁguram,
1476 1472 1798 1542 cunctisque
1847 1474 2099 1529 maxima:

2195 563 2305 616 τῶν
2353 563 2600 629 διεξόδων
2650 567 2932 635 γένωνται,
2977 569 3030 620 οἴ
3064 586 3121 622 τε
3161 569 3366 624 ἄνωθεν
3418 571 3568 636 ὄντες
3608 591 3778 628 κατα-

2200 654 2396 718 ϐάντες
2457 661 2553 710 καὶ
2618 657 2993 728 ἱππασάμενοι
3048 659 3314 726 ὲξίτωσαν
3370 662 3464 717 καὶ
3497 664 3558 718 τὸ
3588 664 3777 720 λοιπὸν

2203 745 2629 801 συνεπέσθωσαν
2664 750 2887 820 πλῆθος.
2942 751 3290 806 Ἀπέστωσαν
3315 755 3370 808 δὲ
3416 754 3516 825 τῆς
3563 757 3683 811 ὀδοῦ
3712 758 3774 812 ὲν

2197 838 2350 905 τάξει
2397 838 2673 910 φάλαγγος
2723 844 3134 915 καθιστάμενοι.
3184 846 3328 917 Πλὴν
3357 835 3583 902 ⁴ἅπασιν
3630 849 3775 904 ἔστω

2202 930 2402 995 σκοπὸς
2430 926 2509 995 εἷς
2540 932 2614 1002 μὴ
2653 934 2903 988 διαλῦσαι
2941 936 3040 1008 τὴν
3076 934 3228 1002 τάξιν
3307 939 3447 1010 μηδὲ
3494 940 3777 996 διασκεδαο

2200 1019 2420 1088 σθῆναι.
2446 1020 2592 1074 Ἀλλ’
2616 1023 2834 1078 ἐπειδὰν
2866 1028 3026 1097 ἡμεῖς
3057 1029 3198 1082 κατὰ
3228 1030 3338 1083 τῶν
3368 1031 3640 1103 πολεμίων
3658 1052 3772 1105 χω-

2201 1110 2406 1182 ρῶμεν,
2430 1111 2527 1165 οἵδ’
2559 1114 2843 1170 ἀπίτωσαν
2876 1117 3062 1190 βάδην,
3098 1122 3322 1176 ἐπειδὰν
3354 1122 3401 1177 δ’
3430 1125 3479 1177 οί
3521 1126 3773 1196 πολέμιοι

2196 1204 2319 1258 καθ’
2377 1207 2538 1277 ἡμῶν
2595 1206 2995 1280 ἑξορμήσωσιν,
3048 1215 3447 1281 ἐστηκέτωσαν.
3483 1217 3682 1287 Ἔγγὺς
3715 1220 3773 1272 δὲ

2197 1296 2375 1350 ὄντων
2411 1300 2515 1351 τῶν
2551 1303 2866 1367 στενωπῶν,
2908 1304 3125 1359 ἐπειδάν
3169 1309 3227 1360 ὲν
3262 1311 3453 1373 αὐταῖς
3485 1309 3772 1382 γενώμεθα

2198 1384 2419 1450 πάντες,
2447 1387 2553 1440 τῶν
2579 1389 2762 1445 ἵππων
2795 1394 3222 1466 ἀποϐησώμεθα.
3247 1400 3356 1451 Καὶ
3389 1399 3647 1470 πείθομαι
3692 1401 3773 1471 μὴ

2199 1475 2265 1528 ἂν
2294 1479 2420 1543 τοὺς
2462 1479 2757 1552 πολεμίους
2782 1485 3192 1557 κατατολμῆσαι
3224 1488 3452 1559 πλησίον
3489 1489 3642 1559 ἡμῶν
3673 1506 3766 1558 γε·

516 1554 568 1607 id
598 1571 742 1610 curae
773 1555 841 1610 sit
872 1570 938 1609 ne
965 1557 1121 1626 culpa
1170 1559 1489 1628 cujusquam
1535 1559 1671 1614 solvi
1717 1561 1940 1616 ordines
1989 1563 2101 1617 dis-
2201 1566 2405 1623 νέσθαι.
2436 1589 2455 1622 t

516 1644 792 1714 siparique
819 1659 884 1699 ac
913 1646 1149 1716 dispergi
1180 1649 1349 1700 aciem
1390 1648 1696 1718 contingat.
1737 1649 1842 1705 Sed
1874 1651 2092 1706 interim
2135 1652 2265 1709 dum
2297 1673 2398 1713 nos
2435 1660 2490 1715 in
2559 1662 2747 1721 hostes
2791 1664 3081 1723 iri-ruimus
3107 1706 3123 1733 ,
3172 1671 3466 1739 procedant
3495 1672 3569 1726 illi
3602 1663 3775 1743 pede.

517 1736 731 1789 lentim.
771 1733 871 1789 Ubi
902 1751 1029 1790 vero
1075 1737 1319 1791 vicissim
1384 1738 1570 1793 hostes
1605 1740 1656 1792 in
1717 1755 1815 1794 nos
1866 1740 2128 1811 impetum
2169 1744 2421 1814 fecerint,
2475 1760 2620 1808 stent
2645 1755 2697 1809 in
2726 1757 2974 1826 vestigio.
3001 1760 3135 1814 Cum
3172 1733 3307 1815 vero
3333 1763 3401 1816 ad
3431 1733 3620 1819 arctas-
3652 1763 3769 1818 via-

513 1844 633 1882 rum
667 1826 855 1885 fauces
885 1831 1301 1893 accesserimus,
1330 1833 1546 1901 pariter
1571 1850 1761 1890 onmes
1786 1837 2179 1896 exscendemus
2215 1844 2371 1912 equis
2398 1864 2410 1900 :
2444 1859 2498 1901 et
2528 1849 2766 1918 polliceri
2802 1853 2978 1908 ausim
3010 1860 3633 1927 nequaquam‘ausuros
3667 1860 3771 1914 ho-

512 1930 626 1975 stes
657 1920 951 1975 admovere
978 1935 1039 1976 se
1065 1920 1225 1975 nobis
1261 1921 1504 1990 propius.
1537 1941 1557 1973 ο

578 2012 788 2083 69H.
810 2012 933 2068 llaec
951 2013 1152 2068 dixit‘et
1170 2014 1437 2084 probavit.
1456 2015 1723 2072 Omnibus
1752 2019 2092 2091 singulisque
2125 2029 2165 2086 Β

507 2118 607 2171 pro
635 2118 694 2156 se
724 2116 943 2171 quoque
975 2102 1043 2157 ad
1080 2113 1260 2172 partes
1298 2104 1403 2158 sibi
1447 2104 1750 2177 descriptas
1800 2109 2094 2188 euntibus,

508 2192 600 2249 alii
653 2202 793 2247 tecto
844 2208 1147 2249 conscenso
1200 2193 1325 2248 inde
1354 2194 1762 2265 jaculahantur,
1798 2194 1887 2253 alii
1925 2202 2096 2270 portis

509 2287 791 2357 patefactis
851 2287 1055 2354 ingenti
1082 2288 1135 2341 vi
1168 2300 1358 2343 contra
1408 2290 1594 2345 hostes
1640 2290 1973 2361 ferebantur,
2002 2294 2093 2364 qui

508 2394 576 2433 eo
615 2378 832 2448 gemino
887 2379 1069 2433 subito
1115 2379 1337 2433 adn.oto
1390 2380 1624 2449 perculsi
1683 2391 1829 2436 metu
1890 2383 2094 2440 ferocia

507 2473 708 2523 omissa
750 2468 803 2523 in
837 2468 1020 2540 fugam
1070 2468 1211 2523 versi
1247 2476 1396 2523 sunt.
1436 2469 1585 2524 L'nde
1619 2473 1847 2527 audacia
1878 2484 2092 2545 sumpta

505 2561 599 2631 qui
629 2570 784 2615 crant
815 2561 963 2615 intus
993 2560 1248 2615 exierunt
1282 2560 1524 2616 universi
1565 2563 1816 2635 viamque
1854 2566 2094 2623 inierunt

508 2652 562 2704 in
594 2651 825 2704 formam
859 2649 1143 2721 phalangis
1171 2651 1476 2706 militariter
1504 2652 1777 2719 instructi,
1810 2655 1912 2711 nisi
1944 2657 2089 2727 quod

506 2742 855 2797 festinantius
905 2741 1235 2797 lneedebant
1278 2743 1463 2813 paulo,
1504 2759 1665 2815 quam
1696 2747 1997 2818 disciplina:
2027 2765 2091 2806 ac

484 2834 740 2902 periculi
775 2848 909 2889 usus
937 2834 1218 2904 poscebat.
1248 2832 1516 2890 Caeterum
1541 2837 1596 2891 in
1625 2848 1800 2893 tutum
1836 2840 2087 2896 subducti

508 2925 731 2979 Barbari
807 2924 988 2995 fugant
1050 2925 1375 2981 incusabant
1439 2942 1595 2983 suam
1669 2940 1971 3002 mutuoque
2028 2947 2089 2989 se

484 3014 782 3069 adhortati
815 3026 873 3068 ut
908 3014 1249 3071 insecutores
1279 3030 1410 3071 suos
1441 3016 1679 3071 vicissim
1730 3018 2089 3089 insequeren-

508 3116 597 3159 tur
656 3106 909 3159 feruntur
938 3107 990 3159 in
1040 3114 1261 3160 nostros
1319 3121 1529 3171 rursus,
1578 3116 1634 3162 et
1658 3114 1800 3178 quod
1850 3124 1944 3166 eos
1976 3124 2086 3164 non

515 3199 700 3264 pltttcs
750 3195 934 3265 viginti
985 3209 1110 3250 esse
1155 3197 1431 3262 videbant,
1485 3197 1881 3255 circumvenire
1925 3210 2088 3270 atque

505 3289 651 3340 omni
694 3297 939 3355 exparte
973 3288 1229 3344 claudere
1271 3290 1629 3345 conabantur.
1692 3291 1769 3346 Illi
1815 3292 2086 3348 concitato

467 3390 473 3415 -‘
506 3396 670 3434 τευτευ
709 3381 831 3450 fuga
884 3395 1073 3436 versus
1111 3394 1336 3435 suorum
1380 3382 1707 3454 phalangem
1749 3385 1879 3439 inita
1920 3387 2084 3441 simul

2192 3398 2429 3470 ἐπῄεσαν
2477 3399 2633 3469 αὖθις
2684 3381 2891 3483 σφοδρᾷ

503 3488 571 3527 eo
628 3482 985 3540 pervenerant
1046 3474 1272 3531 collecta
1333 3489 1527 3530 rursus
1588 3491 1753 3530 manu
1814 3480 2091 3549 versiSqne

504 3563 751 3618 animose
794 3560 1068 3618 frontibus
1116 3564 1169 3617 in
1215 3561 1423 3618 Turcos
1468 3565 1637 3632 ibant,
1702 3566 2091 3637 t'ugiebantque

508 3669 630 3707 mox
690 3654 955 3719 Barbari,
1015 3654 1192 3723 quoad
1242 3657 1358 3710 suis
1404 3665 1458 3709 et
1498 3657 1600 3725 ipsi
1656 3657 1801 3710 misti
1873 3674 2089 3713 rursum

475 3745 762 3799 'cedeutes
813 3756 1073 3813 urget-ent
1118 3752 1358 3800 nostros.
1408 3743 1510 3799 Per
1549 3747 1649 3800 has
1702 3750 1966 3816 sequendi
2008 3748 2094 3804 fu-

507 3836 796 3906 giendique
826 3837 972 3891 vices
1003 3851 1126 3890 cum
1151 3836 1376 3890 multum
1408 3845 1555 3892 esset
1581 3838 1737 3906 spatii
1779 3839 2086 3894 confectum

506 3927 549 3981 Τ
555 3928 669 3982 urci
706 3927 979 3982 aestimato
1029 3926 1346 3998 diligentius
1377 3927 1544 3981 totius
1574 3938 1883 3982 nostrorum
1919 3931 2090 3999 agmi-

504 4020 592 4073 nis
623 4034 873 4084 numero,
901 4034 1023 4073 cunt
1054 4034 1112 4074 se
1140 4019 1301 4088 longe
1351 4019 1539 4088 plures
1570 4034 1692 4073 esse
1741 4020 2089 4075 animadver-

506 4111 700 4165 tissent
743 4112 891 4180 (nam
934 4114 1089 4164 turbs
1143 4111 1233 4165 illa
1279 4126 1401 4181 quae
1456 4111 1744 4183 phalangis
1796 4105 2086 4169 exhibebat

501 4204 738 4267 spectent
787 4200 1182 4270 quinquaginta
1239 4202 1482 4270 equitum
1518 4216 1790 4256 summam
1835 4218 1944 4259 non
1992 4221 2087 4259 ex-

503 4293 729 4360 plebat),
758 4292 981 4346 omissis
1004 4292 1074 4347 iis
1100 4300 1290 4347 contra
1318 4306 1458 4362 quos
1498 4294 1865 4364 nequidquam
1901 4296 2087 4352 hacte-

499 4400 605 4438 nus
661 4384 864 4438 velitati
914 4394 1093 4451 erant,
1152 4386 1206 4439 iu
1265 4386 1587 4456 phalangem
1649 4388 1820 4455 ipsam
1888 4400 2087 4459 magno

499 4488 701 4550 impetu
738 4480 1061 4549 magnisque
1090 4480 1424 4533 clamoribus
1456 4494 1521 4533 ac
1548 4480 1716 4534 densa
1758 4482 2079 4551 sagittarum

2269 2030 2357 2077 ια’.
2398 2024 2563 2077 Ταῦτ’
2591 2020 2712 2079 εῐπε
2745 2027 2838 2081 καὶ
2868 2029 3067 2094 πάντες
3109 2031 3406 2089 ἐπείθοντο.
3434 2036 3542 2089 Καὶ
3569 2039 3621 2093 οἱ
3670 2043 3773 2111 μὲν

2201 2114 2292 2167 ἐπὶ
2324 2115 2450 2178 τοὺς
2476 2115 2707 2186 ὀρόφους
2732 2119 2968 2190 ἀνῄεσαν
2999 2122 3093 2176 καὶ
3116 2122 3184 2177 τὰ
3217 2124 3344 2196 βέλη
3384 2129 3768 2201 προέπεμπον,

2197 2203 2247 2256 οί
2285 2204 2341 2258 δὲ
2373 2206 2471 2272 τὰς
2503 2208 2677 2273 πύλας
2708 2211 3102 2268 ἀνεπετάννυον
3146 2217 3238 2270 καὶ
3286 2219 3491 2293 σφοδρᾷ
3518 2224 3583 2293 τῇ
3617 2225 3770 2297 ῥύμῃ

2198 2298 2339 2352 κατά
2365 2299 2473 2354 τῶν
2518 2303 2795 2374 πολεμίων
2843 2306 3107 2378 ἐπῄεσαν.
3147 2310 3210 2363 Ol
3252 2308 3344 2365 οὖν
3394 2312 3646 2384 πολέμιοι
3690 2315 3771 2387 τῷ

2196 2391 2447 2463 αἰφνιδίῳ
2502 2396 2960 2467 καταπλαγέντες
3032 2400 3207 2472 ἀλκῆς
3281 2403 3605 2461 ἐπελάϐοντο
3674 2409 3771 2461 καὶ

2184 2482 2333 2551 ⁹πρὸς
2373 2485 2548 2556 φυγὴν
2595 2486 2918 2557 ἐτράποντο.
2979 2492 3183 2556 ’Δδείας
3217 2493 3310 2549 οὖν
3355 2496 3682 2570 δραξάμενοι
3717 2501 3771 2554 οἱ

2194 2573 2343 2637 ὲντός
2373 2574 2611 2641 ἅπαντες
2641 2578 2870 2650 ἐξῄεσάν
2899 2599 2958 2635 τε
2990 2584 3085 2637 καὶ
3124 2586 3225 2655 τῆς
3256 2587 3378 2640 ὀδοῦ
3409 2589 3664 2660 ἥπτοντο,
3686 2592 3769 2656 εἰς

2194 2664 2347 2731 τάξιν
2380 2667 2479 2735 μὲν
2506 2667 2570 2738 δὴ
2603 2670 2879 2739 φάλαγγος
2920 2674 3331 2747 καθιστάμενοι,
3379 2683 3683 2753 ταχυτέραν
3709 2683 3767 2736 δὲ

2192 2755 2225 2824 ἢ
2258 2756 2424 2827 ἐχρῆν
2455 2759 2553 2829 τὴν
2586 2761 2812 2832 πορείαν
2861 2765 3194 2837 ποιούμενοι.
3250 2769 3388 2823 Ἀλλ’
3406 2771 3456 2825 oi
3488 2772 3768 2844 Βάρὸαροι

2192 2849 2382 2920 πόρρω
2406 2850 2501 2904 τοῦ
2532 2854 2783 2909 κινδύνου
2830 2859 3114 2930 γενόμενοι
3149 2861 3320 2933 ἀλκῆς
3347 2883 3406 2920 τε
3437 2862 3595 2932 αὖθις
3637 2869 3770 2939 ὲμέ-

2196 2957 2398 3014 μνηντο
2440 2946 2534 2999 καὶ
2587 2948 2947 3022 προύπεμπον
2993 2955 3255 3026 ἀλλήλους
3303 2959 3663 3033 ὑποστρέφειν
3703 2979 3768 3031 τε

2194 3033 2288 3087 καὶ
2321 3036 2460 3091 κατά
2492 3037 2601 3092 τῶν
2629 3040 2872 3099 διωκτῶν
2900 3050 3120 3118 χωρεῖν,
3151 3052 3246 3104 καὶ
3290 3052 3507 3122 μάλισθ’
3547 3056 3628 3109 ὃτι
3660 3055 3766 3110 ab.

2196 3139 2313 3217 ρων
2334 3126 2396 3205 ού
2438 3128 2712 3203 πλείουςῆ
2740 3134 2912 3190 εἴκοσι
2944 3139 3125 3203 ὄντας.
3166 3142 3629 3217 ’Υποστρὲφοντες
3670 3149 3766 3203 οὖν

2192 3215 2426 3309 κυκλοῠν
2454 3221 2655 3286 αὐτοὺς
2672 3223 2950 3284 ἔσπευδον.
2975 3233 3038 3284 Ol
3059 3233 3114 3286 δὲ
3137 3215 3765 3309 προτροπάδηνφεύγον·

2189 3306 2279 3400 τές
2315 3325 2374 3362 τε
2402 3311 2495 3363 καὶ
2523 3314 2942 3400 ὀπιόντες,ὲπεὶ
2972 3324 3139 3393 ἐγγὺς
3177 3327 3285 3381 τῶν
3321 3306 3766 3400 ἰδίων-ἐγένοντο,

2936 3416 3000 3486 τῇ
3038 3417 3210 3489 ῥύμῃ,
3253 3421 3347 3474 καὶ
3397 3422 3448 3474 ol
3490 3421 3767 3494 Βάρϐαροι

2190 3490 2628 3590 ἔφευγονηΑὖθις
2652 3493 2798 3556 οὗτοι
2832 3504 3196 3578 ὑπέστρεφον.
3234 3514 3344 3567 Καὶ
3389 3512 3530 3568 οὕτω
3558 3490 3646 3586 [Ρ.

2194 3583 2356 3655 μέχρι
2381 3587 2573 3642 πολλοῦ
2606 3591 2849 3665 ἀλλήλων
2888 3600 3284 3672 ἀπεπειρῶντο.
3324 3605 3461 3659 Ἀλλ’
3491 3583 3768 3676 σίτοῠρῖ

2193 3690 2278 3726 κοι
2334 3678 2541 3743 πάντας
2586 3682 2799 3752 ὀλίγους
2870 3690 3121 3761 ὁρῶντες,
3168 3695 3308 3763 σφᾶς
3342 3695 3402 3749 δὲ
3455 3697 3766 3751 πολλαπλα-

2195 3764 2342 3830 σίους
2370 3766 2459 3839 (ἦν
2486 3772 2596 3845 γὰρ
2628 3775 2723 3828 καὶ
2757 3778 2816 3830 τὸ
2847 3782 2926 3844 είς
2955 3782 3230 3852 φάλαγγος
3254 3788 3407 3854 τάξιν
3430 3789 3761 3860 καθιστάμε-

2190 3873 2281 3910 νον
2340 3862 2519 3915 ὲνδέον
2577 3867 2788 3921 ἱππέων
2826 3866 3223 3947 πεντήκοντα),
3262 3880 3484 3944 τούτους
3533 3881 3793 3950 ἀφέντες·

2342 3951 2567 4006 ἐκείνων
2597 3955 2858 4027 ἐχώρουν,
2878 3963 2971 4015 καὶ
3021 3964 3357 4036 βαρϐαρικὸν
3395 3948 3764 4038 ἀλαλάξαντες

2189 4034 2484 4102 ὲξήλαυνόν
2520 4058 2577 4094 τε
2607 4047 2701 4097 καὶ
2728 4047 3058 4120 τοξεύμασιν
3082 4034 3326 4112 ἔϐαλλον.
3347 4034 3633 4122 Δείσαντες
3670 4034 3768 4115 οὖν

2185 4126 2284 4196 τὴν
2323 4127 2473 4221 τάξιν
2516 4131 2754 4189 διαλύειν
2788 4133 2939 4205 εἶξάν
2964 4158 3023 4194 τε
3060 4145 3153 4197 καὶ
3191 4146 3323 4216 πρὸς
3376 4148 3554 4221 φυγὴν
3589 4148 3765 4220 ὲξώρο

2189 4233 2305 4310 μων
2348 4218 2469 4291 ἤδη.
2506 4224 2599 4276 καὶ
2648 4225 2863 4293 πάντως
2914 4234 3193 4288 ἀπώλοντο
3247 4237 3314 4290 ἂν
3351 4241 3401 4291 εί
3431 4218 3519 4310 μὴ*
3553 4218 3767 4307 ταχέῶς

2185 4307 2352 4400 ἀμφω
2380 4311 2457 4364 τὼ
2486 4314 2700 4385 ἀδελφὼ
2728 4318 2823 4385 ξὺν
2873 4320 3074 4392 ὀλίγοις
3123 4307 3566 4398 καταδραμόντες
3599 4329 3766 4400 ἐϐοή-

2184 4397 2308 4492 ῡουν
2328 4401 2435 4492 Δι’5λίι
2482 4407 2627 4477 χειρὶ
2659 4409 2750 4462 καὶ
2779 4412 2905 4477 τοὺς
2935 4414 3071 4487 πρὸς
3100 4422 3277 4489 φυγὴν
3303 4397 3613 4492 τραπέντας
3640 4397 3766 4476 ἀνε-

2182 4489 2467 4560 καλοῦντο,
2491 4497 2686 4568 στῆναι
2735 4504 3049 4570 κελεύοντες
3076 4510 3126 4562 εί
3158 4513 3235 4583 μὴ
3268 4512 3541 4583 βούλοιντο
3588 4530 3764 4568 κατα-

498 4570 838 4639 immissione
893 4568 1165 4626 feruntur.
1199 4567 1298 4625 ﬂio
1341 4570 1516 4625 nostri
1571 4574 1819 4627 servandi
1874 4575 2083 4630 ordinis

2192 4582 2462 4655 λειφθῆναι
2491 4567 2586 4642 ὐπί
2611 4593 2791 4650 αὐτῶν
2829 4567 3142 4670 άὸοήθη-τοι.

459 4676 627 4716 -utra
673 4674 823 4718 metu
869 4663 1098 4728 omissa,
1126 4663 1390 4717 cedebant
1429 4663 1543 4733 jam
1574 4663 1717 4718 haud
1773 4666 1936 4722 dubie
1975 4668 2028 4722 in
2073 4668 2165 4733 fug

2168 4690 2366 4746 antque
2393 4694 2519 4736 cum
2544 4695 2688 4740 certa
2736 4691 2981 4746 omnium
3023 4694 3260 4764 pernicie
3303 4698 3613 4769 vergebant,
3654 4697 3762 4752 nisi

499 4756 749 4810 celeriter
816 4756 980 4810 ambo
1033 4753 1233 4809 fratres
1287 4769 1414 4809 cum
1461 4759 1651 4826 paucis
1713 4772 2060 4814 accurrentcs
2100 4771 2564 4834 opportunissimo
2601 4777 2709 4848 70
2750 4794 2949 4851 praesto
2981 4753 3190 4843 auxilio
3260 4753 3510 4845 fuissem
3537 4753 3763 4858 jamque

502 4849 792 4904 inclinatos
842 4852 895 4903 itt
952 4847 1137 4919 fugam
1194 4860 1545 4906 revocasscnt
1619 4868 1682 4906 ac
1711 4864 1857 4908 stare
1896 4856 1947 4909 in
1992 4858 2128 4925 Ιο‹·υ,
2172 4863 2272 4916 nisi
2332 4847 2631 4927 condonari
2674 4847 2861 4930 il‘ut‘ori
2929 4880 3169 4937 hostium
3230 4883 3498 4940 indefensi
3537 4847 3757 4958 velle-ut,

496 4943 811 5011 jussisseut.

568 5036 654 5090 12.
689 5036 868 5091 Porro
913 5045 1044 5093 tune
1073 5039 1300 5110 contigit
1352 5039 1602 5096 mirabile
1653 5041 1953 5111 quidpiam.
1991 5041 2087 5097 Vir
2111 5054 2163 5114 ι)

496 5128 643 5183 enim
680 5135 800 5181 erat
826 5137 1055 5183 staturae
1100 5131 1429 5200 proceritate
1472 5141 1806 5202 congruente
1835 5133 2086 5187 crassitie

497 5204 896 5281 membrorum,
914 5221 1125 5276 robore
1153 5223 1382 5292 insuper
1418 5231 1634 5276 artuum
1666 5237 1731 5275 ac
1758 5222 2081 5278 lacertorum

498 5310 642 5365 inter
673 5319 920 5364 exsectos
973 5312 1242 5380 palatinos
1292 5312 1527 5383 spectari
1560 5326 1621 5365 ac
1650 5315 1849 5382 suspici
1892 5315 2083 5371 solitus

498 5403 635 5456 adeo
693 5402 937 5471 quidem,
973 5412 1031 5457 ut
1058 5404 1177 5458 visu
1217 5407 1393 5472 primo
1425 5405 1698 5458 intuentes
1745 5406 2078 5471 pereellerct,

501 5493 887 5562 subigeretque
944 5496 1305 5550 admiratione
1361 5497 1533 5550 victos
1578 5495 1757 5551 dicere
1786 5496 1853 5551 ad
1901 5502 2085 5568 proxi-

498 5599 647 5638 mum
701 5600 1017 5656 quemque:
1065 5587 1202 5653 Quis
1250 5588 1526 5642 enimvero
1578 5598 1686 5642 tam
1733 5591 1913 5645 animo
1944 5607 2077 5646 con-

498 5684 647 5729 stans
690 5685 798 5730 tant
848 5680 1058 5732 vnibus
1127 5679 1363 5733 imictus
1421 5680 1594 5735 hostis
1663 5681 1827 5752 hujus
1887 5694 2078 5739 contra

496 5766 706 5822 ruentis
751 5770 1019 5823 sustinere
1048 5770 1154 5822 vim
1194 5784 1430 5837 unquam
1466 5770 1704 5837 poterit?
1749 5769 1877 5825 Solo
1904 5774 2072 5837 enim,

3392 4958 3467 5021 υ.)

2265 5046 2353 5117 ιβ’.
2374 5051 2508 5105 Τότε
2539 5054 2719 5111 τοίνυν
2738 5056 2931 5131 ξυνέϐη
2962 5062 3055 5113 καὶ
3086 5062 3338 5131 γενέσθαι
3360 5081 3413 5117 τι
3433 5064 3756 5136 θαυμάσιον.

2198 5139 2367 5217 Ἀνὴρ
2402 5143 2511 5215 γάρ
2548 5162 2632 5210 τις
2666 5148 2839 5218 μέγας
2869 5151 2962 5203 καὶ
2999 5154 3216 5223 ἰσχυρὸς
3241 5157 3354 5219 τοῖς
3382 5156 3441 5209 ὲν
3465 5162 3577 5221 τοῖς
3604 5158 3757 5229 βασι-

2182 5230 2347 5323 λείοις
2368 5236 2653 5307 ὲκτομίαις
2681 5239 2961 5310 ὁρώμενος
2981 5242 3340 5315 ἐθαυμάζετο.
3383 5248 3633 5304 Ἐπειδὰν
3649 5251 3760 5323 γάρ

2180 5322 2351 5391 ὁρῷεν
2366 5325 2548 5391 αὐτὸν,
2571 5327 2767 5397 ἐφώνει
2782 5330 2967 5402 ἕτερος
2984 5335 3117 5404 πρὸς
3136 5339 3227 5390 τὸν
3245 5338 3331 5391 ἒτε
3340 5356 3430 5411 ρον
3451 5340 3523 5403 ὡ,
3539 5342 3647 5413 ἀρα
3663 5322 3760 5407 Τίς

2184 5416 2454 5489 ὑποσταίη
2494 5419 2769 5491 πολεμίων
2809 5425 2979 5494 άλκην
3009 5428 3213 5481 τοιοῦδε
3244 5432 3437 5503 ἀνδρός
3464 5449 3480 5499 ;
3513 5435 3617 5506 Θέᾳ
3650 5436 3760 5506 γὰρ

2193 5507 2329 5581 μόνῃ
2347 5513 2437 5562 καὶ
2466 5510 2774 5583 βρυχήματι
2795 5516 3080 5583 φεύξονται
3113 5520 3374 5587 ἅπαντες.
3409 5524 3611 5580 Τοῦτον
3634 5540 3744 5580 συν-

2188 5599 2285 5668 έῦη
2322 5601 2442 5652 τότε
2494 5606 2749 5672 παρεῖναι
2774 5608 2914 5677 μετὰ
2942 5609 3050 5662 τῶν
3080 5613 3156 5674 εἰς
3181 5614 3278 5683 τὴν
3304 5614 3583 5683 φάλαγγος
3602 5617 3759 5683 τάξιν

2188 5691 2630 5762 καθισταμένων,
2686 5699 2923 5767 ὁπηνίκα
2976 5704 3103 5755 κατ’
3141 5705 3367 5759 ἐκείνων
3423 5708 3472 5758 οἱ
3522 5706 3761 5777 Τοῦρκοι

2183 5781 2531 5853 ἐξώρμησα-κ.
2579 5786 2668 5850 Εἰς
2706 5791 2882 5861 φυγὴν
2928 5790 3021 5846 οὖν
3070 5784 3325 5852 ἁπάντων
3370 5799 3756 5868 ὁρμησάντων,
