4070 6214
308 295 414 362 113

1517 299 2056 360 HISTORIARUM
2097 303 2243 364 LlB.
2286 304 2372 365 II.

3454 295 3552 363 1M

301 406 428 460 ἐπεὶ
457 399 611 466 οὗτος
657 417 830 473 μεγας
883 420 940 455 τε
973 396 1040 474 ἦν
1072 401 1165 457 καὶ
1208 402 1431 476 Θώρακα
1465 405 1873 476 περιεϐέϐλητο,

1992 420 2038 463 ιι
2089 412 2302 466 videtur
2368 409 2649 465 conterriti
2721 408 2839 478 ejus
2889 414 3133 479 aspectu,
3195 405 3343 461 vocis
3392 407 3554 461 etiam

302 498 636 567 ἀγανακτεῖν
666 495 881 549 ἐπενόει
915 495 1006 549 τὸν
1034 496 1200 551 ’ίππον
1231 499 1326 550 καὶ
1365 497 1522 564 μόνος
1559 496 1667 549 τῶν
1697 496 1874 550 ἄλλων

299 589 529 656 δτ-,ισθεν
585 587 988 658 περιλέλειπτο.
1031 588 1122 651 Ὠς
1170 589 1300 656 γοῦν
1341 587 1497 652 αὖθις
1535 591 1584 642 oi
1641 589 1874 658 Τοῦρκοι

299 681 544 754 ἐπῄεσαν
569 680 665 733 καὶ
701 680 750 732 oi
786 678 914 749 περὶ
951 677 1043 732 τὸν
1097 679 1363 734 Ἰσαάκιον
1402 680 1495 734 καὶ
1527 679 1620 733 τὸν
1670 680 1878 732 κλεινὸν

311 771 548 834 Ἀλέξων
570 769 787 839 βοηθεῖν
808 767 1150 838 ἐπεχείρουν,
1196 769 1357 832 αὐτὸς
1387 769 1445 834 ἑξ
1492 769 1753 838 ὀνόματος
1787 770 1877 822 τὸν

299 861 512 914 κλεινὸν
541 859 728 913 ἐκάλει
765 858 1002 925 Ἀλέξων
1037 859 1134 913 καὶ
1180 859 1394 930 βοηθεῖν
1456 861 1781 930 παρεκάλει.
1821 858 1877 913 Ὀ

295 952 342 1004 δ’
365 951 570 1013 εὐθέως
612 951 959 1020 ὑποστρέψας
991 951 1085 1005 καὶ
1128 950 1255 1014 τοὺς
1300 951 1654 1020 ἐπιτυχόντας
1681 951 1878 1015 διώξας

299 1040 392 1094 τοῦ
421 1043 674 1094 κινδύνου
712 1040 902 1094 τοῦτον
931 1041 1222 1112 ἐρρύσατο,
1251 1041 1470 1106 διδάξας
1499 1043 1663 1096 αὐτόν
1690 1060 1748 1095 τε
1783 1042 1879 1095 καὶ

299 1133 427 1195 τοὺς
453 1131 646 1184 τοῦτον
682 1131 1062 1202 θαυμάζοντας
1096 1133 1171 1196 ὡς
1199 1134 1307 1204 ἄρα
1338 1134 1398 1186 ού
1432 1134 1660 1203 μέγεθος
1690 1134 1877 1203 σῶμα⁹

301 1241 396 1285 τος
429 1223 551 1276 οὐδὲ
585 1221 740 1295 ῥώμη
774 1224 1056 1295 δυνάμεως
1090 1225 1211 1277 οὐδὲ
1249 1224 1435 1289 φωνῆς
1472 1224 1748 1295 τραχύτης
1781 1225 1877 1278 καὶ

308 1315 478 1383 βάρος
529 1313 616 1366 τὸν
655 1316 877 1385 ἄριστον
939 1314 1281 1385 στρατιώτην
1329 1316 1688 1382 δεικνύουσιν,
1742 1316 1880 1370 ἀλλὰ

303 1405 485 1475 ψυχῆς
506 1407 817 1474 γενναιότης
841 1407 984 1476 καὶὴ
1013 1407 1146 1477 πρὸς
1161 1408 1228 1460 τὰ
1245 1407 1392 1461 δεινά
1411 1408 1696 1478 καρτερία.
1735 1408 1878 1460 Ἀλλ’

303 1498 333 1548 ό
359 1497 457 1566 μὲν
482 1497 669 1550 τοῦτον
690 1499 966 1563 διέσωσεν,
1003 1499 1220 1562 Ἀλανὺς
1247 1500 1304 1552 δέ
1322 1517 1404 1562 τις
1448 1501 1556 1552 τῶν
1576 1500 1668 1552 ἐπὶ
1705 1497 1882 1569 μισθῷ

306 1587 573 1642 συνόντων
595 1589 674 1656 τῷ
703 1589 935 1659 γενναίῳ
972 1590 1251 1660 Ἰσαακίῳ,
1283 1591 1586 1662 ’Δραϐάτης
1609 1591 1668 1643 τὸ
1688 1591 1880 1660 ὄνομα,

302 1679 401 1747 τὴν
425 1678 604 1749 ὁρμὴν
631 1679 712 1731 ὅτι
743 1679 1001 1750 πλείστην
1051 1681 1389 1750 θεασάμενος
1427 1680 1535 1733 τῶν
1581 1681 1882 1752 Βαρϐάρων

1981 504 2119 557 forte
2143 502 2432 557 accedente
2459 503 2659 557 tonitru
2690 500 2849 569 plane
2882 499 3095 553 attoniti
3126 496 3556 553 consto-rnabun-

1981 601 2069 645 tur
2106 593 2156 644 in
2195 591 2375 660 fugam
2410 606 2618 646 omnes.
2658 589 2811 644 Hunc
2850 589 3079 660 contigit
3117 589 3307 644 adesse
3336 596 3464 641 tunc
3502 587 3553 640 iu

1981 680 2071 735 illo
2103 696 2332 736 numero
2384 681 2666 750 phalangis
2705 681 2994 749 quamdam
3036 679 3271 748 speciem
3316 679 3557 732 referen-

1981 772 2136 836 tium,
2170 787 2292 825 cum
2319 771 2370 824 in
2399 786 2493 825 eos
2530 771 2806 825 irruerunt
2835 768 3020 826 Turei.
3050 768 3232 824 Versis
3261 784 3386 838 ergo
3417 783 3554 824 cuu-

1980 860 2082 914 ctis
2134 861 2188 913 in
2232 859 2436 929 fugam,
2476 859 2563 914 hic
2605 869 2800 929 praeter
2853 860 3049 915 molem
3100 859 3343 928 corporis
3392 859 3556 913 lorica

1981 953 2163 1022 gravis
2194 967 2393 1022 equum
2441 953 2576 1008 adeo
2629 952 2966 1024 fatigaverat,
2997 961 3056 1006 ut
3085 952 3128 1006 is
3158 953 3342 1021 aliquo
3393 953 3560 1007 inter-

1981 1045 2123 1100 vallo
2156 1055 2278 1114 post
2325 1060 2514 1100 omnes
2568 1045 2704 1100 alios
2759 1061 2899 1114 pone
2957 1045 3174 1100 relictus
3213 1056 3553 1114 sequeretur.

1983 1136 2037 1191 ld
2074 1137 2235 1190 Turci
2265 1136 2560 1205 conspicati
2586 1137 2978 1192 circumvenire
3007 1138 3311 1207 sejunclum
3340 1155 3367 1192 a
3395 1140 3558 1193 sociis

1984 1229 2402 1288 contendebant.
2446 1229 2653 1282 lsaacio
2715 1229 3014 1298 Alexioque
3068 1231 3318 1284 auxiliari
3372 1238 3558 1284 contra

1984 1318 2326 1374 conantibus.
2370 1316 2480 1371 Nec
2529 1318 2642 1387 ipse
2685 1318 2995 1386 periclitans
3041 1320 3143 1373 sibi
3191 1319 3385 1380 defuit,
3427 1319 3556 1388 qnjn

1986 1409 2242 1479 inclytum
2278 1409 2522 1462 Alcxinm
2552 1407 2805 1465 confesso
2863 1411 3038 1479 palam
3103 1421 3245 1465 metu
3302 1411 3559 1465 invoeans

1986 1500 2070 1554 sui
2120 1507 2179 1553 ut
2229 1498 2578 1553 misereretur
2626 1508 2828 1554 oraret.
2880 1500 2982 1565 Qui
3035 1502 3214 1554 statim
3261 1515 3560 1556 conversus

1986 1592 2232 1646 hostibus
2261 1591 2354 1661 qui
2382 1607 2440 1646 se
2469 1591 2628 1660 primi
2663 1591 2925 1646 dederunt
2974 1593 3162 1647 obvios
3195 1592 3378 1660 fugere
3416 1591 3560 1644 illico

1986 1681 2306 1750 compulsis,
2355 1681 2630 1737 hominem
2687 1682 2930 1751 periculo
2979 1684 3178 1738 exemit
3230 1683 3562 1738 documento

303 1771 400 1824 καὶ
463 1771 540 1832 ὡς
598 1770 739 1840 μετὰ
805 1773 1038 1841 σφοδρᾶς
1073 1774 1180 1842 ,τῆς
1229 1771 1409 1842 ῥύμης
1477 1751 1715 1844 ἐπῄεσαν
1788 1773 1881 1826 καλ⁵

1992 1772 2048 1826 ad
2072 1787 2198 1826 eum
2225 1772 2453 1842 ejusque
2484 1773 2842 1828 admiratores
2875 1775 3235 1837 memorabili,
3269 1789 3337 1829 ne
3363 1773 3564 1841 magni-

304 1861 432 1921 τοὺς
462 1860 727 1927 ἀδελφοὺς
753 1861 836 1913 ὅτι
869 1861 1018 1930 μόνοι
1043 1861 1501 1915 διακινδυνεύουσι
1533 1864 1630 1915 σὺν
1651 1861 1879 1930 ὀλίγοις,

301 1949 486 2012 δείσας
521 1952 594 2020 μή
616 1969 671 2004 τι
685 1951 794 2004 τῶν
815 1951 1128 2022 ἀνηκέστων
1149 1952 1355 2006 τούτων
1376 1952 1620 2022 συμϐαίη
1647 1955 1776 2016 τινὶ,
1790 1954 1883 2006 τὸν

305 2042 521 2112 ἑταῖρον
551 2034 597 2108 ᾧ
628 2041 923 2112 Χασκάρης
943 2042 1113 2113 ὄνομα
1133 2042 1238 2096 ὑπὸ
1255 2045 1331 2112 τῷ
1357 2043 1630 2114 Κομνηνῷ
1663 2043 1884 2113 Ἀλεξίῳ

301 2133 635 2201 ταττόμενον
662 2133 962 2202 παρεκάλει
981 2133 1072 2198 ξὺν
1095 2133 1242 2203 αὐτῷ
1273 2135 1548 2203 γενέσθαι,
1574 2133 1660 2204 [Ρ.
1679 2134 1772 2206 50]
1794 2135 1887 2188 καὶ

304 2225 470 2292 ἄμφω
514 2225 628 2280 τῶν
674 2225 857 2278 ἵππων
901 2226 1169 2295 ἀποϐῆναι
1217 2227 1310 2280 καὶ⁵
1360 2227 1606 2292 τοξεύειν
1637 2227 1732 2280 ἐπὶ
1759 2227 1887 2290 τοὺς

304 2317 622 2386 ⁸πολεμίους.
651 2316 878 2386 Ais-xpr
903 2317 1032 2388 γὰρ,
1063 2317 1285 2387 ἔφησεν,
1309 2319 1358 2372 εί
1381 2317 1617 2373 ’Δλανῶν
1652 2318 1887 2373 ἐνταῦθα

307 2407 594 2476 παρόντων
627 2405 1182 2477 παρακινδυνεύουσιν
1219 2408 1414 2479 ἄνδρες
1447 2407 1686 2476 εὐγενεῖς
1713 2425 1771 2462 τε
1795 2410 1887 2462 καὶ

307 2499 779 2569 ἄριστοιοόνειδος
815 2499 922 2570 γὰρ
967 2499 1034 2552 ἂν
1078 2499 1220 2552 οὕτω
1270 2501 1419 2554 ἆπαν
1473 2500 1584 2564 ἕξει
1626 2501 1687 2554 τὸ
1729 2501 1887 2568 γένος

303 2592 420 2644 τῶν
468 2589 732 2643 Ἀλανῶν.
779 2589 937 2643 Οὕτω
975 2593 1073 2660 μὲν
1104 2586 1198 2645 οὖν
1230 2593 1436 2655 ἐκεῖνος
1471 2590 1598 2660 ἔφη,
1627 2594 1655 2646 ὁ
1693 2592 1749 2644 δὲ
1789 2593 1888 2662 τὴν

309 2683 508 2753 βουλὴν
537 2682 892 2751 ἀπεπέμπετο
934 2682 1008 2746 ὡς
1031 2684 1090 2736 ού
1140 2684 1366 2754 συνετὴν
1396 2683 1596 2753 μᾶλλον
1623 2684 1656 2754 ἢ
1685 2684 1887 2755 τολμη-

308 2777 432 2846 ράν·
481 2773 680 2837 αὐτούς
733 2790 792 2826 τε
841 2773 949 2844 γὰρ
997 2775 1341 2830 κινδυνεῦσαι
1393 2775 1536 2829 οὕτω
1583 2776 1888 2846 δράσαντας

308 2867 597 2930 κάκείνους
661 2867 828 2936 μηδέν
877 2883 930 2919 τι
979 2869 1044 2920 ὲκ
1095 2867 1286 2920 τούτου
1343 2871 1740 2938 προσεφευρεῖν
1789 2867 1885 2921 τοῦ

306 2959 630 3028 όνήσασθαι,
655 2959 750 3011 ἆτε
780 2956 985 3026 ὁμαλοῦ
1021 2958 1173 3021 ὄντος
1204 2957 1298 3012 τοῦ
1326 2959 1493 3011 τόπου
1529 2959 1623 3012 καὶ
1645 2958 1882 3012 πεδινοῦ.

1985 1864 2171 1920 tudine
2213 1865 2475 1933 corporis,
2519 1879 2616 1919 nec
2642 1866 2955 1934 asperitate,
3001 1881 3065 1921 ac
3111 1867 3376 1936 gravitate
3413 1865 3563 1919 vocis

1985 1954 2250 2010 contineri
2301 1956 2556 2008 virtutem
2596 1953 2782 2008 militis
2813 1957 3042 2017 strenui,
3077 1956 3172 2008 sed
3206 1954 3566 2025 generositate

1986 2046 2152 2100 animi
2179 2054 2230 2098 et
2257 2045 2380 2099 forti
2419 2045 2705 2098 tolerantia
2729 2060 2912 2099 rerum
2953 2044 3293 2099 acerbarum.
3323 2044 3419 2098 llic
3444 2045 3567 2112 qui-

1985 2139 2106 2194 dem
2136 2137 2215 2192 sic
2242 2137 2310 2190 ab
2334 2135 2524 2191 Alexio
2579 2143 2824 2190 servatus
2863 2144 2965 2190 est.
3013 2135 3217 2190 Alanus
3248 2135 3349 2204 71
3384 2142 3562 2188 autem

1985 2228 2208 2300 quidam
2250 2241 2317 2282 ex
2381 2225 2739 2281 familiaribus
2795 2225 3002 2292 lsaacii,
3053 2225 3316 2279 Arabates
3365 2225 3564 2289 dictus,

1987 2321 2358 2376 vehementem
2403 2327 2458 2373 et
2501 2317 2832 2386 pertinacem
2883 2319 3141 2384 impetum
3201 2315 3563 2369 Barbarorum

1988 2427 2240 2478 cernens,
2269 2411 2358 2466 cui
2387 2411 2478 2464 vix
2507 2409 2699 2475 majori
2749 2424 2978 2463 numero
3023 2407 3288 2463 tolerabili
3318 2406 3426 2461 duo
3465 2407 3566 2461 soli

1987 2522 2111 2562 cum
2129 2504 2329 2575 Oppido
2347 2503 2534 2574 paucis
2553 2499 2818 2557 Comneni
2840 2501 3032 2556 fratres
3058 2500 3401 2562 obsisterent,
3427 2498 3568 2552 veri-

1988 2607 2078 2654 tus
2108 2614 2175 2652 ne
2197 2597 2324 2668 quis
2354 2612 2516 2652 casus
2560 2595 2812 2650 acerbior
2860 2592 3104 2647 alterutri
3143 2606 3332 2646 eorum
3367 2591 3572 2644 incide-

1989 2697 2092 2752 ret,
2116 2688 2346 2751 socium,
2368 2685 2452 2741 cui
2476 2683 2781 2740 Chascares
2801 2696 2998 2737 nomen
3027 2680 3147 2743 fuit,
3172 2681 3274 2735 sub
3295 2681 3570 2734 Cumneno

1988 2781 2178 2836 Alexio
2229 2787 2525 2834 merentem
2577 2777 2827 2847 rogavit,
2889 2774 3079 2830 adesse
3127 2783 3185 2827 ut
3235 2772 3337 2826 sibi
3387 2773 3570 2836 vellet,

1988 2869 2316 2938 omissisque
2376 2868 2537 2922 ambo
2593 2867 2750 2934 equis
2810 2867 2862 2919 iu
2923 2866 3106 2919 hostes
3175 2863 3566 2933 jacularentur.

1990 2962 2170 3030 Turpe
2219 2960 2510 3029 siquidem,
2565 2959 2762 3023 aiebat,
2807 2956 2970 3013 fuerit
3015 2957 3133 3025 ejus
3173 2956 3467 3012 nobilitatis
3517 2965 3573 3010 et

241 3113 252 3120 ⁸
319 3069 338 3100 ι
393 3049 538 3102 Ἀλλ’
569 3050 623 3102 εῐ
647 3049 700 3101 τί
737 3065 828 3118 μοι
863 3048 1049 3121 πείθῃ,
1081 3067 1101 3101 ι
1139 3050 1325 3120 φησὶν,
1356 3068 1373 3100 ι
1403 3050 1526 3104 ἐπεὶ
1567 3050 1734 3118 ἐγγύς
1782 3068 1885 3104 που

1992 3051 2325 3107 fortitudinis
2353 3055 2496 3107 viros
2531 3051 2721 3105 Alanis
2750 3049 2836 3104 hic
2860 3049 3218 3123 prasentibus
3251 3047 3570 3119 periclitari.

308 3142 421 3196 τῶν
453 3141 747 3196 στενωπῶν
781 3141 883 3211 ἤδη
930 3142 1258 3211 γεγόναμεν,
1285 3142 1506 3196 ἐπειδὰν
1541 3144 1717 3196 ἐκεῖσε
1750 3144 1887 3210 φθά-

313 3253 516 3305 σωμεν,
538 3233 952 3306 άποϐησώμεθα
980 3235 1087 3288 τῶν
1119 3236 1303 3290 ἵππων
1333 3237 1427 3290 καὶ
1457 3236 1720 3304 γενναίως
1744 3237 1890 3303 ἀγω-

310 3328 562 3384 νίσασθαι
616 3330 964 3400 σπεύσωμεν,
989 3329 1082 3382 καὶ
1107 3327 1248 3381 οὕτω
1277 3327 1336 3380 τό
1373 3343 1433 3378 τε
1463 3327 1617 3394 γένος
1662 3326 1890 3396 τιμήσο-

311 3438 415 3490 μεν
445 3423 538 3473 καὶ
567 3422 694 3484 τοὺς
724 3421 993 3484 δεσπότας
1019 3420 1303 3490 όνήσομεν.
1337 3437 1357 3470 ι

1991 3144 2178 3216 Neque
2207 3146 2261 3198 in
2290 3160 2388 3199 nos
2414 3143 2613 3208 solum,
2635 3157 2822 3197 verum
2847 3153 2900 3196 et
2931 3143 2982 3195 in
3016 3141 3329 3196 universam
3367 3139 3573 3193 Alano-

1992 3253 2111 3292 rum
2161 3247 2374 3306 gentem
2409 3249 2470 3288 ac
2503 3234 2699 3287 famam
2731 3233 2782 3286 id
2816 3231 3053 3286 dedecus
3103 3231 3448 3285 redundabit.
3480 3229 3576 3294 ,Sic

1993 3327 2228 3380 Arabate
2275 3325 2478 3386 locuto,
2527 3321 2785 3376 refutavit
2837 3319 3125 3374 consilium
3180 3319 3482 3372 Chascares
3518 3326 3577 3369 ut

1992 3423 2047 3470 et
2093 3415 2269 3469 audax
2329 3413 2557 3467 nimium
2589 3422 2646 3465 ct
2677 3425 2864 3480 parum
2922 3410 3177 3477 prudens.
3237 3405 3367 3460 Nam
3414 3417 3467 3458 et
3517 3421 3576 3460 se

309 3513 465 3579 ipsos
520 3513 1002 3582 praesentissimum
1063 3512 1308 3566 adituros
1361 3510 1657 3566 discrimen
1698 3508 1748 3564 si
1790 3509 1896 3562 hoc
1932 3506 2193 3566 facerent,
2239 3513 2292 3558 et
2378 3514 2556 3557 tamen
2603 3503 2672 3556 iis
2747 3515 2886 3570 quos
2940 3508 3212 3553 serratum
3259 3499 3396 3551 irent
3442 3485 3576 3550 nihil

306 3604 660 3674 profuturos,
704 3605 898 3673 quippe
924 3619 1049 3657 cum
1120 3603 1174 3656 iu
1208 3618 1364 3672 aequa
1428 3601 1744 3671 patentique
1807 3597 2048 3668 planitie,
2073 3609 2132 3652 ut
2159 3606 2271 3651 tum
2341 3603 2517 3657 erant,
2554 3592 2745 3663 positis
2772 3591 3044 3661 peditibus
3069 3589 3331 3645 adversus
3362 3589 3573 3659 equites

302 3700 551 3769 iaculari
604 3698 744 3753 haud
795 3698 1300 3754 essetteonsultum.
1345 3697 1451 3753 Sed
1496 3697 1544 3752 si
1589 3695 1717 3766 quid
1761 3694 1894 3749 mihi
1965 3692 2166 3756 credis,
2197 3690 2294 3754 ait,
2331 3687 2550 3759 quando
2619 3701 2728 3741 non
2781 3686 2940 3756 longe
2965 3684 3032 3739 ab
3062 3683 3170 3738 illis
3214 3698 3352 3752 quas
3398 3681 3577 3736 cernis

305 3794 420 3846 via:
483 3793 744 3861 angustiis
798 3793 1085 3858 distamus,
1133 3808 1198 3848 eo
1242 3792 1408 3847 simul
1483 3791 1924 3861 pervenerimus,
1998 3786 2396 3844 exseendemus
2426 3799 2490 3837 ex
2517 3783 2673 3854 equis
2716 3781 3038 3852 fortiterque
3094 3779 3482 3852 pugnahimus,
3515 3792 3578 3832 ac

309 3889 419 3949 sic,
467 3897 518 3940 et
566 3887 756 3941 honori
809 3889 987 3957 gentis
1035 3898 1089 3942 et
1136 3887 1296 3942 saluti
1349 3886 1695 3941 dominorum
1736 3885 1904 3940 simul
1936 3883 2310 3944 consulemus.

389 3976 456 4043 ιγ’
466 4017 480 4029 .
510 3974 696 4028 Ταῦτα
723 3978 752 4027 ὁ
781 3975 1078 4046 Χασκάρης
1127 3975 1334 4043 ἔλεγεν.
1370 3973 1430 4026 '0
1475 3974 1532 4027 δὲ
1594 3973 1898 4045 ’Δραϐάτης

315 4066 676 4138 βαρϐαρικῶς
703 4067 784 4129 είς
818 4067 982 4118 αὐτὸν
1012 4066 1306 4137 ἐξυϐρίσας
1360 4065 1524 4129 εὐθὺς
1577 4065 1671 4119 τοῦ
1723 4067 1894 4118 ἵππου

311 4159 518 4226 ἀπέϐη,
550 4160 642 4211 καὶ
659 4162 726 4229 τῇ
763 4160 989 4228 μάστιγι
1028 4159 1215 4212 τοῦτον
1245 4159 1453 4228 πλήξας
1479 4157 1621 4211 ὥστε
1664 4158 1895 4212 ἕπεσθαι

313 4254 431 4314 τοῖς
464 4251 743 4316 ἀπιοῦσιν,
793 4253 955 4315 αὐτὸς
998 4252 1202 4322 ἤμυνεν
1235 4253 1293 4305 ὲν
1323 4254 1386 4321 τῇ
1437 4251 1668 4306 πεδιάδι.
1719 4252 1782 4303 Οί
1835 4251 1892 4303 δὲ

317 4342 363 4395 Τ
370 4342 550 4411 οὖρκοι
582 4341 661 4411 τῷ
694 4343 979 4414 παραδόξῳ
1006 4343 1107 4411 τῆς
1132 4341 1261 4405 θέας
1284 4343 1727 4412 καταπλαγέντες
1757 4341 1896 4411 ἠπό-

2070 3975 2160 4029 15.
2189 3970 2338 4026 Talia
2383 3969 2706 4024 Chascares.
2741 3967 2812 4021 At
2837 3967 3100 4021 Arahates
3142 3964 3428 4020 barbarico
3452 3981 3577 4019 cum

1997 4065 2244 4124 convicio
2271 4062 2524 4132 rejiciens
2551 4061 2746 4130 raptim
2779 4073 2919 4129 equo
2949 4056 3172 4121 desiliit,
3191 4063 3244 4111 et
3266 4055 3356 4110 ubi
3380 4054 3576 4125 ﬂagelli

1995 4157 2218 4211 verbere
2269 4151 2620 4221 contemptim
2668 4149 3039 4204 admonuisset
3093 4147 3444 4211 Chascarem,
3473 4145 3578 4199 iret

1995 4249 2038 4303 si
2083 4246 2240 4300 vellet
2283 4260 2408 4299 cum
2469 4241 2824 4312 fugientibus,
2861 4241 2975 4309 ipse
3023 4254 3264 4309 pugnare
3303 4254 3368 4292 ex
3419 4239 3580 4306 plano

2001 4335 2296 4410 jaeulando
2324 4334 2506 4404 empil.
2538 4332 2773 4386 Perculit
2801 4332 3076 4401 inopinata
3109 4330 3318 4401 species
3346 4329 3574 4392 Turres,

327 4450 454 4500 pow
481 4435 508 4486 ὃ
534 4451 589 4486 τι
623 4433 716 4485 καὶ
760 4432 845 4503 εἴη
880 4433 942 4485 τὸ
992 4432 1290 4504 δρώμενον.
1337 4433 1520 4504 Βραχὺ
1568 4433 1697 4501 γοῦν
1742 4431 1889 4501 βέλος

2005 4442 2061 4488 ιιι
2093 4430 2386 4501 aliquando
2422 4429 2688 4482 haererent
2713 4425 2882 4496 ignari
2921 4424 3047 4493 quid
3077 4438 3162 4478 res
3191 4432 3362 4478 esset:
3399 4431 3576 4477 stante

319 4520 468 4593 εἶχεν
493 4526 550 4578 ὲν
576 4529 642 4596 τῇ
678 4525 842 4596 χειρί.
872 4525 977 4579 Τὸν
1003 4525 1134 4593 γοῦν
1160 4524 1392 4595 πρώτως
1446 4525 1674 4578 ἐπιόντα
1714 4521 1900 4593 βάλλει

321 4615 466 4664 κατὰ
499 4614 608 4665 τῶν
635 4616 871 4683 στέρνων
901 4613 978 4683 τῷ
1007 4612 1172 4682 ὀϊστῷ
1202 4613 1296 4666 καὶ
1321 4613 1480 4675 εὐθὺς
1511 4612 1701 4665 τοῦτον
1731 4627 1903 4664 κατα·

325 4703 511 4755 ϐάλλει
536 4702 632 4756 τοῦ
658 4705 850 4758 ἵππου.
885 4704 1067 4770 Ἀφεὶς
1094 4703 1150 4754 δέ
1180 4719 1263 4764 τις
1291 4702 1439 4771 βέλος
1490 4701 1673 4770 βάλλει
1709 4701 1900 4753 τούτου

322 4797 424 4862 τὴν
480 4795 660 4860 δεξιάν
703 4811 717 4822 ·
752 4797 782 4847 ό
829 4795 873 4846 δ’
925 4793 1133 4846 ἐκεῖθεν
1161 4793 1222 4845 τὸ
1252 4792 1406 4862 βέλος
1455 4792 1694 4854 ἑλκύσας
1747 4791 1898 4862 αὐτῷ

322 4887 498 4956 τούτῳ
539 4888 629 4940 τὸν
682 4887 976 4958 βάρϐαρον,
1024 4885 1276 4955 καθάπερ
1319 4887 1346 4938 ὁ
1393 4883 1656 4955 Βρασίδας
1705 4883 1898 4947 πάλαι,

321 4979 590 5047 ἠμύνατο.
612 4980 675 5032 Ol
701 4979 828 5047 γοῦν
873 4979 1148 5049 Βάρϐαροι
1180 4977 1457 5041 δείσαντες
1482 4976 1647 5030 αὐτοῦ
1672 4976 1734 5029 τὸ
1771 4994 1899 5045 γεν-

322 5072 472 5123 ναῖον
498 5070 672 5140 βραχύ
705 5088 756 5121 τι
787 5070 977 5124 τούτου
1011 5071 1320 5140 διέστησαν.
1352 5067 1411 5120 Ὀ
1437 5068 1481 5120 δ’
1517 5067 1700 5131 ἀδείας
1744 5067 1904 5120 λαϐόο

329 5180 492 5232 μενος
543 5165 637 5215 ὲπί
685 5180 737 5214 τι
787 5163 1058 5230 δωμάτιον
1107 5161 1358 5214 ἀνέϐαινε
1399 5160 1654 5213 κάκεῖθεν
1704 5158 1904 5220 αὐτοὺς

324 5259 432 5318 τοῖς
471 5256 795 5325 τοξεύμασιν
822 5254 1032 5319 ἔϐαλλε,
1059 5255 1154 5307 καὶ
1186 5254 1312 5316 τοὺς
1346 5253 1565 5314 λοιποὺς
1609 5246 1756 5322 εἶχον
1803 5251 1903 5320 ἤδη

324 5347 397 5398 τά
427 5346 678 5399 στενωπά
715 5345 826 5397 τῶν
855 5344 1088 5415 χωρίων.
1127 5343 1535 5406 Καταλιπόντες
1569 5343 1661 5396 οὖν
1698 5344 1904 5394 ἐκεῖνον

325 5439 378 5488 oi.
407 5437 678 5506 Βάρϐαροι
706 5436 848 5506 μετὰ
884 5436 1253 5507 σφοδροτάτης
1278 5436 1457 5505 ῥύμης
1487 5435 1717 5497 ἐκείνοις
1746 5434 1905 5504 ἐπῄε-

329 5544 451 5579 σαν.
482 5527 542 5579 '0
572 5528 630 5580 δὲ
674 5527 959 5596 Κομνηνὸς
1004 5527 1237 5592 Ἀλέξιος
1289 5526 1633 5595 ὑποστρέψας
1667 5526 1760 5589 ξὺν
1792 5525 1906 5577 ὀλίιο

327 5635 449 5682 τοις
486 5618 590 5670 τῶν
627 5618 765 5686 ἀμφ’
794 5619 956 5671 αὑτὸν
987 5619 1199 5687 πρῶτος
1229 5618 1325 5669 ἐνα
1365 5617 1570 5670 τούτων
1614 5617 1898 5670 κατέϐαλε.

329 5710 429 5761 lia”
471 5711 496 5760 ὀ
523 5710 843 5779 Χασκάρης,
871 5709 932 5762 οὗ
963 5709 1175 5780 πρῶτον
1207 5711 1232 5760 ό
1263 5709 1414 5774 λόγος
1452 5707 1715 5777 ἐμνήσθη,
1764 5706 1904 5761 κατὰ

2004 4526 2238 4579 Arabate
2261 4538 2323 4576 ac
2347 4522 2509 4576 breve
2531 4519 2696 4574 telum
2730 4533 2892 4573 manu
2931 4526 3167 4580 tenente,
3192 4532 3300 4585 quo
3318 4517 3579 4570 audacter

2006 4631 2138 4670 usus
2184 4618 2236 4667 in
2291 4613 2397 4683 72
2448 4611 2682 4680 primum
2738 4608 2976 4675 equitem
3036 4607 3329 4660 irruentem
3385 4613 3574 4659 c0ntra

2004 4721 2126 4760 eum
2160 4713 2374 4771 pectore
2406 4702 2728 4756 transfixum
2761 4715 2826 4753 ex
2849 4715 2989 4769 equo
3021 4698 3223 4767 dejicit.
3261 4695 3356 4749 llic
3381 4695 3578 4764 aliquis

2007 4793 2160 4846 Alani
2191 4793 2467 4846 dexteram
2506 4789 2690 4857 jacqu
2739 4788 2959 4856 trajicit.
2995 4789 3063 4841 At
3091 4787 3178 4840 ille
3215 4794 3516 4839 extractum
3548 4801 3578 4838 e

2007 4883 2228 4936 vulnere
2283 4882 2445 4935 telum
2478 4882 2531 4933 in
2563 4890 2841 4934 auctorem
2875 4877 3066 4944 (rejicit
3094 4887 3146 4930 et
3171 4877 3462 4930 barbarum
3492 4877 3579 4945 ja-

2006 4976 2300 5029 culatorcm
2342 4988 2438 5027 sua
2490 4971 2664 5040 ipsius
2715 4969 2958 5037 cuspide,
3007 4975 3066 5019 ut
3121 4965 3374 5021 lirasidas
3413 4966 3578 5031 olim,

2007 5078 2269 5134 generose
2312 5063 2457 5116 ultus
2483 5069 2582 5116 est.
2615 5058 2710 5113 llis
2749 5057 3132 5128 experimentis
3170 5067 3450 5127 perspecta
3480 5057 3580 5110 viri

2009 5155 2323 5210 fortitudine
2356 5153 2576 5220 paulurn
2607 5151 2674 5205 ab
2703 5166 2768 5205 eo
2805 5159 3170 5204 recesserunt.
3206 5150 3271 5202 At
3310 5149 3354 5204 is
3384 5164 3582 5218 oppor-

2009 5247 2236 5299 tunitate
2286 5244 2462 5298 oblata
2510 5258 2701 5297 secure
2752 5256 2883 5295 usus
2918 5240 2970 5292 iu
3007 5240 3391 5294 domunculam
3441 5239 3581 5294 forte

2008 5340 2310 5408 proximam
2362 5333 2678 5389 conscendit
2700 5343 2753 5385 et
2776 5331 2898 5384 inde
2930 5331 3048 5385 loco
3083 5329 3330 5399 superior
3362 5329 3579 5382 certiori

2003 5428 2334 5499 iaculatione
2383 5425 2591 5480 Tureos
2640 5422 2948 5478 infestabat.
2985 5421 3086 5474 Alii
3126 5422 3237 5490 jam
3281 5421 3497 5474 interim
3527 5420 3580 5472 in

2011 5519 2288 5590 angustias
2343 5526 2645 5581 evaserant,
2679 5531 2847 5586 quare
2879 5515 3040 5569 Turri
3084 5513 3185 5569 hoc
3221 5516 3449 5578 omisso,
3483 5517 3582 5567 im-

2010 5621 2131 5680 petu
2173 5611 2476 5665 vehementi
2524 5611 2577 5663 in
2626 5624 2719 5663 eos
2771 5607 3067 5663 irrucruut.
3129 5606 3230 5660 Sed
3271 5606 3604 5672 Comnenus

2011 5703 2229 5759 Alcxius
2262 5702 2491 5758 obverso
2529 5701 2582 5756 in
2615 5715 2707 5756 cos
2737 5700 2885 5755 vultu
2918 5716 3036 5754 cum
3071 5698 3414 5752 familiarium
3447 5713 3579 5764 pan-
