4070 6214
490 275 597 340 115

1680 275 2102 336 NICEPIIORI
2147 277 2516 337 BllYENNlI

3630 277 3732 343 lib

482 394 562 447 eis
589 390 797 460 primus
829 403 895 445 ex
929 402 987 446 ..s
1015 402 1180 444 unum
1221 386 1440 458 dejecit,
1461 387 1862 455 etChasc-ares,
1903 390 2062 460 cujus

2173 389 2273 443 τῶν
2304 388 2660 460 μεταφρένων
2689 388 2924 460 ἔτρωσεν
2950 390 3035 444 ἐτε
3045 406 3156 461 ρον.
3184 388 3338 459 Φόϐῳ
3365 383 3459 444 οὗν
3515 393 3738 464 μεγάλῳ

487 485 649 536 modo
682 481 1052 548 meminimus,
1093 480 1349 552 fugientis
1377 480 1600 536 alterius
1635 491 1783 552 terga
1820 483 2062 538 confixit-

483 577 624 632 llinc
669 591 868 646 magno
919 583 1181 646 concepto
1233 585 1379 632 metu
1420 576 1664 632 dimissis
1712 577 1846 646 ipsis
1895 574 2061 629 Turci

485 670 828 724 recedebant.
859 666 1038 723 Nostri
1073 682 1198 722 vero
1226 668 1568 738 aliquantum
1623 667 1898 738 progressi
1923 666 2068 722 desi-

484 760 674 814 lientes
694 774 755 813 ex
781 763 938 828 equis
967 757 1020 812 in
1048 759 1167 814 loco
1195 768 1396 813 natura
1417 758 1630 813 munito
1651 758 2062 813 tabernaculum

487 851 676 922 ﬁgunt.
714 849 899 921 quue
923 850 1037 920 jam
1069 858 1230 904 nocte
1276 850 1558 921 ingruente
1583 851 1676 920 qui
1710 849 2066 904 exscendcrat

483 956 625 1011 equo
673 941 884 997 Alanus
922 956 1044 997 sese
1096 942 1281 997 salvus
1336 941 1555 1010 recepit.
1615 938 1818 1011 Sicque
1872 953 2067 994 omnes

485 1033 687 1101 pariter
719 1033 917 1088 servati
957 1041 1106 1098 sunt,
1145 1032 1294 1087 nullo
1334 1047 1510 1102 neque
1555 1041 1718 1101 capto
1755 1044 1933 1100 neque
1977 1043 2068 1084 oc-

484 1122 621 1188 ciso,
659 1123 854 1179 sa—lutis
894 1123 1135 1179 universi
1166 1137 1231 1178 ac
1264 1121 1462 1193 singuli
1508 1121 1740 1193 propriae
1784 1131 2064 1176 auctorem

486 1229 552 1270 ac
587 1216 924 1284 provisorem
977 1215 1381 1280 conclamantes
1421 1227 1749 1285 generosum
1789 1212 2060 1267 Alexium.

485 1305 616 1359 Inde
641 1305 948 1374 quartadie
986 1306 1042 1358 in
1067 1305 1255 1360 urbem
1300 1305 1506 1374 regiam
1542 1301 1916 1372 pervenientes
1944 1316 2068 1371 quae

485 1397 829 1466 contigerant
868 1410 964 1465 per
994 1395 1272 1450 civitatem
1301 1393 1593 1464 vulgarunt
1645 1391 2063 1463 gratulationem

485 1485 777 1556 insperatae
800 1487 1130 1543 liberationis
1146 1501 1258 1542 suae
1279 1500 1402 1542 cum
1427 1484 1658 1540 summis
1680 1484 1830 1539 aurei
1847 1483 2068 1553 juvenis

2167 479 2540 551 συσχεθέντες,
2571 481 2799 551 ἀφέντες
2831 480 3030 543 αὐτοὺς
3085 479 3414 551 ἀνεχώρουν.
3449 482 3511 535 Οἱ
3533 481 3590 535 δὲ
3621 482 3722 534 όλξο

2164 588 2258 640 γον
2313 571 2651 640 βαδίσαντες,
2705 571 3009 634 ἀποϐάντες
3063 573 3172 624 τῶν
3225 572 3410 626 ἵππων
3449 573 3508 624 ὲν
3552 573 3737 646 ὀχυρῷ

2161 664 2346 734 χωρίῳ
2379 664 2662 732 ἐσκήνουν.
2693 663 2907 727 Νυκτὸς
2933 664 2983 716 δ’
2999 663 3387 733 ἐπιγενομένης
3425 666 3519 718 καὶ
3547 665 3576 716 ό
3603 666 3738 736 πρὶν

2161 755 2373 819 ἀποϐὰς
2403 756 2495 809 τοῦ
2522 757 2690 810 ἵππου
2720 757 2938 820 Ἀλανδς
2967 755 3102 827 πρὸς
3120 756 3318 819 αὐτοὺς
3334 756 3736 826 κατελάμϐανε.

2163 843 2275 899 Καὶ
2305 845 2504 909 πάντες
2553 847 2687 917 ὁμοῦ
2731 846 3090 916 διεσώθησαν,
3143 846 3269 916 μήθ’
3326 845 3549 909 ἁλόντος
3601 849 3740 918 μήτε

2164 938 2416 1002 θανόντος
2446 937 2611 1001 τινός.
2635 940 2698 992 Οἱ
2730 938 2790 992 δέ
2822 937 3086 1000 σωθέντες
3119 937 3362 1000 ἅπαντες
3393 938 3612 1007 σωτῆρα
3642 941 3744 994 καὶ

2165 1030 2440 1102 κηδεμόνα
2466 1030 2560 1084 τὸν
2593 1029 2760 1084 καλὸν
2787 1029 3145 1101 ἐπευφήμουν
3178 1029 3438 1092 Ἀλέξων.
3482 1029 3576 1082 Ἐκ
3608 1031 3744 1098 τῆσ-

2167 1120 2225 1174 δε
2253 1115 2347 1174 οὖν
2374 1122 2679 1191 τεταρταῖοι
2711 1121 2810 1191 τὴν
2832 1119 3077 1191 βασιλίδα
3099 1119 3184 1191 [Ρ.
3213 1118 3306 1190 5|]
3341 1118 3744 1182 καταλαϐόντες

2164 1212 2233 1264 τὰ
2259 1209 2542 1280 συμϐάντα
2563 1210 2738 1264 πάντα
2761 1212 2875 1273 τοῖς
2904 1211 2963 1264 ἐν
2986 1212 3052 1282 τῇ
3082 1209 3238 1262 πόλει
3269 1209 3616 1280 ἀπήγγειλαν
3642 1211 3742 1262 καὶ

2165 1303 2242 1365 ώς
2270 1301 2490 1356 πάντων
2525 1301 2708 1372 σωτὴρ
2753 1300 2965 1370 γένοιτο
2999 1301 3026 1354 ό
3052 1299 3287 1371 χρυσοῦς
3337 1300 3553 1362 νεανίας
3585 1300 3742 1353 Ἀλέ-

2169 1393 2298 1458 ξιος.
2340 1392 2450 1446 Καὶ
2485 1392 2705 1446 ἐπειδὰν
2736 1391 2974 1464 περιῄει,
3019 1391 3275 1446 συνέθεον
3306 1393 3544 1455 ἅπαντες
3587 1407 3742 1460 σκιρο

2165 1484 2368 1548 τῶνητες
2397 1483 2582 1556 ὥσπερ
2609 1484 2706 1537 ἐπὶ
2733 1486 2848 1548 τοῖς
2876 1483 3069 1537 τούτου
3099 1482 3556 1552 πλεονεκτήμασι.

483 1581 658 1636 Alexii
690 1583 942 1638 laudibus
989 1581 1304 1648 miscentes,
1344 1579 1432 1635 cui
1457 1594 1576 1634 eam
1613 1579 1666 1633 in
1698 1579 1934 1634 solidum
1995 1578 2329 1634 tribuebant.
2363 1579 2524 1636 Unde
2589 1578 2794 1634 factum
2849 1588 2932 1645 ut,
3003 1594 3126 1634 cum
3165 1579 3280 1648 ipse
3312 1593 3432 1632 mox
3464 1593 3523 1633 se
3556 1577 3745 1632 viden-

485 1675 614 1731 dum
681 1678 928 1746 praebuit,
999 1684 1388 1732 concurrerent
1451 1674 1654 1744 passim
1703 1687 1896 1727 omnes
1961 1673 2324 1728 exsultatione
2357 1674 2514 1739 mira,
2586 1688 2686 1728 nec
2754 1672 2959 1743 expleri
3006 1673 3207 1726 tuendo
3260 1681 3314 1728 et
3366 1671 3744 1741 applaudendo

485 1776 713 1838 possent
748 1783 763 1820 :
789 1776 938 1823 tanta
972 1775 1130 1822 erant
1161 1764 1524 1821 admiratione
1555 1763 1699 1834 capti
1731 1763 1965 1818 heroicae
1992 1762 2191 1818 indolis
2233 1764 2666 1834 eximiarumque
2693 1763 3059 1819 adolescentis
3091 1764 3283 1834 optimi
3326 1765 3540 1818 dotum.

555 1953 662 2024 '73
702 1953 786 2008 14.
815 1951 940 2008 Haec
976 1952 1193 2022 quidem
1219 1952 1274 2005 in
1309 1950 1456 2006 hunc
1489 1949 1708 2004 modum
1754 1957 1873 2003 acta
1903 1956 2054 2003 sunt.
2107 1957 2150 2012 Β

487 2045 556 2098 At
585 2044 833 2098 Urselius
883 2043 1084 2097 fiducia
1129 2052 1346 2111 sumpta
1388 2039 1700 2104 infestabat,
1754 2054 1876 2109 quae
1929 2040 2070 2093 inter

488 2129 756 2186 Galatiam
819 2140 873 2186 ct
904 2129 1231 2202 Lycaoniam
1275 2131 1394 2185 sita:
1429 2131 1592 2185 urbes
1633 2143 1696 2185 ac
1728 2144 1918 2198 pagos,
1969 2129 2070 2183 has

490 2225 710 2292 quidem
742 2223 794 2276 vi
831 2232 1072 2287 vastans,
1107 2223 1246 2276 alias
1264 2221 1622 2277 suasionibus
1654 2220 1708 2274 in
1729 2219 2065 2274 deditionem

492 2315 736 2378 trahens,
778 2314 1073 2368 nonnullas
1129 2321 1277 2368 certa
1325 2313 1554 2381 pecunia
1595 2325 1602 2342 -'
1619 2309 1822 2376 pacisci
1881 2323 2067 2364 secum

489 2418 647 2461 metu
694 2405 866 2460 cladis
917 2420 981 2460 ac
1035 2405 1352 2473 rapinarum
1409 2417 1636 2471 cogens.
1673 2401 2070 2469 Crescebatquc

490 2498 859 2563 successibus,
887 2498 1076 2564 utjam
1121 2494 1339 2549 tolerari
1365 2509 1430 2548 ac
1459 2493 1633 2547 teneri
1667 2492 1750 2546 vis
1792 2493 1913 2560 ejus
1942 2507 2061 2544 am-

489 2590 634 2658 plius
683 2586 953 2655 nequiret.
999 2585 1172 2638 Porro
1223 2584 1328 2638 sub
1360 2583 1522 2637 linem
1566 2581 1760 2636 hiemis
1783 2582 1968 2636 Ctesar
2001 2597 2069 2636 ex

490 2679 617 2732 Asia
661 2679 716 2733 in
763 2679 944 2734 aulam
976 2678 1384 2746 imperatoriam
1441 2677 1604 2732 rediit
1655 2686 1710 2731 et
1748 2675 2065 2746 imperatori

492 2770 740 2827 assidens
781 2770 985 2824 uti-liter
1013 2771 1198 2824 aderat
1221 2772 1423 2840 Optima
1456 2785 1684 2840 qumque
1713 2769 1954 2824 suadens
1999 2767 2068 2821 ad

493 2873 704 2918 rectam
731 2861 1044 2931 reipublicae
1075 2861 1527 2930 gubernationem
1565 2879 1577 2914 :
1612 2876 1676 2915 ac
1730 2859 1824 2916 ubi
1873 2873 2070 2915 causas

491 2962 884 3025 cognosceret,
919 2953 1246 3008 sententiam
1285 2952 1402 3022 ipse
1439 2953 1764 3022 suggerebat
1795 2950 2067 3007 defectum

491 3045 758 3114 principis
799 3045 949 3114 juris
971 3045 1146 3114 ignari
1202 3043 1488 3113 supplcns.
1549 3041 1749 3098 Verum
1784 3043 1887 3098 hoc
1917 3043 2070 3112 logo-

2253 1950 2334 2004 ιδ’.
2371 1950 2556 2004 Ταῦτα
2627 1948 2728 2019 μὲν
2767 1948 2955 2003 τοῦτον
2989 1948 3240 2020 ἐπράχθη
3269 1947 3361 2001 τὸν
3384 1947 3605 2019 τρόπον’
3629 1948 3656 2000 ό
3685 1948 3744 2000 δὲ

2169 2044 2460 2115 οὐρσέλιος
2478 2045 2658 2107 ἁδείας
2674 2045 2970 2115 λαϐόμενος
2987 2043 3200 2115 περιῄει
3220 2042 3319 2105 τὰς
3339 2042 3542 2112 μεταξὺ
3569 2042 3746 2097 Γαλα-

2168 2137 2287 2199 τίας
2317 2137 2413 2190 καὶ
2439 2135 2747 2198 Λυκαονίας
2779 2135 2973 2204 κώμας
3019 2138 3115 2188 καὶ
3149 2132 3354 2201 πόλεις,
3387 2136 3480 2187 καὶ
3509 2135 3607 2198 τὰς
3641 2137 3746 2205 μὲν

2169 2228 2413 2299 ἐπόρθει,
2449 2230 2548 2291 τὰς
2585 2228 2642 2281 δέ
2682 2226 2863 2280 πειθοῖ
2899 2227 3079 2299 ἐαυτῷ
3123 2227 3387 2296 παρίστα,
3437 2227 3503 2279 ἐκ
3544 2227 3601 2279 δὲ
3633 2228 3746 2278 τῶν

2167 2321 2426 2390 χρήματα
2474 2320 2858 2388 εἰσπράττετο.
2915 2319 3028 2372 Καὶ
3067 2319 3234 2382 πολὺς
3265 2313 3334 2389 ἦν
3364 2318 3463 2388 ἤδη
3518 2318 3615 2371 καὶ
3645 2320 3746 2388 τὴν

2168 2412 2344 2482 ὁρμὴν
2383 2411 2776 2480 ἀκατάσχετος.
2824 2412 2985 2483 Ἀρτι
3026 2410 3082 2462 δὲ
3129 2410 3222 2463 τοῦ
3261 2409 3528 2480 χειμῶνος
3550 2409 3748 2478 λῆξαν⁴

2169 2520 2259 2564 τος
2309 2501 2404 2556 καὶ
2445 2504 2473 2554 ό
2536 2503 2756 2573 Καῖσαρ
2795 2503 2860 2554 ἐκ
2915 2502 3016 2570 τῆς
3045 2501 3234 2564 Ἀσίας
3275 2503 3449 2572 εἰσῄει
3500 2500 3636 2572 πρὸς
3677 2503 3748 2557 τὰ

2171 2591 2420 2663 βασίλεια
2452 2632 2468 2658 ,
2530 2585 2622 2644 καὶ
2673 2592 2750 2661 τῷ
2800 2591 3015 2662 βασιλεῖ
3063 2593 3400 2662 συνεδρεύων
3450 2591 3646 2661 ὡμίλει
3685 2609 3744 2644 τε

2171 2684 2493 2754 πρεπόντως
2537 2684 2633 2738 καὶ
2689 2683 2759 2738 τὰ
2803 2685 2959 2737 κοινὰ
3023 2684 3328 2755 συνδιῴκει.
3375 2685 3483 2738 Καὶ
3528 2684 3748 2737 ἐπειδὰν

2169 2777 2432 2842 δικάσειε,
2458 2777 2558 2841 τὰς
2587 2775 2801 2846 ψήφους
2831 2777 3040 2840 ἐκεῖνος
3066 2778 3314 2843 ἀπέφηνε
3341 2777 3444 2845 τῆς
3481 2777 3750 2846 βασιλέως

2172 2869 2427 2939 ἀπειρίας
2474 2869 2536 2921 τὸ
2569 2868 2744 2920 ἐνδέον
2794 2868 3141 2938 ἀναπληρῶν.
3200 2869 3340 2920 Ἀλλ’
3387 2868 3487 2920 οὐκ
3537 2868 3746 2939 ἤρεσκε

2169 2961 2330 3014 τοῦτο
2369 2961 2446 3029 τῷ
2468 2960 2747 3031 λογοθέτῃ.
2781 2960 2965 3030 Ταύτη
2988 2978 3070 3013 τοι
3095 2960 3190 3014 καὶ
3216 2961 3392 3014 πάντα
3425 2961 3624 3031 τρόπον
3645 2964 3748 3014 ἐπ-

2173 3056 2374 3107 ενοεῖτο
2399 3055 2493 3106 καὶ
2526 3053 2703 3106 πάντα
2739 3052 2919 3106 κάλων
2959 3053 3135 3106 ἐκίνει
3166 3054 3317 3116 ὅπως
3345 3053 3531 3106 τοῦτον
3549 3052 3752 3105 θᾶττον

492 3139 657 3190 fleta:
707 3150 816 3188 non
854 3135 1122 3205 placebat.
1170 3134 1350 3200 Quare
1375 3149 1591 3189 omnem
1622 3134 1831 3199 funem,
1855 3151 2071 3189 omnem

2173 3145 2648 3217 ἁποσκευάσηται.
2704 3145 2858 3198 Ἐπεὶ
2891 3145 2948 3198 δὲ
3002 3144 3104 3198 οὐκ
3137 3141 3206 3216 ἦν
3248 3146 3472 3216 εὐχερὲς
3501 3143 3650 3214 αὐτῷ
3687 3143 3752 3197 τὸ

495 3225 731 3295 lapidem
763 3225 1020 3281 movebat
1051 3225 1117 3279 ad
1148 3241 1273 3280 eum
1315 3241 1642 3296 quacunque
1677 3225 1886 3280 ratione
1907 3239 2071 3294 quam

2177 3236 2447 3309 βούλημα,
2487 3236 2623 3305 μετά
2651 3234 2762 3289 τῶν
2791 3235 2962 3304 φίλων
2996 3235 3470 3299 συνδιεσκέπτετο,
3501 3234 3594 3287 τὸν
3621 3251 3747 3288 και-

492 3316 732 3384 primum
768 3317 894 3373 inde
938 3318 1328 3373 amovendum.
1381 3317 1653 3384 Quoniam
1688 3327 1868 3372 autem
1919 3318 2071 3373 solus

2180 3327 2271 3400 ρδν
2301 3327 2348 3382 δ’
2373 3327 2516 3398 ὁρῶν
2549 3327 2628 3381 ἔτι
2663 3327 2988 3398 τριϐόμενον
3030 3328 3326 3400 διεπρίετοο
3359 3327 3611 3381 ἐϐούλετο
3636 3327 3751 3396 γὰρ

493 3411 608 3479 ipse
624 3425 720 3479 per-
747 3425 806 3464 se
833 3409 1056 3464 modum
1080 3407 1432 3463 conﬁcienda:
1464 3408 1540 3462 rei
1579 3421 1689 3462 non
1720 3406 2065 3476 expediebat,

495 3515 624 3555 cum
686 3501 886 3554 amicis
929 3499 1280 3554 consultabat
1330 3498 1462 3570 quid
1508 3506 1653 3554 esset
1702 3512 1841 3568 opus
1888 3495 2072 3552 facto?

496 3593 648 3657 Quas
672 3590 814 3644 inter
838 3605 1022 3646 moras
1053 3590 1271 3644 ellluere
1304 3599 1520 3657 tempus
1544 3597 1599 3644 et
1641 3590 1782 3644 elabi
1826 3589 2074 3644 occasio-

500 3697 626 3735 nem
678 3679 870 3734 videns
924 3680 1264 3749 ringebatur.
1308 3678 1458 3734 Nihil
1509 3679 1653 3734 enim
1685 3680 2075 3735 vehementius

501 3773 751 3839 optabat,
775 3786 948 3840 quam
971 3770 1184 3825 solutus
1210 3778 1355 3825 metu
1382 3769 1597 3824 molesti
1633 3769 1826 3824 arbitri
1864 3769 2075 3839 simpli-

501 3863 665 3918 citate
697 3861 1043 3932 imperatoris
1077 3862 1143 3915 ad
1174 3875 1334 3917 suum
1365 3870 1634 3931 quaastum
1669 3876 1861 3917 secure
1895 3860 2070 3916 abuti.

501 3955 585 4010 Ad
638 3965 944 4010 extremum
976 3969 1098 4008 cum
1148 3953 1255 4008 alia
1304 3953 1511 4008 frustra
1555 3953 1738 4006 Omnia
1787 3961 2072 4018 tentasset,

504 4058 739 4102 mentem
767 4047 992 4116 appellit
1048 4046 1115 4101 ad
1151 4045 1440 4101 consilium
1490 4061 1596 4098 non
1623 4055 1865 4101 astutum
1902 4046 2076 4116 magis

503 4155 667 4209 quam
703 4137 1033 4208 profundum
1059 4146 1113 4192 et
1145 4137 1472 4206 improbum.
1505 4136 1753 4192 lnsinuat
1780 4151 1838 4192 se
1873 4137 1939 4191 ad
1988 4137 2075 4190 in-

504 4241 724 4286 cautum
748 4240 801 4285 et
827 4229 990 4284 ductu
1015 4229 1226 4284 facilem
1262 4229 1559 4298 principem
1589 4229 1747 4298 eique
1769 4210 2073 4298 persuadet,

507 4335 565 4377 ut
596 4332 846 4392 patruum
873 4321 1142 4376 (Lesarem
1186 4323 1253 4376 ab
1301 4336 1402 4376 suo
1436 4321 1605 4376 latere
1630 4321 1924 4375 amoliatur
1958 4337 2077 4376 mo-

506 4420 746 4485 dumque
803 4415 854 4468 id
909 4415 1274 4483 plausibilitcr
1311 4415 1542 4469 faciendi
1594 4415 1854 4484 subjicit,
1915 4415 1962 4469 si
2026 4416 2076 4469 ei

508 4508 861 4579 persuadeat,
893 4516 957 4561 ut
1010 4507 1412 4576 expeditionem
1469 4507 1733 4561 adversus
1765 4506 2036 4562 Urselium
2059 4547 2074 4571 ,

506 4618 618 4656 rem
648 4600 894 4656 videlicet
923 4599 1023 4668 ipsi
1047 4599 1358 4668 gloriosam,
1385 4598 1668 4668 suscipiat.
1697 4597 1835 4664 Quid
1860 4598 2080 4668 postea?

2172 3417 2266 3472 τοῦ
2319 3417 2378 3483 ἐξ
2417 3417 2629 3471 ἐκείνου
2672 3417 2828 3481 δέους
2880 3418 3266 3488 ἀπαλλαγῆναι
3317 3418 3413 3472 καὶ
3452 3417 3598 3472 οὕτω
3648 3421 3750 3488 τῆς

2175 3505 2440 3576 βασιλέως
2466 3505 2797 3576 ἅϐελτηρίας
2825 3509 3184 3578 κατατρυφᾷν
3209 3507 3400 3571 ἀδεῶς.
3441 3507 3749 3577 Ἀπορήσας

2171 3597 2228 3649 δὲ
2261 3596 2526 3650 πάντοθεν
2552 3597 2750 3668 βουλὴν
2783 3596 3099 3668 βουλεύεται
3128 3598 3190 3652 οὗ
3221 3598 3450 3669 συνετὴν
3490 3597 3692 3669 μᾶλλον
3711 3597 3748 3666 ἦ

2175 3686 2399 3757 βαθεῖαν
2428 3687 2524 3740 καὶ
2558 3687 2828 3759 πονηράν.
2880 3688 3298 3758 ’Υπεισὲρχεται
3339 3685 3497 3751 αὖθις
3519 3687 3618 3758 τὴν
3646 3686 3746 3757 βα-

2171 3777 2376 3846 σιλέως
2399 3778 2704 3848 ἁπλότητα,
2737 3779 2834 3833 καὶ
2877 3780 3058 3833 πείθει
3085 3779 3273 3832 τοῦτον
3307 3779 3399 3831 τὸν
3439 3780 3582 3831 θεῖον
3609 3781 3750 3831 ἀπο.

2179 3868 2552 3924 σκευᾶσασθαι
2579 3871 2860 3940 Καίσαρα,
2902 3874 2995 3924 καὶ
3023 3872 3116 3925 τὸν
3146 3871 3344 3935 τρόπον
3365 3870 3527 3924 αὐτὸν
3557 3869 3748 3922 ὑποτί-

2177 3961 2302 4031 θησι
2324 3963 2506 4014 πεῖσαι
2521 3961 2707 4015 τοῦτον
2724 3961 3049 4032 στρατεῦσαι
3071 3964 3210 4016 κατὰ
3237 3965 3331 4014 τοῦ
3355 3959 3750 4031 Ούρσελίου.Τὲ

2177 4053 2239 4106 τὸ
2263 4053 2550 4121 ὲντεῦθεν;
2577 4053 2826 4108 πείθεται
2846 4058 2959 4119 τοῖς
2978 4056 3168 4108 τούτου
3199 4055 3376 4122 λόγοις
3407 4059 3435 4108 ὁ
3467 4055 3745 4123 βασιλεὺς,

2182 4148 2569 4216 μετακαλεῖται
2617 4147 2708 4201 τὸν
2740 4147 2905 4210 θεῖον,
2940 4147 3002 4200 τὸ
3033 4147 3344 4219 ἀπόρρητον
3385 4145 3749 4213 καταγγέλλει

2179 4237 2410 4308 βραχείᾳ
2437 4240 2532 4290 καὶ
2566 4238 2972 4310 διακεκομμένῃ
3004 4241 3177 4308 φωνῇ’
3222 4237 3364 4290 οὕτω
3394 4239 3501 4306 γὰρ
3540 4237 3747 4306 ὁμιλεῖν

2178 4327 2360 4382 εἰώθει
2410 4328 2822 4399 βραδύγλωσσος
2880 4328 2976 4384 ὥν.
3045 4331 3103 4383 Ὀ
3148 4330 3204 4382 δὲ
3265 4331 3355 4382 τὸν
3419 4329 3622 4399 τρόπον
3674 4329 3752 4398 μὴ

2182 4418 2476 4487 ἀγνοήσας,
2513 4418 2668 4482 εἰδὼς
2706 4419 2763 4472 δὲ
2817 4421 3017 4489 μᾶλλον
3067 4419 3162 4473 τοῦ
3205 4437 3264 4472 τε
3321 4419 3659 4489 ὑποθεμένου
3686 4420 3750 4471 τὸ

2180 4507 2484 4579 δύστροπον
2551 4511 2645 4562 καὶ
2686 4510 2780 4562 τοῦ
2814 4511 3133 4573 πεισθέντος
3179 4510 3240 4563 τὸ
3281 4509 3522 4574 εὔκολον,
3554 4510 3751 4579 πρῶτα

2187 4600 2287 4669 μὲν
2324 4600 2438 4651 υἱὸν
2481 4599 2789 4669 ἐκπέμπειν
2845 4601 3182 4671 Ἀνδρόνικον
3214 4602 3354 4655 κατὰ
3387 4601 3481 4654 τοῦ
3511 4602 3755 4654 ἀποστά-

507 4693 806 4746 l‘ersuasus
870 4689 1158 4760 logotheta:
1214 4688 1394 4743 verbis
1453 4689 1751 4758 imperator
1821 4702 2071 4759 patruum

2187 4708 2279 4744 του
2307 4689 2708 4746 συνεϐούλευεν.
2749 4691 2840 4753 Ὠς
2871 4691 2918 4744 δ’
2940 4692 3292 4760 ἐνιστάμενον
3337 4687 3442 4744 εἶδε
3473 4693 3562 4743 τὸν
3595 4690 3754 4758 βασι-

504 4791 663 4837 vocat
707 4784 867 4851 eique
899 4794 1162 4834 arcanum
1199 4779 1372 4848 aperit
1401 4779 1552 4834 brevi
1597 4791 1651 4834 et
1698 4779 1871 4835 incisa
1921 4795 2073 4844 voce,

505 4877 585 4928 sic
629 4875 772 4928 enim
827 4873 976 4943 loqui
1027 4881 1390 4927 consueverat
1421 4873 1591 4926 homo
1615 4872 1798 4941 lingua
1862 4872 2074 4926 tardus.

508 4965 600 5018 Ille
635 4975 814 5018 autem
845 4963 1304 5018 machinationem
1334 4961 1443 5034 74
1480 4964 1789 5031 intelligens
1818 4965 2075 5018 etacmuli

507 5053 900 5108 machinatoris
959 5053 1133 5108 malas
1186 5063 1330 5107 artes
1365 5053 1591 5122 ejusque
1641 5052 1735 5122 qui
1779 5067 2076 5122 persuasus

507 5147 576 5198 ab
608 5144 696 5196 illo
759 5154 871 5196 erat
917 5145 1192 5198 incautam
1245 5143 1582 5206 facilitatem,
1624 5145 1823 5198 institit
1868 5145 2075 5213 primo,

509 5249 566 5288 nt
592 5235 958 5288 Andronicum
996 5236 1178 5304 potius
1211 5236 1378 5289 filium
1407 5236 1460 5302 in
1515 5235 1766 5289 rebellem
1801 5240 2073 5301 mitteret;

509 5338 566 5382 ut
623 5337 804 5380 autent
852 5328 1019 5381 fixum
1068 5329 1122 5381 in
1181 5328 1462 5398 proposito
1511 5328 1892 5396 imperatorem
1947 5329 2081 5384 vidit

507 5419 819 5488 audivitque
871 5418 944 5472 ad.
983 5429 1287 5474 extremum
1343 5421 1607 5474 dicentem
1647 5439 1662 5475 :
1696 5423 1800 5476 Aut
1831 5437 1917 5475 me
1979 5423 2066 5476 isti

508 5512 647 5564 bello
679 5526 912 5580 przncsse
928 5521 1139 5580 oportet
1168 5521 1266 5566 aut
1289 5521 1361 5575 te,
1387 5513 1637 5568 assentiri
1669 5523 1752 5567 est
1783 5521 2079 5569 coactuset

510 5603 561 5652 in
608 5609 926 5671 apparatum
960 5601 1302 5654 demandata:
1333 5601 1694 5671 expeditionis
1726 5601 2064 5656 incumbere.

507 5690 586 5745 At!
615 5709 776 5764 quam
816 5701 874 5745 ut
912 5693 1044 5748 satis
1086 5693 1389 5748 instructus
1424 5692 1572 5749 visus
1607 5703 1706 5761 est,
1765 5693 1967 5761 tI‘2ljit‘it
2019 5696 2070 5747 in

2183 4780 2299 4843 λέα,
2321 4781 2426 4841 ,καὶ
2456 4781 2610 4833 τοῦτο
2654 4781 2804 4843 τέλος
2829 4781 3052 4834 εἰπόντα
3080 4781 3155 4842 ὼς
3187 4783 3343 4833 Ἤτοι
3369 4782 3467 4850 ἐμὲ
3501 4782 3606 4850 χρὴ
3629 4781 3753 4832 κατ’

2184 4872 2394 4925 ἐκείνου
2433 4873 2748 4942 στρατεύειν
2788 4871 2819 4942 ἢ
2855 4872 2932 4934 σὲ,
2971 4872 3218 4924 ἐπείθετό
3255 4888 3315 4924 τε
3365 4872 3461 4923 καὶ
3514 4873 3583 4922 τὰ
3615 4872 3754 4940 πρὶς

2183 4963 2284 5034 τὴν
2315 4965 2670 5033 ἐκστρατείαν
2721 4963 2890 5016 αὐτοῦ
2934 4962 3315 5032 ηὐτρεπίζετο.
3354 4962 3507 5014 Ἐπεὶ
3554 4961 3757 5014 δ’ἀπο-

2135 5108 2146 5114 ,
2187 5055 2442 5124 χρώντως
2499 5051 2613 5126 εἶχε
2654 5055 2828 5124 τούτῳ
2878 5055 2947 5106 τὰ
2995 5055 3094 5122 τῆς
3145 5056 3524 5122 παρασκευῆς,
3561 5053 3750 5104 διεπε·

2189 5146 2406 5216 ραιοῦτο
2442 5147 2576 5217 πρὸς
2606 5145 2705 5215 τὴν
2742 5146 2927 5198 Ἀσίαν
2962 5146 3055 5198 καὶ
3083 5147 3178 5209 τὰς
3210 5146 3470 5212 δυνάμεις
3505 5143 3755 5208 συνάγων

2186 5236 2409 5308 ἐξώρμα
2441 5238 2576 5310 πρὸς
2623 5236 2899 5305 πολέμιον.
2929 5234 3132 5298 Διαϐὰς
3171 5235 3228 5289 δέ
3257 5237 3326 5288 τὰ
3358 5234 3598 5288 Βιθυνῶν
3625 5234 3755 5303 δρη,

2185 5328 2374 5397 ἐπειδὴ
2420 5327 2691 5396 ἐμάνθανε
2733 5325 2925 5378 τοῦτον
2960 5325 3092 5395 περὶ
3124 5324 3220 5389 τὰς
3255 5327 3438 5392 πηγὰς
3479 5322 3571 5376 τοῦ
3605 5323 3756 5390 Σαγ-

2183 5418 2377 5489 γαρίου
2419 5416 2894 5484 στρατοπεδεύειν,
2942 5417 3002 5468 τὸ
3027 5417 3322 5487 Δορύλαιον
3351 5414 3558 5468 διελθὸν
3588 5413 3755 5482 ὴπεε-

2181 5527 2310 5579 γετό
2341 5509 2476 5577 πρὸς
2507 5509 2576 5561 τὰ
2607 5509 2807 5578 πρόσω.
2841 5508 3044 5561 Μαθὼν
3072 5509 3129 5561 δὲ
3161 5508 3256 5560 καὶ
3289 5509 3318 5558 ὁ
3351 5505 3626 5575 βάρϐαρος
3652 5505 3757 5575 τὴν

2179 5602 2371 5656 τούτου
2405 5600 2611 5668 ἔφοδον,
2649 5599 2816 5652 ἐκίνει
2840 5600 2933 5654 καὶ
2964 5601 3124 5660 αὐτὸς
3150 5600 3248 5661 τὰς
3277 5598 3538 5665 δυνάμεις
3558 5594 3752 5650 αὐτοῦ.

2193 5691 2647 5757 ’Υπαντιάζνιυτιν
2702 5691 2797 5749 οἷν
2858 5694 3022 5766 ἅμ’,τω
3076 5695 3198 5763 περῖ
3226 5692 3312 5764 [P.
3352 5689 3444 5762 52]
3475 5691 3576 5762 τὴν
3606 5688 3752 5760 Ζόμ·
