4070 6214
286 231 403 358 ιιι

1498 302 2040 368 HISTORIARUM
2081 309 2230 374 LIB.
2275 312 2361 373 II.

3446 325 3542 394 118

285 420 396 456 που
430 399 545 474 (3|)
580 401 921 476 καλουμένην
970 404 1216 480 γέφυραν
1240 449 1254 476 ,
1321 413 1415 464 καὶ
1465 415 1853 484 στρατοπεδευ-

1974 420 2160 476 Asiam
2198 431 2252 477 et
2277 423 2461 495 copias
2513 434 2823 485 contractas
2859 431 2911 486 in
2971 431 3185 489 hostem
3219 434 3389 490 ducit.
3433 435 3536 492 Su-

287 496 523 566 σάμενοι
559 495 626 549 τὰ
672 495 809 566 πρὸς
850 498 945 552 τὸν
976 499 1213 571 πόλεμον
1247 501 1592 573 ἐξηρτύοντο.
1622 505 1773 576 Ἀμα
1807 507 1864 560 δὲ

284 589 357 658 τῇ
409 587 520 657 Ἕῳ
591 586 696 651 τὰς
736 584 998 660 δυνάμεις
1052 591 1248 662 ἐξῆγον
1314 595 1409 648 καὶ
1463 599 1866 666 παρετάττοντο

284 679 435 733 τόνδε
465 679 558 733 τὸν
585 680 815 752 τρόπον.
856 681 917 736 ’0
952 683 1052 753 μὲν
1073 687 1291 756 Καῖσαρ
1323 686 1384 739 τὸ
1421 687 1587 756 μέσον
1623 687 1736 760 εἶχε
1765 694 1865 762 τῆς

297 771 625 842 Ῥωμαῖκῆς
669 774 878 840 τάξεως
914 774 1055 846 ἔχων
1089 778 1210 846 μεθ’
1241 779 1439 834 ἑαυτοῦ
1480 781 1609 845 τοὺς
1631 783 1864 854 ἀσπιδη-

283 863 485 931 φόρους
555 865 653 918 καὶ¹
705 867 1121 939 πελεκηφόρους
1160 871 1502 942 Βαρϐάρους,
1554 869 1634 938 οἷς
1684 877 1717 945 ἡ
1757 877 1865 929 τῶν

285 955 578 1024 βασιλείων
607 958 836 1028 ἄνωθενξ
855 962 1189 1016 πεπίστευτο
1221 963 1464 1035 φυλακή⁶
1499 965 1560 1020 τδ
1606 966 1778 1035 δεξιὸν
1805 969 1864 1023 δὲ

283 1046 454 1116 κέρας
487 1048 538 1100 οῖ
574 1049 898 1122 μισθοφόροι
919 1055 1174 1125 κατεῖχον
1204 1055 1425 1123 Κελτοὶ,
1457 1049 1534 1111 ὧν
1568 1059 1867 1128 προΐστατό

281 1154 369 1200 τις
412 1139 618 1204 Κελτὸς
645 1133 690 1210 ᾧ
723 1141 896 1212 ὄνομα
926 1145 1143 1210 Πάπαςο
1175 1145 1270 1200 τοῦ
1296 1147 1580 1218 εὐωνύμου
1609 1149 1666 1204 δὲ
1693 1153 1862 1219 κέρα·

281 1247 380 1293 τος
409 1233 439 1283 6
475 1231 794 1303 δομέστικος
821 1237 932 1290 τῶν
972 1238 1181 1309 σχολῶν
1210 1243 1467 1312 κατεῖχεν
1499 1243 1861 1314 Ἀνδρὸνικοςο

282 1323 549 1390 οὑραγεῖν
597 1325 642 1378 δ’
689 1329 717 1379 6
775 1328 1142 1402 Βοτανειάτης
1189 1333 1425 1387 τέτακτο
1465 1335 1803 1406 Νικηφόρος,
1835 1338 1865 1390 6

285 1409 544 1479 βασιλεὺς
587 1415 881 1486 Ῥωμαίων
924 1420 982 1482 ὲς
1035 1418 1286 1492 ὕστερον,
1331 1422 1471 1492 ἔχων
1522 1423 1641 1493 μεθ’
1669 1425 1864 1479 ἑαυτοῦ

282 1503 389 1572 τὴν
427 1505 537 1560 τῶν
576 1508 808 1579 Φρυγῶν
841 1511 937 1564 καὶ
980 1511 1089 1566 τῶν
1143 1514 1436 1569 Λυκαόνων
1472 1517 1750 1586 φάλαγγα,
1784 1517 1864 1572 ἔτι

282 1594 456 1647 δὲκαὶ
490 1596 590 1667 τὴν
618 1599 728 1651 τῶν
744 1600 1041 1657 ἔΑσιανῶν.
1084 1603 1144 1657 '0
1189 1603 1244 1656 δὲ
1274 1605 1566 1675 Οὐρσέλιος
1627 1607 1865 1660 κατιδὼν

283 1683 427 1737 οὕτω
461 1686 776 1760 ταξαμένην
797 1691 897 1760 τὴν
941 1691 1260 1764 Ῥωμαϊκὴν
1294 1695 1575 1764 φάλαγγα,
1613 1697 1735 1768 διχῆ
1768 1698 1862 1752 καὶ

1971 513 2172 580 peratis
2199 523 2377 570 autem
2406 516 2649 589 Bithynis
2680 523 2975 590 montibus,
3003 525 3094 579 ubi
3143 527 3396 596 cognovit
3415 543 3540 582 eum

1969 603 2037 657 ad
2091 604 2338 675 Sangarii
2401 606 2578 664 fontes
2637 621 2817 666 castra
2876 623 3176 681 metatum,
3236 616 3538 689 Dorylteum

1969 707 2346 767 transgressus
2374 700 2605 758 ulterius
2653 705 3002 774 properabat.
3037 707 3208 775 Cujus
3254 708 3451 765 infesto
3485 711 3537 764 in

1968 801 2025 843 se
2056 789 2292 844 adventu
2337 790 2602 848 barbarus
2635 797 2874 863 cognito,
2912 798 3082 851 movit
3111 807 3164 852 et
3201 798 3315 867 ipse
3348 808 3539 853 contra

1968 881 2174 950 copias.
2226 881 2538 939 Occurrunt
2592 886 2756 956 igitur
2802 887 2906 941 sibi
2965 887 3128 942 ambo
3188 887 3255 942 ad
3319 899 3538 959 pontem

1968 970 2158 1042 Zompi
2194 973 2421 1029 dictum.
2455 973 2556 1031 Ubi
2588 976 2813 1033 munitis
2844 992 2944 1047 pro
2990 994 3050 1035 se
3078 980 3312 1051 quisque
3345 981 3541 1036 castris

1967 1064 2034 1120 ad
2074 1067 2317 1135 praelium
2358 1069 2798 1138 accingebantur.
2855 1071 3125 1127 Postridie
3156 1072 3332 1142 primo
3380 1088 3540 1128 mane

1968 1157 2152 1224 copias
2187 1157 2428 1215 educunt
2470 1161 2836 1232 ordinantque
2878 1163 3051 1218 aciem
3108 1165 3256 1218 hunc
3298 1165 3538 1218 maxime

1968 1247 2021 1300 in
2060 1247 2303 1304 modum.
2337 1248 2519 1304 Caesar
2567 1251 2788 1320 quidem
2823 1253 3057 1308 mediam
3104 1253 3342 1308 obtinuit
3365 1253 3536 1308 aciem

1969 1335 2267 1394 Romanam
2307 1341 2516 1396 habens
2585 1358 2769 1398 secum
2823 1352 3064 1401 cetratos
3113 1353 3168 1401 et
3195 1345 3538 1415 securigeras

1969 1428 2253 1494 barbaros,
2285 1432 2484 1502 quibus
2505 1435 2690 1503 palatii
2715 1435 2828 1504 jam
2858 1436 2989 1490 olim
3039 1435 3247 1492 credita
3281 1436 3533 1492 custodia

1965 1529 2068 1575 est.
2104 1520 2356 1576 Dextrum
2382 1537 2554 1578 cornu
2589 1525 2936 1593 stipendariis
2967 1524 3136 1582 Gallis
3171 1527 3529 1582 commissum

1965 1622 2102 1678 erat,
2134 1613 2332 1682 quibus
2369 1624 2599 1684 prmerat
2625 1614 2812 1672 Gallus
2855 1617 3076 1687 quidam
3114 1619 3336 1674 nomine
3363 1615 3532 1686 Papa.

1968 1704 2200 1760 Sinistro
2234 1707 2425 1760 cornui
2463 1706 2797 1764 domesticus
2842 1709 3152 1765 scholarum
3203 1709 3529 1782 praesidebat

283 1776 450 1839 αὖτὲς
476 1779 575 1841 τὰς
603 1781 869 1850 δυνάμεις
887 1784 1071 1849 διεῖλε,
1103 1786 1198 1839 καὶ
1222 1787 1285 1838 τὸ
1314 1788 1414 1856 μὲν
1445 1790 1543 1858 τῆς
1575 1789 1853 1858 φάλαγγος

1963 1795 2329 1851 Andronicus.
2388 1793 2650 1852 Postremi
2713 1799 2943 1869 agminis
3003 1776 3326 1870 praefectura
3380 1797 3537 1858 Nice-

281 1868 447 1931 αὑτδς
476 1871 768 1926 ἀναλαϐὼν
825 1873 1008 1928 εῖπετο
1043 1876 1232 1946 βάδην,
1275 1877 1337 1930 τὸ
1369 1878 1416 1931 δ’
1461 1879 1591 1934 εὐθὺ
1640 1880 1858 1936 ἀπιέναι

280 1959 383 2027 τῆς
429 1961 565 2031 πρὸς
595 1964 722 2027 τοὺς
767 1965 1006 2029 Κελτοὺς
1041 1968 1407 2041 μισθοφόρους
1456 1971 1855 2041 παρήγγειλεν.

292 2052 448 2104 Ἐπεὶ
471 2054 517 2106 δ’
536 2055 600 2108 οὗ
632 2057 822 2127 πόρρω
859 2059 1103 2129 ἀλλήλων
1134 2057 1296 2133 ἦσαν,
1327 2063 1429 2132 ἤδη
1491 2064 1548 2116 οἵ
1579 2082 1639 2117 τε
1673 2066 1858 2134 μισθο-

280 2141 438 2210 φόροι
491 2147 588 2197 καὶ
637 2148 687 2198 οἱ
733 2148 984 2218 πολέμιοι
1023 2151 1231 2220 ὁμιλεῖν
1277 2154 1414 2224 πρὸς
1458 2154 1723 2224 ἀλλήλους
1752 2156 1855 2226 ἧρ-

280 2230 460 2298 χοντο·
492 2237 590 2288 καὶ
617 2238 780 2302 εὐθὺς
824 2242 1293 2313 προσκεχώρηκεν
1323 2243 1470 2298 ἅπαν
1499 2245 1560 2298 τὸ
1599 2249 1728 2318 περὶ
1763 2247 1855 2301 τὸν

279 2321 479 2373 Πάπαν
507 2325 836 2397 μισθοφόρον
867 2331 980 2392 τοῖς
1019 2331 1324 2402 πολεμίοις,
1363 2333 1455 2386 καὶ
1495 2334 1856 2398 ξυνασπίσανο

276 2429 370 2474 τες
386 2415 555 2484 ἄμφω
577 2419 878 2489 ἐπειρῶντο
908 2422 1143 2478 κυκλοῦν
1167 2425 1295 2489 τοὺς
1314 2427 1443 2497 περὶ
1464 2427 1556 2481 τὸν
1580 2429 1854 2501 Καίσαρα.

274 2503 391 2554 Καὶ
417 2504 446 2555 6
482 2505 770 2575 Οὐρσέλιος
806 2511 863 2562 δὲ
891 2512 1178 2566 ὲπίλεκτον
1207 2515 1348 2584 ἔχων
1370 2517 1470 2587 τῆς
1500 2518 1853 2587 φάλαγγος...

273 2593 623 2650 ἐπιστάντων
651 2599 757 2651 τῶν
790 2602 1092 2677 Βαρϐάρων
1125 2607 1227 2676 τὴν
1256 2606 1442 2676 ἔφοδον
1473 2613 1665 2678 γέγονε
1702 2611 1851 2684 μάχη

273 2687 544 2759 καρτερά,
577 2691 670 2742 καὶ
722 2693 985 2748 πίπτουσι
1015 2697 1204 2766 συχνοὶ
1233 2699 1596 2770 ἑκατέρωθεν,
1645 2703 1755 2756 τῶν
1793 2705 1852 2758 δὲ

270 2774 516 2846 δοράτων
544 2780 869 2855 ἀμφοτέρων
907 2787 1307 2857 θραυσθέντων,
1343 2793 1415 2869 τά
1461 2793 1589 2866 ξίφη
1624 2794 1850 2866 γυμνώ-

273 2884 473 2935 σαντες
509 2874 844 2948 ἀγχεμάχως
879 2879 1142 2951 ἀλλήλους
1172 2883 1526 2953 ἐτίτρωσκον.

1963 1886 2136 1956 phoro
2173 1887 2467 1943 Butaniata:
2490 1889 2536 1942 ei
2569 1888 2660 1958 qui
2685 1899 2867 1954 postea
2903 1891 3185 1960 imperavit
3211 1889 3536 1946 demandata

1961 1987 2044 2034 est
2073 1979 2294 2034 habenti
2327 1996 2510 2035 secum
2547 1979 2818 2051 Phrygum
2864 1991 2918 2037 et
2955 1981 3264 2053 Lycaonum
3299 1983 3530 2052 phalan-

1961 2080 2150 2139 gemet
2177 2081 2440 2140 prteterea
2469 2073 2822 2128 Asianorum.
2843 2075 2912 2126 At
2949 2073 3193 2129 Ursclius
3223 2073 3414 2129 videns
3444 2074 3525 2128 sic

1961 2162 2284 2216 instructam
2316 2163 2486 2218 aciem
2516 2163 2821 2218 Romanam
2852 2163 3105 2219 bifariam
3129 2174 3182 2219 et
3211 2165 3326 2234 ipse
3351 2164 3534 2218 divisit

1959 2252 2284 2316 exercitum,
2321 2259 2376 2306 et
2412 2251 2737 2322 phalangem
2769 2252 2874 2323 75
2895 2253 3115 2322 quidem
3152 2253 3267 2324 ipse
3300 2253 3404 2310 sibi
3441 2269 3533 2307 as-

1958 2358 2180 2398 sumens
2212 2343 2545 2413 sequebatur
2587 2343 2868 2399 moderato
2899 2359 3083 2413 passu.
3133 2345 3392 2414 Reliquas
3439 2359 3533 2400 co-

1958 2433 2078 2502 pias
2112 2433 2294 2488 statim
2317 2433 2598 2488 admoveri
2624 2431 2798 2490 Gallis
2831 2436 3203 2506 stipendiariis
3232 2435 3420 2506 jussit,
3462 2437 3530 2491 ad

1959 2541 2099 2595 quos
2145 2535 2202 2580 ut
2257 2535 2341 2581 est
2388 2527 2615 2596 propius
2656 2535 2900 2592 ventum,
2949 2527 3198 2583 conferre
3251 2542 3535 2584 sermones

1960 2618 2102 2671 inter
2135 2632 2195 2671 se
2223 2625 2508 2688 coeperunt
2531 2628 2798 2690 pactaque
2828 2618 2988 2676 facile
3019 2620 3330 2690 proditione
3371 2619 3532 2689 quid-

1959 2705 2090 2773 quid
2120 2705 2462 2775 stipendiarii
2495 2707 2686 2763 militis
2719 2708 2822 2764 sub
2861 2707 2998 2764 duce
3037 2708 3183 2778 Papa
3199 2707 3302 2762 fuit
3341 2708 3528 2762 statim

1958 2799 2024 2853 ad
2054 2797 2250 2854 Urselii
2298 2809 2484 2870 partes
2515 2800 2748 2856 transiit.
2795 2801 3053 2873 Mistique
3101 2803 3384 2858 communi
3412 2802 3527 2873 jam

1957 2892 2188 2946 consilio
2217 2893 2556 2948 conabantur
2591 2893 2993 2949 circumvenire
3020 2903 3076 2949 et
3103 2893 3344 2964 undique
3369 2895 3528 2949 clau-

270 2960 406 3016 dere
434 2964 672 3034 reliquas
698 2981 891 3024 omnes
925 2969 1158 3028 Ctesaris
1193 2974 1406 3043 cepias.
1435 2975 1683 3034 Ursclius
1710 2994 1839 3036 vero
1880 2981 2000 3054 ipse
2029 2999 2215 3039 secum
2289 2986 2496 3043 ducens
2543 2987 2686 3057 quod
2742 2985 2894 3042 floris
2935 2996 2990 3042 et
3051 2987 3268 3043 roboris
3309 2987 3364 3041 in
3395 2988 3528 3058 plta-

268 3056 440 3154 lange
466 3059 641 3130 ipsius
677 3072 796 3118 erat
834 3072 945 3120 toto
989 3066 1192 3137 impetu
1228 3071 1280 3124 in
1336 3071 1571 3126 mediam
1651 3074 1884 3133 Caesaris
1958 3080 2128 3135 aciem
2186 3082 2352 3152 erepit
2397 3056 2602 3139 invehi.
2645 3083 2904 3140 Barbaris
2964 3099 3129 3154 porro
3192 3056 3525 3142 Caesarianis

157 3193 162 3196 .
269 3144 531 3250 hostilem
585 3154 849 3224 impetum
919 3159 1138 3217 fortiter
1201 3163 1604 3233 excipientibus
1683 3172 2044 3229 committitur
2104 3144 2291 3232 atrox-
2327 3192 2548 3248 pugna,
2602 3179 2790 3235 multis
2851 3144 3110 3250 utrinque
3167 3177 3522 3234 cadentibus.

265 3241 504 3316 Jamque
555 3248 732 3304 hastis
781 3252 1039 3324 utrinque
1073 3255 1262 3314 fractis
1315 3262 1537 3319 strictos
1593 3266 1834 3336 undique
1892 3271 2187 3327 versabant
2265 3241 2432 3330 ett-ses
2482 3241 2651 3345 seque
2720 3274 2954 3331 invicem
3013 3241 3264 3332 cominus
3311 3271 3520 3329 mutuis

267 3341 591 3399 vulneribus
624 3346 928 3403 cadebant.

347 3440 430 3488 ιε’.
481 3436 623 3490 Ἀλλ’
652 3441 710 3493 ὲν
763 3442 876 3514 ὅσῳ
915 3444 1089 3500 ταῦτα
1136 3448 1460 3520 ἐπράττετο,
1497 3453 1525 3505 6
1558 3453 1658 3525 τὴν
1685 3455 1848 3525 οὐρα-

2028 3455 2114 3509 15.
2165 3456 2301 3511 Dum
2341 3457 2458 3513 hate
2499 3459 2735 3513 maxime
2763 3459 2972 3524 fierent,
3007 3458 3051 3514 is
3073 3461 3160 3512 cui
3193 3470 3527 3528 postremum

264 3528 404 3594 γεαν
428 3535 861 3605 πεπιστευμένος
884 3540 1010 3602 τοὺς
1041 3542 1406 3614 μισθοφόρους
1439 3545 1715 3618 θεώμενος
1735 3550 1850 3614 τοῖς

265 3621 566 3692 πολεμίοις
618 3631 1126 3708 προσχωρήσαντας.
1185 3637 1281 3690 καὶ
1334 3639 1671 3704 σπεύδοντας
1749 3641 1848 3711 τὴν

263 3713 543 3782 φάλαγγα
574 3718 800 3772 κυκλοῦν
829 3716 894 3792 ἧς
921 3725 1196 3796 κατῆρχεν
1223 3729 1252 3782 6
1297 3730 1538 3800 Καῖσαρ,
1569 3731 1690 3786 δέον
1720 3732 1849 3804 βοη·

261 3805 406 3867 θεῖν,
446 3808 475 3858 6
510 3807 565 3861 δὲ
595 3811 694 3874 τάς
717 3811 976 3882 δυνάμεις
1014 3817 1302 3874 ἀναλαϐὼν
1348 3821 1642 3893 ὑπεχώρει,
1671 3825 1847 3879 καίτοι

260 3896 412 3967 ἀνὴρ
440 3896 516 3952 ῶν
543 3900 820 3971 ἀνδρεῖος,
853 3905 928 3969 ὡς
964 3908 1022 3959 ἐν
1055 3909 1273 3973 πολλοῖς
1304 3911 1561 3984 δέδειχεν.
1597 3916 1661 3969 Ol
1692 3917 1844 3988 Βάρ-

262 3990 434 4059 ϐαροι
472 3991 529 4045 δὲ
561 3994 746 4059 ἀδείας
794 3997 1120 4069 δραξάμενοι
1174 4003 1438 4059 ἐκύκλουν
1493 4007 1665 4070 ἀδεῶς
1719 4010 1847 4074 τοὺς

263 4082 401 4150 περὶ
429 4081 522 4135 τὸν
543 4085 819 4156 Καίσαρα.
841 4089 916 4142 Τὸ
939 4090 996 4143 δὲ
1025 4093 1159 4172 περὶ
1191 4095 1356 4148 αὐτὸν
1374 4095 1652 4168 βάρϐαρον
1679 4101 1846 4172 μέχρι

266 4173 374 4241 μέν
400 4194 544 4241 τινος
591 4178 773 4248 ἔμεινε
801 4181 993 4252 βάλλον
1021 4170 1077 4238 τε
1108 4187 1205 4240 καὶ
1243 4188 1570 4258 βαλλόμενον
1597 4209 1611 4222 ·
1642 4170 1845 4248 ὲπεῖδ

264 4261 378 4319 εἶδε
395 4267 507 4321 τῶν
537 4269 810 4340 πολεμίων
838 4275 964 4337 τοὺς
995 4277 1094 4344 μὲν
1141 4278 1282 4332 κατὰ
1337 4279 1512 4350 στόμα
1557 4282 1846 4336 ὲπαντῶν-

261 4375 370 4421 τας
416 4363 542 4424 τοὺς
594 4364 651 4416 δὲ
695 4365 838 4418 κατᾶ
881 4367 1054 4422 νώτου
1088 4374 1438 4443 γενομένους,
1473 4374 1681 4446 ἀπορίᾳ
1740 4376 1844 4448 ἠδη

266 4451 564 4522 συνείχετο.
598 4456 739 4508 Ἀλλ’
766 4458 795 4508 6
821 4460 1039 4531 Καῖσαρ
1069 4463 1316 4534 ἀτρέμας
1347 4464 1519 4530 ἑστὼς
1552 4467 1843 4540 άπερῤών-

263 4559 358 4594 νυε
415 4543 486 4596 τά
528 4548 856 4616 φρονήματα
921 4551 1148 4606 τούτων.
1201 4553 1345 4618 Ἕως
1380 4556 1481 4626 μὲν
1537 4551 1632 4611 οὖν
1690 4559 1844 4629 ἰσχὺς

264 4635 449 4696 αὐτοῖς
475 4635 610 4700 ὅλως
651 4639 864 4710 ἔμενον·
903 4643 1026 4696 ἐπεὶ
1059 4644 1116 4698 δὲ
1166 4645 1227 4699 τὸ
1275 4647 1375 4717 μὲν
1420 4651 1844 4720 καταπεπόνητο

264 4727 360 4775 καὶ
381 4727 560 4780 οὐκέθ’
599 4725 703 4783 οἷοί
741 4749 802 4784 τε
840 4729 985 4803 ἦσαν
1009 4737 1138 4799 τοὺς
1167 4737 1462 4806 βάλλοντας
1497 4740 1838 4809 ἀμύνασθαι,

1952 3561 2147 3618 agmen
2202 3547 2510 3603 ducendum
2567 3547 2887 3613 obvenerat,
2922 3549 3308 3618 stipendiarios
3336 3552 3527 3609 videns

1951 3639 2017 3695 ad
2073 3642 2261 3696 hostes
2289 3647 2664 3710 transgressos
2712 3642 2990 3696 communi
3039 3657 3165 3698 cum
3203 3643 3312 3698 illis
3343 3645 3528 3700 studio

1953 3730 2004 3784 id
2035 3745 2220 3801 agere,
2259 3739 2321 3786 ut
2353 3729 2726 3787 Caesarianam
2758 3735 2932 3788 aciem
2961 3735 3202 3806 undique
3227 3736 3524 3802 ambirent,

1951 3837 2076 3876 cum
2101 3831 2217 3878 toto
2251 3823 2457 3892 impetu
2500 3838 2827 3880 succurrere
2865 3826 3111 3893 deberet,
3162 3843 3194 3883 e
3246 3831 3525 3884 contrario

1948 3910 2233 3967 subductis
2254 3925 2440 3968 secum
2477 3913 2652 3983 copiis
2692 3913 2942 3970 recessit.
2971 3915 3128 3980 Quod
3163 3916 3361 3971 mirum
3392 3933 3525 3973 sane

1948 4001 2054 4058 fuit
2085 4003 2139 4058 in
2171 4003 2290 4060 viro
2329 4005 2537 4076 alioqui
2579 4005 2732 4072 forti,
2777 4009 2994 4077 qualem
3047 4024 3107 4066 se
3167 4012 3355 4067 multis
3385 4013 3524 4067 alias

1946 4097 2330 4167 experimentis
2375 4097 2718 4166 probaverat.
2769 4097 2846 4154 Eo
2879 4100 2989 4168 jam
3022 4101 3272 4158 securius
3304 4103 3521 4158 barbari

1948 4189 2081 4245 aciei
2106 4189 2338 4246 Caesaris
2372 4191 2976 4248 circumfundebantttr.
3012 4194 3168 4250 Stetit
3203 4195 3292 4249 illa
3314 4197 3522 4252 nihilo-

1947 4282 2132 4336 minus
2163 4281 2483 4349 aliquandiu
2515 4282 2816 4340 inferendis
2835 4284 3284 4357 excipiendisque
3321 4296 3475 4344 mutu
3491 4305 3524 4344 ο

1947 4374 2140 4444 plagis.
2193 4373 2294 4428 Ubi
2324 4381 2510 4429 autem
2568 4375 2702 4430 vidit
2757 4376 2944 4432 hostes
2997 4379 3191 4446 partim
3255 4395 3284 4433 a
3344 4379 3524 4435 fronte

1948 4463 2236 4527 instantes,
2259 4465 2454 4533 partim
2488 4482 2516 4519 a
2552 4477 2707 4534 tergo
2735 4467 3025 4533 credentes,
3058 4467 3364 4525 fluctuabat
3405 4472 3518 4540 jam

1947 4556 2090 4612 haud
2149 4557 2312 4612 dubie
2369 4558 2848 4630 despondebatque
2907 4560 3175 4615 animum.
3245 4562 3518 4617 Caeterum

1942 4649 2123 4703 Caesar
2145 4649 2345 4704 invicto
2360 4660 2580 4721 pectore
2591 4659 2744 4707 stans
2763 4652 2872 4722 76
2889 4652 3246 4708 confirmabat
3275 4653 3519 4709 labantes

1945 4751 1999 4794 et
2053 4740 2220 4795 robur
2246 4741 2509 4810 perculsis
2559 4741 2811 4797 addebat.
2871 4742 3126 4808 Quandiu
3176 4743 3340 4813 igitur
3375 4743 3520 4798 vires

264 4817 444 4868 αὐτῶν
487 4819 542 4872 δὲ
579 4821 640 4874 τὸ
688 4823 938 4877 πλεῖστον
965 4826 1233 4898 διεφθάρη
1263 4830 1358 4883 καὶ
1393 4832 1420 4883 6
1453 4833 1671 4902 Καῖσαρ
1711 4832 1836 4902 μηδ’

1958 4831 2294 4898 suffecerunt,
2327 4843 2549 4888 strenue
2592 4848 2680 4889 res
2708 4842 2862 4905 gesta
2893 4842 2997 4891 est.
3027 4834 3130 4890 Ubi
3173 4841 3352 4890 autem
3381 4847 3518 4890 con-

265 4905 399 4969 Ελως
430 4911 567 4978 πρὸς
621 4912 802 4983 φυγὴν
829 4914 1142 4986 ἐξορμήσας
1187 4918 1352 4972 ἑάλω.
1388 4919 1532 4990 Ἤδη
1565 4920 1621 4972 δὲ
1657 4921 1752 4973 καὶ
1789 4922 1838 4973 οἱ

1958 4933 2158 4994 mmpto
2207 4925 2318 4994 jam
2365 4926 2560 4979 robore
2616 4923 2924 4979 resistendo
3001 4925 3202 4981 acriter
3262 4925 3518 4981 instanti-

265 4999 391 5068 περὶ
423 5000 515 5052 τὸν
560 5003 904 5074 Ἀνδρόνικον
958 5006 1043 5079 [Ρ.
1083 5008 1174 5080 55]
1239 5010 1344 5063 ὑπὸ
1395 5010 1504 5065 τῶν
1559 5012 1839 5083 πολεμίων

1958 5032 2040 5071 )us
2064 5031 2224 5086 pares
2270 5031 2376 5070 non
2411 5023 2588 5080 erant,
2633 5014 2792 5071 fracti
2842 5019 3216 5088 prosuatique
3264 5017 3515 5089 plerique

264 5090 748 5163 πλεονεκτούμενοι
779 5098 1102 5170 ἐτράπησαν
1134 5101 1274 5170 πρὸς
1310 5103 1373 5155 τὸ
1399 5103 1644 5172 φεύγειν.
1686 5105 1744 5159 ’0
1777 5105 1836 5159 δὲ

1958 5116 2238 5162 :esseruut.
2272 5107 2346 5160 Ne
2378 5115 2490 5162 tum
2522 5105 2741 5177 quidem
2771 5106 2954 5162 Caesar
2981 5107 3237 5164 inducere
3264 5109 3510 5164 animum

263 5180 440 5233 καίτοι
501 5185 871 5250 κατάστικτος
925 5192 1041 5252 τοῖς
1073 5191 1388 5262 τραύμασιν
1440 5193 1516 5247 ὦν
1552 5195 1835 5265 (ἐϐέϐλητο

1958 5197 2005 5252 td
2057 5197 2237 5267 fugam
2281 5198 2475 5268 potuit.
2529 5198 2783 5266 Pugnans
2815 5197 2978 5268 igitur
3012 5209 3096 5255 est
3127 5209 3338 5271 captus.
3388 5200 3516 5256 Pari

260 5269 366 5340 γάρ
397 5273 641 5342 καιρίαις
677 5277 937 5347 πληγαῖς)
969 5281 1188 5352 περιῄει
1227 5283 1408 5353 ζητῶν
1448 5285 1540 5339 τὸν
1594 5287 1827 5357 πατέρα.

1958 5290 2101 5344 nodo
2143 5290 2235 5359 qui
2297 5306 2421 5345 cum
2463 5289 2776 5344 Andronico
2815 5299 2973 5346 erant
3033 5292 3392 5350 circumventi
3443 5293 3516 5349 ab

1293 5426 1502 5487 Caroli
1543 5428 1643 5487 Du
1673 5429 1914 5490 Fresne
1950 5431 2047 5491 Du
2081 5431 2292 5507 Cange
2323 5439 2510 5491 notas.

335 5559 450 5649 [51)
479 5566 767 5649 βόμβου.
825 5567 1050 5649 Ea_dem_
1085 5572 1247 5628 habet
1294 5573 1617 5649 _Scy_l_itz_es._
1646 5575 1736 5649 qui
1801 5593 1829 5629 a
1943 5594 2039 5632 nec
2069 5577 2122 5631 in
2152 5577 2295 5640 aliis,
2320 5579 2408 5631 ubi
2438 5594 2560 5631 cum
2595 5577 2864 5647 Bryenuio
2887 5581 3178 5649 consentit,
3214 5596 3281 5634 ne
3301 5579 3507 5635 nimius

265 5626 532 5715 Brrvennio
579 5626 856 5715 pleraque
898 5642 1078 5715 hausit
1123 5626 1243 5712 qius
1292 5646 1346 5715 in
1379 5626 1829 5698 'Miehaelelﬂuca
1945 5650 2067 5702 sint.
2102 5649 2156 5715 Id
2183 5626 2316 5702 satis
2345 5650 2447 5702 erit
2478 5649 2644 5702 semel
2669 5626 2978 5704 Jntonuissc.

266 5712 312 5749 rt
328 5699 446 5764 fert,
476 5699 638 5770 quem
693 5699 794 5763 nec
843 5708 946 5765 hoc
979 5711 1101 5766 loco
1141 5699 1445 5769 cxscriberc
1484 5724 1564 5768 est
1594 5716 1828 5781 animus,

3357 5816 3428 5834 ⁸--
