4070 6214
555 296 673 382 tta‘

1742 316 2169 377 N'ICEPHORI‘
2197 317 2577 378 BRYE'TJNII

3682 310 3780 377 123

557 428 805 485 hostibus
833 426 971 480 versi
1010 432 1138 479 sunt
1167 425 1218 483 in
1268 424 1475 496 fugam.
1508 426 1625 496 Ipse
1676 427 1873 497 plenus
1904 428 2122 483 cruoris

2238 428 2426 484 morm;
2455 430 2512 484 δὲ
2539 430 2728 484 τοῦτον
2749 430 2971 496 ἁλῶναι,
3010 431 3130 496 ἐξὸν
3159 428 3528 494 σώζεσθαι-ὼς
3554 426 3661 491 ἔξω
3677 429 3785 481 τῶν

552 531 604 571 ‹-ι
632 520 935 582 vulnerum,
966 518 1167 587 quibus
1217 526 1335 572 erat
1376 518 1631 586 gravibus
1657 518 1966 581 confossus,
2013 520 2122 573 cir-

552 610 1028 679 cuibatzqua‘rens
1054 623 1258 679 patrem
1293 627 1308 663 :
1348 624 1508 679 quem
1545 610 1635 663 nhi
1669 620 1885 680 raptum
1913 622 2117 680 COguo-

553 700 648 765 vit,
703 715 825 754 cum
879 700 1035 754 facile
1074 711 1251 768 posset
1291 701 1538 764 evadere,
1573 701 1772 770 quippe
1828 701 1919 769 qui
1966 709 2118 755 extra

556 792 643 845 teli
668 791 873 859 jactum
908 793 1036 845 etin
1073 806 1269 848 securo
1297 801 1426 848 tunc
1458 802 1623 856 esset,
1652 793 1827 862 patris
1854 793 2125 847 liberatio~

546 898 676 939 nem
712 882 959 952 periculo
1017 885 1234 954 proprio
1290 885 1478 938 conari
1534 885 1721 938 maluit
1777 899 1940 954 quam
2001 885 2124 938 vitae

554 978 785 1045 propria:
814 978 1118 1033 consulere.
1155 978 1403 1033 incitavit
1430 979 1595 1048 igitur
1632 994 1831 1048 equum
1861 993 1966 1048 qua
1991 978 2121 1033 den-

555 1068 831 1123 sissimam
871 1068 1086 1123 videbat
1142 1070 1377 1124 hostium
1420 1070 1642 1141 globum
1706 1069 1958 1140 factaque
2019 1070 2122 1125 sibi

557 1158 701 1212 fet‘m
733 1162 920 1217 multis
949 1161 1170 1232 deiet-tis
1217 1163 1303 1215 via
1329 1204 1344 1226 ,
1386 1173 1451 1217 ut
1495 1163 1561 1215 ad
1600 1162 1867 1218 Cwsarem
1902 1164 2125 1231 propius

556 1251 810 1312 accessit,
842 1251 1098 1306 sustineri
1129 1252 1361 1320 amplius
1391 1267 1497 1305 non
1531 1261 1762 1321 poterat,
1792 1267 1893 1305 nec
1945 1252 2123 1305 homi-

556 1340 1039 1396 uiseratntortalis
1065 1342 1282 1407 similis,
1312 1343 1405 1396 sed
1432 1341 1759 1395 immortalis
1783 1350 1837 1395 ct
1872 1342 2127 1409 incorpo-

560 1431 636 1483 rei
664 1433 949 1502 cujusdam
986 1452 999 1488 :
1033 1434 1234 1502 petitus
1263 1433 1406 1486 enim
1440 1433 1614 1487 hastis
1637 1433 1873 1502 undique
1897 1431 2126 1499 intrepi-

556 1522 659 1576 dus
697 1525 1105 1591 perstabat,has
1125 1524 1400 1593 frangens,
1432 1524 1555 1579 illas
1582 1524 1871 1592 repellens,
1909 1538 2128 1591 semper

558 1625 623 1665 eo
646 1628 766 1668 sese
814 1616 1039 1670 trudens
1091 1615 1182 1669 ubi
1233 1616 1478 1684 captivus
1528 1625 1644 1669 erat
1714 1626 1885 1684 pater.
1945 1613 2125 1667 Mirati

552 1704 773 1769 juvenis
806 1704 1042 1774 impetus
1075 1706 1313 1763 humana
1359 1705 1410 1759 vi
1464 1704 1696 1773 maiores
1727 1704 1972 1774 undique
2009 1720 2129 1758 om-

563 1811 660 1850 nes
690 1797 742 1850 in
768 1813 935 1851 unutn
967 1798 1182 1853 lrarhari
1210 1805 1549 1852 concurrunt
1587 1816 1600 1851 ε
1629 1805 1687 1851 et
1716 1796 1775 1850 hi
1795 1797 2014 1867 quidem
2038 1798 2125 1867 ja-

557 1885 719 1950 culis,
756 1886 809 1940 hi
852 1887 1044 1952 hastis,
1074 1904 1179 1958 qua
1207 1889 1383 1958 ipsum
1421 1904 1527 1958 qua
1569 1889 1689 1956 ejus
1731 1905 1932 1959 equum
1983 1890 2124 1945 assi-

558 1979 664 2029 due
707 1980 1069 2045 contundunt,
1118 1981 1289 2035 donec
1348 1981 1662 2035 debilitatus
1717 1981 1895 2051 plagis
1945 1996 2124 2050 equus

558 2066 712 2119 humi
754 2083 878 2122 cum
928 2071 1162 2134 sessore?
1184 2079 1491 2138 prostratus
1548 2081 1653 2125 εει.
1705 2071 1861 2125 Tune
1900 2071 2127 2126 Barbari

557 2157 828 2225 iacentem
858 2160 1274 2217 circumstantes
1312 2161 1520 2232 galeam
1563 2163 1610 2215 ei
1659 2162 1910 2231 deripere
1948 2173 2131 2218 certa-

563 2251 710 2313 bant,
740 2266 851 2320 quo
885 2260 1051 2320 caput
1095 2255 1355 2309 nudatum
1381 2254 1591 2323 strenui
1626 2255 1727 2307 viri
1760 2255 1940 2324 gladio
1977 2263 2133 2309 trun-

563 2355 768 2398 carent.
808 2346 931 2400 Sed‘
965 2348 1031 2400 ad
1080 2348 1218 2401 hanc
1262 2346 1496 2422 speciem
1521 2345 1705 2401 Ctesar
1733 2345 1900 2400 alacri
1927 2356 2132 2401 conatu

2224 521 2395 589 βελῶν
2441 523 2535 575 καὶ
2579 524 2673 576 τοῦ
2719 522 2958 594 πολέμου
3020 524 3312 593 γενόμενον
3372 520 3513 592 ἤδη,
3544 522 3572 574 ὁ
3603 520 3661 574 δὲ
3687 521 3784 589 τῆς

2227 613 2360 676 ἰδίας
2393 615 2665 686 σωτηρίας
2694 615 2787 668 τοῦ
2819 613 3025 685 πατρὸς
3051 611 3538 684 ὗπερκινδυνεῦσαι
3567 611 3787 680 προελόο

2226 721 2387 772 μενος
2417 704 2722 775 ὑπέστρεψε
2746 706 2840 758 καὶ
2861 707 2941 766 εἰς
2964 703 3130 773 μέσον
3158 702 3350 754 ἑαυτὸν
3371 701 3482 753 τῶν
3512 700 3788 769 πολεμίων

2224 795 2373 860 ὠθεῖ,
2420 797 2513 848 καὶ
2568 794 2797 858 πολλοὺς
2848 794 3056 848 τούτων
3102 792 3179 861 τῷ
3251 791 3397 860 ξίφει
3440 789 3785 857 καταϐαλὼν,

2225 887 2414 956 ἐπειδὴ
2447 887 2675 958 πλησίον
2717 886 2812 941 τοῦ
2851 887 3130 956 Καίσαρος
3152 886 3394 952 γέγονεν,
3425 883 3608 937 οὐκέτι
3628 883 3790 936 καθε-

2226 976 2354 1038 κτὸς
2390 972 2495 1046 ἦν,
2538 976 2658 1029 οὐδὲ
2691 974 2852 1046 ἐῴκει
2885 976 3039 1047 ἀνδρί
3073 991 3137 1042 γε
3170 973 3370 1043 θνητῷ,
3400 973 3517 1028 ἀλλ’
3543 974 3795 1042 ἀθανάτῳ

2225 1084 2285 1120 τε
2310 1068 2406 1121 καὶ
2437 1068 2681 1139 ἀσάρκῳο
2724 1051 3049 1138 βαλλόμενος
3096 1068 3204 1135 γὰρ
3236 1070 3348 1128 rut;
3381 1065 3605 1134 δόρασιν
3632 1065 3792 1136 ἄτρε-

2227 1177 2347 1221 στος
2369 1155 2456 1231 ἦν,
2501 1160 2596 1213 καὶ
2631 1160 2700 1212 τὰ
2732 1159 2831 1229 μὲν
2873 1158 3080 1212 τούτων
3110 1159 3458 1223 συγκόπτων,
3487 1158 3556 1210 τὰ
3581 1156 3636 1210 δὲ
3664 1156 3795 1210 διω-

2228 1250 2490 1318 θούμενος
2526 1251 2783 1319 ἐπειρᾶτο
2811 1247 3065 1317 γενέσθαι
3093 1247 3219 1300 ἔνθα
3247 1249 3296 1300 οί
3328 1250 3356 1300 ὁ
3379 1247 3559 1315 πατὴρ
3592 1244 3795 1299 ἁλώσι-

2232 1359 2329 1411 μος
2372 1337 2461 1413 ἦν.
2501 1342 2564 1394 Oi
2593 1342 2650 1394 δὲ
2708 1341 2957 1411 πολέμιοι
3010 1342 3111 1412 τὴν
3152 1339 3523 1395 ἀνυπόστατον
3561 1337 3793 1406 ὁρῶντες

2227 1434 2401 1503 ὁρμὴν
2439 1433 2689 1487 συνέθεον
2711 1434 2973 1497 ἅπαντες,
2999 1435 3092 1487 καὶ
3125 1433 3176 1485 οἱ
3210 1431 3308 1501 μὲν
3327 1432 3440 1493 τοῖς
3471 1430 3709 1495 ξυστοῖς,
3738 1429 3792 1480 οἱ

2228 1524 2283 1577 δὲ
2333 1525 2446 1588 τοῖς
2476 1523 2697 1594 δόρασιν
2729 1524 2895 1577 ἵππον
2927 1540 2987 1577 τε
3017 1524 3112 1576 καὶ
3156 1520 3318 1574 αύτδν
3365 1518 3609 1582 ἔϐαλλον,
3635 1519 3738 1581 ἓως
3766 1519 3797 1569 ὁ

2231 1616 2399 1677 ἵππος
2436 1615 2724 1684 βαρυνθεὶς
2753 1614 2860 1667 ὑπὸ
2911 1614 3020 1667 τῶν
3052 1614 3382 1684 τραυμάτων
3421 1613 3504 1673 είς
3545 1610 3649 1677 γῆν
3698 1609 3794 1661 σὺν

2228 1708 2306 1779 τῷ
2344 1708 2577 1779 ἐπιδάτῃ
2601 1707 2920 1761 κατέπιπτε.
2953 1706 3087 1759 Τότε
3119 1701 3212 1759 οὖν
3241 1707 3291 1759 οἱ
3335 1703 3612 1774 Βάρδαροι
3641 1715 3801 1767 περι-

2230 1800 2453 1861 στάντες
2492 1797 2653 1851 αὐτὸν
2702 1797 2799 1867 τὴν
2855 1795 3288 1867 περικεφαλαίαν
3342 1793 3617 1865 περιελεῖν
3650 1792 3799 1842 ἐπει-

2234 1891 2407 1959 ρῶντο
2457 1891 2554 1943 καὶ
2608 1890 2750 1957 ξίφει
2779 1888 2876 1960 τὴν
2919 1888 3012 1941 τοῦ
3045 1888 3292 1955 γενναίου
3332 1885 3524 1956 ἀνδρὸς
3553 1881 3798 1949 κεφαλὴν

2230 1985 2504 2053 ἐκτεμεῖν.
2546 1982 2687 2036 Ἀλλ’
2724 1985 2752 2036 ό
2792 1983 3011 2052 Καῖσαρ
3040 1979 3277 2048 διασχὼν
3305 1979 3430 2039 τοὺς
3466 1976 3800 2044 κατέχονταῧ

2230 2074 2410 2128 ἔπεισί
2461 2091 2523 2127 τε
2580 2075 2858 2145 δρομαῖος,
2900 2074 2993 2126 καὶ
3036 2071 3372 2147 προσπίπτει
3433 2067 3515 2137 τῷ
3567 2066 3799 2134 γενναίῳ

2236 2165 2407 2229 παιδὶ,
2463 2164 2854 2234 ὀλιγοδρανέων
2906 2181 2966 2216 τε
3025 2163 3124 2232 ἠδη
3184 2160 3288 2214 ὑπὸ
3317 2158 3413 2213 τοῦ
3470 2155 3800 2227 τραυμάτων

2232 2255 2489 2329 πλήθους.
2515 2255 2612 2310 καὶ
2638 2254 2892 2322 γνωρίζει
2919 2253 3126 2316 τούτοις
3160 2254 3311 2314 ὅστις
3345 2251 3489 2315 ἐστὶ,
3526 2248 3622 2302 καὶ
3650 2245 3798 2299 οὕτω

2231 2348 2324 2401 τὸν
2373 2346 2539 2400 παῖδα
2579 2345 2674 2399 τοῦ
2711 2344 2861 2416 παρὰ
2895 2345 3060 2407 πόδας
3088 2343 3336 2397 κινδύνου
3377 2341 3587 2412 ῥύεται.

559 2437 802 2492 divulsus
830 2454 859 2491 a
884 2438 1251 2492 detinentibus
1289 2454 1452 2493 cursu
1489 2438 1713 2492 incitato
1739 2438 1851 2492 ruit
1877 2448 1930 2492 et
1961 2455 2127 2509 supra
2163 2453 2489 2509 generosum
2559 2438 2727 2493 filium
2763 2439 2910 2492 cadit
2973 2436 3229 2491 deficiens
3261 2451 3366 2488 non
3409 2434 3595 2487 dolore
3622 2430 3800 2486 solum

560 2540 802 2598 paterno,
834 2530 925 2583 sed
962 2530 1012 2583 vi
1049 2545 1113 2583 ac
1156 2529 1502 2584 multitudine
1532 2531 1777 2599 gravium
1850 2531 2155 2587 vulnerum.
2193 2532 2299 2604 77
2328 2532 2508 2598 Quare
2537 2545 2690 2602 spem
2716 2532 2771 2586 in
2803 2532 2855 2586 vi
2908 2531 3111 2584 nullam
3156 2529 3363 2584 habens
3430 2526 3632 2581 indicat
3664 2523 3803 2576 Bar-

561 2623 714 2678 baris
769 2622 1023 2692 quisnam
1069 2625 1115 2679 is
1152 2632 1298 2678 esset
1364 2633 1419 2679 et
1488 2624 1570 2680 sic
1603 2640 1727 2679 eum
1791 2641 1820 2680 a
1862 2628 2128 2695 praesenti
2170 2637 2347 2683 morte
2381 2628 2596 2683 liberat.

637 2717 726 2771 16.
786 2715 942 2771 Hunc
1008 2717 1197 2773 habuit
1242 2719 1447 2774 exitum
1509 2734 1685 2789 pugna
1746 2719 1811 2772 ad
1881 2720 2129 2790 Sangarii

562 2818 781 2877 pontem
821 2819 1075 2879 pugnata.
1127 2811 1197 2863 At
1245 2810 1511 2864 barbarus
1557 2812 1733 2866 elatus
1764 2811 1988 2865 victoria
2020 2811 2129 2867 cir-

562 2901 786 2954 cumivit
817 2901 1022 2956 vicinas
1057 2900 1320 2971 Sangario
1344 2903 1491 2955 amni
1516 2902 1763 2957 civitates
1779 2902 2133 2971 sibiquesuh-

558 2990 688 3056 iecit
754 2989 1058 3045 universas.
1135 2988 1273 3044 Cum
1345 2991 1681 3059 pervenisset
1743 2998 1922 3045 autem
1981 2990 2126 3045 cirta

2310 2720 2408 2786 ις’.
2441 2719 2696 2776 Τοιοῦτον
2749 2721 2873 2792 ἔσχε
2923 2721 2984 2775 τὸ
3028 2721 3178 2786 τέλος
3207 2721 3241 2791 ἡ
3276 2718 3479 2790 μεταξὺ
3519 2716 3806 2787 Ῥωμαίων

2237 2829 2296 2866 τε
2322 2814 2418 2867 καὶ
2439 2811 2662 2867 Κελτῶν
2687 2811 2793 2866 τῶν
2822 2813 3142 2867 ἀποστατῶν
3181 2808 3512 2879 συναφθεῖσα
3548 2825 3616 2860 πε
3624 2809 3679 2876 pi
3705 2807 3806 2876 τὴν

2236 2903 2330 2957 τοῦ
2392 2903 2706 2974 Σαγγαρίου
2763 2904 3009 2974 γέφυραν
3071 2903 3244 2972 μάχη.
3299 2902 3358 2954 '0
3405 2900 3463 2953 δέ
3528 2899 3805 2970 βάρϐαρος

2236 2994 2502 3065 ἐπαρθεὶς
2526 2995 2593 3065 τῇ
2632 2994 2757 3065 νίκῃ
2784 2993 3004 3065 περιῄει
3049 2993 3149 3055 τὰς
3186 2991 3678 3061 παρασαγγαρίους
3707 2989 3808 3041 πό-

561 3082 868 3153 Bithyuiam
900 3083 989 3137 ubi
1018 3083 1267 3151 pra-toria
1306 3082 1541 3137 Caesaris
1587 3091 1739 3136 erant
1771 3089 1825 3136 et
1867 3096 1963 3136 arx
1998 3082 2132 3136 satis

2238 3087 2348 3148 λεις
2391 3085 2486 3139 καὶ
2528 3085 2708 3148 πάτας
2751 3086 2841 3154 ὑφ’
2878 3087 3070 3139 ἐαυτὶν
3125 3085 3384 3136 ἐποιεῖτο.
3420 3081 3717 3150 Γενόμενος
3749 3081 3810 3134 δὲ

562 3178 770 3229 munita
807 3183 1081 3229 exstructa
1114 3174 1167 3228 in
1205 3173 1400 3228 declivi
1434 3189 1610 3245 supra
1634 3173 1845 3228 radices
1866 3172 2137 3242 Sopltonis

560 3265 785 3329 montis,
815 3265 881 3318 inv
902 3264 1163 3334 subjectis
1191 3264 1397 3334 campis
1424 3265 1618 3318 stativa
1656 3265 1908 3331 habebat,
1933 3263 2137 3319 delibe-

564 3375 696 3413 rans
743 3375 848 3427 qna
889 3359 1103 3413 ratione
1148 3358 1455 3412 Romanum
1492 3357 1595 3411 sibi
1643 3356 1936 3425 subjiceret
1966 3357 2136 3424 impc-

563 3450 725 3503 rium.
778 3447 948 3501 Porro
974 3448 1243 3502 Caesarem
1272 3448 1325 3500 in
1358 3447 1569 3502 honore
1618 3447 1830 3509 habuit,
1873 3454 1927 3501 et
1962 3446 2132 3499 lilium

562 3543 684 3611 ejus
715 3556 1038 3610 generosum
1069 3541 1443 3594 Andronicum
1482 3540 1670 3594 videns
1711 3538 1948 3608 graviter
1990 3538 2141 3592 labo-

562 3641 797 3692 rantem,
844 3647 910 3684 ex
941 3632 1262 3685 vulneribus
1291 3631 1472 3684 curari
1507 3645 1670 3697 quam
1718 3628 2137 3697 diligentissime

564 3724 747 3790 jussit.
779 3720 978 3775 Verum
1009 3720 1193 3775 Caesar
1241 3721 1321 3776 sic
1356 3722 1649 3791 patientem
1702 3720 1918 3773 intuens
1968 3719 2136 3771 lilium

568 3816 909 3885 pangebatur
961 3814 1075 3867 acri
1124 3813 1314 3867 dolore
1345 3821 1400 3866 et
1462 3812 1851 3865 molestissime
1906 3809 2132 3865 ferebat.

568 3909 754 3976 Itaque
779 3905 1050 3961 Urselium
1088 3905 1317 3973 rogavit.
1362 3910 1421 3954 nt
1450 3916 1573 3956 cum
1607 3900 2133 3970 Constantinopolim

567 4001 772 4071 portari
804 4000 1108 4055 curandum
1139 3998 1363 4053 sineret.
1394 3994 1772 4051 Assensusille
1793 4010 1855 4048 ea
1888 3994 2001 4065 lege
2033 4002 2136 4057 est,

565 4097 609 4147 si
639 4094 872 4161 majores
901 4100 1029 4146 natu
1064 4092 1295 4144 filiorum
1324 4088 1442 4159 ejus
1470 4102 1571 4157 pro
1595 4102 1661 4143 eo
1692 4086 1909 4142 obsides
1943 4086 2137 4140 daren-

569 4198 659 4239 tur
692 4204 704 4239 :
740 4184 936 4254 quibus
959 4183 1100 4237 datis
1128 4181 1390 4237 remissus
1423 4180 1772 4235 Andronicus
1798 4178 2019 4232 domum
2064 4174 2137 4230 ibi

566 4276 910 4331 ωιιινοιιὶειιιί
959 4274 1242 4330 curatione
1287 4280 1563 4327 recreatus
1600 4282 1703 4332 est,
1734 4268 1954 4323 interim
2007 4267 2135 4322 dum

567 4370 722 4438 pueri
746 4368 943 4437 captivi
985 4366 1103 4421 vice
1130 4366 1250 4434 ejus
1278 4366 1331 4419 in
1375 4378 1499 4418 arce
1538 4361 2011 4424 custodiebantur,
2044 4358 2135 4412 ubi

569 4464 636 4514 :eb
662 4458 1178 4530 eornmpmdagogis
1214 4465 1475 4511 tentatum
1508 4453 1712 4524 aliquid
1761 4461 1851 4508 est
1893 4467 2005 4505 non
2049 4450 2133 4505 iu-

567 4556 790 4622 dignnm
818 4552 1011 4606 relatu.
1048 4548 1359 4604 Ventitabat
1401 4546 1600 4613 sapius
1640 4547 1706 4600 ad
1736 4546 1880 4614 ipsos
1930 4542 2137 4611 indige-

569 4656 763 4696 narum
806 4640 1101 4711 agrestiqu
1134 4637 1379 4707 quidam,
1427 4651 1588 4704 quem
1624 4634 1697 4688 illi
1729 4632 2016 4687 delinitum
2051 4631 2137 4684 in-

569 4736 918 4805 terrogabant
947 4733 1239 4788 calleretue
1283 4733 1447 4791 viam,
1475 4745 1583 4800 qua
1617 4729 1742 4783 inde
1766 4724 2135 4780 Nicomediam

572 4829 964 4895 perveniretur.
1001 4826 1138 4881 Cum
1167 4823 1700 4893 verocognovissent
1735 4820 1806 4873 ita
1831 4818 1994 4872 istntn
2020 4816 2139 4886 ejus

570 4923 586 4974 i
618 4920 783 4974 invris
805 4920 1061 4988 peritum,
1094 4926 1155 4972 ut
1175 4915 1443 4988 veljuortu
1484 4923 1539 4967 et
1560 4928 1655 4982 per
1680 4910 1834 4964 devia
1863 4925 2140 4978 periurare

568 5021 786 5076 montes
815 5010 1126 5080 interjectos
1166 5018 1373 5071 nosset,
1409 5006 1579 5060 multo
1603 5005 1721 5075 '78
1755 5018 1857 5057 usu
1887 5003 2142 5072 frequen-

570 5109 641 5157 ris
683 5106 823 5158 ultro
864 5104 1114 5171 citroque
1149 5100 1559 5157 camtneationis
1598 5113 1790 5152 omnes
1834 5095 2139 5160 anfractus,

572 5200 752 5252 munia
791 5197 1109 5266 compendia
1137 5198 1385 5255 edoctus,
1429 5192 1716 5245 consilium
1750 5191 1937 5245 ineunt
1968 5191 2139 5245 solers

570 5300 622 5344 ‹ιι
674 5291 850 5344 audax
894 5302 1185 5357 puerorum
1237 5301 1266 5340 e
1317 5294 1499 5339 castro
1557 5283 1987 5347 educendorum,
2049 5297 2142 5350 per

574 5392 788 5436 noctem
817 5379 1009 5450 sopitis
1044 5378 1391 5440 custodibus,
1420 5384 1467 5428 et
1506 5374 1624 5444 fuga
1663 5374 1751 5428 tali
1785 5374 1973 5429 salutis
1993 5374 2142 5444 priu-

573 5475 750 5541 ripum
794 5487 857 5525 ac
886 5470 1146 5523 libertatis
1185 5466 1551 5536 expediendae.
1597 5468 1776 5535 Agunt
1822 5466 1983 5533 igitur
2017 5482 2139 5520 cum

578 5564 779 5615 rustico
813 5570 867 5613 ct
912 5560 1068 5612 facile
1116 5562 1379 5627 promissa
1431 5558 1659 5626 pecunia
1702 5559 2048 5625 persuadent,
2085 5565 2142 5610 ut

574 5656 681 5705 dux
716 5666 837 5706 esse
890 5650 1021 5718 ipsis
1077 5651 1253 5705 vellet.
1314 5651 1479 5703 Nocte
1532 5650 1694 5719 igitur
1725 5650 2009 5703 observata
2045 5649 2144 5703 ob-

571 5758 731 5805 seura
776 5752 829 5799 et
871 5742 1024 5797 illuni
1068 5750 1121 5796 et
1177 5751 1341 5810 porta:
1372 5740 1567 5796 claviut
1633 5740 1879 5796 sull‘ut'ati
1938 5742 2144 5819 rustico

2239 3178 2367 3247 περὶ
2399 3177 2670 3244 Βιθυνίαν,
2704 3178 2901 3248 ἵναπερ
2924 3175 2992 3230 τὰ
3027 3175 3273 3246 βασίλεια
3305 3174 3399 3229 τοῦ
3435 3174 3713 3242 Καίσαρος
3739 3168 3811 3241 ἦν

2239 3269 2334 3321 καὶ
2361 3267 2620 3340 φρούριον
2647 3268 2830 3322 ἱκανὸν
2855 3267 3089 3338 ἐρυμνὸν
3102 3266 3420 3337 ᾠκοδόμητο
3443 3265 3650 3319 ἄνωθεν
3678 3264 3811 3333 περὶ

2238 3360 2330 3413 τοῦ
2369 3360 2618 3431 Σόφωνος
2647 3361 2946 3430 πρόποδας,
2987 3361 3045 3411 ἐν
3081 3362 3193 3422 τοῖς
3242 3361 3420 3411 ἐκεῖσε
3460 3356 3661 3418 πεδίοις
3706 3356 3810 3425 ηὑ-

2239 3452 2438 3518 λίζετο,
2472 3453 2840 3523 σκεπτόμενος
2894 3454 3041 3515 ὅπως
3091 3451 3158 3505 ἂν
3211 3449 3388 3521 ἐαυτῷ
3414 3451 3479 3503 τὰ
3512 3448 3612 3517 τῆς
3654 3446 3815 3517 βασιο

2240 3545 2388 3608 λείας
2434 3545 2724 3614 Ῥωμαίων
2757 3529 3164 3614 μνηστεύσηται
3217 3543 3519 3614 πράγματα
3548 3556 3562 3570 ·
3601 3540 3695 3594 τόν
3750 3556 3809 3592 τε

2241 3636 2350 3706 γὰρ
2400 3637 2654 3707 Καίσαρα
2699 3637 2787 3689 διὰ
2828 3638 2992 3706 τιμῆς
3025 3630 3159 3704 εἶχε,
3192 3635 3287 3688 καὶ
3331 3633 3421 3687 τὸν
3466 3631 3659 3685 τούτου
3693 3629 3813 3683 υίδν

2239 3728 2332 3781 τὸν
2360 3732 2605 3797 γενναῖον
2654 3727 2993 3800 ’Δνδρόνικον
3028 3727 3173 3796 ὁρῶν
3223 3725 3409 3788 κακῶς
3465 3724 3658 3793 ἔχοντα
3701 3723 3812 3775 ὑπὸ

2241 3819 2350 3873 τῶν
2398 3820 2728 3890 τραυμάτων
2778 3820 2962 3887 πάσης
3014 3817 3334 3886 ἐπιμελείας
3370 3815 3546 3885 ἠξίου.
3588 3814 3648 3867 '0
3677 3812 3814 3881 γοῦν

2244 3912 2460 3980 Καῖσαρ
2493 3910 2637 3965 οὕτω
2680 3911 2957 3980 πάσχοντα
3018 3910 3288 3980 θεώμενος
3331 3906 3421 3962 τὸν
3464 3908 3579 3959 υίδν
3618 3905 3815 3977 ἠνιᾶτο

2243 4002 2338 4056 καὶ
2365 4002 2598 4072 ἤσχαλλε
2650 4003 2745 4056 καὶ
2796 4001 2888 4055 τὸν
2932 4000 3223 4071 Οὐρσέλιον
3252 3999 3427 4071 ᾔτησε
3457 3998 3645 4051 τοῦτον
3672 3996 3816 4067 πρὸς

2241 4095 2339 4162 τὴν
2371 4094 2616 4154 βασιλίδα
2646 4094 3022 4160 ἐξαποστεῖλαι
3060 4093 3169 4146 τῶν
3200 4094 3430 4147 πόλεων.
3475 4092 3534 4143 Ὀ
3563 4090 3621 4145 δὲ
3659 4087 3821 4144 ἐπεί-

2244 4184 2369 4239 θετό
2416 4201 2475 4237 τε
2520 4185 2616 4239 καὶ
2665 4186 2906 4257 ὁμήρους
2939 4185 3171 4255 αἰτήσας
3220 4185 3348 4247 τοὺς
3403 4182 3818 4255 πρεσϐυτέρους

2244 4277 2352 4331 τῶν
2373 4278 2565 4331 τούτου
2608 4277 2791 4344 υἱέων,
2838 4278 2932 4331 καὶ
2975 4278 3039 4350 δὴ
3081 4276 3262 4332 λαϐὼν
3294 4275 3572 4346 ἐξέπεμψε
3622 4273 3820 4328 τοῦτον

2243 4369 2450 4425 οἶκαδε.
2498 4369 2639 4424 Ἀλλ’
2684 4372 2713 4423 ὁ
2750 4369 2848 4439 μὲν
2890 4369 3189 4440 θεραπείας
3232 4367 3451 4438 ἠξιοῦτο
3497 4367 3598 4438 τῆς
3646 4384 3822 4437 προσ-

2244 4462 2507 4532 ηκούσης,
2543 4465 2572 4516 ὁ
2601 4462 2658 4517 δὲ
2685 4464 2814 4526 τοὺς
2845 4463 3043 4524 παῖδας
3073 4461 3263 4516 τούτου
3298 4459 3592 4531 καθείρξας
3626 4460 3819 4527 ἐτήρει

2246 4555 2397 4625 παρὰ
2431 4556 2493 4607 τὸ
2519 4556 2795 4625 φρούριον.
2838 4552 3102 4607 Ἐνταῦθα
3137 4551 3395 4621 δέδραστό
3440 4570 3493 4605 τι
3530 4550 3681 4620 παρᾶ
3707 4550 3823 4602 τῶν

2247 4646 2609 4714 παιδαγωγῶν
2646 4646 2755 4699 τῶν
2781 4646 2916 4700 νέων
2961 4644 3111 4709 ἄξιον
3150 4645 3391 4714 μνήμης.
3436 4642 3657 4709 Ἐφοίτα
3684 4641 3821 4694 πολ-

2246 4738 2404 4802 λάκις
2437 4737 2572 4808 πρὸς
2600 4737 2796 4799 αὐτοὺς
2824 4736 2932 4790 τῶν
2967 4735 3247 4805 ἐγχωρίων
3301 4751 3386 4796 τις
3431 4733 3706 4803 ἀγροτῶν.
3754 4733 3824 4783 Οἱ

2249 4828 2295 4883 δ’
2338 4830 2542 4881 ἐκεῖνον
2563 4827 2983 4897 οἰκειωσάμενοι
3011 4825 3238 4898 ἠρώτων
3266 4826 3314 4878 εἰ
3346 4825 3445 4889 τὰς
3479 4826 3616 4895 πρὸς
3649 4824 3697 4876 Ν
3706 4842 3826 4877 ικοο

2250 4917 2477 4988 μήδειαν
2515 4916 2786 4987 φερούσας
2837 4917 2988 4980 ὀδοὺς
3037 4917 3201 4979 αὐτὸς
3228 4916 3537 4982 ἐπίσταται,
3568 4916 3664 4969 καὶ
3714 4934 3825 4981 μα-

2247 5007 2430 5068 θόντες
2470 5008 2544 5071 ὡς
2576 5008 2745 5078 είδοίη
2776 5008 2979 5070 ταύτας
3019 5008 3261 5079 ἀκριϐῶς
3452 5008 3546 5079 5!]
3601 5008 3677 5069 ὡς
3724 5008 3824 5060 καὶ

2250 5097 2465 5166 νύκτωρ
2511 5100 2604 5151 καὶ
2646 5099 2748 5164 ἔξω
2799 5099 2988 5170 τρίϐου
3026 5099 3230 5169 μεταξὺ
3278 5099 3506 5152 διελθεῖν
3537 5101 3638 5170 δρη
3666 5099 3830 5151 δύνα-

2252 5193 2375 5245 σθαι
2419 5194 2513 5245 καὶ
2566 5193 2822 5260 φοιτῆσαι
2871 5193 3009 5262 πρὸς
3046 5194 3442 5263 Νικομήδειαν,
3469 5192 3663 5263 βουλὴν
3698 5192 3831 5260 βου-

2249 5282 2496 5335 λεύονται
2558 5282 2786 5352 συνετὴν
2849 5283 2966 5351 ἃμα
3026 5284 3121 5336 καὶ
3153 5283 3434 5354 τολμηρὰν
3485 5283 3654 5352 ἄμφω
3696 5284 3833 5346 τοὺς

2250 5373 2445 5436 παῖδας
2468 5372 2741 5443 λαθραίως
2772 5373 2871 5440 τῆς
2894 5374 3066 5445 πύλης
3094 5375 3386 5443 ἐξαγαγεῖν
3408 5373 3502 5426 τοῦ
3524 5372 3830 5441 ἐρύματος,

2249 5467 2488 5536 ὁπηνίκα
2553 5465 2602 5518 οἱ
2650 5464 2886 5533 φύλακες
2939 5466 3134 5530 νυκτὸς
3178 5466 3631 5520 καθυπνώττουσι
3664 5503 3679 5525 ,
3731 5463 3837 5518 καὶ

2249 5559 2479 5629 δρασμῷ
2522 5557 2621 5626 τὴν
2661 5556 2768 5609 τῶν
2800 5557 3005 5609 παίδων
3074 5557 3607 5626 πραγματεύσασθαι
3644 5573 3833 5623 σωτηε

2253 5652 2396 5723 ρίαν.
2448 5648 2672 5718 Ὀδηγδν
2705 5643 2811 5701 ὀὖν
2845 5646 3054 5712 ἀξιοῦσι
3099 5650 3286 5709 λαϐεῖν
3314 5649 3404 5702 τὸν
3433 5648 3674 5716 ἁγρότην
3726 5648 3836 5712 τῆς

2252 5741 2372 5795 ὀδοῦ
2402 5741 2494 5795 καὶ
2526 5738 2773 5794 πείθουσι
2797 5739 3096 5811 χρημάτων
3127 5740 3477 5812 ὑποσχέσεσι.
3509 5738 3708 5793 Νύκτα
3727 5733 3835 5790 οὖν
