4088 6208
404 218 502 285 121

1602 224 2153 292 ἩῘΞΤΟΒῙΑΒΠΜ
2191 236 2342 295 LIB.
2381 237 2464 301 Ιῐ.

3543 238 3649 305 122

401 337 893 408 παρατηρήσαντες
959 337 1177 425 ἀφεγγῆ
1224 339 1317 394 καὶ
1377 340 1649 412 ἀσέληνον
1716 346 1812 396 καὶ
1870 343 1971 412 τὴν

2079 347 2294 415 quidem
2331 349 2692 405 condixernnt
2738 349 2804 405 ad
2855 352 3061 407 certum
3093 357 3245 406 extra
3283 348 3641 410 munitionem

402 430 589 483 κλεῖδα
625 430 722 498 τῆς
766 427 942 499 πύλης
994 430 1406 501 ύποκλέψαντες
1445 433 1534 487 τὸν
1580 433 1680 504 μὲν
1731 435 1974 507 ἀγρότην

401 522 511 583 ἔξω
538 523 728 575 είασαν
754 521 849 575 τοῦ
869 521 1160 593 ἐρύματος,
1179 525 1648 594 παραγγείλαντες
1680 527 1755 598 μὴ
1784 528 1976 599 πόρρω

396 611 504 678 τῆς
529 609 704 681 πύλης
734 613 1043 683 καταίρειν,
1071 612 1225 666 αὐτοὶ⁸
1255 614 1312 667 δὲ
1351 614 1501 668 ενδον
1546 616 1695 680 ὄντες
1731 618 1974 687 παρετή-

400 718 532 769 ρουν
560 702 687 764 τοὺς
717 702 984 771 φύλακας.
1025 705 1181 759 Ἐπεὶ
1207 705 1266 759 δὲ
1294 706 1394 777 ἥδη
1412 706 1771 775 ἀφύπνωττον
1801 708 1976 762 ἀπανο

396 791 569 856 τες,δ
596 791 692 844 τοῦ
742 793 1124 864 πρεσϐυτέρου
1189 795 1299 847 τῶν
1361 796 1570 850 παίδων
1623 797 1975 866 παιδαγωγὸς

396 881 495 934 τοῦ
560 884 915 951 χαριεστάτου
967 886 1191 957 Μιχαὴλ
1251 886 1444 958 (ὄνομα
1503 887 1584 957 τῷ
1641 889 1975 960 παιδαγωγῷ

400 972 734 1036 Λεοντάκιος
766 968 883 1043 ἦν),
928 975 1070 1047 ἀνὴρ
1101 977 1363 1048 ἐκτομίας
1407 980 1504 1032 καὶ
1531 980 1971 1050 νουνεχέστατος,

395 1062 670 1131 ἀφύπνιζέ
717 1081 781 1118 τε
844 1054 938 1119 τὸν
972 1068 1139 1122 παῖδα
1187 1072 1283 1122 καὶ
1322 1073 1384 1123 τδ
1412 1071 1599 1141 δρᾶμα
1633 1072 1971 1142 ἀπήγγελλε,

398 1157 501 1223 τὴν
555 1155 732 1225 πύλην
786 1158 1050 1230 πρότερον
1110 1161 1347 1227 ἀνοίξας.
1412 1162 1637 1230 Ἐξῆγεν
1678 1180 1773 1216 ουν
1814 1162 1974 1227 εὐθὺς

407 1248 624 1301 ἐκεῖνον
674 1248 769 1300 καὶ
833 1250 1136 1319 παρηγγύα
1192 1251 1407 1323 θατέρῳ
1446 1255 1557 1307 τῶν
1609 1253 1973 1321 παιδαγωγῶν

402 1337 750 1391 ἐπισπεύδειν
763 1340 864 1409 τὴν
882 1342 977 1394 τοῦ
1010 1342 1199 1411 ἑτέρου
1228 1343 1526 1411 ἀφύπνισίν
1553 1361 1612 1397 τε
1646 1345 1740 1397 καὶ
1773 1345 1972 1410 ἔξοδον.

413 1428 476 1481 '0
504 1428 559 1480 δὲ
593 1427 825 1483 ἔσπευσε
859 1432 979 1500 μὲν,
1017 1433 1301 1504 ἐδυστύχει
1328 1434 1387 1487 δὲ
1419 1436 1598 1505 ὅμωςο
1640 1439 1700 1488 ὲν
1727 1437 1838 1506 ὅσῳ
1866 1437 1976 1508 γὰρ

401 1518 599 1590 κατῄει
627 1520 800 1589 ψόφος
835 1538 919 1586 τις
954 1524 1083 1594 περ)⁸
1116 1523 1216 1595 τὴν
1256 1525 1501 1596 κλίμακα
1530 1526 1745 1594 γέγονε,
1786 1528 1880 1581 καὶ
1924 1529 1974 1582 οἱ

399 1609 646 1677 φύλακες
690 1610 785 1664 τοῦ
820 1611 994 1682 ψόφου
1039 1615 1351 1685 αἰσθόμενοι
1379 1617 1667 1687 ἀνεπήδων
1695 1619 1790 1672 καὶ
1824 1620 1974 1682 ὅστις

2076 437 2276 501 locum,
2308 432 2678 509 praecipientes
2707 455 2776 496 ne
2812 440 3044 496 multum
3087 455 3120 496 a
3151 448 3308 511 porta
3376 440 3641 497 abscede-

2075 541 2178 584 ret.
2216 531 2323 601 Ipsi
2356 548 2485 588 vero
2510 533 2656 588 intus
2677 534 2933 589 custodes
2981 533 3367 589 observabant.
3399 530 3504 599 Qui
3550 532 3643 588 ubi

2074 636 2171 691 per
2209 627 2421 677 net-tem
2450 621 2769 676 concubiam
2792 622 3135 677 obdormisse
3155 622 3256 677 visi
3282 631 3412 676 sunt
3437 623 3643 690 cuncti,

2072 710 2398 781 paedagogus
2454 711 2685 779 majoris
2750 720 2880 766 natu
2939 727 3233 781 puerorum
3278 712 3642 769 .festivissimi

2074 802 2370 867 Michaelis,
2426 803 2713 858 eunuchus
2769 805 2937 857 homo
2992 803 3485 872 prudentissimus,
3547 819 3647 857 no.

2075 896 2220 950 mine
2243 895 2590 958 Leontacius,
2613 895 2868 950 excitavit
2895 908 3124 963 puerum
3148 904 3202 949 et
3234 909 3347 948 rem
3373 895 3647 964 composi-

2073 994 2186 1041 tam
2228 986 2510 1041 indicavit.
2546 983 2662 1041 Mox
2698 993 2856 1054 porta
2907 993 3146 1039 reserata
3181 984 3370 1038 eduxit
3404 999 3469 1038 ex
3519 998 3646 1038 arce

2073 1078 2225 1148 prius
2263 1076 2541 1132 admonito
2570 1077 2860 1145 paedagogo
2911 1075 3106 1138 altero,
3164 1085 3225 1130 ut
3253 1084 3308 1129 et
3335 1076 3452 1143 ipse
3480 1088 3643 1129 suum

2072 1169 2354 1223 alumnum
2384 1166 2820 1235 expergefactum
2838 1166 3114 1222 educeret.
3128 1165 3428 1221 Festinavit
3451 1166 3497 1221 is
3527 1166 3647 1235 qui-

2072 1261 2197 1315 dem
2222 1274 2403 1329 agere,
2433 1259 2527 1314 sed
2587 1257 2792 1312 infelici
2847 1272 3131 1313 successu.
3167 1256 3306 1311 Cum
3350 1257 3496 1312 enim
3546 1256 3645 1311 de—

2073 1347 2374 1412 scenderet,
2426 1346 2613 1401 nescio
2654 1346 2785 1415 quid
2817 1347 3078 1416 strepitus
3127 1345 3390 1400 acutioris
3415 1360 3448 1399 e
3498 1345 3647 1399 scala

2073 1440 2405 1506 sunuit,quo
2432 1438 2688 1493 custodes
2715 1438 2899 1492 audito
2922 1437 3186 1492 exsiliunt
3218 1445 3270 1491 et
3296 1445 3648 1491 accurrentes

2073 1532 2204 1602 quid
2258 1530 2335 1587 sit
2365 1529 2678 1599 explorant.
2706 1527 2804 1584 llis
2839 1529 2930 1583 ille
2973 1527 3350 1598 deprehensus
3396 1525 3647 1597 praesenti

2074 1623 2258 1677 animo
2302 1635 2529 1691 puerum
2562 1619 2723 1675 offert
2748 1619 3049 1683 mittendae,
3102 1626 3165 1672 ut
3214 1616 3414 1680 aiebat,
3470 1616 3647 1670 urinae

404 1702 491 1771 ᾔει
542 1702 875 1772 ἀνηρεύνων.
917 1704 976 1757 Ὀ
1008 1705 1064 1759 δὲ
1109 1705 1396 1776 προλαϐὼν
1434 1707 1615 1778 ἵστησι
1659 1708 1750 1761 τὸν
1804 1708 1972 1762 παῖδα

2079 1690 2338 1769 duntaxat
2369 1726 2535 1769 causa
2577 1711 2833 1766 cubiculo
2873 1724 3181 1781 egressum.
3231 1706 3335 1763 Sed
3368 1706 3444 1762 illi
3475 1707 3647 1763 semel

394 1790 475 1854 ὡς
505 1791 665 1861 οὖρον
702 1794 981 1864 ἐκχέοντα.
1026 1796 1168 1849 Ἀλλ’
1191 1797 1343 1865 ὅμως
1372 1799 1571 1851 ἐκεῖνοι
1607 1800 1971 1869 περιεργότε-

403 1900 499 1949 ρον
527 1883 752 1951 ἐζήτουν
808 1888 901 1938 καὶ
929 1886 997 1940 τὰ
1025 1888 1152 1955 περὶ
1182 1887 1276 1940 τοῦ
1333 1888 1554 1958 Μιχαὴλ
1587 1888 1972 1945 ἐπυνθάνοντο.

414 1976 713 2042 Ἀπογνοὺς
741 1974 836 2031 οὖν
871 1978 900 2030 ὁ
942 1978 1098 2042 ἐντὸς
1126 1978 1329 2046 διάγων
1358 1979 1705 2048 παιδαγωγὸς
1734 1981 1829 2035 καὶ
1860 1981 1973 2034 δείο

404 2080 506 2127 σας
543 2064 618 2135 μὴ
660 2063 811 2135 ἁλῴη
845 2066 874 2118 δ
914 2064 1297 2134 διαπεφευγὼς
1342 2066 1446 2136 ἤδη
1482 2068 1831 2137 γεγωνοτέρᾳ
1854 2066 1976 2119 ὲκέο

403 2171 575 2224 χρητο
621 2158 680 2209 ἐν
730 2159 852 2219 ταῖς
894 2158 1222 2226 ἀποκρίσεσι
1251 2159 1318 2228 τῇ
1354 2160 1529 2228 φωνῇ.
1562 2157 1888 2226 Δίσθόμενοι
1918 2158 1975 2210 δὲ

402 2245 506 2315 τῆς
553 2249 801 2318 ταραχῆς
834 2249 882 2301 οἱ
922 2240 1027 2313 ἔξω
1061 2248 1238 2315 ὄντες,
1281 2249 1311 2303 ὃ
1347 2266 1407 2302 τε
1445 2249 1792 2318 παιδαγωγὸς
1830 2250 1923 2303 καὶ
1948 2251 1977 2302 ό

406 2337 547 2407 πρὸς
589 2339 685 2407 τὴν
716 2339 1093 2409 ὁδὸν-ὁδηγδς,
1131 2339 1283 2393 ἔθεον
1330 2340 1406 2403 ώς
1451 2334 1554 2393 οἷοί
1609 2357 1670 2393 τε
1719 2337 1859 2411 ἦσαν
1886 2341 1977 2394 τὸν

404 2432 573 2485 παῖδα
600 2430 908 2500 ὲπωμάδιον
942 2431 1198 2502 φέροντες
1227 2431 1489 2498 ἐναλλάξ·
1522 2434 1617 2486 καὶ
1641 2435 1751 2503 γὰρ
1784 2429 1853 2503 ἦν
1883 2450 1977 2486 κο-

406 2524 538 2595 μιδῇ
587 2522 728 2585 νέος.
758 2524 821 2577 Οἱ
854 2524 952 2593 μὲν
984 2523 1077 2577 οὖν
1106 2524 1360 2594 ἔφευγον,
1395 2526 1442 2577 οξ
1469 2525 1525 2578 δὲ
1557 2524 1797 2593 φύλακες
1822 2524 1975 2594 φῶτα

406 2612 574 2683 ᾔτουν
624 2612 718 2667 καὶ
783 2613 920 2685 πρὸς
976 2612 1073 2684 τὴν
1118 2613 1295 2668 οἰκίαν
1335 2614 1592 2685 ἀνῄεσαν,
1633 2614 1762 2667 ἔνθα
1790 2616 1841 2668 οἱ
1868 2614 1978 2668 τῶν

408 2705 620 2759 παίδων
651 2705 965 2759 κατέκειντο
996 2704 1319 2775 σκίμποδες.
1358 2705 1514 2758 Ἐπεὶ
1534 2704 1593 2758 δὲ
1620 2704 1775 2759 κενὸν
1804 2705 1974 2759 ἐθεώ-

410 2816 542 2869 ρουν
571 2798 666 2851 τοῦ
696 2799 1015 2867 διαδράντος
1055 2799 1149 2852 τὶν
1178 2796 1472 2866 σκίμποδα,
1516 2797 1679 2861 εὐθὺς
1724 2796 1801 2861 ὡς
1832 2794 1978 2868 εἶχεν

406 2892 640 2953 ἕκαστος
696 2889 894 2943 ἔτυπτε
954 2888 1047 2943 τὸν
1103 2888 1452 2956 παιδαγωγὸν
1478 2928 1494 2950 .
1545 2888 1642 2941 καὶ
1676 2888 1977 2960 ἐπηρώτων

412 2984 707 3054 μανθάνειν
745 2982 773 3035 ὃ
818 3000 871 3037 τι
906 2982 1001 3037 καὶ⁹
1021 2982 1236 3051 γένοιτο
1265 2980 1327 3034 τὸ
1356 2979 1569 3033 παιδίον
1601 2978 1696 3043 ξὺν
1734 2980 1815 3050 τῷ
1848 2974 1978 3035 παι-

408 3075 665 3147 δαγωγῷ.
711 3074 770 3128 '0
813 3074 871 3127 δὲ
906 3074 1071 3145 ἔφερέ
1099 3088 1160 3126 τε
1192 3070 1290 3135 τάς
1319 3070 1535 3141 πληγὰς
1583 3070 1843 3137 γενναίως
1884 3070 1981 3124 καὶ
2006 3058 2047 3078 υ

409 3169 567 3222 οὐδὲν
595 3168 705 3220 τῶν
727 3165 1115 3237 βουλευμάτων
1165 3163 1524 3234 ἀπήγγειλεν.
1582 3163 1677 3226 Ἐς
1727 3163 1982 3217 τοσοῦτον

408 3260 457 3313 δ’
489 3260 754 3330 ἀπηνείας
788 3258 1061 3329 προῆλθον
1090 3258 1142 3310 οἱ
1171 3256 1441 3327 βάρϐαροι
1470 3256 1547 3319 ώς
1581 3256 1675 3309 καὶ
1716 3254 1787 3307 τά
1817 3255 1983 3322 σκέλη

408 3351 604 3406 τούτου
653 3350 1026 3405 καταθλάσθαι
1057 3350 1331 3419 ῥοπάλοις.
1377 3349 1488 3400 Καὶ
1516 3341 1584 3415 ἦν
1620 3345 1746 3398 ἰδεῖν
1777 3345 1983 3412 ὑπομο-

409 3446 511 3514 νὴν
548 3444 741 3511 ἀνδρὸς
774 3442 1050 3510 ὲκτομίου,
1082 3438 1344 3501 ἀσθενοῦς
1377 3438 1476 3507 μὲν
1492 3437 1569 3505 τῷ
1598 3435 1836 3504 σώματι,
1861 3450 1986 3501 γεν-

410 3537 566 3585 ναῖον
604 3532 682 3593 δὲ,
711 3530 787 3591 ὡς
813 3528 1000 3594 ἐδειξε,
1028 3529 1128 3596 τὴν
1160 3528 1370 3596 ψυχὴν,
1408 3525 1654 3578 ἐπαίνων
1683 3523 1842 3589 ἀξίαν
1894 3522 1988 3576 καὶ

412 3623 579 3691 λόγου
609 3621 916 3688 κρείττονα.
954 3618 1310 3687 Ἀπογνόντες
1340 3613 1435 3670 οὖν
1473 3618 1521 3669 οἱ
1544 3615 1832 3686 Βάρϐαροι
1859 3615 1986 3679 τούς

412 3734 477 3768 τε
510 3716 719 3775 ἵππους,
742 3709 1070 3781 ηύτρέπιζον
1102 3712 1196 3763 καὶ
1235 3709 1359 3769 τοὺς
1387 3706 1682 3772 διώξοντας
1710 3706 1983 3775 ἔπεμπον.

413 3807 559 3861 Ἀλλ’
583 3806 633 3858 οἱ
666 3804 765 3874 μὲν
793 3803 956 3867 οὓτω,
977 3801 1006 3853 ό
1031 3801 1090 3855 δὲ
1113 3801 1276 3863 καλὸς
1312 3800 1524 3869 ὁδηγὺς,
1553 3797 1746 3870 ὁδηγὸν
1780 3796 1868 3870 [Ρ.
1892 3797 1984 3870 55]

415 3902 598 3969 φέρων
640 3896 717 3961 ὡς
763 3896 906 3950 ἔοικε
937 3896 1029 3948 τὸν
1080 3893 1216 3947 ὡσεὶ
1245 3892 1519 3963 πρόϐατον
1557 3891 1853 3962 ὁδηγοῦντα
1894 3891 1986 3945 τὸν

427 3989 647 4057 Ἰωσὴφ,
680 3987 771 4039 τὸν
791 3985 910 4038 νέον
931 3983 1112 4039 λαϐὼν
1156 3982 1352 4052 Ἰωσὴφ
1383 3981 1500 4051 ἅμα
1530 3980 1609 4051 τῷ
1630 3982 1987 4051 νουνεχεστά-

415 4097 496 4150 τῳ
529 4077 861 4147 παιδαγωγῷ
893 4077 1080 4148 πόρρω
1108 4076 1377 4129 ἀπένευσε
1408 4077 1505 4145 τῆς
1544 4074 1688 4139 ὁδοῦ,
1724 4078 1820 4127 καὶ
1853 4075 1990 4144 πρός

416 4190 474 4226 τι
521 4172 645 4239 ὅρος
704 4170 1006 4242 συνηρεφὲς
1044 4169 1287 4230 ἀνιόντες
1324 4168 1449 4231 τοὺς
1477 4166 1774 4231 διώκοντας
1821 4183 1986 4220 κατε-

422 4264 679 4325 σκῧπουν,
730 4259 965 4331 ὁρῶντες
1015 4259 1137 4328 μὲν,
1170 4258 1269 4328 οὐχ
1318 4256 1586 4329 ὁρώμενοι
1632 4258 1711 4311 δέ.
1752 4256 1904 4310 Ἐπεὶ
1946 4255 1991 4309 δ’

2076 1807 2130 1861 in
2152 1805 2517 1875 suspicionem
2565 1803 2695 1857 moti
2737 1801 3011 1857 curiosius
3044 1800 3114 1854 de
3152 1799 3367 1855 cunctis
3398 1797 3645 1866 inquire-

2074 1900 2206 1954 bant
2224 1906 2281 1953 et
2299 1897 2365 1952 de
2397 1895 2659 1951 Michaele
2695 1893 3179 1963 percontabantur.
3220 1890 3647 1946 Perturbabatur

2075 2006 2138 2046 ea
2198 1988 2472 2043 mentione
2522 1986 2844 2056 pmdagogns
2872 1984 2966 2054 qui
3018 1984 3165 2045 intus
3197 1989 3539 2038 remanserat
3591 1987 3648 2033 et

2077 2088 2326 2134 metuens
2375 2092 2445 2132 ne
2504 2074 2870 2130 retraheretur
2906 2073 2999 2141 qui
3035 2073 3149 2142 jam
3180 2083 3446 2137 evasera',
3486 2072 3649 2141 paulo

2077 2170 2259 2223 altiori
2291 2169 2344 2221 in
2376 2162 2825 2234 responsionibtts
2854 2177 2988 2217 voce
3019 2162 3298 2226 utebatur,
3342 2176 3452 2230 quo
3494 2161 3648 2216 scili-

2078 2268 2163 2314 eet
2198 2257 2459 2313 admoniti
2491 2269 2629 2311 sono
2654 2254 2746 2322 qni
2784 2252 2918 2308 foris
2937 2261 3095 2307 erant
3121 2267 3181 2307 se
3209 2252 3263 2306 in
3301 2260 3484 2306 tntum
3518 2252 3651 2306 sub-

2077 2351 2356 2405 ducerent.
2398 2346 2453 2402 ld
2485 2346 2630 2416 quod
2666 2344 2775 2415 79
2805 2344 2877 2398 ita
2911 2344 3114 2397 evenit.
3141 2342 3273 2397 Nam
3306 2357 3430 2396 cum
3465 2341 3650 2411 paeda-

2077 2455 2247 2512 gogus
2276 2449 2329 2493 et
2357 2438 2597 2493 rusticus
2625 2436 2723 2489 vite
2757 2433 2866 2489 dux
2904 2433 3297 2488 intellexissent
3341 2432 3647 2501 deprehen-

2077 2548 2194 2588 sam
2228 2545 2363 2596 rem,
2421 2542 2650 2599 puerttm
2695 2523 2923 2580 alternis
2953 2523 3006 2576 in
3056 2523 3316 2579 humeros
3370 2522 3648 2577 sublatum

2078 2623 2216 2695 (erat
2276 2621 2421 2676 enim
2452 2617 2745 2674 tenerrima
2788 2615 2968 2670 adhuc
3001 2616 3193 2682 aetate)
3238 2627 3402 2682 quam
3442 2611 3647 2680 longis-

2079 2714 2218 2771 sime
2271 2720 2659 2783 procurrentes
2695 2717 3070 2780 asportaruut.
3125 2704 3347 2761 Interim
3394 2703 3651 2761 custodes

2080 2807 2312 2880 quaesito
2366 2805 2574 2860 lumine
2624 2803 2886 2858 conclave
2938 2800 3180 2862 adeunt.
3235 2798 3290 2851 t'n
3324 2810 3432 2866 quo
3471 2795 3651 2851 lectuli

2080 2913 2372 2972 puerorum
2423 2902 2604 2959 erant,
2638 2908 2704 2949 ac
2770 2892 2862 2948 ubi
2915 2890 3036 2962 ejus
3084 2889 3177 2959 qui
3230 2888 3439 2943 abierat
3475 2885 3654 2942 cubile

2082 3004 2314 3047 vacuum
2344 2988 2620 3051 viderunt,
2652 2984 2707 3039 in
2744 2983 3004 3038 miserum
3050 2979 3399 3051 paedagogum
3457 2990 3560 3046 pro
3594 2989 3655 3029 se

2082 3083 2317 3152 quisque
2341 3079 2588 3135 insiliunt
2617 3090 2682 3131 ac
2697 3074 2894 3145 pugnis
2922 3088 3048 3128 eum
3094 3070 3442 3138 fustibusque
3474 3082 3574 3138 pro
3596 3079 3656 3119 se

2084 3170 2319 3240 quisque
2349 3166 2746 3222 contundentes
2785 3164 2967 3218 dicere
2988 3162 3278 3231 iubebant,
3306 3158 3437 3229 quid
3476 3158 3543 3213 de
3574 3156 3657 3210 al-

2086 3272 2201 3315 tero
2228 3274 2400 3327 puero
2454 3257 2685 3326 ejusque
2741 3254 3036 3325 paedagogo
3084 3250 3286 3305 factum
3335 3258 3498 3304 esset.
3566 3248 3658 3302 Ille

2086 3365 2214 3406 vero
2240 3350 2451 3404 fortiter
2479 3347 2668 3416 plagas
2700 3344 2965 3399 tolerabat
2992 3354 3092 3396 nec
3120 3340 3294 3393 ullum
3326 3347 3506 3392 tamen
3538 3339 3658 3392 initi

2088 3439 2300 3495 consilii
2334 3438 2462 3492 fecit
2490 3436 2777 3490 indicium.
2805 3434 2864 3487 lu
2891 3440 3103 3486 tantum
3131 3437 3312 3483 autem
3350 3429 3663 3483 immanita-

2092 3532 2162 3585 tis
2200 3528 2438 3600 provecti
2475 3535 2603 3581 sunt
2623 3523 2871 3587 Barbari,
2912 3529 2973 3575 ut
3001 3520 3163 3575 etiam
3197 3533 3356 3574 crura
3386 3518 3664 3587 stipitibus

2089 3625 2291 3679 misero
2318 3619 2744 3691 confringerent.
2780 3616 2840 3671 ln
2869 3629 2978 3686 quo
3008 3613 3145 3667 mira
3194 3610 3407 3667 exstitit
3446 3611 3660 3679 patien-

2089 3715 2163 3769 tia
2223 3712 2413 3767 evirati
2476 3707 2735 3771 masculi,
2787 3717 3017 3775 corpore
3068 3700 3289 3771 quidem
3351 3699 3552 3754 inﬁrmi
3608 3707 3666 3753 at

2088 3802 2246 3858 fortis
2285 3801 2487 3863 animo,
2522 3806 2583 3851 ut
2634 3795 2895 3866 praeclare
2956 3790 3228 3863 probavit,
3290 3790 3449 3858 cujus
3503 3788 3662 3844 fidem

2087 3896 2454 3962 virtutemque
2492 3889 2638 3944 nulla
2692 3889 2828 3943 satis
2855 3884 3035 3941 oratio
3079 3881 3404 3938 laudaverit.
3459 3880 3664 3948 Despe-

2090 3998 2207 4042 rata
2251 3986 2417 4054 igitur
2446 3998 2510 4036 ex
2560 3979 2909 4035 confessione
2953 3971 3396 4045 pertinacissime
3454 3970 3667 4027 silentis

2089 4079 2166 4133 rei
2204 4074 2516 4145 cognitione
2544 4069 2771 4123 Barbari
2803 4080 2979 4137 equos
3013 4063 3316 4134 expediunt
3358 4070 3413 4117 et
3452 4061 3544 4129 qui
3577 4075 3668 4116 re-

2093 4168 2308 4226 trahant
2342 4162 2595 4234 fugitivos
2628 4160 2870 4214 mittunt.
2901 4156 3040 4209 Dum
3069 4156 3181 4208 haec
3209 4162 3491 4224 geruntur,
3527 4152 3667 4206 fidus

2093 4261 2191 4313 via!
2212 4258 2428 4318 ductor,
2473 4267 2598 4305 eum
2630 4248 2898 4310 imitatus,
2936 4244 3029 4315 qui
3079 4242 3300 4298 deducit
3328 4242 3475 4297 velut
3509 4254 3665 4295 ovem

420 4356 620 4406 ἐκεῖνοι
644 4352 736 4405 τὸν
762 4351 989 4420 Σόφωνα
1025 4349 1367 4420 ὑπερϐάντες
1413 4348 1508 4401 καὶ
1555 4349 1716 4418 μέχρι
1744 4349 1853 4399 τῶν
1890 4347 1979 4416 τῆς

2093 4348 2317 4418 Ioseph.
2346 4342 2663 4399 Michaelem
2694 4352 2925 4408 puerum
2960 4351 3159 4391 novum
3186 4333 3387 4404 Joseph
3426 4331 3671 4387 humeris

422 4444 768 4514 Νικομήδους
816 4442 1043 4511 τεμπῶν
1079 4441 1358 4509 γενόμενοι
1389 4441 1819 4508 ὲπανὲστρεφον,
1854 4438 1979 4491 ίδόν-

2095 4443 2455 4513 itnpositutn,
2524 4428 2956 4503 prudentissimo
3012 4435 3276 4495 sequente
3331 4422 3669 4514 paedagogo,

421 4555 512 4600 τες
562 4537 786 4598 τούτους
841 4530 1301 4595 παλινοστοῦντας
1340 4532 1390 4583 οξ
1442 4530 1738 4600 φεύγοντες
1770 4531 1979 4601 ἐξῆλθοπ

2094 4507 2257 4597 longe
2287 4541 2316 4579 a
2360 4523 2444 4576 via
2478 4518 2703 4575 militari
2749 4516 2803 4571 in
2846 4526 3086 4571 montem
3124 4512 3412 4581 quemdam
3461 4507 3671 4563 frondi-

423 4598 617 4691 νυκτὸς
669 4625 733 4678 ἐκ
772 4624 879 4677 τῶν
932 4622 1099 4694 ὁρῶν,
1150 4623 1249 4674 καὶ
1309 4620 1412 4691 ἤδη
1457 4598 1751 4688 μειδιώσης
1786 4598 1979 4691 ἡμέρας

2098 4620 2199 4672 bus
2236 4613 2638 4680 fruticibusque
2685 4608 3020 4663 latebrosum
3073 4600 3350 4663 subducit,
3379 4599 3523 4653 unde
3548 4598 3670 4653 terti

423 4721 523 4791 τὴν
553 4719 897 4790 Νικομήδους
933 4716 1253 4779 κατέλαϐον,
1283 4713 1379 4768 καὶ
1407 4711 1550 4766 οὕτω
1591 4713 1788 4781 συνέϐη
1819 4714 1979 4784 σωθῆ-

2099 4710 2205 4779 ipsi
2245 4707 2458 4775 tutique
2484 4701 2768 4771 explorare
2806 4714 2958 4758 mox.
2992 4705 3050 4751 ut
3091 4690 3519 4763 augurabantur,
3554 4687 3672 4741 exi-

429 4829 517 4864 ναι
542 4813 634 4863 τὸν
654 4810 751 4863 ’ἐνα
778 4809 887 4863 τῶν
911 4806 1295 4877 ὁμηρευόντων
1320 4806 1558 4873 ἐκγόνων
1578 4803 1670 4855 τοῦ
1694 4803 1979 4874 Καίσαρος.

2103 4776 2255 4854 turos
2283 4795 2424 4866 fugae
2458 4791 2880 4861 reprehensores
2923 4792 3168 4856 possent.
3196 4779 3394 4834 Vident
3423 4776 3546 4830 illos
3569 4776 3671 4844 ipsi

442 4900 602 4953 Ἀλλά
630 4898 804 4953 ταῦτα
835 4898 933 4968 μὲν
963 4897 1213 4965 ὕστερον.

2104 4907 2211 4946 non
2247 4888 2371 4949 visi.
2397 4896 2558 4954 atque
2590 4883 2678 4937 ubi
2709 4879 2949 4943 eosdem,
2983 4874 3186 4929 frustra
3210 4873 3466 4943 Sophene
3491 4876 3676 4922 monte

427 5002 708 5064 superato,
758 5005 934 5059 usque
966 4988 1031 5044 ad
1064 4989 1228 5043 valles
1271 4984 1611 5041 Nicomedia:
1675 4984 1884 5039 vicinas
1940 4996 2264 5053 progressos
2329 4980 2734 5044 conspexerunt
2788 4969 2975 5023 irritos
3023 4965 3137 5034 spei
3179 4968 3534 5064 revertentes.
3575 4956 3676 5025 ipsi

427 5103 544 5147 tum
577 5106 669 5160 per
698 5097 912 5143 noctem
949 5099 1240 5139 nemoroso
1272 5080 1505 5151 dign-ssi
1538 5079 1736 5133 vertice
1780 5077 1883 5131 sub
1948 5074 2247 5129 diluculum
2307 5066 2678 5123 Nicomediam
2708 5062 2820 5134 80
2874 5066 3185 5113 tenuerunt.
3264 5054 3353 5110 Sic
3380 5052 3520 5109 elabi
3550 5065 3667 5109 corr

428 5182 550 5251 tigit
584 5196 753 5235 unum
805 5194 868 5232 ex
912 5176 1199 5232 obsidibus
1242 5175 1536 5246 nepotibus
1588 5174 1840 5229 Caesaris.
1899 5172 2003 5229 Sed
2043 5171 2160 5225 haec
2211 5175 2420 5236 postea.

500 5237 587 5342 ιζ’.
631 5276 691 5329 '0
717 5274 774 5327 δὲ
803 5272 1056 5343 βασιλεὺς
1094 5237 1329 5341 Μιχαὴλ·
1350 5270 1536 5340 ἐπειδὴ
1569 5268 1875 5339 μεμαθήκει
1900 5267 1979 5337 τὴε

2174 5264 2260 5318 l7.
2292 5263 2559 5317 Cmterum
2595 5257 2891 5325 imperator
2946 5244 3172 5301 Michael
3210 5249 3498 5315 postquam
3540 5237 3681 5294 did't-

429 5370 525 5422 :ut’:
582 5366 880 5437 Ρωμαῖκοῦ
940 5363 1351 5437 στρατεύματος
1381 5360 1552 5434 ἧτταν
1599 5362 1695 5415 καὶ
1729 5361 1803 5424 ώς
1832 5359 1976 5414 ἑάλω

2101 5358 2178 5411 cit
2201 5354 2428 5409 Romani
2451 5348 2729 5405 exercitus
2748 5342 2979 5406 cladem,
3004 5347 3227 5410 captum.
3249 5345 3501 5407 patruum
3523 5345 3682 5389 suum

432 5480 528 5515 σαν
577 5462 750 5531 ἄμφω
783 5460 813 5513 ὃ
861 5475 917 5511 τε
968 5457 1111 5519 θεῖος
1167 5458 1387 5525 Καῖσαρ
1417 5457 1512 5509 καὶ
1533 5458 1561 5509 ὁ
1595 5453 1782 5508 τούτου
1811 5452 1948 5515 υἱὸς,
1975 5477 1979 5491 ‹

2104 5450 2371 5502 Caesarem
2405 5453 2459 5496 et
2485 5442 2606 5511 ejus
2644 5437 2814 5492 filium
2840 5432 3118 5489 exercitus
3147 5429 3426 5484 ductorem
3463 5424 3681 5479 Andro-

432 5553 538 5605 τῶν
574 5551 1005 5622 στρατευμάτων
1037 5547 1329 5615 κατάρχων
1367 5547 1723 5617 Ἀνδρόνικος,
1758 5546 1977 5615 φροντίο

2104 5542 2311 5597 nicum,
2346 5536 2494 5589 ruris
2553 5528 2809 5586 maximis
2836 5524 3272 5582 conﬂictabatur.
3310 5520 3678 5573 Accorsitum-

434 5643 717 5716 μεγίσταις
765 5641 1020 5697 ἐϐάλλετο
1053 5681 1067 5707 ,
1110 5638 1205 5690 καὶ
1258 5638 1348 5691 τὸν
1390 5639 1558 5693 δοῦκα
1617 5637 1979 5691 μετεπέμπετι

2104 5646 2210 5691 nuc
2247 5629 2440 5684 durem
2484 5620 2902 5682 Constantinum
2936 5618 3189 5673 ultimum
3219 5612 3451 5668 filiorum
3500 5605 3681 5660 Caesa-
