4088 6208
431 237 537 306 123

1634 243 2057 306 NICEPHORI
2097 245 2404 308 BRYENN
2415 245 2472 305 ΙΙ

3574 235 3677 304 Ῑὲέ

432 358 531 416 ris.
578 352 737 431 cujus
797 360 958 407 antea
1008 351 1398 416 meminimus,
1435 352 1613 408 virum
1658 355 1911 410 audentis
1955 364 2010 409 et

2119 355 2519 408 Κωνσταντῖνον
2551 350 2642 406 τδν
2673 349 2907 405 ὑστατον
2938 350 3044 405 τῶν
3071 349 3233 404 υἱέων
3252 348 3347 404 τοῦ
3376 348 3687 426 Καίσαρος,

434 445 596 501 fortis
627 443 817 506 animi.
853 444 1107 513 trajicere
1135 443 1425 499 confestim
1453 437 1839 514 Propontidem
1878 446 2009 515 'jns-

433 535 508 588 sit
526 538 581 586 ct
610 531 888 598 reliquias,
907 532 954 587 si
986 546 1128 602 quas
1147 541 1354 602 posset,
1375 532 1538 587 deleti
1565 534 1836 588 exercitus
1856 533 2010 588 colli-

2110 438 2171 499 οὗ
2198 443 2433 514 πρόσθεν
2480 445 2508 496 ὁ
2550 442 2708 510 λόγος
2755 440 3024 512 ἐμνήσθη,
3057 442 3227 512 ἄνδρα
3274 441 3548 514 τολμηρὸν
3591 446 3688 500 καὶ

2109 537 2379 603 γενναῖον,
2412 534 2504 588 καὶ
2529 535 2794 606 διαπερᾷν
2830 534 2932 604 τὴν
2963 532 3301 603 Προποντίδα
3334 534 3558 589 ἐκέλευε
3586 538 3683 592 καὶ

434 638 589 693 gere.
618 622 1206 693 lHeimpatientissime
1233 623 1412 679 ferens
1441 639 1562 694 qua:
1582 625 1723 695 patri
1745 623 2011 694 fratrique

2119 626 2172 679 ιδ
2204 626 2506 698 περισωθὲν
2539 627 2602 680 ἐκ
2630 626 2730 695 τῆς
2772 624 2952 696 μάχης
2983 623 3076 678 τοῦ
3108 625 3518 696 στρατεύματος
3553 628 3686 682 ἀνα-

433 715 796 784 cnntigerant,
845 712 1111 770 fremebat
1138 722 1196 768 ut
1238 714 1324 769 leo
1355 714 1802 786 signiﬁcabatque
1843 715 2009 787 perli-

434 805 629 859 benter
656 819 715 859 se
745 804 811 860 ad
843 806 950 860 tale
981 805 1258 877 negotium
1290 805 1520 876 accingi.
1561 805 1809 862 Salutate
1846 807 2012 877 igitur

426 910 657 960 vespere
682 896 1007 966 imperatore
1025 898 1250 951 domum
1277 898 1935 969 recessitcomparaturus
1952 913 2014 954 se

432 987 503 1040 ad
535 987 659 1041 iter.
702 987 810 1043 Sed
843 1004 970 1043 eum
1019 989 1306 1044 invadente
1354 989 1499 1045 circa
1533 997 1747 1045 noctem
1778 989 2010 1046 mediam

437 1077 628 1133 dolore
687 1079 872 1132 subito
938 1079 1108 1149 ignoti
1155 1079 1442 1150 cujusdam
1496 1080 1801 1152 languoris,
1832 1080 2014 1137 vocati

430 1169 699 1223 continuo
749 1169 1086 1224 medicorum
1126 1171 1319 1240 optimi
1371 1171 1510 1226 nihil
1556 1173 1816 1229 omnibus
1880 1173 2014 1230 artis

435 1258 695 1313 remediis
729 1259 922 1328 juvare
979 1257 1321 1315 laborantem
1358 1270 1653 1330 potuerunt
1701 1277 1802 1317 nec
1829 1261 2014 1331 prohi-

439 1350 571 1404 bere
606 1363 717 1418 quo
749 1349 933 1405 minus
964 1364 1126 1404 mane
1175 1359 1505 1407 moreretur.
1552 1349 1667 1408 Hoc
1709 1351 2014 1407 auctarium

439 1441 809 1496 calamitatum
855 1442 1057 1497 Caesari
1106 1442 1230 1499 fuit.
1283 1442 1485 1499 Verum
1520 1443 1774 1502 Urselius
1805 1445 2006 1501 fiducia

448 1550 516 1587 ex
552 1532 783 1588 fortunae
812 1532 997 1588 favore
1033 1544 1294 1605 concepta
1334 1537 1630 1591 consilium
1666 1537 2016 1593 machinaba-

436 1633 839 1710 tnroversututn
866 1640 930 1679 ac
956 1626 1309 1694 profundum,
1345 1626 1469 1681 licet
1518 1642 1628 1683 non
1674 1643 1703 1682 a
1754 1627 2008 1682 Domino.

439 1716 497 1770 1ι1
527 1726 708 1772 autem
748 1728 865 1772 erat
888 1718 1272 1789 imperatorem
1304 1718 1673 1774 Romanorum
1703 1735 1826 1775 eum
1851 1735 2015 1789 quem

443 1809 725 1878 captivum
760 1809 1042 1865 detinebat
1101 1809 1372 1866 Caesarem
1403 1810 1586 1868 facere
1639 1827 1704 1867 ac
1750 1812 1830 1868 sic
1867 1813 2018 1868 obire

432 1900 688 1955 civitates
733 1915 939 1970 easque
991 1901 1097 1957 sibi
1127 1901 1420 1971 subjicere.
1471 1900 1562 1958 Sic
1599 1903 1746 1958 enim
1791 1912 1845 1957 et
1872 1903 2017 1958 Con-

439 1991 1045 2059 stantinopolitanorum
1088 2007 1376 2063 procerum
1420 1993 1851 2049 benevolentiam
1886 2009 2019 2048 con-

435 2079 750 2133 ciliaturum
782 2095 842 2135 se
871 2081 988 2135 suis
1019 2080 1268 2149 partibus
1306 2080 1551 2136 rebatur.
1596 2080 1837 2153 lnclytus
1888 2096 2018 2136 vero

432 2170 619 2226 Caesar
671 2170 906 2240 primum
960 2171 1181 2241 quidem
1257 2171 1484 2228 moleste
1537 2171 1748 2228 ferebat
1801 2182 1853 2227 et
1905 2173 2013 2241 ει

438 2261 870 2331 propositionem
913 2261 1201 2332 indignans
1233 2263 1630 2332 aspernabatur
1660 2277 2015 2330 omnemque,

2111 717 2432 787 λαμϐάνειν.
2465 717 2525 770 'O
2553 716 2609 770 δέ
2641 719 2715 789 μὴ
2744 717 2925 785 φέρων
2958 714 3028 769 τά
3075 715 3362 784 ξυμϐάντα
3394 717 3473 785 τῷ
3518 719 3685 789 πατρί

2112 817 2172 856 τε
2210 802 2303 856 καὶ
2330 802 2576 874 τάδελφῷ
2615 803 2814 874 ἔϐρυχέ
2847 820 2906 856 τε
2951 804 3205 875 καθάπερ
3231 803 3371 857 λέων
3405 806 3500 859 καὶ
3529 806 3687 877 δῆλος

2111 889 2179 964 ἦν
2202 894 2495 965 προθύμως
2518 895 2610 947 τοὺ
2638 892 2801 965 ἔργου
2835 894 3166 965 ἁπτόμενος.
3191 889 3598 967 Συνταξάμενος
3628 897 3686 952 δέ

2113 986 2246 1057 περὶ
2308 986 2549 1058 ἑσπέραν
2605 985 2687 1057 τῷ
2736 986 2950 1056 βασιλεῖ
3006 985 3190 1040 οἴκαδε
3240 986 3441 1058 ἐχώρει
3505 1006 3687 1060 παρα-

2117 1075 2648 1147 σκευασθησόμενος.
2685 1075 2829 1130 Ἀλλ’
2861 1077 3182 1147 ἀλγήματος
3213 1077 3365 1148 αὑτῷ
3401 1079 3688 1146 γεγονότος

2115 1167 2254 1221 κατά
2274 1166 2386 1236 τὴν
2415 1168 2546 1236 περὶ
2573 1166 2746 1238 μέσην
2772 1165 2943 1222 νύκτα
2970 1167 3069 1222 καὶ
3095 1168 3342 1239 ἀρρήτου
3374 1174 3519 1232 τινος
3550 1169 3683 1223 δυσ-

2115 1258 2330 1328 φορίας,
2377 1259 2427 1311 οῖ
2470 1258 2585 1311 τῶν
2633 1258 2947 1329 ἀκεστόρων
3015 1259 3416 1329 μετεκαλοὺντο
3452 1261 3685 1332 ἄριστοι.

2114 1351 2253 1405 Κατ’
2283 1350 2434 1405 οὐδὲν
2481 1349 2538 1403 δέ
2570 1350 2669 1421 τῆς
2699 1352 2896 1422 τέχνης
2942 1352 3245 1424 ῖσχυσάσης
3298 1353 3566 1425 βοηθῆσαι
3595 1357 3687 1411 τὸν

2114 1441 2414 1512 κάμνοντα,
2455 1440 2627 1495 ἐωθεν
2683 1441 2961 1496 ἐτελεύτα.
3024 1432 3196 1497 Τοῦτο
3256 1443 3541 1517 προσθήκη
3579 1447 3687 1502 τῶν

2116 1532 2414 1602 συμφορῶν
2450 1533 2695 1601 ἐγεγόνει
2742 1533 3007 1604 Καίσαρι.
3031 1533 3095 1589 '0
3119 1534 3176 1590 δέ
3210 1534 3488 1607 βάρϐαρος
3504 1537 3688 1600 ἁδείας

2116 1622 2452 1692 δραξάμενος
2477 1623 2672 1694 βουλὴν
2715 1623 3078 1680 ἐϐουλεύσατο
3106 1625 3354 1698 βαθεῖαν,
3389 1630 3438 1682 εί
3474 1629 3569 1682 καὶ
3612 1628 3686 1699 μὴ

2119 1713 2269 1784 παρά
2302 1714 2529 1786 Κυρίου.
2576 1715 2639 1769 Ἥ
2660 1717 2717 1770 δέ
2755 1712 2825 1788 ἦν
2850 1716 3076 1788 βασιλέα
3114 1719 3208 1774 τὸν
3247 1721 3505 1792 Καίσαρα
3537 1724 3685 1779 ἀνει-

2118 1809 2243 1859 πεῖν
2287 1805 2578 1877 Ῥωμαίων
2614 1810 2710 1863 καὶ
2739 1807 2884 1864 οὑτω
2914 1811 3305 1884 περιέρχεσθαι
3357 1814 3456 1877 τὰς
3502 1814 3689 1878 πόλεις

2120 1897 2212 1949 καὶ
2246 1896 2592 1967 ὑποχειρίους
2631 1903 2808 1954 ποιεῖν
2835 1903 3035 1973 ἐαυτῷο
3065 1904 3294 1960 ἑλκύσαι
3316 1907 3424 1977 γὰρ
3456 1909 3548 1961 καὶ
3581 1908 3689 1960 τῶν

2119 1988 2178 2040 ἐν
2211 1987 2447 2057 βασιλίδι
2470 1989 2581 2044 τῶν
2620 1991 2830 2045 πόλεων
2865 1982 3185 2065 δυναμένων
3219 1996 3318 2069 τὴν
3352 1996 3567 2052 εὑνοιαν
3599 1999 3691 2052 οὑ-

2122 2094 2227 2140 τως
2257 2077 2418 2148 ᾤετο.
2475 2078 2537 2133 Ὅ
2566 2080 2623 2134 δὲ
2664 2081 2874 2146 κλεινὸς
2907 2086 3127 2157 Καῖσαρ
3158 2088 3376 2158 πρῶτον
3408 2089 3505 2158 μὲν
3531 2091 3690 2142 ἔδυτ-

2117 2171 2272 2239 φόρει
2312 2171 2407 2223 καὶ
2436 2171 2673 2240 ἤσχαλλε
2704 2174 2801 2227 καὶ
2835 2176 3018 2231 πάντα
3056 2176 3260 2241 κάλων,
3300 2181 3327 2233 ὃ
3361 2197 3549 2249 φασιν,
3583 2182 3691 2235 ἐκί-

2120 2275 2199 2311 νει
2226 2258 2368 2312 ώστε
2397 2259 2684 2330 διαδρᾶναι
2726 2263 2788 2316 τὸ
2823 2264 3025 2334 δρᾶμα’
3068 2266 3192 2320 ἐπεὶ
3225 2266 3270 2320 δ’
3291 2270 3371 2333 είς
3407 2262 3571 2339 μέσον
3596 2271 3690 2324 τοῦ

433 2350 582 2419 quod
613 2350 788 2413 aiunt,
819 2351 1069 2405 movebat
1103 2349 1289 2405 funem
1312 2390 1328 2417 ,
1368 2365 1478 2419 quo
1515 2350 1896 2406 necessitatem
1939 2349 2016 2402 vi-

2119 2348 2282 2418 εργου
2321 2351 2485 2404 αὑτὸν
2509 2353 2536 2404 ὁ
2573 2350 2850 2424 βάρϐαρος
2881 2355 2975 2408 καὶ
2998 2356 3198 2411 ἄκοντα
3223 2356 3425 2429 ῶθησε,
3451 2363 3694 2428 γενναιό-

436 2452 583 2500 taret
631 2458 883 2514 persona:
929 2444 983 2498 in
1016 2443 1120 2497 ista
1150 2441 1334 2496 fabula
1388 2441 1742 2498 sustinendae.
1786 2442 2016 2508 Quando

2119 2459 2280 2511 τερον
2343 2443 2548 2513 ἤρξατο
2617 2444 2727 2498 τῶν
2777 2448 3121 2517 πραγμάτων
3199 2450 3692 2521 ἀντιλαμϐάνεσθαι

436 2548 567 2589 vero
607 2535 783 2603 ipsum
834 2534 886 2587 vi
938 2542 1154 2588 trusum
1198 2532 1541 2587 ineluetabili
1599 2533 1866 2587 barbarus
1896 2532 2016 2586 suis

2120 2534 2215 2585 καὶ
2248 2532 2384 2604 πρὸς
2413 2533 2542 2597 τοὺς
2585 2538 2645 2588 ἐν
2673 2539 2739 2607 τῇ
2785 2538 2940 2592 πόλει
2989 2539 3326 2611 διεπέμπετο
3368 2543 3563 2616 λάθρα,
3597 2547 3691 2598 καὶ⁵

436 2624 747 2680 rationibus
780 2624 1024 2680 serviens
1061 2624 1114 2678 in
1143 2624 1377 2679 mediam
1409 2624 1570 2679 istam
1603 2623 1761 2692 quasi
1792 2638 2016 2680 scenam

2119 2626 2339 2677 πάντων
2372 2625 2571 2695 μικροῦ
2602 2626 2713 2680 δεῖν
2741 2629 2841 2692 τὰς
2867 2628 3093 2701 γνώμας
3120 2632 3258 2704 πρὸς
3287 2633 3480 2687 ἑαυτὸν
3510 2635 3692 2703 ἐφειλ-

437 2717 826 2774 invitissimum
858 2717 1111 2787 conjecit.
1135 2726 1360 2773 strenue
1383 2718 1653 2787 agendum
1683 2718 1830 2787 quod
1861 2732 2016 2786 coge-

2121 2712 2349 2767 κύσατο”
2378 2716 2513 2768 πᾶσι
2544 2716 2654 2787 γάρ
2685 2711 2753 2788 ἦν
2784 2718 3089 2790 ἐπέραστος
3112 2721 3141 2774 ὁ
3166 2722 3306 2793 ἀνὴρ
3333 2723 3407 2786 ῶς
3438 2725 3571 2779 πᾶσι
3603 2743 3696 2779 κο⁴

439 2806 603 2862 batur
654 2814 829 2871 ratus,
890 2807 1038 2862 misit
1071 2808 1209 2864 clam
1270 2808 1324 2862 in
1403 2807 1594 2861 urbem
1621 2806 1714 2878 qui
1759 2806 2016 2879 suffragia

2123 2806 2243 2875 μῶν
2270 2809 2383 2871 τοῖς
2407 2807 2592 2869 καλοῖς
2629 2810 2726 2862 καὶ
2759 2811 3139 2886 καλοκαγαθίᾳ
3163 2812 3382 2868 πάντων
3410 2816 3695 2888 ὑπερέχων

438 2908 730 2970 prensaret
779 2898 1061 2969 fermeque
1105 2899 1352 2955 omnium
1402 2900 1730 2955 sententiam
1777 2898 1832 2954 in
1862 2913 2015 2955 suam

2119 2897 2230 2950 τῶν
2254 2898 2400 2951 τότε.
2433 2900 2496 2952 El
2543 2900 2617 2971 μὴ
2645 2900 2778 2969 γοῦν
2816 2902 2877 2957 τὸ
2908 2901 3050 2957 θεῖον
3078 2905 3448 2975 ἀντιπρᾶττον
3492 2910 3691 2979 ἐφάνη.

442 2999 628 3050 traxit.
659 2994 887 3052 Cunctis
905 2997 1052 3051 enim
1085 2997 1176 3052 hic
1199 2996 1282 3051 vir
1307 3004 1428 3051 erat
1448 2995 1605 3067 longe
1631 2994 2015 3061 eharissimus,

2124 2988 2320 3060 ῥᾳδίως
2350 2987 2439 3061 [Ρ.
2469 2989 2561 3055 56]
2583 2990 2648 3045 ἂν
2676 2993 2789 3046 τῶν
2828 2993 3116 3065 βασιλείων
3147 2999 3444 3070 σκήπτρων
3472 3000 3695 3068 γέγονεν

440 3090 645 3161 quippe
680 3088 936 3145 omnibus
975 3104 1117 3144 unus
1143 3089 1418 3145 excellens
1445 3087 1610 3142 bonis
1634 3100 1637 3103 ‘
1661 3096 1717 3144 et
1745 3087 2016 3159 probitate

2119 3078 2419 3148 ἐγκρατής.
2457 3079 2619 3134 Ἀλλά
2651 3082 2885 3151 κινῆσαν
2911 3083 3071 3138 τοῦτο
3090 3084 3184 3138 τὸν
3222 3086 3486 3157 ἐκτομίαν
3516 3087 3692 3159 Νικη-

441 3182 826 3254 πςιιίιτιιεᾳιιο,
871 3179 1007 3235 nulli
1042 3195 1150 3235 non
1204 3180 1481 3238 antistans
1511 3180 1604 3251 qui
1642 3188 1773 3235 tunc
1816 3179 2015 3234 forent.

440 3271 812 3347 Successisset
843 3270 1009 3340 igitur
1058 3268 1218 3325 facile
1253 3271 1553 3340 negotium,
1584 3279 1641 3325 et
1696 3284 1760 3324 ex
1807 3269 2020 3325 Cassare

437 3348 716 3434 Augustus
755 3362 968 3433 plenam
1035 3361 1250 3431 imperii
1294 3368 1619 3432 potestatem
1648 3360 2019 3418 libentissima

435 3469 501 3510 re
533 3453 747 3524 publica
770 3455 885 3524 ipse
906 3453 1317 3522 capessivissct,
1354 3453 1461 3508 nisi
1492 3453 1677 3509 divina
1722 3453 2019 3525 providen-

436 3546 514 3600 tia
543 3544 637 3599 tali
678 3544 896 3616 negotio
930 3558 990 3598 se
1015 3543 1397 3600 adversariam
1444 3552 1828 3601 monstrasset.
1886 3542 2012 3599 llaec

436 3634 585 3689 enim
617 3633 986 3702 Nicephorum
1016 3634 1330 3689 eunuchum
1358 3634 1594 3705 impulit,
1637 3643 1695 3690 ut
1724 3649 1847 3691 eam
1892 3649 2019 3690 suc-

438 3722 697 3778 currendi
727 3722 990 3777 Romanis
1015 3723 1179 3778 rebus
1204 3724 1367 3779 iniret
1398 3725 1689 3790 rationem,
1707 3737 1829 3794 qua:
1858 3720 2021 3778 Urse-

438 3814 501 3870 lii
545 3813 886 3886 Caesarisque
941 3814 1140 3885 spebus
1184 3814 1423 3870 securim
1472 3814 1672 3869 inflixit
1699 3814 2016 3885 capitalem.

437 3906 705 3963 Nimirum
740 3908 831 3964 ille
881 3909 1086 3963 nullam
1135 3918 1344 3978 partem
1392 3906 1607 3961 fiducia:
1643 3905 1914 3975 reliquam
1964 3904 2020 3959 in

440 4000 701 4058 Romanis
756 4001 1091 4057 exercitibus
1140 3999 1332 4056 videns
1388 3998 1591 4068 adjecit
1652 3996 1895 4052 animum
1952 3995 2021 4050 ad

2122 3168 2288 3239 φόρον
2316 3169 2734 3244 σπουδαιότερον
2778 3173 2888 3227 τῶν
2912 3177 3256 3246 πραγμάτων
3280 3176 3691 3243 ἀντιλαϐέσθαι,

2120 3261 2220 3325 τὰς
2251 3262 2480 3318 ἐκείνων
2533 3263 2730 3335 βουλάς
2765 3267 3085 3337 ἀπράκτους
3139 3268 3490 3340 ἀποδέδειχεν
3511 3285 3525 3300 ’
3554 3271 3695 3324 ἀπο-

2121 3353 2284 3424 γνοὺς
2326 3353 2437 3427 γάρ
2465 3356 2568 3428 τῆς
2615 3360 2680 3412 ἐκ
2733 3358 2842 3412 τῶν
2879 3358 3207 3429 Ῥωμαϊκῶν
3262 3361 3695 3431 στρατευμάτων

2127 3443 2381 3515 βοηθείας
2429 3445 2566 3516 πρὸς
2596 3447 2726 3510 τοὺς
2764 3445 3045 3518 Τούρκους
3087 3446 3568 3518 διεπρεσϐεύσατο,
3598 3448 3696 3501 καὶ

2123 3535 2219 3590 τοῦ
2259 3534 2485 3608 ’Δρτοὺχ
2518 3536 2630 3605 (ὃῖ)
2646 3539 2756 3602 τοῖς
2787 3538 2887 3610 τῆς
2928 3537 3103 3611 Ἐφας
3135 3536 3437 3608 τηνικαῦτα
3473 3538 3696 3609 μέρεσιν

2127 3627 2565 3699 ἐπιχωριάζοντα
2605 3632 2699 3685 τὸν
2736 3631 2859 3685 κατ’
2887 3622 3115 3684 ἐκείνων
3167 3630 3406 3700 πόλεμον
3434 3630 3698 3697 ἀναδέξα-

2118 3720 2241 3774 σθαι
2275 3718 2529 3787 πέπεικε,
2561 3719 2754 3795 δώροις
2786 3738 2846 3777 τε
2877 3722 3180 3793 χρημάτων
3223 3724 3321 3777 καὶ
3365 3723 3695 3793 ὑποσχέσεσι

2117 3809 2307 3864 τοῦτον
2356 3811 2809 3884 παραθαρρύνας.
2874 3809 2934 3867 '0
2982 3812 3041 3865 δέ
3092 3812 3212 3885 (καὶ
3269 3812 3379 3885 γὰρ
3414 3810 3483 3885 ἦν
3523 3813 3695 3877 δεινὸς

2122 3903 2447 3974 στρατηγὸς)
2490 3906 2630 3973 μετᾶ
2677 3904 2938 3973 πλείστης
2961 3906 3046 3959 ὅτι
3071 3905 3356 3979 δυνάμεως
3405 3906 3693 3962 κατ’ἐκείο

2122 4013 2229 4050 νων
2257 3994 2508 4067 ἐξώρμα.
3210 3977 3252 3989 θ’

442 4097 781 4167 imploranda
841 4095 1046 4150 auxilia
1080 4093 1412 4149 Turcorum.
1486 4092 1621 4148 Erat
1666 4091 1875 4148 Artuch
1920 4090 2034 4146 dux
2098 4088 2404 4146 Turcorum
2431 4088 2490 4144 in
2554 4086 2822 4154 orientali
2848 4098 2980 4148 tunc
3015 4094 3207 4150 limite.
3252 4095 3407 4151 llunc
3429 4095 3698 4164 legatione

441 4191 610 4250 missa
644 4191 911 4260 donisque
946 4198 1000 4245 ct
1051 4189 1300 4259 pactione
1350 4189 1599 4260 pecuniae
1629 4187 1916 4258 perpellit,
1954 4197 2015 4242 ut
2052 4186 2256 4242 bellum
2315 4197 2503 4243 contra
2544 4185 2823 4245 Urselium
2854 4189 3144 4260 suscipiat.
3212 4190 3302 4246 lllc
3336 4208 3462 4246 arer
3493 4192 3695 4259 alioqui

443 4281 670 4339 bellator
698 4295 821 4334 cum
850 4279 1090 4334 maximo
1117 4279 1362 4335 exercitu
1425 4278 1828 4350 expeditionem
1855 4279 2016 4334 istam
2057 4278 2311 4349 suscipit.

519 4377 603 4433 18.
644 4378 828 4432 Caesar
858 4387 910 4432 et
945 4375 1189 4434 Ursclius
1233 4392 1358 4433 cum
1410 4377 1803 4433 intellexissent
1846 4378 2016 4432 Artu-

2200 4376 2287 4447 ιη’.
2315 4378 2378 4431 Οί
2415 4377 2472 4430 δὲ
2504 4379 2631 4446 περὶ
2657 4377 2748 4431 τὸν
2767 4378 3023 4451 Καίσαρά
3048 4397 3107 4433 τε
3147 4381 3242 4433 καὶ
3276 4379 3365 4433 τδν
3402 4378 3697 4451 Οὑρεέλιον

444 4473 609 4526 chum
655 4470 896 4526 infinitas
939 4469 1246 4525 Turcorum
1288 4471 1476 4540 copias
1520 4471 1572 4524 in
1608 4471 1757 4540 ipsos
1791 4467 2016 4524 infestas

2127 4474 2424 4544 πυθόμενοι
2446 4474 2556 4526 τῶν
2593 4474 2853 4544 Τούρκων
2883 4477 2986 4544 τὴν
3020 4474 3210 4542 έφεδον
3255 4475 3349 4527 καὶ
3379 4475 3455 4535 ὡς
3485 4477 3514 4528 ὁ
3578 4476 3701 4544 Ἀρ·

443 4580 682 4626 movere.
705 4578 1006 4618 conscenso
1042 4564 1192 4632 iugo,
1219 4562 1275 4616 in
1303 4578 1413 4632 quo
1443 4578 1538 4616 arx
1565 4571 1842 4617 exstructa
1881 4572 2020 4624 erat,

442 4672 607 4725 quam
658 4655 900 4711 diximus
949 4655 1184 4708 vicinam
1239 4653 1410 4709 fuisse
1466 4655 1738 4725 praztoriis
1788 4652 2021 4709 Cresaris

445 4746 753 4809 (dicebatur
779 4754 960 4799 autem
998 4744 1087 4799 ilia
1127 4742 1438 4812 Mctubolc),
1471 4757 1651 4800 caStra
1680 4747 1930 4799 muniunt
1966 4745 2019 4798 in

444 4851 640 4906 campo
669 4835 884 4908 longius
934 4852 1100 4906 quam
1139 4836 1299 4893 latius
1327 4837 1545 4907 jaccnte
1572 4836 1639 4891 ad
1670 4837 1879 4892 radices
1909 4836 2020 4906 82

446 4928 722 4998 Sophonis
743 4930 968 4985 montis.
987 4928 1042 4985 Id
1062 4931 1133 4986 ita
1151 4931 1507 4986 instituebant
1537 4940 1680 4984 metu
1707 4930 2027 4983 nccircum-

424 5019 760 5095 .venirentur
777 5021 1125 5077 multitudine
1142 5022 1382 5079 hostium
1398 5021 1501 5093 ipsi
1520 5022 1691 5076 multo
1713 5021 2020 5091 pauciores,

446 5110 593 5181 quod
620 5110 963 5181 prohibitura
995 5114 1278 5170 videbatur
1308 5114 1561 5185 angustia
1595 5114 1845 5184 oblongae
1899 5111 2021 5182 pla-

444 5202 598 5264 nitici
624 5218 787 5274 quam
815 5205 1006 5260 castris
1036 5206 1381 5273 insedissent,
1405 5221 1525 5276 qua:
1550 5214 1731 5261 castra
1757 5213 1816 5260 ul
1841 5202 2021 5259 muni-

2124 4567 2258 4635 τοὺχ
2289 4562 2493 4633 πλῆθος
2527 4563 2805 4634 ἀμύθητον
2849 4562 3246 4632 ἐπιφερόμενος
3273 4562 3535 4629 Τούρκων
3570 4559 3696 4615 κατ’

2129 4654 2311 4710 αὑτῶν
2360 4653 2966 4724 ἔπεισιν,ὑπερϐάντες
3025 4651 3119 4703 τὸν
3175 4650 3337 4717 λόφον
3390 4648 3586 4716 ἵναπερ
3640 4648 3704 4701 τὸ

2126 4743 2389 4816 φρούριον
2434 4743 2645 4814 ἵδρυται
2676 4745 2736 4795 τὸ
2774 4741 2944 4810 ἀγχοῦ
2978 4757 3081 4792 που
3113 4741 3221 4792 τῶν
3278 4736 3568 4808 βασιλείων
3598 4726 3697 4790 τοὺ

2126 4837 2405 4906 Καίσαρος
2428 4835 2487 4889 ὃν
2516 4832 2826 4905 (Μεταϐολὴ
2849 4831 2924 4899 τῷ
2954 4831 3198 4903 φρουρίῳ
3228 4829 3283 4882 τὸ
3316 4828 3543 4898 ὄνομα),
3564 4830 3704 4901 πρὸς

2132 4930 2258 4992 τοὺς
2314 4928 2411 4982 τοῦ
2458 4927 2711 4996 Σόφωνος
2763 4922 3038 4995 πρόποόας
3078 4921 3258 4974 πεδίον
3304 4920 3702 4991 ἐφηπλωιμένον

2132 5022 2401 5093 ἐπίμηκες
2434 5021 2686 5093 εὑρόντες
2731 5019 2790 5070 ἐν
2813 5016 2988 5087 τούτῳ
3016 5013 3529 5085 στρατοπεδεύουσι.
3580 5015 3702 5067 Δεί-

2109 5130 2327 5175 σσαντες
2388 5111 2498 5182 γὰρ
2564 5109 2638 5181 μὴ
2680 5104 3037 5161 κυκλωθῶσιν
3090 5105 3196 5159 ὑπὸ
3244 5104 3356 5158 τῶν
3427 5102 3703 5174 πολεμίων

2126 5204 2297 5274 ὀλίγοι
2342 5203 2497 5267 ὄντες
2542 5200 2651 5255 ὑπδ
2691 5197 2902 5252 πολλῶν
2949 5198 3044 5251 καὶ
3101 5195 3476 5268 διαφθαρεῖεν,
3513 5195 3698 5249 πεδίον

1482 5340 1692 5404 Caroli
1727 5342 1830 5403 Du
1862 5341 2106 5403 Fresne
2144 5340 2247 5402 Du
2276 5339 2488 5419 Gange
2512 5343 2698 5400 notua.

521 5464 634 5545 (52)
660 5467 925 5545 Ἀρτούχ.
962 5467 1105 5523 Infra
1142 5470 1305 5545 p.38
1333 5468 1599 5545 ’ᾼρταξού
1613 5487 1674 5545 χ,
1701 5468 1841 5545 idem
1888 5466 2029 5522 forte

453 5536 544 5610 qui
578 5551 631 5588 ιι.
658 5536 719 5589 2|
758 5549 812 5591 et
843 5536 1010 5592 Annae
1042 5556 1091 5608 ρ.
1136 5542 1168 5594 4
1205 5536 1435 5610 Tuo-car),
1487 5536 1851 5610 Ftiit"Artaelt
1890 5546 2014 5610 ortu

456 5603 857 5678 '_l'urcomanus,
907 5624 936 5660 a
976 5603 1085 5677 quo
1119 5603 1499 5665 Artacidartnu
1547 5608 1747 5678 prodiit
1790 5606 2015 5662 familia.

460 5676 511 5735 Is
534 5690 676 5729 anno
704 5674 835 5742 llrg.
868 5674 1145 5737 κωδίων.
1182 5679 1343 5737 1075.
1373 5697 1477 5735 una
1509 5674 1632 5735 cum
1664 5678 2011 5737 Tazcoldulo.

2135 5466 2323 5536 Aleppi
2382 5480 2479 5522 seu
2532 5461 3115 5542 Berrhoae_toparcl_ta,
3159 5461 3553 5542 Solymannum
3604 5456 3703 5542 Ni:

2127 5532 2392 5666 ἓρῖεεῶιεειιι
2462 5535 2739 5592 sultanum
2790 5533 2858 5592 de
2907 5533 3088 5591 medio
3131 5532 3464 5599 sustulit,ut
3515 5538 3702 5586 narrat

2272 5622 2481 5668 aCIIIUS.
