4088 6208
361 226 472 294 125

1565 235 2114 298 HISTORIARUM
2154 238 2303 302 LIB.
2348 239 2434 300 II.

364 342 554 399 στενὸν
600 343 936 413 ἐξελέξαντο,
975 345 1068 401 τὸν
1114 348 1180 401 ἑκ
1231 345 1326 401 τοῦ
1384 347 1633 419 Σόφωνος
1683 349 1938 403 κατιόντα

2043 350 2181 411 liora
2216 352 2476 420 facerent,
2509 353 2711 411 flumen
2758 369 2825 411 ex
2868 352 3123 426 Sophone
3168 351 3410 409 deﬂuens
3455 352 3616 408 fossa:

362 436 613 508 ποταμὸν
653 436 777 491 ἀντὶ⁵
814 438 1060 509 χάρακος
1113 439 1568 511 προϐαλλόμενοι.
1602 441 1666 495 '0
1718 443 1776 496 δὲ
1813 443 1940 513 Ἀρ·

362 529 510 597 τοῦχ,
533 526 874 598 περαιωθεὶς
902 528 993 581 τὸν
1023 529 1336 601 Σαγγάριον
1359 532 1453 584 καί
1485 533 1579 585 ἐπὶ
1630 533 1732 602 τὴν
1760 535 1940 587 Μετα-

361 615 528 686 ϐολὴν
558 614 795 685 φθάσας,
818 616 941 669 ἐπεὶ
963 617 1039 687 μὴ
1064 613 1190 687 εὗρε
1219 617 1312 671 τδν
1343 618 1602 691 Καίσαρά
1628 637 1688 673 τε
1724 622 1820 673 καὶ
1847 622 1941 673 τὸν

362 705 684 776 Ούρσέλιον,
740 706 979 760 διέϐαινε
1031 709 1126 762 καὶ
1183 709 1348 773 αὐτὸς
1401 710 1470 764 τὰ
1531 712 1712 764 ἐκεῖσε
1778 712 1941 765 στενά

360 799 459 853 καὶ
492 799 630 868 πρὸς
652 800 721 868 τῇ
744 798 957 870 κεφαλῇ
976 798 1069 853 τοῦ
1095 798 1256 871 ὅρους
1288 804 1604 871 γενόμενος,
1623 802 1653 855 δ
1680 804 1938 873 Μαροξὸς

363 890 636 952 καλεῖται,
692 890 1183 960 ἐστρατοπέδευσε,
1226 891 1482 946 κάκεῖθεν
1496 894 1625 956 τοὺς
1642 893 1940 963 πολεμίους

365 978 729 1049 περιεσκόπει
760 978 931 1047 ἐγγύς
965 996 1069 1033 που
1111 980 1204 1034 τοῦ
1246 982 1452 1054 χωρίου
1486 982 1517 1035 δ
1565 983 1772 1055 Τρισέα
1834 1001 1938 1039 κα-

360 1069 546 1123 λεῖται
597 1067 1149 1140 στρατοπεδεύοντας.
1174 1070 1382 1125 Αὐτίκα
1413 1071 1546 1140 γοῦν
1607 1074 1940 1145 προσέϐαλλε

361 1161 602 1228 τούτοις,
652 1161 749 1215 καὶ
802 1160 1022 1232 πρῶτον
1073 1161 1173 1233 μὲν
1225 1164 1643 1235 ἀκροϐολισμοῖς
1689 1165 1777 1220 διὰ
1832 1165 1941 1220 τῶν

365 1252 589 1325 ὑψηλῶν
646 1251 868 1322 ἐχρῆτο,
891 1251 1089 1306 ἔπειτα
1138 1255 1220 1317 είς
1242 1253 1437 1326 λόχους
1485 1258 1636 1326 τρεῖς
1681 1256 1744 1310 τὸ
1779 1257 1945 1329 στρά-

360 1356 543 1414 τευμα
563 1341 754 1396 διελὼν
790 1343 1023 1397 κυκλοῦν
1052 1344 1318 1417 ἐπειρᾶτο
1345 1346 1473 1410 τοὺς
1503 1348 1633 1418 περὶ
1668 1347 1760 1401 τὸν
1793 1348 1941 1419 Οὐρ-

365 1433 546 1487 σέλιον
573 1434 669 1487 καὶ
685 1434 781 1488 τὸν
807 1434 1085 1506 Καίσαρα.
1133 1434 1296 1489 Ἀλλὰ
1332 1435 1479 1491 κατὰ
1506 1438 1678 1492 νώτου
1718 1437 1819 1508 μὲν
1844 1455 1943 1508 γε-

364 1523 554 1603 νέσθαι
599 1524 701 1578 οὐκ
742 1523 1017 1595 ἠδύναντο
1060 1528 1112 1579 οί
1170 1527 1444 1599 πολέμιοι,
1480 1526 1579 1582 ἅτε
1639 1527 1735 1583 τοῦ
1779 1529 1941 1600 ὅρους

359 1614 586 1680 τούτους
615 1615 996 1688 ἀπείργοντος,
1031 1620 1143 1683 τοῖς
1173 1619 1231 1673 δὲ
1268 1620 1419 1691 τρισὶ
1454 1621 1685 1693 μέρεσιν
1741 1621 1934 1675 ἐπετί-

360 1704 521 1759 θεντο
551 1680 811 1777 ίσχυρῶς,
840 1709 936 1762 καὶ
957 1680 1137 1762 "obtm—
1164 1680 1408 1783 διασπᾷν
1449 1680 1782 1784 ’ξδ’συνεχὶς
1830 1713 1933 1783 τῆς
1963 1680 2012 1740 Β

357 1797 470 1852 τῶν
516 1798 762 1852 Λατίνων
806 1800 1089 1869 φάλαγγος
1143 1802 1484 1873 ἐπεχείρουν.
1525 1805 1587 1857 Ol
1641 1804 1701 1858 δι
1760 1804 1934 1873 ὀλίγοι

359 1887 467 1942 ὑπὸ
511 1890 621 1942 τῶν
652 1889 863 1945 πολλῶν
892 1891 1229 1962 πιεζόμενοι,
1253 1893 1481 1947 καὶτῶν
1519 1893 1706 1957 ῖππων
1749 1896 1934 1950 αὐτῶν

360 1981 478 2043 τοῖς
518 1978 701 2049 βέλεσι
756 1981 1105 2053 βαλλομένων
1167 1982 1455 2046 πάντοθεν,
1503 1984 1613 2037 δεῖν
1678 1983 1937 2055 ᾠήθησαν

363 2072 530 2143 ὁμόσε
586 2073 841 2144 χωρῆσαι
886 2076 1000 2138 τοῖς
1051 2073 1359 2145 πολεμίοις,
1408 2074 1550 2128 ὥστε
1586 2074 1936 2144 καταπλῆξαι

356 2166 584 2229 τούτους
623 2163 702 2236 τῷ
754 2164 972 2237 σφοδρῷ
1020 2165 1129 2219 τῶν
1183 2165 1390 2221 ἵππων.
1443 2165 1936 2236 Παρακαλέσαντες

357 2253 454 2310 οὖν
483 2256 746 2328 ἀλλήλους
783 2257 879 2310 καὶ
925 2256 1359 2319 συνασπίσαντες
1398 2256 1660 2329 ἀκρατῶς
1702 2257 1937 2328 ἐξήλαυ-

358 2365 475 2403 νον.
524 2347 621 2404 Ἐκ
651 2348 841 2401 τούτου
886 2346 1082 2420 ξυνέϐη
1124 2349 1355 2412 πολλοὺς
1387 2349 1487 2420 μὲν
1512 2349 1621 2403 τῶν
1658 2349 1936 2421 πολεμίων

358 2442 702 2512 περιπεσεῖν,
740 2441 943 2505 αὐτοὺς
984 2441 1040 2494 δὲ
1088 2441 1470 2505 κυκλωθέντας
1511 2440 1619 2495 ὑπὸ
1654 2442 1748 2494 τοῦ
1803 2441 1938 2512 πλή-

359 2533 494 2597 θους
522 2532 749 2597 πολλοὺς
781 2533 879 2603 μὲν
906 2533 1283 2605 ἀναιρεθῆναι,
1316 2534 1444 2597 τοὺς
1475 2532 1723 2596 πλείονας
1748 2531 1804 2585 δὲ
1834 2531 1935 2601 ληο

362 2624 585 2694 φθῆναι.
627 2623 802 2678 Ἐἀλω
845 2624 903 2678 δὲ
950 2626 1046 2679 σὺν
1097 2623 1306 2688 τούτοις
1341 2625 1435 2678 καὶ
1460 2623 1489 2676 6
1516 2625 1735 2694 Καῖσαρ
1762 2623 1857 2676 καὶ
1906 2624 1936 2676 6

361 2715 675 2785 ούρσέλιος.
719 2715 782 2769 '0
806 2714 935 2783 γοῦν
981 2714 1214 2786 Ἀρτοὺχ
1239 2714 1427 2786 ἡσθεὶς
1452 2718 1521 2786 τῇ
1554 2716 1679 2786 νίκῃ
1709 2716 1804 2770 τὸν
1835 2717 1934 2785 μὲν

361 2806 656 2876 ούρσέλιον
685 2804 884 2878 λύτρον
912 2806 1095 2860 λαϐὼν
1132 2807 1365 2861 ἀπέδοτο
1396 2810 1508 2870 τοῖς
1538 2805 1729 2873 αὐτού,
1759 2806 1850 2861 τὸν
1877 2806 1936 2860 δὲ

360 2897 619 2968 Καίσαρα
657 2896 794 2967 ἔχων
832 2898 1000 2969 ἀπῄει
1031 2897 1106 2961 ὼς
1151 2898 1247 2950 ἐπὶ
1285 2896 1386 2968 τὴν
1414 2897 1526 2952 ἄνω
1573 2898 1834 2969 Φρυγίαν.
1869 2895 1936 2953 Oi

358 2990 415 3042 δὲ
444 2991 574 3059 περὶ
603 2989 695 3042 τὸν
734 2988 961 3060 βασιλέα
1002 2989 1226 3060 Μιχαὴλ
1258 2988 1348 3062 [Ρ.
1385 2988 1480 3061 57]
1536 2988 1834 3060 πυθόμενοι
1866 2987 1937 3041 τὰ

363 3080 642 3152 ξυμϐάντα
660 3080 936 3152 πέμπουσι
953 3081 1077 3144 τοὺς
1098 3078 1270 3151 ὲξωνη
1278 3078 1537 3151 σομένους
1552 3080 1644 3134 τὸν
1660 3078 1935 3149 Καίσαρα.

359 3173 474 3227 Καὶ
512 3172 808 3227 ἀποδίδωσι
856 3170 1044 3226 τοῦτον
1077 3173 1106 3225 ό
1158 3171 1433 3243 βάρϐαρος
1466 3171 1639 3241 συχνὰ
1673 3171 1935 3241 χρήματα

362 3260 571 3319 λαϐών.
621 3263 680 3317 ⁸0
727 3262 785 3316 δὲ
826 3262 1057 3333 πλησίον
1104 3262 1204 3332 τῆς
1256 3261 1527 3332 βασιλίδος
1567 3261 1679 3314 τῶν
1728 3260 1938 3314 πόλεων

362 3354 658 3425 γενόμενος
702 3353 799 3408 καὶ
840 3354 1027 3417 δείσας
1061 3354 1135 3424 μή
1185 3370 1240 3405 τι
1294 3354 1389 3406 καὶ
1434 3352 1587 3425 πάθῃ
1612 3350 1937 3421 δεινότερον,

358 3444 703 3517 διαπεράσας
732 3444 870 3516 πρὸς
902 3446 964 3498 το
1003 3444 1376 3515 Τραχονήσιον
1404 3442 1469 3497 τδ
1508 3442 1799 3512 μοναδικόν
1832 3441 1942 3510 ἀμ-

361 3538 646 3607 φιέννυται
698 3538 888 3605 σχῆμα
953 3535 1053 3605 τὴν
1097 3535 1277 3604 κόμην
1327 3533 1800 3604 ἀποκειράμενος,
1843 3532 1942 3586 καὶ

358 3628 541 3689 οὕτως
571 3626 764 3680 εἴσεισι
804 3625 941 3697 πρὸς
968 3626 1059 3678 τὸν
1099 3623 1329 3695 βασιλέα
1353 3624 1599 3695 Μιχαὴλ.
1641 3624 1699 3690 '0
1726 3624 1785 3679 δὲ
1810 3621 1940 3679 τοῦ·

358 3738 457 3777 τον
489 3720 614 3774 ίδὼν
643 3720 913 3791 ὑπεκρίθη
943 3719 1303 3774 δεινοπαθεῖν.

437 3813 523 3869 ιϐ’.
557 3811 664 3865 Καὶ
693 3811 763 3865 τὰ
786 3812 885 3880 μὲν
911 3812 1051 3865 κατά
1084 3812 1176 3866 τὸν
1194 3809 1648 3881 θαυμασιώτατον
1680 3809 1938 3881 Καίσαρα

360 3903 600 3961 τοιοῦτον
638 3903 762 3973 ἔσχε
795 3905 855 3956 τὸ
882 3903 1055 3967 τέλος,
1086 3904 1116 3957 6
1144 3903 1202 3958 δὲ
1236 3889 1534 3973 Ούρσέλιος
1584 3903 1685 3972 τῆς
1729 3901 1936 3971 αἰχμα-

362 3996 564 4059 λωσίας
619 3994 837 4065 ρυσθεὶς
890 3993 1058 4066 ἀπῄει
1110 3992 1267 4057 αὖθις
1309 3992 1386 4055 ὼς
1441 3991 1535 4044 ἐπὶ
1584 3991 1678 4044 τὸν
1733 3990 1937 4044 Πόντον

363 4089 458 4143 καί
485 4103 606 4140 τινα
634 4086 741 4140 τῶν
775 4085 1051 4156 φρουρίων
1081 4082 1489 4153 κατελάμϐανε,
1522 4081 1779 4134 κάκεῖθεν
1809 4080 1933 4132 ἐλύ-

364 4197 456 4233 πει
496 4178 597 4241 τὰς
642 4176 734 4230 τοῦ
770 4178 972 4229 Πόντου
1017 4176 1202 4239 πόλεις
1249 4172 1547 4245 ’Δμάσειάν
1601 4189 1661 4225 τε
1704 4172 1798 4225 καὶ
1837 4170 1936 4241 τὴν

365 4273 490 4325 νέαν
512 4270 849 4340 Καισάρειαν
876 4284 890 4298 ο
911 4265 1065 4336 ἐδῄου
1094 4267 1202 4338 γὰρ
1214 4266 1310 4329 τὰς
1336 4268 1520 4336 χώρας
1552 4266 1647 4319 καὶ
1662 4265 1936 4334 δασμοφο-

2042 442 2215 498 instar
2230 445 2422 502 Turcis
2438 446 2868 516 objecerunt.'At
2888 445 3091 502 Artuch
3122 445 3363 513 Sangare
3386 443 3613 498 traiecto

2041 535 2105 587 ad
2124 533 2253 606 juga
2273 537 2474 593 montis
2493 538 2607 592 arei
2626 537 2902 598 Metabola:
2916 536 3254 593 imminentia
3273 549 3615 606 progressus,

2042 636 2330 695 postquam
2374 627 2643 684 Cmsarem
2675 628 2789 684 illic
2822 638 2878 684 et
2908 626 3183 684 Urselium
3213 642 3321 682 non
3373 626 3572 695 reperit
3595 666 3610 686 .

2042 718 2257 787 trajecit
2301 727 2355 774 et
2403 723 2522 788 ipse
2562 734 2684 789 quae
2728 719 2804 775 ibi
2857 727 2987 775 sunt
3031 717 3335 789 angustias.
3385 726 3441 772 et
3485 731 3613 771 cum

2040 810 2398 879 processisset
2452 812 2517 865 ad
2570 813 2828 867 verticem
2888 813 3137 875 montis,
3202 812 3296 880 qui
3355 809 3615 866 Maroxus

2041 899 2264 965 dicitur,
2286 910 2466 958 castra
2491 910 2728 958 metatus
2754 910 2837 958 est
2859 902 3097 972 indeque
3129 903 3315 957 hostes
3345 900 3610 956 observa-

2040 989 2133 1045 bat
2160 1006 2328 1061 prope
2371 992 2632 1061 oppidum
2655 1031 2673 1059 ,
2715 992 2863 1062 quod
2889 992 3078 1047 Trisea
3115 999 3380 1053 vocatur,
3417 988 3613 1042 castris

2041 1082 2239 1148 positis
2284 1090 2514 1137 stantes.
2555 1081 2666 1137 Nec
2703 1095 2913 1136 moram
2955 1096 3051 1137 eos
3085 1078 3431 1150 aggrediendi
3460 1076 3609 1132 fecit.

2039 1174 2117 1227 Ae
2150 1173 2387 1242 primum
2429 1172 2854 1243 iaculationibus
2892 1174 2946 1227 in
2970 1186 3065 1227 eos
3098 1187 3165 1228 ex
3196 1170 3305 1226 alto
3338 1170 3609 1224 utebatur.

2042 1262 2247 1319 Deinde
2304 1263 2567 1320 trifariam
2633 1265 2811 1320 diviso
2867 1264 3111 1320 exercitu
3182 1260 3612 1318 circumcludere

2040 1351 2381 1409 Caesarianos
2434 1363 2490 1408 et
2531 1352 2844 1410 Urselianos
2871 1353 3209 1419 conabatur,
3251 1350 3451 1421 quibus
3480 1348 3613 1405 locis

2041 1444 2238 1499 ambiri
2274 1453 2542 1514 poterant,
2572 1459 2697 1498 nam
2724 1460 2755 1498 a
2786 1451 2942 1510 tergo
2967 1457 3064 1498 eos
3088 1441 3404 1513 protegebat
3431 1455 3608 1493 mons.

2041 1534 2244 1591 Verum
2278 1552 2308 1591 a
2343 1536 2520 1591 tribus
2541 1536 2786 1604 partibus
2810 1536 3012 1590 acriter
3041 1534 3317 1589 instabant
3348 1530 3513 1586 Turci
3547 1545 3609 1584 ae

2043 1636 2356 1684 consertum
2390 1636 2596 1684 textum
2632 1628 2916 1698 phalangis
2944 1624 3261 1680 Latinorum
3286 1625 3611 1691 abrumpere

2041 1734 2255 1775 summa
2301 1718 2353 1773 vi
2407 1718 2741 1773 nitebantur.
2789 1716 2853 1772 lli
2900 1732 3031 1771 vero
3084 1718 3242 1786 pauci
3287 1729 3317 1770 a
3363 1711 3612 1783 pluribus

2041 1811 2420 1873 circumventi,
2468 1818 2523 1865 et
2562 1811 2718 1881 equis
2759 1809 3004 1879 ipsorum
3039 1807 3214 1861 imbre
3256 1805 3496 1874 undique
3524 1804 3614 1856 iu-

2041 1910 2269 1973 gruente
2300 1900 2623 1971 sagittarum
2660 1900 2919 1955 continue
2957 1896 3256 1967 percussis,
3298 1893 3609 1949 faciendum

2041 1993 2145 2049 sibi
2176 2001 2460 2063 putarunt,
2481 2003 2541 2046 ut
2572 1994 2775 2060 impetu
2798 1999 3147 2058 erumpentes
3177 1987 3243 2040 ad
3268 1999 3462 2040 manus
3485 2000 3610 2039 cum

2042 2085 2296 2141 hostibus
2346 2083 2617 2138 venirent.
2671 2079 2764 2135 Sic
2814 2081 2959 2135 enim
3011 2079 3080 2133 iis
3118 2086 3386 2131 terrorem
3438 2072 3611 2127 incuri

2044 2190 2204 2246 posse
2242 2174 2536 2243 sperabant
2567 2172 2806 2243 equestri
2840 2170 3019 2227 subita
3048 2168 3305 2237 procella.
3331 2162 3611 2219 Exhortati

2041 2281 2171 2336 ergo
2213 2279 2273 2319 se
2319 2265 2551 2320 invicem
2594 2262 2867 2318 consertis
2916 2270 3107 2315 mutuo
3154 2257 3327 2312 scutis
3356 2254 3613 2309 ferociter

2041 2355 2339 2410 irruerunt.
2374 2354 2452 2409 Ex
2494 2354 2598 2408 hoc
2626 2352 2855 2421 contigit
2882 2350 3087 2404 multos
3122 2346 3342 2415 quidem
3374 2343 3610 2397 hostium

2041 2447 2258 2511 cadere,
2291 2447 2438 2516 ipsos
2470 2458 2603 2500 vero
2629 2443 3040 2498 circumventos
3067 2436 3417 2493 multitudine
3444 2432 3615 2503 pluri-

2040 2555 2161 2594 mos
2188 2537 2365 2594 occidi
2412 2537 2702 2607 plerosque
2730 2533 2871 2604 capi.
2917 2530 3072 2601 Capti
3103 2538 3232 2585 sunt
3266 2536 3445 2582 autem
3485 2538 3611 2579 cum

2040 2629 2129 2685 bis
2150 2638 2203 2684 et
2226 2628 2409 2683 Caesar
2444 2634 2500 2681 et
2533 2624 2800 2682 Urselius.
2826 2624 2896 2678 At
2926 2620 3204 2677 Urselium
3233 2616 3345 2689 83
3392 2615 3611 2686 quidem

2041 2720 2271 2777 victoria
2318 2720 2477 2774 laetus
2510 2717 2717 2773 Artucb
2744 2723 2968 2786 accepto
2996 2712 3175 2784 pretio
3205 2712 3323 2766 suis
3357 2706 3611 2773 reddidit,

2041 2816 2307 2870 Caesarem
2329 2826 2456 2867 vero
2472 2825 2655 2867 secum
2677 2807 2883 2863 habens
2897 2808 2950 2860 in
2970 2804 3304 2876 superiorem
3319 2799 3610 2871 Phrygiam

2041 2905 2195 2960 abiit.
2216 2903 2447 2959 Michael
2469 2915 2633 2973 porro
2651 2902 2928 2970 Augustus
2949 2896 3148 2952 auditis
3164 2909 3285 2964 qua:
3304 2891 3614 2948 acciderant

2042 3000 2208 3054 mittit
2251 2998 2341 3068 qui
2373 2997 2643 3052 Caasarem
2676 2994 3028 3049 redimerent.
3075 2987 3292 3043 Dimisit
3334 2992 3514 3039 autem
3554 2978 3615 3038 et

2037 3106 2163 3148 eum
2194 3089 2482 3152 barbarus,
2524 3086 2709 3142 multis
2762 3083 3008 3155 pecuniis
3050 3078 3312 3147 acceptis.
3347 3075 3613 3132 Caeterum

2038 3182 2220 3238 Caesar
2241 3180 2686 3251 appropinquans
2714 3172 3189 3242 Constantinopoli
3213 3179 3268 3226 et
3294 3167 3524 3232 veritus,
3546 3180 3615 3221 ne

2039 3273 2171 3343 quid
2218 3271 2292 3341 ibi
2324 3270 2568 3325 atrocius
2591 3275 2889 3338 pateretur,
2920 3279 3045 3320 eum
3084 3261 3153 3317 ad
3183 3257 3615 3315 Traebonesium

2040 3362 2470 3427 transfretasset,
2517 3358 2873 3414 monasticam
2906 3355 2979 3411 ibi
3015 3363 3216 3408 vestem
3247 3349 3425 3404 induit
3453 3361 3613 3402 coma

2042 3452 2268 3508 detonsa
2292 3488 2309 3515 ,
2352 3458 2408 3505 et
2445 3450 2526 3505 sic
2556 3444 2873 3515 imperatori
2911 3439 3162 3497 Michaeli
3196 3454 3257 3495 se
3298 3437 3482 3502 sistit,
3521 3435 3615 3506 qui

2042 3557 2170 3600 eum
2196 3541 2388 3598 videns
2415 3537 2692 3598 simulavit
2715 3549 2857 3606 aegre
2885 3532 3048 3590 ferre.

2110 3802 2199 3859 l9.
2240 3801 2304 3857 Et
2332 3813 2418 3855 res
2439 3796 2659 3869 quidem
2686 3790 2992 3852 admirandi
3012 3790 3246 3849 Caesaris
3267 3787 3428 3846 talem
3451 3788 3612 3845 tinem

2037 3892 2367 3948 habuerunt.
2389 3886 2636 3944 Urselius
2661 3899 2791 3941 vero
2806 3883 3121 3954 captivitate
3139 3880 3403 3936 liberatus
3422 3893 3615 3933 rursus

2040 3983 2172 4039 abiit
2199 3980 2357 4052 quasi
2380 3993 2571 4034 versus
2595 3976 2833 4031 Pontum
2863 3985 2919 4029 et
2946 3987 3101 4027 arces
3146 3970 3409 4041 quasdam
3439 3982 3610 4022 oceua

2038 4076 2207 4147 pavit,
2236 4073 2383 4128 unde
2406 4069 2703 4126 infestabat
2733 4065 2895 4122 Ponti
2927 4064 3203 4131 civitates,
3237 4063 3527 4115 Amaseam
3559 4067 3613 4112 et

2038 4168 2465 4223 Neocaesaream.
2505 4161 2766 4217 Vastabat
2789 4159 2933 4215 enim
2964 4156 3312 4214 circumsitas
3342 4153 3409 4209 iis
3435 4152 3613 4223 regio-

2041 4273 2139 4313 nes
2174 4265 2228 4312 et
2269 4253 2617 4310 suburbanos
2642 4261 2803 4320 agros
2826 4246 3222 4317 vectigaliaque
3248 4242 3350 4299 sibi
3378 4240 3613 4311 pendere

365 4365 481 4434 ρεῖν
523 4333 1072 4429 κατηνάγκαζενίῖυ
1109 4333 1184 4426 Ὕδῆ
1227 4333 1430 4426 μαθὼν-
1460 4359 1489 4409 6
1527 4355 1777 4425 βασιλεὺς
1827 4356 1934 4409 Μι-

2041 4349 2287 4421 cogebat.
2310 4344 2466 4412 Quod
2496 4357 2619 4398 cum
2652 4340 2999 4411 cognovisset
3029 4339 3325 4408 imperator
3358 4333 3609 4397 Michael,

364 4451 506 4522 χαὴλ
527 4452 617 4503 τὸν
662 4450 1025 4517 Πιλαιολόγον
1063 4448 1378 4519 Νικηφόρον
1409 4449 1542 4514 πρὸς
1571 4448 1662 4500 τὸν
1695 4446 1933 4518 ἄρχοντα

378 4542 627 4605 Ἀλανίας
645 4540 1001 4611 ὲκπέπομφεν
1014 4538 1211 4604 ἄξοντα
1235 4538 1552 4607 στράτευμα
1578 4537 1929 4609 μισθοφόρον.

374 4635 437 4687 Ὀ
467 4633 525 4686 δὲ
555 4632 803 4686 ἀπελθὼν
853 4632 950 4685 καὶ
982 4630 1210 4701 στρατὸν
1244 4628 1460 4682 ἐκεῖθεν
1491 4629 1775 4682 ἀναλαϐὼν
1807 4625 1936 4695 περί

367 4744 473 4779 που
500 4726 597 4789 τὰς
627 4725 687 4790 ἒξ
726 4725 968 4795 χιλιάδας
998 4724 1090 4775 τὸν
1125 4723 1325 4775 Πόντον
1360 4722 1652 4791 κατείληφε
1698 4723 1794 4773 καὶ
1831 4721 1936 4782 τὰς

366 4817 544 4885 ὁρμὰς
578 4815 671 4868 τοῦ
708 4814 999 4884 Ούρσελίου
1033 4813 1378 4866 ἀναστέλλειν
1422 4812 1778 4883 ἀπεπειρᾶτο.
1813 4808 1936 4862 Τῶν

364 4907 411 4959 δ’
450 4906 683 4957 Ἀλανῶν
713 4902 1084 4957 ἀπαιτούντων
1118 4903 1210 4956 τὸν
1258 4901 1684 4971 συμφωνηθέντα
1717 4900 1933 4970 μισθὸν,

366 4998 488 5048 ἐπεὶ
509 4998 583 5066 μὴ
610 4992 752 5066 εἶχεν
783 4997 1010 5056 ἐκεῖνος,
1031 4993 1345 5064 ἠναγκάσθη
1371 4991 1447 5063 τῷ
1468 4991 1743 5061 Οὖρσελίῳ
1764 5005 1937 5061 προσ-

363 5088 549 5139 δχλεῖν
599 5088 704 5158 πρὸ
736 5086 828 5139 τοῦ
865 5085 1258 5154 παλινοστῆσειι
1293 5086 1420 5147 τοὺς
1477 5081 1753 5145 Ἀλανούς.
1792 5080 1935 5134 Ἀλλ’

363 5172 512 5232 οὗτοι
543 5178 810 5230 ἐνέκειντο
840 5178 963 5238 τοὺς
984 5175 1208 5245 μισθοὺς
1235 5173 1615 5236 ἀπαιτοῦντες,
1654 5171 1713 5225 δν
1740 5170 1805 5241 δὴ
1831 5188 1937 5225 πα⁴

368 5272 591 5340 ρασχεῖν
627 5270 837 5322 ἐκείνου
898 5269 973 5339 μὴ
1014 5268 1227 5338 ἔχοντος
1271 5265 1619 5335 ὑπέστρεφον
1669 5263 1935 5327 ἅπαντες,

363 5360 562 5429 ὀλίγων
584 5360 786 5430 δηλαδὴ
800 5359 1291 5430 καταλειφθέντων.
1310 5353 1404 5421 Οἷς
1427 5357 1493 5428 δὴ
1511 5357 1606 5410 καὶ
1634 5355 1934 5427 συμϐαλὼν

363 5454 392 5504 ὁ
423 5451 717 5520 Ούρσὲλιος
746 5451 1011 5521 ἐτρέψατό
1061 5467 1121 5504 τε
1165 5450 1390 5515 τούτους
1430 5448 1527 5503 καὶ
1570 5447 1671 5501 οὐκ
1719 5447 1937 5516 ὀλίγους

362 5542 577 5597 ἀνεῖλεν
604 5542 806 5608 αὐτῶν,
834 5544 884 5596 oi
920 5542 976 5596 δὲ
1012 5542 1190 5595 λοιποὶ
1211 5543 1291 5604 είς
1319 5542 1420 5605 τᾲς
1451 5539 1547 5594 τοῦ
1588 5540 1789 5594 Πόντου
1829 5540 1938 5592 διε-

365 5635 619 5708 σώθησαν
642 5636 848 5700 πόλεις.
876 5630 1358 5702 Ἀπαγγελθέντων
1385 5631 1443 5684 δὲ
1466 5630 1672 5684 τούτων
1722 5631 1801 5702 τῷ
1832 5630 1931 5701 βα-

2038 4440 2399 4507 Palaaologum
2448 4432 2816 4503 Nicephorum
2863 4429 2931 4483 ad
2998 4428 3357 4498 imperantem
3407 4422 3614 4478 Alanize

2038 4531 2191 4588 misit
2231 4531 2525 4586 ducturum
2579 4518 2995 4595 stipendiarium
3030 4518 3373 4581 exercitum,
3418 4515 3511 4585 qui
3548 4528 3614 4568 eo

2040 4625 2319 4697 profeetus
2379 4613 2818 4688 conscriptisque
2877 4613 2952 4668 ibi
3008 4609 3180 4682 copiis
3239 4601 3458 4661 circiter
3517 4619 3611 4659 sex

2039 4696 2271 4773 millium
2312 4713 2369 4768 in
2410 4711 2642 4765 Pontum
2674 4724 2732 4764 se
2766 4705 2994 4763 contulit
3031 4714 3086 4759 et
3137 4702 3375 4771 impetus
3415 4696 3617 4757 Urscli't

2039 4809 2334 4878 reprimere
2362 4804 2680 4860 conabatur.
2706 4799 2908 4855 Verum
2932 4796 3123 4851 Alanis
3155 4791 3461 4864 petentibus
3489 4802 3616 4860 pro-

2039 4901 2267 4956 missum
2290 4896 2645 4966 stipendium,
2674 4908 2799 4948 cum
2822 4907 2927 4946 non
2947 4889 3173 4944 haberet
3203 4885 3342 4940 unde
3358 4883 3611 4947 solveret,

2040 4990 2410 5046 necessarium
2467 4986 2758 5041 consilium
2826 4979 3065 5047 suscepit
3139 4975 3417 5047 pugnandi
3484 4988 3617 5031 eum.

2039 5078 2277 5143 Urselio,
2295 5077 2609 5148 priusquam
2635 5072 2814 5137 Alani,
2838 5070 2983 5141 quod
3003 5068 3377 5133 minabantur,
3394 5066 3613 5120 recedo—

2040 5184 2179 5229 rcnt.
2208 5171 2279 5226 At
2310 5168 2388 5225 illi
2425 5166 2803 5223 vehementius
2836 5161 3140 5228 instabant,
3190 5167 3249 5215 ut
3278 5159 3381 5214 sibi
3412 5171 3611 5228 repra—

2039 5273 2349 5323 sentaretur
2371 5261 2800 5334 “constituta
2833 5270 3064 5322 merces,
3091 5254 3235 5326 quod
3255 5268 3378 5309 cum
3403 5250 3609 5305 Palam-

2041 5360 2197 5431 logus
2228 5354 2458 5426 pecunia
2490 5366 2684 5406 carens
2716 5347 2896 5404 facere
2916 5348 3216 5418 nequisset,
3240 5343 3394 5399 Alani
3419 5339 3607 5412 paucis

2038 5449 2281 5520 exceptis
2315 5459 2508 5500 omnes
2537 5441 2809 5496 abierunt.
2841 5437 2979 5494 Cum
3019 5438 3245 5509 reliquis
3268 5443 3447 5490 autem
3472 5445 3606 5486 con-

2039 5556 2256 5613 gressus
2308 5534 2551 5593 Urselins
2588 5548 2683 5587 eos
2731 5546 2838 5587 non
2889 5531 3082 5601 paucis
3131 5527 3331 5584 occisis
3384 5523 3521 5579 fudit
3550 5528 3606 5575 et

2038 5632 2190 5686 varie
2244 5628 2297 5684 in
2353 5625 2508 5682 Ponti
2582 5623 2829 5679 civitates
2886 5620 3072 5685 fugere
3132 5620 3328 5681 coegit.
3391 5613 3604 5677 Quibus

3513 239 3619 305 126
3712 231 3723 239 ’
