4070 6214
459 177 560 245 127

1658 170 2088 239 NICEPIIOHI
2127 174 2502 240 ΒΒΥΕΝΧΠ

3606 171 3709 237 19.8

460 287 710 344 Michaeli
762 285 1009 357 Augusto
1064 283 1330 341 nuntiatis
1365 257 1661 340 accersitus
1713 284 1783 339 ab
1830 299 1898 339 eo
1954 293 2040 339 est

2166 287 2283 340 ῖιλεῖ
2338 287 2579 357 Μιχαὴλ,
2617 288 2645 339 ό
2685 287 2846 349 καλὸς
2898 285 3113 348 νεανίας
3159 283 3513 355 μετεκαλεῖτο
3553 286 3706 340 Ἀλέ-

462 386 736 451 ριυςιιειεηε
767 378 934 432 animi
961 376 1181 446 juvenis
1206 374 1449 441 Alexius,
1482 373 1664 431 divina
1697 375 2040 445 providentia

460 470 573 539 jam
606 468 823 525 volente
853 468 1120 523 illustrem
1150 468 1271 538 ejus
1294 469 1550 522 virtutem
1583 468 1831 522 reddere.
1852 466 2042 523 Decla-

462 570 618 616 ratas
648 568 732 615 est
758 562 903 616 enim
937 559 1048 614 dux
1076 573 1324 615 summus
1353 559 1630 615 exercitus
1664 567 1720 614 et
1750 559 2042 630 praefectus

464 651 607 707 bello
635 651 690 706 in
726 649 995 706 Urselium
1028 650 1289 722 gerendo.

536 743 629 798 20.
665 744 842 812 Atque
871 741 925 797 id
969 757 1170 797 munus
1199 742 1267 797 ab
1295 742 1621 811 imperatore
1648 740 1888 796 delatum
1924 741 2045 809 ipse

468 833 683 904 quidem
716 832 950 886 libenter
974 832 1297 887 admittebat
1331 851 1346 887 :
1374 847 1564 888 verum
1590 833 1711 903 ejus
1740 842 1915 888 mater
1942 833 2047 889 hoc

467 933 750 995 comperto
800 923 1060 980 omnibus
1096 923 1275 981 modis
1326 925 1396 981 ab
1433 940 1498 980 eo
1538 926 1940 992 contendebat,
1986 935 2048 981 ut

467 1017 617 1072 illam
644 1014 983 1086 provinciam
1018 1024 1319 1079 recusaret,
1350 1017 1507 1073 aiens
1535 1032 1643 1071 non
1675 1018 1863 1088 utique
1884 1017 2046 1088 juve-

468 1108 599 1163 nilis
651 1108 852 1163 mentis
900 1116 953 1163 et
1011 1123 1206 1164 manus
1261 1109 1536 1180 negotium
1604 1124 1725 1164 esse
1772 1107 2044 1165 Urselium

467 1201 706 1268 vincere,
758 1201 853 1257 sed
901 1202 1025 1265 viri,
1076 1203 1307 1273 ejusque
1371 1203 1530 1260 fortis
1590 1214 1645 1259 et
1694 1221 1818 1261 cum
1879 1206 2049 1261 multa

469 1296 696 1352 scientis
752 1306 868 1351 tum
922 1297 1154 1366 plurima
1201 1298 1433 1367 operati.
1492 1297 1621 1354 Haec
1666 1300 1731 1354 ad
1790 1300 2046 1355 Alexium

468 1397 663 1455 mater,
708 1390 801 1459 qui
855 1387 1075 1443 blandis
1127 1389 1360 1445 adeam
1408 1391 1866 1459 persuasionibus
1916 1407 2050 1447 usus

469 1483 785 1551 impetravit
838 1490 1206 1536 commeatum
1251 1480 1511 1537 abeundi.
1550 1482 1830 1538 Profectus
1862 1483 2048 1552 itaque
2084 1476 2085 1479 “

470 1583 555 1628 est
598 1588 707 1627 non
758 1574 862 1629 alia
893 1589 952 1629 re
985 1572 1159 1644 magis
1206 1588 1369 1643 quam
1401 1575 1664 1630 maternis
1696 1575 1837 1645 apud
1880 1574 2046 1627 Deum

471 1679 572 1733 pro
622 1679 682 1720 se
734 1666 993 1735 precibus
1044 1664 1352 1720 viaticatus.
1408 1663 1543 1720 Nam
1604 1666 1672 1721 ab
1722 1666 2051 1736 imperatore

472 1769 650 1825 neque
710 1756 995 1824 pecuniam
1044 1756 1255 1824 accepit
1309 1757 1364 1809 in
1412 1756 1538 1810 belli
1575 1765 1835 1826 sumptus
1874 1770 2053 1826 neque

472 1844 684 1914 justum
734 1847 1057 1903 exercitum.
1117 1846 1520 1917 Transgressus
1575 1858 1758 1903 autem
1816 1846 2051 1902 Pontum

473 1934 1112 2007 PaphlagoniaaAmaseae
1124 1953 1184 1993 se
1203 1939 1467 2005 admovit,
1492 1938 1583 1993 ubi
1608 1939 1806 2008 reperit
1824 1938 2052 2001 Alanos.

474 2027 569 2095 qui
610 2028 813 2097 ultima:
840 2028 980 2083 cladi
1026 2028 1438 2098 superfuerant,
1467 2044 1575 2083 non
1607 2030 1792 2099 plures
1835 2041 2053 2085 centum

474 2116 892 2188 quinquaginta.
928 2117 1027 2173 His
1059 2118 1124 2172 ad
1157 2134 1288 2174 suas
1322 2127 1514 2176 tenues
1545 2120 1737 2190 copias
1783 2121 2057 2191 adjunctis

473 2206 661 2269 hostes
718 2209 1023 2274 coercebat,
1056 2224 1199 2278 saepe
1251 2224 1449 2266 manus
1514 2225 1834 2278 conserens,
1891 2213 2057 2268 toties

477 2299 726 2358 vincens.
776 2301 1073 2370 Postquam
1140 2311 1324 2355 autem
1385 2301 1595 2358 crebris
1657 2302 2056 2360 offensionibus

478 2391 727 2462 castigati
754 2391 865 2462 jam
903 2408 1016 2447 non
1050 2400 1255 2448 temere
1286 2393 1618 2462 prodibant,
1666 2394 1897 2451 remissa
1924 2410 2057 2450 cura

477 2484 943 2539 observandarum
958 2485 1309 2554 eruptionum
1330 2485 1504 2540 territi
1523 2485 1719 2552 hostis,
1735 2486 2060 2541 admovebat

479 2590 538 2631 se
562 2574 702 2630 clam
735 2575 1005 2644 praesidiis
1052 2574 1468 2631 Urselianorum
1499 2618 1514 2643 ,
1567 2576 1796 2632 insidias
1845 2576 2058 2632 idoneis

477 2662 617 2721 locis
646 2664 830 2721 celans
858 2680 873 2717 :
920 2674 1037 2741 tum
1069 2665 1181 2736 85
1214 2667 1481 2736 quosdam
1512 2674 1788 2723 ostentare
1814 2683 1875 2724 se
1904 2668 2064 2737 jube-

479 2757 575 2812 bat
616 2757 812 2827 praedis
842 2757 1022 2829 palam
1061 2759 1344 2829 abigendis
1374 2758 1429 2813 in
1458 2768 1758 2829 conspectu
1798 2759 2058 2831 praesidii,

480 2847 546 2901 al
574 2861 737 2915 quam
769 2846 1006 2924 speciem
1032 2862 1155 2901 cum
1191 2849 1377 2902 hostes
1403 2848 1615 2903 exirent
1641 2857 1696 2902 et
1728 2850 2062 2918 praedatores

2147 382 2278 445 ξιος,
2311 380 2411 448 τῆς
2463 379 2614 443 θείας
2652 379 2907 447 προνοίας
2959 379 3059 447 ήδη
3115 376 3446 446 βουλομένης
3493 379 3708 453 ἐμφανῆ

2146 468 2399 536 γενέσθαι
2434 470 2532 538 τὴν
2555 469 2720 522 αὐτοῦ
2748 470 2972 539 ἀρετήν.
3000 467 3382 538 Μετακληθεὶς
3401 468 3459 521 δὲ
3484 486 3713 540 στρατοο

2148 559 2425 631 πεδάρχης
2454 562 2862 631 προχειρίςεται
2889 562 2983 614 καὶ
3014 559 3317 631 στρατηγὸς
3350 559 3712 634 αὐτοκράτωρ

2146 652 2241 702 τοῦ
2266 650 2406 704 κατὰ
2438 650 2736 721 Ούρσελίου
2765 650 3028 720 πολέμου.

2216 739 2286 796 κ’.
2334 742 2392 795 Ὀ
2424 741 2522 811 μὲν
2545 740 2636 795 οὖν
2666 741 2917 811 ἁσμένως
2950 739 3163 810 ἐδέχετο
3182 739 3249 793 τά
3281 738 3359 810 τῷ
3395 738 3607 811 βασιλεῖ
3627 741 3715 796 δό-

2151 832 2337 899 ξαντα,
2373 835 2405 902 ἡ
2438 833 2493 885 δέ
2526 834 2709 904 μήτηρ
2745 833 2934 886 τούτου
2976 831 3255 901 πυθομένη
3308 831 3485 886 ταῦτα
3514 850 3720 905 παραι-

2149 922 2359 976 τεῖσθαι
2388 922 2665 992 ἠνάγκαζε
2710 924 2808 994 τὴν
2842 923 3039 994 ἀρχὴν,
3071 921 3307 990 λέγουσα
3338 922 3413 994 μὴ
3465 928 3719 997 νεανικῆς

2150 1012 2358 1065 δεῖσθαι
2388 1014 2583 1082 φρενὸς
2630 1013 2722 1066 καὶ
2759 1014 2941 1083 χειρδς
2987 1013 3056 1066 τά
3098 1015 3239 1067 κατὰ
3272 1014 3364 1067 τὸν
3396 1015 3717 1087 Οὖρσέλιον,

2152 1103 2265 1156 ἀλλ’
2291 1103 2484 1174 ἀνδρὸς
2528 1104 2777 1171 γενναίου
2829 1105 2921 1158 καὶ
2963 1104 3133 1158 πολλὰ
3170 1104 3270 1175 μὲν
3307 1106 3508 1171 εἰδότος
3549 1109 3723 1164 πολλὰ

2150 1196 2208 1250 δέ
2248 1197 2562 1266 δράσαντος.
2594 1195 2736 1249 ‘AD.’
2770 1197 2804 1265 ἡ
2835 1195 2936 1265 μέν
2972 1194 3167 1259 οὕτως,
3198 1197 3226 1248 ό
3248 1194 3306 1249 δέ
3336 1198 3720 1269 παρακλήσεσι

2152 1289 2498 1358 χρησάμενος
2520 1289 2614 1342 καὶ
2632 1287 2824 1351 πείσας
2851 1286 3017 1358 αὐτὴν
3039 1286 3184 1357 ἐξῄει
3205 1290 3326 1350 ταῖς
3349 1289 3533 1359 εὐχαῖς
3550 1289 3725 1359 αὐτῆς

2154 1381 2519 1448 ἐφοδιασθεὶς,
2549 1382 2685 1451 μήτε
2717 1380 2978 1452 χρήματα
3017 1379 3153 1450 πρὸς
3185 1379 3279 1434 τοῦ
3325 1380 3592 1451 βασιλέως
3630 1380 3727 1434 λα-

2153 1472 2264 1525 ϐὼν
2295 1473 2375 1535 εἰς
2409 1472 2508 1543 τὴν
2552 1470 2647 1525 τοῦ
2682 1472 2921 1541 πολέμου
2954 1471 3204 1542 δαπάνην
3235 1473 3373 1543 μήτε
3406 1474 3726 1547 στράτευμα

2155 1564 2471 1635 ἀξιόμαχον.
2500 1562 2732 1617 Διελθὼν
2778 1563 2835 1616 δέ
2884 1562 2976 1617 τὸν
3024 1565 3083 1617 ἐν
3134 1565 3485 1636 Παφλαγονίᾳ
3526 1567 3730 1621 Πόντον

2157 1657 2288 1718 περὶ
2320 1657 2419 1726 τὴν
2463 1655 2764 1723 Ἀμάσειαν
2810 1655 3019 1724 γέγονε,
3056 1655 3298 1719 καὶτοὺς
3324 1658 3729 1727 περισωθέντας

2155 1750 2263 1802 τῶν
2315 1747 2554 1802 Ἀλανῶν
2610 1747 2787 1818 εὑρὼν
2830 1747 2889 1800 οὗ
2928 1747 3147 1810 πλείους
3202 1748 3399 1801 ἐκατδν
3433 1748 3567 1820 πρὸς
3615 1753 3729 1813 τοῖς

2156 1841 2496 1913 πεντήκοντα
2507 1840 2687 1904 ὄντας,
2712 1839 2841 1903 τοὺς
2865 1840 3159 1910 πολεμίους
3187 1838 3493 1905 ἀνέστελλε,
3530 1840 3717 1894 πολλάν

2156 1950 2246 1996 κις
2276 1932 2374 2002 μὲν
2406 1932 2593 1994 αὐτοῖς
2634 1930 2979 2002 προσϐαλὼν,
3012 1931 3341 1995 τοσαυτάκις
3392 1931 3439 1986 δ’
3465 1934 3726 2003 ήττήσας.

2169 2022 2324 2076 Ἐπεὶ
2345 2021 2402 2076 δὲ
2429 2022 2528 2084 τὰς
2552 2020 2757 2075 τούτων
2802 2020 2980 2093 ὁρμὰς
3016 2021 3384 2087 συνέστελλεν,
3423 2022 3608 2076 οὐκέτι
3630 2024 3733 2088 τὰς

2157 2113 2472 2177 ἐπελεύσεις
2503 2112 2590 2186 [Ρ.
2624 2113 2716 2186 58]
2756 2115 2982 2168 ἐκείνων
3007 2115 3219 2187 ἐτήρει,
3250 2115 3367 2169 ἀλλ’
3389 2115 3558 2169 ἐπιὼν
3593 2118 3732 2187 πρὸς

2155 2204 2225 2258 τὰ
2286 2204 2524 2276 φρούρια
2588 2203 2658 2258 τὰ
2717 2207 2850 2275 παρ’
2880 2203 3048 2259 αὑτοῦ
3110 2207 3456 2278 κατεχόμενα
3513 2209 3733 2282 ἐνέδρας

2158 2294 2364 2357 ἐνίστα,
2418 2294 2513 2349 καί
2574 2312 2728 2359 τινας
2784 2296 2922 2367 πρὸς
2972 2297 3287 2368 διαρπαγὴν
3347 2299 3571 2370 πλησίον
3622 2300 3734 2354 τῶν

2142 2382 2438 2458 φρουρίων
2464 2385 2764 2459 ἐξέπεμπε.
2802 2387 2926 2441 Τῶν
2979 2388 3112 2457 γοῦν
3148 2389 3426 2460 πολεμίων
3480 2391 3734 2457 ἐξιόντων

2160 2479 2256 2531 καὶ
2293 2478 2597 2532 διωκόντων
2620 2478 2746 2543 τοὺς
2770 2481 3232 2552 προνομεύοντας,
3254 2483 3421 2547 αὐτὸς
3449 2483 3608 2551 ἐξιὼν
3633 2484 3734 2554 τῆς

2162 2569 2386 2643 ἐνέδρας
2412 2570 2509 2634 τὰς
2540 2573 2619 2636 εἰς
2656 2571 2716 2626 ea
2746 2571 3008 2646 φρούριον
3049 2574 3324 2647 φερούσας
3371 2575 3524 2641 ὁδοὺς
3569 2594 3735 2631 κατε-

2159 2661 2406 2732 λάμϐανε
2437 2663 2531 2717 καὶ
2558 2665 2686 2727 τοὺς
2714 2663 3014 2729 διώκοντας
3034 2665 3269 2736 ἀπεῖργε
3289 2668 3386 2737 τῆς
3412 2667 3548 2739 πρὸς
3562 2669 3736 2724 ταῦτα

2163 2756 2396 2810 εἰσόδου.
2423 2756 2713 2812 Ξυνέϐαινε
2745 2757 2878 2826 γοῦν
2903 2757 3100 2830 μικροῦ
3126 2760 3236 2813 δεῖν
3268 2760 3477 2823 πάντας
3507 2760 3736 2833 ζωγρεῖ-

2166 2847 2311 2913 σθαι,
2340 2848 2436 2903 ἅτε
2467 2849 2577 2904 τῶν
2610 2850 2747 2923 πρδς
2780 2850 2850 2904 τὰ
2882 2850 3119 2923 φρούρια
3147 2852 3426 2924 φερουσῶν
3450 2853 3583 2906 ὁδῶν
3609 2869 3742 2926 προ-

482 2948 867 3007 sequerentur,
894 2937 1009 3007 ipse
1040 2953 1379 3008 consurgens
1409 2953 1473 2994 ex
1507 2939 1723 2995 insidiis
1753 2939 1853 2996 iter
1877 2955 2061 3008 egres-

2168 2938 2643 3010 κατειλημμένων,
2697 2941 2915 2995 Τούτων
2951 2940 3085 3009 γοῦν
3140 2943 3399 3012 συχνάκις
3437 2942 3742 3013 γινομένων

482 3026 560 3081 sis
594 3025 660 3080 ad
709 3026 947 3081 reditum
1006 3029 1428 3098 prmoccupabat
1467 3028 1907 3099 interclusosque
1953 3029 2062 3085 cir-

482 3103 839 3171 ctitnveniens
875 3116 987 3172 fere
1018 3133 1208 3173 omnes
1233 3119 1484 3188 capiebat
1530 3120 1710 3175 vivos.
1739 3117 1837 3174 His
1866 3120 2066 3189 saepius

485 3206 646 3263 fartis
691 3209 748 3264 in
801 3208 1094 3264 maximam
1144 3208 1516 3264 difﬁcultatem
1553 3225 1737 3265 rerum
1770 3210 2065 3265 barbarum

485 3299 745 3372 ronjecit,
793 3302 887 3373 qui
930 3302 1141 3372 justum
1181 3303 1390 3359 habens
1419 3303 1722 3359 exercitum
1756 3303 1942 3373 praelio
1970 3303 2067 3357 de-

487 3406 712 3449 cernere
766 3409 933 3466 quam
991 3395 1228 3465 primum
1292 3395 1566 3466 cupiebat.
1631 3393 1736 3451 Sed
1790 3395 2069 3452 contrario

486 3484 720 3540 consilio
769 3483 1030 3551 Alexius,
1072 3485 1165 3556 qui
1219 3501 1414 3556 parum
1461 3487 1577 3542 suis
1626 3486 1801 3557 copiis
1853 3485 2066 3551 fideret,

487 3575 648 3629 furtis
677 3575 824 3641 belli,
862 3591 969 3630 non
1004 3578 1391 3648 congressibus
1425 3580 1652 3649 apertis,
1686 3578 1907 3634 vincere
1944 3577 2074 3633 bar-

490 3665 685 3719 barum
726 3664 1062 3719 decreverat.
1097 3665 1286 3736 Itaque
1321 3668 1541 3736 quoties
1584 3668 1674 3722 ille
1704 3677 1966 3738 tanquam
2002 3667 2069 3723 ad

493 3755 618 3809 acie
645 3754 965 3810 certandum
1000 3756 1186 3825 copias
1218 3766 1504 3827 coegerat,
1552 3757 1639 3812 ltie
1689 3758 1973 3829 quiescere
2012 3772 2072 3812 se

494 3841 632 3897 vélle
688 3843 1002 3899 simulabat.
1063 3844 1128 3900 Et
1167 3846 1260 3901 ubi
1307 3847 1517 3917 aliquot
1554 3847 1770 3903 dierum
1805 3849 2069 3919 patientia

494 3934 757 4005 impetum
808 3946 1124 4006 paratorum
1188 3937 1256 3993 ad
1311 3940 1561 4009 prmlium
1614 3940 2067 4013 refrigeraverat,

495 4022 750 4090 prodibat
811 4024 1122 4080 clanculum
1187 4036 1240 4083 et
1290 4044 1398 4082 non
1444 4030 1605 4101 longe
1659 4030 1727 4085 ab
1779 4031 2071 4087 hostilibus

493 4111 692 4167 castris
723 4113 950 4169 insidias
984 4115 1224 4181 locabat,
1274 4117 1391 4173 vias
1425 4132 1817 4189 praeoccupans
1866 4121 2069 4190 quibus

493 4213 833 4257 commeatus
864 4204 1240 4259 inferebantur
1266 4215 1321 4261 et
1367 4208 1657 4278 plerosque
1692 4225 1970 4265 annonam
2004 4226 2069 4265 ac

2168 3029 2248 3093 ei;
2279 3029 2591 3101 ἀμηχανίαν
2641 3032 2831 3102 εἰσῆγε
2893 3030 2982 3085 τὸν
3034 3030 3335 3102 βάρϐαρον.
3380 3031 3441 3086 ὐ
3478 3039 3575 3103 μὲν
3629 3033 3743 3105 γὰρ

2167 3118 2464 3191 ἀξιόμαχον
2509 3120 2650 3190 ἔχων
2694 3121 2925 3192 δύναμιν
2951 3122 3201 3176 ἐϐούλετο
3242 3124 3389 3195 μάχῃ
3422 3125 3521 3195 μιᾷ
3544 3124 3741 3195 κριθῆ-

2168 3228 2257 3266 ναι
2284 3212 2355 3266 τὰ
2404 3212 2522 3265 κατ’
2559 3211 2746 3276 αὐτὸν,
2783 3212 2812 3263 ὁ
2842 3211 2899 3265 δέ
2931 3214 3416 3285 στρατοπεδάρχης
3459 3214 3743 3285 δυνάμεως

2170 3304 2391 3377 ἀπορῶν
2418 3306 2891 3374 καταστρατηγεῖν
2930 3305 3020 3358 τὶν
3049 3304 3329 3377 βάρϐαρον
3361 3305 3609 3358 ἔσπευδε.
3637 3306 3748 3357 Καὶ

2169 3396 2407 3465 ὁπηνίκα
2457 3396 2664 3459 ἐκεῖνος
2690 3394 2751 3448 τδ
2799 3396 2997 3449 ἐαυτοῦ
3031 3396 3353 3467 συνήθροιζε
3408 3395 3746 3467 στράτευμα,

2170 3478 2324 3549 οὗτος
2376 3486 2606 3556 ἠρεμεῖν
2659 3486 3058 3553 προσεποιεῖτο,
3106 3484 3199 3538 καὶ
3257 3481 3492 3553 διασχὼν
3537 3482 3750 3553 ἡμέρας

2173 3576 2327 3639 τινὰς
2373 3576 2518 3648 ἐξῄει
2552 3575 2731 3647 λάθρα
2760 3575 2857 3629 καὶ
2907 3575 2967 3638 οὐ
3017 3575 3207 3647 πόρρω
3235 3575 3423 3628 τούτου
3454 3574 3750 3644 γενόμενος

2170 3667 2363 3739 λόχους
2413 3668 2597 3721 ἐνίστα
2651 3669 2748 3721 καὶ
2801 3666 2868 3720 τὰ
2929 3666 3446 3738 πλεῖσταιένήδρευε
3491 3665 3751 3729 καὶτοὺς

2173 3759 2267 3813 ἐπὶ
2295 3760 2355 3812 τὺ
2383 3761 2700 3831 στράτευμα
2724 3759 3141 3830 διακομίζον-ξας
3165 3759 3418 3831 ἐζώγρει.
3462 3757 3751 3824 Ἀγγελλο-

2178 3848 2353 3920 μένων
2382 3849 2439 3903 δέ
2483 3850 2690 3903 τούτων
2739 3849 2817 3920 τῷ
2846 3849 3110 3921 βαρϐάρῳ
3160 3849 3492 3920 στρατιῶται
3541 3847 3757 3903 ἐκεῖθεν

2175 3941 2489 4010 ἐπέμποντο
2529 3939 2907 4012 βοηθήσοντες.
2954 3940 3116 3995 Ἀλλὰ
3144 3940 3475 4010 τοῖς·λόχοις
3511 3938 3608 3992 καὶ
3632 3939 3757 3999 ταῖς

2177 4033 2423 4104 ἐνέδραις
2478 4033 2850 4104 ἐμπίπτοντες
2906 4033 3105 4106 μικροῦ
3136 4033 3245 4087 δεῖν
3268 4033 3437 4103 ἄρδην
3466 4031 3759 4104 ἡλίσκοντο

2176 4120 2415 4189 ἅπαντες
2437 4140 2451 4155 ο
2487 4123 2830 4195 ἀναιρεῖσθαι
2860 4115 2973 4194 γὰρ
3003 4123 3225 4187 τούτους
3254 4124 3355 4192 ούχ
3381 4122 3527 4176 ὅσιον
3569 4117 3760 4190 ἐνομί-

2177 4213 2300 4278 ζετο
2335 4212 2412 4285 τῷ
2439 4213 2889 4285 στρατοπεδάρχῃ
2913 4212 3277 4283 Χριστιανοὺς
3309 4212 3491 4274 ὄντας.

494 4300 695 4347 caztera
721 4298 1031 4351 necessaria
1061 4299 1392 4367 portantium
1447 4301 1691 4369 capiens.
1753 4303 1881 4357 Haec
1910 4314 1967 4358 ut
2026 4303 2294 4361 barbarus
2334 4313 2618 4368 senserat,
2674 4304 2922 4360 mittebat
3009 4303 3285 4374 extemplo
3332 4301 3760 4372 pabulatoribus

496 4382 725 4437 auxilia.
774 4381 877 4437 Sed
925 4386 1076 4441 missi
1130 4388 1473 4445 incurrentes
1522 4391 1578 4446 in
1647 4392 1874 4447 insidias
1940 4395 2291 4462 paucissimis
2351 4396 2699 4452 elabentibus
2767 4394 3127 4466 capiebantur
3198 4409 3413 4450 omnes.
3472 4393 3607 4448 Nam
3661 4407 3763 4449 eos

496 4477 744 4531 occidere
792 4476 944 4533 nefas
992 4480 1183 4537 Alexio
1232 4483 1536 4549 videbatur,
1581 4501 1708 4541 cum
1762 4485 2061 4543 Christiani
2099 4500 2310 4546 essent.

564 4566 655 4622 2|.
696 4566 817 4623 Haec
858 4570 1058 4640 saepius
1090 4574 1162 4626 ita
1193 4582 1341 4643 gesta
1376 4575 1725 4632 vehementer
1766 4580 2062 4635 conturba-

2246 4587 2353 4637 καθ.
2380 4581 2569 4637 Ταῦτα
2599 4581 2865 4646 πολλάκις
2911 4582 3175 4653 γινόμενα
3223 4579 3476 4651 μεγάλως
3525 4578 3764 4633 ἐλύπουν

496 4659 630 4713 bant
660 4662 976 4718 barbarum.
996 4664 1131 4719 Nam
1155 4665 1423 4733 civitates,
1444 4684 1565 4738 qua:
1591 4680 1737 4726 metu
1761 4679 1858 4725 aut
1881 4686 2069 4727 amore

499 4752 603 4820 ipsi
659 4753 912 4809 favebant
963 4763 1018 4810 et
1068 4758 1351 4828 vectigalia
1400 4746 1727 4830 pendebant,
1783 4772 2070 4834 postquam

500 4847 788 4918 desperare
817 4847 938 4920 ejus
973 4851 1236 4906 auxilium
1269 4861 1365 4908 aut
1398 4870 1505 4909 non
1538 4856 1732 4911 timere
1766 4855 1942 4927 ipsius
1970 4857 2075 4910 im-

503 4949 686 5009 petum
705 4952 1010 5011 emperunt,
1032 4943 1360 5000 lucrifacere
1380 4953 1656 5015 sumptum
1684 4946 2070 5015 pensitationis

503 5032 587 5086 vel
618 5031 827 5089 inutilis
858 5035 943 5089 vel
986 5051 1093 5091 non
1127 5037 1451 5093 necessariae
1481 5046 1782 5108 coeperunt.
1828 5038 2075 5105 Quarum

504 5119 889 5177 collationibus
915 5126 1258 5181 cessantibus
1286 5126 1469 5196 inopia
1498 5126 1747 5184 Urselius
1772 5128 1974 5198 ingenti
2004 5129 2082 5184 rei

506 5214 829 5270 nummaria:
848 5214 1105 5272 laborans
1120 5217 1232 5288 86
1248 5217 1535 5272 consilium
1562 5218 1681 5274 iniit
1701 5228 1941 5276 astutum
1963 5220 2087 5292 qui-

508 5302 657 5368 dem,
686 5320 792 5359 non
817 5314 995 5360 tamen
1025 5318 1221 5362 eventu
1252 5307 1401 5363 felix.
1434 5308 1569 5363 Cum
1609 5312 1755 5366 enim
1777 5313 2075 5382 accepisset

509 5396 754 5465 erupisse
783 5395 1091 5453 Tutachum
1126 5414 1157 5453 e
1195 5398 1415 5455 Perside
1441 5400 1506 5455 ad
1530 5411 1705 5457 terras
1742 5404 1953 5473 imperii
1983 5420 2076 5459 va-

515 5500 538 5537 s
570 5484 741 5538 andas
764 5500 886 5537 cum
920 5500 1114 5554 magno
1154 5490 1395 5543 exercitu
1438 5489 1763 5557 Turcorum,
1813 5494 2079 5564 optimum

519 5569 661 5626 laetu
688 5575 894 5642 putavit
918 5575 1208 5645 ailjuugcre
1232 5593 1288 5631 sc
1309 5578 1410 5648 ipsi
1437 5587 1489 5634 et
1526 5580 1617 5635 tali
1648 5583 1793 5639 socio
1824 5585 2086 5642 adversus

2176 4669 2270 4723 τὸν
2296 4670 2592 4742 βάρϐαρονο
2619 4672 2734 4726 τῶν
2756 4671 2866 4744 γὰρ
2891 4672 3104 4727 πόλεων
3136 4672 3262 4726 ὅσαι
3288 4672 3575 4743 προσεῖχον
3608 4669 3762 4740 αὐτῷ

2180 4763 2444 4835 πρότερον
2458 4764 2607 4834 φόϐῳ
2624 4764 2657 4836 ἢ
2677 4765 2861 4836 εὐνοίᾳ
2882 4763 3057 4834 τούτῳ
3077 4762 3545 4834 δασμοφοροῢσαι,
3572 4762 3765 4831 ἐπειδὴ

2186 4853 2585 4922 ἀπογινώσκειν
2606 4854 2715 4909 τῶν
2761 4853 2884 4909 κατ’
2933 4854 3098 4908 αὑτὸν
3143 4853 3398 4924 ἤρξαντο,
3424 4853 3578 4906 ούδέν
3612 4853 3767 4906 οὐδε-

2191 4943 2288 5014 μία
2310 4947 2570 5016 παρεῖχεν
2603 4944 2773 5015 αὐτῷ.
2807 4945 2915 4999 Καὶ
2947 4944 3038 4998 διὰ
3067 4943 3230 4998 τοῦτο
3261 4941 3565 5013 χρημάτων
3623 4957 3767 4994 σπα-

2190 5035 2352 5100 νίζων
2398 5034 2595 5107 βουλὴν
2626 5034 2982 5090 ἐϐουλεύσατο
3027 5034 3248 5105 βαθεῖαν
3276 5034 3398 5104 μὲν,
3421 5034 3482 5088 ού
3530 5031 3765 5101 συνετὴν

2186 5122 2243 5176 δὲ
2265 5125 2432 5194 ὅμως,
2460 5124 2536 5188 ὡς
2559 5124 2620 5178 τὸ
2647 5125 2800 5189 τέλος
2830 5124 3134 5192 ἀπέδειξεν.
3165 5125 3327 5197 ’Ἄρτι
3358 5124 3468 5196 γὰρ
3495 5122 3591 5176 τοῦ
3623 5123 3764 5176 Του-

2190 5216 2295 5286 τάχ
2321 5218 2385 5270 ἐκ
2410 5216 2669 5286 Περσίδος
2699 5215 3053 5279 κατελθόντος
3102 5217 3196 5269 ἐπὶ
3232 5215 3312 5285 τῷ
3358 5216 3429 5269 τὰ
3473 5212 3768 5284 Ῥωμαίων

2184 5306 2465 5379 λη’ῖζεσθαι
2482 5306 2576 5373 ξὺν
2594 5307 2786 5377 πλήθει
2797 5306 3054 5378 Τούρκων
3071 5305 3301 5372 πολλῶν,
3325 5306 3433 5360 δεῖν
3446 5305 3588 5373 ἔγνω
3606 5320 3771 5374 προσ-

2189 5398 2437 5470 χωρῆσαι
2494 5396 2669 5468 τούτῳ
2708 5399 2960 5451 κάκεῖνον
2987 5396 3273 5467 ξύμμαχον
3301 5395 3486 5449 λαϐεῖν
3509 5392 3650 5447 κατὰ
3671 5390 3770 5446 τοῦ

2196 5489 2944 5563 στρατοπεδάρχουηῐῐέμψας
2970 5489 3149 5543 τοίνυν
3182 5489 3447 5559 πρότερον
3477 5483 3764 5556 πρέσϐεις,

2198 5583 2425 5652 ὕστερον
2454 5584 2546 5637 καὶ
2580 5582 2743 5646 αὐτὸς
2768 5582 3102 5651 παρεγένετο
3141 5581 3220 5645 εἰς
3250 5579 3309 5634 τὸ
3345 5578 3450 5633 τῶν
3501 5573 3773 5649 Τούρκων
