4088 6208
337 339 445 405 129
1546 337 2082 396 IllSTORlAl‘tUi‘l‘I
2129 335 2271 396 LIB.
2316 337 2392 393 ll.
3479 344 3580 407 130

340 449 747 522 στρατόπεδον,
808 450 898 500 καὶ
963 448 1034 516 τῷ
1095 451 1306 518 iani].
1368 452 1762 519 συγγενόμενος
1821 451 1913 502 καὶ

2044 449 2265 502 tlexium
2299 450 2398 501 uti.
2433 448 2611 503 Missis
2633 449 2791 518 igitur
2818 451 2968 519 prius
3002 451 3209 521 legatis,
3234 455 3582 520 p0stmodum

340 543 555 602 πίστεις
587 536 764 590 λαϐὼν
796 536 960 607 ἀπῄει
1013 540 1102 590 ἐπὶ
1136 538 1194 590 τὸ
1227 539 1484 608 φρούριον
1536 541 1906 609 ὑποσχόμενος

2044 555 2128 604 μεθ
2153 541 2204 593 in
2231 540 2538 593 'l‘ureorum
2563 551 2739 594 castra
2761 557 2817 596 se
2837 544 3089 609 contulit,
3124 544 3433 614 fmdereque
3456 563 3579 600 cum

336 632 490 700 ἥξειν
522 629 600 691 είς
637 627 833 681 νέωτα.
879 628 937 681 '0
985 628 1041 681 δὲ
1087 629 1566 698 στρατοπεδάρχης
1602 629 1906 693 πυθόμενος

2044 629 2258 684 'utacho
2294 631 2428 684 inito
2463 633 2621 684 rediit
2651 632 2704 684 in
2733 649 2911 687 arcem
2938 636 3258 702 promittens
3281 652 3442 704 quam
3474 639 3585 704 pri~

334 721 430 788 τὴν
480 718 572 770 τοῦ
628 718 924 787 Οὑρσελίου
979 715 1116 788 πρὸς
1173 719 1263 772 τὸν
1299 720 1512 789 Τουτάχ
1552 719 1734 788 ἄφιξιν
1788 719 1906 784 ἐξὲο

2044 737 2158 773 tum
2198 737 2256 774 se
2292 723 2616 776 rediturum.
2656 723 2724 775 At
2769 721 2991 777 Aleaius
3023 726 3204 778 audita
3253 726 3586 794 profectione

335 810 516 879 πεμψε
564 809 658 862 καὶ
689 809 852 872 αὐτὸς
895 811 1150 882 πρέσϐεις
1193 811 1287 864 καὶ
1331 811 1481 881 δῶρα
1528 811 1795 880 πολυτελῆ
1830 811 1907 882 τῷ

2044 812 2213 865 Irsclii
2245 813 2310 865 ad
2353 813 2658 866 'l‘utacbum
2696 815 2850 867 misit
2881 823 2934 867 et
2967 816 3080 882 ipse.
3112 818 3314 884 legatos
3341 819 3406 871 ad
3433 834 3586 872 eum-

335 901 570 970 Τουτάχ,
613 900 709 953 καὶ
759 901 941 968 φιλίας
995 900 1142 971 αὐτῷ
1182 903 1554 972 ἀνεμίμνησκε
1604 903 1700 973 τῆς
1747 904 1905 974 βασι-

2047 920 2129 956 em
2153 919 2276 958 cum
2304 905 2464 959 donis
2492 906 2742 973 pretiosis
2769 917 2821 960 et
2842 923 2965 961 eum
2997 910 3252 963 amicitiae
3279 911 3583 974 admonuit,

333 993 486 1056 λείας
532 993 823 1062 Ῥωμαίων
870 991 1004 1062 πρὸς
1053 993 1144 1047 τὸν
1173 993 1478 1064 κρατοῦντα
1512 995 1758 1064 Περσῶν,
1815 993 1909 1046 καὶ

2051 1012 2130 1050 ua:
2161 997 2301 1050 inter
2333 997 2623 1066 imperium
2668 996 2997 1058 Romanum,
3032 1007 3085 1052 et
3119 999 3416 1068 principem
3454 1000 3586 1054 Per-

332 1087 400 1156 δὴ
439 1085 535 1138 καλ⁵
584 1084 848 1153 πρέσϐεις
904 1085 1348 1156 ἀντιπεμφθῆναι
1388 1085 1543 1155 ἠξίου
1589 1088 1715 1148 τοὺς
1763 1085 1907 1156 μάλα

2044 1105 2194 1143 arum
2245 1089 2543 1142 constituta
2596 1098 2713 1143 erat
2748 1107 2760 1142 :
2799 1091 3022 1160 rogabat
3058 1104 3314 1159 praeterea
3349 1108 3414 1146 ne
3445 1109 3585 1162 gra-

334 1175 696 1238 πιστοτάτους
725 1174 897 1243 αὐτῷ,
924 1174 996 1237 ὡς
1029 1173 1168 1243 ἔχων
1190 1192 1241 1226 τι
1275 1174 1502 1244 μηνύειν
1535 1175 1812 1244 μυστικῶς
1845 1175 1905 1226 οὐ

2045 1188 2228 1232 aretur
2285 1179 2577 1246 quosdam,
2638 1179 2838 1248 quibus
2889 1180 3122 1234 maxime
3175 1183 3361 1236 lideret
3403 1185 3468 1236 ad
3527 1199 3586 1236 so

337 1267 545 1339 μικρὰν
583 1265 732 1335 αὺτῷ
775 1266 872 1336 τὴν
911 1265 1097 1336 ὄνησιν
1129 1267 1314 1336 φέρον.
1359 1267 1420 1319 '0
1463 1266 1520 1319 δὲ
1573 1269 1683 1329 τοῖς
1716 1265 1907 1336 δώροις

2044 1269 2247 1324 mittere.
2291 1267 2500 1323 Habere
2533 1271 2679 1324 enim
2706 1285 2765 1325 se
2796 1271 2873 1324 illi
2895 1273 3350 1327 communicanda
3385 1287 3584 1326 arcana

333 1360 525 1430 ἡσθεὶς
559 1359 654 1411 καὶ
681 1358 830 1420 ὅστις
867 1357 954 1428 εἴη
998 1357 1184 1428 μαθὼν
1219 1358 1380 1422 εὐθὺς
1413 1357 1563 1427 αὑτῴ
1602 1357 1693 1410 τὸν
1718 1358 1908 1410 πιστό-

2047 1361 2191 1430 ttlglti
2235 1361 2518 1422 momenti,
2551 1377 2674 1430 qua:
2723 1376 2885 1414 nosse
2924 1363 3098 1431 ipsius
3131 1362 3418 1417 interesset
3463 1364 3586 1432 plu-

334 1467 498 1502 τατον
519 1447 793 1518 πέπομφε.
814 1449 968 1502 Ἐπεὶ
993 1450 1036 1502 δ’
1058 1451 1136 1512 είς
1163 1450 1458 1520 Ἀμάσιιιαν
1481 1445 1606 1520 ἧκε,
1644 1450 1906 1520 φιλοφρόκ

2044 1453 2209 1506 imum
2255 1467 2268 1505 :
2317 1451 2578 1506 deliuitus
2615 1452 2775 1506 donis
2810 1451 3111 1517 Tutaclaus,
3169 1464 3220 1506 et
3267 1457 3390 1523 quis
3442 1465 3587 1506 esset

334 1559 442 1605 νως
480 1541 566 1614 [Ρ.
598 1540 692 1611 59]
713 1541 876 1594 αὐτὸν
901 1542 929 1593 ό
962 1543 1440 1613 στρατοπεδάρχης
1464 1541 1768 1607 ὑπεδέξατο
1811 1543 1906 1595 καὶ

2044 1545 2234 1599 ιιωιιυε
2259 1545 2457 1608 sciens,
2496 1543 2654 1598 facile
2689 1545 2948 1600 inductus
2973 1557 3056 1599 est
3092 1547 3156 1600 ad
3193 1547 3586 1600 Immmcms'bi

335 1633 512 1694 οὕτως
541 1633 702 1686 αὐτὸν
730 1631 1045 1703 ᾠκειώσατο
1066 1631 1214 1704 δῶρα
1243 1633 1418 1696 διδοὺς
1447 1634 1543 1685 καὶ
1586 1632 1738 1702 θαμὰ
1782 1635 1907 1701 ὁμι-

2051 1637 2334 1690 dissimum
2361 1637 2684 1690 mittendum
2711 1653 2726 1688 :
2751 1639 2844 1704 qui
2867 1653 2992 1692 cum
3014 1637 3304 1692 Amaseam
3326 1640 3585 1704 venisset,

337 1726 449 1778 λῶν
507 1720 596 1796 (ἦν
641 1725 751 1794 γὰρ
785 1724 946 1797 εἴπερ
989 1743 1073 1788 τις
1121 1725 1280 1789 ἄλλος
1321 1727 1380 1777 ὲν
1420 1724 1602 1793 λόγοις
1645 1725 1796 1797 ἡδὺς)
1833 1724 1909 1788 ώς

2044 1729 2412 1782 ιυιιιιιιιὶεεὶιιιο
2465 1727 2739 1781 hominem
2796 1743 2858 1781 ac
2922 1728 3306 1784 liberalissime
3365 1731 3587 1784 Alexius

339 1818 612 1887 μεγίστην
642 1817 856 1871 εὔνοιαν
896 1817 1031 1888 πρὸς
1063 1817 1226 1870 αὑτὸν
1254 1816 1347 1870 τὸν
1392 1816 1666 1888 βάρϐαρον
1697 1817 1907 1886 κτήσα-

2048 1817 2242 1885 ccepit,
2279 1816 2460 1884 itaque
2491 1815 2642 1869 illum
2677 1816 2949 1872 demeruit
2987 1817 3306 1872 muneribus
3334 1827 3388 1872 et
3434 1818 3590 1872 fatui-

341 1909 488 1962 σθαι.
530 1907 731 1961 Τούτου
780 1903 873 1962 οὖν
925 1908 1218 1978 γενομένου
1282 1907 1499 1960 τοιῶνδε
1562 1907 1702 1978 πρὸς
1746 1906 1908 1960 αὐτὸν

2044 1908 2249 1960 ιη’ἰιιιιο
2290 1906 2630 1959 blandissimi
2681 1907 2976 1970 sermonis,
3021 1916 3141 1961 erat
3185 1909 3334 1961 enim
3384 1909 3428 1962 si
3461 1910 3589 1977 quis

339 1997 545 2068 ἦρξατο
578 1997 776 2064 λόγων,
810 2015 828 2048 ι
861 1998 1010 2050 Φίλοι
1035 1999 1156 2068 μὲν,
1191 2016 1212 2049 ι
1244 1996 1442 2066 λέγων,
1483 2016 1503 2048 ι
1541 1993 1584 2054 ὦ
1610 1998 1728 2062 τάν,
1753 1999 1780 2050 ὃ
1842 2014 1902 2051 τε

2048 1999 2155 2052 lius
2182 1997 2358 2052 comis
2387 1996 2443 2050 in
2469 1996 2651 2051 verbis
2684 2007 2738 2051 et
2777 1997 3105 2052 suavissime
3151 2000 3350 2066 pellax,
3402 2013 3460 2052 ut
3489 2001 3590 2053 sibi

340 2089 595 2157 βασιλεὺς
638 2087 924 2157 Ῥωμαίων
946 2088 1038 2141 καὶ
1064 2089 1092 2138 ὁ
1126 2087 1434 2150 σουλτάνος,
1465 2088 1493 2139 ό
1527 2087 1585 2139 δὲ
1617 2087 1912 2156 Οὑρσέλιῖς

2044 2089 2341 2142 mirabiliter
2372 2089 2678 2144 devinxerit
2709 2089 3023 2142 barbarum.
3059 2088 3197 2143 Tum
3231 2091 3297 2143 ad
3337 2091 3450 2160 jam
3492 2092 3591 2144 oh-

340 2179 547 2248 ἁμφοῖν
585 2180 830 2250 ὑπάρχει
868 2177 1082 2248 ἐχθρός.
1121 2179 1332 2232 Σίνεται
1367 2179 1468 2248 μὲν
1505 2179 1613 2249 γὰρ
1651 2178 1720 2231 τὰ
1776 2179 1911 2232 Ῥω-

2044 2179 2236 2233 noxium
2257 2186 2309 2232 et
2327 2194 2392 2232 ex
2415 2193 2544 2231 vero
2567 2178 2888 2231 benevolum
2916 2178 3074 2232 talem
3103 2180 3407 2233 orationem
3434 2195 3596 2234 exor-

345 2270 545 2338 μαίων,
579 2269 880 2323 ἐπιτίθεται
923 2269 979 2322 δὲ
1022 2269 1117 2322 καὶ
1166 2271 1277 2331 τοῖς
1336 2267 1622 2337 Τούρκοις.
1655 2268 1767 2322 Καὶ
1816 2267 1912 2322 νῦν

2046 2288 2108 2326 us
2133 2280 2248 2326 est:
2281 2289 2298 2321 ι
2330 2269 2506 2324 Amici
2544 2271 2784 2340 quidem,
2813 2285 2845 2322 ο
2872 2271 3002 2325 mihi
3034 2271 3200 2325 ehare
3222 2270 3446 2338 sodalis,
3466 2282 3594 2324 sunt

345 2360 469 2413 ἰδὼν
503 2359 594 2412 τὸν
622 2359 714 2412 σὺν
742 2360 958 2432 ἀμυράν
985 2358 1370 2430 προσελθόντα,
1401 2357 1590 2428 ὥσπερ
1623 2357 1802 2420 δείσας
1838 2357 1913 2428 μὴ

2044 2371 2153 2416 nter
2177 2376 2296 2416 sese
2318 2361 2614 2430 imperator
2635 2359 3008 2414 Romanorum
3031 2369 3085 2414 et
3113 2360 3365 2415 sultanus
3389 2371 3590 2424 vester,

344 2451 438 2504 ὑπ’
471 2451 798 2521 ἀμφοτέρων
819 2451 1145 2520 ἀναλωθείη,
1169 2453 1509 2521 προσωπεῖον
1541 2451 1741 2514 ὑποδὺς
1772 2451 1910 2518 ἁγάο

2044 2453 2260 2507 lrselius
2291 2463 2471 2506 autem
2508 2452 2724 2521 utrique
2764 2451 3037 2507 infensus.
3077 2450 3268 2506 V'astat
3303 2453 3447 2506 enim
3485 2451 3594 2506 Ro-

343 2558 456 2610 πης
487 2542 709 2609 ἀφίκετο
736 2541 872 2613 πρὸς
899 2541 1057 2594 αὑτὸν
1083 2541 1174 2594 τὸν
1200 2541 1391 2612 καιρὸν
1418 2541 1909 2612 ἐξαγοραζόμενος.

2044 2557 2207 2595 uanas
2238 2551 2432 2604 terras,
2469 2540 2723 2610 idemque
2760 2540 2850 2593 ubi
2881 2540 3104 2594 occasio
3128 2540 3312 2606 datur,
3345 2558 3374 2594 a
3403 2540 3594 2594 Turcis

355 2634 511 2687 Ἐπεὶ
555 2633 600 2687 δ’
657 2633 723 2688 ἂν
757 2627 911 2697 οὗτος
960 2633 1230 2706 παρέλθῃ,
1301 2633 1492 2704 ἐχθρὸς
1545 2633 1698 2687 ἔσται
1748 2633 1912 2688 πάλιν

2053 2633 2286 2687 iolaudis
2321 2648 2428 2686 non
2462 2632 2722 2686 abstinet.
2753 2629 2911 2685 Nunc
2931 2632 3123 2687 videns
3155 2639 3305 2685 tuum
3351 2648 3593 2700 amyram

344 2723 456 2776 τῶν
486 2723 746 2795 Τούρκων
788 2725 975 2786 ὁποῖος
1006 2723 1100 2777 καὶ
1138 2724 1402 2795 πρότερον
1441 2719 1530 2794 ἦν.
1592 2723 1734 2777 Ἀλλ’
1773 2725 1826 2778 εί
1861 2743 1914 2778 τι

2049 2740 2138 2777 um
2157 2724 2395 2778 exercitu
2425 2738 2726 2794 egressum,
2751 2723 2897 2777 velut
2928 2733 3178 2776 metuens
3201 2721 3309 2790 87
3335 2738 3422 2786 ne,
3447 2722 3595 2790 quod

346 2816 471 2888 ἐμοὶ
500 2815 767 2882 πείθεται,
804 2815 1132 2886 ἀφικόμενον
1171 2814 1324 2878 αὖθις
1354 2816 1519 2870 αὐτὸν
1550 2815 1794 2869 ἀποδότω
1823 2834 1916 2887 μοι

2046 2831 2076 2869 e
2135 2816 2388 2869 utetitum
2445 2815 2614 2880 novit,
2655 2815 2725 2870 ab
2771 2815 3019 2884 utrisque
3068 2813 3388 2879 debelletur,
3447 2815 3595 2868 larva

346 2907 642 2978 χρημάτων
669 2907 881 2960 πολλῶν
906 2922 921 2938 ⁸
953 2907 1083 2978 τρία
1109 2907 1216 2978 γάρ
1247 2907 1312 2960 ἑκ
1351 2909 1542 2959 τούτου
1569 2908 1915 2978 κερδανείτά

2044 2908 2413 2962 benevolentia:
2471 2918 2687 2977 sumpta
2741 2922 2800 2961 se
2857 2909 2922 2960 ad
2951 2923 3076 2962 eum
3109 2907 3338 2961 contulit
3382 2916 3596 2976 tempus

351 3001 606 3069 μέγιστα,
631 3003 929 3071 χρημάτων
955 2998 1176 3070 πλῆθος,
1201 3000 1509 3070 οἰκειότητα
1527 3000 1661 3072 πρὸς
1690 3000 1919 3071 βασιλέα

2044 3001 2292 3054 edimcus
2325 3008 2376 3053 et
2422 2999 2770 3053 occasionem
2816 2999 3042 3068 impune
3070 2997 3301 3052 nocendi
3345 3007 3592 3068 captans.

358 3091 646 3162 Ῥωμαίων
677 3094 769 3160 ἀφ’
798 3087 864 3163 ἧς
893 3090 1134 3160 μεγάλας
1164 3090 1274 3155 ’ἐξει
1303 3092 1642 3161 εὐεργεσίας,
1670 3091 1762 3145 καὶ¹
1802 3093 1919 3162 τρί-

2044 3094 2119 3147 lui
2152 3095 2294 3145 enim
2321 3091 2547 3146 dubium
2579 3100 2662 3145 est
2692 3091 2822 3160 quin
2851 3089 3015 3144 simul
3049 3089 3136 3144 hic
3168 3099 3342 3143 terror
3369 3102 3594 3158 praetcr-

344 3200 439 3236 τον
473 3184 534 3236 τὸ
567 3184 660 3237 τὸν
707 3183 997 3236 σουλτάνον
1038 3181 1272 3253 ἡσθῆναι
1334 3183 1442 3237 τῶν
1487 3183 1744 3254 Τούρκων
1789 3184 1916 3236 ἁποο

2044 3189 2166 3252 erit,
2213 3187 2284 3240 sit
2333 3187 2473 3239 idem
2553 3185 2606 3237 in
2656 3183 2864 3237 Turcos
2916 3181 3162 3237 Urselius
3209 3183 3300 3250 qui
3347 3182 3498 3248 prius
3544 3188 3600 3233 et

351 3276 758 3344 σκευασάμενον
791 3276 882 3328 τὸν
914 3274 1131 3344 ἐχθρόν.
1169 3293 1189 3326 ›

2044 3279 2224 3346 [uibus
2257 3277 2454 3347 poterit
2501 3274 2719 3328 damnis
2761 3292 2856 3328 eus
2889 3275 3106 3326 alliciat.
3148 3272 3294 3337 Quin
3338 3273 3500 3342 igitur
3546 3270 3601 3325 id

348 3367 462 3436 agit
498 3368 682 3437 potius
713 3368 994 3422 Tutachus
1021 3368 1168 3438 quod
1237 3381 1492 3437 suggero.
1543 3367 1681 3422 Eum
1729 3368 1797 3421 ad
1827 3381 1886 3421 se
1918 3384 2196 3424 reversum
2224 3370 2359 3422 mihi
2389 3367 2570 3422 tradat
2599 3367 2836 3435 acceptis
2864 3381 2964 3434 pro
2987 3382 3052 3419 eo
3083 3365 3329 3428 pecuniis
3367 3378 3600 3432 quamas

348 3461 513 3514 volet.
543 3458 680 3514 lliuc
712 3460 856 3512 enim
892 3460 996 3512 tria
1037 3458 1125 3512 vel
1150 3457 1386 3512 maxima
1415 3458 1740 3514 lucrabitur.
1772 3456 2016 3510 Primum
2050 3459 2292 3526 pecunia:
2318 3460 2426 3512 vim
2459 3473 2708 3526 magnam
2735 3470 2898 3525 quam
2925 3469 3028 3522 ego
3063 3455 3382 3517 numerabo,
3408 3455 3602 3510 deinde

347 3555 582 3622 gratiam
613 3552 956 3619 imperatoris
988 3551 1240 3616 Romani,
1274 3551 1367 3619 qui
1399 3550 1726 3604 beneﬁcium
1769 3549 1913 3604 istud
1963 3550 2248 3621 magniﬁce
2294 3550 2752 3613 remunerabitur,
2804 3546 3042 3618 denique
3082 3547 3299 3603 sultano
3344 3550 3599 3617 gaudium

344 3645 546 3700 aﬂeret
572 3657 830 3711 magnum
862 3643 1018 3696 hoste
1052 3643 1374 3712 gravissimo
1412 3642 1715 3698 Turcorum
1751 3644 1817 3700 de
1849 3646 2032 3701 medio
2066 3645 2304 3701 sublato.
2347 3665 2366 3698 ι

428 3735 538 3804 κβ’.
593 3733 848 3787 Πείθεται
874 3735 987 3796 τοῖς
1021 3732 1114 3786 τοῦ
1173 3733 1649 3805 στρατοπεδάρχου
1683 3734 1925 3804 λόγοιςὸ

353 3831 603 3904 πρέσϐυς
637 3829 731 3882 καὶ
763 3829 1107 3898 ὑπισχνεῖται
1136 3828 1344 3882 πείθειν
1374 3831 1465 3882 τὸν
1493 3831 1714 3901 ἀμυρὰν
1745 3832 1927 3884 ἐπιτε-

353 3927 506 3978 λέσαι
545 3923 613 3977 τὰ
633 3925 710 3994 τῷ
743 3921 1193 3993 στρατοπεδάρχῃ
1219 3921 1474 3986 δόξαντα.
1506 3922 1790 3992 Πέμπεται
1831 3919 1924 3977 οὖν

360 4017 498 4086 μετὰ
524 4015 712 4086 δώρων
735 4011 890 4078 αὖθις
923 4017 1017 4070 καὶ
1035 4013 1373 4083 ἀπαγγέλλει
1397 4015 1577 4068 πάντα
1597 4014 1673 4085 τῷ
1691 4015 1927 4085 Τουτὰχ,

356 4110 458 4178 τήν
491 4124 552 4160 τε
589 4107 816 4178 γνώμην
852 4107 1153 4178 παρίστησι
1197 4105 1291 4159 τοῦ
1329 4105 1802 4178 στρατοπεδάρχου
1835 4107 1931 4159 καὶ

357 4199 418 4252 τὸ
449 4203 504 4252 ἐν
534 4198 712 4266 λόγοις
740 4197 1002 4268 μειλίχιον
1025 4197 1198 4251 καὶτὸ
1224 4199 1280 4250 ἐν
1307 4199 1583 4269 χρήμασιν
1602 4198 1926 4269 ἐλευθέριον.

360 4289 472 4344 Καὶ
497 4291 564 4361 δὴ
602 4288 883 4342 δουλοῦται
934 4291 1047 4352 τοῖς
1107 4289 1536 4356 ἀπαγγελθεῖσιν
1576 4291 1606 4342 ό
1657 4289 1933 4359 βάρϐαρος

362 4385 455 4436 καὶ
490 4383 610 4444 ὅλος
662 4380 872 4447 γίνεται
917 4383 1029 4442 τοῖς
1067 4379 1163 4433 τοῦ
1219 4381 1696 4451 οτρατοπεδάρχου
1757 4383 1934 4450 λόγοις

363 4473 457 4522 καὶ
518 4472 746 4541 γνώμης
810 4469 1110 4540 πειθήνιος.
1179 4469 1432 4522 Ἐλθόντα
1488 4471 1778 4542 τοιγαροῦν
1845 4474 1935 4525 τὶν

2101 3737 2194 3790 22.
2235 3736 2376 3803 Quid
2408 3735 2577 3790 multa
2606 3735 2630 3789 Ὶ
2667 3735 3024 3805 persuadetur
3051 3734 3228 3790 Alexii
3256 3737 3503 3791 oratione
3525 3737 3604 3791 lc-

2032 3839 2192 3902 gatus
2219 3839 2269 3884 et
2297 3829 2550 3900 promisit
2579 3843 2971 3897 persuasurum
3006 3843 3066 3884 se
3101 3843 3304 3898 amyrze
3331 3837 3388 3882 ut
3408 3827 3606 3883 elliciat

2033 3936 2154 3991 quae
2205 3921 2431 3975 Alexius
2488 3920 2725 3974 volebat.
2778 3919 3078 3974 Dimittitur
3129 3920 3232 3973 sub
3281 3919 3395 3972 haec
3448 3920 3607 3973 nmis

2033 4014 2194 4069 donis
2227 4023 2488 4069 oneratus
2513 4021 2567 4065 et
2594 4013 2708 4064 haec
2733 4011 2980 4065 Tutacho
3007 4011 3242 4072 nuntiat,
3281 4009 3470 4062 laudes
3504 4010 3601 4062 ad-

2030 4106 2267 4175 jungens
2302 4106 2572 4158 maximas
2609 4102 2782 4154 Alexii
2816 4102 3170 4154 humanitatis
3215 4101 3266 4152 iu
3303 4099 3483 4164 factis,
3521 4116 3609 4154 co-

2043 4197 2246 4251 mitatis
2283 4198 2338 4250 in
2367 4198 2571 4263 verbis,
2604 4195 2941 4251 liberalitatis
2976 4193 3028 4245 iu
3061 4193 3219 4247 donis
3253 4208 3315 4246 ac
3363 4192 3609 4261 pecuniis

2041 4303 2148 4357 qua
2184 4286 2380 4342 dandis
2413 4303 2520 4355 qua
2572 4286 2976 4356 promittendis.
3021 4281 3130 4338 Nec
3178 4284 3426 4353 pluribus
3474 4299 3610 4351 Opus

2043 4381 2147 4434 fuit
2177 4378 2244 4432 ad
2272 4378 2597 4448 capiendum
2631 4392 2856 4431 avarum
2889 4377 3132 4429 animum
3174 4375 3394 4430 Barbari
3428 4385 3613 4430 osten-

2047 4481 2212 4526 tatam
2236 4471 2353 4524 auri
2380 4469 2618 4540 praedam
2644 4485 2740 4540 spe
2764 4467 3140 4539 prmvorautis.
3172 4467 3421 4522 Decernit
3450 4467 3613 4536 igitur

365 4535 660 4632 υὺρσέλιον
702 4535 1098 4631 προσποιεῖται
1151 4561 1492 4630 φιλοφρόνως
1557 4535 1936 4632 ὑποδέχεσθαι,

2047 4562 2205 4632 plane
2235 4563 2286 4615 id
2323 4535 2482 4629 θέει-ο
2515 4561 2658 4630 quod
2677 4535 2986 4630 vroéabatur
3015 4570 3069 4612 et
3093 4558 3284 4610 Alexio
3315 4573 3408 4626 per
3430 4535 3613 4610 omnia

368 4661 465 4712 καὶ
519 4657 913 4728 συνδειπνήσας
947 4657 1096 4727 αὐτῷ
1129 4657 1280 4720 τέλος
1313 4656 1681 4727 συλλαμϐάνει
1724 4659 1817 4710 καὶ
1853 4657 1940 4710 δε-

369 4748 595 4818 σμώτην
627 4748 920 4815 ἀπεδείξας
946 4749 1220 4818 ἐκπέμπει
1251 4747 1443 4800 τοῦτον
1472 4748 1606 4817 πρὸς
1637 4747 1728 4800 τὸν
1775 4765 1939 4818 στρα-

366 4841 739 4911 τοπεδάρχην,
778 4841 1020 4910 ὁμήρους
1043 4838 1221 4892 λαϐὼν
1255 4838 1396 4893 ὥστε
1424 4837 1754 4906 ἀποδοθῆναί
1782 4841 1830 4892 οἱ
1871 4840 1939 4892 τὰ

372 4931 806 5002 συμφωνηθέντα
847 4931 1127 4999 χρήματα.
1175 4929 1386 4990 Ἡσθεὶς
1423 4927 1517 4982 οὖν
1564 4929 1592 4980 ὸ
1645 4945 1942 4998 στρατοπε-

371 5015 575 5091 δάρχης
597 5021 690 5072 ἐπὶ
712 5017 787 5088 τῷ
804 5018 1075 5084 γεγονότι,
1104 5018 1224 5069 ἐπεὶ
1252 5015 1549 5085 χρημάτων
1577 5016 1774 5084 ἠπόρει
1804 5015 1940 5085 (55),

375 5115 434 5164 ὲν
466 5111 749 5181 ἀμηχανίᾳ
768 5105 836 5179 ἦν
867 5109 897 5162 ὃ
922 5125 975 5160 τι
1006 5108 1101 5161 καὶ
1125 5107 1345 5178 δράσειε
1375 5123 1391 5137 ·
1427 5107 1522 5159 καὶ
1556 5106 1716 5169 εὐθὺς
1744 5106 1946 5175 ἐκκλη-

378 5204 501 5255 σίαν
530 5199 848 5272 συνήθροιζε
873 5200 968 5252 καὶ⁹
993 5199 1120 5262 τοὺς
1155 5199 1280 5267 περὶ
1309 5197 1407 5265 τὴν
1435 5196 1590 5250 πόλιν
1616 5195 1949 5266 δυναμένους

375 5295 565 5348 ἐκάλει
607 5294 744 5364 πρὸς
785 5290 1000 5362 βουλὴν,
1035 5290 1131 5344 καὶ
1176 5288 1394 5341 πάντων
1439 5286 1802 5341 συνελθόντων
1846 5289 1947 5358 ἤρ-

377 5385 507 5450 ξατο
545 5383 654 5437 τῶν
701 5383 832 5452 πρὸς
883 5381 1080 5444 αὐτοὺς
1126 5379 1300 5448 λόγων
1353 5377 1622 5435 ἐντεῦθεν.
1659 5397 1678 5430 ι
1722 5379 1949 5447 Ἄνδρες

2047 4654 2298 4723 obsequi.
2356 4652 2471 4708 Sub
2524 4654 2636 4709 haec
2683 4654 2913 4709 consilio
2951 4651 3297 4707 dissimulato
3343 4649 3613 4705 Urselium

2047 4763 2111 4799 cx
2141 4746 2396 4800 condicto
2427 4747 2740 4800 redeuntem
2771 4745 2971 4815 excipit
3009 4746 3060 4798 in
3093 4743 3324 4812 speciem
3358 4741 3618 4795 benevole

2048 4836 2408 4906 convivioquc
2466 4836 2769 4890 adhibitum
2834 4837 2900 4889 ad
2954 4843 3256 4889 extremum
3298 4831 3442 4900 capit
3496 4833 3618 4884 vin-

2049 4940 2308 5000 ctumque
2347 4929 2415 4983 ad
2450 4929 2701 4984 Alexium
2745 4928 3084 4990 transmittit,
3128 4924 3405 4978 obsidibus
3449 4922 3516 4978 ab
3553 4938 3618 4978 eo

2053 5021 2294 5076 vicissim
2323 5021 2582 5090 acceptis,
2619 5021 2800 5090 quoad
2835 5019 3159 5088 promissam
3193 5015 3436 5086 pecunia:
3471 5031 3621 5070 sum-

2048 5127 2192 5166 mam
2250 5122 2616 5166 numerasset.
2685 5110 2955 5164 Gaudium
3009 5109 3181 5162 Alexii
3239 5108 3307 5162 de
3359 5123 3618 5163 successu

2049 5212 2158 5254 tam
2215 5215 2478 5268 prospero
2523 5200 2886 5254 ceuturbabat
2938 5200 3117 5268 inopia
3159 5199 3402 5269 pecunia:
3456 5213 3620 5267 quam

2047 5299 2102 5344 et
2155 5306 2266 5344 sua:
2309 5291 2432 5344 lidei
2471 5301 2525 5345 et
2586 5292 2823 5345 libertati
2879 5290 3128 5344 datorum
3173 5307 3201 5343 a
3258 5306 3317 5344 se
3365 5289 3617 5344 obsidum

2049 5397 2158 5436 non
2219 5382 2491 5436 uindicant
2553 5398 2653 5437 nec
2710 5381 2866 5436 facile
2922 5383 2972 5435 iu
3024 5383 3273 5452 praesenti
3323 5381 3618 5451 parabilem

1367 5519 1568 5581 Caroli
1603 5522 1698 5580 Du
1741 5521 1979 5581 Fresne
2011 5521 2106 5580 Du
2140 5522 2344 5600 Cangc
2384 5531 2570 5581 nota).

457 5675 570 5742 (53)
594 5672 920 5741 Χρημάτων
944 5673 1174 5738 ἠπόρει.
1205 5669 1580 5737 Comparanda
1612 5671 1809 5742 coniux
1835 5687 1957 5724 cum

380 5741 610 5804 coniuge
643 5759 737 5800 seu
770 5759 895 5799 cum
929 5743 1197 5804 Biycuuio
1218 5742 1392 5804 Anna,
1416 5757 1533 5803 quae
1559 5758 1621 5795 ex
1649 5741 1944 5796 funeribus

2069 5672 2246 5724 mariti
2285 5670 2694 5724 commentariis
2723 5669 2976 5736 pit-raque
3015 5683 3109 5735 per
3139 5663 3396 5734 syuopsiu
3428 5654 3626 5728 attigi5,

2054 5757 2173 5802 qua:
2209 5746 2367 5796 habet
2403 5746 2494 5796 ιιι».
2532 5759 2544 5795 t
2582 5739 2875 5792 .i!e.r:udis.
