4088 6208
493 324 589 388 15.1

1676 321 2098 382 NICEPHORI
2147 318 2512 378 BRYENN’II

3636 309 3738 373 132

487 443 735 498 debet-at.
770 438 1010 494 Incertus
1046 440 1209 508 igitur
1233 439 1448 496 consilii
1507 440 1825 494 concionem
1849 439 2066 495 Amase-

2184 437 2372 488 ὁπόσοι
2407 433 2536 503 παρ’
2562 431 2695 501 ἐμοῦ
2722 428 3003 498 ἐξελέγητε
3036 427 3280 496 σήμερον
3311 425 3389 488 είς
3424 424 3484 476 τὸ
3520 421 3737 492 βουλευ-

490 550 682 588 norum
712 533 826 602 88
851 532 1079 586 advocat
1103 541 1154 584 et
1182 531 1452 601 primores
1481 531 1717 586 civitatis
1745 532 2064 585 nominatim

490 633 550 678 ut
605 624 789 677 adsint
846 631 1036 689 rogat,
1101 620 1426 690 cunctisque
1503 621 1845 691 congregatis
1904 621 2063 675 talem

484 712 779 783 quamdam
802 726 1031 766 exorsus
1054 718 1138 764 est
1165 709 1462 764 orationem
1487 725 1502 763 :
1528 727 1546 761 ι
1572 708 1686 764 Viri
1714 726 1744 764 a
1785 725 1869 765 me
1908 710 2067 764 hodie

487 807 538 858 in
587 802 875 857 consilium
911 803 1114 866 vocati,
1150 800 1334 855 audite
1369 801 1500 872 quid
1530 816 1626 856 vos
1660 803 1844 856 velim.
1903 801 2064 856 Scitis

482 894 700 963 qualem
737 909 795 948 se
839 893 929 948 hic
979 893 1246 950 barbarus
1284 893 1593 948 Armeniaci
1645 893 1834 946 limitis
1878 893 2065 947 civita-

484 988 632 1040 tibus
667 987 882 1040 eunetis
914 1000 1191 1055 quamque
1231 985 1489 1041 infestum
1523 985 1838 1055 praebuerit,
1871 993 2065 1054 quota

485 1079 640 1133 vobis
672 1071 934 1147 pecunias
966 1077 1276 1143 extorserit,
1312 1085 1446 1148 quot
1478 1077 1675 1146 oppida
1720 1075 2062 1140 desolaverit,

481 1179 620 1238 quot
669 1170 951 1222 hominum
983 1183 1213 1237 corpora
1243 1169 1358 1223 dire
1385 1169 1731 1233 cruciaverit,
1782 1167 2062 1238 suppliciis

484 1274 547 1312 ea
585 1260 1024 1315 intolerabilibus
1071 1259 1297 1313 minima
1331 1259 1650 1328 plerumque
1675 1273 1841 1314 causa
1889 1258 2062 1327 subji-

487 1353 658 1406 ciens.
711 1351 983 1416 Quoniam
1043 1351 1210 1422 igitur
1273 1351 1454 1404 illuxit
1508 1350 1720 1405 tandem
1787 1349 2063 1406 fortunata

486 1444 624 1506 dies,
666 1457 786 1513 qua:
816 1459 912 1498 vos
945 1443 1097 1498 hisce
1129 1443 1512 1498 vexationibus
1546 1442 1600 1496 in
1637 1457 1799 1497 omne
1849 1454 2063 1513 tempus

487 1545 828 1604 exemplura,
875 1535 920 1589 si
953 1534 1183 1600 voletis,
1243 1545 1369 1601 est,
1416 1551 1632 1605 aequum
1679 1534 1892 1590 videtur
1935 1537 2064 1591 dare

489 1642 587 1682 vos
627 1641 849 1696 operam
901 1643 967 1680 ne
1011 1627 1269 1695 przeclara
1304 1642 1404 1683 nec
1452 1627 1612 1682 facile
1639 1627 1882 1682 reditura
1906 1628 2062 1684 vobis

489 1717 705 1772 excidat
754 1718 994 1783 occasio,
1049 1733 1245 1773 cavere
1288 1734 1507 1789 quoque
1561 1735 1628 1773 ne
1681 1719 1861 1774 studio
1929 1718 2060 1775 l'ttuii

2174 529 2383 595 τήριον,
2412 525 2679 577 ἀκούσατε
2711 521 2826 574 τῶν
2851 519 2985 591 πρὸς
3014 521 3158 588 ὑμᾶς
3184 517 3375 584 λόγων.
3421 517 3568 568 Ἴστε
3592 517 3740 573 ὅπως

2170 620 2198 670 6
2253 615 2528 687 βάρϐαρος
2571 616 2669 676 τάς
2716 612 2810 666 τοῦ
2883 609 3243 681 Ἀρμενιακοῦ
3297 608 3504 661 διέθετο
3554 607 3739 671 πόλεις

2171 709 2388 769 ἁπάσας
2417 710 2512 759 καὶ
2539 705 2710 759 ὁπόσα
2743 705 2846 775 χρῆ
2857 719 3000 774 ματα
3037 701 3126 768 ἀφ’
3157 700 3318 771 ὑμῶν
3349 699 3737 768 εἰσεπράξατο,

2169 802 2300 863 ὅσας
2331 817 2391 851 τε
2445 798 2790 868 κωμοπόλεις
2815 793 3088 864 ἐπόρθησε
3122 791 3219 845 καὶ
3254 790 3482 860 σώματα
3524 792 3737 862 ἀνθρώ.

2171 908 2288 945 πων
2312 890 2399 962 [Ρ.
2417 888 2508 962 60]
2538 888 2724 950 κακῶς
2753 886 2987 948 διέθετο,
3019 887 3230 946 ποιναῖς
3262 881 3582 936 ὑποϐάλλων
3609 887 3740 952 ὸφοο

2171 986 2357 1053 ρῆτοις
2389 983 2446 1046 ἐξ
2479 980 2732 1051 ἀφορμῆς
2766 977 3136 1048 βραχυτάτης.
3178 976 3331 1027 Ἐπεὶ
3365 969 3458 1027 οὖν
3478 964 3580 1045 ἧκε
3620 987 3740 1028 και.

2171 1075 2262 1145 ρὸς
2315 1071 2675 1126 ἀπαλλάττων
2729 1071 2873 1140 ἡμᾶς
2925 1069 3023 1138 τῆς
3084 1069 3148 1120 ὲκ
3191 1067 3383 1119 τούτου
3418 1064 3736 1127 κακώσεως,

2168 1167 2283 1219 δέον
2310 1165 2460 1218 ἐστὶν
2481 1165 2633 1234 ἡμᾶς
2686 1163 2762 1232 μὴ
2795 1159 3061 1232 προέσθαι
3103 1159 3314 1222 τοῦτον,
3351 1157 3485 1228 μηδὲ
3514 1156 3604 1210 τὸν
3635 1174 3732 1209 κα-

2170 1258 2302 1311 πνὸν
2337 1255 2638 1325 φεύγοντας
2693 1256 2775 1316 είς
2825 1253 3054 1322 κάμινον
3097 1253 3381 1320 ἐμπεσεῖν.
3423 1249 3578 1302 Ἐπεὶ
3631 1249 3740 1318 γὰρ

2168 1349 2348 1403 νεύσει
2380 1348 2516 1402 Θεοῦ
2545 1349 2640 1402 καὶ
2680 1346 2887 1416 σπουδῇ
2924 1344 3171 1416 ἡμετέρᾳ
3208 1345 3370 1412 δρᾶτε
3395 1340 3501 1409 ξνῢν
3531 1336 3740 1410 δεσμώο

2167 1457 2266 1511 την
2303 1439 2395 1493 τὸν
2441 1438 2736 1511 βάρϐαρον,
2769 1440 2796 1490 ό
2844 1438 2900 1490 δὲ
2943 1434 3132 1489 τοῦτον
3191 1434 3480 1503 ζωγρήσας
3518 1434 3741 1486 ἀπαιτεῖ

2167 1534 2266 1604 τὴν
2315 1533 2508 1601 τιμὴν,
2569 1529 2725 1583 αὐτοὶ
2774 1529 2830 1582 δὲ
2885 1527 3187 1600 χρημάτων
3249 1525 3587 1596 ἀποροῦμεν,
3617 1525 3736 1578 δέον

2168 1625 2315 1680 ἐστὶν
2358 1624 2586 1678 ἕκαστον
2622 1623 3053 1690 συνεισενεγκεῖν
3084 1619 3152 1674 τά
3214 1618 3350 1689 πρὸς
3397 1617 3650 1687 δύναμιν.
3677 1609 3740 1671 Ei

2172 1718 2247 1790 μὴ
2306 1715 2420 1786 γὰρ
2465 1715 2656 1786 πόρρω
2704 1713 2970 1785 βασιλέως
3006 1707 3164 1784 ἦν,ῆ
3213 1711 3403 1780 καιρὸν
3458 1710 3739 1779 ἀναμονῆς

493 1808 733 1878 fugiendi
773 1807 1050 1862 ﬂammam
1101 1811 1158 1863 in
1196 1809 1370 1878 ipsam
1421 1824 1484 1864 ac
1513 1809 1830 1880 ﬂagrantem
1880 1809 2066 1866 forna-

2168 1807 2368 1880 ἀπῄτει
2409 1808 2437 1860 6
2477 1806 2773 1878 βάρϐαρος,
2805 1805 3043 1858 ἔσπευσα
3077 1803 3144 1858 ἂν
3174 1803 3383 1858 ἐκεῖθεν
3412 1801 3738 1872 κομισθῆναι

490 1913 606 1953 cem
643 1898 900 1953 incidatis
930 1915 945 1953 :
975 1899 1196 1963 quando
1227 1901 1373 1953 enim
1408 1899 1500 1954 Dei
1534 1909 1666 1954 nutu
1696 1910 1750 1955 et
1793 1900 2070 1972 diligentia

492 2001 680 2045 nostra
718 1991 912 2044 videtis
971 2006 1116 2046 nunc
1173 1993 1447 2060 captivum
1507 1991 1865 2062 vinctumque
1913 1994 2068 2048 illum

490 2079 808 2144 barbarum,
861 2081 955 2150 qui
988 2096 1118 2136 vero
1153 2081 1307 2136 illum
1339 2081 1484 2150 cepit
1522 2083 1759 2152 pretium
1809 2082 1938 2138 l'acti
1983 2097 2070 2139 re-

487 2170 660 2240 petit,
709 2185 810 2240 ego
860 2181 1042 2226 autem
1086 2173 1321 2242 pecunia
1366 2187 1564 2238 careo,
1611 2188 1707 2242 par
1752 2183 1836 2228 est
1878 2190 2070 2229 ortum-

489 2277 765 2334 quemque
796 2273 1038 2320 vestrum
1083 2263 1336 2320 conferre
1369 2275 1638 2335 quantum
1673 2273 1866 2333 potest.
1898 2266 2066 2336 Equi-

489 2355 612 2406 dem
645 2354 747 2408 nisi
781 2362 888 2408 tam
923 2357 1081 2426 longe
1109 2354 1177 2410 ab
1214 2357 1541 2426 imperatore
1585 2355 1844 2411 distarem
1866 2398 1882 2423 ,
1920 2368 1974 2411 et
2013 2357 2084 2435 si,

2164 1901 2233 1955 τὰ
2261 1900 2362 1968 τῆς
2381 1901 2569 1970 τιμῆς.
2603 1899 2758 1953 Ἐπεὶ
2791 1897 2836 1950 δ’
2879 1896 2953 1959 ὡς
2983 1897 3146 1965 ὁρᾶτε
3175 1896 3328 1950 οὐδέν
3381 1895 3498 1948 ἐστι
3532 1894 3738 1948 τούτων

2163 1992 2390 2048 δυνατὸν
2423 1993 2700 2064 γενέσθαι.
2737 1991 2800 2044 τδ
2836 1990 2893 2044 δὲ
2935 1990 3194 2061 Τούρκων
3240 1987 3445 2058 πλῆθος
3486 1985 3739 2056 μεγάλως

2164 2087 2263 2158 τὴν
2287 2086 2472 2158 χώραν
2517 2085 2840 2156 λυμαίνεται
2873 2084 3137 2153 μένοντος
3166 2081 3261 2134 τοῦ
3296 2080 3487 2151 ἀμυρᾶ
3521 2079 3608 2134 διά
3637 2079 3737 2148 τὴν

2170 2177 2358 2247 τιμὴν,
2381 2175 2499 2228 δέον
2515 2177 2683 2240 ἐστὶν,
2703 2174 2777 2237 ὡς
2795 2173 2956 2244 ἔφην,
2985 2173 3194 2235 πάντας
3225 2171 3370 2242 ὑμᾶς
3403 2186 3742 2238 συνεισενεγ-

2173 2269 2291 2320 κεῖν
2322 2283 2335 2297 ·
2399 2266 2534 2338 πρὸς
2579 2266 2704 2328 τοὺς
2766 2266 3030 2335 ἄρχοντας
3075 2264 3132 2317 δέ
3191 2280 3280 2334 μοι
3324 2265 3352 2316 ό
3397 2261 3590 2330 λόγος·
3648 2261 3743 2316 καὶ

2169 2358 2408 2428 λήψεσθε
2433 2358 2611 2412 πάντα
2639 2358 2702 2409 ὲκ
2733 2355 2996 2426 βασιλέως
3024 2356 3195 2408 ὁπόσα
3219 2354 3561 2426 παράσχητε.
3608 2371 3627 2406 ι

491 2459 657 2500 morae
703 2447 992 2502 solutionis
1044 2447 1349 2517 indulgeret
1383 2446 1689 2510 Tutachus,
1754 2445 2072 2502 festinarent
2137 2448 2191 2502 in
2226 2452 2416 2502 urbem
2494 2448 2720 2518 regiam,
2777 2455 2837 2500 ut
2871 2447 2997 2501 inde
3031 2445 3301 2502 auferrem
3341 2446 3663 2516 promissam
3687 2459 3741 2504 et

489 2545 599 2590 tam
654 2536 803 2604 juste
857 2537 1096 2592 debitam
1167 2537 1473 2592 mercedem
1531 2537 1836 2592 utilissitnte
1901 2536 2058 2590 nobis
2132 2552 2329 2607 operae.
2379 2536 2646 2604 Quoniam
2719 2546 2925 2604 autem,
2976 2545 3034 2592 ut
3075 2537 3304 2604 videtis,
3355 2536 3489 2593 nihil
3543 2538 3737 2591 horum

487 2633 605 2688 tieri
638 2641 832 2703 potest,
875 2643 929 2688 et
961 2631 1266 2688 Turcorum
1311 2632 1584 2688 exercitus
1629 2631 1798 2686 multa
1879 2631 2096 2687 interim
2163 2633 2360 2687 damna
2413 2633 2463 2688 ei
2502 2648 2666 2702 quam
2727 2632 2928 2686 insidet
3004 2642 3207 2686 nostra:
3274 2632 3482 2703 regioni
3531 2631 3736 2689 infert.

488 2718 678 2794 amyra
726 2725 797 2781 ibi
826 2739 1089 2781 mansuro
1121 2725 1296 2781 donec
1322 2725 1652 2794 promissum
1687 2741 1718 2779 a
1745 2725 1900 2781 nobis
1933 2725 2166 2794 pretium
2235 2725 2526 2796 acceperit,
2591 2743 2688 2796 par
2748 2734 2852 2791 est,
2903 2733 2964 2779 ut
3009 2724 3144 2792 dixi,
3189 2724 3301 2779 imo
3371 2726 3738 2780 necessarium

491 2832 681 2872 onmes
712 2831 810 2872 vos
841 2817 908 2873 de
941 2829 1123 2874 vestro
1161 2818 1414 2874 conferre
1446 2819 1535 2888 (ad
1603 2819 1881 2888 principes
1923 2828 1977 2873 et
2042 2817 2309 2888 primores
2358 2819 2612 2888 loquor),
2671 2827 2991 2888 recepturos
3035 2816 3236 2872 deinde
3276 2816 3344 2870 ab
3389 2817 3739 2886 imperatore.

491 2923 613 2978 qua:
653 2909 962 2978 reipublica:
1020 2918 1126 2963 tam
1159 2912 1472 2964 necessario
1495 2910 1725 2965 articulo
1753 2911 2063 2965 communis
2097 2910 2289 2965 salutis
2323 2911 2572 2966 l'oenerati
2608 2909 2840 2965 fueritis.
2879 2929 2898 2962 ι
3621 2968 3628 2974 ,

561 3001 674 3070 89
687 3002 776 3054 23.
795 2999 889 3054 llis
903 3001 1156 3055 Amaseni
1182 3017 1431 3070 proceres
1452 3003 1652 3057 auditis
1670 3003 1944 3058 concitare
1961 3003 2066 3072 ple-

2245 3004 2354 3072 κγ’.
2384 3004 2598 3056 Τούτων
2619 3005 2813 3055 ἐκεῖνοι
2838 3001 3170 3064 ἀκούσαντες
3195 3000 3511 3072 ἐπεχείρουν
3534 2999 3738 3070 ταράτ-

492 3093 615 3147 bent
649 3092 992 3146 conabantur
1013 3135 1028 3158 ,
1064 3094 1436 3162 tumultusque
1463 3109 1527 3148 ac
1556 3093 1820 3148 confusus
1860 3095 2066 3148 clamor

2172 3113 2286 3148 τειν
2317 3095 2378 3148 τὸ
2406 3094 2628 3165 πλῆθος,
2662 3094 2758 3147 καὶ⁷
2787 3093 3016 3163 θόρυϐος
3042 3093 3138 3146 καὶ⁵
3167 3093 3380 3163 κραυγὴ
3403 3088 3472 3164 ἦν
3505 3092 3734 3162 μεγίστη

488 3181 700 3235 exstitit
733 3195 992 3250 magnus,
1044 3180 1373 3249 quibusdam
1410 3180 1684 3234 incondita
1741 3183 1984 3250 quaedam
2018 3191 2071 3235 et

491 3273 708 3327 incerta
739 3271 1160 3340 signiﬁcationis
1183 3271 1630 3335 vociferantibus,
1663 3270 1784 3326 aliis
1816 3270 2070 3326 distincte

491 3362 712 3418 liberari
743 3358 1016 3418 Urselinm
1044 3362 1420 3432 poscentibus,
1458 3361 1594 3416 nihil
1625 3362 1770 3416 enim
1805 3377 1864 3418 se
1888 3364 1955 3416 ab
1978 3363 2070 3418 illo

494 3468 655 3522 grave
695 3467 915 3522 passos;
949 3453 1224 3522 simulque
1267 3451 1584 3506 nitebantur
1613 3467 1805 3521 rapere
1833 3453 2009 3522 ipsum
2040 3468 2070 3506 e

493 3543 738 3596 custodia
771 3551 824 3596 et
854 3542 1104 3596 emittere
1152 3541 1406 3595 liberum.
1444 3541 1601 3596 Alius
1649 3542 1839 3612 utique
1891 3542 2070 3611 quivis

499 3634 747 3686 turbatus
780 3633 971 3687 fuisset
1008 3640 1218 3686 tantum
1272 3632 1537 3702 populum
1571 3630 1844 3686 furentem
1877 3633 2070 3687 videns

495 3730 551 3776 et
593 3723 864 3777 civitatem
920 3723 1213 3776 maximam
1263 3733 1452 3777 contra
1509 3737 1569 3777 se
1621 3725 2066 3778 tumultuantem.

497 3809 692 3866 Noster
732 3826 860 3866 vero
903 3826 1202 3882 generosus
1245 3811 1462 3882 juvenis
1492 3812 1716 3868 Alexius
1767 3814 2068 3883 intrepidus

495 3908 563 3958 ad
595 3905 708 3958 lncc
738 3914 954 3973 pectore
1006 3904 1337 3958 inconcusso
1385 3918 1450 3957 ac
1497 3903 1682 3959 ﬁdenti
1716 3905 1863 3958 vultu
1909 3905 2070 3960 silere

491 3998 721 4066 jubeitat
751 3997 964 4056 turbam
999 4005 1050 4051 et
1085 4011 1251 4049 manu
1286 4005 1541 4065 protensa
1579 3996 1908 4051 audientiam
1944 4012 2070 4066 pos-

495 4090 685 4156 cebat,
738 4103 845 4156 qua
902 4096 1180 4155 utcunque
1207 4087 1513 4156 impetrata,
1553 4087 1694 4141 hanc
1742 4087 1808 4142 ad
1857 4088 2068 4156 plebem

498 4181 670 4249 ipsam
725 4178 1027 4233 orationem
1075 4178 1304 4233 habuit:
1345 4197 1363 4230 ι
1399 4176 1588 4242 Miror,
1639 4177 1740 4232 viri
1791 4178 2067 4246 Amaseni,

501 4281 610 4324 tam
645 4269 801 4325 facile
832 4269 1007 4338 decipi
1039 4285 1134 4325 vos
1178 4269 1247 4324 ab
1289 4269 1358 4326 iis
1402 4271 1494 4340 qui
1522 4269 1676 4325 vobis
1705 4269 1848 4326 male
1867 4285 2070 4326 consu-

498 4363 617 4414 lunt
645 4368 698 4414 et
733 4361 972 4430 privatas
1002 4359 1244 4428 ipsorum
1292 4360 1549 4416 utilitates
1578 4369 1762 4417 vestro
1803 4363 2070 4432 sanguine

2170 3187 2280 3239 τῶν
2311 3187 2408 3255 μὲν
2438 3187 2665 3255 ἀσήμως
2695 3184 2964 3250 βοώντων,
2993 3185 3101 3237 τῶν
3157 3184 3211 3236 δὲ
3265 3183 3604 3254 βουλομένων
3632 3182 3736 3235 σώ-

2171 3277 2361 3342 ζεσθαι
2390 3276 2481 3330 τὸν
2532 3275 2857 3344 Οὑρσέλιον·
2904 3276 3146 3328 ἐπεϐόων
3180 3276 3288 3344 γάρ
3322 3274 3489 3345 μηδέν
3528 3292 3580 3326 τι
3629 3275 3737 3326 δει-

2173 3367 2261 3419 νὺν
2311 3365 2505 3417 παθεῖν
2548 3365 2685 3435 πρδς
2741 3364 2906 3418 αὑτοῦ
2961 3363 3058 3416 καὶ
3108 3364 3411 3433 ἐπειρῶντο
3468 3364 3738 3435 ἁρπάζειν

2170 3456 2359 3510 τοῦτον
2389 3457 2452 3508 ἐκ
2482 3457 2581 3525 τῆς
2631 3456 2808 3518 οἰκίας
2844 3457 2936 3508 καὶ
2994 3455 3251 3509 ἀπολύειν
3284 3455 3588 3527 ἐλεύθερον.
3629 3458 3737 3509 Καὶ

2171 3549 2310 3617 τάχα
2345 3547 2410 3600 ἂν
2443 3549 2628 3619 ἕτερος
2683 3547 2758 3600 ὣν
2797 3547 3072 3618 ἐταράχθη
3113 3547 3282 3618 δῆμον
3322 3548 3462 3618 ὁρῶν
3487 3547 3735 3601 τοσοῦτον

2176 3639 2500 3709 μαινόμενον
2528 3639 2622 3691 καὶ⁵
2659 3638 3071 3708 θορυϐουμένην
3092 3639 3247 3691 πόλιν
3275 3639 3560 3710 μεγίστην.
3595 3641 3652 3692 Ὀ
3679 3639 3735 3692 δὲ

2171 3732 2416 3795 γενναῖος
2440 3729 2676 3793 νεανίας,
2707 3733 2734 3782 6
2783 3729 3259 3799 στρατοπεδάρχης
3291 3732 3520 3796 ἐκεῖνος,
3571 3733 3731 3800 φημὶ,

2175 3819 2345 3889 μηδὲν
2377 3837 2430 3872 τι
2464 3819 2648 3882 δείσας
2681 3820 2742 3872 τὸ
2768 3819 2986 3872 σύνολον
3023 3820 3410 3887 κατασιγάζειν
3437 3822 3640 3892 ῆρξατο
3667 3824 3734 3892 τῇ

2171 3911 2315 3982 χειρὶ
2371 3910 2462 3963 τὸν
2511 3911 2761 3980 θόρυϐον.
2824 3912 2952 3981 Ὀψὲ
3002 3911 3186 3966 δὲκαὶ
3229 3913 3385 3982 μόλις
3437 3913 3735 3983 γενομένης

2170 4003 2397 4075 ἡσυχίας
2449 4001 2624 4071 λόγων
2671 4004 2870 4074 ἤρχετο
2916 4005 3056 4074 πρὸς
3086 4004 3148 4057 τὸ
3186 4003 3392 4074 πλῆθος
3450 4003 3730 4058 τοιούτων·

2177 4107 2196 4138 ι
2231 4087 2542 4159 Θαυμάζειν
2589 4089 2765 4143 ἔπεισί
2803 4106 2914 4160 μοι,
2949 4091 3140 4162 ἄνδρες
3193 4093 3561 4162 Ἀμασειανοὶ,
3590 4094 3734 4155 ὅπως

2172 4177 2372 4248 ῥᾳδίως
2425 4176 2600 4239 οὕτως
2645 4176 2990 4241 ἐξαπατᾶσθε
3031 4180 3136 4233 ὑπὸ
3165 4182 3272 4234 τῶν
3297 4182 3734 4252 κατασοφιζόμε-

2171 4283 2278 4320 νων
2310 4267 2454 4336 ὑμᾶς
2487 4267 2582 4320 καὶ
2607 4266 2706 4336 τὴν
2744 4267 2894 4336 σφῶν
2932 4267 3032 4339 μὲν
3065 4269 3245 4323 αὐτῶν
3273 4269 3538 4340 ὠφέλειαν
3570 4269 3738 4323 ὠνουο

2173 4357 2351 4430 μένων
2410 4355 2489 4427 τῷ
2544 4355 2798 4428 ὑμετέρῳ
2852 4358 3068 4430 αἵματι,
3122 4359 3386 4432 μεγίστης
3425 4359 3484 4414 δὲ
3533 4359 3737 4431 βλάϐης

501 4459 812 4506 mercantur
844 4465 942 4509 nec
971 4449 1269 4521 quidquam
1295 4452 1449 4521 pensi
1484 4449 1715 4518 habent,
1752 4465 1916 4522 quam
1940 4466 2064 4522 gra-

2170 4450 2299 4518 ὐμῖν
2347 4447 2626 4520 προξένων
2675 4450 2999 4521 γινομένων.
3036 4451 3171 4504 Ποία
3223 4452 3332 4524 γὰρ
3381 4453 3510 4523 ὑμῖν
3551 4452 3735 4522 δνησις

497 4543 639 4598 viter
671 4540 826 4596 vobis
852 4550 1107 4604 noceant,
1133 4541 1268 4597 dum
1314 4541 1416 4595 sibi
1466 4540 1548 4596 vel
1601 4539 1791 4595 leviter
1835 4543 2065 4612 prosint.

499 4632 634 4700 Quis
663 4633 810 4687 enim
851 4631 1006 4687 vobis
1053 4630 1260 4686 fructus
1309 4629 1691 4686 iuvalescentis
1725 4628 1938 4686 Urselio
1967 4631 2067 4687 do-

499 4727 740 4780 minante
785 4732 840 4778 ct
893 4723 1014 4778 istis
1056 4724 1106 4777 ei
1145 4722 1573 4793 obsequentibus
1612 4723 1917 4794 tyraunidis
1962 4723 2068 4779 fuit

498 4825 690 4886 prancr
719 4815 918 4880 caedes,
948 4813 1311 4882 captivitates,
1339 4812 1732 4879 tnutilationes,
1769 4822 2068 4870 truncatioo

499 4923 702 4978 nesqne
731 4905 1145 4961 membrorum?
1173 4903 1240 4958 Et
1275 4904 1330 4958 in
1379 4919 1474 4960 vos
1515 4905 1733 4974 quidem
1768 4907 1866 4961 ista
1894 4906 2066 4961 desat-

499 5001 746 5063 vierunt;
783 4998 872 5067 qui
915 5011 1044 5051 vero
1087 5011 1234 5050 nunc
1286 4995 1344 5048 in
1393 4995 1528 5050 iram
1559 5005 1614 5050 et
1644 4997 1934 5052 tumultum
1969 5011 2066 5052 vos

500 5089 780 5142 c0ncitant
808 5087 1009 5141 intacta
1039 5086 1356 5154 illibataque
1388 5095 1679 5140 servarunt
1715 5087 2064 5155 patrimonia,

496 5188 658 5246 tecta,
691 5177 997 5248 praediaque
1025 5178 1266 5248 prOpria,
1299 5192 1532 5247 quarum
1561 5193 1742 5232 rerum
1776 5179 2066 5233 incolumi-

498 5279 660 5324 tatem
692 5268 972 5325 concessis
999 5269 1152 5322 vobis
1186 5269 1239 5322 in
1269 5271 1514 5338 rapinam
1566 5267 1798 5324 barbaro
1848 5267 1951 5323 sibi
2000 5268 2066 5322 ab

494 5377 561 5414 eo
593 5360 1027 5429 paciscebantur.
1063 5359 1340 5430 lidemque
1392 5361 1558 5415 etiam
1608 5369 1794 5428 postea
1843 5360 2066 5430 praemia

499 5453 620 5506 lidei
644 5461 836 5507 vestra:
863 5452 932 5506 ab
958 5452 1283 5521 imperatore
1309 5453 1529 5522 largiter
1555 5453 1730 5507 soluta
1763 5453 2067 5506 diviserunt

500 5554 638 5596 tnlcl'
667 5560 726 5598 se
757 5544 1028 5613 jactantes
1058 5557 1155 5597 sua
1187 5556 1350 5611 opera
1387 5543 1586 5597 factum
1619 5557 1686 5595 nc
1718 5543 1818 5596 hac
1846 5542 2066 5596 civitate

504 5633 745 5689 Urselins
793 5637 1078 5706 potiretur,
1133 5633 1395 5703 neglectis
1447 5633 1691 5688 funditus
1738 5634 1891 5688 vobis
1942 5650 2060 5692 nec.

498 5741 621 5782 cum
654 5729 707 5780 in
741 5737 890 5782 tanta
937 5735 1089 5796 parte
1129 5725 1451 5779 damnorum
1499 5725 1730 5789 fueritis,
1779 5726 1845 5780 ad
1899 5725 2061 5780 ullam

2171 4541 2393 4610 ἐγένετο
2422 4542 2520 4611 τῆς
2553 4543 2866 4614 τυραννίδος
2899 4542 3298 4614 συνισταμένης
3329 4545 3412 4599 ὄτι
3438 4543 3512 4616 μὴ
3531 4546 3738 4613 σφαγαὶ

2170 4633 2266 4685 καὶ
2293 4631 2664 4702 αἰχμαλωσίαι
2698 4633 2794 4686 καὶ
2841 4631 3121 4702 πηρώσεις
3149 4634 3242 4685 καὶ
3282 4633 3738 4704 ἀκρωτηριασμοὶ

2172 4723 2350 4794 μελῶν
2367 4741 2384 4790 ;
2415 4724 2530 4777 ἀλλ’
2567 4726 2725 4795 ὑμεῖς
2755 4725 2856 4794 μὲν
2888 4721 3034 4777 οὕτω
3065 4724 3252 4786 κακῶς
3283 4725 3575 4794 ἐπάσχετε,
3605 4709 3652 4777 οἸ
3680 4726 3739 4779 δὲ

2169 4811 2262 4865 νῦν
2305 4812 2451 4881 ὑμᾶς
2501 4813 2636 4883 πρὸς
2696 4811 2864 4882 θυμὸν
2928 4812 3023 4865 καὶ
3077 4812 3311 4882 θόρυϐον
3360 4814 3738 4885 ἀνεγείροντες

2166 4902 2450 4973 διετήρουν
2503 4905 2602 4975 μὲν
2629 4903 2790 4972 ἀσινῆ
2815 4902 2885 4956 τὰ
2932 4906 3110 4958 οἰκεῖα
3144 4905 3234 4958 τὸν
3274 4904 3548 4977 βάρϐαρον
3578 4905 3738 4976 θερα-

2169 4993 2448 5058 πεύοντες,
2511 4992 2898 5065 ἀπελάμϐανον
2953 4994 3008 5046 δὲ
3060 4996 3154 5048 καὶ
3204 4997 3413 5050 τῶν-ὲκ
3471 4997 3735 5067 βασιλέως

2165 5085 2404 5151 δωρεῶν,
2443 5087 2526 5138 ὅτι
2557 5085 2630 5156 μὴ
2671 5088 2809 5155 σφᾶς
2848 5103 2907 5138 τε
2949 5089 3047 5139 καὶ
3077 5088 3174 5156 τὴν
3207 5088 3362 5142 πόλιν
3393 5089 3736 5159 ἐνεχείρισαν

2166 5176 2245 5244 τῷ
2279 5176 2557 5247 βαρϐάρῳ.
2593 5177 2780 5247 ’Υμῶν
2801 5176 2885 5249 [Ρ.
2907 5176 3068 5248 6ηδὲ
3097 5179 3216 5233 οὐδὲ
3241 5179 3333 5234 ἕνα
3360 5179 3516 5248 λόγον
3547 5180 3735 5248 ἐποιή-

2170 5282 2329 5317 σαντο
2354 5265 2593 5321 πώποτε.
2620 5271 2721 5323 Διά
2737 5285 2818 5322 τοι
2844 5269 3000 5322 τοῦτο
3023 5272 3117 5324 καὶ
3148 5270 3303 5335 αὖθις
3329 5271 3608 5343 βούλονται
3637 5273 3737 5340 τὴν

2125 5362 2134 5372 ⁸
2166 5363 2459 5431 τυραννίδα
2481 5364 2855 5428 συνίστασθαι,
2883 5362 3071 5434 ῖναίτῷ
3095 5365 3341 5434 τυράννῳ
3373 5362 3470 5431 μὲν
3492 5362 3736 5430 χρηστάς

2170 5453 2556 5517 ὑποσαίνοντες
2607 5454 2828 5517 ἐλπίδας
2855 5454 3014 5525 ἀσινῆ
3049 5455 3117 5507 τά
3158 5455 3333 5506 οίκεῖα
3379 5450 3732 5521 διατηρῶσιν,

2167 5547 2231 5597 ὲκ
2265 5545 2528 5614 βασιλέως
2556 5546 2613 5597 δὲ
2653 5546 2961 5599 ἀπαιτῶσιν
3010 5546 3164 5610 αὖθις
3218 5545 3382 5615 τιμάς
3413 5561 3472 5596 τε
3509 5544 3602 5595 καὶ
3631 5542 3736 5594 δω‹

2169 5637 2316 5707 ρεάς.
2352 5638 2525 5691 Ἦνδὲ
2558 5655 2611 5690 τι
2633 5639 2728 5692 καὶ
2759 5640 3163 5710 νεωτερισθείη,
3198 5639 3348 5691 αὐτοὶ
3383 5636 3480 5706 μὲν
3513 5634 3735 5705 πόρρω·

2169 5731 2260 5782 θεν
2311 5730 2537 5792 ἑαυτοὺς
2581 5729 2677 5782 τοῦ
2717 5729 2989 5801 δράματος
3020 5729 3311 5797 ἐξαγαγεῖν
3357 5725 3729 5795 πειράσονται,
