4088 6208
357 330 461 396 133

1562 334 2112 398 HISTORIARUM
2154 336 2302 396 LIB.
2344 337 2429 396 Ιῐ.
3504 339 3594 401 134

353 441 444 494 τὶν
482 440 538 494 δὲ
594 441 856 512 βασιλέως
897 445 1032 510 ὅλως
1064 446 1234 517 θυμὸν
1289 446 1548 517 ὲξάψουσι
1587 447 1710 501 καθ’
1743 446 1918 516 ὑμῶν.

2026 447 2439 502 commodorum
2471 447 2792 516 particulam
2823 444 3100 512 admissis,
3131 456 3316 515 utpote
3347 447 3436 516 qui
3482 450 3596 502 nul-

367 533 509 585 Ἀλλ’
539 533 593 585 εῐ
624 533 675 586 τί
714 553 806 605 μοι
859 537 1134 606 πείθεσθε,
1173 538 1300 602 τοὺς
1346 539 1449 608 μὲν
1488 538 1631 608 ὑμᾶς
1671 537 1805 607 πρὸς
1835 538 1925 590 θό-

355 623 518 691 ρυϐον
541 623 916 694 διεγείραντας
943 627 1126 700 ἐρρειν
1154 629 1372 693 ἐάσατε,
1397 629 1578 683 ἀπίτω
1612 628 1669 681 δὲ
1692 627 1924 690 ἕκαστος

351 717 433 776 εἰς
488 714 585 786 τὴν
635 717 814 772 οἰκίαν
854 719 1016 773 αὑτοῦ
1059 721 1153 774 καὶ
1192 720 1260 773 τά
1307 719 1572 790 λεχθέντα
1625 718 1920 784 σκοπείτω,

351 808 446 860 καὶ
474 808 687 862 εἴσεσθε
716 812 899 874 ὁποῖος
929 813 1056 883 ὑμῖν
1077 812 1390 882 βουλεύεται
1407 812 1474 864 τὰ
1497 811 1872 882 ξυμφέροντα.
1895 829 1916 864 ι

351 898 570 952 Τούτων
609 901 849 955 ἀκοῦσαν
879 902 983 955 τῶν
1020 904 1281 973 ῥημάτων
1310 903 1370 954 τὸ
1393 900 1595 972 πλῆθος
1621 900 1814 971 ἐπῄνει
1841 899 1912 953 τά

347 987 606 1055 λεχθέντα
637 993 732 1046 καὶ
766 993 1006 1058 ἅπαντες
1039 993 1375 1065 ὑπεχώρουν.

2034 535 2140 589 lam
2177 550 2419 604 unquam
2451 552 2630 590 rerum
2663 552 2726 591 ac
2756 538 3027 591 rationum
3062 547 3367 592 vestrarum
3412 552 3595 592 curam

2034 634 2130 680 aut
2173 626 2562 695 cogitationem
2610 627 2966 696 sumpserint.
3014 625 3200 696 Itaque
3248 626 3360 696 jam
3414 641 3593 681 rursus

2031 715 2263 784 cupiunt
2315 717 2604 770 restituere
2653 717 2998 786 tyrannidem
3023 717 3158 790 ipsis
3202 727 3592 788 quaestuosam,

2029 805 2186 862 vobis
2215 822 2351 877 quos
2381 807 2492 877 90
2519 808 2652 864 viles
2680 808 2878 862 habent
2905 808 3214 863 exitialem:
3244 820 3300 862 ut
3329 825 3451 864 cum
3482 824 3592 860 rur-

2027 913 2123 956 sus
2152 898 2348 954 vestris
2366 899 2563 968 praedis
2581 911 2808 970 tyranno
2829 915 2924 969 per
2941 912 3176 955 vestrum
3195 916 3435 958 errorem
3461 901 3593 970 ipso-

2027 1005 2149 1044 rum
2190 990 2380 1045 fraude
2410 992 2480 1046 ab
2513 1001 2758 1047 extremo
2802 993 3043 1062 periculo
3070 995 3121 1048 in
3146 1009 3296 1063 spem
3325 996 3594 1048 meliomr

349 1091 613 1137 revocato
653 1083 882 1139 blanditi
931 1085 1157 1151 fuerint,
1192 1086 1245 1138 in
1271 1098 1512 1154 prmsens
1552 1080 1960 1137 indemnitatem
2001 1094 2226 1134 suarum
2268 1079 2597 1136 familiarum
2626 1082 2695 1137 ab
2725 1097 2790 1137 eo
2835 1084 3029 1139 vestris
3057 1085 3262 1154 rapinis
3287 1085 3590 1138 exsatiaudt

350 1174 722 1240 paciscantur,
770 1172 1116 1243 postmodum
1179 1187 1308 1227 vero
1337 1178 1607 1226 ostentata
1674 1167 1988 1237 imperatori
2027 1165 2165 1222 falsa
2200 1166 2475 1233 fidelitate,
2506 1170 2662 1238 quasi
2692 1185 2788 1239 per
2829 1170 2975 1239 ipsos
3023 1172 3232 1226 steterit
3263 1186 3330 1225 ne
3354 1171 3594 1226 Urselius

347 1273 530 1318 vestra
565 1279 730 1334 Opera
765 1273 1035 1334 regnaret,
1080 1264 1184 1318 sibi
1230 1263 1450 1333 quidem
1497 1261 1633 1332 ipsis
1687 1260 1921 1314 honores
1959 1257 2027 1312 ab
2055 1271 2121 1311 eo
2152 1266 2205 1312 et
2233 1257 2572 1330 largitiones,
2605 1260 2759 1315 vobis
2816 1271 2999 1316 autem
3069 1260 3452 1317 seditiosorum
3486 1277 3593 1332 pm-

349 1369 449 1408 nas
482 1361 537 1408 et
568 1363 807 1406 extrema
863 1353 1127 1422 supplicia
1175 1360 1490 1422 procurent.
1558 1350 1696 1405 Nam
1742 1349 1831 1403 ubi
1908 1347 2176 1404 tumultus
2235 1363 2408 1419 usque
2435 1349 2502 1404 ad
2569 1351 2784 1422 tyranni
2815 1353 3011 1421 captivi
3045 1352 3418 1408 liberationem
3450 1353 3586 1406 inva-

350 1445 532 1510 luerit,
567 1445 722 1500 facile
755 1445 853 1515 ipsi
880 1448 1187 1515 purgabunt
1215 1446 1288 1511 id,
1319 1460 1377 1500 se
1412 1445 1594 1500 invitis
1627 1459 1690 1499 ac
1725 1444 1925 1498 frustra
1958 1444 2425 1512 repugnantibus,
2456 1445 2505 1499 vi
2576 1461 2638 1502 ac
2669 1445 2852 1503 furore
2912 1448 3086 1518 plebis
3112 1462 3376 1501 novarum
3412 1460 3596 1499 rerum

348 1537 608 1590 studiosa:
637 1535 840 1589 factum
873 1554 885 1589 :
921 1535 1062 1589 unde
1133 1536 1362 1603 gratiam
1405 1539 1623 1606 quidem
1687 1533 2034 1604 imperatoris
2081 1534 2136 1586 in
2181 1548 2269 1596 se,
2344 1534 2398 1588 in
2445 1549 2540 1589 vos
2593 1547 2776 1591 autem
2830 1539 2963 1592 iram
3007 1547 3059 1592 et
3113 1547 3277 1592 totam
3342 1535 3597 1589 invidiam

346 1626 521 1681 odiosi
560 1626 816 1680 facinoris
850 1634 1114 1679 averterit.
1149 1625 1219 1679 At
1245 1641 1361 1690 vos,
1395 1626 1445 1680 si
1507 1625 1640 1695 quid
1701 1623 1833 1678 mihi
1908 1623 2159 1686 creditis,
2208 1623 2340 1678 istos
2396 1623 2685 1679 insidiosos
2737 1625 3021 1682 seditionis
3101 1627 3232 1696 ipsis
3279 1635 3597 1694 qurcstuosm

345 1717 502 1773 vobis
551 1717 872 1787 perniciosae
922 1730 1177 1772 suasores
1222 1717 1425 1771 missos
1477 1716 1658 1771 facile.
1690 1718 1769 1772 Ite
1802 1731 1930 1770 vero
1971 1717 2202 1785 quisque
2242 1715 2295 1770 in
2339 1715 2560 1772 'domos
2618 1729 2829 1774 vestras
2885 1728 2939 1773 et
2986 1736 3106 1790 qua;
3153 1721 3385 1775 audistis
3430 1720 3598 1773 otiose

347 1819 617 1880 reputate.
654 1806 745 1863 Sic
771 1809 916 1863 enim
949 1807 1126 1863 facile
1157 1809 1471 1880 intelligetis
1501 1807 1611 1862 utri
1666 1807 1820 1861 vobis
1849 1805 2001 1860 utilia
2073 1806 2398 1874 consulant,
2469 1807 2616 1861 illine
2649 1809 2739 1878 qui
2806 1824 2902 1863 vos
2936 1809 3151 1879 tyranni
3188 1809 3393 1878 rapinis
3419 1818 3472 1862 et
3502 1809 3592 1860 im-

347 1899 615 1970 peratoris
640 1898 921 1968 suppliciis
949 1897 1238 1967 objiciunt,
1264 1914 1332 1952 an
1361 1913 1460 1967 ego
1489 1898 1582 1967 qui
1645 1896 1820 1965 capita
1869 1895 2225 1965 fortunasque
2291 1907 2502 1951 vestras
2552 1898 2797 1952 omnium
2848 1915 2946 1967 pro
2997 1899 3298 1954 commodis
3369 1899 3598 1967 spebus—

343 2003 452 2056 que
507 1987 769 2058 improbis
821 2001 1118 2056 paucorum
1169 1987 1224 2040 in
1274 1987 1565 2042 discrimen
1622 1985 1746 2039 nolo
1791 1984 2048 2054 projici.»
2117 1985 2314 2041 Audita
2376 1987 2528 2054 plebs
2598 1987 2698 2043 hac
2757 1989 3003 2044 oratione
3038 1990 3274 2044 laudavit
3304 2005 3424 2060 qua:
3463 1990 3603 2045 dice-

342 2084 546 2138 bantur
576 2090 630 2136 et
669 2080 928 2151 paulatim
959 2089 1300 2135 recesserunt
1329 2082 1383 2134 in
1419 2081 1640 2135 domum
1677 2079 1909 2149 quisque
1950 2095 2129 2135 suam.

417 2177 517 2230 κδ’.
568 2174 627 2228 ⁸0
675 2175 735 2229 δὲ
775 2174 1257 2246 στρατοπεδάρχης
1296 2175 1480 2238 δείσας
1515 2174 1590 2246 μὴ
1629 2173 1724 2228 καὶ
1760 2171 1914 2237 αὖθις

2085 2175 2176 2228 24.
2217 2175 2280 2229 At
2302 2173 2528 2230 Alexius
2561 2177 2810 2232 metuens
2841 2192 2908 2232 ne
2939 2178 3133 2231 iterum
3165 2192 3418 2246 proceres
3449 2178 3586 2234 civi-

344 2271 395 2323 οί
422 2267 641 2322 δυνατοὶ
679 2265 739 2321 τὸ
768 2266 969 2336 πλῆθος
1021 2267 1330 2337 διεγείρωσι
1363 2268 1459 2322 καὶ
1489 2266 1581 2320 τδν
1627 2265 1920 2336 Οὐρσέλιον

343 2357 716 2429 διαρπάσωσι,
775 2355 972 2426 βουλὴν
1019 2356 1334 2426 βουλεύεται
1365 2358 1507 2410 πάνυ
1538 2356 1640 2426 μὲν
1670 2356 1918 2428 συνετὴν,

349 2451 490 2504 πάνυ
523 2449 578 2502 δέ
601 2450 696 2502 καὶ
721 2447 1125 2516 φιλάνθρωπον.
1154 2447 1249 2510 Τίς
1281 2447 1326 2501 δ’
1366 2448 1400 2518 ἡ
1441 2446 1637 2518 ponii];
1675 2447 1924 2518 Προσκα·

346 2542 524 2593 λεϊται
571 2539 663 2593 τὸν
712 2539 928 2609 δήμιον.
981 2538 1306 2592 ’Δνάπτεται
1360 2536 1493 2607 πῦρ.
1551 2537 1920 2606 Ἐκπυροῦται

352 2629 590 2699 σίδηρος.
661 2628 938 2683 Ῥίπτεται
993 2630 1136 2681 κατά
1191 2631 1296 2698 γῆς
1321 2629 1350 2681 δ
1383 2625 1694 2698 Οὐρσέλιος.
1719 2627 1921 2678 Φωνεῖν

352 2720 447 2772 ἰαὶ
481 2719 686 2772 στένειν
725 2719 918 2790 γοερὸν
979 2719 1421 2790 παραγγέλλεται
1481 2719 1559 2782 ὡς
1601 2717 1763 2784 δῆθεν
1810 2716 1921 2770 τῶν

349 2811 614 2879 ὀμμάτων
643 2811 1023 2880 στερούμενος.
1062 2811 1122 2863 '0
1152 2810 1208 2863 δέ
1233 2810 1478 2864 πείθεται
1507 2811 1602 2864 καὶ
1623 2811 1723 2878 τὴν
1740 2809 1921 2861 οἰκίαν

353 2901 590 2970 ἐπλήρου
645 2901 840 2966 φωνῶν
877 2917 939 2954 τε
978 2901 1073 2954 καὶ
1113 2901 1456 2970 στεναγμῶν.
1484 2895 1620 2953 Elea
1651 2900 1764 2963 τοῖς
1798 2897 1922 2951 τού-

349 3010 444 3046 του
479 2992 768 3064 βλεφάροις
797 2992 1098 3046 ἐπιτίθεται
1131 2992 1425 3063 φάρμακον
1458 2991 1798 3045 ἀκεσώδυνον
1827 2991 1923 3043 καὶ

349 3086 442 3137 ἐπὶ
456 3084 533 3153 τῷ
555 3084 830 3155 φαρμάκῳ
852 3086 1138 3154 κάλυμμα.
1164 3083 1373 3136 ’Έωθεν
1395 3083 1616 3156 δέκςπρὸς
1634 3083 1694 3135 τὸ
1715 3081 1920 3153 πλῆθος

353 3176 612 3244 ἐξάγεται
647 3178 741 3230 καὶ
767 3179 961 3248 ὁρᾶται
989 3177 1137 3248 παρὰ
1166 3177 1381 3230 πάντων
1405 3177 1478 3239 ὡς
1503 3175 1664 3246 δῆθεν
1695 3175 1916 3244 τυφλός.

350 3269 524 3321 Τοῦτο
562 3267 624 3322 τὸ
667 3269 850 3339 δρᾶμα
880 3269 1114 3339 πάμπαν
1147 3270 1240 3321 τὸν
1283 3267 1511 3340 θόρυδον
1539 3268 1919 3335 κατεσίγασεν.

361 3360 423 3412 '0
458 3361 556 3428 μὲν
580 3357 674 3413 οὖν
703 3360 1185 3430 στρατοπεδάρχης
1218 3359 1404 3420 ἀδείας
1435 3357 1736 3426 λαϐόμενος
1762 3351 1920 3409 ἐσκό-

349 3468 444 3504 πει
499 3452 648 3515 ὅπως
681 3454 778 3504 καὶ
822 3452 884 3504 τὸ
941 3453 1070 3520 περὶ
1112 3452 1204 3503 τὸν
1265 3449 1556 3519 Ούρσὲλιον
1607 3445 1924 3518 στράτευμα

346 3542 596 3595 καθελὼν
628 3543 738 3595 τῶν
775 3542 1376 3613 παρακατασχεθέντων
1400 3541 1680 3609 φρουρίων
1706 3539 1920 3604 γένοιτο

352 3635 638 3702 ἐγκρατής
660 3649 674 3662 ο
693 3634 744 3684 οἱ
760 3632 802 3683 δ’
829 3635 891 3684 ἐκ
915 3632 1176 3698 βασιλέως
1197 3631 1540 3700 πεμφθέντες
1564 3630 1674 3682 τῶν
1704 3629 1921 3682 οἰκείων

341 3725 506 3786 ὄντες
535 3723 614 3794 τῷ
668 3723 880 3792 βασιλεῖ
923 3722 1230 3792 ἠνάγκαζον
1281 3722 1470 3776 τοῦτον
1509 3723 1601 3775 τὸν
1632 3719 1920 3792 Οὐρσέλιον

341 3816 585 3870 λασόντα
607 3817 687 3878 είς
719 3814 816 3884 τὴν
846 3814 1093 3884 βασιλίδα
1130 3815 1476 3869 ἐπανελθεῖν.
1521 3815 1582 3867 '0
1608 3815 1664 3866 δὲ
1697 3811 1922 3882 αἰσχρὸν

348 3909 535 3976 ἔλεγεν
560 3901 702 3959 εἶναι
733 3907 796 3958 Εἰ
815 3905 1029 3959 πολλῶν
1053 3907 1158 3958 τῶν
1190 3907 1294 3959 ὑπὸ
1334 3907 1425 3958 τὸν
1455 3906 1716 3976 τύραννον
1751 3904 1919 3956 ὄντων

349 4000 470 4060 ἐνὸς
495 3999 786 4068 ἐγκρατεῖς
826 3997 1112 4066 γεγονότες
1151 3997 1318 4051 αὐτοῦ
1351 3996 1449 4050 τοῦ
1487 3997 1754 4067 τυράννου
1789 3995 1919 4056 τοὺς

351 4090 544 4154 ἄλλους
569 4089 960 4154 καταλιπόντες
1011 4090 1346 4161 οἰχησόμεθα
1370 4104 1386 4121 ·
1422 4090 1639 4157 ἀνάγκη
1692 4087 1801 4157 γὰρ
1821 4085 1920 4138 ἕνα

347 4183 458 4237 τῶν
493 4182 831 4254 λειπομένων
859 4183 942 4245 είς
963 4181 1227 4252 τύραννον
1253 4182 1593 4251 καταστῆναι
1623 4180 1719 4232 καὶ
1763 4177 1920 4240 αὖθις

347 4272 448 4337 τὰς
485 4271 672 4335 πόλεις
696 4273 894 4342 κυκᾷν.
934 4271 1074 4324 Ἀλλ’
1114 4272 1240 4341 ἐμοὶ
1265 4271 1415 4324 δοκεῖ
1445 4265 1591 4324 εἶναι
1625 4268 1797 4323 ταῦτα
1823 4266 1921 4321 καὶ

345 4363 632 4426 τοῦτον...,
661 4363 1039 4433 ἀποπειρᾶσαι
1068 4361 1127 4414 δέ
1159 4362 1385 4416 καὶτῶν
1407 4361 1683 4432 φρουρίων
1712 4358 1799 4432 [Ρ.
1826 4357 1918 4431 62]

345 4457 476 4512 ὅσον
504 4449 616 4510 οἷόν
648 4473 731 4509 τε.
755 4455 922 4511 Ταῦτ’
946 4454 1118 4509 εἰπὼν
1148 4456 1314 4526 ἔργου
1339 4457 1535 4525 εἴχετο,
1575 4455 1670 4510 καὶ
1703 4455 1921 4526 πρῶτον

353 4549 454 4615 μὲν
484 4547 582 4610 τὰς
608 4548 762 4612 ὁδοὺς
787 4545 1068 4618 ἐφρούρει.
1105 4547 1195 4609 Ὠς
1216 4547 1380 4617 μηδέν
1401 4565 1454 4599 τι
1473 4547 1584 4600 τῶν
1605 4547 1920 4614 ἀναγκαίων

350 4637 538 4689 λαθεῖν
568 4638 648 4699 είς
673 4637 741 4689 τὰ
775 4638 1013 4708 φρούρια
1039 4635 1386 4706 εἰσαχθῆναι,
1414 4637 1506 4689 καὶ
1535 4636 1628 4690 ἐπὶ
1659 4635 1921 4707 συλλογὴν

351 4728 502 4782 σίτου
534 4728 628 4783 καὶ
650 4727 756 4782 τῶν
791 4728 966 4783 ἄλλων
1021 4731 1336 4798 ἀναγκαίων
1395 4729 1634 4794 ἐξιόντας
1671 4729 1921 4800 μεγάλως

2025 2266 2150 2320 tatis
2181 2266 2390 2336 plebem
2423 2269 2762 2324 concitarent
2792 2277 2845 2324 et
2869 2266 3141 2324 Urselium
3175 2282 3445 2340 raperent,
3472 2286 3603 2325 con-

2023 2357 2204 2413 silium
2253 2359 2377 2414 iniit
2429 2359 2586 2415 valde
2643 2360 2881 2428 prudens
2927 2375 3028 2415 nec
3066 2361 3249 2416 minus
3281 2363 3600 2416 humanum.

2023 2447 2190 2514 Quale
2225 2448 2277 2503 id
2306 2457 2487 2504 autem
2509 2450 2533 2503 ?
2559 2449 2801 2506 Advocat
2829 2452 3170 2519 carnificem,
3193 2454 3414 2508 accendi
3443 2453 3597 2520 jubet

2023 2535 2202 2605 ignem
2231 2549 2284 2593 et
2311 2538 2364 2594 in
2397 2555 2461 2595 eo
2485 2541 2779 2596 candelieri
2806 2541 3033 2597 ferrum.
3057 2544 3216 2597 llumi
3237 2544 3392 2613 juxta
3413 2555 3606 2599 exten-

2022 2627 2170 2683 ditur
2198 2627 2449 2684 Urselius
2482 2630 2787 2686 voeiferans
2817 2643 2869 2687 et
2903 2633 3115 2702 ejulans
3155 2634 3311 2702 plane
3340 2644 3398 2689 ut
3428 2635 3475 2689 si
3508 2652 3599 2690 re-

2021 2734 2147 2774 vera
2182 2719 2230 2776 ei
2269 2721 2412 2775 oculi
2455 2720 2600 2776 ferro
2651 2724 2823 2793 ignito
2871 2734 3252 2790 exurerentur,
3283 2724 3428 2794 quod
3463 2741 3589 2779 mox.

2024 2813 2266 2866 futurum
2299 2828 2363 2866 ex
2399 2826 2466 2867 eo
2493 2825 2757 2884 apparatu
2792 2815 3031 2872 rebatur.
3059 2816 3236 2882 Quare
3267 2817 3459 2870 domus
3487 2826 3601 2874 tota

2022 2903 2346 2972 personabat
2373 2906 2581 2960 insanis
2629 2906 2746 2976 ejus
2795 2909 3066 2962 lamentis.
3100 2907 3254 2974 Quod
3290 2911 3355 2962 ad
3389 2907 3588 2964 famam

2023 2997 2100 3050 rei
2134 2994 2291 3051 facta:
2325 2997 2380 3051 iu
2415 2998 2670 3052 viciniam
2723 3008 2778 3053 et
2815 3015 2938 3054 mox
2994 3014 3087 3068 per
3123 3001 3308 3054 urbem
3338 3016 3600 3070 spargen—

2021 3089 2146 3141 dam
2182 3089 2313 3144 utile
2341 3102 2478 3144 erat.
2505 3090 2706 3146 Deinde
2735 3091 2851 3160 ejus
2873 3093 3048 3146 oculis
3074 3105 3404 3162 unguentum
3425 3095 3600 3162 quod-

2022 3179 2146 3234 dam
2201 3180 2482 3235 innoxium
2522 3182 2784 3251 imposuit
2829 3195 2882 3237 et
2929 3199 3092 3252 supra
3135 3193 3470 3254 unguentum
3515 3183 3599 3236 fa—

2023 3271 2217 3326 sciam.
2270 3269 2540 3326 Postridie
2585 3287 2803 3343 quoque
2844 3273 2897 3326 in
2951 3273 3220 3340 publicam
3277 3277 3600 3328 concionem

2028 3361 2102 3414 ita
2135 3361 2421 3416 fasciatum
2457 3365 2633 3418 oculis
2664 3365 2869 3433 Opertis
2901 3364 3172 3419 Urselium
3193 3366 3297 3435 91
3327 3367 3605 3435 producit,

2029 3463 2089 3504 ut
2122 3452 2380 3507 omnibus
2409 3469 2472 3508 ea
2502 3455 2683 3522 specie
2718 3455 2848 3508 fides
2879 3456 3030 3508 fieret
3064 3471 3189 3508 vere
3226 3457 3400 3524 ipsum
3431 3471 3604 3510 exeat-

2029 3549 2212 3594 catum
2269 3542 2460 3598 fuisse.
2501 3544 2576 3599 Ea
2629 3544 2774 3599 fictio
2824 3545 3116 3600 tumultum
3165 3545 3320 3614 plane
3370 3547 3601 3599 sedavit.

2029 3631 2254 3686 Alexius
2286 3647 2414 3687 vero
2466 3647 2596 3687 cura
2653 3635 2751 3687 ista
2806 3635 3015 3688 solutus
3064 3633 3459 3698 considerabat,
3495 3651 3600 3704 qua

2029 3724 2240 3779 ratione
2269 3732 2457 3794 posset
2489 3724 2687 3780 Urselii
2739 3725 2961 3795 reliquis
2991 3725 3168 3780 adhuc
3200 3726 3372 3794 copiis
3405 3725 3599 3780 deletis

2026 3828 2180 3870 arces
2207 3829 2344 3884 quas
2385 3816 2657 3870 invaserat
2711 3824 2764 3870 et
2820 3816 2998 3869 adhuc
3049 3831 3145 3885 per
3195 3830 3328 3870 suos
3381 3818 3600 3869 tenebat

2024 3907 2287 3976 recipere.
2323 3905 2424 3973 Qui
2481 3917 2662 3962 autem
2708 3907 2776 3962 ab
2824 3907 3151 3976 imperatore
3200 3907 3353 3961 missi
3407 3907 3598 3959 Alexio

2028 3999 2253 4054 aderant
2285 3999 2641 4055 consiliorum
2690 4009 2942 4054 auctores
2974 4014 3038 4052 cx
3075 3999 3285 4051 intimis
3333 3998 3599 4066 principis

2027 4092 2330 4148 suadebant
2359 4103 2415 4147 ut
2448 4091 2665 4147 Urselio
2696 4107 2882 4147 secum
2929 4089 3092 4143 ducto
3126 4088 3412 4142 confestim
3461 4089 3598 4143 Con~

2026 4183 2435 4254 stantinopolim
2466 4191 2849 4237 reverteretur.
2881 4180 3091 4246 Quibus
3134 4180 3222 4234 ille
3275 4189 3432 4250 turpe
3483 4179 3599 4234 fure

2027 4273 2261 4336 dicebat,
2281 4288 2402 4326 cum
2429 4271 2583 4326 multi
2615 4273 2718 4325 sub
2749 4287 2860 4324 uno
2893 4279 3123 4342 tyranno
3143 4275 3358 4342 tyranni
3389 4283 3594 4336 essent,

2027 4367 2069 4420 si
2101 4378 2210 4419 uno
2242 4363 2334 4416 illo
2368 4362 2630 4432 primario
2669 4361 2883 4414 sublato
2911 4361 3152 4416 minores
3189 4363 3406 4418 illosin
3448 4365 3595 4420 illius

2029 4457 2207 4511 locum
2240 4453 2400 4508 facile
2427 4467 2785 4522 processuros
2816 4451 3184 4521 relinquerent
3213 4462 3266 4509 et
3289 4454 3367 4509 sic
3386 4455 3597 4510 abirent

2027 4546 2184 4618 quasi
2223 4560 2284 4601 re
2329 4544 2601 4607 confecta,
2646 4541 2832 4598 statim
2880 4541 3120 4596 audituri
3153 4544 3445 4598 excitatum
3475 4561 3597 4600 esse

2027 4645 2184 4706 capto
2237 4647 2645 4697 successorem,
2692 4632 2786 4702 qui
2837 4647 2944 4686 non
3004 4632 3189 4688 mitius
3233 4648 3395 4702 quam
3446 4635 3598 4702 prior

2030 4725 2233 4797 paratis
2264 4725 2331 4780 ad
2360 4739 2580 4780 manum
2613 4724 2783 4791 cepiis
2807 4727 2970 4779 urbes
3001 4725 3268 4780 incurset.
3294 4723 3420 4778 Mihi
3442 4741 3594 4794 ergo,

352 4822 584 4883 ἐσίνετο,
625 4818 816 4872 ἔπειτα
846 4820 1027 4890 μέντοι
1053 4820 1276 4889 ἐνέδρας
1316 4819 1503 4872 ἐνίστα
1534 4819 1628 4872 καί
1651 4835 1804 4885 τινας
1840 4820 1918 4883 είς

2033 4818 2232 4887 inquit,
2283 4815 2548 4888 optimum
2578 4815 2811 4877 .videtur
2864 4831 2973 4869 non
3026 4825 3234 4870 tantum
3278 4825 3594 4887 tyrannum,

353 4911 640 4979 προνομὴν
671 4907 943 4962 ἔστελλεν.
974 4908 1114 4960 Οἱδέ
1144 4911 1200 4961 ἐν
1233 4911 1346 4970 τοῖς
1383 4909 1661 4978 φρουρίοις
1694 4908 1929 4974 ἐξιόντες

351 5003 446 5053 καὶ
492 5003 619 5064 τοὺς
685 4999 1125 5070 προνομεύοντας
1172 4998 1460 5062 διώκοντες
1515 5001 1635 5062 ταῖς
1683 4997 1928 5069 ἐνέδραις

354 5095 781 5162 περιπίπτοντες
816 5093 1121 5162 ἡλίσκοντο.
1177 5090 1348 5144 Τοῦτο
1386 5092 1643 5153 πολλάκις
1687 5091 1927 5145 ποικιλο-

343 5184 570 5253 ’τρόπως
605 5185 891 5256 γινόμενον
930 5187 1009 5247 εἰς
1039 5184 1272 5255 ἀπορίαν
1322 5181 1448 5246 τοὺς
1493 5182 1776 5253 Φράγγους
1809 5183 1926 5234 ἐνέ-

349 5275 582 5327 ϐαλλεν·
617 5276 706 5329 ὁτὲ
761 5276 859 5346 μὲν
890 5275 997 5347 γὰρ
1061 5277 1198 5347 μετά
1261 5275 1528 5344 τετάρτην
1585 5275 1618 5344 ἢ
1663 5275 1920 5343 πέμπτην

353 5367 571 5439 ἡμέραν
598 5369 773 5421 ἐποίει
804 5369 902 5430 τὰς
936 5367 1243 5438 προκομάς,
1285 5367 1375 5420 ὸτέ
1398 5368 1453 5420 δὲ
1499 5367 1641 5436 μετὰ
1674 5366 1800 5442 μίαν
1827 5361 1926 5418 αὖ-

351 5462 436 5525 θις
464 5463 747 5534 ἡμέρανῆ
799 5465 890 5516 καὶ
941 5463 1220 5534 δευτέραν.
1279 5463 1712 5534 Ἀμηχανοῦντες
1754 5457 1846 5514 οὖν
1875 5461 1924 5512 οἱ

348 5553 498 5607 ἔνδον
524 5558 572 5607 oi
607 5557 707 5626 μὲν
771 5557 913 5626 σφᾶς
968 5573 1024 5607 τε
1070 5556 1266 5618 αὐτοὺς
1304 5559 1398 5608 καὶ
1460 5555 1530 5607 τά
1587 5553 1820 5624 φρούρια
1848 5551 1924 5621 τῷ

358 5647 823 5719 στρατοπεδάρχῃ
857 5647 1184 5718 παρέδοσαν,
1214 5647 1263 5699 oi
1288 5646 1343 5697 δὲ
1385 5646 1518 5698 κενὰ
1547 5645 1718 5700 ταῦτα
1754 5661 1924 5697 κατα·

349 5736 602 5803 λιπόντες
635 5736 860 5808 ᾠκοντο.
892 5737 1002 5792 Καὶ
1031 5736 1176 5790 οὓτω
1216 5737 1432 5792 πάντων
1454 5735 1677 5804 γέγονεν
1712 5736 1918 5803 ἐγκρα-

2031 4911 2124 4964 sed
2156 4909 2318 4962 etiam
2352 4906 2694 4979 tyrannidem
2729 4907 2937 4974 tollere,
2989 4909 3308 4977 conarique,
3351 4909 3396 4961 si
3442 4923 3596 4964 arces

2027 5012 2082 5057 et
2138 4999 2387 5070 prmsidia
2419 4999 2537 5067 ejus
2568 4999 2854 5053 restituere
2903 4999 3133 5067 imperio
3182 4999 3596 5068 possimuswEt

2029 5091 2112 5146 his
2163 5091 2326 5145 dictis
2367 5089 2658 5156 capessivit
2685 5089 2986 5157 negotium.
3024 5088 3102 5144 Ac
3129 5091 3363 5159 primum
3399 5092 3593 5148 itinera

2028 5182 2264 5244 obsedit,
2305 5196 2371 5235 ne
2403 5180 2535 5250 quid
2566 5181 2620 5233 in
2652 5194 2807 5233 arces
2852 5194 2917 5234 ac
2964 5188 3141 5234 castra
3183 5180 3591 5238 Urselianorum

2027 5273 2215 5330 inferri
2245 5281 2584 5327 commeatus
2612 5280 2814 5341 posset.
2847 5269 2907 5324 Si
2935 5271 3030 5338 qui
3066 5286 3192 5325 vero
3219 5272 3342 5327 inde
3369 5274 3594 5342 pabula-

2030 5381 2143 5422 tum
2195 5375 2289 5421 aut
2339 5365 2416 5419 rei
2468 5364 2691 5418 alterius
2720 5365 3042 5418 necessaria:
3081 5365 3384 5433 quaerenda:
3423 5382 3592 5423 causa

2023 5461 2286 5525 exissent,
2343 5472 2438 5513 eos
2483 5456 2622 5510 tuale
2673 5455 2931 5510 multatos
2982 5458 3294 5526 repellebat.
3352 5456 3593 5513 Ponehat

2022 5553 2186 5606 etiam
2217 5550 2447 5606 insidias
2493 5549 2628 5603 locis
2678 5547 2926 5611 idoneis,
2979 5564 3213 5618 moxque
3265 5549 3449 5604 missis
3497 5552 3590 5617 qui

2021 5642 2199 5711 palam
2246 5640 2542 5709 praedando
2574 5637 2942 5708 praesidiarios
2979 5639 3332 5701 lacesserent,
3365 5654 3459 5692 eos
3492 5641 3592 5691 hac

2019 5742 2136 5791 arte
2167 5743 2345 5790 castro
2375 5731 2585 5788 elicitos
2613 5730 2668 5786 in
2701 5726 2930 5788 insidias
2959 5733 3330 5801 pertrahcbat,
3371 5730 3426 5782 in
3465 5729 3595 5798 qui-
