4070 6214
504 288 608 357 135

1698 279 2118 344 NICEPHORI
2158 279 2461 341 BRYENN
2472 279 2527 339 [Ι

2415 146 2571 162 .""‘

3585 296 3589 300 -
3641 239 3744 339 1'36

499 407 605 460 bus
635 401 1010 473 capiebantur.
1064 396 1176 452 lluc
1227 409 1371 467 sape
1419 395 1588 451 variis
1643 394 1820 449 modis
1858 406 2073 461 semper

2202 393 2299 462 τῆς·
2338 389 2584 460 Ἡμέρας
2616 388 2673 440 δὲ
2730 387 3021 456 διατρίψας
3077 392 3133 440 ἐν
3167 386 3453 457 Ἀμασείᾳ,
3509 386 3603 438 καὶ
3651 385 3748 447 τὰς

503 494 731 549 felic’iter
765 503 1029 549 tentatum
1065 490 1303 545 Francos
1333 489 1387 544 in
1421 502 1674 559 magnam
1706 501 1811 540 non
1843 499 2073 539 annona:

504 583 677 652 magis
706 598 870 653 quam
902 581 1117 637 consilii
1159 579 1397 649 inopiam
1426 577 1682 647 conjecit,
1711 583 1899 630 noster
1925 573 2071 628 enim

502 672 587 727 his
620 674 674 726 in
701 688 795 728 eos
821 671 1260 743 grassationibus
1289 669 1510 725 incertis
1558 677 1613 723 et
1663 663 2076 721 inobservabili-

500 761 599 815 bus
631 762 927 817 momentis
953 761 1230 825 utebatur,
1271 756 1824 828 aliquando-alternis
1859 754 2073 815 diebus,

502 868 896 924 nonnunquam
957 854 1046 908 die
1097 853 1289 916 tertio,
1353 849 1627 905 interdum
1688 856 1923 915 quatuor
1982 852 2078 897 aut

2180 484 2365 546 πόλεις
2413 483 2635 544 ἁπάσας
2683 482 3057 546 καταστήσας,
3089 478 3184 533 καὶ
3234 479 3459 549 εἰρήνην
3530 476 3751 546 βαθεῖαν

2180 574 2518 638 καταλιπὼν,
2568 574 2663 626 καὶ
2705 575 2818 634 τοῖς
2869 572 3003 624 πᾶσι
3031 570 3264 641 δειχθεὶς
3310 568 3749 641 ἑρασμιώτατος,

2182 664 2406 735 ἐξῆλθεν
2460 662 2673 716 ἐκεῖθεν
2726 662 2865 732 μετά
2922 662 3118 731 κρότου
3184 661 3278 714 καὶ
3323 658 3613 730 εὐφημιῶν
3670 658 3754 710 ὅτι

2184 754 2451 807 πλείστων
2497 741 2838 822 ἐπαγόμενος
2888 750 3007 821 μεθ’
3058 750 3251 803 ἐαυτοῦ
3293 749 3389 803 καὶ
3431 749 3521 802 τὸν
3550 747 3746 815 Οὺρσέο

2183 843 2317 898 λιον.
3476 838 3481 842 ’

501 946 749 1015 quinque
802 945 998 1001 diebus
1052 942 1392 1014 interpositis
1425 956 1523 996 eos
1573 941 1886 994 incursans.
1920 935 2105 991 Pressi
2144 949 2274 1006 ergo
2330 933 2511 1004 inopia
2539 933 2649 1003 92
2673 943 2862 1005 etquo
2891 949 2951 990 sc
3003 941 3274 989 verterent
3323 933 3514 987 incerti
3558 930 3649 1002 qui
3700 928 3759 985 in

502 1037 775 1108 praesidiis
807 1046 965 1091 erant
1014 1051 1073 1091 se
1123 1043 1179 1089 et
1224 1048 1379 1089 arces
1427 1047 1557 1088 suas
1608 1031 1796 1085 Alexio
1846 1028 2079 1083 Romani
2118 1027 2395 1082 exercitus
2467 1025 2681 1079 ductori
2747 1025 3069 1079 dediderunt
3117 1025 3394 1095 plerique;
3430 1025 3520 1079 alii
3550 1027 3762 1078 exhau-

504 1140 618 1185 stas
670 1129 836 1183 rebus
883 1127 1139 1182 omnibus
1183 1139 1338 1180 arces
1391 1125 1758 1194 relinquentes
1805 1120 2078 1190 fugerunt.
2126 1117 2278 1173 Unde
2343 1115 2572 1185 contigit
2599 1116 2847 1169 omnium
2917 1131 3105 1171 earum
3160 1126 3436 1186 potentem
3483 1116 3594 1169 lieri
3629 1115 3762 1170 Ale-

506 1225 680 1279 xium.
712 1222 816 1289 Qui
849 1236 1057 1293 paucos
1093 1220 1219 1275 inde
1245 1219 1362 1275 dies
1431 1206 1679 1274 Amaseae
1703 1200 1994 1279 moratus,
2028 1213 2341 1271 constitutis
2374 1211 2537 1266 rebus
2595 1210 2876 1264 civitatum
2939 1209 3243 1264 vicinarum
3265 1250 3279 1273 ,
3327 1216 3381 1260 et
3433 1207 3756 1278 profundam

505 1320 562 1372 in
620 1315 729 1369 illis
784 1313 1030 1384 partibus
1091 1327 1279 1381 pacem
1338 1311 1651 1380 relinquens
1720 1310 2077 1391 omniumque
2132 1319 2346 1360 amores
2399 1317 2585 1359 secum
2624 1300 2804 1357 ferens
2849 1301 2982 1356 abiit
3046 1300 3239 1370 plausu
3266 1308 3319 1354 et
3351 1299 3760 1355 acclamationi-

506 1410 608 1465 bus
642 1407 889 1461 omnium
923 1406 1224 1470 deductus,
1258 1404 1470 1460 ducens
1512 1419 1642 1459 vero
1690 1418 1880 1458 secum
1907 1401 2199 1459 Urselium.

575 1543 668 1597 25.
713 1541 1013 1595 Transiens
1062 1549 1246 1596 autem
1297 1555 1393 1608 per
1421 1520 1847 1610 Paphlagoniam
1880 1537 1970 1593 ubi
1999 1538 2086 1592 vi—

505 1637 664 1691 cinus
705 1633 810 1688 fuit
838 1632 1024 1688 domui
1058 1631 1295 1687 Doceani
1324 1630 1598 1686 Theodori
1636 1630 1741 1685 viri
1788 1629 1988 1685 nobilis
2033 1639 2087 1683 et

2251 1534 2353 1590 κε’.
2403 1532 2566 1587 Διιὼν
2617 1532 2672 1586 δὲ
2713 1532 2803 1585 διὰ
2863 1529 3243 1599 Παφλαγονίας
3271 1529 3466 1600 ἐπειδὴ
3533 1529 3766 1598 ἔγγιστα

2191 1628 2387 1696 γέγονε
2420 1627 2521 1695 τῆς
2542 1626 2719 1688 οἰκίας
2751 1622 2847 1677 τοῦ
2897 1622 3189 1676 Δοκειανοῦ
3227 1621 3530 1692 Θεοδώρου,
3566 1625 3768 1695 ἀνδρὸς

510 1725 793 1796 locupletis
834 1723 1210 1794 sanguineque
1242 1722 1433 1777 Alexio
1469 1721 1773 1792 conjuncti.
1823 1735 1948 1775 nam
1999 1720 2088 1774 hic

2202 1721 2300 1774 τῶν
2335 1713 2395 1771 εὖ
2437 1716 2742 1787 γεγονότων
2773 1716 2869 1768 καὶ
2919 1713 3134 1784 πλούτῳ
3188 1713 3485 1783 κομώντων
3512 1717 3609 1768 καὶ
3637 1716 3767 1770 καθ’

507 1819 652 1873 lilius
692 1826 806 1872 erat
848 1816 1058 1872 sororis
1092 1816 1262 1885 patris
1309 1814 1500 1868 ilzius:
1551 1822 1610 1867 ut
1657 1827 1786 1883 ergo
1832 1812 2088 1883 cognovit

513 1908 800 1961 Doccanus
847 1905 1102 1961 Alexium
1151 1901 1464 1967 adventare,
1497 1901 1738 1956 occurrit
1767 1899 1843 1953 illi
1871 1900 2084 1954 obviam

509 1995 673 2062 longe
698 2008 763 2047 ac
794 2008 917 2047 eum
948 2005 1145 2061 magna
1168 1989 1432 2045 charitate
1458 1987 1777 2057 complexus
1811 1984 2086 2040 salutavit.

510 2085 650 2139 Cum
679 2094 865 2139 autem
899 2082 1232 2153 respexisset
1259 2076 1559 2143 Urselium,
1601 2086 1656 2132 et
1704 2076 1932 2131 fasciam
1972 2073 2089 2143 ejus

509 2177 688 2232 oculis
726 2167 1038 2246 impositam
1079 2173 1322 2237 vidisset,
1373 2171 1563 2226 dolore
1614 2184 1812 2239 magno
1865 2166 2091 2222 allectus

513 2279 601 2325 est
653 2283 754 2322 nec
801 2278 985 2322 tenere
1015 2281 1075 2321 se
1112 2264 1284 2335 potuit
1317 2263 1450 2335 quin
1489 2261 1744 2315 Alexium
1791 2259 2085 2322 incusaret,

515 2360 664 2429 quod
689 2358 868 2412 virum
896 2358 1032 2411 adeo
1064 2356 1262 2411 fortem
1309 2363 1364 2409 et
1406 2354 1497 2423 qui
1539 2354 1806 2424 potuisset
1854 2353 2087 2408 multum

519 2451 783 2523 prodesse
812 2450 890 2502 rei
926 2446 1186 2521 Romamn
1232 2447 1404 2502 oculis
1445 2447 1733 2516 privasset.
1782 2444 1875 2500 llle
1910 2454 2091 2499 autem

520 2541 763 2612 prudens
788 2539 927 2595 alias
955 2547 1011 2593 et
1038 2537 1351 2592 moderatus
1386 2536 1442 2590 in
1472 2551 1727 2591 sermone
1773 2537 1967 2606 suitjue
1996 2550 2096 2606 po-

524 2644 646 2687 tens
683 2632 738 2685 in
768 2628 1202 2697 dissimulando,
1250 2627 1399 2699 quod
1446 2628 1691 2682 nondum
1725 2636 1943 2698 putaret
1974 2641 2095 2682 esse

522 2731 797 2777 maturum
826 2720 1078 2791 prodere,
1124 2718 1207 2774 sic
1238 2727 1521 2774 mansuete
1551 2733 1616 2774 ac
1643 2719 1913 2774 renidenti
1941 2720 2094 2775 vultu

516 2816 572 2866 ei
609 2809 891 2880 respondit
920 2827 935 2864 :
992 2825 1012 2859 ο
1042 2807 1256 2863 Causas
1302 2807 1544 2878 quidem,
1579 2808 1863 2863 matruelis
1897 2808 1996 2874 mi,
2025 2807 2096 2862 ob

519 2918 660 2974 quas
687 2903 776 2957 hic
802 2899 979 2956 oculis
1029 2900 1274 2970 privatus
1318 2908 1424 2963 est,
1462 2900 1768 2969 exponendi
1804 2915 1948 2955 nunc
1984 2914 2095 2954 non

415 3024 419 3027 λ
521 3002 609 3050 est
637 3004 874 3063 tempus,
898 2991 989 3047 ubi
1026 3000 1204 3045 tamen
1234 2988 1459 3046 domum
1489 2991 1900 3061 pervenerimus
1921 2999 1976 3046 et
1996 2991 2094 3047 soli

521 3102 629 3142 una
653 3085 886 3151 erimus,
919 3098 1110 3139 omnes
1139 3081 1330 3137 audies
1352 3096 1547 3152 meque
1575 3089 1636 3136 ut
1666 3097 1829 3152 spero
1855 3083 1961 3137 isto
1985 3082 2096 3137 cri-

518 3179 668 3234 mine
696 3178 970 3233 absolves.
999 3194 1022 3230 »
1053 3174 1190 3232 Cum
1220 3189 1351 3246 ergo
1389 3173 1551 3245 paulo
1595 3185 1719 3243 post
1749 3175 1969 3229 domum
2003 3189 2098 3228 ve-

519 3270 729 3325 uissent
758 3268 916 3341 equis
944 3267 1222 3323 exscensis
1246 3274 1303 3322 et
1324 3279 1561 3322 excusso
1579 3266 1800 3336 pulvere
1825 3264 1933 3336 93
1966 3265 2099 3319 lauti

523 3359 922 3416 accubuerunt.
983 3357 1185 3428 Epulas
1240 3366 1424 3410 autem
1475 3354 1760 3409 Doceanus
1811 3354 2101 3424 magniﬁce

522 3459 901 3521 apparaverat.
936 3448 1065 3504 Post
1097 3446 1384 3519 prandium
1418 3461 1585 3502 manu
1615 3444 1945 3516 prehensum
1976 3446 2101 3500 Alc-

524 3544 646 3597 xius
682 3541 989 3597 Doceanum
1022 3541 1077 3594 in
1107 3539 1364 3595 conclave
1401 3538 1559 3593 duxit
1591 3552 1702 3608 quo
1727 3537 1952 3592 clausus
1982 3535 2101 3591 fuc-

522 3642 609 3687 rat
638 3630 905 3694 Ursclius,
936 3645 1097 3698 quem
1144 3630 1310 3699 jussit
1351 3629 1569 3684 demere
1598 3628 1703 3682 sibi
1737 3626 1966 3682 fasciam
1997 3644 2102 3681 nu-

523 3722 768 3788 dareque
790 3718 1004 3772 oculos.
1029 3717 1121 3772 llle
1144 3725 1328 3772 autem
1357 3717 1541 3770 subito
1564 3730 1865 3785 exsurgens
1889 3729 2100 3770 remeto

524 3811 645 3864 velo
667 3810 997 3863 cernebatur
1022 3808 1283 3878 praeclare
1310 3808 1498 3861 videns
1527 3818 1581 3861 et
1613 3807 1925 3861 Doceanum
1956 3808 2103 3861 salu-

524 3902 695 3968 tabat,
743 3904 839 3971 qui
894 3915 954 3955 re
1000 3899 1529 3970 inexspectatissima
1574 3898 1883 3968 perculsus,
1910 3900 2102 3967 plenus

521 3994 705 4066 gaudii
734 3992 1062 4048 exclamavit
1104 4007 1171 4045 ac
1209 3991 1471 4060 inclitum
1507 3989 1827 4060 complexus
1849 3991 2101 4045 Alexium

522 4084 678 4141 labra
730 4092 785 4137 et
833 4098 1000 4152 genus
1030 4081 1399 4151 amabilesque
1439 4081 1558 4151 ejus
1597 4083 1785 4137 oculos
1826 4082 2104 4137 osculatus

520 4181 633 4239 est,
661 4172 833 4226 Macte
855 4213 870 4235 ,
901 4171 1157 4240 inquiens
1193 4182 1248 4226 et
1276 4187 1404 4227 voce
1434 4187 1629 4242 magna
1659 4172 1902 4228 iterans:
1931 4170 2105 4226 Macte

525 4261 631 4315 ista
669 4261 864 4315 virtute
899 4260 1191 4331 indoleque
1214 4261 1377 4329 digna
1403 4261 1572 4332 gloria
1605 4274 1895 4332 parentum
1927 4264 2020 4334 qui
2052 4277 2104 4317 te

2189 1806 2331 1880 αἷμα
2384 1809 2466 1880 τῷ
2547 1806 2997 1878 στρατοπεδάρχῃ
3058 1807 3426 1875 προσήκοντος
3485 1807 3610 1877 (τῆς
3652 1810 3767 1879 γὰρ

2189 1897 2425 1969 ἀδελςιεῆς
2466 1897 2559 1951 τοῦ
2586 1897 2795 1967 πατρὸς
2826 1896 3035 1949 ἐκείνου
3066 1896 3196 1958 παῖς
3227 1889 3296 1965 ἦν
3333 1888 3533 1965 οὗτος),
3560 1896 3638 1957 ὡς
3663 1914 3769 1951 κα-

2188 1990 2608 2062 ταλαμδάνοντα
2626 1989 2817 2042 τοῦτον
2848 1987 3152 2057 ἐμάνθανεν
3173 1989 3202 2040 ὁ
3227 1988 3513 2050 Δοκειανὸς
3539 1990 3765 2059 ἀπήντα

2193 2082 2472 2154 μακρόθεν
2519 2082 2615 2136 καὶ
2645 2079 3049 2152 κατησπάζετο.
3078 2078 3392 2142 Ἐκτενίσας
3420 2081 3476 2133 δὲ
3499 2083 3593 2134 καὶ
3621 2082 3767 2153 πρὸς

2191 2175 2283 2228 τὸν
2311 2173 2607 2241 Ούρσέλιον
2636 2176 2731 2228 καὶ
2770 2172 2833 2225 τὸ
2860 2172 3126 2242 κάλυμμα
3186 2171 3521 2242 θεασάμενος
3556 2174 3619 2226 τὸ
3648 2177 3771 2238 τοῖς

2191 2265 2492 2335 ὀφθαλμοῖς
2524 2263 2691 2318 αὑτοῦ
2719 2263 3068 2333 ἐπικείμενον
3092 2262 3272 2333 λύπης
3307 2262 3638 2333 πεπλήρωτο
3666 2266 3768 2319 καὶ

2192 2357 2378 2411 οὐκέτι
2428 2356 2694 2419 καθεκτὸς
2745 2350 2837 2427 ἦν,
2918 2356 3056 2409 ἀλλά
3127 2355 3220 2410 τὸν
3286 2357 3772 2427 στρατοπεδάρχην

2195 2449 2469 2514 ὠνείδιζεν
2490 2449 2566 2512 ὼς
2593 2449 2763 2520 ἄνδρα
2787 2451 3037 2517 γενναῖον
3059 2446 3208 2501 οὓτω
3238 2428 3331 2502 καὶ
3365 2449 3575 2518 μεγάλα
3607 2449 3773 2503 δυνά-

2198 2556 2360 2609 μενον
2389 2539 2460 2594 τά
2497 2540 2785 2610 Ῥωμαίων
2802 2539 3090 2610 ὠφελῆσαι
3117 2541 3420 2611 πράγματα
3447 2540 3557 2593 τῶν
3584 2541 3770 2612 ὀμμά-

2194 2645 2304 2682 των
2339 2630 2817 2700 ἀποστερήσαντα.
2893 2630 2950 2682 '0
2990 2629 3047 2683 δὲ
3096 2631 3352 2701 ἐπιεικής
3380 2646 3441 2682 τε
3475 2630 3649 2693 ἄλλως
3689 2629 3771 2683 ὣν

2196 2721 2293 2774 καὶ
2319 2720 2493 2784 δεινὸς
2526 2721 2820 2775 συσκιάσαι
2845 2722 3080 2791 πρᾶγμα
3103 2723 3199 2775 καὶ
3231 2721 3306 2792 μὴ
3326 2722 3536 2793 ταχέως
3569 2723 3771 2789 ἐκφαί-

2197 2828 2331 2880 νειν,
2367 2812 2559 2884 πρᾴως
2610 2811 2753 2865 οὕτω
2791 2812 2890 2866 καὶ
2923 2812 3174 2882 γαληνῶς
3220 2812 3358 2882 πρὸς
3389 2814 3595 2865 ἐκεῖνον
3616 2813 3779 2866 ἀντε-

2199 2918 2366 2973 φησε,
2398 2921 2419 2955 ι
2451 2901 2564 2966 Τάς
2596 2905 2696 2973 μὲν
2734 2902 2941 2967 αἰτίας,
2972 2901 3253 2971 ἐξάδελφε,
3296 2904 3363 2957 δι’
3384 2903 3452 2966 ἃς
3475 2899 3630 2966 οὗτος
3661 2904 3775 2958 τῶν

2199 2993 2468 3064 ὀμμάτων
2504 2995 2815 3065 ἐστέρηται,
2833 2994 2894 3047 ού
2917 2992 3011 3046 νῦν
3032 2995 3150 3046 ἐστι
3173 2995 3366 3064 καιρὸς
3383 2994 3773 3063 ἀπαγγέλλειν·

2201 3084 2427 3138 ἐπειδάν
2452 3084 2511 3137 δὲ
2538 3083 2796 3146 ἀπιόντες
2832 3083 3019 3137 οἶκαδε
3074 3086 3215 3138 κατά
3261 3086 3429 3155 μόνας
3456 3084 3775 3155 γενοίμεθα,

2201 3177 2326 3250 εῑσῃ
2342 3176 2543 3242 πάσας,
2575 3177 2669 3229 καί
2695 3192 2763 3247 με
2779 3175 2987 3244 ταχέως
3000 3176 3292 3240 ἀπολύσεις
3315 3177 3416 3246 τῆς
3440 3177 3724 3247 μέμψεως.
3753 3197 3775 3227 ι

2201 3268 2514 3331 Φθάσαντες
2535 3267 2630 3322 οὖν
2662 3267 2761 3338 τήν
2789 3267 2970 3320 οἰκίαν
2997 3269 3094 3322 καὶ
3116 3268 3223 3321 τῶν
3252 3268 3436 3320 ἵππων
3468 3267 3783 3332 ἀποϐάντες

2203 3362 2297 3414 καὶ
2325 3360 2418 3413 τὸν
2447 3360 2728 3430 κονιορτὸν
2754 3358 3136 3424 ἐκτινάξαντες
3162 3360 3445 3431 ἠρίστουν,
3470 3359 3566 3413 τοῦ
3592 3360 3782 3414 ἑστιά-

2200 3471 2361 3530 τορος
2384 3454 2447 3507 τὸ
2468 3454 2684 3509 δεῖπνον
2706 3454 3005 3524 φιλοτίμως
3034 3455 3587 3526 προευτρεπίσαντος.
3625 3456 3786 3510 Μετὰ

2201 3546 2257 3599 δὲ
2287 3547 2348 3599 τὸ
2382 3546 2604 3618 ἄριστον
2654 3547 2757 3617 τῆς
2790 3547 2975 3618 χειρὸς
3027 3546 3327 3617 λαϐόμενος
3359 3547 3452 3600 τοῦ
3486 3546 3783 3602 Δοκειανοῦ

2200 3640 2229 3692 ό
2263 3639 2746 3711 στρατοπεδάρχης
2791 3642 2872 3701 εἰς
2915 3642 2975 3693 τὸ
3007 3638 3283 3708 δωμάτιον
3314 3640 3544 3693 εἴσεισιν
3576 3644 3635 3693 ὲν
3665 3631 3711 3707 ᾧ
3748 3644 3778 3692 ὸ

2204 3730 2496 3810 Οὐρσέλιος
2518 3731 2918 3796 ἐνεκέκλειστο,
2938 3732 3030 3785 καὶ
3050 3731 3336 3785 ἐκέλευσεν
3356 3731 3787 3785 ἀναπεταννύειν

2201 3822 2264 3873 τὸ
2291 3821 2580 3891 κάλυμμα.
2652 3822 2710 3876 '0
2737 3823 2794 3875 δὲ
2825 3824 2988 3887 εὐθὺς
3037 3825 3284 3894 ἀνεπήδα
3310 3826 3403 3878 καὶ
3430 3824 3491 3878 τὸ
3518 3825 3782 3896 κάλυμμα

2204 3910 2582 3973 ἁναπεταννὺς
2613 3913 2794 3984 ὠρᾶτο
2827 3913 3040 3984 βλέπων
3074 3916 3168 3968 καὶ
3202 3914 3297 3969 τὸν
3328 3917 3614 3969 Δοκειανδν
3643 3933 3783 3969 κατ-

2202 4003 2502 4073 ησπάζετο.
2558 4004 2618 4057 '0
2682 4004 2740 4057 δέ
2794 4005 2872 4076 τῷ
2920 4006 3172 4077 αἰφνιδίῳ
3219 4008 3640 4078 κατεπέπληκτο
3689 4012 3787 4062 καὶ

2208 4095 2425 4165 πλήρης
2474 4098 2755 4167 χαρμονῆς
2791 4099 3061 4167 ἐγεγόνει,
3086 4102 3181 4154 καὶ
3232 4101 3326 4154 τὸν
3372 4101 3582 4156 κλεινὸν
3621 4118 3790 4175 περι-

2208 4184 2436 4261 πλακεὶς
2461 4184 2550 4255 [Ρ.
2574 4183 2668 4257 65]
2704 4185 2944 4251 Ἀλέξων
2966 4188 3412 4261 κατεφίλειχείλη
3435 4195 3529 4245 καὶ
3553 4194 3792 4264 παρειάς

2210 4275 2307 4328 καὶ
2339 4274 2465 4338 τοὺς
2501 4293 2563 4345 χε
2577 4274 2787 4344 ρίεντας
2817 4277 3156 4348 ὀφθαλμοὺς,
3186 4282 3281 4334 καὶ
3313 4282 3454 4351 μέγα
3477 4282 3607 4335 ἐϐόα
3636 4282 3792 4347 ἀξιον

526 4353 849 4406 eduxerunt.
884 4352 996 4406 Nec
1041 4353 1211 4407 ullutn
1259 4354 1419 4409 tinent
1451 4353 1683 4409 faciebat
1708 4356 2097 4410 commendau-

529 4444 606 4466 Α...
637 4441 986 4466 1.....ι.ι..ιιι.ιζ,.
1022 4443 1209 4466 I-..:_l__-
1244 4444 1474 4466 ﬂ-.!._-.!..
1514 4445 1726 4466 :-__-._.2-
1762 4448 1932 4466 ..-ε-...

2210 4363 2356 4466 εἶναι
2382 4367 2492 4419 τῶν
2524 4369 2880 4438 προαγόντων
2922 4371 3015 4425 τοῦ
3046 4372 3167 4426 νέου
3206 4373 3267 4427 τὸ
3299 4374 3578 4445 φρόνημα,
3610 4376 3706 4428 καὶ
3728 4378 3795 4430 τὸ

526 4444 607 4496 da:
636 4441 989 4497 humanitatis
1021 4443 1212 4513 lepidae
1242 4444 1478 4500 ﬁctionis
1512 4445 1732 4516 ingenio
1760 4448 1957 4502 mistaa.

597 4571 691 4626 26.
734 4571 939 4629 Triduo
988 4575 1061 4628 ibi
1115 4576 1457 4646 hospitaliter
1484 4578 1701 4634 habitus
1730 4577 1953 4635 ulterius
1983 4595 2108 4650 pcr-

527 4667 670 4718 rexit
707 4680 896 4722 versus
927 4682 1080 4721 litare
1107 4665 1392 4723 Ponticum
1440 4670 1795 4728 descendens.
1828 4671 1963 4727 Cum
2007 4688 2107 4726 au-

532 4767 639 4810 tem
675 4757 820 4813 circa
865 4759 1248 4814 Castamouem
1284 4763 1653 4831 pervenisset,
1699 4765 1904 4833 cupivit
1934 4765 2111 4820 visere

530 4848 619 4901 avi
671 4850 916 4911 domum.
958 4847 1137 4906 Jussis
1189 4852 1356 4920 igitur
1409 4867 1572 4923 porro
1622 4870 1845 4925 pergere
1896 4857 2110 4912 certetis

530 4941 647 5007 ipse
690 4955 815 4994 cum
865 4942 1057 5010 paucis
1086 4941 1383 4997 declinavit
1428 4958 1458 4998 e
1506 4945 1615 4998 via.
1660 4944 1949 5015 ingressus
1984 4962 2112 5000 vero

530 5032 779 5097 domum,
808 5048 931 5088 cum
985 5033 1134 5088 illam
1180 5035 1581 5091 habitatoribus
1610 5051 1837 5091 vacuam
1867 5039 2110 5105 vidisset,

531 5122 725 5192 plenus
758 5122 1015 5194 lacrymis
1046 5133 1102 5180 ct
1134 5126 1390 5196 suspiriis
1421 5139 1541 5182 erat
1570 5128 1890 5184 memoriam
1917 5146 2111 5202 proge-

533 5215 772 5268 nitorum
805 5228 1030 5271 suorum
1062 5218 1311 5273 recolens
1339 5235 1355 5272 :
1388 5233 1487 5274 nec
1515 5220 1629 5273 nisi
1644 5219 1693 5273 vi
1722 5222 1956 5289 quadam
1990 5223 2114 5278 inde

533 5323 564 5357 a
597 5307 891 5362 comitibus
917 5308 1143 5364 avulsus
1173 5310 1428 5375 recessit,
1456 5310 1678 5380 quando
1706 5320 1759 5366 el
1790 5328 1983 5381 parum
2018 5319 2115 5368 ab-

535 5396 636 5449 l'uit
669 5399 799 5465 quin
833 5400 1099 5455 incideret
1148 5402 1203 5455 in
1262 5402 1495 5456 insidias
1524 5402 1850 5459 Turcorum.
1884 5404 1989 5458 Sed
2021 5406 2114 5475 qui

537 5503 681 5541 circa
714 5489 892 5559 ipsum
926 5505 1082 5545 erant
1114 5492 1189 5546 ita
1222 5508 1517 5565 properare
1543 5504 1853 5564 coegerunt,
1893 5506 1952 5549 ut
1985 5498 2118 5552 satis

543 5588 755 5634 mature
807 5597 1031 5636 suorum
1084 5584 1290 5653 agmini
1342 5602 1401 5640 se
1455 5588 1721 5640 misceret.
1752 5586 2119 5655 'l'ransgrcsso

540 5686 702 5738 porro
734 5675 1016 5743 angustias
1061 5688 1115 5731 et
1152 5678 1296 5732 circa
1347 5693 1493 5733 mare
1541 5679 1892 5736 descendenti
1927 5695 2118 5736 versus

2213 4454 2399 4527 δρᾶμα
2434 4456 2647 4528 ἐπῄνει,
2687 4459 2783 4513 καὶ
2807 4459 2906 4532 τὴν
2941 4462 3150 4533 σκηνὴν
3189 4462 3490 4535 ἐθαύμαζε.

2282 4594 2399 4651 κς⁹.
2449 4589 2642 4660 Τρισὶν
2701 4591 2796 4646 οὖν
2857 4593 3094 4665 ἡμέραις
3150 4595 3237 4648 ἐπ’
3278 4595 3429 4668 αὺτῷ
3460 4594 3714 4662 ξενωθεὶς
3762 4602 3792 4653 ό

2218 4682 2701 4753 στρατοπεδάρχης
2748 4683 2893 4755 ἐξῄει
2950 4689 3045 4738 καὶ
3079 4685 3269 4757 κατῄει
3304 4687 3379 4750 ὠς
3437 4688 3531 4740 ἐπὶ
3564 4688 3665 4759 τὴν
3693 4692 3793 4742 τοῦ

2215 4771 2419 4823 Πόντου
2452 4772 2750 4829 θάλασσαν.
2787 4776 2925 4847 Περὶ
2967 4777 3025 4830 δὲ
3052 4778 3152 4847 τὴν
3184 4777 3521 4849 Κασταμόνα
3559 4781 3795 4851 γενόμε-

2217 4880 2326 4930 νος,
2357 4865 2671 4937 ἐπεθύμησε
2702 4866 2800 4939 τὴν
2832 4868 2925 4921 τοῦ
2962 4869 3188 4923 πάππου
3221 4870 3398 4926 οἰκίαν
3424 4871 3571 4925 ἰδεῖν.
3603 4873 3798 4942 Παρα-

2216 4955 2593 5027 καλεσάμενος
2618 4957 2711 5012 οὖν
2750 4961 2971 5014 ἀπιέναι
3010 4962 3217 5025 πάντας
3256 4963 3419 5026 αὐτδς
3455 4963 3574 5033 μετ’
3596 4950 3798 5031 ὀλίγων

2218 5047 2487 5101 ἁπένευσε
2515 5052 2615 5119 τῆς
2644 5050 2787 5104 ὀδοῦ.
2832 5052 3013 5116 Ἐντὸς
3046 5054 3104 5108 δὲ
3142 5052 3348 5123 ταύτης
3380 5054 3670 5124 γενόμενος
3699 5055 3799 5108 καί⁵

2220 5137 2428 5207 ἔρημον
2465 5138 2670 5210 ταύτην
2707 5140 2817 5195 τῶν
2864 5142 3158 5197 οἰκούντων
3197 5142 3322 5199 ἰδὼν
3346 5144 3596 5216 δακρύων
3626 5145 3802 5216 ἐπλη-

2222 5232 2382 5302 ροῦτο
2437 5234 2532 5288 καὶ
2574 5237 2919 5306 στεναγμῶν,
2964 5239 3022 5292 ἐν
3086 5241 3277 5311 μνήμῃ
3335 5242 3627 5308 γενόμενος
3684 5240 3799 5293 τῶν

2222 5322 2387 5376 αὐτοῦ
2413 5327 2776 5396 γεννητόρων.
2807 5328 2909 5399 Βίᾳ
2939 5330 2984 5382 δ’
3016 5331 3230 5385 ἐκεῖθεν
3256 5330 3635 5392 ἀποσπασθεὶς
3657 5330 3800 5399 πρὸς

2220 5412 2330 5466 τῶν
2366 5415 2646 5484 ἑπομένων
2701 5419 2890 5486 ἀπῄει,
2924 5418 3014 5471 ὅτε
3071 5420 3268 5491 μικροῦ
3326 5420 3434 5472 δεῖν
3494 5417 3798 5487 ἐνηδρεύθη

2222 5505 2375 5574 παρὰ
2406 5507 2513 5559 τῶν
2572 5507 2855 5579 Τούρκων,
2909 5512 2959 5564 ει
3012 5511 3087 5583 μὴ
3145 5512 3351 5581 ταχέως
3384 5511 3543 5564 αὐτὸν
3585 5511 3805 5580 οἱπερὶ

2225 5596 2388 5650 αὐτὸν
2423 5599 2845 5667 ἀποσπάσαντες
2894 5604 3188 5674 συνέμιξαν
3221 5606 3333 5665 τοῖς
3384 5603 3612 5665 λοιποξ.
3645 5601 3804 5652 Διελ-

2225 5689 2370 5747 θόντι
2419 5692 2474 5745 δὲ
2523 5694 2650 5756 τοὺς
2701 5698 3011 5761 στενωποὺς
3037 5699 3129 5753 καὶ
3180 5696 3329 5767 παρὰ
3375 5696 3474 5765 τὴν
3523 5693 3804 5749 θάλασσαν
