4088 6208
328 381 424 448 131

1523 340 2072 448 Htsromanuu
2111 384 2258 446 LIB.
2299 384 2386 444 rt.

3490 378 3594 444 138

329 488 576 545 κατιόντι
603 487 736 559 πρὸς
770 488 871 560 τὴν
911 489 1241 562 Ἡράκλειαν
1260 490 1290 545 6
1319 491 1560 564 Μαύρηξ
1587 494 1698 565 (56)
1729 495 1906 566 ἀπήν-

2031 491 2327 549 ieracleam
2353 490 2578 548 Maurex
2623 491 2902 558 occurrit,
2955 492 3058 548 νίν-
3088 506 3200 546 non
3253 490 3344 546 ille
3367 490 3596 559 quidem

327 599 419 649 τα,
447 580 588 652 ἀνὴρ
618 581 680 634 οὐ
714 580 828 636 τῶν
862 579 924 636 εὖ
966 585 1292 653 γεγονότων,
1330 585 1592 657 ὲντρεχὴς
1640 586 1698 640 δὲ
1727 586 1908 652 ἄλλως

329 672 422 726 καὶ
448 673 649 744 πεῖραν
683 672 796 727 τῶν
817 675 962 729 κατά
984 675 1258 730 θάλατταν
1297 676 1442 747 ἔχων
1486 678 1570 731 ὅτι
1621 677 1904 750 πλείστην.

327 764 417 818 Διδ
441 763 507 835 δὴ
532 765 628 818 καὶ
684 765 970 836 βασιλεῦσι
1041 767 1334 838 Ῥωμαίων
1388 769 1688 838 ἀναγκαῖος
1724 769 1904 824 ίδόκει

328 856 422 911 καὶ
451 854 667 909 πολλῶν
696 855 950 926 ἀπήλαυε
977 856 1088 910 τῶν
1117 858 1178 922 ἐξ
1225 858 1407 913 αὐτῶν
1437 859 1803 929 ὼρημάτων,
1832 863 1910 924 ὥς

329 948 425 1002 καὶ
462 946 696 1002 πλοῦτον
717 948 1027 1021 κτήσασθαι
1059 950 1311 1006 πλεῖστον
1339 952 1434 1006 καὶ
1459 951 1665 1006 δούλων
1702 952 1910 1024 πλῆθος

331 1041 424 1094 καὶ
454 1039 566 1092 τῶν
592 1038 772 1093 ἀλλων
807 1038 1231 1111 ὑπηρετούντων
1263 1045 1395 1116 περὶ
1437 1045 1506 1100 τά
1535 1043 1911 1116 στρατιωτικά

332 1134 427 1186 καὶ
455 1131 636 1186 οὶκίαν
665 1132 951 1202 ἀνεγεῖραι
980 1133 1268 1207 λαμπράν.
1299 1135 1650 1209 ’Δπαντήσας
1679 1135 1725 1188 δ’
1753 1128 1911 1199 οὗτος

328 1223 483 1294 ἠξίου
517 1220 918 1295 ἐπιξενωθῆναί
945 1226 1019 1292 οί,
1050 1227 1081 1280 6
1123 1226 1167 1280 δ’
1194 1227 1462 1284 ἐπείθετο.
1523 1228 1676 1282 Ἐπεὶ
1699 1226 1757 1280 δὲ
1781 1226 1913 1298 περὶ

330 1316 430 1388 τὴν
475 1315 810 1388 Ἡράκλειαν
844 1318 1116 1386 ἐγένοντο,
1153 1320 1314 1392 ἐπῄει
1375 1321 1646 1392 πρότερον
1685 1324 1914 1390 στρατο-

330 1409 610 1479 πεδάρχης
645 1409 741 1463 ἰπὶ
789 1409 882 1464 τὸν
927 1411 1349 1484 ἀχειροποίητον
1404 1415 1505 1484 τῆς
1557 1415 1911 1486 Θεομήτορος

330 1500 478 1566 ναὸν,
524 1501 584 1552 ἐν
613 1493 657 1567 ᾧ
685 1500 754 1554 τά
794 1504 1129 1574 χαριστήρια
1155 1503 1404 1558 ἑτεθύκει
1432 1505 1514 1576 τῷ
1549 1507 1770 1562 πάντων
1799 1507 1914 1559 Σω-

331 1593 457 1665 τῆρι
489 1595 585 1648 καὶ
613 1593 810 1647 τούτου
855 1595 1092 1667 Μητὲρι.
1138 1591 1253 1650 Εῐτ⁹
1287 1597 1608 1670 ὲπεξενίσθη
1645 1600 1726 1672 τῷ
1753 1602 1912 1657 Μαύ-

334 1703 486 1758 ρηκι.

405 1776 510 1842 κζ’.
557 1777 648 1830 Ἐν
677 1777 787 1847 ὅσῳ
808 1776 865 1831 δὲ
893 1776 1043 1848 αύτῷ
1074 1777 1143 1832 τά
1177 1778 1315 1850 πρὸς
1342 1779 1443 1850 τὴν
1472 1779 1649 1845 ἔξοδον
1681 1783 1914 1855 ἡτοιμά·

2011 584 2234 651 nobilis,
2255 598 2468 656 gnavus
2502 594 2685 640 tamen
2718 591 2773 640 et
2797 590 3059 640 strenuus
3090 597 3364 653 usumque
3389 581 3600 637 habens

2010 677 2314 732 maximum
2342 676 2456 748 94
2481 677 2772 731 maritimae
2796 676 2916 741 rei;
2949 690 3122 746 quare
3165 674 3597 744 imperatoribus

2010 768 2277 823 Romanis
2309 767 2659 824 necessarius
2689 767 2998 833 videbatur,
3019 767 3208 822 multis
3245 780 3436 822 eorum
3473 765 3598 822 ideo

2011 859 2170 915 donis
2203 869 2397 914 auctus
2421 900 2438 927 ,
2472 859 2618 914 unde
2648 859 2870 914 divitias
2921 866 3271 928 compararat
3309 856 3622 927 plurimas“

2011 958 2067 1005 ct
2097 949 2503 1006 multitudinem
2551 964 2837 1006 servorum
2890 950 3240 1020 aliorumque
3268 949 3318 1004 ei
3346 949 3400 1002 in
3431 948 3600 1006 rebus

2011 1039 2224 1097 bellicis
2245 1041 2690 1110 obsequentium,
2706 1050 2762 1096 et
2781 1040 3366 1112 domumsplendidam
3387 1049 3602 1096 exstru-
3685 1089 3690 1094 .

2012 1139 2188 1187 xerat.
2218 1130 2318 1188 llic
2360 1132 2580 1188 obviam
2631 1148 2956 1204 progressus
2996 1133 3223 1204 rogabat
3251 1133 3507 1192 Aleaium
3540 1139 3601 1184 ut

2013 1224 2157 1295 apud
2197 1239 2258 1280 se
2291 1225 2562 1281 diversari
2609 1226 2951 1295 dignaretur,
3004 1225 3155 1294 quod
3206 1224 3298 1278 ille
3351 1221 3598 1278 admisit.

2019 1311 2120 1370 Ubi
2149 1329 2279 1370 vero
2308 1312 2626 1371 Heracleam
2662 1324 2886 1371 ventum
2933 1324 3046 1382 est,
3080 1324 3210 1371 ante
3254 1315 3438 1370 omnia
3468 1313 3600 1368 Ale-

2014 1406 2140 1462 xius
2181 1407 2250 1462 ad
2301 1408 2562 1478 templum
2600 1407 2846 1478 Deiparaa
2899 1421 3010 1463 non
3066 1422 3234 1462 manu
3279 1406 3491 1461 factum
3540 1420 3602 1460 se

2016 1497 2246 1554 contulit
2275 1498 2459 1569 ibique
2497 1499 2702 1570 gratias
2732 1499 2844 1568 egit
2871 1497 3144 1553 Salvatori
3185 1505 3512 1554 cunctorum
3547 1506 3603 1551 et

2014 1590 2135 1662 ejus
2164 1589 2364 1660 Matri;
2397 1601 2513 1648 tum
2540 1602 2801 1672 exceptus
2831 1600 2919 1648 est
2946 1591 3186 1661 hospitio
3217 1589 3511 1646 Maurecis.

2086 1768 2177 1824 27.
2208 1769 2291 1826 Illi
2320 1769 2516 1825 deinde
2542 1768 2669 1824 inde
2693 1767 2848 1824 abire
2877 1765 3095 1838 paranti
3119 1764 3436 1823 nuntiatum
3458 1762 3606 1818 Tur-

333 1870 481 1936 ζετο,
508 1870 826 1939 ἀπήγγελτο
879 1868 1161 1940 Τούρκους
1213 1871 1468 1927 κατιέναι
1499 1875 1581 1937 είς
1606 1877 1909 1946 προνομήν.

2030 1877 2112 1920 tos
2146 1863 2212 1918 ad
2239 1862 2454 1934 prmdas
2494 1861 2734 1933 agendas
2777 1861 3152 1918 descendisse.
3183 1860 3304 1927 Qua
3346 1875 3479 1915 voce
3522 1860 3606 1915 sic

334 1963 443 2017 Τὸν
479 1963 527 2016 δ’
557 1961 722 2025 εὐθὺς
749 1962 778 2014 6
805 1961 966 2030 λόγος
993 1962 1129 2033 πρὸς
1159 1962 1229 2016 τὰ
1255 1963 1396 2018 ὅπλα
1438 1965 1659 2040 ἐκίνησε
1711 1968 1914 2038 μᾶλλον

333 2053 369 2125 ἢ
439 2053 534 2107 τὸν
593 2053 970 2124 Ἀλέξανδρον,
1023 2053 1100 2118 ὥς
1154 2072 1310 2124 φασι,
1361 2056 1600 2127 πάλαιή
1648 2059 1915 2129 Τιμοθέου

335 2149 590 2220 αὖλησις.
653 2148 1054 2220 Ὀπλισάμενος
1097 2149 1199 2203 οὖν
1250 2149 1346 2204 καὶ
1383 2149 1478 2203 τοῦ
1525 2150 1691 2204 ἵππου
1721 2153 1918 2216 ἐπιϐὰς

334 2241 482 2310 ιξῄει
520 2241 618 2294 σὺν
647 2243 761 2303 τοῖς
810 2242 943 2311 περὶ
986 2240 1172 2294 αὐτόν.
1217 2239 1541 2294 Ξυνείποντο
1568 2241 1628 2295 δέ
1669 2243 1720 2294 ol
1752 2245 1844 2296 καὶ
1868 2246 1920 2297 οἰ

277 2312 288 2331 ’
335 2329 429 2382 τοῦ
446 2329 570 2383 Μαύ
579 2345 744 2399 ρηκος
763 2329 952 2400 ἄνδρες
972 2328 1437 2400 ἐμπειροπόλεμοι
1455 2329 1550 2384 καὶ
1563 2334 1828 2398 γενναῖοι,
1844 2326 1921 2387 ὧν

339 2421 630 2492 κατάρχων
646 2415 714 2487 ἦν
731 2421 760 2472 6
775 2421 1147 2492 Βουτουμίτης
1162 2421 1403 2492 Μιχαὴλ,
1423 2422 1563 2495 ἀνὴρ
1583 2425 1779 2495 μικρὸς
1798 2425 1918 2495 μὲν,

338 2513 414 2575 ὥς
441 2529 608 2584 φησιν
643 2512 917 2584 Ὄμηρος,
955 2513 1127 2583 δέμας
1171 2513 1311 2568 ἀλλά
1357 2516 1632 2586 μαχήτης.
1674 2517 1816 2570 Ἀλλ’
1869 2519 1922 2572 oi

338 2603 579 2675 Τοῦρκοι
611 2603 893 2676 πόρρωθεν
915 2605 1136 2670 τούτους
1171 2606 1369 2671 ίδόντες
1395 2609 1492 2662 καὶ
1515 2610 1614 2680 τὴν
1633 2609 1922 2681 ἀστραπὴν

339 2695 453 2749 τῶν
486 2694 667 2749 ὅπλων
696 2695 792 2748 καὶ
828 2697 888 2750 τδ
905 2697 1004 2768 τῆς
1025 2697 1234 2764 τάξεως
1282 2697 1556 2771 εὔρυθμον
1579 2703 1675 2755 καὶ
1725 2703 1787 2755 τδ
1823 2705 1925 2769 τῆς

342 2790 520 2860 ὁρμῆς
554 2789 928 2842 ἀνυποστατον
961 2791 1037 2861 μὴ
1064 2789 1460 2859 ὕπενεγκόντες
1487 2791 1721 2862 ἔφευγον
1749 2795 1926 2865 ἀκρα-

239 2911 248 2918 -
341 2879 474 2942 ⁸ιῶς.
517 2879 582 2933 Ol
605 2879 662 2932 δὲ
698 2879 890 2950 πόρρω
908 2879 1132 2944 τούτους
1153 2880 1260 2935 τῶν
1291 2882 1452 2952 ὁρίων
1481 2881 1703 2935 ἐκείνων
1719 2881 1928 2937 ἀπελά-

348 2990 542 3035 σαντες
587 2974 683 3028 καὶ
712 2971 1136 3037 καταϐαλόντες
1165 2974 1339 3040 ἐνίους
1381 2975 1710 3046 ἐπανῄεσαν.
1744 2974 1927 3044 ’Ήσθη

344 3064 424 3135 τῷ
462 3063 727 3136 παρέργῳ
756 3063 856 3136 τῆς
889 3063 1034 3118 κατά
1075 3063 1309 3135 πάροδον
1348 3065 1504 3134 νίκης
1535 3067 1564 3118 6
1595 3065 1929 3136 στρατοπεδ-

347 3158 525 3227 άρχης
573 3156 668 3210 καὶ
717 3156 970 3210 ἐϐούλετο
1015 3158 1307 3227 καρτερεῖν
1344 3155 1404 3207 ὲν
1447 3159 1560 3218 τοῖς
1613 3157 1711 3226 τῆς
1759 3155 1929 3227 Ἦρα-

349 3246 537 3310 κλείας
557 3247 749 3316 ὁρίοις,
770 3246 823 3299 εῐ
839 3262 942 3299 που
978 3245 1222 3318 ἐντυχεῖν
1272 3245 1528 3316 δυνηθείη
1558 3245 1822 3316 Τούρκοις
1849 3247 1929 3308 εἰς

348 3336 631 3406 προνομὴν
661 3333 1016 3390 κατελθοῦσιν
1042 3351 1057 3367 ·
1109 3334 1361 3388 ἐϐούλετο
1415 3335 1526 3404 γὰρ
1583 3334 1820 3403 αὐξῆσαι
1861 3334 1931 3386 τά

348 3428 592 3498 τρόπαια
643 3428 740 3481 καὶ
783 3427 959 3489 οὕτως
1017 3428 1095 3490 είς
1143 3426 1243 3496 τὴν
1298 3426 1384 3497 [Ρ.
1409 3424 1505 3496 64]
1568 3423 1932 3493 μεγαλόπολιν

349 3515 654 3580 πένταθλος
690 3515 957 3569 εἰσελθεῖν
980 3515 1334 3584 στεφανίτης.
1381 3514 1524 3566 Ἀλλ’
1564 3516 1627 3565 ὲκ
1669 3511 1934 3581 βασιλέως

351 3607 692 3678 πεμφθέντα
721 3606 1025 3676 γράμματα
1082 3607 1181 3658 καὶ
1211 3605 1346 3666 ναῦς
1380 3605 1478 3656 σὺν
1517 3603 1736 3672 ἐρέταις
1765 3603 1934 3672 μονή-

351 3715 462 3770 ρης
521 3694 807 3749 ἐκώλυσαν
855 3694 1020 3748 αὐτὸν
1065 3694 1167 3765 τῆς
1196 3693 1395 3764 ὁρμῆςο
1439 3693 1689 3747 ἐκέλευον
1722 3694 1830 3765 γὰρ
1865 3693 1934 3746 τὰ

348 3789 668 3861 γράμματα
692 3785 954 3839 είσελθεῖν
973 3785 1056 3848 είς
1089 3785 1190 3856 τὴν
1241 3784 1375 3839 ναῦν
1415 3784 1514 3838 σὺν
1544 3783 1624 3852 τῷ
1654 3783 1934 3856 Ούρσελίῳ

354 3881 451 3933 καὶ
478 3880 688 3949 ταχέως
715 3879 816 3950 τὴν
840 3878 1092 3948 βασιλίδα
1122 3877 1479 3944 καταλαϐεῖν,
1512 3877 1588 3941 ὡς
1621 3877 1931 3949 ἐνεδρευόν-

355 3990 465 4024 των
498 3972 628 4040 περὶ
675 3970 776 4034 τὰς
837 3970 1044 4034 διόδους
1092 3968 1204 4024 τῶν
1255 3967 1535 4040 Τούρκων.
1588 3969 1650 4022 '0
1698 3969 1797 4039 μὲν
1839 3965 1935 4022 οῦν

357 4064 532 4116 ἐποίει
563 4061 626 4114 τδ
647 4060 936 4115 κελευσθὲν
974 4061 1070 4114 καὶ
1097 4061 1186 4115 διά
1214 4041 1326 4132 τῆξ
1353 4060 1482 4131 νηὸς
1503 4061 1768 4132 ἠπείγετο
1797 4061 1933 4131 πρὸς

357 4157 459 4226 τὴν
508 4153 867 4224 Προποντίδα.
891 4153 1169 4224 Θρασκίου
1206 4153 1265 4206 δὲ
1311 4152 1647 4216 πνεύσαντος
1675 4152 1937 4224 ἐξαίφνης

363 4244 595 4317 σφοδροῦ
630 4245 833 4316 μικροῦ
861 4244 929 4300 ἀν
961 4245 1273 4300 ἐκινδύνευε
1303 4245 1553 4316 ναυαγίῳ
1587 4247 1935 4315 περιπεσεῖν,

362 4339 410 4390 εί
449 4336 527 4408 μὴ
550 4335 848 4408 προφανῶς
880 4335 1070 4392 τοῦτον
1098 4338 1134 4408 ἡ
1153 4338 1456 4410 Θεομήτωρ
1475 4336 1746 4408 ἐρρύσατο
1773 4352 1786 4367 ⁸
1821 4336 1938 4406 ἅμα

360 4443 421 4478 τε
449 4427 558 4497 γάρ
597 4425 964 4479 ἐπεκαλέσατο
1003 4425 1104 4497 τὴν
1129 4426 1334 4496 ταύτης
1374 4426 1629 4498 βοήθειαν
1660 4426 1753 4480 καὶ
1777 4425 1938 4489 εὐθὺς

364 4522 399 4592 ὴ
441 4520 689 4576 θάλασσα
722 4518 1119 4590 κατηυνάζετο,
1178 4520 1276 4572 καὶ
1317 4519 1460 4572 οὕτω
1492 4519 1683 4587 γέγονε
1717 4517 1942 4588 διαδρᾶ-

364 4631 456 4668 ναι
481 4612 672 4667 τοῦτον
698 4612 790 4666 τὸν
821 4611 1091 4665 κλύδωνα.

445 4877 553 4949 κη’.
594 4878 989 4933 Καταλαϐόντα
1021 4877 1078 4930 δὲ
1105 4876 1295 4930 τοῦτον
1351 4877 1451 4948 τὴν
1502 4876 1752 4948 βασιλίδα
1787 4879 1943 4944 φιλο·

368 4971 585 5040 φρύνως
629 4973 656 5024 ὀ
693 4971 948 5041 βασιλεὺς
996 4970 1314 5040 ὑπεδέχετο,
1339 4969 1618 5038 ἠσπάζετό
1650 4985 1708 5021 τε
1753 4969 1942 5038 ἡδέως,

367 5068 466 5120 καὶ
503 5066 588 5120 ἵνα
613 5068 722 5129 τοῖς
762 5065 970 5118 ἐκείνου
1014 5065 1308 5134 χρήσωμαι
1343 5063 1575 5134 ῥήμασι,
1613 5083 1632 5117 ι
1667 5065 1885 5128 Καλῶς,
1922 5083 1941 5114 ι

368 5159 603 5228 εςησεν,
637 5176 656 5210 ι
683 5153 818 5230 ἧκεν
839 5161 872 5227 ἡ
901 5156 1186 5225 μετὰ-Θεὸν
1207 5155 1354 5221 δεξιά
1373 5155 1531 5226 ήμῶν
1549 5156 1689 5228 χείρ.
1721 5175 1738 5208 ι
1787 5155 1950 5208 Ἀλλά

368 5249 578 5318 ταύτην
615 5249 712 5316 μὲν
741 5247 967 5320 πρώτην
1001 5247 1158 5318 ἔσχεν
1184 5248 1248 5298 ἑκ
1279 5246 1547 5316 βασιλέως
1577 5247 1815 5318 ἀμοιϐὴν
1841 5247 1949 5300 τῶν

371 5345 576 5406 πόνων,
617 5341 719 5412 τὴν
759 5339 1025 5410 βασιλέως
1078 5339 1453 5409 εὐχαριστίαν,
1510 5339 1745 5410 πρώτως
1786 5339 1948 5402 αὐτὸς

2017 1956 2087 2011 ad
2121 1971 2273 2012 arma
2300 1968 2484 2011 motus
2513 1964 2618 2020 est,
2655 1963 2716 2009 ut
2744 1954 2876 2009 olim
2921 1949 3078 2008 a'iunt
3104 1951 3475 2008 Alexandrum
3505 1950 3604 2006 Ti-

2020 2047 2222 2102 mothei
2250 2046 2404 2102 tibia.
2440 2047 2701 2100 Armatus
2731 2045 2897 2116 igitur
2925 2059 3070 2114 equo
3115 2043 3374 2099 inscenso
3406 2043 3609 2112 prodiit

2023 2151 2148 2192 cum
2180 2138 2317 2192 suis.
2354 2136 2736 2206 Sequebantur
2761 2144 2816 2190 et
2839 2133 3114 2191 Maurecis
3147 2135 3354 2190 milites
3378 2135 3478 2188 viri
3509 2149 3607 2203 pe-

2026 2232 2115 2286 riti
2167 2234 2244 2286 rei
2297 2232 2506 2287 bellica:
2552 2240 2607 2286 et
2660 2229 2852 2285 fortes.
2892 2227 2989 2284 His
3033 2237 3265 2299 praeerat
3301 2228 3608 2284 Butumites

2023 2321 2276 2390 Michael,
2302 2324 2385 2378 vir
2409 2337 2638 2393 corpore
2659 2324 2751 2381 ille
2780 2327 3001 2394 quidem
3029 2337 3234 2392 parvus
3261 2325 3354 2393 (ut
3389 2322 3465 2378 ait
3495 2320 3610 2376 llo-

2026 2416 2261 2488 merus),
2289 2418 2382 2472 sed
2416 2433 2657 2487 pugnax.
2682 2421 2753 2472 At
2777 2416 3151 2488 Turci;precul
3175 2417 3287 2473 bos
3315 2427 3610 2472 cernentes

2025 2506 2240 2578 fulgore
2287 2522 2567 2564 armorum
2616 2510 2895 2580 perstricti
2926 2519 3040 2566 tum
3078 2509 3291 2566 ordinis
3311 2509 3612 2579 disciplina

2026 2607 2081 2654 et
2106 2600 2197 2653 illo
2229 2601 2412 2669 vigore
2448 2601 2716 2671 impetus,
2769 2617 2933 2672 quem
2984 2601 3127 2657 nihil
3197 2601 3394 2657 sistere
3451 2617 3616 2672 posse

2027 2691 2330 2756 videretur,
2362 2693 2539 2748 territi
2583 2693 2756 2749 effuse
2807 2693 3084 2764 fugerunt.
3116 2693 3304 2752 Nostri
3351 2710 3479 2751 vero
3517 2710 3614 2750 eos

2031 2785 2264 2840 insecuti
2295 2785 2454 2855 longe
2488 2786 2628 2840 ultra
2678 2785 2850 2852 fines,
2884 2786 3110 2858 deiectis
3139 2789 3304 2844 etiam
3337 2788 3612 2859 aliquibus

2031 2891 2243 2943 eorum,
2293 2878 2516 2932 domum
2559 2879 2862 2936 redierunt.
2901 2879 3211 2937 Delectatus
3257 2890 3343 2938 est
3387 2882 3614 2938 Alexius

2034 2966 2198 3036 hujus
2223 2967 2400 3023 obiter
2432 2967 2703 3038 decerpta:
2727 2969 2974 3025 victorias
3007 2979 3169 3040 gustu
3194 2971 3277 3026 ita
3313 2979 3372 3026 ut
3401 2971 3616 3040 cupidi-

2033 3067 2199 3113 tatem
2236 3059 2361 3115 inde
2394 3061 2706 3130 conciperet
2755 3063 2830 3118 ibi
2886 3063 3152 3128 inserendi,
3195 3064 3295 3118 ubi
3346 3063 3613 3120 similium

2032 3149 2141 3219 95
2165 3153 2519 3208 occasionum
2549 3153 2874 3226 conﬂigendi
2901 3171 3025 3211 cum
3059 3155 3258 3211 Turcis
3291 3156 3504 3226 sperari
3526 3155 3619 3209 fa-

2034 3244 2208 3298 cultas
2241 3253 2449 3312 posset,
2475 3246 2738 3314 quoniam
2774 3259 2840 3300 eo
2871 3261 3048 3316 usque
3074 3246 3141 3302 ad
3171 3247 3384 3316 pradas
3417 3262 3620 3302 excur-

2034 3351 2156 3390 rere
2187 3336 2262 3390 illi
2297 3345 2720 3392 consueverant.
2757 3335 2960 3391 Urebat
2988 3339 3136 3392 enim
3164 3353 3288 3392 eum
3321 3353 3620 3404 generosus

2036 3428 2200 3479 ardor
2230 3428 2611 3496 erigendorum
2641 3426 3025 3495 multiplicium
3072 3435 3434 3495 tropaeorum,
3462 3429 3619 3496 pige-

2039 3516 2240 3585 batque
2263 3516 2459 3570 fortem
2488 3517 2748 3587 juvenem
2782 3517 2838 3570 in
2863 3518 3051 3572 urbem
3082 3519 3286 3586 regiam
3315 3518 3494 3574 redire
3518 3519 3622 3573 nisi

2041 3605 2301 3661 victorem
2324 3605 2572 3660 omnium
2603 3607 2966 3661 certaminum
2994 3617 3047 3662 et
3074 3608 3365 3678 quinquies
3383 3623 3626 3664 corona-

2041 3708 2178 3754 tum.
2217 3699 2322 3755 Sed
2371 3701 2441 3755 ab
2475 3700 2809 3770 imperatore
2837 3701 3032 3756 litterae
3081 3701 3264 3756 missa:
3310 3716 3434 3756 cum
3489 3716 3625 3756 nave

2037 3792 2203 3847 unius
2241 3792 2433 3848 scalmi
2481 3791 2784 3863 remigibus
2818 3791 3085 3847 instructa
3118 3795 3186 3846 ab
3215 3792 3284 3848 iis
3314 3807 3441 3848 eum
3470 3794 3624 3862 cogi-

2038 3885 2335 3941 tationibus
2397 3885 2806 3941 abstraxerunt.
2871 3882 3150 3941 Jubebant
3211 3888 3358 3941 enim
3428 3887 3625 3941 litterae

2037 3978 2406 4033 conscendere
2456 3979 2637 4047 ipsum
2686 3977 2874 4032 statim
2934 3993 3130 4031 navem
3163 3992 3287 4031 cum
3315 3976 3536 4031 Urselio
3569 3989 3626 4031 et

2038 4084 2203 4140 quam
2233 4069 2472 4139 primum
2497 4069 3038 4138 Constantinopolim
3063 4067 3256 4122 venire
3281 4068 3347 4121 ad
3378 4068 3625 4124 vitandas

2041 4161 2270 4216 insidias
2304 4163 2570 4217 transitus
2603 4160 2883 4216 terrestris
2934 4160 3033 4214 viae
3082 4160 3446 4232 obtinentium
3483 4157 3624 4216 Tur-

2040 4267 2248 4308 corum.
2280 4252 2432 4308 Fecit
2467 4254 2634 4325 igitur
2661 4253 2750 4307 ille
2776 4251 2921 4322 quod
2971 4251 3262 4321 jubebatur
3291 4262 3344 4308 et
3371 4270 3509 4309 nave
3542 4253 3624 4309 fe-

2042 4345 2280 4402 stinabat
2315 4345 2368 4398 in
2392 4343 2796 4414 Propontidem.
2819 4341 2996 4397 Vento
3017 4358 3151 4398 vero
3171 4342 3431 4400 Thraecia
3466 4349 3629 4400 vehe—

2045 4437 2214 4492 menti
2247 4437 2429 4492 subito
2479 4434 2706 4490 reflante
2747 4439 2939 4505 parum
2988 4435 3163 4490 abfuit
3211 4439 3343 4508 quin
3400 4439 3629 4493 naufra-

2048 4530 2198 4598 gium
2237 4529 2460 4594 faceret,
2512 4527 2865 4598 perieratquc
2915 4526 3023 4581 nisi
3074 4529 3250 4598 palam
3305 4531 3483 4598 ipsum
3533 4532 3628 4586 Dei

1973 4613 2018 4669 Ι)
2048 4622 2221 4678 Mater
2248 4624 2296 4678 ei
2330 4623 2575 4693 periculo
2604 4622 2890 4676 eximeret.
2914 4619 3096 4675 Simul
3132 4622 3276 4675 enim
3312 4623 3399 4675 ille
3430 4624 3628 4691 impio;

2051 4715 2190 4770 ravit
2237 4715 2357 4784 ejus
2404 4730 2564 4785 opem
2614 4715 2801 4770 statim
2848 4729 3000 4770 mare
3047 4715 3386 4785 conquievit,
3442 4718 3631 4786 sicque

2053 4816 2424 4877 tempestatem
2455 4809 2646 4862 evasit.

2121 4898 2213 4953 28.
2252 4898 2370 4952 Jam
2418 4915 2544 4953 eum
2591 4899 3122 4969 Constantinopolim
3173 4899 3460 4970 appulsam
3507 4915 3629 4970 per-

2052 5001 2300 5046 amanter
2318 4991 2612 5059 imperator
2629 4991 2844 5060 excepit
2871 4990 3264 5060 amplexusque
3287 4992 3524 5043 suaviter
3548 5001 3633 5045 est

2053 5091 2135 5150 et,
2163 5092 2223 5136 ut
2271 5081 2392 5152 ejus
2441 5081 2558 5150 ipsa
2603 5081 2770 5135 verba
2819 5080 3049 5134 referam
3081 5098 3094 5134 :
3135 5098 3154 5132 ι
3185 5082 3348 5146 Bene,
3379 5100 3396 5133 ι
3435 5083 3629 5152 inquit,

2061 5186 2082 5223 ι
2104 5172 2251 5226 venit
2276 5170 2322 5224 is
2348 5171 2440 5239 qui
2471 5184 2592 5240 post
2614 5169 2782 5226 Deum
2807 5171 3030 5225 dextera
3062 5181 3248 5226 nostra
3270 5186 3466 5227 manus
3488 5183 3626 5226 est.»

2055 5256 2163 5310 Sed
2197 5257 2310 5310 hinc
2337 5257 2511 5325 prima
2546 5259 2624 5312 illi
2657 5258 2762 5312 fuit
2795 5259 2863 5312 ab
2901 5259 3229 5328 imperatore
3262 5263 3632 5315 remuneratio

2053 5347 2303 5402 laborum
2333 5350 2631 5418 gratiarum
2664 5351 2807 5405 actio
2851 5351 3085 5420 primum
3115 5354 3424 5408 occurrenti
3463 5352 3627 5407 facta.

371 5434 632 5506 ἐντυχών·
669 5434 811 5505 μετά
840 5433 899 5487 δὲ
933 5432 1089 5485 τοῦτο
1121 5432 1287 5502 ἐτίμα
1325 5432 1420 5484 καί⁵
1441 5430 1708 5502 σύμϐολα.
1743 5428 1867 5502 Εἶχε
1897 5432 1926 5484 δ

2050 5437 2186 5493 Post
2213 5438 2282 5493 ab
2310 5440 2404 5493 illo
2441 5442 2606 5495 rebus
2638 5441 2773 5510 ipsis
2820 5451 2876 5496 et
2920 5445 3304 5500 collationibus
3336 5444 3632 5498 honoratus

373 5527 592 5582 καὶτὸν
629 5525 924 5595 θύρσέλιον
965 5522 1156 5596 εἱρκτή
1211 5522 1622 5593 φρουρούμενον
1669 5521 1949 5591 ἀσφαλῶς,

2055 5535 2162 5581 est.
2185 5526 2438 5583 Urselius
2471 5544 2636 5599 porro
2661 5540 2826 5586 arctat
2857 5546 2922 5588 ac
2953 5547 3161 5590 secura:
3187 5532 3448 5590 custodia:
3472 5531 3635 5589 datu's

1400 5666 1616 5746 Caroli
1656 5668 1747 5729 Du
1782 5668 2024 5730 Frcsnc
2062 5670 2156 5732 Du
2197 5670 2407 5750 Cange
2446 5678 2632 5733 noue.

448 5817 563 5889 (δὲ)
602 5814 867 5883 macrus.
903 5811 976 5868 De
1007 5829 1116 5883 quo
1144 5811 1211 5866 ad
1245 5813 1489 5869 Alexiad.
1533 5829 1584 5886 ρ.
1619 5813 1738 5870 ΗΠ,

700 5936 972 5996 Ρηιιοι..
1014 5932 1122 5994 Gn,
1171 5932 1477 5994 CXXVII.
