4088 6208
344 379 445 446 ιιι
1540 379 1933 443 HISTORIA]

2038 383 2088 445 Μ
2124 381 2271 444 LIB.
2319 383 2402 443 ΙΙ.
3498 374 3623 443 ιη’

338 492 486 567 πρὸς
535 490 635 563 τὴν
689 488 968 547 θάλασσαν
1020 490 1269 548 κατιέναι
1315 492 1392 555 ὡς
1446 490 1703 563 τάχιστα.
1777 492 1839 545 ὐ
1866 491 1924 545 δὲ

2038 493 2340 550 venandum
2393 505 2657 563 teporem.
2711 491 2986 547 Assensus
3039 488 3260 547 tandem
3310 499 3397 545 est
3449 491 3604 560 quasi

344 584 692 654 ἐδυσχέραινε
725 584 824 655 μὲν
872 583 973 637 καὶ
1011 584 1227 655 ἠπείλει
1271 583 1492 656 δράσειν
1531 584 1831 654 ἀνήκεστα,
1860 585 1920 637 ού

2038 585 2204 642 victus
2237 584 2561 641 auctoritate
2588 583 2689 638 viri
2724 583 2862 650 dus,
2895 591 2951 639 et
2996 582 3048 637 in
3088 597 3289 653 equum
3318 580 3477 652 quasi
3508 594 3607 651 pa-

344 676 532 747 μέντοι
554 692 621 744 γε
648 676 745 729 καὶ
800 675 1079 747 δεδύνητο.
1127 676 1289 729 Ἀλλά
1336 678 1437 749 τὴν
1485 676 1799 747 Λιαοδικέων
1826 676 1922 731 καὶ

2038 686 2148 735 tutu
2166 677 2352 733 valens
2374 675 2675 747 ministerio
2691 690 2918 731 suorum
2947 674 3256 745 impositus,
3289 672 3603 744 patriarcha

338 767 493 823 ἀκων
543 765 874 821 καταλαϐὼν
921 767 1019 821 καὶ
1078 767 1269 837 ὀλίγας
1312 767 1663 840 ἐνδιατρίψας
1699 768 1920 840 ἡμέρας

2038 769 2100 823 ibi
2133 771 2345 836 relicto,
2384 778 2530 824 recta
2579 768 2753 824 fertur
2811 770 3161 825 Antiochiam
3206 768 3482 840 iussisque
3516 781 3605 821 re-

342 856 484 911 ὥστε
514 856 669 926 αύτῷ
689 859 756 913 τὰ
780 858 969 926 ἐφόδια
997 858 1328 931 κομισθῆναι
1354 860 1419 913 ὲκ
1438 859 1536 931 τῆς
1568 858 1915 931 Ἀντιοχέων,

2038 870 2184 930 r\cnte
2214 854 2396 917 claudi
2424 860 2600 932 portis
2632 862 2889 929 civitatis,
2915 862 3094 934 regias
3124 862 3191 916 ad
3237 859 3605 932 patriarcbam

345 950 528 1021 ἀπῆρε
560 948 700 1017 πρὸς
732 948 795 1002 τὺ
822 945 1137 1012 Βυζάντιον.

2038 954 2191 1007 nittit
2221 954 2436 1010 litteras
2472 955 2674 1026 quibus
2714 954 3048 1011 evocabatur
3069 954 3185 1025 98
3212 952 3607 1011 Cutistantino-

343 1044 534 1115 polim.
564 1042 887 1114 Indignatus
913 1042 1005 1098 ille
1030 1051 1116 1101 est
1142 1043 1209 1099 iis
1231 1041 1366 1100 visis
1395 1052 1450 1099 et
1475 1045 1660 1117 gravia
1687 1034 1937 1111 minatus
1967 1034 2073 1112 est.
2105 1046 2222 1107 Non
2286 1048 2465 1118 putuit
2480 1042 2671 1107 autem
2731 1064 2988 1105 recusare
3015 1052 3148 1119 quin
3177 1048 3606 1117 obtemperaret,

342 1139 435 1195 sed
488 1140 675 1193 statim
716 1140 801 1194 vel
846 1138 1051 1195 invitus
1101 1138 1302 1197 ductus
1330 1140 1692 1207 Laodiceam,
1722 1158 1927 1214 paucos
1964 1144 2039 1201 ibi
2073 1154 2320 1201 moratus
2379 1147 2533 1213 dies,
2567 1146 2697 1201 dum
2744 1160 2865 1215 quae
2906 1145 2973 1200 ad
3019 1144 3120 1200 iter
3192 1157 3331 1213 opus
3370 1148 3528 1197 erant
3555 1140 3608 1196 ei

342 1228 641 1283 Antiochia
675 1226 1046 1295 deferrentur,
1077 1228 1398 1300 Byzantium
1432 1232 1819 1303 proﬁciscitur.

416 1320 520 1377 10'.
557 1319 624 1377 '0
650 1321 710 1376 δὲ
747 1320 873 1387 δοὺξ
915 1321 1183 1397 ἰσαάκιος
1212 1322 1304 1376 τοῦ
1342 1324 1407 1378 ἑκ
1448 1323 1545 1383 τοῦ
1578 1325 1924 1396 πατριάρχου

344 1415 497 1478 δέους
521 1413 867 1483 ἀπαλλαγεὶς
908 1413 1095 1485 διῴκει
1125 1415 1192 1468 τὰ
1224 1415 1380 1471 κοινὰ
1422 1415 1517 1471 καὶ
1544 1416 1646 1485 τὰς
1676 1398 1919 1489 ἀναφυοο

349 1509 517 1580 μένας
547 1509 669 1571 ταῖς
709 1507 897 1561 πόλεσι
930 1508 1150 1570 στάσεις
1181 1508 1443 1583 ἐπειρᾶτο
1481 1507 1741 1563 διαλύειν.
1784 1507 1925 1563 Ἀλλ’

344 1602 447 1656 ούκ
474 1597 543 1672 ἢν
580 1600 863 1671 ἠρεμῆσαι
906 1597 999 1652 τδν
1032 1598 1144 1652 τῶν
1193 1598 1537 1671 Χριστιανῶν
1575 1600 1801 1672 ἀρχαῖον
1834 1618 1927 1654 πο-

342 1695 532 1765 λέμιον
555 1709 570 1724 ο
613 1692 785 1766 ταύτῃ
810 1709 893 1746 τοι
923 1693 1019 1753 καὶ
1048 1692 1107 1759 ἐξ
1135 1693 1314 1757 αίτίας
1349 1693 1607 1767 βραχείας
1637 1696 1763 1759 τοὺς
1796 1713 1926 1751 στα-

2100 1317 2191 1372 29.
2221 1315 2339 1372 Dux
2367 1333 2494 1373 vero
2521 1317 2782 1385 lsaacius,
2814 1318 3030 1373 solutus
3078 1333 3207 1373 cura
3238 1327 3291 1374 et
3326 1329 3473 1378 metu
3513 1337 3611 1392 pa-

2031 1409 2283 1466 triarcha:
2317 1418 2463 1467 recte
2496 1408 2946 1465 administrandae
2972 1424 3135 1480 quam
3180 1413 3478 1471 curandam
3517 1431 3611 1471 ac-

2030 1512 2250 1574 ceperat
2282 1500 2489 1556 civitati
2522 1501 2693 1554 libero
2727 1501 2912 1554 animo
2963 1498 3211 1569 vacabat,
3252 1519 3445 1575 resque
3488 1505 3611 1561 illas

2031 1611 2154 1666 qua:
2184 1594 2515 1651 seditionum
2545 1608 2725 1650 causae
2761 1591 2992 1648 urbibus
3026 1594 3204 1649 solent
3244 1610 3388 1660 esse,
3429 1612 3612 1652 remo-

2032 1703 2157 1780 vere
2178 1686 2499 1743 conabatur.
2536 1684 2641 1741 Sed
2670 1702 2776 1742 non
2799 1693 3013 1757 pctcrat
3038 1685 3322 1756 quiescere
3337 1687 3610 1744 Christia-

346 1784 581 1847 σιαστάς
609 1783 767 1848 αὖθις
812 1784 1093 1855 κεκίνηκε.
1134 1784 1258 1839 Τῶν
1290 1784 1400 1856 γὰρ
1433 1786 1561 1856 ἄρτι
1594 1785 1926 1858 προκόπτειν

2038 1775 2227 1835 norum
2259 1780 2517 1850 antiquus
2555 1778 2751 1834 hostis.
2780 1775 2965 1847 Quare
2998 1780 3043 1833 is
3075 1793 3141 1833 ex
3179 1777 3283 1833 levi
3319 1782 3612 1837 occasione

345 1875 674 1949 ἀρξαμένων
708 1873 855 1938 τινὲς
889 1873 1248 1940 ἑκκαυθέντες
1283 1874 1391 1933 ὑπὸ
1420 1873 1517 1929 τοῦ
1554 1874 1753 1945 φθόνου
1784 1875 1929 1930 κατά

343 1967 456 2021 τῶν
495 1967 555 2021 ιν
579 1966 727 2019 τέλει
766 1964 864 2020 καὶ
903 1965 997 2019 τοῦ
1038 1964 1228 2029 δουκδς
1261 1965 1323 2019 τδ
1355 1965 1560 2035 πλῆθος
1593 1963 1925 2035 ὲξώπλισαν.

346 2059 462 2113 Καὶ
515 2057 611 2117 τὸν
672 2056 774 2128 μὲν
831 2056 963 2110 εἴσω
1021 2057 1122 2128 τῆς
1172 2056 1525 2128 ἀκροπόλεως
1569 2057 1927 2126 συγκλείσανο

345 2168 439 2214 τες
474 2149 561 2223 [Ρ.
607 2147 701 2221 66]
731 2149 826 2213 τὰς
868 2149 1109 2214 εἰσόδους
1136 2148 1439 2222 ἐφρούρουν
1464 2191 1481 2217 ,
1528 2150 1673 2204 κατά
1704 2150 1759 2205 δὲ
1790 2150 1930 2204 τῶν⁴

348 2239 763 2310 ἐξορμήσαντες
791 2237 947 2303 τινάς
1000 2239 1099 2308 μὲν
1132 2239 1344 2294 ἀνεῖλον
1364 2279 1380 2305 ,
1409 2240 1457 2292 oi
1486 2237 1543 2292 δὲ
1577 2238 1754 2293 λοιποὶ
1797 2240 1935 2312 πρὸς

294 2320 304 2341 δ
348 2333 450 2402 τὴν
494 2330 792 2402 ἀκρόπολιν
833 2331 931 2396 τάς
978 2329 1159 2395 οίκίας
1196 2330 1307 2384 τῶν
1343 2329 1625 2401 ἀρχόντων
1667 2330 1933 2403 πορθοῦν-

348 2442 444 2490 τες
476 2423 571 2479 καὶ
623 2424 691 2478 τὰ
722 2424 984 2496 χρήματα
1029 2423 1444 2494 διαρπάζοντες.
1498 2422 1561 2476 ⁸ο
1598 2422 1723 2490 Bob:
1753 2423 1933 2479 τοίνυν

349 2520 434 2581 είς
476 2511 753 2587 προῦπτον
800 2515 1083 2579 καταστὰς
1135 2515 1382 2570 κίνδυνον
1423 2515 1560 2587 πρὸς
1604 2517 1702 2579 τὰς
1748 2513 1935 2587 κύκλῳ

352 2609 543 2673 πόλεις
583 2607 857 2680 ξξέπεμψε
889 2608 1014 2672 τοὺς
1047 2605 1384 2680 στρατιώτας
1430 2605 1927 2678 μετακαλούμενος.

366 2701 460 2755 Ἐν
512 2700 677 2772 ὀλίγῳ
726 2701 783 2755 δὲ
845 2697 1178 2772 ἀποχρώσης
1237 2698 1600 2770 συνελθούσης
1652 2698 1934 2772 δυνάμεως

356 2792 792 2863 κατεστρατὴγει
816 2791 944 2854 τοὺς
969 2789 1319 2854 στασιαστὰς.
1345 2790 1441 2854 Εἰς
1470 2788 1639 2842 πολλὰ
1659 2790 1767 2861 γὰρ
1794 2790 1935 2861 μέρη

354 2884 417 2939 τὸ
449 2885 767 2956 στράτευμα
797 2882 988 2938 διελὼν
1018 2881 1273 2935 ἐκέλευσε
1310 2881 1529 2935 ἀπιέναι
1563 2882 1699 2953 πρὸς
1726 2882 1791 2935 τὰ
1817 2898 1937 2935 στε-

353 2974 511 3029 νωπά
544 2973 639 3029 καὶ
683 2973 811 3038 τοὺς
847 2972 1206 3036 ἀπαντῶντας
1255 2970 1684 3040 ξυλλαμϐάνειν,
1731 2971 1808 3037 ὡς
1860 2958 1936 3043 μὴ

353 3071 491 3142 ὁμοῦ
520 3071 797 3143 γενόμενοι
816 3070 1058 3143 βοηθοῖεν
1084 3066 1356 3141 ἀλλήλοις.
1385 3061 1460 3123 Οὔ
1483 3067 1777 3140 γενομένου
1810 3084 1936 3121 συν-

2030 1870 2321 1928 seditiosos
2360 1885 2553 1926 rursus
2599 1871 2913 1925 commovit.
2958 1868 3096 1925 Nam
3146 1885 3339 1926 eorum
3384 1871 3611 1942 quidam

2030 1963 2122 2039 qui
2151 1977 2430 2034 emergere
2461 1962 2515 2016 in
2538 1961 2841 2017 claritatem
2880 1977 3049 2032 nuper
3076 1972 3381 2034 coeperant,
3408 1965 3611 2020 invidia

2041 2054 2292 2112 succensi
2342 2053 2606 2109 adversus
2642 2054 2994 2123 magistratus
3016 2062 3071 2108 et
3109 2052 3328 2121 ducem,
3396 2054 3610 2126 plebem

2034 2154 2406 2200 armaverunt.
2440 2141 2650 2199 Etcum
2680 2142 2827 2199 hunc
2851 2143 3066 2213 quidem
3098 2143 3236 2198 intra
3275 2158 3452 2200 arcem
3481 2159 3615 2200 con-

2034 2235 2349 2300 clusisseut,
2379 2235 2559 2290 aditus
2591 2234 2996 2299 custodiebant,
3030 2234 3083 2289 in
3114 2236 3466 2307 magistratus
3490 2253 3618 2292 vero

2034 2330 2277 2402 reliquos
2316 2329 2522 2400 impetu
2570 2328 2712 2383 facto
2751 2328 3046 2385 nonnullos
3078 2329 3402 2386 occiderunt
3431 2349 3444 2386 :
3474 2331 3617 2387 inte-

2036 2421 2139 2477 rim
2175 2422 2303 2477 dum
2340 2421 2444 2476 alia
2488 2420 2881 2477 seditiosorum
2913 2435 3120 2477 manus
3161 2422 3483 2495 diripiendis
3516 2427 3621 2479 do-

2036 2514 2216 2569 mibus
2232 2513 2564 2584 principum,
2585 2528 2706 2583 quae
2728 2513 2918 2569 vicinae
2938 2514 3052 2569 arci
3072 2525 3249 2581 erant,
3264 2518 3618 2589 pecuniisque

2035 2602 2415 2675 depradandis
2448 2602 2820 2668 attendebaut,
2846 2602 2955 2658 dux
2990 2604 3043 2658 in
3080 2605 3371 2662 manifesto
3406 2609 3616 2664 consti-

2038 2705 2189 2753 tutus
2251 2695 2498 2768 periculo
2557 2694 2707 2775 misit
2760 2694 2827 2751 ad
2878 2696 3303 2768 circumpositas
3368 2693 3659 2758 civitatcs'

2041 2785 2245 2842 auxilia
2272 2803 2581 2853 accersens,
2610 2802 2675 2842 ac
2718 2786 2869 2843 brevi
2902 2804 3009 2843 non
3044 2789 3259 2845 modica
3291 2807 3456 2847 manu
3488 2808 3620 2849 con-

2041 2892 2260 2959 gregata
2286 2880 2520 2951 sapienti
2553 2880 2764 2936 ratione
2793 2880 2995 2935 bellum
3039 2880 3092 2936 in
3126 2881 3416 2941 seditiosos
3444 2883 3620 2940 admi-

2042 2974 2260 3030 nistrat.
2318 2973 2375 3028 ln
2435 2972 2634 3029 multas
2692 2975 2836 3027 enim
2895 2982 3077 3044 partes
3134 2976 3373 3031 exercitu
3409 2975 3608 3043 diviso,

2039 3065 2290 3138 dispertit
2315 3066 2504 3136 cupias
2536 3078 2631 3138 per
2665 3062 2984 3138 angiportus
3008 3066 3192 3138 jussas
3220 3069 3408 3125 obvios
3440 3070 3617 3126 corri-

355 3166 455 3237 ἐστι
488 3164 595 3221 τῶν
632 3164 949 3235 Ἀντιοχέων
984 3162 1322 3219 στασιαστῶν
1353 3163 1513 3231 φόνον
1550 3160 1807 3230 γενέσθαι
1838 3179 1933 3214 πο-

2040 3176 2187 3231 pere,
2225 3175 2291 3215 ne
2320 3159 2398 3215 illi
2445 3158 2609 3215 simul
2656 3160 2835 3232 juncti
2888 3176 3046 3232 opem
3103 3162 3338 3218 invicem
3392 3162 3619 3221 ferrent.

354 3256 454 3309 λὺν
510 3256 607 3311 καὶ
664 3254 808 3311 οὕτω
862 3255 1016 3327 μόλις
1066 3256 1165 3326 τὴν
1227 3253 1417 3308 στάσιν
1473 3252 1931 3322 κατευνασθῆναι.

358 3348 522 3418 Ἀρτι
573 3347 631 3402 δὲ
680 3346 887 3420 ταύτης
943 3345 1402 3417 κατευνασθείσης
1449 3345 1578 3405 τοὺς
1640 3346 1938 3415 Ἀντιοχεῖς

356 3438 583 3497 ἔσπευδε
609 3438 956 3511 θεραπεύειν.
982 3435 1115 3492 Εἶτα
1137 3436 1464 3491 διελθουσῶν
1491 3435 1716 3508 ἡμερῶν
1738 3434 1939 3502 ὀλίγων

355 3530 601 3604 ἠγγέλθη
643 3530 904 3603 Τούρκων
949 3530 1050 3583 ούκ
1092 3528 1388 3601 ἐλαχίστην
1432 3530 1633 3600 μοῖραν
1663 3524 1808 3580 κατά
1840 3525 1941 3578 Συε-

356 3625 485 3701 ρίας
541 3623 760 3694 χωρεῖν.
801 3621 864 3673 '0
915 3619 971 3672 δὲ
1023 3621 1123 3683 τὰς
1148 3620 1413 3690 δυνάμεις
1450 3616 1739 3675 ἀναλαϐὼν
1768 3615 1937 3689 ἐξῄει.

355 3712 656 3766 Συνείπετο
693 3709 750 3769 δέ
788 3710 835 3764 oi
877 3710 971 3764 καὶ
1001 3711 1029 3765 ό
1070 3710 1159 3764 ἐπ’
1204 3708 1405 3781 ἀδελφῇ
1446 3708 1640 3763 τούτου
1690 3710 1939 3780 γαμϐρὸς

356 3804 767 3862 Κωνσταντῖνος
786 3802 896 3874 (55)
914 3805 942 3856 ὁ
957 3800 1050 3856 τοῦ
1076 3800 1342 3872 βασιλέως
1362 3802 1643 3871 Διογένους
1687 3802 1783 3875 (m)
1802 3803 1934 3866 υἱός.

368 3894 645 3967 Ἐντυχὼν
673 3895 729 3951 δὲ
771 3897 884 3959 τοῖς
926 3895 1190 3964 Τούρκοτς
1237 3894 1343 3963 καὶ,
1376 3896 1557 3967 μάχην
1604 3896 1721 3967 μετ’
1755 3893 1938 3949 αὐτῶν

359 3986 603 4056 σννάψας
650 3985 896 4057 ἡττήθη,
948 3986 1042 4039 καὶ
1077 3984 1350 4054 γενναέως
1396 3984 1805 4058 ἀγωνισάμενος
1842 3985 1939 4039 καὶ⁵

355 4078 647 4151 τραύματα
677 4077 836 4132 ἱκανά
867 4076 999 4151 παρ’
1020 4075 1201 4131 αὐτῶν
1232 4077 1417 4132 λαϐὼν
1450 4076 1612 4141 αὐτὸς
1643 4079 1740 4146 μὲν
1771 4077 1933 4143 ἐάλω,

354 4170 597 4243 ἀνῃρέθη
638 4168 694 4224 δὲ
727 4171 821 4224 καὶ
867 4170 895 4223 ὁ
937 4168 1218 4241 Διογένης.
1275 4168 1381 4223 Τδν
1421 4168 1521 4241 μὲν
1556 4163 1649 4224 οὖν
1695 4169 1856 4233 εὐθὺς
1886 4170 1937 4222 οἱ

368 4263 662 4334 ’Δντιοχεῖς
719 4260 1141 4327 ἀποστείλαντες
1196 4260 1425 4334 χρυσίου
1482 4261 1736 4332 χιλιάδων
1796 4261 1938 4333 ὠνὴ-

358 4370 522 4407 σαντο
548 4355 719 4407 εἴκοσι
755 4353 848 4407 καὶ
874 4354 939 4410 τὰ
971 4356 1035 4407 ὲκ
1066 4352 1161 4407 τοῦ
1190 4354 1432 4424 πολέμου
1455 4352 1748 4425 τραύματα
1779 4350 1939 4424 θερα-

2043 3248 2165 3320 Quo
2222 3251 2366 3308 facto
2430 3251 2661 3323 contigit
2712 3253 3166 3310 Antiochensium
3226 3254 3618 3312 seditiosorum

2041 3345 2241 3407 eaedem
2285 3360 2537 3414 magnam
2571 3344 2707 3412 lieri,
2728 3360 2791 3399 ac
2812 3344 2891 3400 sic
2918 3360 3226 3415 quanquam
3254 3362 3395 3419 :ngre
3422 3347 3624 3403 tumulo

2046 3441 2158 3485 tum
2191 3431 2392 3489 sedari.
2425 3428 2505 3486 Eo
2545 3439 2821 3500 utcunque
2852 3442 3046 3503 pacato
3091 3432 3280 3488 sedulo
3312 3434 3461 3488 dedit
3489 3451 3621 3511 ope-

2046 3535 2199 3585 ram,
2262 3530 2322 3573 ut
2376 3520 2652 3575 civitatem
2721 3520 2835 3593 99
2883 3519 3189 3577 benefactis
3251 3522 3623 3583 demereretur

2045 3608 2262 3679 sibique
2289 3609 2606 3680 popularem
2642 3611 2921 3684 colligeret
2971 3611 3220 3684 gratiam.
3269 3612 3463 3677 Paucis
3498 3602 3623 3689 post

2045 3700 2236 3756 diebus
2260 3700 2565 3757 nuntiatum
2588 3714 2669 3756 est
2698 3719 2806 3759 non
2832 3720 3050 3771 parram
3070 3702 3372 3762 Tureorum
3398 3725 3620 3771 manum

2042 3791 2097 3848 in
2132 3790 2346 3864 Syriam
2382 3792 2703 3865 irrumpere.
2740 3792 2859 3860 Quo
2891 3796 3078 3851 audito
3126 3798 3235 3852 dux
3273 3814 3399 3854 cum
3450 3776 3624 3877 copiis

2042 3883 2305 3941 adversus
2337 3883 2458 3940 illos
2485 3883 2651 3940 vadit.
2678 3884 2942 3956 Adjunxit
2970 3902 3029 3944 se
3050 3886 3125 3943 illi
3154 3890 3237 3944 vir
3266 3894 3469 3949 sororis
3500 3894 3622 3966 ejus

2040 3974 2459 4042 Constantinus,
2480 3976 2829 4048 imperatoris
2856 3977 3107 4050 Diogenis
3130 3980 3626 4049 ﬁlius._0ccurrunt

2040 4064 2232 4125 Turci.
2262 4068 2567 4142 Pugnatur.
2593 4069 2709 4124 Dux
2746 4069 3045 4126 fortissime
3077 4087 3190 4126 rem
3216 4086 3409 4142 gerens
3437 4074 3623 4134 multis

2040 4161 2358 4216 vulneribus
2390 4140 2627 4232 acceptis
2651 4160 2888 4233 capitur.
2923 4140 3323 4220 Constantinus
3355 4150 3624 4237 Diogenes

2042 4250 2331 4307 oeciditur.
2354 4252 2419 4307 Et
2441 4253 2634 4307 ducem
2661 4253 2879 4319 quidem
2906 4253 3230 4310 Antioclteni
3259 4257 3427 4313 misso
3451 4261 3625 4329 pretio

2040 4339 2236 4413 viginti
2283 4339 2517 4396 millium
2567 4356 2863 4396 aureorum
2914 4342 3263 4401 redemerunt
3319 4358 3626 4421 cretei-aque

356 4442 545 4499 πτύειν
587 4443 849 4501 ἔσπευδον
874 4459 888 4473 ⁸
931 4444 1095 4508 αὐτὸς
1130 4443 1187 4499 δὲ
1225 4444 1395 4497 εἰσέτι
1422 4443 1663 4512 γνησίως
1710 4442 1933 4496 διέκειτο

2044 4428 2171 4485 belli
2211 4431 2352 4485 mala
2384 4446 2640 4502 reparare
2673 4430 3024 4488 studuerunt.
3065 4433 3185 4505 Ipse
3216 4445 3399 4493 autem
3441 4439 3626 4497 hacte-

356 4536 495 4605 πρὸς
539 4537 739 4601 αὐτοὺς
781 4537 1011 4601 καὶτὰς
1045 4535 1281 4607 ἀμοιϐὰς
1316 4534 1394 4598 ὡς
1437 4530 1548 4588 οἷόν
1596 4551 1658 4588 τε
1712 4535 1933 4589 ἔσπευδε

2049 4536 2154 4577 nus
2187 4529 2435 4577 mutuam
2468 4521 2601 4593 ipsis
2647 4522 3079 4579 benevolentiam
3132 4527 3353 4584 exhibet
3402 4540 3457 4584 et
3504 4547 3627 4603 quae

352 4629 567 4693 τούτοις
607 4629 938 4683 ἀποδιδόναι.
983 4627 1148 4681 Ἀλλά
1186 4626 1254 4681 τά
1289 4626 1391 4697 μὲν
1423 4624 1565 4679 κατά
1593 4623 1693 4697 τὴν
1738 4624 1944 4678 Ἀντιό-

2043 4613 2184 4671 bene
2215 4614 2395 4669 meriti
2428 4614 2495 4669 de
2536 4614 2656 4685 ipso
2690 4622 2821 4671 sunt
2855 4613 3053 4671 all'eetu
3084 4626 3138 4672 et
3180 4618 3459 4675 beneﬂciis
3506 4633 3627 4678 stu-

353 4739 511 4793 χειαν
550 4722 614 4777 ιν
646 4721 863 4786 τούτοις
914 4715 1023 4792 ἦν,ι
1052 4720 1081 4773 ό
1108 4718 1167 4772 δὲ
1220 4718 1349 4790 ἑξῆς
1392 4716 1552 4787 λόγος
1581 4716 1814 4789 δηλώσει
1850 4715 1933 4771 xui

2044 4704 2139 4761 det
2184 4707 2509 4777 rependere.
2555 4704 2670 4761 Hoc
2711 4713 2855 4762 statu
2904 4716 3063 4762 erant
3115 4723 3206 4763 res
3252 4708 3625 4770 Antiochenm.

353 4811 485 4882 περὶ
513 4809 622 4866 τῶν
654 4812 797 4866 κατά
827 4810 925 4884 τὴν
973 4809 1272 4882 Ἑσπέραν.

2041 4795 2184 4863 Quid
2243 4796 2462 4853 interim
2518 4809 2780 4869 ageretur
2816 4800 2870 4856 in
2910 4798 3171 4858 Occiduis
3205 4800 3457 4874 partibus
3489 4800 3630 4862 liber

2042 4902 2384 4961 consequens
2408 4890 2646 4947 docebit.

1260 5041 1475 5105 (Αποιί
1505 5043 1605 5105 Du
1637 5042 1880 5115 [ἔνθοιτο
1916 5044 2012 5104 Du
2040 5040 2261 5122 Cauge
2290 5050 2489 5106 notae.

426 5225 544 5298 (‘55)
568 5220 1049 5298 Κῳνσταττῖνος.
1080 5213 1516 5298 constantinum.
1722 5210 1855 5298 loco
1886 5221 1933 5268 et

2046 5223 2425 5298 nuncupatur.
2460 5214 2523 5272 ν.
2554 5225 2670 5272 ttat.
2711 5215 2783 5273 ad
2814 5216 2986 5275 Annae
3029 5231 3085 5288 p.
3144 5217 3247 5275 “2
3293 5228 3348 5276 et
3392 5228 3625 5291 stemma

351 5296 392 5353 Ι.
432 5281 473 5366 i,
510 5281 565 5353 ιί.
614 5296 649 5351 6
678 5294 945 5368 appellat,
1000 5281 1096 5362 qui
1147 5287 1360 5344 caeteris
1412 5281 1775 5354 scriptoribus
1823 5281 1931 5337 Leo

2043 5287 2314 5342 Comneu.

1624 5421 1794 5504 Petri
1830 5420 2086 5485 Possini
2122 5431 2313 5484 nom.

427 5592 522 5663 (ut)
547 5586 1006 5654 Κωνσταντῖνος
1046 5587 1079 5642 ὁ
1102 5584 1441 5654 Διογένους,
1462 5590 1574 5638 etc.
1606 5577 1761 5637 Hm
1778 5575 1933 5637 Aula

2038 5597 2067 5632 ι.
2136 5593 2170 5633 x
2216 5576 2492 5643 Alesiam,
2519 5590 2644 5648 pag.
2687 5574 2814 5643 27!,
2856 5578 3119 5635 memoria
3168 5579 3343 5649 lapsa,
3397 5576 3625 5634 Leonem

349 5675 532 5722 vocat.

420 5835 438 5847 ‘
468 5829 607 5882 Κατὰ
630 5828 682 5878 δι
708 5830 821 5877 τῶν.
849 5830 1089 5889 Apertum
1111 5828 1189 5872 est
1214 5818 1262 5869 in
1284 5817 1361 5868 bis
1384 5821 1435 5867 et
1458 5817 1683 5880 proxime
1703 5810 2029 5877 sequentibus
2066 5812 2207 5874 plura
2232 5811 2424 5864 turbata
2457 5821 2568 5861 esse
2601 5814 2655 5861 et
2684 5817 2935 5877 corrupta.
2965 5812 3162 5878 (Editur
3186 5811 3497 5874 Romanis.)
3602 5850 3609 5861 .
