4088 6208
471 328 571 396 143

1673 338 2094 400 NICEPIIORI
2140 339 2502 400 BRYENNII

2023 493 2244 506 ————-—..

3625 336 3726 406 lu

2585 496 3656 516 9-me

2255 495 2576 507 ——-————.

1520 670 1607 744 [ιι.
1622 668 1714 744 68]
1790 647 2232 736 BIBAION
2307 647 2536 732 TPl’I
2563 649 2711 736 ΟΝ

1591 993 1944 1086 LIBER
2054 994 2617 1090 TERTIUS.

535 1338 586 1412 ί.
615 1337 962 1406 Quaecunque
1014 1335 1235 1406 quidem
1263 1337 1608 1408 contigerunt
1633 1353 1727 1408 per
1765 1337 2043 1396 Orientem

2219 1345 2289 1402 α’.
2348 1348 2489 1402 Ὅσα
2543 1350 2645 1422 μὲν
2693 1345 2788 1406 οὖν
2835 1351 3036 1425 ξυνέϐη
3106 1352 3248 1408 κατά
3285 1353 3385 1424 τὴν
3420 1355 3536 1410 Ἕω
3594 1359 3734 1429 μετά

460 1427 993 1495 pestdepnsitionem
1025 1426 1296 1496 Dicaenis,
1331 1428 1651 1498 turbasque,
1690 1429 2049 1498 defectiones,

458 1519 770 1583 seditiones,
801 1533 908 1589 qua
932 1520 1217 1584 excitatas,
1246 1534 1352 1590 qua
1387 1521 1686 1576 exstinctas
1715 1537 1809 1592 per
1831 1522 1883 1576 id
1911 1533 2050 1580 tem-

458 1624 582 1677 pus,
623 1622 676 1663 et
703 1620 760 1665 ut
788 1611 1035 1663 omnium
1072 1611 1313 1665 maxima
1355 1612 1622 1681 tyrannis,
1657 1609 1853 1667 Ursclii
1904 1614 2049 1682 dico,

459 1700 516 1753 in
554 1717 811 1771 magnum
845 1702 986 1755 elata
1038 1711 1091 1755 ct
1143 1702 1510 1756 maximorum
1560 1719 1725 1757 causa
1777 1707 2047 1762 malorum

459 1791 694 1859 imperio
723 1791 971 1846 liornano
1003 1807 1032 1845 a
1069 1791 1352 1848 Comueuo
1395 1792 1587 1871 Alexio
1632 1795 1815 1850 adhuc
1861 1797 2040 1852 adole-

456 1884 708 1938 scenlttlo
755 1885 1098 1940 exercituum
1157 1887 1512 1942 Orientaliqu
1561 1889 1817 1958 praefecto
1870 1891 2046 1948 deleta

455 1977 550 2035 sit,
583 1977 674 2044 qui
713 1978 857 2031 hunc
908 1979 1169 2046 praecellit
1205 1979 1378 2050 100
1412 1979 1555 2035 liber
1599 1983 1855 2052 explicat.
1891 1982 2047 2040 Nunc

456 2077 637 2121 autem
664 2069 732 2122 ab
760 2066 1136 2125 Orientalibus
1166 2071 1332 2124 rebus
1361 2087 1589 2128 necesse
1621 2084 1708 2128 est
1740 2077 2046 2146 transgredi

456 2163 512 2218 in
549 2161 900 2216 Occidentem
936 2168 990 2214 et
1023 2159 1273 2229 quaedam
1321 2161 1392 2215 tbi
1443 2173 1724 2231 gestorum
1765 2179 2044 2232 enarrare,

461 2265 521 2308 ιιι
565 2255 706 2307 serie
763 2251 1024 2306 continua
1078 2263 1134 2305 et
1178 2267 1449 2322 nusquam
1501 2253 1813 2324 interrupto
1854 2256 2048 2312 ordine

458 2357 641 2400 nostra
660 2341 1028 2413 progrediens
1051 2343 1227 2397 oratio
1261 2359 1457 2399 rursus
1483 2345 1549 2399 ad
1575 2344 1842 2401 Cumneni
1863 2347 2043 2402 Alexii

454 2445 576 2489 aeta
622 2442 953 2488 revertatur.
1004 2427 1302 2502 Postquam
1339 2433 1573 2488 ﬁliorum
1607 2438 2043 2504 praestantissimi

453 2525 686 2580 Caesaris
707 2534 832 2578 natu
851 2520 1534 2586 minimusConstantinus,
1551 2523 1634 2576 vir
1659 2522 1842 2589 fortis,
1866 2523 2045 2580 subito

333 2599 340 2608 ’
433 2617 758 2672 .exstinctus
786 2622 899 2677 est,
933 2613 1205 2666 maximus
1225 2627 1352 2668 vero
1383 2623 1511 2668 natu
1539 2615 1886 2671 Andronicus
1905 2653 1920 2682 ,
1946 2630 2043 2686 ge-

2153 1438 2255 1510 τὴν
2293 1439 2388 1494 τοῦ
2445 1441 2731 1510 Διογένους
2781 1442 2876 1497 τοῦ
2919 1444 3187 1516 βασιλέως
3235 1446 3591 1518 καθαίρεσιν,
3639 1454 3732 1502 xl.

2151 1533 2275 1586 ὅσαι
2306 1535 2545 1605 ταραχαὶ
2585 1535 2679 1588 καὶ
2726 1535 3055 1592 ἀποστασίαι
3104 1539 3197 1594 καὶ
3229 1538 3446 1604 στάσεις
3484 1541 3731 1613 ἀνήφθη-

2153 1624 2254 1678 σὰν
2295 1642 2354 1678 τε
2404 1627 2498 1678 καί
2537 1625 2697 1692 αὖθις
2738 1628 3112 1700 ὲσὸέσθησαν,
3150 1630 3244 1683 καὶ
3295 1631 3370 1693 ῶς
3415 1634 3449 1704 ὴ
3493 1634 3730 1704 μεγίστη

2152 1719 2346 1773 πασῶν
2371 1722 2656 1791 τυραννὶς,
2701 1723 2843 1793 φημὶ
2871 1721 2936 1796 δὴ
2970 1723 3066 1776 τοῦ
3099 1724 3429 1796 Οὑρσελίου,
3468 1729 3550 1790 εἰς
3589 1728 3731 1796 μέγα

2149 1809 2380 1880 ἀρθεῖσα
2425 1811 2523 1866 κα)⁸
2573 1813 2848 1883 μεγίστων
2904 1813 3095 1868 κακῶν
3134 1816 3286 1870 αἰτία
3324 1819 3390 1888 τῇ
3440 1817 3731 1888 Ῥωμαίων

2153 1906 2422 1976 γενομένη
2468 1905 2623 1976 παρά
2667 1905 2760 1958 τοῦ
2820 1907 3112 1980 Κομνηνοῦ
3165 1909 3405 1977 ’Δλεξίου
3455 1911 3731 1983 καθῄρητο

2149 1995 2228 2049 ἔτι
2260 1996 2454 2067 κομιδῇ
2499 1998 2621 2050 νέου
2656 1997 2808 2064 δντος
2843 1999 2938 2053 καὶ
2971 2002 3448 2074 στρατοπεδάρχου
3485 2003 3584 2073 τῆς
3615 2003 3730 2056 Ἕω

2147 2089 2600 2160 ἀποδειχθέντος,
2631 2089 2660 2142 ό
2712 2090 2819 2160 πρὸ
2863 2090 3019 2146 τοῦδε
3063 2091 3223 2161 λόγος
3267 2091 3438 2162 δηλοῖ.
3489 2092 3626 2146 Νυνὶ
3672 2093 3727 2146 δὲ

2147 2181 2256 2236 ἀπὸ
2285 2180 2395 2234 τῶν
2421 2198 2561 2236 κατα
2581 2182 2681 2253 τὴν
2715 2181 2890 2253 Ἐᾠαν
2923 2185 3268 2254 πραγμάτων
3297 2185 3596 2254 ἀναγκαῖον
3626 2200 3726 2254 με·

2147 2269 2382 2338 ταϐῆναι
2429 2270 2567 2341 πρὸς
2611 2277 2710 2342 τὴν
2755 2271 3030 2343 Ἑσπέραν
3061 2273 3154 2326 καί
3198 2291 3320 2327 τινα
3358 2274 3465 2328 τῶν
3501 2275 3561 2327 ὲν
3589 2275 3726 2344 αὐτῇ

2149 2362 2507 2434 πραχθέντων
2537 2363 2950 2434 ἀφηγήσασθαι,
2983 2365 3050 2417 ἶν’
3088 2365 3269 2437 εἱρμῷ
3305 2383 3410 2420 τινι
3449 2367 3545 2420 καὶ⁵
3576 2367 3726 2432 τάξει

2150 2451 2382 2522 βαδίζων
2441 2455 2469 2507 ό
2515 2453 2672 2521 λόγος
2722 2455 2813 2506 ἐπὶ
2848 2455 2949 2518 τὰς
2996 2455 3227 2525 πράξεις
3271 2452 3426 2522 αὖθις
3469 2457 3598 2530 ἔλθη
3630 2458 3726 2512 τοῦ

2148 2542 2440 2613 Κομνηνοῦ
2474 2542 2737 2608 Ἀλεξίου.
2785 2544 3005 2616 Ἐπειδὴ
3052 2548 3160 2600 τῶν
3206 2547 3414 2602 παίδων
3451 2548 3545 2602 τοῦ
3589 2549 3729 2603 θειο-

2149 2633 2312 2688 τάτου
2349 2634 2624 2706 Καίσαρος
2662 2637 2691 2690 ὁ
2736 2636 2836 2707 μὲν
2872 2637 3134 2710 νεώτερος
3161 2641 3568 2704 Κωνσταντῖνος
3593 2641 3728 2713 ἀνὴρ

455 2708 760 2763 ncrositate
791 2721 889 2762 sua
925 2705 1152 2776 probata
1184 2706 1238 2760 in
1271 2705 1414 2762 bello
1447 2708 1684 2762 maxime
1715 2717 1907 2763 contra
1935 2705 2044 2764 Ur-

2150 2725 2361 2796 ἀγαθὸς
2403 2700 2696 2799 γενόμενος
2737 2700 3007 2802 ’ἐξαίφνης
3043 2700 3265 2785 aee...
3287 2771 3304 2796 ,
3333 2732 3362 2785 ό
3395 2732 3452 2786 δὲ
3491 2700 3730 2805 «esch

453 2801 672 2862 selium,
720 2813 830 2869 quo
870 2798 1111 2868 seipsum
1149 2813 1270 2869 pro
1319 2799 1496 2854 salute
1551 2799 1720 2870 patris
1771 2801 2044 2859 devovens

457 2903 569 2948 tam
605 2891 846 2963 grat‘iler
877 2899 960 2946 est
992 2889 1308 2946 vulneratus
1333 2897 1392 2944 ut
1420 2905 1591 2960 prope
1625 2893 1920 2963 exsanguis
1951 2908 2043 2948 re-

468 2985 630 3041 dierit
647 2984 990 3056 Byzantium,
1007 2981 1191 3054 ibique
1208 2997 1372 3052 quam
1394 2981 1810 3053 diligentissime
1822 2992 2044 3040 curatus

455 3076 739 3133 doloribus
770 3075 988 3147 quidem
1018 3074 1305 3129 vulnerum
1331 3073 1740 3142 liberatusest,
1779 3075 2044 3148 languore

453 3185 586 3225 vero
615 3171 884 3225 viscerum
915 3175 1201 3236 correptus
1233 3165 1568 3238 hydropicus
1588 3166 1877 3238 judicatus
1905 3176 1989 3225 est
2013 3182 2044 3222 a

456 3262 706 3324 medicis,
731 3267 862 3314 etut
888 3259 1111 3330 gravius
1141 3257 1396 3312 laborans
1425 3271 1589 3328 quam
1618 3258 1710 3328 qui
1739 3258 1919 3330 juvari
1941 3273 2045 3330 ope

452 3354 592 3410 artis
625 3359 812 3422 posset
837 3349 1120 3421 depositus
1159 3357 1324 3416 atque
1349 3349 1723 3404 conclamatus
1747 3357 1828 3405 est
1854 3367 1866 3404 :
1894 3358 2046 3421 post-

454 3461 619 3516 quam
643 3445 780 3510 haec,
804 3442 1054 3514 inquam.
1077 3443 1158 3497 sic
1177 3452 1496 3508 evenerunt,
1511 3452 1564 3497 et
1580 3441 1762 3498 Caesar
1787 3441 2042 3516 inclytam

449 3541 617 3595 vitam
652 3539 706 3592 iu
744 3535 1105 3593 monasticam
1138 3533 1536 3606 professionem
1571 3533 1834 3600 mutavit,
1867 3535 2045 3607 impe-

453 3640 605 3686 rator
631 3628 861 3684 Michael
883 3628 1038 3685 euris
1069 3626 1564 3682 innumerabilibus
1595 3626 2041 3692 conﬂictabatur,

459 3722 679 3795 Scythis
700 3719 923 3793 quidem
950 3717 1244 3774 Thraciam
1273 3727 1323 3772 et
1353 3716 1727 3772 Macedoniam
1759 3718 2045 3772 incursan-

454 3816 625 3879 tibus,
657 3813 947 3869 Slavorum
976 3826 1113 3868 vero
1140 3820 1304 3883 gente
1343 3811 1532 3882 jugum
1585 3809 1838 3865 Romana:
1863 3809 2043 3864 dumi-

455 3907 696 3962 nationis
727 3906 1046 3962 cxcutiente
1079 3905 1479 3979 etBulgariam
1514 3906 1722 3978 rapinis
1764 3917 1927 3978 atque
1952 3907 2042 3962 .iu-

455 3997 668 4054 reudiis
702 4007 902 4068 agente
936 3997 1276 4069 ferenteque.
1307 3996 1477 4070 Scupi
1507 4014 1724 4070 quoque
1751 4009 1807 4054 et
1845 3995 2042 4056 Naisus

454 4093 836 4156 vastabantur,
869 4089 1003 4160 quin
1050 4090 1230 4161 ipsum
1276 4090 1444 4146 etiam
1492 4089 1778 4152 Sirmium.
1828 4100 1885 4146 et
1925 4107 2047 4161 qua:

453 4183 600 4237 circa
645 4182 863 4236 Saviam
905 4196 1122 4235 amnem
1150 4180 1267 4235 sita
1309 4189 1439 4235 sunt
1480 4180 1679 4251 Qppida
1716 4194 1946 4250 quantae
1977 4183 2046 4235 ad

455 4273 652 4328 Istrum
725 4287 896 4342 usque
958 4269 1215 4326 Vidinam
1255 4271 1440 4342 jaceut
1491 4271 1742 4326 civitates
1805 4273 2046 4342 graviter

453 4366 800 4422 laborabant.
848 4363 979 4420 Inde
1031 4379 1228 4420 rursus
1278 4362 1579 4419 Cborobati
1627 4371 1682 4418 et
1726 4361 2044 4418 Diuclcnscs

454 4445 785 4514 rebellantes
821 4457 1136 4514 universum
1163 4455 1439 4526 Illyricum
1475 4453 1831 4510 infestabant.

527 4751 682 4821 101
714 4749 769 4804 2.
804 4747 901 4804 llis
929 4755 1242 4804 commotus
1290 4752 1345 4800 ct
1394 4745 1448 4799 in
1501 4757 1719 4813 gravem
1763 4741 2041 4798 adductus

453 4854 660 4899 metum
722 4842 1021 4912 imperator
1087 4837 1319 4893 Michael
1386 4835 1663 4907 cegitahat
1729 4844 2040 4890 εοηευι·ιειιι

452 4939 694 5006 aliquem
744 4947 1030 4989 assumere
1075 4929 1316 5000 imperii,
1355 4929 1443 4984 cui
1483 4928 1802 4993 secundam,
1827 4927 1932 4982 hoc
1961 4935 2044 4982 est.

450 5027 705 5093 Caesaris,
741 5024 1064 5094 dignitatem
1110 5020 1414 5077 condonet.
1472 5019 1609 5088 Quia
1660 5035 1791 5075 vero
1837 5019 2076 5074 faiuilia.

451 5120 575 5189 ejus
605 5130 660 5174 et
686 5115 1132 5188 consanguinitas
1173 5123 1293 5170 erat
1352 5112 1616 5169 exhausta
1644 5153 1660 5179 ,
1701 5113 2043 5183 consumptis

452 5210 603 5263 varia
635 5209 790 5264 clade
823 5208 1118 5278 plerisque,
1149 5204 1627 5276 circumspiciebat
1655 5205 1804 5258 inter
1829 5220 1925 5259 eos
1947 5203 2043 5274 qui

457 5303 693 5357 honores
719 5301 981 5373 gerebant
1033 5309 1088 5356 et
1117 5316 1216 5356 sua
1249 5300 1423 5371 ipsius
1455 5298 1569 5353 acri
1607 5297 2045 5353 consideratione

2151 2834 2310 2888 τερος
2351 2818 2691 2892 Ἀνδρόνικος
2715 2821 2775 2874 τὸ
2805 2825 3052 2890 γενναῖον
3083 2823 3250 2877 αὑτοῦ
3289 2824 3389 2894 τῆς
3415 2823 3596 2895 ψυχῆς
3627 2841 3731 2880 πα-

2149 2909 2432 2980 ραστήσας
2466 2911 2567 2964 κάν
2613 2910 2692 2982 τῷ
2732 2910 2876 2965 κατὰ
2905 2911 2998 2966 τοῦ
3043 2912 3339 2985 Οὐρσελίου
3379 2913 3604 2986 πολέμῳ
3633 2914 3731 2970 καὶ

2153 3000 2346 3054 ἑαυτὸν
2380 2999 2681 3073 προέμενος
2734 3002 2876 3075 ὑπὲρ
2923 3005 3020 3075 τῆς
3060 3005 3157 3059 τοῦ
3203 3005 3410 3079 πατρὸς
3454 3009 3730 3080 σωτηρίας

2151 3091 2343 3157 δεινῶς
2378 3093 2822 3166 τετραυμάτιστο
2867 3095 2943 3161 ὡς
2983 3098 3185 3170 μικροῦ
3223 3099 3334 3154 δεῖν
3373 3099 3596 3172 ἔξαιμος
3635 3118 3730 3172 γε-

2152 3183 2325 3252 γονὼς
2361 3184 2631 3255 ἐπανῆλθε
2673 3185 2810 3258 πρὸς
2847 3187 2909 3242 τὸ
2945 3188 3276 3258 Βυζάντιον,
3317 3193 3633 3248 ἐπανελθὼν
3672 3193 3731 3248 δὲ

2152 3279 2247 3334 καὶ
2272 3278 2592 3348 ἐπιμελείας
2627 3281 2807 3352 τυχὼν
2835 3281 2918 3337 ὃτι
2959 3283 3223 3357 πλείστης
3249 3285 3359 3340 τῶν
3393 3287 3490 3358 μὲν
3520 3289 3584 3341 ὲκ
3621 3289 3731 3342 τῶν

2150 3367 2484 3439 τραυμάτων
2517 3366 2828 3440 ἀλγηδόνων
2850 3371 3189 3442 ἀπήλλακτο,
3221 3377 3451 3448 καχεξίᾳ
3473 3377 3530 3430 δὲ
3565 3379 3728 3432 σπλά-

2150 3476 2332 3530 γχνων
2370 3458 2656 3530 συσχεθεὶς
2709 3461 2884 3534 ὑδέρῳ
2937 3463 3168 3534 ληφθεὶς
3216 3467 3562 3539 ἀπηγόρευτο
3595 3468 3730 3541 πρδς

2150 3551 2262 3604 τῶν
2309 3551 2546 3623 ἰατρῶν,
2597 3553 2944 3624 άτονησάσης
2980 3555 3082 3626 τῆς
3115 3556 3315 3629 τέχνης
3363 3559 3729 3629 ἐπικουρῆσαι

2150 3644 2229 3715 τῷ
2263 3644 2528 3712 κάμνοντι
2554 3662 2568 3676 °
2611 3645 2736 3700 ἐπεὶ
2775 3645 2908 3716 γοῦν
2950 3646 3096 3703 οὕτω
3135 3649 3311 3704 ταῦτα
3346 3651 3546 3724 συνέϐη
3575 3655 3668 3706 καὶ
3699 3653 3729 3708 ὁ

2153 3737 2371 3810 Καῖσαρ
2401 3738 2492 3792 τὸν
2535 3738 2735 3808 εὐκλεῆ
2766 3738 2880 3809 βίον
2906 3740 2987 3805 είς
3020 3741 3111 3796 τὸν
3138 3742 3426 3814 μοναδικὺν
3469 3746 3734 3815 μετήμει-

2149 3828 2272 3900 qm,
2306 3829 2336 3882 ό
2379 3831 2633 3900 βασιλεὺς
2659 3833 2882 3905 Μιχαὴλ
2921 3833 3169 3906 φροντίσι
3214 3835 3439 3908 μυρίαις
3479 3838 3729 3904 ὲπὰλαιε,

2150 3920 2259 3974 τῶν
2291 3937 2354 3974 τε
2382 3921 2606 3977 Σκυθῶν
2632 3923 2857 3995 Θρᾴκην
2879 3941 2938 3978 τε
2965 3927 3061 3980 καὶ
3091 3925 3436 3981 Μακεδονίαν
3467 3945 3733 4000 κατατρε-

2150 4012 2378 4083 χόντων,
2414 4011 2507 4066 τοῦ
2533 4030 2592 4067 τε
2624 4013 2938 4070 Σθλαϐίνων
2964 4015 3154 4079 ἔθνους
3179 4017 3280 4088 τῆς
3308 4019 3557 4082 δουλείας
3602 4020 3733 4074 Ῥω-

2151 4104 2330 4175 μαίων
2385 4104 2794 4175 ἀφηνιάσαντος
2831 4107 2924 4161 καὶ
2963 4106 3061 4179 τὴν
3110 4107 3438 4179 Βουλγάρων
3479 4109 3734 4184 δηοῦντός

2147 4213 2208 4250 τε
2264 4197 2363 4249 καὶ
2403 4194 2748 4264 ληϊζομένου..
2800 4194 3038 4250 Σκοῦποί
3071 4213 3132 4251 τε
3186 4199 3282 4252 καὶ
3317 4199 3522 4262 Ναῖσος
3563 4200 3734 4269 ἐπορ-

2149 4287 2359 4354 θοῦντο,
2395 4286 2480 4360 [Ρ.
2513 4287 2604 4360 69]
2637 4289 2733 4343 καὶ
2772 4288 2906 4343 αὐτὸ
2933 4289 2998 4362 δὴ
3034 4290 3094 4344 τδ
3120 4291 3350 4364 Σίρμιον
3383 4292 3480 4346 καὶ
3505 4294 3572 4346 τὰ
3603 4293 3734 4362 περὶ

2145 4379 2239 4434 τὸν
2267 4379 2467 4434 Σαῦίαν
2496 4380 2743 4451 ποταμὸν
2773 4381 2954 4454 χωρία
2983 4384 3078 4436 καὶ
3107 4385 3165 4438 αἱ
3201 4384 3520 4456 παρίστριει
3548 4383 3733 4445 πόλεις

2147 4472 2204 4525 αἱ
2260 4471 2423 4543 μέχρι
2484 4470 2715 4544 Βυδίνης
2765 4474 2954 4538 κακῶς
3004 4475 3322 4531 διετίθεντο.
3401 4475 3641 4529 Ἐκεῖθεν
3685 4474 3731 4526 δ’

2148 4561 2306 4628 αὖθις
2368 4563 2686 4634 Χωροόἁτοι
2753 4566 2848 4620 καὶ
2914 4566 3158 4631 Διοκλεΐς
3216 4567 3330 4640 (56)
3392 4569 3731 4630 ἀποστάντες

2145 4655 2294 4709 ἅπαν
2322 4656 2383 4709 τὸ
2419 4656 2711 4728 Ἰλλυρικὸν
2742 4658 2929 4722 κακῶς
2957 4657 3248 4714 διετίθουν.

2223 4746 2291 4820 β’.
2332 4747 2550 4802 Τούτων
2591 4747 2766 4812 οὕτως
2809 4749 3114 4820 γινομένων
3149 4749 3178 4802 ὁ
3207 4748 3471 4820 βασιλεὺς
3512 4749 3732 4822 Μιχαὴλ

2148 4842 2229 4906 εἰς
2268 4841 2386 4906 δέος
2435 4843 2763 4896 ὲκπέπτωκε
2796 4844 2974 4911 μέγα,
3017 4841 3114 4896 καὶ
3141 4841 3443 4895 ἐσκέπτετο
3475 4845 3734 4898 κοινωνόν

2147 4949 2270 4987 τινα
2297 4932 2708 5003 προσλαϐέσθαι
2731 4932 2825 4986 καὶ
2851 4933 2950 5003 τὴν
2979 4931 3243 5002 δευτέραν
3267 4930 3418 5002 αὐτῷ
3435 4933 3734 5003 ἀπονεῖμαι

2145 5023 2335 5097 τιμὴν,
2369 5024 2604 5096 φημὶ-δὴ
2629 5023 2730 5094 τὴν
2757 5021 2852 5077 τοῦ
2884 5023 3184 5093 Καίσαρος.
3229 5023 3383 5077 Ἐπεὶ
3427 5023 3486 5078 δὲ
3511 5024 3572 5078 τδ
3600 5042 3731 5092 συγ.

2149 5115 2307 5185 γενὲς
2361 5114 2528 5170 αὑτοῦ
2573 5114 2724 5169 ἀπαν
2772 5112 3085 5185 καθῄρητο,
3137 5115 3275 5186 πρὸς
3320 5114 3432 5169 τῶν
3485 5116 3545 5168 ὲν
3587 5116 3730 5170 τέλει

2141 5209 2274 5272 τοὺς
2304 5224 2540 5278 στρατηγ
2554 5207 2782 5270 οτάτους
2809 5207 3084 5276 ἀπέϐλεψε
3119 5208 3214 5262 καὶ
3251 5207 3433 5281 ιζήτει
3458 5209 3732 5264 καθ’ἑαυ-

2147 5301 2240 5354 τὸν
2273 5299 2414 5371 μετὰ
2459 5299 2567 5352 τῶν
2618 5298 2994 5370 περιοικιδίων
3041 5300 3134 5353 τὸν
3177 5301 3350 5374 πείρᾳ
3383 5300 3728 5372 πραγμάτιον

454 5395 697 5450 adhibita
727 5404 783 5452 et
808 5394 1239 5452 domesticorum
1270 5393 1460 5448 intime
1491 5391 1848 5446 familiarium
1895 5404 2034 5446 con-

2149 5395 2238 5446 καὶ
2280 5392 2540 5462 φρονήσει
2575 5391 2668 5444 καὶ
2701 5391 2872 5463 ἀρετῇ
2913 5389 3022 5446 τῶν
3051 5391 3228 5448 ἀλλων
3263 5390 3724 5448 πλεονεκτοῦντα.

1491 5554 1700 5620 Caroli
1746 5555 1838 5616 Du
1875 5555 2112 5617 Fresne
2148 5558 2245 5618 Du
2283 5555 2498 5636 Gange
2530 5563 2723 5618 noue.

525 5713 636 5782 (36)
667 5710 998 5784 Χωροὸάτοι
1029 5708 1127 5784 καί
1160 5705 1450 5784 Διρξιλεῖς.
1501 5702 1708 5760 Bellum
1759 5704 1861 5778 hoc

450 5777 672 5843 Annal.
705 5777 838 5841 t.'\'.
878 5793 996 5838 not.
1027 5782 1174 5854 adp.
1211 5777 1299 5832 ιθ.

1918 5703 2220 5782 Scrvicunr
2258 5699 2613 5776 prosequitur
2690 5703 2956 5777 Scylitzcs
3009 5721 3065 5778 p.
3108 5707 3206 5764 851
3257 5715 3310 5764 et
3384 5721 3527 5779 scq.,
3576 5714 3632 5763 ut
3671 5710 3729 5761 et
