4070 6214
465 237 572 307 151

1666 232 2087 299 NICEPHORI
2123 232 2429 296 BRYENN
2439 233 2500 293 [ἱ

3615 230 3717 298 152

465 355 882 426 primogenitant
917 355 1288 412 communium
1319 356 1552 413 ﬁliarum
1592 369 1702 410 non
1753 354 1830 409 illi
1862 353 2038 410 solum

2169 347 2202 400 ίέ
2224 349 2345 401 ταῖν
2375 346 2562 401 ἀλλαιν
2612 346 2948 419 ἐφρόντιζον,
2981 346 3075 402 καὶ
3110 347 3311 419 μᾶλλον
3342 347 3440 418 τῆς
3483 347 3582 419 ήδη
3617 351 3715 419 ρη-

469 448 562 499 nni
593 444 803 516 puellae,
829 448 922 500 sed
945 446 1206 502 fratribus
1231 456 1492 518 praeterea
1509 445 1628 517 ejus
1651 443 2042 511 sororibusque

468 539 840 594 consulerent.
877 537 1010 594 Tres
1039 555 1200 610 porro
1230 541 1367 594 tilias
1401 545 1780 608 susceperant,
1807 549 2041 606 quarum

474 627 750 680 minimam
790 637 918 680 natu
949 625 1294 682 Theodoram
1329 628 1398 682 ab
1430 628 1546 697 ipsa
1585 626 1760 696 prima
1815 623 2046 678 infantia

475 718 583 770 Deo
605 727 876 772 sacratam
902 719 1258 788 virginalibus
1276 721 1480 790 nuptiis
1503 717 1853 772 immaculato
1873 717 2049 786 Spon-

474 827 536 861 so
585 810 1003 878 coniunxerant.
1060 811 1132 867 De
1181 813 1304 867 aliis
1355 811 1573 867 duabus
1615 811 1772 880 107
1829 808 2046 865 solliciti

471 909 649 966 erant,
705 903 939 956 maxime
977 913 1158 959 autem
1215 904 1283 960 de
1332 903 1494 958 modo
1527 912 1828 958 memorata
1875 901 2046 956 lrene.

473 991 606 1046 Erat
631 993 774 1046 enim
803 987 1207 1049 adulescentula
1244 994 1437 1063 gratiis
1463 993 1712 1057 afﬂuens,
1753 991 1928 1048 forma
1955 1008 2052 1062 pa-

475 1083 610 1137 riter
663 1085 908 1155 corporis
965 1097 1018 1140 et
1066 1085 1358 1156 splendore
1415 1101 1628 1139 morum
1690 1083 1925 1156 fulgens.
1982 1083 2053 1139 Ut

477 1185 658 1230 autem
717 1177 880 1247 hujus
927 1178 1166 1249 conjugii
1227 1179 1558 1232 mentionem
1617 1187 1790 1231 mater
1849 1177 2050 1240 intulit,

477 1279 877 1324 concurrerunt
920 1271 1164 1324 certatim
1212 1270 1264 1322 in
1309 1284 1371 1323 ea
1422 1267 1822 1337 comprobanda
1873 1266 2055 1321 Caesar

479 1369 535 1414 et
573 1361 1024 1430 protovestiarius
1057 1363 1192 1431 ipse,
1219 1361 1478 1432 inclytus,
1503 1361 1747 1430 inquam,
1777 1357 2052 1413 Androni-

479 1467 613 1518 cus;
642 1453 734 1523 qui
774 1454 994 1523 quidem
1036 1468 1101 1508 ea
1149 1454 1523 1522 prepositioue
1559 1460 1769 1507 tantum
1825 1458 1910 1504 est
1960 1463 2055 1516 ga-

481 1545 634 1600 visus
673 1554 731 1600 ut
764 1561 902 1615 pene
953 1547 1128 1601 morbi
1178 1547 1612 1602 oblivisceretur.
1664 1545 1847 1611 Quare
1878 1543 2056 1598 venti—

2148 442 2334 514 θείσης
2358 443 2596 513 Εἰρήνης
2616 458 2630 472 ⁸
2663 443 2760 497 καὶ⁸
2787 443 2894 514 γὰρ
2922 439 2991 515 ἦν
3017 444 3259 514 χαρίτων
3300 445 3334 515 ή
3368 445 3550 507 νεᾶνις
3585 444 3717 498 ἀνά-

2147 532 2348 598 πλεως,
2387 533 2508 606 ὥρᾳ
2558 551 2619 587 τε
2681 532 2936 604 σώματος
2989 533 3374 603 διαλάμπουσα
3423 536 3518 588 καὶ
3571 533 3721 603 ήθῶν

2147 623 2422 692 ἀγλαΐαις.
2485 624 2571 687 Ὠς
2621 623 2754 693 γοῦν
2796 626 2829 694 ή
2856 623 3062 694 ταύτης
3112 625 3299 696 μήτηρ
3346 624 3446 695 τὴν
3495 624 3721 696 γνώμην

2149 716 2490 786 εἰσήνεγκεν,
2527 715 2556 768 ὅ
2585 733 2645 769 τε
2676 719 2894 788 Καῖσαρ
2925 716 3116 787 ἐπῄνει
3144 717 3285 771 καὶό
3317 717 3722 787 πρωτοδεστιάσι

2153 825 2288 880 ριος,
2318 810 2346 862 6
2367 807 2596 875 κλεινὸς,
2616 809 2785 879 φημὶ,
2829 809 3187 879 Ἀνδρόνικος,
3205 809 3347 878 ήσθη
3378 808 3474 862 καὶ
3500 811 3722 879 μονονοὺ

2151 903 2365 972 καὶτῆς
2397 903 2553 956 νόσου
2595 902 3012 957 ἐπελανθάνετο.
3064 903 3173 955 Καὶ
3214 901 3545 972 φοιτήσαντὰ
3592 919 3724 955 ποτε

2155 995 2292 1066 πρὸς
2317 995 2482 1048 αὑτὸν
2506 995 2598 1048 τὸν
2650 994 2936 1065 Κομνηνδν
2983 993 3222 1058 Ἀλέξιον
3255 993 3364 1064 ίδία
3389 991 3728 1062 παραλαϐὼν

2153 1087 2484 1142 ἐπυνθάνετο
2543 1091 2592 1141 εί
2655 1087 2899 1156 βούλοιτο
2942 1086 3164 1153 γυναικὶ
3212 1085 3552 1154 συναφθῆναι
3578 1101 3593 1117 ο
3630 1084 3731 1138 καὶ

2155 1181 2264 1252 γὰρ
2295 1180 2433 1251 ἔφθη
2457 1179 2758 1234 ἅποϐιοῦσα
2807 1175 3070 1250 ή’πρώην
3098 1177 3273 1248 τούτῳ
3294 1176 3746 1250 συναρμοσθεῖσαπ

2155 1272 2403 1342 θυγάτηρ
2430 1271 2526 1326 τοῦ
2564 1271 2835 1342 Ἀργυροῦ
2877 1270 2988 1342 (41)
3017 1269 3226 1324 ἐκείνου
3255 1268 3450 1339 ἀνδρὸς
3473 1268 3733 1338 εὐγενοῦς

2156 1365 2250 1416 καὶ
2279 1363 2494 1434 πλούτῳ
2519 1363 2798 1434 κομῶντος
2819 1363 2916 1416 καὶ
2932 1362 3176 1433 κτήσεως
3200 1361 3280 1414 ὅτι
3299 1360 3556 1431 πλείστης
3581 1360 3733 1422 δντος

2156 1455 2442 1510 δεσπότου.
2500 1454 2588 1518 ’ος
2635 1454 2694 1509 δέ
2727 1453 3112 1523 συντιθέμενον
3143 1451 3334 1506 τοῦτον
3357 1443 3539 1522 εὗρεν,
3571 1451 3735 1516 εὐθὺς

2159 1544 2404 1615 περὶτοῦ
2441 1546 2638 1616 κήδους
2670 1543 3034 1615 ἀπήγγελλεν.
3078 1543 3136 1597 '0
3155 1544 3211 1598 δὲ
3261 1543 3629 1608 ξυνετὼτατος
3657 1542 3736 1596 ῶν

481 1642 685 1688 tantem
742 1635 807 1689 ad
859 1651 919 1690 se
967 1635 1128 1691 oilicii
1183 1651 1349 1691 causa
1403 1634 1742 1690 Comnenum
1805 1633 2055 1689 Alexium

2169 1635 2322 1708 εἴπερ
2361 1635 2635 1700 τιςᾶλλος
2665 1636 2773 1689 τῶν
2813 1635 2951 1689 νέων
2981 1634 3126 1706 ἥσθη
3167 1636 3266 1705 μὲν
3296 1634 3374 1706 τῷ
3402 1633 3736 1704 ἀκούσματι,

481 1739 608 1780 cum
644 1726 896 1796 privatim
927 1729 1650 1800 aggressusintermgasset,
1684 1725 1878 1796 ecquid
1901 1726 2062 1781 vellet

2169 1703 2374 1798 ἀνήρτα
2397 1726 2443 1780 δ’
2471 1727 2622 1797 ὅμως
2685 1726 2754 1780 τὰ
2797 1726 2928 1797 περὶ
2975 1703 3178 1780 τούτου
3212 1724 3292 1795 τῷ
3327 1703 3596 1794 θελήματι
3636 1725 3740 1793 τῆς

484 1833 713 1872 uxorem
776 1819 974 1872 dueere
1024 1819 1169 1890 (nam
1219 1820 1384 1890 paulo
1433 1827 1557 1874 ante
1595 1819 1775 1873 vivere
1825 1817 2062 1873 desierat

485 1923 648 1977 quam
683 1909 728 1964 is
756 1911 856 1964 sibi
888 1924 1060 1978 nuper
1099 1910 1464 1980 desponderat
1510 1910 1615 1964 filia
1668 1909 1860 1980 Argyri
1915 1907 2064 1961 illius

484 2000 588 2055 viri
639 2002 839 2057 nobilis
895 2011 948 2057 et
1003 2001 1234 2072 pecunia
1288 2001 1835 2071 possessionibusque
1885 1998 2064 2053 omnis

486 2094 702 2164 generis
730 2093 1122 2164 abundantis);
1161 2105 1218 2149 ut
1248 2105 1428 2149 autem
1474 2093 1863 2150 assentientem
1912 2090 2067 2144 inve-

487 2187 588 2249 nit.
646 2187 937 2258 cogitatam
992 2185 1306 2241 aﬂiuitatem
1356 2186 1591 2255 aperuit.
1642 2183 1741 2240 llic
1800 2183 1891 2238 ille
1949 2197 2066 2236 om—

490 2280 640 2333 nium
669 2278 1128 2348 prudentissimus
1156 2277 1372 2346 juvenis
1424 2292 1535 2332 rem
1566 2276 1785 2346 quidem
1819 2274 2066 2345 probavit

491 2379 545 2424 et
573 2369 946 2439 propositione
971 2367 1273 2422 delectatus
1303 2376 1407 2429 est,
1440 2367 1766 2434 significavit
1793 2375 1974 2419 tamen
2008 2380 2068 2418 se

492 2460 729 2532 pendere
785 2459 840 2512 in
888 2459 993 2513 hoc
1035 2474 1101 2512 ex
1154 2458 1432 2511 voluntate
1483 2457 1695 2511 matris.
1755 2455 1946 2522 Magna
1979 2455 2070 2508 hic

493 2549 785 2618 occupatio
811 2547 953 2600 facta
992 2556 1074 2601 est
1105 2546 1376 2600 universa:
1401 2545 1633 2602 Caesaris
1681 2546 1891 2608 domui,
1950 2543 2071 2614 pul-

493 2637 767 2699 cherrima
796 2636 1089 2691 Andronici
1117 2636 1349 2708 conjuge
1378 2636 1671 2692 familiares
1703 2650 1895 2691 omnes
1917 2633 2071 2689 adh?-

494 2729 676 2785 bente.
702 2737 1040 2799 urgenteque
1074 2736 1133 2782 ut
1173 2743 1272 2798 pro
1309 2744 1366 2784 se
1419 2729 1650 2799 quisque
1680 2727 2073 2783 contenderent

495 2822 552 2877 in
600 2819 935 2890 expediendo
984 2821 1204 2890 negOtio
1236 2835 1342 2875 non
1385 2820 1614 2875 modicis
1666 2817 2074 2876 difﬁcultatibus

496 2912 778 2982 impedito.
807 2910 942 2967 Nam
980 2927 1157 2982 neque
1191 2912 1503 2983 imperatori
1530 2913 1779 2980 placebat
1804 2912 1854 2966 ei
1885 2912 2070 2983 generi

497 3006 754 3078 conjungi
792 3007 1019 3076 nuptiali
1062 3006 1466 3062 necessitudine
1493 3006 1859 3073 Comuenum,
1899 3021 2075 3076 neque

497 3101 556 3153 in
586 3099 690 3153 hoc
733 3099 1104 3170 propendebat
1134 3099 1308 3169 ipsius
1334 3099 1597 3156 Comueni
1655 3107 1828 3155 mater
1852 3100 2076 3170 antiqua

498 3191 800 3248 offensione
822 3207 851 3246 a
883 3190 1098 3248 Caesare
1128 3207 1191 3248 ac
1220 3192 1427 3248 familia
1472 3193 1705 3248 Caesaris
1747 3193 2075 3247 abhorrens.

498 3278 770 3339 Praeterea
814 3282 983 3339 frater
1013 3283 1362 3354 imperatoris
1401 3283 1906 3357 Porphyrogenitus
1931 3285 2078 3339 Con-

498 3375 774 3431 stantinus
801 3376 1154 3433 vehementer
1204 3392 1395 3432 amans
1449 3391 1777 3448 generosum
1825 3376 2076 3432 Alesiam

497 3482 607 3522 non
641 3468 985 3538 permittebat
1013 3469 1117 3538 ipsi
1147 3477 1205 3522 ut
1231 3469 1287 3524 in
1328 3469 1546 3540 nuptias
1591 3483 1714 3524 cum
1767 3466 1952 3523 fratris
1995 3467 2081 3524 sui

501 3559 735 3614 Cmsaris
785 3569 942 3629 nepte
986 3561 1363 3616 consentiret:
1401 3572 1519 3615 erat
1567 3561 1712 3614 enim
1768 3559 1869 3630 ipsi
1922 3573 2080 3614 soror

499 3663 634 3705 natu
671 3651 930 3717 grandior
957 3649 1067 3706 Zoe
1111 3651 1351 3716 nomine,
1406 3666 1571 3722 quam
1620 3652 1814 3708 Alexio
1867 3651 2082 3705 volebat

502 3757 730 3796 uxorem
755 3741 907 3796 dare.
959 3741 1064 3797 Tot
1096 3742 1396 3800 obstaculis
1425 3744 1729 3800 destinatas
1758 3745 1934 3798 Alexii
1955 3759 2082 3798 cum

504 3830 660 3887 h‘cnc
704 3832 919 3901 nuptias
953 3832 1115 3902 108
1151 3834 1492 3888 morantibus
1529 3848 1636 3888 non
1684 3835 1896 3889 remisit
1951 3848 2086 3890 con-

505 3923 804 3979 tentionem
833 3924 1260 3994 prudentissima
1299 3925 1497 3982 mulier
1527 3925 1710 3982 lrenes
1741 3936 1935 3993 mater,
1985 3940 2086 3982 nec

505 4014 654 4069 dedit
683 4027 937 4070 somnum
966 4015 1164 4082 oculis,
1189 4032 1291 4073 nec
1318 4017 1762 4076 dormitationem
1787 4018 2084 4091 palpebris,

504 4122 608 4163 nec
640 4108 877 4178 denique
911 4109 1160 4178 pecuniis
1209 4109 1452 4182 pepercit
1485 4111 1664 4182 quoad
1713 4111 2088 4182 pulcherrimo

501 4200 765 4268 juvenum
792 4201 1222 4270 pulcherrimam
1250 4203 1526 4276 virginum
1557 4205 1854 4276 copulavit,
1887 4206 2087 4262 Alexio

408 4369 412 4374 Ι
506 4292 741 4348 lrenem.
791 4295 873 4350 Ac
915 4304 1064 4366 pater
1108 4296 1328 4368 quidem
1371 4298 1597 4369 virginis
1638 4307 1764 4371 post
1814 4299 2088 4356 celebrata

2167 1818 2394 1890 μητρός.
2439 1819 2529 1873 Ἐν
2567 1819 2776 1888 ἀγῶσιν
2825 1813 2919 1874 οὖν
2965 1817 3128 1882 εὐθὺς
3179 1818 3326 1882 ἅπας
3377 1819 3407 1872 6
3453 1811 3600 1880 οἶκος
3642 1815 3741 1869 τοῦ

2165 1911 2465 1979 Καίσαρος,
2489 1911 2585 1979 τῆς
2616 1911 2910 1980 καλλίστης
2949 1909 3136 1963 πασῶν
3166 1908 3445 1978 γυναικῶν
3468 1908 3744 1980 διεγειρά-

2168 2023 2268 2076 σης
2323 2003 2408 2077 [Ρ.
2447 2003 2538 2076 75]
2583 2005 2731 2059 ἀπαν
2783 2003 2846 2057 τὸ
2903 2003 3309 2075 θεραπευτικὸν
3357 2002 3453 2055 καὶ
3494 2001 3744 2056 οἰκίδιον.

2168 2095 2307 2151 Οὔτε
2347 2097 2454 2168 γὰρ
2483 2095 2562 2167 τῷ
2612 2096 2828 2167 βασιλεῖ
2887 2095 3168 2166 πρόθυμον
3218 2090 3288 2165 ἦν
3330 2095 3390 2147 τὸ
3421 2093 3511 2146 διὰ
3547 2092 3749 2163 κήδους

2171 2187 2509 2256 συναφθῆναι
2544 2187 2622 2258 τῷ
2671 2187 2863 2240 τούτου
2913 2187 3066 2257 γένει
3091 2190 3184 2240 τὸν
3234 2184 3538 2255 Κομνηνὸν,
3569 2181 3682 2237 οὔθ’
3709 2185 3748 2252 ἠ

2173 2280 2360 2350 μήτηρ
2402 2278 2594 2332 τούτου
2647 2278 2929 2350 πρόθυμος
2989 2274 3058 2348 ἦν
3113 2277 3352 2349 ἀρχαίαν
3401 2276 3598 2344 ἔχουσα
3645 2275 3750 2344 τὴν

2170 2368 2493 2438 δυσμένειαν
2513 2369 2648 2438 πρὸς
2675 2368 2934 2441 Καίσαρά
2959 2385 3018 2421 τε
3035 2367 3129 2421 καὶ
3159 2365 3258 2439 τὴν
3285 2366 3464 2421 οἰκίαν
3487 2365 3582 2419 τοῦ
3613 2366 3753 2420 Καί-

2175 2477 2360 2531 σαρος,
2399 2459 2428 2512 ὃ
2463 2477 2524 2512 τε
2561 2460 2664 2530 μὴν
2693 2459 2787 2513 τοῦ
2813 2459 3141 2530 κρατοῦντος
3176 2459 3508 2527 αὐτάδελφος
3544 2459 3574 2510 6
3601 2457 3753 2526 I109-

2175 2550 2575 2622 φυρογέννητος
2619 2553 3026 2616 Κωνσταντῖνος
3049 2551 3254 2622 σφόδρα
3293 2550 3466 2620 φιλῶν
3505 2548 3595 2603 τὸν
3625 2564 3756 2616 γεν-

2176 2645 2324 2696 ναῖον
2359 2641 2596 2708 Ἀλέξιον
2628 2642 2689 2696 οὐ
2714 2643 3011 2715 συνεχώρει
3036 2642 3210 2710 τούτῳ
3242 2643 3335 2697 τὸν
3366 2643 3544 2713 γάμον
3569 2638 3757 2694 ἀσπά-

2178 2735 2376 2789 σασθαι
2407 2734 2498 2787 τὸν
2528 2736 2626 2805 τῆς
2653 2735 2864 2788 ἐκείνου
2894 2736 3115 2804 ἀνεψιᾶς
3137 2751 3150 2766 ’
3170 2731 3239 2807 ἦν
3255 2734 3363 2807 γὰρ
3380 2733 3529 2804 αὐτῷ
3549 2730 3758 2802 ἀδελφὴ

2179 2825 2550 2897 πρεσϐυτέρα,
2585 2826 2709 2894 Ζωὴ
2738 2825 2801 2879 τὸ
2842 2825 3033 2897 δνομα,
3064 2826 3134 2896 ἢν
3178 2825 3433 2880 ἐϐούλετο
3452 2824 3625 2894 τούτῳ
3660 2840 3759 2876 συ-

2181 2917 2389 2984 ζεῦξαι.
2422 2918 2709 2972 Τοσούτων
2763 2917 2947 2972 τοίνυν
2971 2918 3143 2972 ὄντων
3202 2917 3312 2972 τῶν
3340 2916 3611 2988 ἐμποδίων
3653 2916 3762 2971 οὐκ

2101 3031 2146 3093 C
2180 3013 2382 3084 ἀνῆκεν
2403 3015 2439 3085 ή
2479 3015 2826 3086 συνετωτάτη
2873 3013 3068 3067 πασῶν
3092 3012 3390 3082 γυναικῶν,
3420 3011 3530 3066 οὐδ’
3555 3009 3762 3063 ἔδωκεν

2183 3105 2352 3162 ὕπνον
2381 3109 2494 3170 τοῖς
2522 3105 2825 3176 ὀφθαλμοῖς
2843 3104 2965 3158 ούδέ
2980 3104 3294 3174 νυσταγμδν
3309 3106 3422 3167 τοῖς
3441 3103 3760 3174 βλεφάροις,

2180 3200 2304 3253 οὐδέ
2339 3199 2638 3271 χρημάτων
2689 3197 2951 3266 ἐφείσατο
2986 3196 3096 3251 ἔστ’
3133 3198 3200 3251 ἂν
3246 3196 3325 3267 τῷ
3355 3194 3632 3265 καλλίστῳ
3651 3192 3766 3246 τῶν

2183 3291 2412 3346 νεανιῶν
2463 3292 2562 3362 τὴν
2613 3289 2910 3360 καλλίστην
2949 3288 3378 3360 ἐμνηστεύσατο.
3427 3287 3484 3340 'U
3524 3285 3626 3356 μὲν
3668 3283 3766 3338 οῦν

2185 3382 2370 3453 πατὴρ
2401 3382 2542 3452 μετά
2568 3381 2670 3452 τὴν
2694 3381 2994 3453 μνηστείαν
3039 3380 3247 3452 βραχύν
3275 3397 3395 3434 τινα
3425 3379 3617 3449 χρόνον
3640 3378 3770 3428 ἐπι-

2186 3476 2338 3538 ϐιοὺς
2374 3473 2629 3528 ἐτελεύτα
2659 3473 2746 3525 ἐπ’
2769 3473 3004 3542 ἀγαθαῖς
3032 3475 3153 3537 ταῖς
3174 3471 3354 3527 ἐλπίσι
3371 3471 3470 3542 τὴν
3501 3467 3770 3539 φιλτάτην

2189 3569 2358 3623 παῖδα
2389 3566 2726 3622 καταλιπών.
2770 3567 2911 3620 Ἀλλ’
2942 3563 3097 3630 αὖθις
3123 3568 3287 3637 νικᾷν
3327 3565 3546 3618 ἐδόκουν
3581 3564 3629 3615 oi
3663 3579 3768 3614 πο-

2188 3657 2368 3730 νηροὶ,
2409 3661 2508 3713 καὶ
2552 3658 2582 3711 6
2627 3657 2803 3728 γάμος
2847 3656 2906 3709 si:
2961 3655 3306 3727 παρετίθετο,
3365 3653 3474 3705 τῶν
3525 3649 3771 3721 ἀρχῆθεν

2187 3749 2376 3805 κακῶν
2413 3750 2890 3821 ἐπεισερχομένων
2915 3749 3016 3820 τήν
3043 3746 3137 3801 τοῦ
3158 3745 3421 3817 βασιλέως
3445 3743 3730 3812 ἁπλότητα
3749 3755 3768 3771 ⁶

2187 3841 2330 3894 οὕτω
2352 3839 2462 3912 γὰρ
2493 3841 2608 3909 ἐγὼ
2659 3838 2950 3907 καλῶκτὴν
2993 3838 3206 3890 ἐκείνου
3253 3833 3586 3902 κουφότητα.
3624 3826 3770 3880 Ἀλλ’

2192 3935 2490 4006 ὑπερενίκα
2517 3934 2682 3990 πάλιν
2719 3932 2788 3986 τά
2836 3930 2937 4001 τῆς
2969 3929 3256 3999 Προνοίας,
3283 3927 3380 3980 καὶ
3418 3925 3488 3978 τά
3513 3921 3605 3976 τοῦ
3635 3919 3772 3989 φθό-

2191 4044 2284 4081 νου
2313 4026 2390 4090 ob;
2430 4026 2640 4098 σμῆνος
2685 4025 2752 4078 ἐκ
2781 4022 2993 4078 καπνοῦ
3051 4019 3327 4090 ὑπεχώρει
3363 4017 3459 4070 καὶ
3503 4012 3770 4073 διελύετο,

2193 4117 2286 4171 καὶ
2314 4117 2362 4170 οἱ
2393 4115 2576 4180 καλῶς
2628 4112 3054 4186 μνηστευθέντες
3083 4112 3201 4181 μετ’
3227 4109 3287 4162 ού
3319 4107 3456 4161 πολὺ
3508 4103 3607 4159 καὶ
3630 4118 3774 4172 νυμο

2191 4209 2304 4280 φίοι
2330 4207 2730 4278 ἀπεδείχθησαν
2760 4205 3056 4261 κάλλιστοι.
3081 4203 3185 4256 Τὸν
3222 4200 3278 4254 δέ
3302 4199 3504 4270 τρόπον
3533 4192 3774 4266 ἐροῦμεν

2192 4303 2289 4356 ἐπὶ
2329 4301 2427 4373 τὴν
2476 4299 2718 4373 ἀρχῆθεν
2795 4296 3121 4353 ἀκολουθίαν
3195 4291 3602 4364 ἀναδραμόντες
3670 4285 3775 4340 τοῦ

507 4385 790 4454 sponsalia
815 4388 966 4443 brevi
1009 4398 1290 4460 superstes
1335 4392 1515 4462 spatio
1552 4392 1789 4449 decessit
1823 4394 1880 4449 in
1927 4394 2088 4451 bonis
2111 4384 2165 4443 D
2193 4396 2378 4464 λόγου.

507 4478 712 4549 spebus
742 4480 1125 4537 charissimam
1157 4481 1324 4536 tiliam
1358 4481 1699 4554 relinquens.
1755 4481 1861 4538 Sed
1921 4499 2119 4541 rursus
2194 4487 2415 4542 vincere
2465 4483 2793 4541 videbantur
2842 4483 3093 4538 mali:et
3147 4493 3450 4538 consensus
3499 4478 3555 4533 in
3609 4475 3783 4531 hasce

508 4574 728 4645 nuptias
779 4583 931 4631 recta
985 4575 1371 4641 recusabatur,
1422 4577 1604 4646 pravis
1656 4577 1972 4636 hominibus
2024 4589 2088 4635 ut
2150 4580 2358 4637 dudum
2416 4580 2665 4637 solebant
2703 4577 3053 4650 imperatoris
3120 4572 3457 4647 simplicitati
3505 4570 3687 4626 denuo
3720 4570 3778 4625 in

510 4687 674 4728 suum
707 4681 973 4743 quzestum
1027 4670 1442 4741 obrepentibus.
1503 4669 1924 4742 Simplicitatem
1987 4687 2121 4729 voco
2149 4688 2272 4744 quas
2324 4673 2520 4730 levitas
2558 4671 2701 4730 forte
2741 4672 2940 4728 melius
3000 4671 3299 4728 diceretur.
3348 4667 3550 4723 Verum
3584 4665 3650 4719 ad
3681 4680 3781 4720 ex-

511 4775 749 4819 tremum
809 4761 1094 4833 superavit
1140 4763 1506 4834 providentia,
1560 4775 1614 4820 et
1655 4779 1846 4822 omnes
1893 4765 1973 4820 illi
2018 4765 2088 4821 ab
2123 4765 2327 4824 invidia
2373 4769 2565 4825 structi
2620 4779 2921 4840 apparatus
2951 4768 3032 4823 sic
3092 4771 3459 4827 evanuerunt,
3510 4770 3568 4815 ut
3597 4757 3783 4813 solent

512 4859 734 4913 admoto
761 4858 911 4912 fumo
932 4872 1060 4928 apes
1090 4856 1301 4929 fugere.
1334 4857 1395 4913 Ei
1427 4860 1521 4929 qui
1550 4860 1825 4930 sponsalia
1884 4841 2290 4918 celebraverant
2346 4865 2695 4934 postmodum
2747 4862 3002 4933 legitimis
3039 4862 3142 4917 rite
3211 4859 3416 4928 nuptiis
3479 4865 3610 4912 sunt
3642 4867 3781 4910 cou-

510 4954 704 5022 juncti.
738 4951 1023 5018 Quomodo
1062 4952 1117 5007 id
1155 4953 1443 5024 contigerit
1495 4964 1680 5024 postea
1714 4955 1946 5020 dicetur,
2003 4955 2097 5010 ubi
2136 4955 2284 5013 hunc
2317 4973 2625 5014 sermonem
2653 4971 3020 5014 resumcmus.

589 5049 641 5102 7.
702 5047 942 5104 Joannes
1007 5050 1334 5122 Bryennius,
1398 5051 1557 5121 cujus
1625 5051 1790 5121 paulo
1845 5051 2065 5122 superiu

2276 5054 2344 5119 ζ’.
2379 5053 2438 5108 ὐ
2465 5055 2756 5126 Βρυὲννιος
2795 5051 3069 5122 Ἰωάννης,
3098 5043 3161 5105 οῦ
3195 5049 3300 5119 πρὸ
3323 5049 3555 5120 βραχέος
3573 5046 3602 5099 6
3625 5045 3788 5114 λόγος

516 5143 658 5200 facta
683 5153 766 5198 est
820 5145 1049 5211 mentio,
1097 5147 1288 5202 videns
1347 5144 1572 5200 fratrem
1629 5153 1980 5200 cunctantem
2042 5159 2067 5199 e

2206 5145 2475 5217 ἐμνήσθη,
2496 5146 2639 5217 ὁρῶν
2669 5145 2763 5199 τὸν
2780 5143 3011 5213 ἀδελφὺν
3042 5143 3122 5196 ἔτι
3149 5141 3413 5210 μέλλοντα
3429 5141 3526 5192 καὶ
3552 5134 3790 5190 ἀνα-δυό·

516 5240 967 5309 tcrgiversantcm
1003 5255 1067 5294 ac
1095 5241 1244 5294 omni
1270 5254 1373 5310 ope
1396 5239 1570 5294 vitare
1599 5238 1911 5309 cupientem
1943 5254 2012 5294 ne
2041 5239 2067 5292 i1

2211 5256 2373 5310 μενον
2404 5239 2499 5293 καὶ
2525 5239 2806 5309 διαδρᾶναι
2837 5237 2912 5300 ὡς
2933 5232 3045 5290 οἷόν
3071 5253 3131 5288 τε
3167 5233 3466 5287 σπεύδοντα
3489 5230 3522 5300 ἢ
3553 5231 3631 5291 είς
3652 5228 3792 5280 ἀπο-

517 5331 879 5388 del'cetionem
918 5341 974 5388 et
1004 5332 1353 5388 rebellionem
1410 5331 1805 5402 implicaretur,
1855 5330 2067 5387 decrevi

2209 5332 2438 5386 στασίαν
2471 5330 2745 5403 χωρῆσαι,
2773 5329 2884 5384 δεῖν
2933 5327 3090 5400 ᾠήθη
3145 5323 3566 5397 παρασκευάσαι
3597 5318 3795 5373 τοῦτον

1557 5469 1760 5534 Caroli
1791 5472 1883 5534 Du
1913 5471 2150 5533 Fresne
2175 5469 2269 5532 Du
2297 5472 2503 5551 Gange
2531 5475 2723 5533 notua.

595 5563 1236 5735 ξέιέῐέἷῖδὶἔυροῦξριιὶε
1289 5606 1380 5662 ille
1422 5605 1684 5676 Argyrus,
1756 5603 2012 5675 pluribus
2048 5603 2418 5676 disceptamus
2497 5605 2558 5689 in
2629 5601 2884 5658 Familiis
2956 5599 3293 5672 Byzantinis,
3328 5589 3520 5651 ubidc
3548 5586 3800 5661 Argyra-

521 5697 646 5741 I’lllll
675 5693 903 5737 tamuta.
2081 5723 2086 5727 .
