4088 6208
407 266 513 330 Ηυξ

1576 269 2123 334 HISTORIARUM
2160 275 2237 335 LI
2249 277 2309 336 Β.
2350 275 2470 339 ΙΙΙ.

3567 277 3670 342 151.

411 376 510 422 καὶ
553 373 753 428 ἄκοντα
799 369 898 426 τοῦ
945 367 1108 441 ἔργου
1159 371 1422 444 ἅψασθαι.
1469 372 1607 438 Τοὺς
1647 373 1990 445 προῦχοντας

2106 378 2196 435 sibi
2229 380 2570 436 cﬂicieudum
2603 389 2661 436 ut
2691 381 2914 437 omnino
2952 382 2996 438 is
3022 382 3333 452 adigeretur
3381 396 3676 454 quantum-

411 460 594 513 τοίνυν
641 468 850 522 πάντας
900 457 1001 526 τῆς
1061 455 1267 522 πόλεως
1327 459 1652 529 κοινωνῆσαι
1706 460 1776 512 αὖ
1789 460 1856 530 τῷ
1898 460 1994 513 τοῦ

413 552 730 619 σκέμματος
790 548 987 611 πείσας
1011 549 1103 602 καὶ
1135 549 1236 621 τὴν
1283 549 1726 621 Ἀδριανούπολιν
1772 550 1996 605 ἃπασαν

413 642 554 707 ὑπὲρ
605 637 780 692 αὑτοῦ
825 639 1198 708 ποιησάμενος
1257 641 1468 711 συχνῶς
1503 642 1855 711 μετεκαλεῖτο
1903 643 1995 695 τὸν

409 730 662 799 ἀδελφόν.
705 731 862 783 Ἐπεὶ
907 730 954 784 δ’
989 730 1281 784 ἀνθίστατο
1332 733 1454 795 ταῖς
1491 732 1684 788 τούτου
1733 733 1996 803 πράξεσιν

409 824 440 873 ὁ
467 821 956 893 Ταραχανειὼτης,
1018 822 1157 892 ἀνὴρ
1187 822 1306 886 νέος
1357 821 1458 892 μὲν
1503 823 1586 876 ἔτι
1629 824 1996 886 συνετώτατος

410 915 458 970 δ’
495 914 656 986 εἴπερ
688 931 774 978 τις
803 915 963 980 ἄλλος
1004 917 1100 968 καὶ
1151 916 1584 986 φρονιμώτατος,
1614 917 1708 969 καὶ
1738 917 1876 987 πρὸς
1903 916 1996 968 τιν

415 1007 642 1078 βασιλέα
673 1009 769 1062 καὶ
795 1007 886 1060 τὸν
923 1006 1218 1077 λογοθέτην
1265 1008 1553 1062 ἐπέστελλε
1579 1007 1758 1079 ζητῶν
1776 1009 1997 1062 ἐπικου-

419 1102 583 1170 ρῆσαι
604 1099 694 1153 διὰ
717 1099 1148 1169 στρατεύματος,
1175 1099 1249 1164 ὡς
1273 1100 1572 1171 δυνηθῆναι
1595 1101 1693 1172 τὴν
1714 1099 1999 1170 άνάψασαν

417 1189 521 1260 ἠδη
551 1192 894 1244 ἀποστασίαν
919 1191 1192 1247 καθελεῖν.
1229 1185 1389 1246 Οὗτοι
1416 1192 1474 1246 δὲ
1521 1190 1622 1244 εἴτ’
1661 1191 1999 1263 ἀποροῦντες

419 1283 770 1354 στρατιωτῶν
799 1284 897 1338 εἰτ’
939 1284 1159 1353 ἀμελῶς
1191 1284 1328 1350 πρὸς
1358 1283 1418 1337 τὸ
1448 1283 1612 1352 ιργον
1633 1281 1998 1352 διατιθέμενοι

418 1376 674 1443 οὐδεμίαν
699 1373 848 1445 αὖτῷ
875 1375 1126 1445 βοήθειαν
1161 1375 1601 1444 ὲκπεπόμφασιν.
1649 1374 1766 1442 Ἐφ’
1806 1373 1999 1436 ἱκανάς

416 1466 632 1536 ἡμέρας
695 1465 790 1520 οὖν
871 1467 1141 1538 ἀντισχὼν
1191 1467 1267 1530 ὡς
1321 1466 1469 1536 ἑώρα
1515 1465 2000 1536 ὁμοφρονήσαντας

416 1557 666 1620 ἅπαντας
694 1557 788 1610 καὶ
823 1556 1015 1610 ἑαυτὸν
1049 1557 1135 1630 [Ρ.
1173 1555 1264 1628 74]
1297 1557 1378 1620 είς
1424 1557 1669 1610 κίνδυνον
1713 1551 2000 1627 προῦπτον

416 1645 784 1712 κατα-στάντα,
820 1647 1016 1717 μικρὸν
1038 1645 1275 1700 ἐνεδίδου
1307 1645 1408 1716 τῆς
1436 1645 1640 1715 πολλῆς
1669 1646 1997 1710 ένστάσεως,

2097 471 2182 526 vis
2220 473 2424 527 invitus
2453 489 2567 527 rem
2619 490 2926 545 capessere.
2981 475 3116 530 Cum
3171 477 3334 546 igitur
3363 477 3513 532 cives
3539 493 3673 534 suos

2096 562 2543 633 Adrianopolitas
2579 567 2862 622 universos
2945 568 3280 637 primoribus
3343 569 3494 637 prius
3567 570 3673 625 sibi

2097 653 2365 710 devinctis
2418 656 2470 708 in
2527 670 2681 710 suam
2741 660 3070 712 sententiam
3143 659 3416 719 traxisset.
3479 661 3673 714 crebro

2097 745 2358 801 invitabat
2385 756 2438 800 et
2466 749 2777 802 accersebat
2801 748 3050 814 fratrem,
3104 751 3423 820 interposito
3449 753 3675 807 nomine

2097 836 2288 905 patriae
2335 838 2646 894 communis
2707 838 2882 907 ipsulm
2939 841 3004 893 atl
3063 857 3343 895 summum
3407 843 3672 897 honorem

2097 926 2440 981 concorditer
2489 929 2754 983 vocantis.
2815 929 3080 984 Obstabat
3133 947 3262 985 vero
3338 931 3423 986 his
3481 946 3675 986 eorum

2097 1016 2291 1084 coeptis
2321 1015 2772 1082 Tarachaniotcs,
2801 1018 3018 1088 juvenis
3056 1020 3144 1074 ille
3171 1021 3389 1089 quidem
3425 1021 3517 1075 sed
3547 1038 3677 1091 pru-

2097 1106 2233 1160 dens
2264 1106 2309 1162 si
2339 1107 2633 1178 quisquam
2671 1111 2814 1164 alius
2859 1119 2912 1164 et
2961 1111 3135 1165 solers
3167 1111 3426 1164 maxime.
3479 1111 3576 1166 Hic
3610 1113 3678 1167 ad

2101 1195 2484 1265 imperatorem
2550 1211 2714 1270 atque
2765 1200 2831 1255 ad
2891 1201 3224 1272 logotbetam
3282 1203 3479 1258 litteris
3530 1204 3676 1259 datis

2105 1287 2264 1358 109
2312 1289 2514 1358 saepius
2557 1291 2809 1362 exposuit
2842 1307 2954 1347 rem
3009 1307 3258 1359 omnem,
3295 1294 3435 1349 mitti
3492 1295 3680 1364 copias

2100 1394 2428 1447 exposcens,
2458 1396 2580 1452 (ιυω
2617 1391 3009 1440 tumescentem
3051 1384 3163 1453 jam
3188 1395 3243 1441 et
3288 1401 3415 1441 mox
3454 1396 3682 1457 eruptu-

2100 1482 2217 1523 ram
2252 1478 2466 1526 mature
2493 1470 2930 1540 conjurationem
2952 1473 3350 1543 opprimerent.
3381 1475 3462 1529 llli
3490 1483 3672 1529 autem

2101 1558 2216 1614 sive
2257 1559 2457 1616 milites
2488 1561 2554 1616 ad
2609 1577 2831 1617 manum
2886 1577 2992 1617 non
3048 1563 3333 1627 baberent,
3390 1565 3507 1618 sive
3561 1578 3677 1617 rem

2103 1649 2466 1720 negligerent,
2501 1651 2710 1707 nullum
2744 1653 2845 1723 ipsi
2877 1653 3140 1708 auxilium
3169 1654 3458 1708 miserunt.
3497 1651 3684 1708 Perse

415 1739 511 1792 κλὶ
566 1737 666 1806 τῆς
729 1738 1041 1807 Βρυεννίων
1095 1738 1300 1809 μητρὸς
1329 1738 1428 1806 τῆς
1487 1736 1999 1808 κουροπαλατίσσης
2031 1722 2072 1779 Β

419 1828 623 1898 ’Δννης
652 1828 742 1882 διὰ
779 1828 976 1900 κήδους
1006 1827 1244 1897 συνάψαι
1282 1827 1474 1880 τοῦτον
1505 1829 1616 1891 τοῖς
1645 1829 1802 1881 παισὶ
1839 1845 2004 1898 μηνυ-

2101 1741 2308 1795 veravit
2339 1749 2518 1798 tamen
2553 1743 2608 1797 in
2662 1743 2768 1799 fide
2816 1745 2897 1800 sle
2933 1744 3186 1800 desertus
3220 1744 3418 1800 diehus
3449 1744 3679 1814 aliquot.

2101 1829 2206 1886 Sed
2267 1841 2453 1901 postea
2510 1848 2634 1888 cum
2699 1835 2940 1906 denique
2999 1835 3210 1891 videret
3270 1836 3682 1892 consentientes

417 1918 590 1988 σάσης
614 1918 1052 1989 ξυγκατετίθετο,
1106 1919 1201 1974 καὶ
1225 1918 1325 1989 τὴν
1353 1918 1546 1972 τούτου
1577 1919 1815 1989 ἀδελφὴν
1850 1918 2002 1972 Ἑλέα

2106 1929 2287 1976 contra
2323 1923 2613 1978 universos
2642 1940 2806 1994 seque
2839 1926 2890 1979 in
2926 1927 3180 1995 praesenti
3229 1926 3472 1995 periculo
3519 1936 3668 1981 stare

415 2028 515 2080 νην
553 2010 742 2064 κάλλει
803 2027 864 2064 τε
915 2011 1334 2083 διαλάμπουσαν
1381 2012 1477 2066 καὶ
1533 2013 1858 2083 κοσμιότητι
1889 2013 2005 2066 τῶν

2106 2013 2322 2083 paulum
2355 2017 2565 2072 remisit
2601 2018 2666 2072 de
2692 2019 3032 2074 vehementia
3066 2020 3267 2089 prioris
3302 2020 3466 2074 studii
3500 2019 3678 2074 adeo-

416 2101 623 2170 ἡλίκων
671 2101 860 2157 πασῶν
913 2103 1334 2174 ὑπερφέρουσαν
1381 2104 1756 2172 κατεγγυᾶται
1800 2103 1879 2174 τῷ
1901 2103 1996 2158 τοῦ

2106 2119 2211 2174 que
2235 2105 2322 2175 agi
2347 2121 2533 2162 secum
2560 2108 2626 2164 de
2659 2109 3058 2180 compositione
3085 2126 3284 2181 passus
3303 2119 3408 2172 est,
3441 2123 3497 2163 ut
3518 2112 3681 2164 etiam

415 2190 648 2258 ἀδελφοῦ
698 2192 1016 2265 Νικηφόρου
1078 2193 1202 2265 υἱῷ,
1261 2195 1355 2249 καὶ
1425 2194 1568 2248 οὕτω
1613 2195 1820 2259 τούτοις
1873 2211 1996 2249 συν-

2106 2196 2319 2252 audiret
2403 2195 2799 2268 Bryenuiorum
2909 2210 3134 2257 matrem
3232 2199 3682 2269 curopalatissam

415 2283 672 2336 ἅπτεται.
2104 2285 2316 2342 Annam
2355 2299 2731 2358 annucretque
2757 2291 2957 2360 petenti
2991 2306 3058 2346 ne
3105 2289 3231 2346 ﬁliis
3264 2292 3382 2346 suis
3415 2289 3682 2359 conjungi

416 2374 678 2430 atliuitate
708 2386 1006 2434 recusaret.
1046 2378 1235 2448 Itaque
1301 2378 1392 2433 ille
1442 2393 1598 2434 suam
1675 2393 1922 2435 sororem
1961 2379 2218 2435 llelcnam
2278 2384 2706 2452 pulchritudine,
2785 2387 3078 2454 modestia,
3144 2388 3478 2455 virtutisque
3538 2383 3683 2438 fama

415 2469 719 2538 aequalibus
775 2471 996 2526 cunctis
1047 2469 1400 2526 antistantem
1455 2470 1758 2542 despondet
1816 2469 2000 2526 fratris
2029 2471 2322 2543 Nicephori
2406 2476 2540 2543 lilio,
2600 2485 2656 2532 et
2714 2477 2883 2532 sicin
2978 2479 3177 2534 horum
3243 2490 3425 2550 partes
3491 2477 3671 2548 palam

420 2562 638 2616 transit.

486 2658 562 2721 η’.
604 2651 662 2705 Ὁ
694 2652 751 2706 δὲ
798 2651 1050 2723 βασιλεὺς
1110 2652 1324 2723 Μιχαὴλ
1352 2654 1648 2731 ἀγνοήσας,
1677 2648 1862 2725 οἶμαι,
1901 2653 2001 2717 τὰς

2175 2652 2228 2707 8.
2263 2653 2332 2708 At
2362 2654 2658 2724 imperator
2689 2653 2946 2722 Michael,
2987 2656 3269 2726 ignorans,
3303 2657 3518 2725 opinor,
3553 2673 3687 2715 con-

420 2744 626 2814 μεταξὺ
660 2744 756 2796 τοῦ
788 2744 1079 2814 Βρυεννίου
1103 2746 1202 2797 καὶ
1229 2743 1324 2797 τοῦ
1348 2745 1624 2816 Βασιλάκη
1644 2745 2003 2813 συμϐιϐάσεις

2106 2749 2388 2804 ventioucs
2415 2765 2536 2820 quae
2566 2750 2710 2804 inter
2735 2750 3064 2821 Bryennium
3093 2761 3148 2804 et
3179 2750 3476 2806 Basilaccm
3509 2753 3682 2808 inter-

420 2841 512 2891 καὶ
541 2837 610 2888 τά
638 2837 821 2904 ὅρκια,
853 2834 1022 2888 δοῦκα
1081 2835 1175 2888 τὸν
1220 2835 1533 2907 Βασιλάκην
1561 2836 1671 2890 τῶν
1724 2837 2001 2909 Ἰλλυριῶν

2106 2838 2396 2904 cedebant,
2436 2839 2631 2895 ducem
2658 2840 2963 2911 Illyriorum
2995 2839 3291 2895 Basilaccm
3315 2842 3499 2904 mittit,
3529 2858 3688 2897 man-

419 2927 792 2995 ἐξαπέστειλε,
817 2927 1193 2997 παραγγείλας
1214 2926 1366 2997 αὐτῷ
1389 2929 1439 2980 ει
1473 2923 1585 2981 οἶόν
1620 2944 1681 2980 τε
1707 2931 2000 2998 κατασχεῖν

2106 2927 2242 2982 dans
2269 2927 2318 2982 ei
2354 2936 2412 2981 ut
2443 2929 2488 2982 si
2537 2927 2653 2983 fieri
2711 2937 2918 2998 posset,
2979 2926 3311 2997 Bryeunium
3365 2935 3584 2994 caperet
3632 2938 3688 2983 ei

419 3021 511 3074 τὸν
536 3018 826 3092 Βρυέννιον
852 3019 947 3071 καὶ
970 3016 1257 3089 δεσμώτην
1295 3017 1484 3072 τοῦτον
1523 3018 1834 3088 ἐκπέμπειν
1863 3019 2000 3089 πρὸς

2106 3018 2344 3074 vinctum
2405 3020 2934 3089 Constantinopolim
2997 3017 3376 3076 deducendum
3438 3028 3683 3073 curaret.

419 3111 523 3182 τὴν
576 3109 1168 3165 Κωνσταντινούπολιν.
1206 3110 1672 3179 Ἀπαγγελθέντος
1714 3110 1771 3164 δὲ
1807 3108 2000 3163 τούτου

2106 3109 2258 3176 Quod
2287 3124 2410 3164 cum
2441 3111 2710 3180 Bryenuio
2765 3110 3060 3165 indicatum
3093 3119 3261 3174 esset,
3328 3124 3438 3164 non
3473 3110 3686 3179 putavit

418 3203 499 3274 τῷ
522 3204 814 3275 Βρυεννίῳ,
871 3204 982 3258 δεῖν
1015 3204 1170 3275 ᾠήθη
1215 3185 1412 3276 μηκέτι
1447 3203 1656 3272 μένειν,
1691 3202 1808 3258 ἀλλ’
1847 3202 2002 3272 ἐξορ-

2110 3203 2158 3258 is
2218 3201 2325 3258 sibi
2383 3203 2623 3273 amplius
2691 3202 3081 3265 cunctandum,
3143 3201 3237 3255 sed
3292 3200 3688 3269 erumpendum

425 3297 534 3365 μᾷν
560 3296 656 3348 καὶ
681 3295 866 3349 οἴκαδε
896 3297 1140 3350 ἀπιέναι.
1190 3297 1366 3367 Ἐξῄει
1393 3292 1488 3349 οὖν
1515 3295 1705 3365 ὀλίγην
1729 3293 1853 3347 τινά
1886 3293 2002 3362 μεθ’

2106 3297 2288 3350 statim
2328 3304 2384 3351 et
2440 3296 2723 3364 petendam
2776 3296 3033 3362 patriam.
3099 3293 3213 3346 Ibat
3254 3293 3418 3360 igitur
3474 3293 3688 3362 exiguis

423 3386 617 3439 ἑαυτοῦ
643 3387 1042 3456 ἐπιφερόμενος
1082 3386 1337 3456 δύναμιν.
1382 3386 1536 3439 Ἐπεὶ
1559 3386 1617 3439 δὲ
1665 3385 1759 3437 καὶ
1783 3385 1812 3435 ὸ
1843 3384 2008 3434 Βασι-

423 3478 596 3548 λάκης
632 3479 772 3546 πρὸς
808 3479 867 3530 τὸ
890 3479 1198 3548 Δυρράχιον
1231 3477 1588 3544 ἐπειγόμενος
1621 3476 1739 3526 ἐκεῖ
1769 3472 2009 3526 καταλα-

421 3569 544 3620 ϐεῖν
576 3568 667 3618 τὸν
683 3567 972 3637 Βρυέννιον
997 3567 1246 3631 ἔσπευδε,
1274 3565 1476 3634 συνέϐη
1500 3566 1722 3627 τούτους
1763 3561 2012 3633 ἀπαντῆ-

429 3675 520 3710 σαι
555 3658 683 3728 περὶ
731 3655 1132 3729 Θεσσαλονίκην
1172 3657 1582 3729 τοῠΒασιλάκη
1634 3656 2007 3727 προκατειλη-

426 3749 590 3818 φότος
605 3749 666 3802 τὸ
691 3750 849 3804 ἄστυ.
881 3751 978 3813 Ὃς
1016 3749 1142 3804 ίδὼν
1164 3749 1255 3804 τὸν
1275 3749 1564 3820 Βρυέννιον
1603 3749 1861 3820 βραχεῖαν
1888 3750 2007 3801 ἐπι-

428 3841 734 3913 φερόμενον
765 3841 998 3912 δύναμιν
1027 3842 1124 3895 καὶ
1156 3842 1300 3895 κατὰ
1334 3841 1582 3911 πολὺτῆς
1607 3841 1816 3895 ἐκείνου
1845 3839 2007 3892 ἐλάτ-

422 3949 574 3997 τονα,
601 3932 712 3985 τῶν
749 3932 950 4002 ὁρκίων
975 3931 1164 4003 ῶσπερ
1187 3930 1584 4002 ἐπιλαθόμενος
1609 3932 1704 3984 καὶ
1727 3930 1838 3983 τῶν
1868 3929 2007 3999 πρὸς

421 4025 516 4077 τὴν
536 4024 748 4078 ἐκείνου
772 4023 1110 4095 αὐτάδελφον
1135 4023 1422 4094 συνθηκῶν
1448 4022 1740 4094 ἐξώρμησε
1758 4022 1879 4076 κατ’
1909 4021 2009 4074 αὑ·-

423 4113 542 4170 τοῦ.
582 4115 852 4176 Γενναίως
881 4115 1072 4186 δὲτὴν
1098 4115 1292 4170 τούτου
1325 4115 1504 4186 ὁρμὴν
1532 4116 1869 4178 ὑποστάντος
1910 4113 2006 4168 τοῦ

428 4207 718 4278 Βρυεννίου
739 4207 834 4262 καὶ
877 4208 1107 4272 πολλοὺς
1157 4208 1268 4263 τῶν
1295 4209 1461 4262 αὑτοῦ
1493 4207 1896 4272 καταϐαλόντος
1926 4209 2009 4270 είς

425 4298 609 4369 φιγὴν
646 4299 918 4369 τέτραπτο
951 4301 1165 4371 καὶτῆς
1205 4299 1414 4363 πόλεως
1443 4299 1598 4363 ἐντὸς
1641 4298 2004 4354 συνεκλείετο.

2108 3387 2496 3440 comitantibus
2527 3385 2720 3454 cepiis.
2749 3384 2887 3438 Cum
2934 3392 3113 3436 autem
3167 3381 3440 3436 Basilaccs
3474 3381 3676 3450 Dyrra-

2109 3475 2292 3529 chium
2329 3475 2593 3528 festinans
2642 3475 2715 3528 ibi
2771 3472 3010 3542 reperire
3054 3471 3383 3542 Bryeunium
3433 3479 3683 3538 cuperet.

2112 3567 2336 3636 contigit
2363 3581 2430 3621 eo
2459 3567 2569 3636 jam
2596 3579 2816 3636 egresso
2846 3564 3039 3620 ambos
3083 3563 3186 3618 sibi
3220 3567 3284 3617 ad
3337 3563 3688 3618 Thessaloni-

2109 3673 2229 3713 cam
2259 3672 2572 3722 occurrere,
2619 3657 3329 3728 Basilace'prmoccupautc
3381 3653 3682 3721 civitatem,

2111 3749 2204 3818 qui
2263 3758 2322 3804 ut
2379 3750 2764 3805 animadvertit
2823 3765 3026 3818 paucas
3086 3749 3443 3820 intirmasque
3496 3751 3687 3818 copias

2108 3841 2380 3913 Bryenuio
2420 3843 2614 3898 adesse
2647 3844 2930 3912 multoque
2982 3842 3098 3898 suis
3153 3841 3467 3908 inferiores,
3525 3839 3685 3911 110

2109 3932 2312 3988 oblitus
2357 3932 2538 3986 subito
2559 3932 2916 4002 jurisjurandi
2969 3943 3024 3986 et
3085 3930 3353 3986 fuaderum
3390 3947 3513 3984 eum
3563 3932 3682 3998 ejus

2109 4039 2370 4096 germano
2401 4024 2631 4080 ictorum
2664 4023 2939 4079 hostiliter
2965 4023 3020 4076 in
3053 4037 3178 4076 eum
3215 4023 3479 4090 impetum
3527 4020 3679 4076 fecit.

2109 4116 2215 4173 Sed
2247 4116 2520 4186 Bryenuio
2572 4116 2782 4170 fortiter
2809 4114 3102 4170 resistente
3151 4121 3206 4168 ct
3238 4114 3436 4170 multos
3469 4128 3500 4168 e
3535 4111 3685 4168 Basi-

2110 4208 2354 4263 laceanis
2387 4207 2690 4273 occidente,
2717 4206 2786 4261 ad
2815 4214 3122 4261 extremum
3149 4206 3264 4273 ipse
3303 4205 3579 4261 Basilaces
3627 4205 3682 4260 in

2108 4299 2293 4371 fugam
2319 4299 2546 4352 vertitur
2563 4306 2619 4352 et
2637 4297 2780 4350 intra
2804 4297 2990 4350 urbem
3019 4295 3490 4352 circumcluditur.
3527 4295 3684 4352 Unde

440 4391 684 4444 Ἐκεῖθεν
702 4390 798 4444 οὒν
840 4390 1100 4462 πρέσϐεις
1139 4391 1430 4462 manca;
1466 4391 1587 4463 ᾔτει
1630 4389 2002 4459 ἀνανεωθῆναί

2107 4390 2301 4463 legatis
2335 4389 2520 4445 missis
2556 4403 2742 4460 pacem
2775 4395 2897 4443 orat
2941 4388 3288 4458 veniamque,
3324 4388 3686 4456 renovarique

429 4498 584 4550 σφισι
617 4482 716 4545 τὰς
762 4481 859 4535 τοῦ
913 4483 1144 4551 ἀδελφοῦ
1177 4484 1454 4553 συνθήκας
1493 4500 1552 4536 τε
1585 4483 1680 4537 καὶ
1723 4483 1793 4536 τὰ
1819 4485 2004 4554 ὅρκια.

433 4575 703 4638 Κάκεῖνος
737 4575 902 4628 αὑτὸν
937 4575 1262 4644 ὑποδέχεται
1312 4575 1458 4646 μάλα
1489 4575 1745 4643 ἁσμένως
1775 4573 1870 4627 καὶ
1905 4574 2007 4637 τὰς

432 4669 730 4739 ξυμϐάσεις
766 4669 989 4740 ἐκύρου.
1035 4668 1177 4723 Ἀλλ’
1217 4671 1247 4723 ὁ
1302 4670 1401 4740 μὲν
1449 4669 1655 4739 ἥπτετο
1716 4667 1818 4737 τῆς
1868 4666 2006 4738 πρὸς

445 4760 906 4830 Ἀδριανούπολιν,
932 4759 962 4811 ὁ
991 4757 1221 4827 ἀδελφὸς
1250 4759 1308 4812 δὲ
1334 4758 1554 4829 ἀπήντα
1579 4757 1717 4827 μετὰ
1749 4754 2007 4826 πλείστης

430 4854 514 4906 ὅτι
570 4853 874 4923 δυνάμεως.
929 4850 1258 4905 Μακεδόνων
1287 4865 1348 4903 τε
1372 4850 1481 4920 γὰρ
1517 4849 1616 4903 καὶ
1649 4847 1880 4920 Θρᾳκῶν
1907 4847 2008 4910 τὰς

430 4944 614 5008 τάξεις
647 4945 864 5007 ἁπάσας
911 4938 1024 5012 εἶχε
1067 4943 1187 5012 μεθ’
1211 4939 1408 4995 ἑαυτοῦ
1460 4941 1577 5010 ἅμα
1620 4939 1870 5010 λοχαγοῖς
1914 4937 2008 4992 καὶ

433 5038 856 5108 ᾳαλαγγάρχαις
891 5037 986 5090 καὶ
1039 5036 1224 5099 αὐτοῖς
1260 5034 1326 5105 δὴ
1362 5036 1476 5097 τοῖς
1519 5035 1867 5103 στρατηγοῖς.
1897 5032 2008 5086 Kal.

435 5133 484 5184 oi
516 5129 774 5201 ἄρχοντες
803 5130 862 5182 δὲ
902 5129 1012 5182 τῶν
1035 5129 1242 5183 πόλεων
1285 5128 1524 5196 ξυνῆσαν
1556 5124 1703 5196 αὗτῷ
1742 5125 2008 5189 ἅπαντες,

435 5226 686 5286 κὶκεῖνος
720 5223 966 5285 ἅπαντας
995 5219 1291 5292 χαριέντως
1316 5217 1610 5287 ὑπεδέχετο
1627 5230 1642 5245 °
1679 5215 1774 5268 ml.
1801 5215 1910 5285 γὰρ
1941 5209 2009 5284 ἦν

433 5314 711 5385 προσηνὴς
733 5313 762 5366 ὁ
794 5313 932 5385 ἀνὴρ
958 5312 1054 5367 καὶ⁸
1084 5311 1338 5382 εὐόμιλος
1364 5311 1528 5380 εῖπερ
1560 5325 1646 5371 τις
1673 5306 1851 5370 ἄλλος.
1875 5306 2010 5359 Τότε

438 5407 540 5476 μὲν
565 5402 662 5462 οὖν
687 5405 1286 5476 στρατοπεδευσάμενοι
1323 5401 1647 5476 ἀριστεῦσαι
1673 5397 2012 5470 παρεσκευά-

434 5497 612 5559 ζοντο.
659 5496 823 5552 Ἀλλά
878 5497 958 5568 τῷ
1003 5497 1274 5567 Βρυεννίῳ
1327 5493 1548 5565 Ἰωάννῃ
1607 5494 1836 5562 ἠρεμεῖν
1883 5490 2010 5543 οὕτι

433 5591 554 5645 δέον
583 5591 758 5647 ἐδόκει
782 5591 890 5646 οὐδ’
920 5589 1288 5644 ἀναϐαλέσθαι
1328 5588 1421 5639 τὸν
1467 5585 1678 5657 καιρόν.
1718 5582 2010 5652 Ἑπιφερζ-

438 5700 598 5757 μενος
627 5683 719 5740 οὖν
753 5685 870 5756 μεθ’
913 5680 1106 5738 ἑαυτοῦ
1164 5681 1228 5734 τά
1259 5680 1352 5750 τῆτῖ
1396 5677 1669 5749 βασιλείας
1706 5676 2008 5748 “Cum”

2109 4485 2252 4539 inter
2282 4482 2430 4551 ipsos
2456 4479 2698 4552 postulat
2722 4478 3113 4534 conventioues
3144 4478 3312 4547 pacis,
3354 4492 3492 4547 quas
3535 4477 3686 4546 prius

2108 4577 2224 4647 ipse
2268 4589 2392 4634 cum
2421 4573 2542 4643 ejus
2573 4572 2738 4626 fratre
2765 4569 3079 4640 juramento
3114 4568 3444 4622 ﬁrmaverat.
3474 4565 3684 4622 Annuit

2107 4666 2263 4721 valde
2293 4663 2522 4720 libenter
2567 4660 2870 4732 Bryenuius
2923 4668 2977 4715 et
3031 4657 3210 4714 foedus
3261 4671 3386 4712 cum
3438 4655 3684 4711 Basilace

2107 4757 2303 4814 sancit.
2348 4753 2548 4824 Sicque
2601 4753 2699 4808 iter
2743 4752 2979 4822 capessit
3022 4747 3426 4818 Adrianopolim
3453 4760 3684 4802 versus:

2108 4866 2218 4921 quo
2271 4850 2464 4906 itinere
2490 4848 2713 4904 fratrem
2770 4844 2960 4901 habuit
2997 4843 3219 4899 obvium
3269 4855 3393 4895 cum
3450 4839 3687 4908 maximo

2108 4942 2376 4999 exercitu.
2410 4938 2770 4994 Macedonum
2820 4935 2967 4990 enim
3012 4943 3067 4987 et
3117 4931 3392 4986 Thracum
3442 4927 3685 5000 legiones

2111 5047 2302 5088 omnes
2347 5031 2582 5086 habebat
2610 5040 2797 5084 secum
2820 5039 2944 5080 cum
2983 5021 3397 5078 centurionibus
3425 5031 3478 5075 et
3509 5019 3682 5074 tribu-

2113 5125 2196 5179 nis
2231 5124 2475 5195 ipsisque
2525 5121 2780 5179 ducibus.
2836 5116 3114 5185 Principes
3149 5129 3364 5184 quoque
3400 5113 3684 5168 civitatum

2113 5233 2218 5272 una
2247 5229 2439 5270 omnes
2468 5211 2863 5279 aderantzipsc
2908 5222 3070 5277 porro
3120 5205 3408 5260 universos
3455 5202 3686 5257 comiter

2112 5303 2436 5372 excipiebat,
2467 5309 2582 5356 erat
2612 5299 2756 5354 enim
2792 5310 3094 5369 congressu
3148 5295 3424 5349 humanus
3473 5293 3518 5346 si
3560 5291 3685 5360 quis

2114 5396 2276 5451 alius.
2336 5392 2540 5447 Omnes
2596 5390 2674 5445 illi
2736 5396 2918 5444 autem
2976 5395 3106 5442 tunc
3141 5384 3337 5441 armati
3385 5393 3440 5440 et
3500 5379 3684 5453 pransi

2115 5487 2287 5558 parati
2323 5484 2390 5551 ad
2417 5498 2531 5538 rem
2566 5482 2702 5536 bene
2735 5481 3029 5552 gerendam
3071 5488 3248 5533 erant.
3282 5474 3459 5542 Quare
3483 5470 3683 5526 Joanui

2118 5576 2391 5648 Bryenuio
2431 5589 2775 5645 nequaquam
2816 5574 2992 5628 visum
3028 5587 3148 5626 esse
3175 5568 3536 5624 cunctandum
3589 5571 3683 5615 aut

2117 5670 2494 5744 negligentiam
2525 5667 2884 5725 occasionem.
2919 5667 3060 5722 Adiit
3090 5680 3218 5732 ergo
3253 5662 3470 5717 fratrem
3504 5657 3686 5713 ferens
