4088 6208
381 235 484 302 159

1575 233 1989 298 NlCEPiIORI
2031 228 2397 292 BRYENNII
2471 244 2482 250 ·

3526 207 3628 274 160

378 349 689 419 principum
743 365 988 406 manum.
1023 351 1235 417 Quibus
1283 352 1372 406 ille
1419 352 1595 422 copiis
1629 351 1954 419 assumptis,

2076 344 2341 399 ιναλαεὼν
2365 341 2531 412 ἀπῄει
2551 339 2686 410 πρὸς
2711 337 2808 408 τὴν
2830 328 3423 388 Κωνσταντινούπολιν.
3447 325 3634 378 Ξυνεί-

380 449 529 495 recta
577 441 1102 512 Constantinopolim
1164 444 1452 509 tendebat,
1502 453 1763 513 sequente
1817 456 1953 510 prae-

379 539 530 585 terea
579 533 754 602 ipsum
786 532 1110 604 Scytharum
1143 550 1253 590 non
1293 550 1457 604 parvo
1486 534 1753 595 exercitu,
1789 547 1896 587 uon
1927 545 1958 586 e

387 637 611 691 pc-rcgre
659 622 916 690 profectis
969 632 1025 678 et
1073 625 1476 694 stipendiariis,
1506 625 1599 681 sed
1648 641 1712 678 ex
1761 623 1828 678 iis
1862 621 1957 692 qui

387 729 496 766 nun
529 715 702 770 multo
745 724 872 771 ante
905 731 934 768 a
991 717 1346 786 popularibus
1381 718 1496 772 suis
1543 718 1610 772 ad
1658 715 1958 771 Romanam

347 832 353 876 Ξ
389 801 814 856 dominationem
851 818 1042 873 sponte
1071 805 1494 876 transfugerant.
1521 804 1658 860 Cum
1685 819 1814 872 ergo
1844 818 1963 872 per.

340 891 353 935 β’
393 891 628 944 venisset
662 893 996 949 domesticus
1026 895 1340 950 scholarum
1367 910 1537 964 prope
1565 892 1957 949 Constantino-

387 981 586 1046 pulit“,
622 991 802 1036 castra
855 985 1088 1038 munivit
1139 995 1195 1040 et
1246 985 1484 1039 tentabat
1519 983 1796 1038 civitatem
1849 995 1956 1034 non

391 1072 620 1126 umitum
653 1074 1034 1131 abhorrentem
1066 1077 1135 1131 ab
1167 1091 1234 1130 eo
1263 1076 1590 1145 recipiendo.
1628 1073 1762 1128 Nam
1807 1080 1863 1126 et
1895 1071 1949 1126 in

388 1175 452 1214 ea
483 1162 725 1232 plerique
753 1166 953 1220 civium
991 1166 1119 1223 odio
1149 1178 1203 1223 et
1241 1169 1320 1221 ira
1367 1165 1727 1235 praeoccupati
1760 1162 1954 1216 adver-

390 1267 485 1306 sus
515 1253 895 1321 imperatorem
926 1270 1080 1310 erant
1111 1267 1164 1312 et
1189 1257 1608 1326 generositatem
1640 1253 1745 1308 sibi
1771 1261 1954 1308 notam

387 1348 861 1416 cnnstantiamque
888 1349 1140 1419 Bryennii
1171 1356 1484 1418 reputantes
1521 1346 1873 1400 trahebantur
1901 1343 1952 1397 in

2057 453 2188 489 πετο
2215 435 2272 488 δὲ
2315 434 2411 486 καὶ
2461 430 2684 484 Σκυθῶν
2730 429 2830 480 οὐκ
2876 425 3132 494 ἐλαχίστη
3160 437 3243 483 τις
3286 417 3541 486 δύναμις,
3571 416 3632 468 ού

2055 525 2165 580 τῶν
2199 525 2366 589 ξένων
2397 523 2493 576 καὶ
2529 519 2897 591 μισθοφόρων,
2934 515 3071 568 ἀλλά
3123 510 3230 565 τῶν
3273 509 3378 581 πρὸ
3437 505 3635 560 πολλσύ

2058 618 2547 688 αὐτομολησάντων
2582 613 2688 667 ὑπὸ
2706 613 2806 682 τὴν
2838 607 3116 680 βασιλείαν
3149 603 3459 674 Ῥωμαίων.
3490 600 3634 656 cod-

2063 725 2162 771 σας
2225 703 2320 760 οὖν
2387 707 2414 758 ό
2469 705 2790 775 δομέστικος
2853 701 2965 754 τῶν
3031 697 3236 768 σχολῶν
3298 694 3468 764 ἐγγὺς
3536 693 3635 763 τῆς

2064 797 2688 860 Κωνσταντινουπόλεως
2711 792 3138 865 ἐστρατοπέδευε
3168 791 3262 844 καὶ
3291 787 3636 856 ἀπεπειρᾶτο

2065 891 2286 959 ταύτης.
2321 891 2430 943 Καὶ
2459 892 2508 942 οἱ
2541 889 2690 952 ἐντὸς
2717 888 2834 956 ἆμα
2865 886 2964 957 μὲν
2992 886 3060 938 δι’
3096 885 3268 954 ὀργῆς
3294 882 3519 950 ἄγοντες
3541 880 3634 932 τὸν

2068 979 2371 1044 κρατοῦντα
2402 979 2495 1031 καὶ
2520 977 2582 1031 τὸ
2615 979 2861 1045 γενναῖον
2885 975 2980 1030 καὶ
3010 974 3280 1043 σταθηρὸν
3310 971 3404 1025 τοῦ
3435 970 3639 1040 Βρυεν-

2068 1071 2182 1122 νίου
2221 1067 2604 1136 γινώσκοντες,
2659 1069 2726 1138 ἢν
2782 1067 2936 1131 ἐντὸς
2989 1066 3262 1137 ἔκρυπτον
3307 1065 3390 1126 εἰς
3432 1064 3640 1116 ἐκεῖνον

2061 1151 2663 1217 εὖνοιανάνεκάλυπτον
2687 1160 2812 1232 ήδη.
2865 1160 3032 1214 Ἀλλά
3089 1159 3153 1212 τὸ
3203 1158 3479 1228 δαιμόνιον
3509 1157 3637 1211 ἀντ-

2062 1253 2292 1323 ωπῆσαν
2321 1254 2418 1325 τὴν
2451 1253 2668 1308 πάντων
2715 1252 2928 1307 εὔνοιαν
2959 1251 3168 1320 ταχέως
3199 1251 3276 1312 είς
3303 1249 3364 1302 τὸ
3411 1249 3637 1303 δύσνουν

2067 1345 2402 1415 μετέστρεφε
2431 1345 2576 1400 κατά
2598 1361 2720 1398 τινα
2760 1343 3056 1413 συντυχίαν
3089 1341 3324 1396 τοιάνδε.

388 1449 510 1485 ιοιιιη
539 1444 686 1490 tanto
715 1436 898 1492 studio
936 1449 995 1492 ut
1036 1438 1148 1506 jam
1187 1453 1217 1492 a
1284 1436 1778 1507 significationibus
1840 1432 2086 1488 externis
2115 1434 2316 1490 favoris
2343 1435 2396 1490 in
2425 1450 2550 1491 eum
2579 1436 2664 1491 sui
2701 1451 2808 1490 non
2868 1441 3270 1504 temperarent;
3330 1429 3424 1486 sed
3480 1428 3643 1512 fatale

389 1524 658 1591 quoddam
688 1542 756 1580 ne
786 1543 875 1583 res
905 1529 1219 1597 procederet
1247 1528 1688 1598 impedimentum
1752 1525 1986 1590 obstitit,
2040 1540 2151 1594 quo
2212 1525 2585 1581 benevolentia
2642 1526 2882 1582 civitatis
2969 1523 3024 1580 in
3079 1521 3409 1594 Bryenuium
3471 1525 3642 1592 prona

391 1614 589 1668 acerbo
641 1627 861 1685 repente
911 1617 1038 1671 odio
1084 1627 1415 1674 commutata
1465 1626 1569 1672 cst.
1621 1614 1823 1672 Casum
1883 1615 1958 1670 uti
1997 1617 2222 1687 contigit
2256 1617 2508 1674 referant.

468 1708 626 1779 115
661 1711 743 1764 ιε.
785 1710 1108 1770 Domestico
1135 1711 1441 1766 scholarum
1473 1725 1504 1765 e
1533 1711 1755 1780 regione
1785 1709 1964 1780 palatii

2145 1710 2234 1781 ιβ’.
2263 1711 2371 1765 Τοῦ
2409 1712 2732 1777 δομεστίκου
2761 1719 2868 1765 τῶν
2913 1711 3120 1783 σχολῶν
3151 1709 3380 1778 ἀντικρῦ
3431 1704 3540 1760 τῶν
3587 1707 3646 1758 ἐν

395 1797 815 1855 Blachernarum
866 1810 1042 1857 castra
1097 1801 1328 1857 habente
1372 1803 1518 1856 circa
1566 1802 1744 1855 locum
1802 1814 1965 1870 quem

398 1902 597 1944 vocant
629 1891 988 1959 Cosmidium,
1021 1893 1111 1947 ubi
1143 1901 1196 1947 et
1222 1893 1482 1961 templum
1517 1893 1568 1946 in
1601 1892 1824 1946 nomine
1851 1907 1973 1946 san-

401 1987 612 2033 ctorum
641 1981 852 2035 Cosmus
899 1997 963 2037 ac
1001 1982 1246 2036 Damiani
1289 1990 1538 2036 erectum
1566 1990 1648 2037 est
1675 1982 1970 2036 maximum

400 2075 564 2136 atque
587 2069 1010 2137 pulcherrimum
1035 2070 1304 2139 juxtaque
1328 2085 1426 2125 arx
1456 2080 1724 2134 astructa,
1748 2070 1972 2138 quidam

400 2172 432 2212 e
463 2159 644 2213 servili
680 2175 875 2229 genere
913 2160 1150 2215 lixarum
1197 2170 1294 2216 aut
1333 2176 1364 2217 e
1414 2161 1680 2232 gregariis
1716 2161 1976 2216 militibus

400 2250 542 2305 vallo
566 2261 956 2322 procurrentes
977 2253 1307 2322 trajecerant
1337 2261 1554 2323 pontem
1581 2261 1636 2308 et
1660 2269 1724 2308 ex
1747 2253 1976 2307 adverso

403 2344 644 2399 civitatis
677 2360 770 2414 per
795 2360 944 2400 oram
985 2346 1377 2416 angustissimo
1407 2346 1636 2403 divisam
1685 2348 1825 2403 freto
1848 2363 1978 2403 cur-

407 2432 608 2492 sabant
633 2437 816 2490 studio
846 2451 910 2491 ac
935 2437 1262 2494 necessitate
1307 2439 1629 2494 corradendi
1661 2455 1749 2494 res
1777 2455 1978 2510 oppor-

405 2537 566 2582 tunas
620 2536 675 2582 et
723 2529 998 2597 rapiendis
1044 2530 1223 2585 obviis
1258 2531 1566 2601 quibusque
1614 2547 1673 2586 se
1723 2532 1977 2602 accinge-

408 2615 560 2669 hant.
591 2615 858 2680 Quoniam
893 2633 1023 2673 vero
1049 2603 1142 2687 qui
1172 2619 1284 2674 illic
1311 2620 1626 2675 habitabant
1666 2620 1778 2690 jam
1818 2633 1976 2676 antra

407 2721 506 2759 sua
537 2706 722 2760 omnia
755 2707 895 2762 intra
943 2709 1215 2764 civitatem
1258 2711 1686 2775 transtulerant,
1719 2713 1808 2768 ubi
1843 2714 1977 2768 nihil

407 2797 497 2850 isti
527 2797 798 2852 temerarii
827 2814 1084 2856 cursores
1115 2802 1472 2871 supellectilis
1497 2812 1592 2858 aut
1621 2805 1810 2876 praeda;
1839 2805 1976 2860 intra

407 2891 600 2947 domos
636 2901 990 2961 repererunt,
1021 2895 1140 2948 irati
1173 2895 1443 2966 subjicere
1469 2896 1649 2966 ignem
1682 2898 1973 2966 parabant.

408 2981 515 3037 Sed
553 2984 656 3039 hoc
687 2985 926 3041 sentiens
951 2986 1292 3042 domesticus
1336 2988 1649 3043 scholarum
1685 2989 1834 3046 misit
1864 3000 1976 3045 sta-

2071 1801 2402 1872 Βλαχέρναις
2452 1804 2732 1857 παλατίων
2760 1801 3323 1875 στρατοπεδεύσαντος
3371 1799 3500 1868 περὶ
3551 1798 3643 1851 τὴν

2072 1893 2235 1948 τόπον
2261 1895 2319 1948 ὃν
2357 1895 2582 1948 καλοῦσι
2612 1895 2924 1966 Κοσμίδιον,
2959 1895 3018 1947 ἐν
3133 1893 3227 1946 καὶ
3252 1890 3376 1955 ναὸς
3403 1890 3491 1944 ἐπ’
3517 1889 3637 1942 όνό-

2078 2002 2206 2055 ματι
2234 1984 2342 2038 τῶν
2372 1984 2805 2056 θαυματουργῶν
2841 1983 3195 2054 Ἀναργύρων
3225 1982 3438 2052 ἵδρυται
3485 1980 3644 2050 μέγι-

2076 2076 2198 2138 στός
2237 2093 2298 2129 τε
2323 2076 2417 2130 καὶ
2451 2076 2736 2140 κάλλιστος
2768 2076 2865 2130 καὶ
2912 2075 3175 2146 φρούριον
3209 2074 3321 2144 (45)
3362 2071 3647 2144 ᾠκοδόμη-

2074 2182 2187 2231 ται,
2216 2166 2360 2228 τινὲς
2381 2165 2490 2220 τῶν
2522 2165 2617 2220 τοῦ
2648 2163 2896 2234 θητικοῦ,
2926 2164 3005 2219 ἔτι
3035 2181 3099 2233 γε
3141 2165 3247 2236 μὴν
3275 2163 3371 2216 καὶ
3401 2162 3510 2216 τῶν
3549 2161 3645 2214 τοῦ

2079 2256 2470 2327 στρατιωτικοῦ
2499 2256 2595 2310 τοῦ
2623 2257 2865 2328 χάρακος
2900 2256 3260 2318 ὑπεκθέοντες
3289 2253 3559 2308 διέδαινόν
3585 2269 3646 2304 τε

2075 2346 2174 2415 τὴν
2209 2347 2456 2418 γέφυραν
2494 2347 2606 2419 (44)
2661 2347 2756 2401 καὶ
2813 2346 3147 2420 καταντικρὺ
3178 2347 3278 2416 τῆς
3328 2345 3534 2408 πόλεως
3587 2345 3648 2397 ἐν

2076 2441 2192 2502 τοῖς
2227 2439 2321 2492 τοῦ
2357 2439 2551 2493 Στενοῢ
2592 2440 2887 2508 φοιτῶντες
2925 2439 3149 2509 μέρεσιν
3186 2436 3444 2507 ἀφορμῆς
3483 2433 3646 2505 δῆθεν

2077 2529 2178 2600 τῆς
2205 2531 2314 2584 τῶν
2339 2531 2648 2598 ἀναγκαίων
2682 2530 3013 2601 συγκομιδῆς
3033 2529 3353 2600 διαρπάζειν
3381 2529 3450 2582 τά
3471 2544 3645 2597 προσ-
3733 2591 3736 2594 ,

2077 2624 2308 2694 τυχόντα
2349 2625 2653 2680 ἐϐούλοντο.
2721 2625 2842 2679 Τῶν
2889 2625 2935 2679 δ’
2977 2625 3277 2696 οἰκητόρων
3325 2623 3646 2693 φθασάντων

2081 2716 2256 2770 πάντα
2277 2716 2430 2780 ἐντὸς
2455 2707 2786 2787 συγκομίσαι
2815 2717 2914 2787 τῆς
2941 2716 3152 2781 πόλεως
3178 2718 3229 2770 oi
3259 2715 3645 2787 ἐκδραμόντες,

2079 2807 2202 2861 ἐπεὶ
2247 2807 2409 2872 κενὰς
2449 2808 2549 2871 τὰς
2583 2807 2758 2871 οίκίας
2809 2806 3068 2880 λαφύρων
3121 2805 3329 2877 ἐώρων,
3375 2806 3548 2876 θυμοῦ
3587 2822 3648 2859 τε

2081 2898 2483 2968 ἐνεπίμπλαντο
2505 2900 2598 2954 καὶ⁵
2621 2899 2918 2968 πυρπολεῖν
2939 2899 3112 2961 αὐτάς
3127 2897 3465 2967 ἐπεχείρουν.
3484 2895 3652 2949 Ἀλλά

2079 2989 2238 3043 τοῦτο
2257 2989 2574 3059 αἰσθόμενος
2594 2991 2622 3043 ὁ
2637 2989 2957 3060 δομέστικος
2982 2988 3090 3042 τῶν
3127 2987 3334 3058 σχολῶν
3363 2986 3649 3040 ἀπέστειλε

408 3074 505 3127 tim
536 3075 627 3143 qui
659 3084 976 3131 revocarent
1002 3092 1032 3131 a
1057 3078 1272 3132 vecordi
1297 3088 1474 3148 cmpto
1494 3088 1546 3134 et
1573 3079 1749 3150 ignem
1773 3081 1975 3135 exstin-

2082 3079 2170 3133 διὰ
2199 3081 2398 3150 τάχους
2412 3080 2538 3143 τοὺς
2555 3078 2831 3149 εἴρξοντας
2853 3077 3050 3142 αὐτοὺς
3079 3078 3178 3145 τῆς
3207 3077 3444 3132 ἀτάκτου
3471 3074 3652 3146 ὁρμῆς

412 3175 662 3235 guerent.
710 3166 779 3221 At
833 3166 886 3221 bi
937 3167 1116 3222 serius
1169 3167 1506 3223 advenerunt
1561 3168 1812 3224 incendio
1845 3167 1978 3238 .jam

413 3256 786 3313 invalesccnte
834 3256 1046 3326 alteque
1105 3257 1318 3313 sublato
1371 3266 1427 3312 et
1485 3257 1703 3312 obvium
1766 3257 1983 3328 quidvis

411 3361 794 3408 consumente.
827 3351 930 3407 Per
959 3351 1106 3409 hunc
1151 3367 1394 3408 errorem
1431 3353 1659 3423 contigit
1691 3354 1983 3424 speciosis-

412 3443 550 3498 sima
586 3460 816 3514 qnaeque
860 3445 1211 3514 pulcherrimi
1261 3445 1507 3501 suburbii
1537 3442 1775 3501 flammis
1801 3444 1984 3501 defor-

412 3535 571 3590 mari.
602 3536 655 3590 Id
690 3550 818 3589 vero
860 3535 1073 3590 civibus
1097 3536 1715 3606 Constantinopolitanis
1749 3536 1986 3605 perindi-

412 3639 576 3692 gnum
609 3624 787 3676 visum
817 3638 1005 3677 eorum
1037 3626 1158 3680 odia
1206 3627 1258 3680 in
1303 3626 1557 3696 Bryennii
1597 3637 1779 3697 partes
1815 3626 1985 3680 movit

414 3711 771 3781 favoremque
799 3715 1038 3788 priorem
1080 3729 1296 3770 omnem
1329 3731 1393 3770 ac
1423 3716 1856 3772 benevolentiam
1890 3732 1986 3772 ex-

412 3802 627 3856 stinxit.
650 3801 821 3872 Cujus
851 3819 1000 3858 nova:
1028 3803 1245 3860 invidia!
1274 3805 1491 3861 indiciis
1524 3806 1774 3862 videlicet
1799 3822 1985 3862 erum-

414 3892 668 3962 pentibus
697 3893 1000 3964 desperans
1029 3894 1136 3949 dux
1163 3895 1439 3950 exercitus
1481 3896 1677 3952 adduci
1722 3911 1881 3964 posse
1919 3898 1985 3952 ad

413 4001 542 4041 suas
593 3997 773 4054 partes
831 3985 1206 4056 persuasione,
1245 3985 1526 4041 civitatem
1582 3986 1690 4041 vim
1748 3987 1985 4057 experiri

411 4079 687 4134 constituit
723 4091 776 4134 et
807 4078 874 4132 ad
911 4079 1368 4149 Oppugnationem
1409 4095 1467 4134 se
1501 4079 1844 4150 accingebat.

483 4169 568 4222 l5.
625 4169 843 4222 Interim
898 4171 1194 4238 imperator
1241 4170 1416 4225 muris
1469 4171 1534 4225 ad
1588 4170 1985 4230 Mediterranea

412 4259 642 4329 objectis
671 4260 823 4313 firma
856 4261 1103 4329 prtusldia
1137 4262 1414 4330 imposuit,
1447 4263 1680 4319 ducibus
1720 4264 1986 4334 praefectis

418 4351 641 4420 proprio
671 4351 836 4405 fratre
863 4352 1221 4408 Constantino
1247 4351 1714 4425 Purphyrogenito
1747 4364 1799 4410 et
1827 4356 1987 4426 116

419 4443 701 4499 Comneno
723 4443 933 4500 Alexio.
963 4443 1068 4511 Qui
1105 4446 1331 4515 penuria
1360 4448 1593 4502 militum
1624 4448 1887 4518 quosdam
1917 4463 1983 4503 ex

413 4533 590 4590 obviis
626 4545 942 4592 auctoratos
985 4545 1040 4592 et
1089 4537 1444 4593 tumultuarie
1471 4548 1711 4594 armatos
1739 4539 1984 4594 custodi-

412 4630 517 4686 bus
546 4646 825 4688 murorum
873 4631 1230 4698 miscuerunt,
1264 4631 1498 4701 propriis
1551 4633 1714 4687 etiam
1753 4633 1988 4703 quisque

415 4719 640 4777 familiis
667 4722 871 4792 pariter
899 4719 1146 4786 armatis,
1174 4721 1276 4791 ipsi
1310 4722 1453 4776 ultro
1485 4723 1729 4794 citroque
1755 4738 1986 4778 cursan-

415 4821 499 4869 tes
524 4813 826 4870 defensioni
853 4813 1001 4869 urbis
1029 4813 1397 4870 attendebant.
1419 4813 1537 4880 Quo
1562 4823 1804 4887 tempore
1824 4815 1988 4871 Com-

414 4921 592 4962 nenus
623 4905 842 4961 Alexius
869 4919 994 4961 cum
1023 4921 1056 4962 e
1094 4907 1330 4976 speculis
1362 4907 1705 4964 observasset
1729 4923 1924 4962 manus
1954 4922 1986 4963 e

419 4995 774 5066 Brycnnianis
804 4996 999 5052 castris
1029 4997 1094 5053 ad
1132 4997 1482 5068 praedandum
1512 5012 1761 5068 egressas
1790 5011 1983 5052 versus

415 5101 567 5140 oram
597 5086 924 5143 maritimam
960 5089 1304 5145 descendisse
1352 5103 1682 5158 rursumque
1713 5089 1986 5158 plerisque

419 5177 474 5232 iu
525 5190 704 5237 castra
751 5179 1102 5238 redeuntibus
1134 5180 1293 5236 valde
1331 5194 1532 5250 paucos
1580 5188 1726 5234 retro
1772 5179 1988 5235 relictos

418 5269 665 5340 hausisse,
695 5273 974 5344 patefactis
1012 5273 1195 5330 subito
1247 5272 1418 5343 portis
1451 5286 1576 5327 cum
1623 5270 1986 5326 familiaribus

2083 3171 2177 3224 καὶ
2209 3170 2268 3224 τὸ
2297 3170 2411 3241 πῦρ
2429 3169 2895 3232 κατασϐέσαντας.
2919 3170 3014 3232 Είς
3039 3169 3193 3224 οὐδὲν
3216 3168 3264 3222 δ’
3293 3166 3442 3237 αύτῷ
3467 3166 3536 3220 τὰ
3555 3168 3652 3236 τῆς

2083 3262 2259 3333 ὁρμῆς
2287 3260 2574 3334 κατέληξε,
2627 3259 2720 3315 τοῦ
2756 3261 2928 3331 πυρὸς
2962 3262 3042 3324 είς
3080 3261 3222 3333 μέγα
3265 3260 3524 3331 ἀρθέντος
3560 3259 3656 3313 καὶ

2083 3356 2192 3408 πᾶν
2230 3354 2290 3408 τὸ
2327 3353 2637 3425 παρατυχδν
2682 3351 3134 3422 καταφλέγοντος.
3175 3350 3382 3421 Ξυνέϐη
3411 3349 3543 3418 γοῦν
3583 3352 3650 3404 ἐκ

2083 3444 2274 3499 τούτου
2308 3443 2475 3497 πολλά
2505 3442 2612 3496 τῶν
2643 3440 2946 3494 καλλίστων
2981 3437 3320 3509 προαστείων
3375 3435 3656 3508 πυρπολη-

2095 3535 2274 3604 θῆναι.
2310 3535 2482 3590 Τοῦτο
2513 3534 2573 3588 τὸ
2613 3535 2771 3603 ἔργον
2823 3533 2902 3594 είς
2938 3530 3106 3602 θυμὸν
3150 3529 3275 3592 τοὺς
3323 3529 3542 3590 πολίτας
3573 3527 3656 3580 δι·-

2084 3623 2270 3694 ήγειρε
2299 3623 2394 3677 καὶ
2425 3623 2511 3695 [Ρ.
2545 3623 2636 3694 78]
2671 3623 2768 3691 τὴν
2804 3620 3020 3674 εὔνοιαν
3056 3618 3259 3673 τούτων
3300 3617 3656 3687 μετέστησεν.

2096 3713 2394 3782 Ἀπογνοὺς
2424 3714 2603 3768 τοίνυν
2632 3713 2662 3766 ὁ
2697 3711 2806 3765 τῶν
2834 3709 3131 3781 ταγμάτων
3157 3707 3386 3779 ἔξαρχος
3415 3705 3509 3759 τοῦ
3540 3722 3656 3758 πει-

2085 3802 2169 3854 θοῖ
2220 3802 2319 3873 τὴν
2388 3803 2543 3856 πόλιν
2601 3800 3056 3874 παραστήσασθαι
3118 3796 3261 3871 πρὸς
3335 3795 3651 3868 πολιορκίαν

2085 3894 2303 3966 ἐχώρει.

2159 4187 2248 4250 ιγ’.
2290 4180 2356 4235 "0
2386 4179 2444 4234 δὲ
2482 4177 2781 4251 τηνικαῦτα
2813 4175 3030 4248 κρατῶν
3077 4176 3177 4247 τῆς
3215 4174 3323 4229 τῶν
3368 4192 3512 4229 κατα
3558 4174 3656 4241 τὴν

2087 4275 2284 4344 χέρσον
2311 4272 2510 4342 τειχῶν
2537 4273 2782 4343 φρουρᾶς
2804 4271 3075 4341 ἐπέστησε
3101 4269 3348 4340 φύλακας
3376 4268 3466 4322 τόν
3488 4284 3547 4320 τε
3574 4270 3655 4319 oi-

2012 4397 2066 4457 Β
2091 4366 2234 4419 κεῖον
2257 4363 2532 4433 ὁμαίμονα
2573 4362 2984 4416 Κωνστσντῖνον
3013 4359 3104 4413 τὸν
3143 4357 3658 4457 Πορφυρογέννητον

2093 4456 2187 4512 καὶ
2222 4454 2314 4508 τὸν
2345 4453 2629 4524 Κομνηνόν
2668 4451 2925 4517 Ἀλέξων,
2965 4450 3016 4505 οἳ
3064 4449 3412 4519 στρατιωτῶν
3457 4447 3663 4518 ἀπορίᾳ

2089 4546 2200 4600 τῶν
2226 4546 2636 4618 προστυχόντων
2659 4545 2810 4607 τινὰς
2842 4544 2936 4597 ἐπὶ
2957 4541 3026 4596 τά
3048 4542 3204 4612 τείχη
3235 4540 3661 4602 ἀναϐιϐάσαντες

2089 4640 2185 4694 καὶ
2217 4639 2343 4703 τοὺς
2386 4638 2595 4693 ἑαυτῶν
2638 4623 3065 4697 καθοπλίσαντες
3110 4633 3264 4686 αὐτοὶ
3315 4629 3662 4701 περιθέοντες

2090 4727 2392 4799 ἐφρούρουν
2412 4726 2512 4798 τὴν
2543 4724 2719 4780 πόλιν.
2749 4725 2839 4778 Ἐν
2875 4723 2975 4792 μιᾷ
2999 4721 3055 4774 δὲ
3078 4719 3186 4774 τῶν
3210 4718 3367 4790 ὡρῶν
3393 4733 3660 4787 περισκο-

2089 4815 2207 4868 πῶν
2228 4817 2258 4868 ὁ
2288 4814 2571 4885 Κομνηνδς
2612 4811 2847 4877 ’Δλέξιος
2869 4812 2996 4874 τοὺς
3019 4809 3128 4864 ἀπὸ
3160 4806 3527 4880 στρατοπέδου
3560 4807 3657 4861 τοῦ

2090 4905 2381 4976 Βρυεννίου
2427 4903 2708 4976 προνομῆς
2759 4901 2919 4973 χάριν
2959 4899 3097 4972 πρὸς
3147 4899 3220 4953 τά
3269 4897 3509 4968 παράλια
3550 4899 3660 4950 τῶν

2088 4995 2282 5068 χώρων
2319 4995 2604 5055 κατιόντας
2656 4993 2748 5046 καὶ
2795 4991 2949 5054 αὖθις
2998 4989 3136 5061 πρὸς
3185 4989 3246 5044 τὸ
3299 4988 3659 5060 στρατόπεδον

2089 5085 2546 5156 ἀναστρέφοντας,
2582 5084 2798 5152 ὀλίγους
2841 5083 2900 5137 δὲ
2937 5084 3132 5153 κομιδῇ
3173 5080 3656 5150 καταλειφθέντας,

2085 5177 2185 5241 τὰς
2215 5176 2389 5235 πύλας
2421 5176 2766 5238 ἀναπετάσας
2802 5174 2968 5239 ἔξεισι
3004 5174 3143 5244 μετά
3177 5173 3283 5226 τῶν
3311 5173 3449 5240 ἀμφ’
3496 5170 3659 5223 αὐτὸν

2092 5269 2185 5322 καὶ
2213 5267 2536 5338 ἐπιθέμενος
2561 5265 2770 5329 τούτοις
2788 5267 2992 5334 ζωγρεῖ
3018 5263 3215 5337 ἄνδρας
3249 5263 3411 5334 μέχρι
3443 5261 3552 5314 τῶν
3579 5257 3658 5312 εἴ·

1437 5432 1637 5497 Caroli
1674 5434 1766 5495 Du
1796 5435 2031 5495 Frcsne
2055 5431 2147 5491 Du
2192 5430 2397 5507 Cangc
2433 5434 2624 5489 notas.

498 5576 609 5660 ne)
639 5577 944 5660 φρούριον.
1079 5588 1190 5660 not.
1229 5580 1294 5632 ad
1341 5579 1611 5660 Villlj‘ard.‘
1641 5596 1697 5660 η.

499 5645 611 5714 (Μ)
640 5647 941 5704 Διέϐαινον
973 5648 1086 5717 τὴν
1115 5648 1402 5719 γέφυραν.
1457 5648 1642 5705 Pontis
1683 5649 1840 5705 istius
1875 5662 1990 5703 me-

2059 5629 2062 5633 .
2099 5575 2256 5629 tninit
2279 5574 2581 5627 Cinnamus
2617 5573 2652 5626 Ι.
2689 5590 2747 5626 ll.
2782 5572 2945 5629 Plura
2970 5572 3132 5629 ctiam
3175 5571 3242 5628 tle
3265 5569 3357 5627 illo
3378 5564 3654 5639 congessi-

2101 5661 2219 5700 utus
2247 5644 2312 5698 ad
2345 5642 2616 5708 Villhard._
2641 5659 2694 5698 n.
2732 5644 2821 5699 85.
