4088 6208
368 362 462 429 161

1543 355 2090 428 ΗΙΒΤΟΒΙΛΒΗΜ
2131 370 2279 431 LIB.
2324 371 2440 433 III.

3527 385 3635 451 162

363 496 510 542 κοσι,
553 475 645 530 καὶ
669 474 799 546 πρὶν
833 475 1014 547 ἢτοὺς
1045 473 1237 537 ἄλλους
1265 472 1468 544 γνῶναι
1499 475 1561 527 τὸ
1621 476 1805 546 δρᾶμα
1855 479 1952 528 ὲπ-

2057 481 2294 549 erumpit
2327 481 2644 552 impetuque
2679 482 2731 538 in
2762 483 2862 540 bos
2890 484 3031 541 facto
3057 487 3210 543 vivos
3237 489 3380 559 capit
3408 506 3636 549 numero

381 573 555 625 ἀνεισι
577 569 694 638 μετ’
720 567 904 621 αὐτῶν
933 568 1012 631 είς
1038 569 1137 638 τὴν
1175 567 1350 620 πόλιν.
1379 569 1487 621 Καὶ
1512 567 1672 630 εὐθὺς
1716 567 1944 636 περιλά-

365 665 524 733 λητος
549 658 616 732 ἦν
635 664 748 724 τοῖς
769 662 1028 716 ἁπάντων
1052 661 1316 730 στόμασιν
1335 661 1369 729 ἠ
1406 659 1502 712 τοῦ
1527 658 1719 730 ἀνδρὸς
1749 659 1942 729 ἀρετή.

377 754 436 806 '0
481 753 539 806 δὲ
579 753 776 820 φθόνος
806 752 1068 816 ὕπέκνιζε
1121 751 1214 804 τον
1245 751 1655 804 Κωνσταντῖνον
1689 749 1946 803 τοσοῦτον

361 845 438 907 ῶς
468 845 563 898 καὶ
596 845 739 898 κατὰ
781 843 1076 914 πρόσωπον
1105 841 1184 912 τῷ
1216 843 1375 914 άνδρὶ
1407 840 1828 913 λοιδορήσασθαι
1866 842 1948 895 ὅτι

365 935 442 1005 μὴ
471 935 566 988 καὶ
597 933 787 988 τοῦτον
835 935 1238 1005 συμπράκτορα
1269 933 1394 1004 ἔσχε
1423 933 1519 986 τοῦ
1558 932 1748 1002 ἔργου.
1788 932 1850 986 'O
1889 931 1948 986 δὲ

364 1025 584 1096 κρατῶν
609 1024 824 1097 ἠγάσθη
850 1043 910 1079 τε
965 1026 1159 1080 τούτου
1191 1025 1291 1097 τὴν
1335 1024 1540 1098 πρᾶξιν
1591 1024 1688 1078 καί.
1721 1025 1950 1095 χάριτας

363 1116 514 1187 αὐτῷ
551 1115 807 1187 φανερῶς
856 1114 1147 1187 ὡμολόγει.
1178 1115 1396 1184 Ταύτην
1446 1116 1549 1186 τὴν
1602 1115 1805 1184 πρᾶξιν
1853 1113 1948 1168 τοῦ

364 1205 652 1276 Κομνηνοῦ
684 1207 940 1278 ἀφορμὴν
969 1210 998 1260 6
1023 1209 1242 1279 Καῖσαρ
1273 1205 1449 1278 εὑρὼν
1475 1206 1566 1258 τὸν
1596 1206 1774 1276 γάμον
1808 1206 1952 1272 ἐξαι-

363 1301 447 1354 τεῖ
467 1300 567 1369 τῆς
603 1299 936 1370 θυγατριδῆς
968 1299 1292 1368 τελεσθῆναι
1315 1297 1411 1352 τοῦ
1443 1297 1624 1368 γάμου
1665 1296 1948 1367 συναφείᾳ.

368 1391 483 1445 Καὶ
515 1389 751 1444 τελεῖται
784 1390 994 1461 ταχέως
1028 1391 1149 1460 ἅμα
1195 1389 1275 1460 τῷ
1312 1389 1544 1461 λυθῆναι
1575 1389 1676 1461 τὴν
1725 1389 1950 1458 πολιορ⁸

367 1481 495 1534 κίαν
533 1483 600 1551 τῇ
637 1480 810 1534 πόλει.
846 1479 1033 1533 Ταῦτα
1072 1481 1169 1551 μὲν
1197 1479 1387 1534 τοῦτον
1413 1479 1538 1551 ἔσχε
1565 1481 1657 1534 τὸν
1686 1480 1916 1551 τρόπον.

445 1570 526 1626 ιδ’.
569 1573 629 1625 '0
663 1572 720 1626 δὲ
745 1572 856 1625 τῶν
886 1572 1184 1642 ταγμάτων
1214 1570 1506 1643 κατάρχων
1538 1570 1633 1624 τοῦ
1666 1568 1952 1640 Βρυεννίου

367 1662 646 1731 τηνάλλως
688 1662 832 1733 ὁρῶν
861 1661 1180 1734 τριϐόμενον
1208 1661 1302 1716 τὸν
1343 1664 1447 1733 τῆς
1477 1661 1795 1731 πολιορκίας
1825 1679 1952 1714 και·⁵

370 1755 488 1826 ρον,
521 1754 608 1808 ἵνα
637 1755 711 1826 μὴ
739 1754 898 1810 πλέον
925 1753 1216 1824 κακοπαθῇ
1245 1754 1294 1806 οί
1326 1753 1388 1806 τὸ
1420 1753 1762 1824 στράτευμα,
1792 1749 1950 1806 ἐϐού-

2051 566 2238 636 viginti
2270 583 2334 622 ae
2363 571 2676 638 priusquam
2711 573 2802 626 alii
2838 575 3104 629 sentirent
3133 577 3274 632 intra
3306 580 3494 633 urbem
3545 596 3636 634 ra-

2050 657 2148 725 pit.
2184 656 2306 723 Quo
2357 659 2497 714 facto
2549 675 2644 728 per
2691 662 2963 717 civitatem
3001 666 3187 720 statim
3221 667 3363 721 fama
3396 671 3634 738 vulgato,

2049 747 2230 800 omnia
2290 748 2388 802 viri
2453 749 2706 805 laudibus
2775 756 3158 821 personabant.
3218 756 3370 812 Unde
3430 759 3635 814 invidia

2050 839 2191 893 ussit
2223 840 2642 896 Constantinum
2674 843 2726 896 in
2759 852 2966 899 tantum
3002 855 3061 901 ut
3089 863 3272 903 coram
3306 850 3358 903 in
3393 865 3455 906 ns
3476 849 3637 904 Com-

2048 941 2193 982 neno
2219 927 2468 998 jurgium
2500 929 2684 996 ferret,
2721 933 2864 1003 quod
2901 935 2946 988 is
2981 950 3040 990 se
3073 938 3285 992 socium
3318 939 3385 993 ad
3419 941 3470 995 id
3505 941 3638 995 faci-

2049 1031 2155 1071 nus
2186 1033 2294 1073 uou
2323 1019 2685 1077 adhibuisset.
2717 1021 3019 1094 Imperator
3046 1035 3226 1082 tamen
3261 1027 3463 1084 factum
3506 1047 3636 1100 pro-

2051 1107 2203 1164 barit
2235 1119 2287 1165 et
2319 1109 2513 1165 Alexio
2546 1111 2724 1181 palam
2755 1116 2958 1185 gratias
2992 1117 3126 1189 egit.
3148 1117 3224 1172 Ex
3253 1119 3355 1175 hoc
3376 1121 3636 1176 Comneni

2050 1213 2306 1256 successu
2353 1199 2588 1270 indeque
2617 1210 2734 1257 orta
2767 1203 3067 1260 olfensioue
3099 1206 3442 1263 Constantini
3477 1224 3640 1264 occa-

2051 1291 2258 1347 sionem
2285 1291 2468 1346 Caesar
2500 1295 2740 1361 captavit
2769 1305 3130 1364 opportunam
3163 1299 3391 1368 urgendi
3417 1301 3638 1370 nuptias

2051 1383 2282 1453 propriae
2325 1384 2502 1453 neptis
2538 1400 2662 1440 cum
2695 1387 2885 1442 Alexio
2909 1431 2924 1456 ,
2963 1405 3085 1459 quae
3112 1399 3164 1446 et
3194 1402 3320 1462 post
3349 1393 3454 1449 sub
3483 1394 3638 1449 obsi-

2051 1474 2231 1530 dionis
2260 1475 2588 1530 solutionem
2621 1477 2725 1532 rite
2753 1478 3040 1534 celebratae
3069 1493 3220 1538 sunt.

2124 1564 2213 1620 14.
2255 1564 2399 1620 Inter
2437 1567 2552 1622 haec
2590 1568 2734 1622 enim
2782 1569 3110 1640 Bryenuiani
3141 1573 3337 1630 ductor
3361 1579 3636 1635 exercitus

2054 1656 2258 1712 frustra
2304 1658 2493 1715 videns
2541 1662 2637 1714 teri
2690 1661 2975 1718 obsidione
3026 1675 3271 1734 tempus,
3308 1683 3377 1724 ne
3421 1673 3639 1726 vexatio

2056 1748 2210 1803 irrita
2241 1754 2514 1806 exercitus
2549 1763 2845 1817 cresceret,
2875 1756 3086 1810 soli-ere
3117 1757 3455 1816 obsidionem
3489 1764 3638 1831 cogi-

368 1823 494 1896 λετο
522 1843 621 1914 μὲν
639 1823 750 1914 ⁷τὴν
770 1841 1088 1912 πολιορκίαν
1107 1823 1289 1905 λῦσαι,
1317 1823 1584 1911 ᾐσχύνετο
1609 1839 1655 1892 δ’
1679 1839 1830 1909 ὅμως
1854 1837 1950 1891 καὶ

2057 1841 2243 1905 tabat,
2280 1844 2760 1913 retardabaturquc
2808 1847 2986 1901 solum
3039 1851 3245 1918 pudore
3295 1855 3533 1920 quodam
3557 1823 3640 1910 "et

370 1934 561 1988 ἐδεδίει
593 1935 818 2004 μήποτέ
849 1952 902 1988 τι
933 1933 1172 2004 ξυμϐαίη
1199 1932 1405 2002 σχίσμα
1433 1931 1566 2002 περὶ
1594 1930 1694 2000 τὴν
1727 1928 1953 1984 παλινό-

371 2043 585 2094 στησιν.
631 2027 847 2097 Ἐζήτει
879 2021 974 2080 οὖν
1015 2043 1138 2080 τινα
1193 2024 1471 2096 πρόφασιν
1509 2024 1763 2093 ὲφευρεῖν
1811 2021 1953 2074 ὥστε

370 2118 469 2173 καὶ
490 2117 591 2188 τὴν
619 2117 934 2188 πολιορκίαν
967 2116 1126 2170 λῦσαι
1153 2119 1246 2170 καὶ
1279 2115 1448 2187 μηδέν
1478 2132 1530 2167 τι
1554 2117 1618 2168 ὲκ
1643 2113 1834 2166 τούτου
1866 2129 1955 2164 πει

374 2209 652 2280 ριέσεσθαι
707 2209 992 2280 βλαϐερόν.
1045 2208 1203 2262 Οὕτω
1247 2207 1293 2260 δ’
1331 2204 1496 2259 αὐτοῦ
1545 2204 1952 2274 διανοουμένου,

371 2298 774 2367 ἁπαγγέλλεταί
807 2315 860 2352 τι
900 2288 1106 2368 πλῆθος
1150 2294 1376 2351 Σκυθῶν
1419 2294 1613 2348 διαϐὰν
1638 2295 1730 2348 τὸν
1781 2288 1955 2365 Αἷμον

372 2394 470 2448 καὶ
497 2393 566 2446 τὰ
594 2391 737 2445 κατὰ
763 2390 858 2462 τὴν
889 2390 1240 2462 Χερρόνησον
1273 2389 1613 2459 κατατρέχον
1658 2385 1834 2457 χωρία
1862 2387 1956 2441 καὶ

372 2483 715 2556 ληϊζόμενον.
757 2481 927 2536 Τοῦτο
953 2481 1136 2534 τοίνυν
1183 2478 1436 2550 ἀφορμὴν
1463 2476 1641 2548 εὑρὼν
1686 2478 1715 2528 6
1744 2492 1948 2547 στρατ-

374 2578 554 2648 άρχης
582 2575 698 2629 λύει
753 2573 854 2646 τὴν
876 2571 1194 2644 πολιορκίαν
1221 2569 1365 2625 κατὰ
1397 2568 1507 2622 τῶν
1547 2567 1774 2622 Σκυθῶν
1801 2567 1956 2638 ἐξορ-

375 2670 595 2738 μήσας,
645 2665 740 2720 καὶ
790 2664 1027 2734 ἐντυχὼν
1073 2663 1262 2724 αὐτοῖς
1317 2660 1636 2715 ἐπανιοῦσιν
1688 2657 1956 2731 ἐτρέψατο

373 2759 519 2812 κατὰ
545 2757 744 2829 κράτος
767 2756 852 2809 καὶ
885 2755 1045 2824 φόνον
1066 2754 1148 2806 ὅτι
1175 2752 1425 2806 πλεῖστον
1465 2750 1783 2820 εἰργάσατο,
1809 2765 1958 2819 παμ-

374 2846 610 2911 πόλλους
652 2847 711 2900 δὲ
758 2847 1054 2916 ζωγρήσας
1094 2844 1231 2913 πρὸς
1275 2842 1366 2896 τὸν
1411 2841 1640 2910 ἀδελφὸν
1690 2841 1952 2909 ἐπανῆκε.

373 2939 621 2996 Γίνονται
647 2938 740 2992 οῦν
778 2939 829 2991 οἰ
858 2937 1166 3000 ἑαλωκότες
1187 2934 1383 3003 ἐκείνῳ
1410 2933 1635 3003 ἀφορμὴ
1663 2931 1802 3002 πρὸς
1829 2932 1957 2995 τοὺς

373 3031 589 3095 Σκύθας
631 3030 855 3102 εἰρήνης
901 3046 962 3082 τε
1013 3029 1106 3082 καὶ
1153 3026 1514 3097 ξυμϐάσεως·
1552 3024 1798 3094 ὁμήρους
1846 3023 1957 3092 γὰρ

373 3117 485 3173 τῶν
523 3116 803 3188 ἐπιφανῶν
833 3117 1016 3180 δόντες
1043 3114 1171 3178 τούς
1207 3132 1268 3167 τε
1296 3115 1533 3177 οἰκείους
1573 3111 1957 3183 αἰχμαλώτους

374 3209 632 3280 εἰλήφασι
650 3209 748 3264 καὶ
775 3207 1059 3280 σύμμαχοι
1087 3205 1264 3278 τούτῳ
1295 3207 1664 3276 κατέστησαν.

450 3379 533 3437 ιε’.
588 3380 676 3436 Ἐν
704 3382 815 3448 ὅσῳ
853 3382 911 3435 δὲ
952 3379 1128 3435 ταῦτα
1156 3380 1480 3451 ἐπράττετο,
1523 3381 1552 3433 6
1592 3379 1957 3448 Βοτανειάτης

375 3472 708 3544 Νικηφόρος,
745 3471 832 3546 [Ρ.
883 3472 972 3545 79]
1003 3467 1083 3537 εἷς
1109 3470 1186 3526 ῶν
1213 3471 1323 3525 τῶν
1356 3473 1422 3525 ὲκ
1457 3472 1557 3539 τῆς
1599 3469 1774 3539 Ἐῲας
1804 3470 1961 3536 εὐγε-

375 3564 672 3628 νεστάτων,
723 3564 1031 3632 στρατηγὸς
1056 3561 1166 3615 τῶν
1205 3559 1565 3616 Ἀνατολικῶν
1608 3559 1715 3628 πρὸ
1763 3556 1959 3611 πολλοῦ

376 3654 661 3714 καταστὰς
715 3651 871 3722 παρὰ
908 3651 1198 3716 ϐασιλέως,
1238 3652 1306 3722 ῆν
1352 3649 1540 3702 ὤδινεν
1593 3648 1959 3703 ἐπανάστασιν

375 3746 462 3806 είς
497 3742 806 3814 τούμφανὲς
849 3741 1111 3812 ἐξήγαγε.
1157 3740 1364 3796 Μαθὼν
1409 3741 1516 3812 γὰρ
1558 3742 1615 3794 ὲν
1691 3742 1958 3811 ταραχαῖς

375 3831 518 3890 εἴναι
547 3833 614 3887 τά
644 3833 785 3886 κατὰ
813 3833 913 3903 τὴν
952 3833 1248 3904 Ἑσπέραν,
1277 3833 1351 3895 ὡς
1369 3831 1479 3884 τῶν
1495 3831 1703 3886 πόλεων
1729 3829 1955 3886 ἁπασῶν

377 3927 481 3982 ὑπὸ
500 3927 593 3980 τὸν
627 3925 914 3997 Βρυὲννιον
953 3925 1282 3996 γενομένων,
1313 3923 1441 3986 τοῦς
1479 3923 1622 3978 κατὰ
1654 3923 1754 3994 τὴν
1797 3923 1954 3977 Ἀνα-

374 4017 539 4089 τολὴν
581 4016 674 4070 καὶ
711 4016 874 4080 αὐτὸς
926 4014 1292 4086 συναθροίσας
1330 4011 1673 4084 στρατιώτας
1730 4012 1823 4066 καὶ
1861 4012 1954 4065 τὸν

375 4107 785 4181 Χρυσόσκουλον
804 4105 1177 4176 ἐπιδημοῦντα
1197 4103 1502 4176 τηνικαῦτα
1522 4105 1635 4168 τοῖς
1647 4103 1744 4175 τῆς
1763 4100 1957 4157 Ἐσπέ-

381 4217 479 4268 pa;
513 4200 704 4271 μέρεσι
739 4197 1180 4269 προσλαϐόμενος
1216 4197 1410 4267 (πάλαι
1452 4196 1565 4267 γὰρ
1597 4194 1734 4266 ἔφθη
1769 4212 1950 4266 προσ-

374 4294 632 4362 χωρήσας
689 4289 1008 4360 Ῥωμαίοις,
1081 4289 1321 4360 ὁπηνίκα
1371 4289 1473 4351 τὰς
1507 4287 1665 4358 ἡνίας
1699 4282 1804 4358 ἦγε
1853 4285 1955 4356 τῆς

377 4383 658 4455 βασιλείας
684 4384 713 4437 6
751 4382 1031 4450 Ῥωμανός
1071 4381 1354 4449 Διογένης,
1387 4378 1463 4443 ῶς
1496 4378 1526 4431 6
1550 4377 1706 4448 λόγος
1742 4376 1956 4446 φθάσας

2060 1942 2232 1997 metu,
2264 1949 2332 1987 ne
2371 1935 2776 1989 dissensionum
2830 1938 3036 2007 aliquid
3088 1939 3229 1994 inter
3263 1942 3405 1996 male
3453 1945 3640 2000 colim-

2060 2035 2244 2080 rentes
2273 2026 2459 2094 copias
2479 2035 2534 2082 et
2557 2026 2790 2081 defectio
2815 2029 3160 2098 secessioqne
3190 2035 3550 2098 quorumdam
3580 2037 3636 2090 in

2066 2116 2222 2184 117
2258 2116 2504 2171 discessu
2536 2115 2790 2171 oriretur.
2821 2116 3110 2182 Quaerebat
3142 2119 3307 2189 igitur
3336 2137 3445 2190 quo
3480 2133 3641 2192 pacto

2061 2219 2310 2260 securam
2345 2213 2398 2259 et
2435 2205 2714 2259 innoxiam
2749 2205 3054 2261 obsidionis
3101 2209 3432 2264 solutionem
3468 2211 3642 2266 habe-

2061 2304 2162 2351 ret.
2237 2295 2362 2351 Ilaac
2407 2297 2454 2351 ei
2537 2297 2762 2364 agitanti
2843 2299 3067 2353 nuntius
3114 2300 3264 2354 venit
3313 2299 3636 2372 Scytharum

2061 2387 2298 2457 aliquam
2328 2386 2731 2443 multitudinem
2761 2387 3008 2444 Haemum
3041 2399 3440 2462 transgressam
3473 2406 3639 2462 agros

2060 2492 2335 2549 pagosque
2361 2477 2505 2531 circa
2533 2475 2940 2532 Chersonesum
2975 2479 3260 2534 incursare
3294 2488 3636 2549 vastareqne.

2062 2570 2200 2628 Ilinc
2223 2582 2378 2643 rapto
2401 2581 2662 2640 pra-textu
2689 2572 2897 2626 recedit
2925 2587 2955 2625 a
2982 2571 3201 2625 civitate
3221 2573 3376 2641 quasi
3403 2570 3638 2642 Scythas

2061 2661 2390 2732 reprimemli
2438 2661 2619 2715 studio
2665 2660 2844 2730 iisque
2889 2660 3238 2715 commodum
3270 2675 3298 2712 a
3332 2660 3509 2728 praeda
3546 2675 3632 2712 re-

2063 2751 2402 2807 vertentibus
2456 2765 2752 2806 occurrens
2815 2763 3051 2818 pugnam
3115 2749 3413 2804 secundam
3487 2748 3639 2814 fecit,

2064 2843 2201 2899 fusis
2261 2841 2566 2914 fugatisque
2614 2841 2866 2906 cunctis,
2908 2841 3157 2910 plurimis
3195 2840 3499 2896 interfectis
3539 2855 3640 2896 nec

2063 2933 2420 3004 paucioribus
2447 2934 2641 3001 captis.
2670 2947 2810 3002 quos
2841 2931 2908 2985 ad
2940 2930 3164 2984 fratrem
3197 2931 3411 2986 rediens
3448 2930 3497 2984 ei
3537 2930 3639 2984 ob-

2065 3025 2210 3080 tulit.
2235 3021 2336 3089 Qui
2366 3039 2430 3078 ex
2468 3025 2533 3078 iis
2562 3023 2851 3078 occasione
2880 3021 3241 3092 transigenda:
3273 3037 3397 3076 cum
3420 3022 3640 3091 Scythis

2063 3117 2217 3186 pacis
2247 3123 2551 3185 opportune
2582 3123 2757 3184 capta,
2788 3113 3015 3169 redditis
3043 3114 3274 3183 captivis
3305 3114 3441 3167 alios
3467 3129 3498 3167 e
3529 3115 3641 3182 pri-

2059 3207 2306 3261 moribus
2337 3206 2664 3276 Scytharum
2696 3205 2916 3261 obsides
2963 3206 3174 3276 accepit
3209 3206 3474 3260 societate
3509 3221 3636 3260 eum

2059 3299 2128 3355 iis
2163 3299 2318 3352 ﬁrma
2355 3301 2673 3354 constituta.

2132 3391 2220 3442 15.
2267 3389 2402 3443 Dum
2435 3399 2614 3446 autem
2649 3391 2762 3443 haec
2791 3387 3154 3460 gerebantur,
3206 3389 3515 3443 Botaniates
3543 3389 3639 3443 Ni-

2060 3481 2331 3548 cephorus
2359 3495 2502 3534 unus
2525 3495 2556 3532 e
2579 3477 2940 3534 nobilissimis
2961 3475 3221 3541 Orientis,
3247 3494 3406 3548 quem
3433 3481 3635 3533 dudum

2039 3558 2356 3634 'imperator
2410 3564 2684 3618 universis
2719 3561 3014 3618 Orientalis
3067 3573 3274 3618 tractus
3324 3565 3640 3634 praefecerat

2059 3657 2254 3724 copiis,
2287 3669 2450 3724 quam
2500 3654 2708 3724 pridem
2757 3656 3095 3724 parturiebat
3140 3655 3488 3710 rebellionem
3533 3661 3634 3710 ali-

2058 3747 2278 3817 quando
2322 3745 2498 3815 palam
2553 3746 2795 3814 protulit.
2835 3745 3146 3815 Intelligens
3195 3745 3340 3800 enim
3391 3747 3638 3800 turbatas

2056 3853 2179 3894 esse
2223 3854 2309 3893 res
2351 3836 2702 3903 Occidentis,
2738 3837 3054 3893 civitatibus
3107 3837 3384 3907 plerisque
3428 3836 3635 3909 Bryen-

2057 3931 2207 3986 nium
2246 3931 2638 4001 sequentibus,
2670 3929 2911 3986 collectis
2966 3940 3021 3985 et
3073 3930 3190 3999 ipse
3239 3929 3293 3984 in
3339 3945 3507 3983 unum
3541 3931 3636 3996 qiii

2055 4029 2213 4078 erant
2243 4023 2392 4077 varie
2431 4037 2526 4092 per
2558 4019 2864 4075 Orientales
2895 4019 3206 4088 provincias
3235 4019 3409 4086 sparsi
3445 4019 3634 4072 militi-

2055 4111 2159 4168 bus
2187 4121 2242 4168 et
2273 4122 2556 4181 assumpto
2582 4111 2952 4182 Cbrysosculo
2989 4110 3081 4179 qui
3124 4118 3253 4162 tunc
3282 4109 3335 4162 in
3363 4107 3634 4164 Orciduas

2057 4212 2241 4272 partes
2291 4202 2684 4272 profectionem
2741 4200 3042 4256 adornabat
3071 4200 3305 4270 (dudum
3333 4200 3477 4254 enim
3509 4211 3635 4253 ante

2057 4293 2160 4347 hoc
2191 4303 2403 4362 tempus
2435 4293 2482 4346 is
2515 4291 2774 4346 Romanis
2804 4303 3134 4354 accesserat,
3159 4291 3265 4361 iam
3296 4301 3410 4346 tum
3434 4307 3497 4345 ex
3521 4309 3634 4361 quo

2058 4381 2344 4452 imperium
2377 4381 2792 4436 administrabat
2821 4381 3101 4438 Romanus
3129 4382 3410 4452 Diogenes,
3447 4392 3507 4436 ut
3537 4398 3600 4436 su

377 4475 666 4545 ἐδήλωσεν)
715 4475 888 4526 ἐπιὼν
941 4473 1040 4537 τὰς
1087 4472 1272 4535 πόλεις
1319 4471 1410 4541 ὑφ’
1461 4471 1654 4526 ἑαυτὸν
1692 4471 1950 4523 ἐποιεῖτο.

2063 4474 2248 4544 perius
2286 4472 2340 4527 in
2379 4472 2483 4527 hac
2529 4471 2759 4527 historia
2807 4471 3138 4541 docuimus),
3165 4472 3354 4528 obiens
3383 4473 3634 4529 civitates

377 4565 604 4618 Πάντων
649 4563 694 4616 δ’
732 4560 883 4632 αὐτῷ
913 4560 1458 4633 προσκεχωρηκότων
1531 4561 1561 4613 6
1615 4557 1956 4629 Μελισσηνδς

376 4655 712 4725 Νικηφόρος,
741 4656 798 4718 ἐς
829 4652 1154 4724 Βουρτζίους
1182 4669 1244 4706 τε
1269 4651 1366 4707 καὶ
1395 4651 1770 4722 Μελισσηνοὺς
1801 4650 1957 4705 ἀνέλ-

377 4763 489 4801 κων
530 4747 592 4800 τδ
638 4745 810 4815 γένος,
850 4745 930 4815 τῷ
983 4744 1276 4816 κρατοῦντι
1305 4744 1611 4814 τηνικαῦτα
1668 4743 1956 4814 Ῥωμαίων

375 4841 558 4892 ⁴πίστιν
585 4838 772 4907 τηρῶν
800 4837 1060 4908 πολέμιον
1088 4835 1268 4908 ἑαυτῷ
1296 4835 1388 4889 τὸν
1422 4837 1788 4906 Βοτανειάτην
1843 4837 1952 4889 ἀπ-

376 4928 569 4994 έδειξε.
601 4927 1002 4999 Προσεχώρησε
1048 4929 1106 4982 δὲ
1149 4931 1350 4998 τούτῳ..
1384 4928 1481 4981 καὶ
1537 4929 1566 4981 ό
1593 4926 1955 4996 Παλαιολόγος

375 5019 415 5072 Γ
418 5021 671 5091 εώργιος,
701 5020 841 5092 ἀνὴρ
861 5019 936 5074 ῶν
968 5021 1216 5088 γενναῖος
1241 5021 1348 5075 κάν
1379 5022 1492 5083 τοῖς
1519 5019 1838 5090 πολεμικοῖς
1865 5020 1956 5089 ἔρ-

375 5129 494 5180 γοις
524 5113 768 5184 ἀριστος,
797 5113 925 5183 ἄρτι
948 5112 994 5167 δ’
1017 5114 1082 5166 ὲκ
1101 5111 1530 5182 Μεσοποταμίας
1561 5110 1732 5166 ἐλθὼν
1769 5111 1954 5183 (ξυνῆν

374 5204 486 5273 γάρ
514 5205 692 5256 ἐκεῖσε
720 5202 798 5274 τῷ
835 5203 950 5274 ἰδίῳ
987 5207 1156 5275 πατρὶ
1183 5203 1420 5257 διέποντι
1453 5203 1552 5274 τὴν
1575 5206 1674 5274 τῆς
1700 5204 1952 5257 Μεσοπο-

375 5292 578 5360 ταμίας
600 5292 822 5364 ἀρχὴν),
851 5291 1174 5364 βουλόμενος
1211 5293 1289 5357 είς
1323 5292 1414 5347 τὸν
1443 5292 1752 5363 κρατοῦντα
1775 5293 1954 5344 πίστιν

374 5388 615 5456 τηρῆσαι
641 5386 998 5456 ἁκράδαντον.

445 5485 546 5543 ις’.
579 5479 640 5532 '0
660 5479 790 5548 γοῦν
812 5479 1174 5550 Βοτανειάτης
1188 5480 1298 5534 τῶν
1321 5479 1495 5535 ἄλλων
1520 5480 1776 5535 ἁπάντων
1800 5478 1953 5550 αὑτῷ

372 5573 916 5642 προσκεχωρηκότων
947 5572 1168 5643 ἀπάρας
1195 5574 1258 5626 ἐκ
1290 5573 1390 5642 τῆς
1418 5573 1658 5642 Φρυγίας
1685 5574 1823 5642 πρὸς
1853 5570 1952 5640 τὴν

372 5661 628 5715 Βιθυνίαν
653 5664 931 5733 ἠπείγετο,
959 5663 1295 5732 διεπέμπετο
1336 5664 1394 5716 δὲ
1424 5667 1519 5716 καὶ
1559 5662 1698 5734 πρὸς
1736 5661 1862 5724 τοὺς
1893 5661 1951 5714 ἐν

373 5751 441 5823 τῇ
484 5750 638 5806 πόλει
665 5752 863 5824 λάθρα,
908 5751 1079 5824 τιμὰς
1131 5753 1392 5823 μεγίστας
1436 5753 1530 5807 καὶ
1578 5750 1787 5822 δωρεάς
1834 5753 1948 5813 τοῖς

2060 4565 2165 4620 sibi
2193 4564 2537 4636 subjiciebat.
2566 4564 2792 4622 Cunctis
2821 4573 3000 4620 autem
3035 4565 3236 4634 passim
3273 4565 3326 4619 in
3355 4565 3476 4634 ejus
3509 4580 3635 4634 par-

2057 4666 2140 4714 tes
2176 4657 2606 4724 transeuntibus,
2626 4655 2946 4715 Melissenus
2964 4657 3323 4727 Nicephorus,
3351 4672 3380 4710 e
3399 4656 3632 4709 Burtziis

2061 4750 2223 4822 118
2250 4759 2304 4806 et
2329 4749 2633 4806 Melissenis
2662 4766 2834 4822 genus
2865 4751 3092 4816 ducens,
3126 4751 3282 4804 tidem
3317 4747 3631 4817 imperatori

2057 4858 2306 4910 servans,
2331 4843 2385 4897 in
2415 4857 2474 4898 se
2503 4857 2654 4897 arma
2686 4841 2985 4897 Botaniata:
3017 4840 3310 4897 convertit.
3341 4838 3634 4894 Melisseno

2057 4949 2117 4990 se
2152 4933 2402 5004 adiunxit
2431 4933 2546 5004 pari
2582 4933 2857 4987 tidelitatis
2885 4930 3132 4986 Michaeli
3163 4928 3486 5000 praestanda:
3517 4939 3633 4984 stn-

2056 5027 2148 5082 dio
2179 5025 2514 5096 Palazologus
2540 5023 2826 5094 Georgius,
2859 5023 2942 5076 vir
2978 5021 3137 5076 fortis
3171 5029 3224 5075 et
3258 5020 3462 5076 bellicis
3495 5020 3628 5076 faci-

2058 5117 2284 5172 noribus
2314 5116 2593 5187 egregius,
2625 5128 2818 5170 recens
2847 5128 2876 5166 e
2907 5111 3294 5181 Mesopotamia
3314 5153 3331 5180 ,
3361 5114 3453 5170 ubi
3488 5113 3630 5183 patri

2056 5221 2172 5262 eam
2204 5207 2540 5278 provinciam
2570 5201 2972 5259 administranti
3003 5201 3272 5256 adfuerat.

2129 5474 2214 5531 16.
2236 5473 2546 5529 Βοιιιηῑιιιρε
2567 5471 2750 5544 igitur,
2771 5471 2894 5528 aliis
2915 5471 3125 5527 cunctis
3153 5483 3345 5541 praeter
3368 5468 3468 5524 bos
3489 5469 3628 5522 duos

2056 5569 2156 5638 ipsi
2204 5566 2730 5637 obtemperantibus,
2789 5564 2952 5619 motis
2997 5565 3195 5620 castris
3239 5578 3270 5618 e
3304 5561 3536 5633 Phrygia
3572 5561 3628 5615 in

2055 5658 2360 5730 Bithyniam
2394 5658 2686 5712 ferebatur.
2718 5654 2936 5710 Miserat
2968 5665 3150 5709 autem
3181 5654 3234 5708 in
3269 5653 3454 5707 urbem
3487 5649 3627 5703 clam

2054 5752 2145 5821 qui
2195 5763 2295 5806 suo
2323 5750 2542 5806 nomine
2594 5747 2932 5819 principibus
2971 5746 3351 5815 promitterent
3380 5752 3628 5799 summos
