4070 6214
447 351 542 422 167

1647 351 2070 417 ΝῘΟΕΡΗΟΒΙ
2111 352 2483 414 BRYENNII

3601 347 3702 414 168

444 468 789 541 pollicentes.
823 470 1034 536 Quibus
1065 470 1156 526 ille
1192 470 1416 535 auditis,
1447 470 1581 524 nihil
1616 481 1908 529 cunctatus
1939 485 2021 527 re-

2131 472 2268 543 μηὸὲ
2292 470 2353 524 τὸ
2378 469 2542 540 τυχὸν
2584 469 2884 536 ἀναμείνας
2916 465 3188 536 ἀντέφησε
3224 464 3360 537 πρὸς
3397 464 3490 519 τὸν
3536 465 3706 538 ἄνδρα

443 559 582 622 nuit,
612 559 762 615 aiens
801 562 965 617 nullis
995 577 1053 617 se
1087 575 1326 629 unquam
1368 559 1776 616 conditionibus
1812 575 1878 616 eo
1918 559 2016 614 ad-

446 649 756 705 ducendum
789 661 850 705 ut
879 652 1067 706 volens
1099 653 1486 722 imperatorem
1511 651 1700 708 fratris
1729 653 1814 708 sui
1848 651 2018 706 lilium

447 742 719 813 proderet.
751 743 875 799 Mox
912 761 1037 800 cum
1080 747 1174 816 qui
1211 746 1278 801 ad
1315 761 1376 801 se
1413 755 1637 802 venerat
1673 746 1742 801 ad
1775 745 2021 817 logothe-

441 845 556 889 iam
589 836 790 901 mittit,
833 853 1035 908 rogans
1084 848 1140 894 ut
1191 853 1317 894 cum
1370 840 1585 894 audiret
1632 839 1926 908 auditaque
1955 837 2024 893 ad

443 926 830 995 imperatorem
873 929 1136 996 referret,
1171 938 1226 986 et
1271 945 1394 1000 quae
1424 932 1478 986 in
1505 945 1620 987 rem
1652 930 1746 987 tali
1779 939 2024 1001 tempore

367 1071 378 1084 δ
441 1015 622 1070 forent
653 1030 855 1088 ageret.
1952 1026 1954 1028 ’

509 1108 599 1161 19.
630 1109 702 1163 At
739 1111 784 1163 is
818 1111 910 1179 qui
942 1111 1008 1166 ad
1046 1111 1318 1168 Cmsarem
1355 1122 1582 1168 venerat
1631 1126 1692 1169 se
1719 1110 2024 1182 deprehen-

437 1214 561 1254 sum
612 1211 668 1276 e't
715 1203 1002 1274 logothetze
1073 1205 1317 1262 deditum
1395 1206 1610 1273 videns,
1660 1205 1952 1277 quemdam
1994 1219 2025 1260 e

434 1291 800 1350 familiaribus
841 1307 1111 1352 astantem
1169 1299 1224 1353 in
1263 1314 1453 1354 aurem
1485 1300 1770 1370 alloquens
1802 1299 1868 1352 ad
1891 1311 2023 1352 con-

432 1379 645 1450 iuratos
690 1385 848 1454 122
901 1388 1052 1442 misit
1111 1388 1433 1456 indicatum,
1488 1405 1547 1444 se
1601 1389 2023 1458 haudquaquam

429 1472 539 1526 sibi
572 1478 853 1530 consciunt
890 1493 1012 1534 esse.
1038 1490 1226 1532 earnm
1247 1479 1444 1534 viriqu
1471 1479 1640 1534 animi
1669 1489 1724 1536 et
1756 1481 2024 1549 corporis,

426 1578 558 1631 quae
591 1565 848 1621 resistere
900 1569 1190 1624 tormentis
1250 1577 1306 1622 et
1368 1585 1559 1624 vocem
1623 1570 1678 1624 in
1725 1571 2026 1640 quaestione

432 1655 717 1710 continere
750 1669 995 1725 possent.
1025 1657 1205 1725 Quare
1238 1659 1319 1714 sic
1346 1659 1609 1715 haberent
1635 1676 1694 1716 se
1747 1661 2023 1716 iussurum

434 1747 620 1800 omnia
671 1763 794 1818 qua:
826 1752 1012 1806 sciret.
1072 1750 1207 1806 Esse
1261 1751 1503 1820 ipsorum
1556 1753 1856 1821 prudentia:
1912 1754 2024 1808 cito

2119 563 2196 626 ὡς
2221 562 2338 616 οῦτι
2357 562 2500 616 ἑκὼν
2531 564 2754 632 πρόοιτο
2795 560 2864 615 ἂν
2885 559 2947 613 τὸ
2961 558 3054 612 τὸῦ
3081 557 3301 628 ἀνεψιοῦ
3322 557 3419 612 καὶ
3440 557 3706 629 βασιλέως

2124 654 2428 725 συμφέρον.
2459 655 2570 708 Καὶ
2598 654 2772 725 χρὴ...
2813 651 3006 706 τοῦτον
3045 651 3281 704 ἀπιόντα
3314 650 3454 720 πρὸς
3498 649 3593 704 τὸν
3618 650 3707 704 λο-

2123 745 2355 816 γοθέτην
2393 745 2728 815 ἐξέπεμπεν,
2788 742 3022 797 ἀκοῦσαι
3061 741 3254 795 τούτου
3314 740 3554 795 κελεύων
3611 740 3709 797 καὶ

2123 837 2436 893 ἀκούσαντα
2468 837 2608 910 πρὸς
2631 836 2861 908 βασιλέα
2884 835 3203 904 ἀνενεγκεῖν
3223 833 3320 889 καὶ
3347 833 3708 905 οἰκονομῆσαι

2123 929 2194 985 τὰ
2217 930 2425 987 δέοντα.

2199 1107 2287 1162 ιθ⁹.
2326 1107 2385 1162 '0
2429 1105 2488 1162 δὲ
2542 1105 2723 1161 ἀπιὼν
2774 1105 2884 1160 τῶν
2932 1105 3063 1175 περὶ
3110 1104 3274 1159 αὐτὸν
3324 1105 3422 1160 ἕνα
3472 1106 3708 1172 καλέσας

2124 1199 2417 1255 ἀπέστειλε
2445 1199 2584 1270 πρὸς
2620 1199 2748 1263 τοὺς
2789 1200 3128 1268 συνωμότας,
3162 1195 3383 1267 μηνύων
3415 1198 3597 1260 αὐτοῖς
3631 1199 3706 1262 ὡς

2124 1292 2425 1362 ἐπειδήπερ
2459 1288 2608 1360 ἀλῴη
2646 1290 2723 1361 μὴ
2751 1283 2865 1352 οἷός
2896 1304 2954 1341 τε
2995 1287 3071 1341 ὢν
3120 1287 3310 1357 φέρειν
3360 1289 3631 1357 μάστιγας
3670 1287 3705 1358 ἢ

2125 1383 2351 1445 καὶτὰς
2403 1382 2468 1434 ἐκ
2514 1380 2766 1451 βασάνων
2821 1378 3012 1443 ποινὰς
3052 1378 3273 1448 ἕτοιμός
3322 1379 3443 1432 ἐστι
3477 1379 3708 1449 φράζειν

2123 1474 2270 1544 ἅπερ
2300 1473 2501 1544 εἰδείης
2525 1473 2805 1544 ι’Μελὴσει
2833 1470 2881 1526 δ’
2902 1473 3053 1542 ὑμῖν,
3078 1489 3096 1522 ι
3133 1471 3328 1539 φησὶν,
3357 1489 3376 1523 ι
3403 1471 3569 1538 ὀξέως
3587 1471 3711 1541 βου-

2125 1565 2427 1619 λεύσασθαι
2458 1564 2588 1636 περί
2621 1562 2715 1617 τοῦ
2751 1563 3144 1634 ξυμφέροντος.
3169 1581 3190 1617 ι
3229 1561 3288 1616 '0
3317 1564 3418 1634 μὲν
3446 1562 3538 1617 οῦν
3571 1563 3709 1618 ταῦ-

2123 1673 2190 1709 τα
2215 1653 2384 1709 είπὼν
2424 1655 2670 1724 ἀπήγετο
2705 1655 2842 1726 πρὸς
2889 1652 2983 1708 τὸν
3029 1652 3330 1724 λογοθέτην
3377 1655 3474 1709 καὶ
3522 1655 3702 1709 πᾶντα

2124 1745 2361 1816 ἔφραζεν
2395 1746 2496 1798 ὅσα
2527 1745 2816 1816 ἠπίστατο.
2874 1743 2934 1798 ’0
2978 1743 3036 1798 δὲ
3071 1744 3208 1816 πρὸς
3259 1744 3350 1798 τὸν
3397 1745 3708 1816 κρατοῦντα

431 1838 740 1905 providere,
766 1855 874 1909 quo
907 1849 1066 1909 pacto
1119 1841 1169 1894 ei
1207 1856 1498 1896 occurrere
1530 1830 1878 1897 incommodo
1901 1858 2018 1896 ma-

2127 1837 2308 1893 πάντα
2342 1835 2627 1906 ἀνέφερεν.
2655 1836 2852 1906 Ἔτυχε
2884 1834 2942 1888 δὲ
2969 1835 3275 1906 τηνικαῦτα
3311 1837 3502 1907 παρὼν
3537 1839 3632 1890 καὶ
3673 1841 3703 1891 ὁ

435 1924 616 1978 tut-ius
650 1926 862 1993 agendo
890 1943 1012 1995 qum
1037 1928 1217 1982 serius
1264 1929 1632 1984 destinassent
1666 1939 1888 2000 queant.
1912 1929 2009 1986 His

431 2013 526 2068 ille
558 2014 742 2079 dictis,
775 2016 1044 2071 adductus
1095 2020 1162 2071 ad
1209 2019 1540 2088 logothetam
1575 2035 1699 2089 quae
1745 2032 1872 2076 uota
1927 2021 2026 2076 ba-

434 2102 598 2158 bcbat
646 2116 843 2160 cuncta
889 2108 1134 2174 protulit.
1180 2107 1484 2177 Logotheta
1541 2125 1669 2165 vero
1699 2125 1826 2165 mox
1852 2114 2024 2182 impe-

430 2196 602 2248 ratori
634 2197 818 2251 omnia
857 2197 1124 2254 referente
1168 2199 1343 2254 adfuit
1379 2200 1520 2256 forte
1579 2218 1825 2272 praesens
1854 2202 2024 2259 Com-

431 2296 626 2342 nemus
675 2289 899 2344 Alexius
944 2299 998 2344 et
1050 2291 1180 2360 quid
1225 2292 1496 2362 agendum
1543 2304 1794 2350 censeret
1843 2294 2026 2351 dicere

424 2377 619 2448 jussus
680 2382 888 2450 optime
931 2383 1172 2449 censuit,
1223 2394 1478 2453 oportere
1552 2402 1718 2456 quam
1788 2388 2023 2457 primum

430 2470 624 2527 missis
677 2472 946 2528 militibus
993 2473 1313 2543 conjuratos
1363 2475 1844 2544 comprehendere.
1877 2477 2024 2532 Idem

427 2575 654 2632 quoque
711 2564 994 2619 videbatur
1034 2565 1262 2631 Caesari,
1299 2577 1352 2621 et
1409 2567 1682 2636 logotheta
1737 2569 2023 2638 probabat.

413 2650 545 2704 'Sed
574 2651 885 2720 imperatori
924 2669 1031 2708 non
1086 2654 1295 2725 placuit
1337 2656 1574 2723 timenti,
1609 2668 1667 2712 ut
1697 2659 1900 2724 aiebat,
1935 2676 2023 2725 ne,

433 2741 486 2794 si
536 2756 634 2810 per
667 2756 880 2799 noctem
939 2761 1061 2815 quae
1106 2747 1220 2817 jam
1259 2748 1548 2820 ingruebat
1597 2751 1766 2822 aliqui
1805 2753 2026 2807 militari

430 2848 600 2887 manu
658 2846 1008 2906 caperentur,
1050 2840 1321 2896 tumultus
1359 2842 1412 2895 in
1445 2842 1666 2898 civitate
1729 2843 1902 2898 ﬁeret.
1937 2843 2029 2899 Sic

429 2919 597 2992 igitur
629 2922 813 2979 divina
865 2924 1216 2983 Providentia
1274 2944 1458 2984 errare
1526 2931 1871 3002 pennitteute
1927 2933 2029 2986 im-

430 3007 706 3084 peratoris
751 3015 1025 3085 judicium
1077 3028 1133 3073 et
1185 3035 1294 3075 non
1336 3022 1479 3076 ultra
1527 3038 1692 3092 quam
1753 3023 1806 3076 in
1871 3024 2014 3078 diem

2123 1923 2412 1995 Κομνηνδς
2467 1923 2724 1990 Ἀλέξιος,
2767 1924 2862 1976 καὶ
2905 1922 3133 1994 γνώμην
3163 1925 3496 1992 εἰσενεγκεῖν
3539 1927 3707 1978 ἀπαι-

2123 2016 2386 2082 τούμενος
2437 2013 2633 2086 βουλὴν
2681 2015 2910 2086 ἀρίστην
2944 2017 3258 2087 εἰσήνεγκε,
3287 2017 3468 2086 φήσας
3497 2018 3572 2081 ώς
3601 2017 3709 2089 χρὴ

2124 2106 2338 2176 ταχέως
2383 2105 2725 2178 στρατιώτας
2775 2107 3088 2176 ἐκπέμπειν
3133 2107 3357 2160 καὶτοῦ
3393 2107 3712 2178 σκέμματος

2123 2199 2391 2270 ἄρχοντας
2425 2197 2843 2270 ξυλλαμϐάνειν.
2888 2199 3169 2269 Ἐφαίνετο
3215 2200 3316 2269 μὲν
3346 2201 3440 2254 καὶ
3459 2200 3536 2271 τῷ
3569 2199 3712 2256 Καί-

2131 2308 2260 2361 σαρι
2318 2293 2414 2346 καὶ
2487 2290 2565 2361 τῷ
2627 2289 2890 2363 λογοθέτῃ
2936 2291 3138 2362 ἀρίστη
3193 2292 3388 2347 πασῶν
3446 2297 3479 2363 ἡ
3549 2294 3715 2366 βιυλὴ

2126 2383 2304 2454 αὕτη,
2371 2382 2450 2453 τῷ
2497 2382 2556 2436 δὲ
2603 2381 2897 2453 κρατοῦντι
2941 2383 3043 2436 οὐκ
3098 2384 3336 2454 ἤρεσκεν
3384 2401 3400 2416 ο
3446 2385 3551 2456 ἤδη
3606 2387 3716 2457 γὰρ

2125 2476 2284 2546 ὀψίας
2326 2474 2630 2546 οὔσης-τῆς
2675 2474 2827 2546 ὥρας
2869 2474 3045 2530 ἐδόκει
3096 2474 3326 2546 θόρυῦόν
3375 2492 3434 2529 τε
3478 2478 3574 2530 καὶ
3608 2493 3714 2530 τα-

2129 2567 2300 2639 ραχὴν
2357 2567 2615 2636 γενέσθαι
2681 2568 2748 2638 τῇ
2797 2566 2951 2620 πόλει
3000 2567 3147 2632 τινὰ,
3194 2567 3261 2636 ἢν
3311 2566 3488 2637 ἀλῷέν
3545 2585 3714 2634 τινες.

2128 2657 2242 2729 Τῆς
2274 2657 2408 2727 γοῦν
2462 2657 2727 2728 Προνοίας
2770 2657 3055 2729 σφηλάσης
3100 2657 3201 2728 τὴν
3239 2656 3334 2712 τοῦ
3382 2658 3710 2730 κρατοῦντος

2127 2751 2354 2820 γνώμην
2405 2751 2498 2803 καὶ
2537 2752 2618 2814 εἰς
2641 2751 2740 2822 τὴν
2772 2749 2965 2822 αῦριον
2994 2751 3315 2822 τηρησάσης
3345 2754 3415 2806 τὰ
3448 2753 3548 2822 τῆς
3584 2753 3712 2806 τού-

2125 2859 2236 2896 των
2269 2842 2622 2913 ζωγρῄσεως,
2656 2843 2896 2906 ἅπαντες
2933 2842 3130 2914 ὄρθρου
3163 2843 3354 2914 βαθέος
3386 2844 3445 2896 ὲν
3485 2844 3563 2916 τῷ
3595 2844 3712 2917 ναῷ

2129 2933 2231 2998 τῆς
2262 2932 2355 2986 τοῦ
2383 2933 2520 2987 Θεοῦ
2554 2934 2752 3002 Σοφίας
2798 2933 3279 3006 συναθροισθέντες
3307 2936 3407 3000 τάς
3437 2953 3497 2988 τε
3541 2953 3714 3007 φρου-

2130 3025 2230 3096 ρὰς
2262 3024 2361 3086 τὰς
2396 3026 2454 3078 ἐν
2475 3027 2540 3095 τῇ
2569 3027 2723 3080 πόλει
2755 3026 3068 3092 ἀνοίξαντες
3097 3026 3194 3081 καὶ
3221 3027 3349 3090 τοὺς
3384 3027 3716 3091 καταδίκους

431 3107 736 3163 crastinum
767 3109 1052 3166 dill‘erente
1106 3111 1228 3182 ejus
1259 3121 1314 3167 et
1340 3112 1392 3168 ei
1427 3113 1829 3168 adhaerentium
1856 3114 2021 3184 capti‘

2129 3113 2473 3180 ὁπλίσαντες,
2504 3113 2593 3186 [Ρ.
2627 3114 2719 3187 82]
2765 3115 2902 3183 πρὸς
2931 3115 2988 3168 δὲ
3016 3115 3111 3170 καὶ
3147 3116 3268 3169 ὅσον
3304 3111 3450 3186 εἶχεν
3483 3113 3714 3181 ἕκαστος

431 3197 683 3266 vitatem,
745 3201 920 3257 relicti
985 3204 1260 3274 canjurati
1304 3205 1484 3260 securi
1519 3206 1576 3260 in
1632 3221 1751 3260 eam
1812 3215 2021 3261 noctem

2129 3183 2525 3276 θεραπευτικὸν
2574 3207 2666 3261 καὶ
2701 3183 3006 3274 οἰκετικὸν,
3055 3183 3368 3287 ἐξέπεμπον
3379 3183 3389 3186 ﬁ
3419 3207 3558 3279 πρὸς
3588 3209 3718 3274 τοὺς

431 3292 696 3361 postridie
731 3293 872 3350 bene
910 3311 1072 3352 mane
1112 3297 1166 3351 in
1203 3299 1406 3368 templo
1456 3297 1514 3354 S.
1546 3299 1769 3369 Sophia!
1801 3313 2021 3370 congre-

2128 3297 2239 3352 τῶν
2269 3299 2327 3352 ὲν
2353 3299 2497 3352 τέλει
2531 3298 2605 3369 μὴ
2649 3299 3023 3371 μετασχόντας
3055 3299 3236 3355 αὐτῶν
3267 3299 3361 3354 τοῦ
3398 3299 3704 3371 βουλεύμα-

433 3383 566 3453 gati,
599 3387 804 3456 apertis
863 3389 1016 3443 urbis
1053 3391 1321 3445 custodiis
1347 3401 1400 3446 et
1429 3392 1497 3447 iis
1532 3393 1626 3461 qui
1658 3392 1812 3462 prius
1869 3400 2021 3448 erant

2129 3407 2244 3454 τος,
2267 3391 2366 3445 ’καί
2401 3393 2688 3463 έμπιπρᾷν
2721 3393 2819 3456 τάς
2860 3391 3038 3455 οἰκίας
3065 3393 3326 3464 ἠπείλουν
3371 3395 3420 3446 εἰ
3463 3392 3536 3464 μὴ
3568 3392 3708 3464 πρὸς

435 3474 604 3530 vincti
666 3477 1024 3549 damnatique
1104 3483 1694 3552 armatis,_praaterea
1759 3494 2021 3553 quantum

2128 3483 2325 3545 αὐτοὺς
2359 3484 2752 3554 παραγένοιντο
2799 3485 2896 3538 καὶ
2943 3484 3036 3538 τοῦ
3091 3485 3408 3556 σκέμματος
3449 3488 3713 3552 κοινωνή-

433 3567 669 3636 quisque
708 3568 900 3623 habuit
933 3585 1217 3626 servorum
1240 3573 1738 3628 etdomesticornm
1765 3575 2019 3638 armavit,

434 3674 770 3727 manumque
799 3677 866 3714 ex
902 3662 984 3715 his
1031 3665 1265 3717 validam
1324 3664 1689 3720 circummisit
1737 3667 1804 3719 ad
1830 3677 2020 3735 poten-

432 3753 604 3806 tiores
634 3766 664 3804 a
692 3753 1076 3822 coniuratione
1109 3757 1318 3811 alienos
1344 3771 1468 3810 cum
1515 3757 1680 3811 ntinis
1705 3757 2021 3813 iucendien-

430 3845 485 3898 di
525 3845 719 3899 domos
762 3860 973 3911 eorum,
999 3847 1051 3899 ni
1089 3846 1142 3900 iu
1173 3851 1585 3914 conjuratorum
1624 3859 1807 3918 partes
1835 3859 2018 3905 trans-

436 3935 595 3989 irent.
646 3933 864 3991 Littera:
945 3952 1112 4008 porro
1167 3954 1306 4008 quas
1354 3941 1609 3995 mandata
1665 3941 1778 3996 hzec
1829 3956 2021 3996 eorum

2131 3593 2304 3630 σαιεν.
2335 3575 2634 3646 Γράμμασι
2663 3575 2719 3628 δὲ
2755 3575 3146 3647 στελλομένους
3187 3576 3559 3646 ὲφοδιάζοντες
3613 3577 3715 3629 έπ-

2132 3666 2373 3734 έγραφον
2406 3663 2578 3728 οὕτως
2601 3683 2616 3696 ·
2650 3685 2669 3717 ι
2705 3667 2768 3720 Οἰ
2801 3665 3094 3736 ἁγιώτατοι
3133 3669 3491 3740 πατριάρχαι,
3521 3672 3554 3740 ἡ
3591 3669 3717 3722 σύν-

2128 3758 2246 3820 οδος
2275 3759 2368 3812 καὶ
2406 3759 2440 3830 ή
2499 3757 2802 3828 σύγκλητος
2855 3760 3217 3829 συγκαλοῦσιν
3267 3762 3407 3831 ὑμᾶς
3455 3766 3584 3832 περὶ
3623 3764 3716 3815 τὸν

2131 3851 2482 3923 περιώνυμον
2506 3853 2606 3923 τῆς
2635 3851 2728 3905 τοῦ
2755 3850 2890 3904 Θεοῦ
2925 3852 3144 3921 Σοφίας.
3180 3873 3198 3906 ι
3234 3854 3344 3907 Καὶ
3381 3856 3429 3907 οἰ
3453 3855 3550 3923 μὲν
3569 3855 3716 3907 ἑκόν-

2129 3960 2244 4008 τες,
2270 3945 2319 3997 οἰ
2346 3944 2403 3997 δὲ
2435 3943 2663 4007 ἄκοντες
2702 3944 3047 4014 συνέτρεχον.

432 4027 766 4084 abeuntibus
793 4029 1060 4085 dederunt
1107 4031 1213 4086 hoc
1263 4032 1423 4086 titulo
1455 4034 1786 4103 praescripta:
1814 4041 2009 4089 erant:
2051 4053 2071 4087 ι
2141 4033 2490 4092 Sanctissimi
2531 4035 2877 4106 patriarchae,
2905 4034 3148 4106 synodus
3203 4044 3259 4091 et
3301 4043 3524 4092 senatus
3579 4049 3716 4089 cou-

430 4131 630 4178 vocant
663 4137 760 4178 vos
803 4123 958 4195 123
981 4125 1035 4179 in
1084 4127 1299 4183 celebre
1333 4128 1593 4198 templum
1628 4127 1688 4183 S.
1721 4128 1957 4199 Sephiaa.
1992 4147 2011 4182 ι
2042 4129 2127 4186 Ad
2161 4147 2326 4202 quam
2384 4131 2701 4186 citationem
2745 4129 2940 4198 partim
2971 4131 3262 4198 ,voleutes,
3326 4132 3523 4203 partim
3558 4130 3714 4185 Inviti

428 4220 636 4288 possim
669 4233 781 4287 quo
829 4221 1172 4276 vocabantur
1212 4225 1633 4279 concurrebant.

413 4357 431 4373 ,
501 4314 595 4370 20.
666 4295 764 4370 His
816 4319 1049 4388 principi
1080 4321 1370 4386 nuntiatis,
1437 4321 1753 4378 Comueuus
1799 4323 2025 4378 Alexius

431 4410 628 4478 raptim
674 4411 988 4475 arcessitur,
1013 4421 1065 4465 et
1109 4413 1404 4483 imperator
1435 4431 1503 4471 ex
1537 4430 1602 4470 eo
1639 4417 1838 4486 quaerit
1891 4418 2023 4487 quid

2209 4327 2279 4375 κ’.
2321 4318 2724 4389 ’Δγγελθέντων
2756 4318 2812 4373 δὲ
2845 4317 3050 4373 τούτων
3090 4317 3171 4390 τῷ
3208 4318 3420 4390 βασιλεῖ
3443 4322 3470 4373 ὀ
3495 4320 3721 4394 Κομνη-

2133 4413 2222 4476 vi);
2269 4412 2505 4476 ’Δλέξιος
2553 4410 2962 4481 μετεπέμπετο,
2997 4409 3093 4465 καὶ
3131 4409 3159 4461 ὁ
3190 4409 3444 4479 βασιλεὺς
3476 4411 3717 4466 ἑπυνθά-

431 4515 573 4568 opus
612 4496 757 4554 facto
819 4500 912 4554 tali
954 4501 1185 4556 articulo
1241 4518 1448 4558 rerum.
1497 4504 1802 4562 Concilium
1858 4507 2021 4578 hujus

2129 4521 2252 4558 νετο
2298 4503 2492 4557 τούτου
2522 4503 2624 4556 ὅτι
2655 4503 2761 4574 χρὴ
2797 4504 3062 4574 πράττειν
3109 4502 3204 4556 ἐπὶ
3251 4505 3365 4567 τοῖς
3416 4503 3710 4574 ξυμσᾶσιν.

426 4588 533 4643 fuit
564 4591 833 4660 optimum
888 4600 942 4646 et
996 4593 1375 4651 utilissimum.
1409 4594 1556 4651 Dixit
1588 4599 1734 4653 enim
1789 4615 2023 4672 congre-

426 4692 566 4752 gnte
583 4683 722 4753 apud
740 4684 1062 4754 conjuratos
1080 4685 1446 4743 multitudinis
1468 4689 1785 4762 pleramque
1809 4703 2020 4762 partem

441 4774 716 4830 imbellem
783 4786 838 4830 et
891 4774 1012 4830 vilis
1072 4778 1402 4836 conditionis
1433 4796 1597 4837 esse:
1657 4800 1828 4853 quare
1876 4785 2023 4856 ipsos

429 4881 781 4937 nequaquam
839 4867 893 4921 in
954 4867 1076 4922 loco
1125 4870 1482 4938 constituros,
1519 4873 1564 4928 si
1609 4883 1798 4929 contra
1833 4891 1891 4930 se
1933 4893 2024 4932 ve-

433 4959 647 5015 nientes
692 4960 944 5016 viderent
1003 4963 1154 5018 viros
1203 4963 1498 5020 bellicosos
1561 4976 1712 5021 certo
1748 4968 2022 5036 pugnandi

430 5051 691 5107 concilio.
717 5051 983 5122 Oportere
1019 5055 1185 5127 igitur
1215 5058 1558 5127 securigeros
1584 5061 1844 5115 custodes
1872 5059 2025 5129 prin-

427 5145 612 5215 cipum
669 5146 854 5202 statim
905 5147 960 5200 in
1009 5163 1103 5202 cos
1144 5147 1438 5202 immittere
1494 5149 1598 5203 sub
1652 5149 1836 5218 aliquo
1888 5151 2025 5206 duce

429 5223 583 5291 Iorti.
615 5233 739 5290 llzec
783 5236 1012 5292 audiens
1044 5241 1342 5308 imperator
1386 5238 1732 5308 improbavit,
1765 5255 1836 5294 au
1873 5243 2024 5312 igna-

427 5326 518 5381 via
546 5337 859 5398 correptus,
925 5344 991 5384 an
1026 5329 1350 5383 exceHentia
1406 5328 1626 5385 virtutis
1679 5332 2020 5400 superiorem

427 5417 648 5474 casibus
679 5420 932 5476 humanis
967 5422 1213 5474 animum
1247 5437 1450 5494 gerens
1501 5423 1709 5476 nescio.
1731 5423 1862 5479 illud
1892 5441 2026 5480 con-

428 5519 540 5565 stat
575 5510 777 5582 ipsutn,
811 5527 932 5567 cum
962 5513 1234 5582 potuisset
1270 5514 1577 5583 Oppritnere
1621 5515 1944 5571 seditionem
1965 5527 2025 5572 et

426 5599 708 5657 ﬂammam
751 5605 1018 5658 orientem
1077 5605 1395 5674 priusquam
1447 5607 1500 5659 iu
1538 5606 1856 5664 incendium
1903 5627 2021 5665 ma-

437 5690 648 5746 ximum
700 5693 1452 5764 invalesceretexstinguere,
1493 5697 1757 5751 noluisse.

509 5783 601 5838 2i.
634 5783 746 5843 Nec
771 5793 958 5844 tamen
1003 5787 1090 5844 hic
1146 5786 1384 5844 ces:av.it
1449 5786 1764 5848 Comucnus
1833 5801 2024 5862 urgere

2138 4596 2200 4650 '0
2222 4596 2280 4650 δὲ
2328 4594 2524 4667 βουλὴν
2550 4596 2735 4665 εἰσῆγε
2767 4595 2914 4665 μάλα
2941 4595 3039 4665 μὲν
3066 4595 3320 4666 ἀρίστην,
3354 4596 3497 4666 μάλα
3531 4596 3587 4649 δὲ
3617 4596 3715 4650 λυ-

2127 4686 2537 4756 σιτελεστάτην.
2562 4687 2774 4756 Ἔφησε
2816 4688 2925 4757 γὰρ
2959 4687 3036 4750 ώς
3085 4686 3178 4739 τοῦ
3227 4688 3715 4758 συναθροισθέντος

2126 4778 2368 4849 πλήθους
2391 4781 2452 4831 τὸ
2478 4777 2732 4831 πλεῖστον
2760 4778 2928 4831 ἀπόλε
2939 4779 3037 4848 μόν
3063 4777 3120 4831 τέ
3153 4779 3266 4831 ἐστι
3299 4778 3392 4832 καὶ
3412 4777 3711 4850 βάναυσον,

2125 4873 2219 4923 καὶ
2251 4871 2352 4924 οὐκ
2379 4870 2444 4924 ἀν
2484 4871 2775 4925 ὑποσταῖεν
2803 4871 3290 4940 καθωπλισμένους
3321 4871 3523 4942 ἄνδρας
3571 4873 3713 4925 ἰδόν-

2124 4977 2215 5024 τες
2246 4961 2342 5014 καὶ
2377 4963 2512 5032 πρὸς
2538 4962 2716 5032 μάχην
2746 4961 3017 5033 ἑτοίμους·
3054 4981 3072 5012 ι
3102 4962 3220 5033 Χρὴ
3249 4962 3380 5030 γοῦν
3409 4964 3718 5034 πελεκηφὸ.

2131 5068 2257 5122 ρους
2316 5053 2753 5117 καθοπλίσαντας
2812 5053 3080 5124 βασιλέων
3125 5054 3375 5123 φύλακας
3406 5055 3526 5108 κατ’
3568 5059 3716 5109 ὲκεί-

2126 5161 2234 5197 νων
2261 5145 2600 5216 ἐπιπέμπειν
2628 5147 2726 5199 σὺν
2765 5145 3076 5217 στρατηγῷ.
3107 5164 3124 5196 ι
3175 5146 3233 5198 '0
3263 5145 3318 5199 δὲ
3350 5146 3571 5218 κρατῶν
3603 5147 3714 5201 τῶν

2126 5234 2424 5304 λεχθέντων
2472 5238 2715 5301 ἀκούσας
2765 5239 2867 5309 τὴν
2921 5238 3118 5308 βουλὴν
3149 5239 3544 5311 ἀπεστρέφετο,
3599 5239 3714 5292 εἴτε

2125 5325 2296 5397 δειλίᾳ
2326 5329 2607 5398 συσχεθεὶς
2643 5329 2756 5382 εἴτε
2784 5330 2984 5400 ἀρετῆς
3015 5330 3288 5402 ὑπερσολῇ
3321 5330 3581 5401 ἀνωτέρω
3603 5331 3714 5384 τῶν

2128 5419 2544 5489 ξυμπιπτόντων
2576 5422 2676 5494 ἤδη
2711 5423 2888 5494 τούτῳ
2913 5423 3103 5477 παθῶν
3131 5423 3444 5495 γενόμενος,
3469 5426 3570 5477 οὐκ
3596 5424 3714 5476 ἐπί-

2129 5527 2353 5581 σταμαι.
2377 5512 2528 5576 Τέως
2567 5512 2698 5580 γοῦν
2733 5513 2852 5567 ἐνὸν
2887 5513 3191 5567 καταλῦσαι
3226 5515 3326 5584 τὴν
3376 5514 3568 5567 στάσιν
3615 5515 3712 5568 καὶ

2123 5603 2464 5658 κατασϐέσαι
2496 5604 2557 5656 τὸ
2596 5604 2706 5676 πῦρ
2738 5607 2843 5676 πρὸ
2876 5607 2970 5659 τοῦ
3027 5607 3107 5671 είς
3150 5607 3416 5676 μεγίστην
3460 5604 3714 5674 ἀναφθῆο

2129 5711 2216 5750 ναι
2246 5693 2440 5764 φλόγα,
2471 5697 2498 5750 ὁ
2526 5694 2584 5749 δὲ
2615 5699 2716 5751 οὐκ
2739 5697 3025 5769 ἠθέλησεν.

2201 5785 2314 5846 κα’.
2348 5787 2488 5846 Ἀλλ’
2513 5790 2540 5844 ὁ
2570 5790 2857 5861 Κομνηνὸς
2894 5793 2986 5846 καὶ
3018 5789 3175 5857 αὖθις
3209 5789 3523 5863 ἠνάγκαζεν
3551 5787 3722 5846 ac.»
