4080 6206
363 353 452 416 1³13

1514 348 2054 411 HISTORIARUM
2091 350 2236 410 LIB.
2281 350 2376 411 IV.

3494 347 3595 410 174
3623 313 3640 335 “

362 463 640 536 τριγαμίαν
665 461 772 533 (50)
800 461 1061 530 εὐλογῶν,
1084 460 1412 517 ἀνεϐάλλετο
1438 461 1574 524 τέως
1604 460 1701 531 τὴν
1721 463 1789 514 ἐκ
1821 461 1916 516 τοῦ

2031 463 2268 517 sitlerans
2303 461 2436 524 haec.
2463 462 2708 531 inquam.
2739 469 2795 516 et
2816 459 2974 530 plane
3002 457 3310 529 intelligens
3330 468 3594 528 quantum

367 557 586 626 βήματος
626 554 875 625 πρόοδον,
912 554 1070 607 τοῦτο
1119 553 1452 624 θεασάμενος
1503 553 1598 607 καὶ
1649 553 1920 624 στοχασά-

364 665 504 718 pavo;
533 646 626 700 τοῦ
660 643 944 716 ὀχλοῦντος
993 645 1086 700 τὸν
1140 645 1290 717 ἱερέα
1317 645 1581 716 λογισμοῦ
1616 646 1676 701 ὲν
1707 647 1920 718 ἀγωνίᾳ

358 736 415 810 ἦν
442 739 516 810 μὴ
547 739 650 807 τὴν
701 737 1031 809 τελουμένην
1068 737 1366 807 μνηστείαν
1411 737 1565 791 λύσει
1596 739 1625 792 ὀ
1652 739 1921 809 πατριάρ-

356 847 444 904 χης
501 828 816 892 ένωτισθιὶς
857 829 988 900 περὶ
1035 828 1228 884 τούτου
1279 830 1374 882 καὶ
1429 823 1584 892 αὖθις
1629 829 1768 900 πρὸς
1820 829 1920 898 τὴν

356 913 608 975 Εὑδοκίαν
639 920 951 973 ἀπονεύσει.
973 921 1182 990 Φράσαι
1210 919 1266 971 δὲ
1295 918 1356 971 τὸ
1385 919 1646 989 βουλητὸν
1671 920 1760 972 διὰ
1788 921 1988 1002 τοὺςι.

355 1011 718 1081 περιεστῶτας
751 1011 828 1080 μὴ
861 1010 1029 1066 Θέλών
1061 1010 1197 1080 πρὸς
1229 1008 1322 1062 τὸν
1347 1009 1575 1077 ἔκγονον
1608 1010 1774 1063 αὑτοῦ
1807 1012 1910 1064 Mt-

356 1103 482 1173 χαὴλ
515 1101 611 1154 τὸν
662 1099 830 1154 δούκα
879 1099 1192 1160 ἐνατενίσας
1230 1099 1320 1153 διὰ
1363 1099 1455 1152 τοῦ
1503 1098 1814 1170 βλέμματος
1861 1099 1920 1152 τὸ

355 1193 654 1264 ἀπόρρητον
686 1191 1134 1262 ἐπισημήνασθαι
1171 1191 1386 1260 ἢθελεν
1414 1194 1442 1244 ὁ
1476 1191 1532 1244 δὲ
1566 1193 1784 1254 νεανίας
1827 1186 1921 1246 οὗ·

353 1300 435 1346 τος
466 1283 564 1353 τὴν
603 1281 876 1352 ἀναϐολὴν
915 1283 1011 1336 τοῦ
1059 1283 1251 1354 ἱερέως
1284 1284 1427 1354 ὁρῶν
1460 1286 1554 1338 καὶ
1585 1283 1644 1336 τὸ
1678 1286 1758 1347 εἰς
1791 1285 1920 1337 ἐαυ-

356 1377 438 1429 τὸν
471 1375 690 1444 βλέμμα
713 1373 809 1426 τοῦ
845 1374 1125 1443 Καίσαρος
1154 1375 1372 1445 γοργῶς
1423 1376 1624 1445 συνῆκε
1674 1377 1733 1428 τὸ
1780 1375 1920 1440 δέον,

354 1469 436 1521 καὶ
475 1467 635 1530 εὐθὺς
667 1467 855 1536 ἕτερον
887 1465 1038 1536 ἱερέα
1064 1467 1359 1536 ἑτοιμάσας
1387 1468 1476 1520 τὸν
1503 1466 1601 1536 τὴν
1627 1467 1922 1538 μνηστείαν

351 1557 632 1612 τελέσοντα
676 1557 815 1621 τέως
843 1553 989 1628 εἶχεν
1017 1558 1220 1628 ἀφανῆ,
1249 1559 1411 1620 αὐτὸς
1441 1559 1498 1612 δὲ
1525 1558 1600 1629 τῷ
1631 1560 1923 1630 Θυσιαστη-

354 1652 447 1724 ρίῳ
472 1651 780 1721 πλησιάσας
815 1651 1208 1721 προσκαλεῖται
1237 1649 1328 1702 τὸν
1359 1648 1796 1721 παραιτούμενον
1824 1649 1923 1720 τὴν

351 1743 648 1815 μνηστείαν
707 1742 877 1813 ἱερέα.
915 1742 973 1795 '0
1016 1741 1074 1794 δὲ
1108 1740 1440 1795 ἐπυνθάνετο
1472 1742 1524 1794 τί
1567 1741 1634 1794 ἂν
1664 1741 1751 1812 εἴη
1784 1741 1850 1795 δι’
1887 1740 1916 1794 ὃ

2023 553 2151 608 mali
2178 555 2569 618 conscisceret,
2599 553 2646 608 si
2687 567 2783 622 pro
2797 552 3038 623 legitimo
3059 550 3410 606 matrimonio
3435 549 3594 605 adul-

2024 645 2219 698 terium
2247 645 2402 714 127
2425 653 2480 699 et
2505 645 2810 713 trigamiam
2842 657 2999 698 sacra
3033 641 3414 699 benedictione
3443 657 3594 698 como
3645 692 3647 694 .

2021 736 2303 805 probaret,
2333 735 2553 804 prodire
2577 735 2944 790 cunctabatur
2972 749 3004 790 e
3032 734 3205 790 sacris
3228 733 3416 804 septis.
3441 731 3594 799 Quod

2021 827 2203 881 Caesar
2237 827 2426 883 videns
2454 839 2507 883 et
2539 830 2828 897 suspicans
2879 827 3252 884 cunctationis
3292 841 3514 880 causam
3541 837 3599 880 ct

2021 919 2264 987 scrupuli
2317 935 2426 988 quo
2474 919 2730 974 sacerdos
2789 917 3223 984 conﬂictabatur,
3255 918 3310 971 in
3349 917 3596 986 angustia

2021 1021 2139 1064 erat
2169 1010 2312 1064 male
2341 1021 2589 1066 metuens
2623 1027 2691 1065 ne
2726 1013 2988 1066 hactenus
3034 1023 3340 1082 promotam
3367 1014 3600 1068 aﬂittita-

2025 1109 2130 1156 tem
2167 1103 2474 1170 patriarcha
2539 1103 2880 1168 dissolveret,
2903 1107 2987 1161 his
3013 1106 3064 1159 in
3089 1108 3207 1172 ejus
3231 1121 3392 1159 aures
3423 1108 3599 1175 perla-

2025 1195 2115 1259 tis,
2147 1203 2200 1248 et
2253 1197 2438 1264 potius
2482 1195 2548 1250 ad
2584 1195 2883 1252 Eudociam
2916 1199 3221 1254 inclinaret.
3247 1199 3440 1268 Eloqui
3473 1215 3600 1252 vero

2023 1287 2166 1355 quod
2187 1277 2457 1356 cogitaret
2479 1299 2694 1358 propter
2725 1290 3140 1346 circumstantes
3175 1293 3388 1357 nolens,
3413 1293 3596 1360 nepoti

2024 1391 2124 1431 suo
2163 1376 2413 1432 Michaeli
2473 1378 2630 1434 Duce:
2689 1381 2940 1449 conjectu
2999 1383 3281 1436 oculorum
3321 1383 3498 1437 innuit
3546 1393 3602 1437 et

2025 1466 2354 1536 signiﬁcavit
2408 1467 2534 1534 quid
2589 1468 2768 1522 vellet.
2809 1467 3036 1523 Jurenis
3075 1479 3254 1524 antem
3288 1469 3598 1523 cunctatio-

2026 1573 2147 1612 nem
2180 1559 2482 1614 sacerdotis
2517 1560 2814 1628 exspectati
2852 1560 3040 1615 videns
3079 1569 3134 1614 et
3173 1570 3231 1615 ttt
3265 1561 3442 1616 solers
3458 1568 3597 1620 erat.

2027 1646 2184 1701 facile
2229 1657 2521 1716 penetrans
2554 1648 2691 1703 velle
2748 1664 2910 1702 avum
2937 1657 2995 1704 ut
3039 1650 3205 1703 alium
3260 1648 3599 1704 sacerdotem

2028 1744 2336 1791 accerseret
2363 1737 2455 1804 qui
2489 1746 2732 1803 optatam
2792 1738 3174 1791 caeremoniam
3223 1735 3418 1800 obiret,
3450 1735 3600 1789 illum

348 1833 727 1904 προσκαλοῖτοο
775 1833 868 1886 καὶ
905 1830 964 1894 ὃς
1014 1831 1122 1883 τῶν
1166 1829 1388 1900 ἀμφίων
1439 1830 1607 1884 αὐτοῦ
1648 1831 1926 1900 ἁψάμενος

2031 1827 2213 1882 statim
2249 1827 2460 1897 paravit
2501 1836 2556 1881 et
2588 1828 2862 1883 occultum
2905 1828 3115 1882 habuit.
3169 1826 3324 1883 Tunc
3368 1827 3486 1897 ipse
3532 1827 3600 1880 ad

350 1926 641 1997 μεθίστησι
688 1922 878 1976 τοῦτον
913 1922 1120 1976 ἐκεῖθεν
1151 1923 1354 1992 ἡρέμα,
1403 1923 1712 1990 ἀντεισάγει
1745 1923 1800 1976 δὲ
1827 1922 1917 1974 τὸν

346 2014 553 2084 ἓτερον,
575 2012 636 2074 ὃς
673 2015 768 2065 καὶ
798 2012 898 2081 τὴν
935 2011 1240 2081 ίερολογίαν
1277 2012 1542 2066 ἐτέλεσεν.
1584 2012 1863 2066 Ἐντεῦθεν
1892 2012 1921 2065 ό

344 2105 562 2173 Καῖσαρ
598 2102 698 2174 τὴν
731 2103 866 2173 πρὸς
898 2101 1142 2172 βασιλίδα
1171 2102 1487 2174 παρρησίαν
1517 2103 1773 2174 ἔσχηκεν.

2025 1920 2193 1974 altare
2213 1920 2440 1989 propius
2471 1920 2755 1985 accedens,
2789 1929 2942 1975 vocat
2990 1929 3330 1976 recusantem
3355 1919 3604 1974 ministe-

2027 2013 2168 2066 rium
2203 2013 2339 2067 bene
2376 2012 2631 2081 precandi
2655 2014 2859 2088 nuptiis
2892 2015 3252 2070 sacerdotem.
3299 2013 3395 2068 lllo
3421 2021 3600 2067 autem

2029 2103 2403 2174 interrogante
2451 2104 2610 2174 cujus
2673 2105 2750 2161 rei
2785 2120 2948 2161 causa
3018 2115 3327 2169 vocaretur,
3372 2104 3601 2160 Michael

346 2209 597 2265 correpta
631 2196 754 2266 ejus
793 2205 940 2252 veste
971 2197 1176 2252 sensim
1231 2211 1296 2252 ac
1331 2198 1540 2266 placide
1577 2199 1748 2266 septis
1798 2213 1923 2254 eum
1965 2198 2151 2254 educit
2209 2201 2373 2270 inque
2396 2199 2578 2256 locum
2615 2199 2735 2270 ejus
2801 2200 2952 2255 illum
2985 2201 3148 2255 alium
3188 2202 3326 2256 clam
3351 2209 3600 2271 paratum

347 2293 672 2359 introduxit,
709 2295 803 2363 qui
831 2303 884 2348 et
915 2308 1039 2348 mox
1079 2293 1198 2348 sine
1243 2293 1352 2348 ullo
1381 2293 1641 2364 scrupulo
1665 2294 1922 2364 nuptialis
1963 2295 2103 2350 ritus
2174 2295 2558 2350 caeremoniam
2637 2294 2860 2364 peregit.
2897 2292 3035 2348 llinc
3073 2293 3257 2351 Caesar
3299 2293 3507 2348 aditum
3534 2293 3604 2348 ad

346 2388 604 2455 Augusta
631 2387 864 2456 gratiam
891 2386 1116 2441 invenit.

413 2483 534 2541 κς’.
580 2477 704 2530 Ἐπὶ
730 2476 948 2542 τούτοις
998 2480 1025 2532 ὀ
1050 2478 1340 2550 λογοθέτης
1367 2479 1475 2532 τῶν
1506 2481 1930 2551 παρακειμένων

349 2571 448 2624 καὶ⁸
474 2569 572 2622 τοῦ
604 2569 870 2638 βασιλέως
902 2571 990 2642 μ).
1026 2569 1118 2642 85]
1152 2572 1424 2640 ἀπογνοὺς
1460 2572 1748 2643 ἐξώρμησε
1792 2574 1925 2642 φεύ-

352 2677 474 2730 γειν
507 2661 640 2729 πρὸς
671 2661 762 2714 τὸν
794 2662 1100 2730 Βρυέννιον,
1135 2664 1229 2716 καὶ
1251 2667 1318 2733 τῇ
1351 2663 1670 2735 Σηλυμϐρίᾳ
1703 2667 1926 2736 γενόμε-

355 2769 442 2816 νος
495 2755 590 2805 καὶ
628 2753 708 2822 τῷ
749 2754 1028 2823 Οὖρσελίῳ
1067 2756 1478 2827 προσομιλήσας
1526 2759 1661 2826 μετὰ
1699 2757 1808 2812 τῶν
1830 2758 1930 2811 τά-

359 2843 491 2908 ξεων
523 2847 707 2896 ἐκεῖσε
743 2845 877 2914 πρὸς
926 2845 1091 2899 αὑτοῦ
1135 2864 1189 2899 τε
1233 2851 1330 2900 καὶ
1361 2849 1456 2903 tot?
1505 2848 1767 2918 βασιλέως
1816 2851 1926 2904 Μι-

359 2936 496 3005 χαὴλ
530 2935 839 3004 πεμφθέντι
877 2935 1129 2990 ἐϐούλετο
1167 2937 1262 3002 ξὺν
1311 2939 1459 3008 αὐτῷ
1505 2940 1761 3010 ἀπαίρειν
1795 2941 1932 3010 πρὸς

2100 2483 2190 2538 26.
2246 2483 2423 2552 Super
2477 2483 2592 2538 haec
2642 2482 2937 2551 logotheta,
2969 2490 3292 2550 consumpta
3349 2481 3497 2536 omni
3551 2492 3606 2536 et

2032 2576 2289 2630 damnata
2336 2589 2433 2644 spe
2465 2590 2627 2644 quam
2666 2583 2760 2628 aut
2793 2574 2846 2628 in
2881 2572 3160 2629 consuetis
3181 2611 3198 2638 ,
3249 2573 3450 2642 quibus
3480 2582 3608 2626 ante

2033 2667 2338 2721 vallahatur
2370 2666 2660 2736 praesidiis,
2709 2675 2805 2720 aut
2847 2665 2900 2719 in
2942 2665 3272 2735 imperatore
3317 2666 3605 2730 habuerat,

2031 2757 2217 2827 fugere
2243 2757 2489 2812 decrevit
2517 2762 2582 2810 ait
2617 2756 2969 2826 Brycn’nium,
3003 2764 3204 2812 etcum
3243 2755 3606 2827 Selytubriant

2031 2849 2265 2904 venisset
2290 2863 2354 2903 ac
2370 2863 2494 2903 cum
2522 2846 2732 2902 Urselio
2759 2848 2972 2902 locutus
2995 2855 3160 2909 esset,
3183 2847 3310 2902 illuc
3335 2861 3460 2902 cum
3501 2847 3607 2901 ali-

2032 2949 2164 3011 quot
2176 2939 2492 2996 cohortibus
2514 2954 2542 2992 a
2570 2954 2627 2993 se
2649 2948 2701 2992 et
2729 2939 2797 2993 ab
2819 2938 3141 3008 imperatore
3160 2936 3420 2992 Michaele
3447 2937 3610 3006 128

358 3029 448 3082 τὸν
501 3029 813 3098 Βρυέννιον.
875 3029 934 3082 ’0
985 3029 1042 3082 δὲ
1094 3029 1374 3084 συλλαϐὼν
1420 3031 1610 3085 τοῦτον
1641 3034 1928 3104 δεσμώτην

2036 3032 2228 3097 misso,
2269 3032 2489 3087 volebat
2518 3047 2643 3087 curn
2695 3033 2815 3101 ipso
2850 3030 3121 3101 proﬁcisci
3149 3031 3216 3086 ad
3248 3029 3606 3101 Bryennium,

362 3124 498 3189 πρὶς
549 3120 644 3172 τὸν
676 3121 1040 3190 Βοτανειὰτην
1073 3122 1347 3191 ἀπήγαγε,
1379 3124 1473 3177 καὶ
1505 3127 1572 3194 τῇ
1616 3124 1798 3195 Ὀξείᾳ
1831 3142 1930 3178 κα-

2039 3127 2132 3182 sed
2170 3125 2415 3182 Urselius
2447 3125 2902 3196 comprehensum
2957 3124 3110 3178 illum
3148 3133 3203 3179 et
3252 3126 3494 3178 vinctum
3541 3123 3611 3178 ad

362 3212 602 3284 λουμένῃ
633 3214 785 3282 νήσῳ
811 3212 1181 3282 περιορισθεῖς
1223 3215 1362 3283 μετὰ
1412 3217 1609 3287 μικρὸν
1641 3215 1930 3286 ἀπανθρώ-

2043 3219 2360 3275 Betaniaten
2401 3219 2648 3282 adduxit,
2680 3233 2708 3272 a
2740 3233 2849 3287 quo
2877 3216 3184 3272 exsulatum
3219 3216 3274 3271 iu
3299 3217 3499 3272 Oxeam
3528 3216 3611 3270 sic

361 3321 478 3366 πως
509 3321 572 3356 τε
623 3309 720 3356 καὶ
775 3304 1021 3373 ἀνηλεῶς
1079 3307 1330 3367 ὲτασθεὶς
1381 3307 1616 3361 ἁπεϐίω.
1683 3307 1930 3362 Τοιοῦτον

2034 3311 2232 3365 dictam
2291 3309 2524 3365 insulam
2571 3308 2799 3372 missus,
2849 3305 3007 3374 paulo
3038 3310 3161 3373 post
3196 3303 3494 3356 inhumane
3545 3315 3610 3354 ac

357 3399 483 3467 ἔσχε
537 3399 601 3450 τὸ
657 3397 811 3460 τέλος
856 3397 924 3451 τὰ
981 3398 1124 3451 κατὰ
1161 3397 1260 3468 τὴν
1313 3398 1591 3469 βασιλείαν
1633 3399 1726 3452 τοῦ
1768 3400 1930 3454 δούκα

2033 3404 2330 3456 crudeliter
2349 3411 2524 3456 tortus
2549 3401 2704 3456 obiit.
2733 3399 2888 3452 Hunc
2910 3400 3072 3452 linem
3098 3395 3288 3450 habuit
3319 3395 3606 3463 imperium

357 3489 603 3560 Μιχαὴλ.

2035 3492 2311 3545 Michaelis
2350 3491 2532 3545 Ducar.

1388 3655 1588 3718 Caroli
1617 3655 1712 3717 Du
1743 3656 1978 3717 Fresne
2006 3655 2098 3717 Du
2132 3655 2335 3732 Gange
2365 3659 2551 3715 notae.

437 3798 553 3868 (50)
600 3801 931 3869 Τριγαμίαν.
957 3798 1158 3856 Tertia:
1193 3801 1394 3870 quippe
1415 3801 1617 3869 nuptiae
1642 3798 1854 3870 legibus
1879 3804 1930 3850 et

2036 3797 2368 3850 συνοικέσιον
2385 3794 2570 3870 νόμος,
2599 3796 2658 3846 τὸ
2675 3789 3314 3870 δεύτερονισυγχώρησιί.
3340 3789 3400 3868 τὸ
3431 3787 3613 3869 τρί’.ον

356 3861 723 3925 σοιίοἱϋοιὶιιίι
766 3861 1070 3926 canentibus
1101 3861 1306 3925 vetitae.
1331 3861 1397 3923 ν.
1424 3861 1546 3925 can.
1582 3870 1616 3923 5
1647 3861 1766 3922 εῖτ
1794 3868 1930 3922 Neu-

2037 3867 2370 3939 παρανομία,
2405 3861 2468 3939 τδ
2495 3866 2753 3933 τέταρτον
2777 3861 3051 3939 -χοιρώδης
3101 3861 3230 3939 βίος.
3259 3861 3399 3939 Quin
3450 3861 3612 3939 etiam

359 3955 551 3994 czcsar.
591 3939 896 4011 syn.,Leo._p
917 3939 1050 3995 Nov.
1076 3942 1166 4004 90,
1185 3943 1468 4011 Constant.
1509 3939 1774 4011 νοτ-ρων.
1802 3939 1935 4011 Nov.
2038 3932 2572 4011 All—tetragorasjpsas
2586 3932 2855 4011 secundas
2864 3932 3351 4011 tittptiasegnpsnfj‘
3368 3932 3613 4011 μοιχείαν

361 4011 428 4063 13
452 3999 698 4063 ιοιξιιιιἈ.
719 3998 842 4074 ὒὲυ,
870 4009 1101 4065 Balsam.
1127 3998 1186 4065 In
1209 4009 1376 4078 Epist.
1411 4009 1572 4078 Basil.
1606 3998 1670 4061 ad
1693 3998 1930 4077 'Autphil.

2042 3998 2353 4078 appellavit.
2393 3998 2481 4078 _V'._
2524 4005 2810 4078 epistolam
2864 3998 3070 4078 μισοίοί
3129 4000 3274 4078 Patr.
3455 3998 3608 4078 apud

360 4066 1179 4144 c.4etinNotuoc.Photii,Jus
1213 4066 1578 4132 G'rwco-Rom.
1603 4089 1641 4131 t.
1669 4080 1706 4140 l,
1733 4066 1939 4144 p.197.
2046 4066 2242 4129 B'a'ron.
2288 4075 2352 4127 Α.
2386 4074 2508 4132 912.
2562 4066 2618 4127 in
2659 4072 2966 4144 Appendice
2999 4080 3136 4144 tom.
3166 4067 3231 4132 .\',
3279 4076 3332 4121 ct
3363 4066 3605 4120 Gnidon.

364 4150 571 4203 Scitum
604 4151 739 4204 illud
761 4138 1088 4204 Nazianzcni
1117 4150 1197 4204 vcl
1241 4150 1533 4204 Clementis
1574 4167 1586 4200 :
1620 4138 1701 4199 'l'b'
1726 4138 1944 4216 πρῶτον
2047 4147 2330 4202 Carntelit.
2360 4144 2436 4198 De
2461 4138 2991 4204 ItaaresibfGt-wcorq
3028 4154 3078 4194 r.
3107 4138 3157 4192 8.

2507 4353 2916 4366 Μ

3495 4352 3587 4368 ⁵η

1441 4521 1878 4606 ΒΙΒΛΙΟΝ
1950 4517 2556 4603 ΤΕΤΑΡΤΟΝ.

1464 4864 1818 4953 LIBER
1894 4862 2493 4968 QUARTUS.

449 5217 527 5289 [Ρ.
562 5215 650 5288 87]
684 5221 760 5270 α’.
791 5213 952 5270 Οὕτω
977 5215 1074 5286 μὲν
1093 5214 1184 5268 οὖν
1213 5215 1241 5268 ὁ
1271 5210 1930 5284 ΒοτανειὰτηςΝικηφὸρο.

2134 5213 2184 5267 1.
2245 5211 2336 5268 Sic
2387 5218 2652 5281 occupato
2710 5203 2938 5276 imperio
2987 5201 3323 5274 Nicrphorus
3365 5203 3612 5259 Botania-

383 5310 772 5382 ἐπειλημμένος
805 5306 914 5361 τῶν
961 5307 1058 5377 τῆς
1097 5306 1375 5376 βασιλείας
1416 5307 1714 5375 σκήπτρων
1750 5303 1943 5357 ἔσπευ-

380 5401 464 5454 δεν
523 5401 596 5464 ὡς
659 5396 774 5455 οἷόν
844 5417 904 5452 τε
941 5398 1040 5471 τὴν
1077 5401 1186 5452 τῶν
1256 5397 1490 5452 πολιτῶν
1548 5396 1762 5450 εὔνοιαν
1828 5397 1952 5449 ἐπι-

388 5494 715 5559 σπάσασθαι,
782 5491 1018 5562 μάλιστα
1075 5493 1170 5545 καὶ
1222 5489 1291 5543 τὰ
1323 5490 1466 5542 κατὰ
1517 5489 1606 5542 τὸν
1665 5489 1952 5558 Βρυὲννιον

389 5584 790 5653 πυνθανόμενος
837 5582 934 5638 καὶ
971 5581 1069 5645 τὰς
1100 5599 1163 5633 πε
1177 5582 1228 5651 pi
1255 5579 1420 5634 αὐτὸν
1453 5579 1828 5650 ἀθροισθείσας
1858 5578 1951 5629 δυ-

389 5674 600 5743 νάμεις·
636 5675 752 5745 ᾔδει
782 5674 888 5743 γὰρ
934 5673 1096 5728 αὐτὸν
1146 5674 1282 5742 πρὸς
1325 5671 1404 5741 τῷ
1441 5669 1950 5741 στρατηγικώτατον

394 5759 527 5819 εἷναι
552 5768 642 5820 καὶ
673 5765 1127 5836 ἐλευθεριώτατα)
1153 5764 1284 5818 ὄντα
1319 5761 1454 5833 ὁμοῦ
1484 5763 1579 5815 καὶ
1608 5759 1949 5831 δραστηριώ-

2053 5313 2154 5365 tes,
2187 5318 2294 5372 quo
2357 5317 2415 5360 se
2464 5301 2530 5355 ad
2565 5301 2617 5356 id
2661 5312 2852 5353 secure
2904 5296 3190 5351 fruendum
3235 5309 3392 5364 cgere
3425 5293 3622 5349 intelli-

2050 5393 2212 5462 gebat
2240 5409 2425 5448 amore
2457 5407 2520 5447 ac
2554 5389 2740 5446 favore
2770 5387 2976 5458 populi,
3004 5388 3121 5455 ejus
3157 5387 3260 5443 sibi
3291 5387 3621 5442 conciliandi

2051 5500 2217 5555 quam
2261 5483 2667 5539 ellicacissimas
2711 5481 2885 5551 potuit
2929 5481 3167 5550 reperire
3203 5481 3441 5534 rationes
3479 5479 3621 5534 iniit.

2050 5577 2104 5631 in
2142 5591 2251 5646 quo
2299 5577 2388 5631 ille
2433 5576 2667 5629 maxime
2713 5573 2817 5629 sibi
2859 5573 3084 5628 cavebat
3129 5589 3157 5626 a
3213 5573 3621 5642 comparatione

2050 5668 2280 5723 illustris
2315 5668 2493 5722 mutuli
2545 5674 2596 5721 et
2631 5666 2828 5721 virium
2871 5684 2975 5721 non
3023 5680 3345 5737 paucarum,
3379 5664 3622 5717 videlicet

2054 5758 2329 5829 liryrnuii.
2389 5757 2460 5810 De
2513 5757 2605 5811 illo
2662 5759 2805 5812 enim
2855 5757 3230 5826 prrcrebuissc
3277 5755 3478 5810 Sciebat
3513 5768 3618 5804 non
