4106 6206
404 236 508 301 179

1598 241 2019 304 NICEPHORI
2057 245 2428 306 BRYENNII

3557 227 3658 303 180

402 365 584 409 autem
630 371 740 411 non
779 372 840 412 se
881 358 1056 412 solum
1095 359 1200 412 frui
1251 359 1408 413 bonis
1438 356 1612 427 pacis,
1641 359 1734 413 sed
1763 369 1819 413 et
1846 374 1972 429 par-

2097 360 2203 412 ιίαν
2237 359 2540 429 λαμϐάνειν
2563 359 2657 412 καὶ
2689 358 2784 426 τὴν
2824 357 3010 430 τιμὴν,
3044 356 3092 409 εί
3145 354 3221 426 μὴ
3261 355 3533 426 πρότερον
3580 354 3652 408 τὲ

403 445 618 513 ticipari
671 461 736 502 ea
783 463 981 518 cupere
1039 450 1108 502 ab
1157 449 1224 505 iis
1276 450 1368 519 qui
1426 463 1612 504 secum
1669 451 1724 504 in
1781 451 1982 521 negotii

403 536 649 604 periculo
703 537 956 600 fuissent,
1009 539 1242 596 ducibus
1293 540 1554 594 nimirum
1611 540 1986 610 militibusque

404 638 461 684 et
490 644 679 686 eorum
729 629 1018 700 praefectis,
1073 647 1306 699 quorum
1355 633 1622 687 utilitates
1676 632 1986 702 prodidisse

406 722 614 776 crimen
647 723 819 778 nihilo
849 723 1024 779 levius
1057 725 1339 795 impietate
1385 725 1485 780 sibi
1534 725 1694 780 foret.
1747 724 1983 796 [mprobi

406 814 552 870 enim
599 814 933 884 privatorum
995 817 1418 873 commodorum
1467 819 1631 872 studii
1685 817 1864 885 fuerit,
1904 818 1984 873 sic

406 905 641 974 propriis
680 907 988 964 rationibus
1017 909 1322 974 consulere,
1364 919 1426 964 ut
1471 910 1705 964 aliorum
1748 926 1873 979 spes
1916 925 1981 965 ac

406 995 824 1051 commoditates
860 998 1227 1069 negligantur.
1278 1000 1356 1053 Ita
1395 999 1556 1066 igitur
1591 1015 1714 1055 sese
1740 1000 1978 1055 oblatam

408 1086 752 1155 adoptionem
802 1088 1070 1159 accipere,
1111 1091 1156 1147 si
1193 1091 1346 1161 prius
1376 1093 1444 1146 de
1475 1100 1620 1146 statu
1657 1101 1712 1147 et
1741 1094 1980 1160 praemiis

408 1179 845 1235 commilitonum
880 1195 944 1236 ac
973 1183 1249 1237 sociorum
1277 1199 1504 1238 suorum
1530 1193 1740 1239 certum
1774 1185 1978 1252 aliquid

412 1266 689 1337 ﬁxumque
743 1279 1042 1324 statuatur.
1102 1271 1273 1340 Igitur
1317 1287 1532 1342 azquum
1586 1286 1812 1327 censere
1857 1282 1984 1328 ante

410 1360 592 1415 omnia
636 1361 1019 1430 imperatorem
1073 1363 1362 1433 promissis
1413 1373 1468 1418 et
1500 1362 1818 1433 pignoribus
1863 1365 1982 1419 ido-

409 1451 528 1507 neis
572 1453 726 1523 133
763 1469 957 1510 cavere
990 1455 1353 1510 incolumitati
1394 1455 1844 1525 ornamentisque
1883 1455 1983 1511 ho-

2083 451 2309 504 ἐκείνων
2335 450 2776 520 ἐξασφαλίσαιτο.
2809 449 3076 502 Βούλεται
3124 447 3218 501 οὖν
3259 448 3532 517 πρότερον
3585 446 3662 516 τῷ

2085 543 2296 612 βασιλεῖ
2353 544 2651 612 βεϐαιῶσαι
2685 544 2752 597 τὰ
2803 544 2934 612 παρ’
2981 539 3146 595 αὐτοῦ
3197 540 3385 608 σφίσιν
3431 541 3662 604 ἐκείνοις

2085 633 2511 702 ἐπαγγελθέντα,
2535 634 2630 688 καὶ
2660 633 2804 687 οὕτω
2831 635 2930 704 τῆς
2956 633 3164 696 πόλεως
3190 631 3426 697 ἐξελθεῖν
3463 632 3560 684 σὺν
3585 631 3663 701 τῷ

2085 726 2400 801 πατριάρχῃ
2430 729 2525 781 καὶ
2552 728 2683 797 περὶ
2716 728 2808 782 τὸν
2836 727 2963 781 ναδν
2993 725 3250 795 γενέσθαι
3281 721 3377 776 τοῦ
3433 723 3661 792 ταξιάρ-

2084 835 2181 888 χου
2210 817 2320 870 τῶν
2363 818 2476 872 άνω
2529 818 2811 889 δυνάμεων
2844 817 3086 888 Μιχαὴλ,
3132 816 3192 879 ὃς
3229 816 3446 882 ἵδρυται
3495 815 3552 867 ἐν
3586 812 3664 883 τῷ

2088 907 2219 978 περὶ
2248 909 2346 975 τὴν
2373 907 2597 978 Θρᾴκην
2639 907 2826 977 χωρίῳ
2860 903 3245 977 Δαμοκρανίας
3274 901 3409 972 (51),
3438 899 3664 953 κάκεῖσε

2087 1000 2155 1053 τά
2185 1001 2285 1069 τῆς
2311 999 2585 1062 υἱοθεσίας
2610 1000 2701 1052 ἐπὶ
2731 1001 2842 1062 τοῖς
2877 999 3155 1067 Καίσαρσι
3192 994 3440 1063 γίνεσθαι
3465 995 3560 1047 καὶ
3589 992 3666 1063 τῷ

2090 1092 2341 1161 στεφάνῳ
2399 1092 2753 1161 ταινιωθῆναι
2803 1089 3072 1160 συνήθως.
3103 1088 3224 1142 Τῶν
3271 1087 3328 1141 δέ
3381 1085 3667 1156 πρέσϐεων

2089 1184 2367 1252 ἐρομένων
2396 1183 2487 1236 διὰ
2533 1183 2586 1237 τί
2623 1185 2684 1237 οὐ
2719 1182 2966 1253 βούλεται
2987 1182 3056 1234 τὰ
3093 1181 3194 1248 τῆς
3230 1177 3453 1247 τελετῆς
3499 1174 3666 1229 αὑτοῦ

2087 1275 2341 1342 γενέσθαι
2365 1275 2644 1346 γενομένῳ
2677 1275 2820 1328 κατὰ
2861 1273 2961 1344 τὴν
2997 1271 3244 1343 βασιλίδα
3275 1270 3383 1322 τῶν
3435 1267 3665 1332 πόλεων,

2091 1366 2376 1434 φοϐεῖσθαι
2422 1368 2520 1436 μὲν
2552 1369 2756 1437 ἔφησεν
2787 1367 2983 1420 οὐδένα
3037 1365 3177 1434 πλὴν
3204 1365 3296 1416 τὸν
3335 1361 3491 1427 Θεὸν,
3541 1361 3670 1414 άπιο

2091 1462 2240 1513 στεϊν
2275 1460 2333 1514 δὲ
2361 1461 2471 1513 τῶν
2501 1462 2632 1531 περὶ
2653 1461 2745 1513 τὸν
2775 1459 3000 1529 βασιλέα
3025 1461 3136 1521 τοῖς
3173 1456 3472 1520 πλείστοις.

409 1565 551 1605 rum.
590 1550 725 1606 Tum
791 1550 837 1606 si
900 1551 1173 1605 videbitur
1226 1551 1445 1620 prodire
1503 1551 1679 1620 ipsum
1769 1551 1918 1608 foras
1975 1568 2006 1608 e
2045 1554 2266 1612 civitate
2315 1572 2421 1612 una
2467 1573 2590 1613 cum
2657 1556 2965 1626 patriarcha
3033 1555 3097 1609 ad
3139 1553 3396 1623 templum
3425 1548 3670 1605 ductoris

408 1646 714 1701 caelestium
762 1645 1038 1715 legionum
1073 1646 1131 1700 S.
1163 1646 1445 1703 Michaelis
1487 1647 1650 1702 situm
1683 1648 1737 1701 in
1773 1650 1974 1719 oppido
2033 1649 2301 1717 Thracize,
2362 1654 2449 1709 cui
2487 1670 2681 1710 nomen
2763 1652 3156 1712 Damocranea,
3203 1648 3385 1718 ibique
3432 1661 3491 1701 se
3541 1645 3671 1716 legi-

411 1739 540 1792 tima
573 1739 864 1808 adoptione
889 1739 1107 1796 titulum
1175 1739 1408 1802 Cassaris
1461 1742 1712 1812 accipere
1769 1755 2148 1814 consuetoque
2216 1748 2335 1814 ejus
2386 1748 2615 1804 honoris
2671 1748 2872 1818 insigni
2919 1745 3184 1803 redimiri.
3239 1743 3319 1797 Ad
3362 1758 3425 1798 ea
3471 1740 3669 1811 legalis

410 1831 804 1901 qumrentibus,
840 1833 967 1903 quid
1000 1835 1071 1889 ita
1104 1845 1379 1891 recusaret
1417 1836 1799 1891 caeremoniam
1873 1837 2182 1907 adoptionis
2249 1857 2361 1896 sua:
2432 1843 2549 1899 ﬁeri
2613 1841 3111 1912 Constantinopoli,
3146 1837 3425 1908 respondit
3457 1836 3668 1905 Bryt-n-

411 1929 536 1983 nius
590 1930 797 1986 nullum
877 1932 1092 1996 Quidem
1143 1949 1204 1990 se
1261 1934 1454 1992 timere
1507 1945 1705 2006 prmter
1760 1937 1926 1992 Deum
1968 1977 1985 2004 ,
2026 1938 2266 1994 dilIldere
2299 1949 2480 1996 autem
2544 1940 2822 2011 plerisque
2883 1952 3075 1994 eorum
3107 1935 3200 2006 qui
3237 1933 3382 1990 circa
3426 1932 3666 1999 impera-

411 2033 582 2077 torem
619 2031 795 2077 erant.

482 2115 536 2168 4.
592 2112 649 2169 In
707 2116 823 2172 haec
879 2115 1091 2173 dimissi
1143 2117 1306 2190 legati
1357 2119 1654 2176 abierunt:
1692 2137 1788 2188 ac,
1842 2121 1986 2192 quod
2017 2122 2064 2183 Β

410 2207 586 2262 ohiter
637 2207 954 2266 meminisse
1009 2211 1143 2265 tanti
1204 2219 1326 2275 est,
1383 2227 1573 2281 parum
1631 2214 1806 2269 abfuit
1856 2214 1988 2283 quin

413 2298 554 2352 male
583 2298 948 2355 multarentur
982 2301 1289 2358 incidentes
1324 2302 1378 2356 in
1415 2303 1810 2373 exploratores.
1865 2305 1994 2360 Ser-

412 2389 525 2444 vati
585 2399 767 2445 tamen
833 2400 965 2447 sunt
1019 2393 1324 2447 incolumes
1375 2396 1662 2462 prudentia
1719 2395 1842 2465 ejus
1899 2395 1989 2464 qui

413 2482 852 2552 exploratoribus
897 2495 1153 2552 praeerat.
1207 2483 1342 2538 Cum
1398 2499 1528 2555 ergo
1592 2485 1882 2541 rediissent
1939 2495 1992 2543 et

414 2572 730 2641 imperatori
793 2571 1137 2627 conditiones
1215 2587 1244 2626 a
1327 2572 1600 2645 Bryennio
1682 2575 1992 2644 propositas

414 2664 748 2726 retulissent,
785 2664 962 2718 visum
997 2672 1083 2718 est
1117 2677 1224 2717 non
1258 2663 1541 2719 terendum
1576 2665 1719 2720 ultra
1752 2675 1990 2736 tempus,

417 2757 512 2813 sed
564 2756 924 2812 do:nesticum
974 2756 1285 2811 scholarum
1336 2772 1460 2811 cum
1496 2757 1736 2812 exercitu
1771 2760 1992 2813 mitten-

418 2848 568 2901 dum.
604 2846 820 2902 Auditis
857 2849 1001 2901 enim
1045 2846 1301 2917 Bryennii
1350 2849 1638 2917 posmlatis
1671 2850 1738 2904 de
1769 2865 1992 2919 compo-

416 2938 614 2994 sitione
641 2938 988 3008 desperatum
1020 2947 1125 2993 est.
1158 2938 1443 2996 Profectus
1492 2951 1575 2994 est
1624 2940 1786 3012 igitur
1823 2941 1990 2995 Com--

419 3045 596 3086 uenus
645 3030 852 3085 habens
907 3044 1094 3085 secum
1157 3039 1353 3100 praeter
1413 3032 1707 3088 auxiliares
1758 3031 1989 3099 Tureos,

418 3123 581 3177 etiam
615 3137 712 3178 eos
744 3122 835 3193 qui
869 3120 1192 3178 Cbomateni
1241 3123 1500 3179 dicuntur
1527 3125 1620 3195 qui
1653 3140 1777 3181 cum
1827 3125 1998 3194 impe-

420 3225 600 3272 ratore
629 3213 914 3271 Botaniate
940 3223 1222 3280 venerant,
1275 3227 1328 3270 et
1361 3215 1697 3271 Francorum
1741 3232 1810 3271 ex
1842 3215 1994 3271 Italia

419 3308 787 3377 proiectorum
820 3316 1027 3378 partem
1064 3308 1378 3377 quamdam,
1405 3309 1606 3379 quibus
1651 3309 1861 3379 adjecta
1911 3321 1994 3364 est

420 3401 654 3470 phalanx
685 3415 874 3455 eorum
907 3400 998 3470 qui
1039 3408 1306 3456 vocantur
1347 3400 1711 3456 Immortales.
1760 3401 1993 3468 Quinam

422 3504 602 3549 autem
639 3493 688 3547 hi
723 3493 833 3548 sint
862 3493 1099 3548 breviter
1130 3493 1511 3563 explicandum
1541 3501 1645 3548 est.
1699 3491 1998 3564 Imperator

419 3585 670 3652 Michael,
699 3597 812 3653 aut,
835 3597 894 3642 ut
920 3587 1105 3642 verius
1136 3585 1690 3656 dicam,Nicephorus
1726 3587 1996 3656 legotheta

425 3673 587 3751 134
633 3680 827 3749 spado,
871 3679 1064 3733 videns
1115 3677 1410 3734 Orientalis
1459 3679 1650 3733 limitis
1694 3680 1994 3735 exercitum

423 3787 561 3840 pene
609 3786 825 3825 omnem
868 3769 1134 3825 defecisse
1173 3771 1523 3840 subiugatum
1569 3787 1599 3826 a
1630 3770 1848 3836 Turcis,
1899 3788 1996 3827 cn-

425 3863 565 3918 ravit
611 3862 746 3917 alias
800 3863 986 3932 cepias
1035 3878 1102 3916 ex
1161 3862 1316 3918 novis
1371 3864 1673 3919 delectibus
1723 3864 1990 3920 suﬂicere.

421 3955 603 4020 Quare
656 3953 922 4024 quosdam
970 3969 1035 4007 ex
1093 3953 1299 4023 sparsis
1351 3969 1446 4024 per
1499 3955 1687 4008 Asiam
1745 3958 1995 4010 mercede

421 4048 786 4104 servientibus
814 4047 1077 4114 colligens
1103 4047 1290 4102 loricis
1309 4048 1454 4117 ipsos
1487 4047 1682 4114 induit,
1707 4055 1995 4118 scutaque,

422 4141 604 4209 galeas
650 4150 704 4197 et
754 4143 938 4195 hastas
981 4139 1050 4196 iis
1101 4139 1356 4196 ferendas
1407 4141 1574 4206 dedit,
1631 4141 1998 4212 praefectoqne

423 4235 559 4304 ipsis
613 4233 679 4288 ad
731 4247 826 4290 eos
883 4233 1220 4289 exercendus
1277 4232 1702 4304 formandosque
1759 4235 1813 4290 in
1882 4247 2005 4308 arte

423 4323 616 4380 bellica
649 4323 788 4378 duce
814 4324 1052 4393 quodam
1085 4331 1281 4378 natura
1311 4334 1370 4379 et
1411 4324 1680 4381 industria
1711 4326 1777 4380 ad
1810 4325 1863 4380 id
1891 4342 1999 4396 pne

425 4415 639 4472 caeteris
666 4424 794 4487 apto
825 4413 950 4483 (fuit
979 4415 1024 4470 is
1047 4415 1448 4471 Constantinus
1466 4415 1754 4486 Cappadox
1777 4433 1994 4488 genere,

427 4512 768 4584 propinquus
804 4511 1120 4582 imperatori
1157 4509 1406 4566 Michaeli
1453 4522 1507 4566 et
1553 4513 1716 4566 simul
1762 4529 1886 4568 cum
1933 4529 1998 4568 eo

425 4605 685 4676 nutritus)
709 4602 947 4658 erudivit
968 4602 1034 4657 ad
1064 4618 1176 4656 rem
1205 4602 1494 4658 militarem
1525 4613 1753 4658 eatenus
1782 4613 1841 4658 ut
1863 4605 1998 4658 satis

422 4699 561 4753 belle
585 4699 895 4767 equitarent
917 4702 972 4749 et
1003 4693 1172 4765 perite
1195 4694 1365 4750 armis
1391 4701 1693 4750 uterentur.
1723 4693 1998 4749 Hactenus

426 4793 580 4847 visus
612 4794 752 4847 satis
791 4787 1120 4845 exercitasse
1158 4795 1212 4842 et
1260 4802 1505 4841 armasse
1536 4787 1601 4841 ad
1633 4787 1835 4842 bellum
1871 4803 1997 4842 eor-

426 4899 582 4953 pora,
629 4898 696 4937 eo
740 4894 958 4953 quoque
1003 4879 1246 4933 animum
1286 4879 1547 4950 applicuit
1586 4886 1646 4933 ut
1677 4879 1893 4934 animos
1942 4865 1998 4933 in

427 4978 662 5046 idipsum
704 4976 999 5030 instrueret
1051 4971 1368 5041 intrepidos,
1422 4986 1516 5028 eos
1551 4987 1826 5044 pugnaces
1875 4974 1996 5026 red-

2165 2119 2250 2191 ῘΡ.
2278 2118 2369 2192 90]
2403 2117 2467 2174 δ’.
2498 2119 2626 2173 Ἐπὶ
2650 2117 2862 2180 τούτοις
2889 2117 2938 2170 οἱ
2972 2113 3229 2187 πρέσϐεις
3263 2109 3672 2177 ἀπαλλαγέντες

2095 2212 2364 2284 ἀπῄεσαν.
2392 2210 2599 2280 Ξυνέϐη
2655 2209 2712 2264 δέ
2738 2205 2940 2279 μικροῦ
2983 2206 3094 2259 δεῖν
3121 2205 3304 2265 αὐτοῖς
3324 2197 3669 2255 κινδυνεῦσαι

2094 2305 2205 2365 τοῖς
2265 2303 2489 2373 σκοποῖς
2549 2299 2902 2369 ἐντυχοῦσιν·
2941 2297 3094 2366 ὅμως
3151 2291 3337 2363 μέντοι
3388 2286 3674 2356 ἐσώθησαν

2097 2393 2312 2446 συνέσει
2359 2390 2456 2444 τοῦ
2485 2390 2594 2444 τῶν
2629 2389 2848 2443 σκοπῶν
2889 2387 3281 2456 κατάρχοντος.
3308 2381 3529 2440 Τούτων
3563 2376 3666 2430 οὖν

2093 2483 2442 2551 ἀπελθόντων
2481 2484 2574 2535 καὶ
2611 2481 2689 2553 τῷ
2729 2481 2941 2552 βασιλεῖ
2977 2475 3428 2546 ἀπαγγειλάντων
3460 2472 3529 2525 τά
3564 2469 3673 2523 τῶν

2097 2573 2422 2646 ξυμϐάσεων
2439 2574 2612 2627 ἐδόκει
2652 2573 2728 2644 μὴ
2754 2570 3040 2642 τρίϐεσθαι
3068 2570 3159 2622 τὸν
3196 2566 3413 2637 καιρὸν,
3432 2563 3547 2618 ἀλλ’
3575 2563 3672 2614 ἐκ·

2095 2668 2337 2738 πέμπειν
2389 2665 2527 2736 μετὰ
2568 2666 2679 2719 τῶν
2727 2661 3154 2735 στρατευμάτων
3199 2659 3291 2712 τὸν
3349 2655 3671 2726 δομέστικον

2093 2759 2200 2814 τῶν
2236 2759 2444 2829 σχολῶν
2483 2776 2496 2790 ·
2524 2757 2854 2827 ἁπεγνώσθη
2886 2756 2996 2826 γὰρ
3029 2753 3128 2815 τὰς
3158 2749 3460 2820 ξυμϐάσεις
3484 2747 3558 2808 ῶς
3577 2743 3674 2798 τοῦ

2098 2853 2389 2922 Βρυεννίου
2419 2851 2703 2915 δοκοῦντος
2728 2851 3004 2904 ἀπαιτεῖν.
3036 2845 3219 2917 Ἐξῄει
3255 2841 3348 2898 οὖν
3382 2845 3409 2896 ό
3439 2845 3668 2910 Κομνη-

2097 2947 2207 3011 νὸς,
2244 2944 2387 3016 σχὼν
2416 2944 2537 3014 μεθ’
2572 2942 2768 2997 ἐαυτοῦ
2795 2940 2920 3004 τούς
2941 2957 3000 2993 τε
3041 2939 3356 3008 ξυμμάχους
3397 2935 3678 3002 Τούρκους

2097 3038 2194 3091 καὶ
2230 3037 2356 3100 τοὺς
2387 3033 2763 3104 Χωματηνοὺς
2797 3032 2909 3103 (52)
2947 3030 3302 3099 λεγομένους,
3333 3025 3380 3080 οἳ
3412 3022 3550 3095 μετὰ
3579 3019 3674 3073 τοῦ

2100 3129 2362 3201 βασιλέως
2394 3127 2748 3198 ἐληλύθεισαν
2801 3124 2898 3179 τοῦ
2947 3121 3328 3183 Βοτανειάτου,
3358 3117 3451 3171 καὶ
3488 3114 3673 3183 Φραγ-

2101 3241 2214 3292 γων
2239 3221 2348 3275 τῶν
2389 3220 2446 3287 ἐξ
2499 3220 2733 3283 Ἰταλίας
2780 3217 3045 3272 ἐλθόντων
3079 3213 3391 3285 ἀπόμοιραν
3417 3227 3540 3263 τινα
3579 3206 3679 3260 καὶ

2099 3317 2198 3384 τῆς
2223 3315 2333 3368 τῶν
2363 3312 2649 3370 ἀθανάτων
2693 3311 3044 3381 καλουμένων
3080 3305 3362 3376 φάλαγγος
3394 3301 3676 3369 ἐπαγόμε-

2100 3425 2209 3472 νος.
2241 3407 2399 3470 Τίνες
2427 3407 2481 3459 δέ
2506 3408 2554 3458 oi
2589 3405 2846 3458 ἀθάνατοι
2878 3397 3025 3456 οὗτοι
3049 3402 3222 3454 εἰπεῖν
3251 3398 3565 3466 ἀναγκαῖον·
3619 3391 3678 3444 Ὀ

2104 3501 2354 3571 βασιλεὺς
2384 3499 2626 3569 Μιχαὴλ,
2651 3499 2683 3570 ἥ
2709 3497 2943 3568 τάληθὲς
2972 3496 3147 3548 εἰπεῖν
3173 3495 3200 3544 ὁ
3224 3490 3482 3562 ἐκτομίας
3501 3488 3678 3555 Νικη-

2101 3593 2262 3664 φόρος
2307 3594 2336 3645 ό
2371 3591 2684 3662 λογοθὲτης,
2717 3589 2841 3644 ἰδὼν
2886 3589 2945 3642 τδ
2993 3588 3091 3656 τῆς
3127 3585 3298 3657 Ἐᾠας
3355 3581 3675 3652 στράτευμα

2101 3684 2247 3738 ἅπαν
2279 3684 2380 3753 ἤδη
2429 3682 2746 3743 ἐκλελοιπὸς
2779 3680 2855 3742 ὡς
2897 3677 3209 3748 ὑποχείριον
3254 3674 3362 3726 τῶν
3417 3671 3678 3741 Τούρκων

2099 3777 2414 3846 γενόμενον,
2440 3773 2760 3844 ἐφρόντιζεν
2801 3771 2876 3836 ὡς
2925 3767 3036 3824 οἷόν
3063 3788 3120 3823 τε
3158 3768 3476 3840 στράτευμα
3507 3780 3678 3816 κατα-

2102 3868 2300 3938 στῆσαι
2329 3866 2628 3927 νεόλεκτον,
2659 3866 2751 3917 καὶ
2787 3863 2850 3934 δή
2901 3880 3054 3924 τινας
3099 3861 3208 3914 τῶν
3249 3862 3314 3913 ἐκ
3363 3858 3459 3928 τῆς
3491 3856 3679 3916 Ἀσίας

2099 3958 2510 4028 διασπαρέντων
2541 3957 2636 4009 καὶ
2678 3955 2771 4007 ἐπὶ
2805 3952 2982 4024 μισθῷ
3018 3951 3378 4005 δουλευόντων
3404 3947 3679 4013 συλλέγων

2103 4052 2358 4122 θώρακάς
2398 4067 2455 4103 τε
2501 4049 2682 4102 ἐνέδυε
2730 4050 2824 4102 καλ¹
2866 4047 3095 4116 θυρεοὺς
3143 4045 3314 4098 ἐδίδου
3375 4045 3470 4096 καὶ
3501 4041 3677 4112 κράνη

2102 4142 2290 4212 φέρειν
2329 4140 2424 4192 καὶ
2479 4139 2704 4209 δόρατα.
2732 4138 3068 4205 Ἐπιστήσας
3108 4137 3164 4188 δὲ
3207 4137 3395 4198 αὐτοῖς
3438 4134 3538 4187 ἕνα
3567 4131 3678 4184 τῶν

2106 4234 2430 4307 στρατηγῶν
2474 4233 2691 4303 εὐφυῶς
2731 4231 2868 4302 όμοῦ
2917 4232 3009 4284 καὶ
3043 4230 3326 4294 ἐπιδεξίως
3381 4227 3516 4299 πρὸς
3579 4227 3680 4296 τὴν

2103 4327 2329 4382 ἐκείνων
2373 4327 2607 4397 ἄσκησιν
2653 4326 2848 4396 ἔχοντα
2903 4321 2989 4395 (ἦν
3025 4324 3081 4378 δὲ
3114 4317 3267 4386 οὗτος
3320 4325 3347 4376 ό
3379 4319 3679 4384 Καππάδοξ

2102 4420 2536 4483 Κωνσταντῖνος.
2571 4418 2710 4490 ἀνὴρ
2734 4419 2870 4488 πρὸς
2900 4418 3056 4486 γένος
3103 4416 3261 4484 sm:
3263 4435 3337 4470 ων
3361 4415 3438 4485 τῷ
3472 4413 3682 4483 βασιλεῖ

2101 4512 2320 4582 Μιχαὴλ
2352 4513 2446 4565 καὶ
2471 4511 2708 4581 συνήθης
2731 4511 2905 4581 τούτῳ
2936 4510 3030 4564 καὶ
3047 4506 3368 4578 σύντροφος)
3401 4505 3677 4576 ἐγύμναζε

2100 4604 2166 4656 δι’
2197 4603 2363 4657 αὐτοῦ
2410 4603 2505 4656 καὶ
2548 4605 2619 4656 τά
2668 4601 3034 4671 στρατιωτικὰ
3080 4599 3454 4663 ἐξεπαίδευεν.
3535 4597 3672 4650 Ὀπ-

2102 4697 2265 4767 ηνίκα
2291 4697 2346 4750 δὲ
2379 4697 2474 4750 καὶ
2498 4695 2802 4750 διιππεύειν
2836 4693 3090 4761 ἀσφαλῶς
3119 4691 3214 4761 ἤδη
3233 4691 3479 4742 δύναιντο
3501 4689 3596 4742 καὶ
3610 4688 3680 4742 τὰ

2106 4789 2249 4842 ὅπλα
2279 4789 2470 4859 φέρειν
2505 4789 2707 4848 ἱκανῶς
2736 4787 2829 4838 καὶ
2854 4783 3068 4855 εὐφυῶς
3101 4783 3272 4835 ἐδόκει
3297 4781 3681 4850 γεγυμνάσθαι

2112 4883 2250 4936 κατὰ
2287 4883 2346 4936 τὺ
2381 4881 2580 4946 ἔξωθεν
2623 4880 2797 4933 ἐδόκει
2837 4877 3135 4947 γυμνάζειν
3179 4874 3386 4928 τούτων
3442 4877 3534 4927 καὶ
3583 4874 3683 4937 τὰς

2111 4975 2310 5046 ψυχάς.
2379 4974 2729 5039 Ὀπλίζεσθαι
2801 4971 2930 5040 γοῦν
2983 4971 3180 5033 αὐτοὺς
3240 4967 3680 5039 παρασκευάζων

1458 5111 1658 5174 Caroli
1693 5113 1785 5173 Du
1821 5115 2055 5174 Fresne
2087 5115 2175 5174 Du
2215 5115 2418 5190 Gange
2455 5119 2642 5174 notis.

497 5245 609 5316 (5|)
650 5242 1076 5316 Δαμοκρᾳνίας.
1138 5240 1378 5295 Meminit
1436 5239 1620 5316 ejusce
1672 5238 1852 5316 oppidi
1901 5253 1992 5316 seu

428 5310 618 5388 potius
648 5310 975 5388 προαστείου
1005 5312 1424 5388 Cantacuzenus
1452 5310 1485 5362 Ι.
1529 5325 1612 5388 _t|t_,
1641 5324 1688 5363 c.
1715 5310 1783 5362 8i
1803 5351 1818 5373 ,
1839 5311 1994 5388 quod

427 5378 551 5460 ξηιιί
582 5378 1496 5460 (ΣοιιειιιιιιἱιιορίιιὶιειιιιίιέηΩιι-(τεὼ.⁵
1514 5380 1737 5460 Athyrzc
1762 5391 1815 5459 et
1839 5378 1996 5460 ξειν-

427 5459 563 5515 Iit-ia;
597 5454 932 5524 proximum,
953 5450 1196 5524 proinde
1223 5453 1276 5505 in
1299 5451 1533 5524 Thracia
1571 5450 1994 5524 fuissejndicai.

427 5525 563 5584 Illud
599 5517 726 5578 vero
757 5523 900 5591 quod
945 5517 1038 5575 τοῦ
1078 5520 1440 5593 ἀρχαγγέλου
1471 5535 1566 5593 seu
1625 5519 1686 5573 D.
1717 5517 1996 5593 Michaelis

427 5596 686 5664 templum
708 5589 850 5646 eoin
876 5593 998 5646 loco
1029 5589 1366 5664 exstrue-tum
1398 5592 1474 5664 ait
1496 5589 1992 5664 Bryennius._vide-

428 5678 518 5722 tur
539 5659 681 5721 aedes
707 5664 796 5720 illa
843 5677 988 5730 esse,
1011 5677 1182 5734 quam.
1211 5660 1510 5730 Procopius
1555 5659 1609 5715 et
1637 5659 1995 5730 Theophanes

2106 5241 2170 5293 ad
2205 5241 2360 5293 littus
2389 5238 2602 5304 Anapli,
2639 5236 2783 5305 quod
2831 5251 2895 5288 ex
2933 5234 3107 5287 Ponto
3149 5233 3222 5305 ad
3248 5233 3496 5305 dextram
3529 5231 3678 5305 navi-

2103 5310 2360 5379 gantibus
2417 5301 2762 5379 occurrebat,
2814 5313 3084 5379 statuunt.
3123 5317 3152 5356 a
3182 5301 3675 5379 Constantium-II.

2102 5369 2317 5435 condita
2371 5388 2428 5431 et
2455 5393 2484 5428 a
2539 5374 2852 5430 Justiniano
2887 5375 2954 5429 de
2997 5389 3140 5428 novo
3180 5374 3506 5428 instaurata.
3546 5369 3679 5424 Vide

2103 5449 2249 5504 Petr.
2281 5449 2519 5519 Gyllium
2547 5447 2583 5500 ι.
2621 5461 2669 5519 ll»
2685 5446 2759 5498 De
2774 5445 2959 5519 _Bosp__.
2982 5443 3278 5519 Tltrac.,_c.
3313 5442 3398 5498 10.

2171 5520 2284 5587 (52)
2313 5510 2730 5584 Χωματηνούς.
2755 5514 2846 5587 De
2892 5510 3257 5587 Chomatenis
3295 5523 3345 5568 et
3392 5510 3676 5567 Athanatis

2102 5583 2322 5658 abunde
2348 5583 2588 5646 diximus
2623 5588 2688 5641 ad
2730 5585 3002 5640 Alexiadis
3028 5599 3079 5655 p.
3110 5583 3199 5638 9‘2.
