4080 6206
351 260 432 326 ὶ81

1544 259 2081 321 HISTORIARUM
2116 262 2263 323 LIB.
2309 263 2399 324 IV.

3499 261 3596 324 182

349 373 594 444 περιῄρει
644 371 742 442 μὲν
782 372 891 425 τῶν
938 371 1182 443 δοράτων
1220 372 1288 426 τά
1316 373 1467 440 ξίφη,
1502 373 1638 424 κατὰ
1695 372 1814 435 ἷλας
1861 371 1918 424 δὲ

2043 375 2222 429 leudo.
2251 375 2365 429 Hoc
2389 375 2468 430 sic
2501 376 2918 445 assequebatur.
2957 374 3235 428 Educebat
3266 372 3315 425 in
3343 389 3594 442 campum

351 466 544 527 αὐτοὺς
595 463 818 533 διαιρῶν
881 465 1024 516 κατὰ
1083 462 1376 534 πρόσωπον
1441 461 1563 514 ἵστα
1622 461 1918 531 ἀλλήλους,

352 552 464 609 εἶτα
510 553 727 607 ἐκέλευε
785 553 994 625 σφοδρᾷ
1025 556 1092 624 τῇ
1157 553 1308 626 ῥύμῃ
1351 555 1475 616 τοὺς
1525 554 1725 615 ἵππους
1757 551 1918 605 ἐλαύ-

350 661 534 706 νοντας
579 645 780 713 χωρεῖν
840 644 962 696 κατ⁹
1011 642 1256 714 ἀλλήλων
1312 644 1405 697 καὶ
1449 643 1628 696 παίειν
1677 643 1751 708 ὼς
1809 638 1920 696 οἷόν

343 753 402 788 τε
431 737 541 797 τοῖς
562 736 810 803 δόρασιν,
842 735 940 787 καὶ
969 733 1114 788 οὔτω
1165 736 1292 797 τοὺς
1343 735 1740 805 τολμηρότερον
1785 735 1920 805 πρὸς

341 829 402 880 τὸ
457 826 616 896 ἔργον
657 825 967 896 χωροῦντας
1021 828 1132 890 τοῖς
1184 826 1417 896 πρώτοις
1455 825 1731 893 κατέλεγε.
1782 826 1921 888 Τοὺς

342 918 474 986 γοῦν
501 918 762 980 πολλάκις
812 920 870 970 ἐν
904 921 969 988 τῇ
1010 918 1133 971 κατ’
1179 917 1425 987 ἀλλήλων
1479 917 1765 986 συμπλοκῇ
1799 916 1920 988 ἀρί-

341 1028 503 1074 στους
558 1011 939 1080 ἀναφανέντας
967 1010 1271 1072 ἀθανάτους
1317 1008 1590 1078 ὠνόμασε,
1627 1011 1720 1060 καὶ
1751 1006 1922 1070 οὓτως

343 1102 544 1172 ξυνέϐη
574 1103 782 1166 πάντας
813 1103 940 1165 τοὺς
965 1102 1064 1171 τὴν
1092 1097 1447 1168 συλλεγεῖσαν
1478 1097 1922 1169 ἀναπληροῦντας

340 1194 599 1262 φάλαγγα
631 1194 935 1255 ἀθανάτους
967 1191 1356 1263 ὀνομασθῆναι.

417 1293 478 1339 ε’.
505 1286 738 1348 Τούτους
784 1287 811 1338 ό
856 1283 1137 1353 Κομνηνὸς
1175 1282 1512 1354 παραλαϐὼν
1557 1281 1794 1348 Ἀλέξιος
1825 1280 1921 1346 ξὺν

344 1381 462 1441 τοῖς
495 1378 677 1440 ἄλλοις
707 1376 960 1430 ἀπελθὼν
1008 1376 1475 1448 ἐστρατοπέδευσε
1494 1375 1646 1446 παρά
1678 1373 1922 1444 ποταμὸν

345 1474 447 1526 οὐκ
475 1468 572 1524 οἷδ’
603 1471 751 1532 ὅπως
773 1468 1012 1538 ἀρχῆθεν
1032 1467 1366 1539 καλούμενον
1390 1467 1476 1521 διά
1497 1467 1557 1519 τὸ
1589 1465 1922 1536 ἀμειφθῆναι

341 1564 456 1619 τῶν
490 1565 775 1632 ὀνομάτων
794 1564 860 1615 τά
890 1561 1141 1626 πλεῖστα,
1169 1559 1307 1621 τέως
1332 1559 1376 1612 δ’
1407 1555 1500 1612 οὖν
1541 1560 1602 1612 ἐκ
1635 1557 1742 1612 τῶν
1776 1557 1921 1628 Θρᾳ-

342 1655 519 1709 κικῶν
550 1657 693 1725 ὀρῶν
721 1654 1098 1724 καταρρέοντα
1131 1653 1225 1706 καὶ
1267 1652 1538 1722 Ἀλμυρὺν
1570 1650 1712 1704 κατὰ
1746 1650 1922 1718 ἐγχω-

347 1748 483 1815 ρίων
537 1745 890 1814 καλούμενον.
931 1744 1020 1796 Ἐν
1072 1735 1116 1809 ᾧ
1164 1744 1262 1796 καὶ
1315 1740 1573 1812 φρούριον
1622 1739 1714 1791 ἐπὶ
1759 1739 1923 1806 λόφου

342 1838 597 1906 ἵδρυται·
633 1835 924 1906 Καλοϐρύη
953 1834 1130 1904 τούτῳ
1169 1835 1229 1886 τὸ
1269 1833 1463 1902 ὅνομα.
1511 1832 1718 1884 Ἑκεῖσε
1743 1830 1923 1882 τοίνυν

348 1927 831 1998 στρατοπεδεύσας
864 1925 986 1978 οὕτε
1025 1925 1235 1995 τάφρον
1279 1923 1490 1994 ὤρυξεν
1514 1920 1637 1976 οὕτε
1686 1919 1924 1990 ἐπήξατο

344 2021 566 2090 χάρακα
588 2035 602 2049 ⁸
634 2018 892 2072 ἐϐούλετο
921 2018 1034 2088 γάρ
1061 2017 1225 2070 αὑτοῦ
1255 2015 1340 2087 [Ρ.
1390 2013 1482 2087 91]
1525 2014 1599 2082 μὴ
1647 2013 1922 2082 πολεμίων

346 2111 562 2180 ἐφοδῶν
587 2111 775 2179 ἔφοδον
811 2113 904 2164 καὶ
923 2111 1196 2180 τὴννίκην
1237 2109 1453 2178 βλέπειν
1483 2109 1542 2160 ἐί
1563 2102 1674 2159 οἷόν
1703 2123 1782 2159 τε.
1817 2105 1926 2158 Καὶ

347 2205 458 2273 γάρ
500 2204 695 2272 ἔμελλε
761 2202 878 2273 μετ’
927 2201 1121 2269 ὀλίγων
1175 2200 1442 2270 μάχεσθαι
1503 2197 1638 2270 πρὸς
1704 2196 1929 2258 πολλοὺς

352 2294 696 2364 στρατηγούς
723 2311 783 2346 τε
819 2295 935 2362 ἃμα
965 2292 1245 2360 γενναίους
1280 2292 1373 2344 καὶ
1405 2289 1921 2358 πολυπειροτάτους,

352 2381 426 2439 ὢν
455 2387 712 2456 καθάπερ
757 2387 1006 2456 ἀστέρων
1034 2386 1187 2454 ἥλιος
1235 2383 1466 2453 ἐξῆρχεν
1529 2383 1557 2433 ὁ
1620 2379 1930 2450 βασιλειῶν.

354 2478 452 2530 Διά
478 2475 644 2528 τοῦτο
692 2475 946 2528 ἐϐούλετο
987 2467 1290 2543 τῷπλὴθει
1338 2473 1431 2524 καὶ
1475 2473 1596 2533 ταῖς
1639 2469 1936 2535 δυνάμεσιν

357 2567 748 2636 ἐλαττούμενος
795 2567 823 2619 ὁ
875 2565 1194 2635 δομέστικος
1236 2563 1346 2616 τῶν
1382 2561 1588 2630 σχολῶν
1641 2559 1715 2629 μὴ
1760 2559 1934 2629 τόλμῃ

361 2661 522 2728 μόνον
551 2659 686 2714 ἀλλά
718 2661 814 2713 καὶ
842 2659 1043 2729 μελέτῃ
1065 2657 1161 2711 καὶ
1191 2655 1443 2724 ἀγχινοίᾳ
1472 2652 1934 2721 καταστρατηγῆ-

2027 467 2161 521 istos
2214 481 2344 521 suos
2385 467 2620 537 juvenes
2672 476 2935 529 armatos,
2997 467 3099 519 nisi
3153 463 3298 534 quod
3342 467 3596 532 cuspides

2025 557 2232 612 ferreas
2267 559 2443 613 hastis
2495 559 2866 626 dempserant,
2907 557 3231 625 divisosque
3284 555 3335 608 in
3392 565 3598 610 turmas

2023 656 2076 700 et
2105 650 2389 718 oppositos
2437 650 2672 703 invicem
2720 650 3053 704 altrinsecus
3095 649 3377 702 incurrere
3427 647 3483 700 in
3539 662 3596 701 se

2025 750 2214 793 nmtuo
2239 741 2395 810 equis
2423 757 2587 810 quam
2619 739 3310 808 concitatissimisiubebat
3339 737 3599 792 tundere-

2023 848 2129 897 que
2162 832 2390 885 invicem
2417 833 2640 902 clypeos
2663 833 2833 886 hastis
2875 850 2889 886 :
2923 846 3034 900 quo
3067 831 3159 900 qui
3190 829 3476 883 audentius
3501 829 3597 881 de-

2025 925 2174 992 fungi
2217 925 2551 989 viderentur,
2583 940 2677 978 eos
2707 925 2902 994 primis
2929 922 3272 976 accensebat.
3302 919 3410 973 llos
3432 935 3594 988 porro

2023 1018 2117 1086 qui
2145 1019 2344 1087 saepius
2379 1018 2482 1072 ista
2525 1018 2878 1072 meditatione
2917 1016 3057 1069 vires
3089 1015 3442 1082 animumque
3472 1029 3598 1082 pru~

2026 1109 2306 1174 baverant,
2337 1109 2676 1164 lmmortales
2703 1107 2998 1178 appellavit
3030 1125 3042 1160 :
3068 1104 3213 1176 quod
3245 1119 3441 1158 nomen
3475 1102 3600 1156 inde

2023 1200 2252 1254 adha»sit
2288 1199 2485 1268 legioni
2525 1215 2589 1254 ex
2624 1200 2711 1254 his
2741 1199 2978 1268 scripta’.

2095 1291 2147 1345 5.
2199 1289 2293 1345 His
2351 1289 2586 1359 aliisque
2643 1289 2954 1344 Comncnus
3005 1287 3225 1341 Alexius
3277 1282 3596 1352 assumptis,

2025 1399 2274 1453 egressus
2308 1391 2486 1437 castra
2517 1380 2698 1450 posuit
2737 1380 2801 1434 ad
2835 1378 3083 1439 ﬂuvium,
3113 1377 3297 1432 nescio
3328 1375 3601 1444 quomodo

2025 1473 2328 1542 antiquitus
2383 1472 2715 1542 appellatum
2764 1473 2911 1537 (nam
2962 1469 3219 1537 pleraque
3265 1467 3451 1520 talium
3503 1479 3601 1518 no-

2027 1565 2171 1618 mina
2214 1563 2370 1633 135
2423 1563 2619 1616 mutari
2657 1561 2926 1631 conligit),
2956 1575 3100 1612 nunc
3143 1559 3361 1628 quidem
3395 1557 3464 1610 ab
3507 1571 3601 1609 ac-

2027 1655 2162 1709 colis
2195 1653 2489 1724 Halmyrns
2511 1653 2712 1706 dicitur
2733 1668 2794 1705 ex
2822 1650 3072 1703 Thraciae
3103 1648 3379 1702 montibus
3406 1648 3599 1709 fluens,

2026 1747 2114 1800 cui
2167 1746 2405 1801 adsitum
2461 1745 2746 1798 castellum
2801 1743 2854 1796 in
2909 1741 3044 1796 colle
3085 1741 3353 1794 munitum
3406 1739 3602 1794 visitur

2021 1837 2286 1907 Calohrya
2319 1847 2589 1891 vocatum.
2652 1835 2748 1889 llic
2800 1834 2974 1903 posita
3019 1841 3199 1887 castra
3247 1847 3423 1900 neque
3457 1829 3601 1883 fossa

2024 1944 2199 1996 neque
2255 1929 2396 1981 vallo
2449 1927 2828 1982 cirrulmlrdit.
2900 1924 3014 1976 Non
3078 1924 3222 1977 enim
3287 1920 3594 1975 confidebat

2024 2019 2241 2071 usitatis
2277 2018 2395 2070 belli
2447 2019 2690 2079 artilms,
2734 2031 2831 2068 nec
2866 2023 3132 2069 Statuerat
3175 2019 3488 2080 exspectare
3535 1995 3605 2062 ibi

2025 2109 2319 2162 adventum
2369 2108 2702 2177 impetumve
2751 2106 3016 2169 hostium,
3054 2105 3148 2158 sed
3177 2103 3466 2156 victoriam
3517 2100 3606 2153 fu-

2037 2203 2143 2256 rari
2179 2205 2221 2256 si
2245 2217 2349 2272 qua
2377 2211 2492 2255 arte
2517 2210 2719 2271 posset.
2752 2200 3135 2274 Conditionem
3166 2197 3368 2266 quippe
3390 2194 3608 2248 videbat

2039 2294 2322 2362 imparem,
2361 2308 2528 2362 seque
2555 2308 2680 2346 cum
2723 2293 2913 2360 paucis
2943 2298 3322 2359 comparatum
3353 2287 3610 2340 adversus

2039 2386 2239 2438 animos
2275 2399 2383 2438 non
2430 2383 2630 2437 milites
2661 2382 2836 2436 solum
2870 2381 3042 2435 fortes
3078 2380 3171 2434 sed
3199 2379 3367 2433 duces
3389 2390 3610 2446 quoquo

2043 2488 2364 2544 generosos,
2421 2472 2814 2526 scientissimos
2865 2480 2918 2524 et
2972 2467 3476 2538 experientissimos
3532 2465 3609 2518 rei

2042 2567 2267 2626 bellicae,
2296 2567 2435 2618 inter
2469 2579 2609 2633 quos
2638 2563 2782 2617 velut
2808 2564 2887 2618 sol
2919 2563 3061 2616 inter
3089 2571 3236 2615 astra
3261 2558 3616 2629 praefulgebat

2036 2656 2364 2711 candidatus
2419 2655 2633 2725 imperii
2675 2653 3001 2726 Brycnnius.
3057 2651 3238 2717 Quare
3270 2662 3486 2705 omnem
3515 2646 3614 2700 ho-

363 2769 449 2804 σαι
500 2752 612 2803 τῶν
665 2752 940 2820 πολεμίων
966 2765 980 2778 ·
1011 2749 1247 2810 σκοποὺς
1286 2747 1342 2800 δὲ
1379 2746 1612 2814 πέμπων
1668 2743 1938 2812 ἐμάνθανε

2043 2755 2249 2801 nestam
2291 2747 2393 2802 sibi
2437 2747 2660 2815 putabat
2706 2746 2822 2800 fore
2879 2745 3147 2799 rationem
3177 2740 3526 2813 expediendae
3559 2738 3613 2792 in

363 2842 814 2912 στρατοπεδεύειν
840 2843 968 2905 τοὺς
990 2843 1120 2910 περὶ
1147 2840 1237 2892 τὸν
1262 2836 1547 2909 Βρυέννιον
1570 2836 1626 2888 ἐν
1655 2837 1770 2897 τοῖς
1799 2833 1938 2888 κατὰ

2043 2846 2192 2892 tanta
2220 2839 2384 2892 sortis
2416 2837 2706 2907 iniquitate
2732 2837 2972 2891 victoriae
3010 2843 3065 2888 et
3100 2830 3522 2903 compensanda:
3548 2844 3614 2882 ac

368 2934 459 2987 τοῦ
493 2935 770 3004 Κηδόκτου
804 2936 877 3004 (ο)
932 2933 1156 2993 πεδίοις.

2043 2930 2354 2999 supplenda:
2402 2945 2627 2986 suorum
2689 2929 3007 2999 p.mcitatis,
3067 2941 3175 2980 non
3224 2925 3397 2994 magis
3431 2923 3612 2976 abun-

364 3027 542 3080 dantia
584 3025 795 3079 fiduciae
827 3038 991 3093 quam
1042 3021 1259 3091 ingenio
1306 3028 1359 3074 et
1399 3017 1691 3080 industria,
1735 3014 1937 3085 quibus
1973 3015 2158 3074 hostes
2205 3020 2257 3073 in
2322 3019 2554 3074 insidias
2606 3026 2909 3089 pertractos
2957 3022 3341 3085 strategemate
3422 3010 3608 3066 debel-

365 3120 516 3173 laret.
573 3116 688 3172 Hoc
725 3115 958 3170 consilio
1005 3113 1188 3168 missis
1245 3110 1682 3182 exploratoribus
1746 3109 1937 3164 didicit
2011 3123 2188 3168 castra
2237 3112 2429 3168 metari
2521 3111 2894 3184 Bryennianos
2943 3109 2998 3162 in
3051 3106 3263 3178 campis
3313 3104 3463 3176 juxta
3510 3101 3616 3158 Ce-

365 3213 604 3266 doctum.

435 3301 510 3366 ς’.
575 3303 636 3353 '0
673 3300 772 3371 μὲν
811 3298 905 3353 οὖν
946 3297 1234 3368 Βρυέννιος
1273 3296 1417 3350 κατά
1451 3296 1541 3350 τὴν
1589 3295 1768 3350 ἐκεῖσε
1803 3299 1932 3352 ναὸν

2109 3289 2164 3344 6.
2202 3290 2280 3344 Ac
2329 3287 2629 3359 Bryennius
2669 3287 2887 3355 quidem
2924 3283 2992 3340 ad
3022 3284 3276 3354 templum
3317 3284 3388 3338 ibi
3435 3287 3600 3343 situm

370 3395 464 3462 τῆς
490 3393 585 3447 τοῦ
611 3392 750 3446 Θεοῦ
779 3391 955 3460 Λόγου
989 3390 1215 3461 Μητρὸς
1249 3390 1492 3459 ἑσπέρας
1523 3389 1812 3458 γενόμενος
1845 3391 1942 3443 καὶ

371 3486 438 3538 τὰ.
469 3487 653 3540 είκὸτα
672 3485 922 3549 τελέσας,
960 3484 1079 3537 ἐπεὶ
1122 3483 1434 3554 μεμαθήκει
1463 3483 1589 3544 τοὺς
1616 3481 1944 3542 ἀντιπάλους

376 3580 500 3646 περὶ
532 3576 859 3646 Καλοϐρύην
892 3574 1343 3646 στρατοπεδεύειν
1379 3575 1499 3644 (καὶ
1529 3574 1640 3642 γὰρ
1664 3573 1771 3624 τῶν
1804 3571 1944 3641 μετά

380 3669 474 3722 τοῦ
530 3671 816 3740 Κομνηνοῦ
893 3669 1131 3735 Ἀλεξίου
1207 3666 1469 3736 Τούρκων
1525 3665 1672 3726 τινὲς
1731 3663 1946 3734 νύκτωρ

380 3761 627 3824 ἀπιόντες
654 3762 746 3814 ἐπὶ
776 3759 839 3814 τὸ
864 3760 959 3813 τοῦ
998 3759 1287 3829 Βρυεννίου
1315 3757 1636 3828 στράτευμα
1670 3756 1944 3808 κατασκέ-

377 3851 582 3919 ψασθαι
627 3853 744 3914 τοῖς
783 3852 1008 3912 σκοποῖς
1043 3849 1382 3918 ἐμπεσόντες
1412 3847 1655 3900 ἑάλωσαν
1696 3847 1790 3898 καὶ
1849 3847 1946 3914 ἀχ-

378 3945 557 4008 θέντες
586 3945 766 3997 πάντα
795 3941 1186 4013 ἀπήγγειλαν),
1221 3940 1392 3995 ἕωθεν
1428 3939 1665 4000 ἀναστάς
1698 3939 1949 3991 ἐκέλευεν

378 4037 519 4091 ὅταν
541 4037 871 4105 ὁπλοφορεῖν
907 4035 968 4087 τὸ
993 4035 1312 4103 στράτευμα
1346 4033 1437 4084 καὶ
1485 4028 1604 4082 κατ’
1640 4027 1760 4092 ῐλας
1788 4030 1949 4083 τοῦτο

381 4129 724 4181 συνέταττεν.
760 4123 885 4196 Εἶχε
922 4127 979 4178 δὲ
1012 4125 1161 4194 αὐτῷ
1192 4125 1262 4176 τὰ
1310 4124 1409 4193 τῆς
1462 4123 1766 4187 συντάξεως
1796 4117 1898 4176 ῶδε
1931 4138 1945 4152 ·

379 4221 482 4273 T05
520 4223 622 4287 μὲν
663 4219 839 4286 δεξιοῦ
872 4219 1050 4290 κέρως
1078 4220 1106 4271 ὁ
1135 4217 1327 4271 τούτου
1360 4217 1639 4286 κατῆρχεν
1689 4216 1950 4286 ὁμαίμων

379 4313 406 4362 6
445 4311 868 4380 κουροπαλάτης
900 4311 1152 4378 Ἰωάννης
1183 4307 1241 4360 ὃν
1269 4307 1591 4376 δομέστικον
1645 4305 1953 4374 κατέστησε

383 4403 488 4455 τῶν
523 4401 761 4472 σχολῶν.
801 4401 1185 4470 Συνεπλήρουν
1213 4400 1270 4452 δέ
1319 4399 1522 4468 ταύτην
1560 4397 1658 4467 τὴν
1703 4395 1954 4465 φάλαγγα

383 4495 432 4546 οἵ
452 4510 511 4546 τε
563 4492 624 4558 ἐξ
667 4492 902 4555 Ἰταλίας
937 4493 1087 4562 παρά
1111 4490 1206 4543 τοῦ
1248 4491 1503 4558 Μανιάκη
1552 4487 1764 4540 ἐκείνου
1796 4504 1956 4555 κομι-

388 4584 601 4646 σθέντες
635 4583 880 4654 Φράγγοι
907 4584 1000 4635 καὶ
1036 4581 1146 4634 τῶν
1177 4583 1242 4633 ἐκ
1270 4579 1562 4638 Θετταλίας
1591 4577 1802 4632 ἱππέων
1854 4593 1951 4629 συ-

2045 3380 2232 3435 Matris
2257 3379 2428 3434 divini
2460 3378 2622 3433 Verbi
2647 3393 2872 3446 vespere
2897 3375 3174 3444 profectus
3214 3385 3268 3429 et
3294 3375 3460 3429 Deum
3488 3376 3614 3432 Dei-

2047 3485 2344 3543 paramqne
2381 3472 2479 3524 rite
2513 3481 2824 3533 veneratus,
2859 3470 2946 3521 ubi
2981 3468 3234 3537 cognovit
3270 3467 3615 3522 adversarios

2047 3564 2112 3617 ad
2149 3562 2470 3629 Calobryam
2495 3560 2694 3614 habere
2737 3571 2914 3614 castra
2963 3557 3260 3629 (hocaenim
3296 3558 3557 3613 didicerat
3587 3575 3616 3614 a

2051 3653 2244 3707 Turcis
2290 3652 2620 3722 quibusdam
2648 3664 2714 3703 ex
2747 3649 3013 3704 Alexiano
3050 3649 3315 3712 exercitu,
3363 3651 3454 3718 qui
3493 3667 3616 3705 cum

2052 3763 2147 3814 per
2189 3755 2399 3799 noctem
2432 3740 2828 3812 explorabundi
2865 3742 3141 3796 incautius
3163 3740 3528 3796 admovissent
3563 3759 3621 3798 se

2053 3833 2410 3904 Bryennianis
2458 3833 2677 3891 castris,
2709 3847 2739 3884 a
2773 3830 3044 3897 ;vigilibus
3098 3831 3240 3899 capti
3293 3841 3346 3886 et
3387 3832 3454 3886 ad
3494 3849 3616 3888 eum

2052 3925 2201 3980 ducti
2251 3923 2506 3987 fuerant),
2540 3922 2798 3991 postridie
2830 3937 2984 3975 inatie
3010 3921 3178 3990 jussit
3209 3935 3424 3976 onmem
3467 3939 3624 3978 exer-

2055 4018 2219 4072 citum
2254 4015 2479 4078 armari,
2517 4029 2678 4083 quem
2711 4028 2805 4082 per
2838 4021 3046 4066 turmas
3077 4011 3362 4066 ordinabat
3395 4012 3448 4066 in
3481 4014 3625 4068 hunc

2060 4108 2218 4178 136
2253 4107 2470 4160 modum
2509 4105 2746 4159 :Dcxtro
2771 4103 2988 4172 quidem
3023 4103 3213 4156 cornui
3253 4114 3477 4171 praeerat
3507 4105 3626 4175 ejus

2058 4199 2221 4251 frater
2248 4198 2591 4266 curopalates
2619 4195 2878 4260 Joannes,
2911 4211 3072 4264 quem
3112 4195 3227 4264 ipse
3263 4195 3622 4250 domesticum

2059 4290 2368 4343 scholarum
2402 4297 2700 4343 creaverat.
2752 4287 2809 4341 Id
2858 4297 3040 4341 autcm
3089 4303 3287 4356 corpus
3321 4288 3631 4344 conflabant

2059 4383 2150 4449 qui
2184 4397 2247 4434 ex
2296 4381 2448 4434 Italia
2482 4379 2698 4434 deducti
2745 4395 2776 4432 a
2821 4378 3066 4433 Maniace
3099 4378 3316 4434 fuerant
3347 4379 3538 4433 Franci
3575 4390 3630 4434 et

2060 4473 2304 4541 equitum
2344 4488 2408 4524 ex
2435 4469 2713 4523 Thessalia
2742 4470 2986 4539 plerique
3015 4487 3027 4523 :
3058 4480 3317 4539 prmtcrea
3347 4485 3410 4524 ex
3435 4470 3632 4525 sodali-

2063 4563 2267 4617 tatibus
2299 4563 2399 4622 (sic
2433 4562 2589 4615 dicta:
2630 4569 2794 4615 certae
2833 4561 3066 4614 militum
3115 4560 3330 4629 manus)
3361 4575 3486 4628 pars
3521 4576 3631 4614 non

387 4675 520 4742 χνοὶ,
657 4635 723 4742 γε
898 4674 993 4726 καὶ
1045 4673 1150 4726 τῶν
1180 4672 1287 4726 ἀπὸ
1331 4672 1439 4726 τῶν
1470 4635 1757 4740 ἑταιρειῶν
1801 4668 1938 4734 λεγο

2061 4657 2275 4722 exigua.
2312 4651 2373 4704 lli
2400 4667 2589 4705 omnes
2617 4651 2856 4720 quinque
2892 4650 3117 4702 millium
3155 4663 3442 4704 numerum
3476 4647 3636 4703 facile

390 4762 563 4830 μένων
606 4765 772 4832 μοῖρα
807 4763 908 4815 οὐκ
944 4761 1229 4830 ἐλαχίστη,
1275 4759 1376 4812 ούκ
1408 4759 1665 4821 ἐλάττους
1694 4757 1849 4819 ὄντες
1903 4756 1953 4809 οἱ

391 4856 583 4919 πάντες
611 4854 724 4908 τῶν
761 4854 1230 4922 πεντακισχιλίων.
1276 4853 1349 4904 Τὸ
1393 4851 1488 4920 μὲν
1519 4847 1614 4904 οὖν
1652 4849 1823 4913 δεξιὸν
1857 4848 1948 4901 ού-

393 4964 492 5010 τως
521 4949 785 5001 ἐτέτακτο
810 4963 825 4978 ο
868 4946 962 5000 τοῦ
1001 4947 1049 4999 δ’
1081 4943 1366 5014 εὐωνύμου
1401 4945 1581 5013 κέρως
1612 4940 1810 5010 ἐξῆρχε
1862 4938 1963 5008 μὲν

395 5044 421 5094 δ
473 5041 901 5113 Ταρχανειῶτης
950 5037 1314 5103 Κατακαλὼν,
1370 5036 1510 5106 ἀνὴρ
1569 5033 1662 5087 καὶ
1711 5033 1808 5102 βίῳ
1868 5032 1963 5083 καὶ

397 5135 530 5205 λόγῳ
547 5137 643 5189 καὶ
664 5133 1064 5204 στρατηγικαῖς
1095 5131 1349 5201 μελέταις
1371 5126 1773 5196 κοσμούμενος,
1801 5124 1968 5192 ἐπλήο

404 5242 521 5294 ρουν
552 5227 607 5280 δὲ
642 5226 856 5290 ταύτην
879 5226 978 5292 τὴν
1008 5223 1264 5293 φάλαγγα
1299 5223 1354 5272 αἱ
1406 5219 1513 5273 τῶν
1547 5215 1877 5272 Μακεδόνων
1909 5229 1968 5265 τε

403 5316 490 5370 καὶ
534 5316 769 5388 Θρακῶν
816 5314 926 5368 ἶλαι
991 5317 1044 5377 ἐς
1080 5313 1416 5383 τρισχιλίους
1476 5305 1839 5378 ποσούμεναι.
1896 5301 1969 5356 Τὸ

2067 4746 2349 4814 intpieutes
2366 4743 2616 4796 dextrum
2638 4757 2809 4794 cornu
2835 4739 3124 4794 faciebant.
3147 4737 3436 4793 Sinistrum
3459 4753 3633 4793 cornu

2069 4837 2326 4892 ductabat
2377 4833 2768 4888 Tarchaniotes
2795 4833 3071 4895 Catacalo,
3102 4832 3184 4884 vir
3223 4839 3278 4884 et
3309 4829 3552 4884 moribus
3583 4839 3638 4884 et

2063 4929 2372 4998 eloquentia
2407 4937 2456 4980 ct
2494 4926 2686 4979 bellica
2715 4925 2885 4995 gloria
2913 4925 3231 4992 praeclarus,
3261 4921 3348 4974 cui
3379 4921 3638 4975 suberant

2068 5018 2418 5072 Macedonum
2442 5025 2498 5070 et
2527 5015 2798 5070 Thracum
2830 5014 2950 5076 alae,
2983 5013 3182 5066 milites
3203 5027 3323 5066 anon
3349 5013 3638 5081 pauciores

2069 5113 2242 5165 tribus
2296 5109 2560 5163 millibus.
2631 5107 2862 5161 Mediam
2927 5105 3098 5159 aciem
3159 5104 3274 5174 ipse
3334 5103 3639 5174 Brycnnius

2069 5202 2306 5271 regebat,
2347 5202 2397 5252 in
2437 5214 2547 5268 quo
2603 5197 2923 5267 praetoriana
2983 5195 3177 5250 militia
3234 5204 3430 5250 cuncta
3465 5192 3638 5246 Thra-

2069 5309 2304 5363 cumque
2338 5307 2400 5346 ac
2430 5289 2805 5354 Macedonum,
2835 5305 2935 5344 nec
2965 5304 3070 5343 non
3104 5289 3380 5359 equitatus
3406 5285 3644 5344 Thessa-

1675 5463 1839 5526 Pelri
1874 5462 2123 5523 Possini
2161 5467 2350 5522 notae.

480 5616 550 5680 (ο)
587 5615 910 5677 Κυδόκτευ,
942 5613 1084 5684 quod
1120 5615 1170 5669 in
1209 5629 1310 5667 ms.
1353 5613 1675 5684 auctoritate
1703 5608 1960 5684 concordi

411 5678 574 5741 Anna
613 5686 927 5749 Cumuenx,
963 5678 1331 5755 'Curopalatze,
1372 5683 1598 5738 Cedrcni
1643 5689 1697 5736 et
1735 5678 1958 5732 lunam:

2074 5623 2184 5660 rrm
2218 5608 2358 5662 hanc
2392 5608 2562 5678 ipsam
2611 5605 2954 5660 narrantium
2993 5604 3046 5656 in
3103 5603 3382 5672 Κηδόκτου
3414 5601 3648 5657 mutavi-

2069 5693 2214 5732 ιιιιιν.
