4106 6206
531 294 631 363 187

1725 305 2150 366 NICEPHORI
2196 308 2564 370 BRYENNII

3672 315 3771 370 198

522 417 732 484 gientes
781 413 907 486 (bos
945 417 1087 471 enim
1139 427 1195 472 ut
1245 418 1484 474 diximus
1515 418 1726 490 Scytbtr
1798 421 2134 490 turbabant),
2175 438 2373 490 equum
2414 437 2541 477 vero
2629 438 2788 492 quem
2844 426 3022 479 cultus
3081 422 3466 491 imperatorius
3521 419 3772 491 Rryennii

524 523 646 564 esse
725 509 1012 572 suadebat,
1049 509 1382 578 rbumphaais
1416 511 1816 566 circumdatum
1879 529 2094 568 sessore
2134 530 2363 569 vacuum
2404 531 2416 565 :
2455 516 2520 569 ad
2551 516 2664 570 haec
2696 530 2882 569 vocem
2921 516 3174 569 audirent
3237 513 3382 570 clare
3446 513 3775 567 denuntian-

525 612 633 659 tem
689 606 930 661 occisum
985 621 1106 661 esse
1160 605 1514 678 Bryennium,
1569 606 1754 662 refecti
1810 609 2010 664 animis
2048 619 2103 664 et
2141 611 2444 665 conﬁrmati
2480 611 2660 666 denuo
2689 613 3180 680 congregabantur.

599 697 685 752 10.
717 699 960 752 Accessit
987 699 1176 754 eodem
1209 701 1354 769 quod
1380 701 1435 754 in
1465 700 1608 755 istud
1635 702 2104 770 opportunissime
2134 709 2177 764 Α

529 799 856 844 momentum
887 792 1125 845 ocrurrit
1151 792 1415 846 adventus
1442 808 1547 846 non
1573 793 1780 861 exiguae
1803 792 2104 846 Tureorum

531 896 725 935 manus
785 897 851 935 ex
910 882 977 936 iis
1026 899 1165 951 quos
1221 885 1288 937 ab
1342 884 1671 953 imperatore
1722 885 1774 938 in
1840 886 2104 938 auxilium

528 971 720 1026 Al‘exio
756 975 956 1028 missos
987 975 1098 1041 jam
1148 976 1409 1029 diximus.
1465 973 1526 1028 lli
1571 976 1814 1030 videntes
1847 977 2107 1032 commis-

530 1079 646 1117 sam
707 1081 939 1134 pugnam
1025 1067 1380 1136 turbatosque
1437 1083 1500 1122 ac
1567 1068 1834 1137 fugientes
1901 1068 2106 1133 hostes.

529 1157 757 1224 qttagsito
791 1157 1090 1214 domestico
1141 1161 1455 1214 scholarum
1491 1175 1555 1214 ac
1584 1161 1817 1228 denique
1845 1159 2064 1214 invento
2088 1199 2104 1220 .

532 1246 895 1313 prolixissime
929 1263 1082 1301 suam
1115 1263 1334 1318 operam
1361 1249 1782 1308 detuleruntﬁut
1813 1250 2110 1304 conﬁderet

533 1335 812 1389 hortantes
847 1336 1060 1405 sibique
1089 1339 1326 1392 ostensis
1355 1338 1606 1393 hostibus
1630 1338 1870 1406 aliquam
1896 1346 2102 1406 partem

532 1426 773 1480 victoriae
797 1427 1138 1482 concederet.
1167 1428 1390 1484 Alexius
1421 1444 1611 1483 eorum
1638 1429 1923 1483 alacritate
1945 1436 2108 1483 uten-

535 1520 662 1574 dum
697 1530 850 1574 ratus
886 1521 1116 1576 ducibus
1146 1522 1336 1576 horum
1373 1537 1556 1576 secmn
1589 1521 1886 1587 assumptis
1920 1537 2110 1576 ascen-

536 1612 614 1663 dit
673 1611 725 1664 in
763 1613 1052 1674 tumulum,
1111 1626 1175 1666 ex
1239 1628 1350 1682 quo
1405 1613 1612 1667 sciebat
1659 1612 1898 1667 hostium
1932 1612 2106 1667 aciem

536 1701 684 1754 cerni
712 1716 884 1767 posse,
909 1719 1068 1771 quam
1104 1713 1157 1756 et
1193 1703 1326 1772 ipsis
1359 1704 1484 1758 inde
1517 1703 1777 1757 ostendit.
1804 1703 1882 1756 llli
1920 1703 2109 1756 viden-

539 1798 621 1844 tcs
664 1793 945 1846 confusam
1005 1795 1326 1864 phalangem
1369 1802 1572 1848 temere
1628 1795 1733 1847 huc
1783 1793 1912 1848 illuc
1963 1794 2110 1847 nulla

539 1883 669 1936 cetti
705 1883 912 1938 ordinis
941 1885 1224 1952 disciplina
1261 1894 1575 1954 evagantem
1602 1900 1664 1937 ac
1692 1885 1893 1940 sensim
1922 1899 1978 1939 se
2003 1885 2114 1939 dis-

539 1985 863 2046 solventem,
903 1994 962 2039 ut
986 1986 1089 2039 illis
1120 1985 1316 2039 accidit
1353 1985 1445 2053 qui
1485 1985 1651 2037 nimia
1681 1984 1923 2037 victoria:
1956 1999 2110 2036 secu~

538 2077 698 2129 ritate
737 2092 802 2130 ex
854 2077 1027 2131 versis
1081 2077 1133 2129 in
1189 2075 1370 2144 fugam
1433 2075 1763 2130 adversariis
1823 2085 2110 2143 concepta.

539 2165 940 2220 contentionem
980 2177 1031 2219 et
1062 2166 1385 2222 industriam
1423 2169 1728 2229 remittunt,
1770 2167 1858 2221 eui
1904 2166 2114 2220 ﬁducia:

539 2267 597 2312 ut
631 2258 941 2326 languidius
976 2257 1335 2312 indormit-ent
1381 2257 1708 2328 Bryenuiani
1763 2257 1996 2312 faciebat
2029 2273 2114 2310 re-

539 2362 670 2402 cens
705 2348 1065 2418 transfugium
1103 2347 1458 2414 Francormn,
1500 2349 1593 2417 qui
1632 2365 1698 2404 ex
1738 2349 1910 2403 Alexii
1944 2349 2115 2418 signis

542 2440 608 2492 al
673 2439 821 2508 ipsos
869 2441 1252 2503 transierant,
1313 2440 1596 2494 exscensis
1657 2440 1814 2509 equis
1874 2439 2114 2493 universi

547 2530 700 2603 141
738 2541 791 2586 et
823 2532 1030 2587 dextris
1065 2533 1130 2586 ad
1161 2531 1626 2602 Brycnnianorum
1653 2545 1850 2584 manus
1886 2530 2118 2598 implici-

545 2625 636 2686 tis,
667 2639 786 2690 quze
820 2623 956 2693 ipsis
996 2624 1170 2693 patrio
1206 2638 1355 2677 tnore
1395 2623 1515 2677 ﬁdei
1553 2622 1852 2692 obliganda:
1885 2621 2116 2676 formula

543 2722 598 2767 et
629 2714 765 2768 ritus
795 2724 879 2769 est
905 2729 921 2768 :
947 2714 1014 2769 ad
1049 2715 1195 2783 quod
1243 2713 1616 2783 spectaculum
1650 2713 1850 2780 passim
1890 2727 1955 2766 ex
1986 2712 2118 2780 pha-

543 2805 701 2874 lange
757 2805 1206 2872 diseurrebatur,
1255 2805 1469 2860 cunctis
1535 2807 1711 2859 otiose
1768 2803 2120 2859 cernentibus

542 2898 672 2967 quid
709 2906 962 2968 ageretur
995 2909 1048 2953 et
1103 2897 1329 2967 periculi
1379 2898 1588 2952 securis
1631 2915 1646 2948 :
1685 2897 1824 2959 haec,
1873 2895 2121 2964 inquam,

543 3001 667 3040 cum
701 2987 868 3041 duces
893 2986 1221 3051 Tu‘rcorum,
1246 2995 1586 3040 monstrante
1607 2986 1817 3052 Alexio,
1841 2984 2123 3052 vidissent,

2281 703 2367 774 [P.
2407 702 2496 774 ιιι]
2531 700 2581 756 ι’.
2621 702 2894 756 Ξυνέπεσε
2929 702 2985 754 δέ
3035 719 3087 754 τι
3132 699 3227 754 καὶ
3274 699 3485 768 ἕτερον,
3518 698 3776 770 Τούρκων

2207 795 2307 848 οὐκ
2339 794 2635 864 ἐλαχίστην
2667 797 2863 864 μοῖραν
2913 793 3049 864 πρὸς
3107 793 3428 862 συμμαχίαν
3467 791 3591 860 ἄρτι
3637 793 3776 860 πρὸς

2209 883 2477 952 βασιλέως
2527 883 2888 945 ἀπεστάλθαι,
2929 881 3024 946 οὓς
3095 879 3434 950 συνεκύρησε
3499 880 3641 934 κατὰ
3688 880 3778 933 τὸν

2208 974 2396 1043 καιρὸν
2429 975 2656 1037 ἐκεῖνον,
2679 973 2801 1026 καθ’
2819 974 2878 1026 δν
2906 975 2939 1044 ἡ
2973 973 3122 1043 μάχη
3152 973 3384 1044 συνέστη
3403 975 3497 1028 καὶ
3525 976 3558 1044 ἡ
3581 975 3777 1044 τροπὴ,

2207 1064 2636 1134 παραγενέσθαι.
2679 1065 2904 1128 ’ἰδόντες
2925 1061 3020 1118 οὖν
3054 1063 3359 1134 φεύγοντας
3383 1065 3478 1118 καὶ
3509 1066 3602 1118 τδν
3623 1065 3780 1134 δομέ-

2210 1172 2398 1208 στικον
2454 1153 2790 1224 ζητήσαντες
2836 1155 2944 1208 τῶν
3007 1155 3212 1225 σχολῶν
3259 1156 3354 1209 καὶ
3411 1157 3560 1226 παρά
3609 1157 3783 1228 τούτῳ

2209 1249 2490 1318 γενόμενοι
2525 1249 2749 1320 θαρρεῖν
2787 1267 2846 1302 τε
2899 1249 3155 1303 ἐκέλευον
3185 1251 3281 1304 καὶ
3311 1252 3440 1312 τοὺς
3490 1250 3782 1320 πολεμίους

2211 1340 2438 1412 ἐζήτουν
2490 1341 2810 1394 θεάσασθαι.
2868 1340 2928 1394 '0
2980 1341 3036 1394 δὲ
3071 1343 3199 1404 τοὺς
3256 1342 3531 1413 ἡγεμόνας
3579 1340 3783 1394 τούτων

2210 1431 2542 1499 παραλαϐὼν
2570 1431 2777 1484 ἄνεισιν
2802 1431 2894 1485 ἐπί
2918 1449 3038 1485 τινα
3064 1433 3226 1501 λόφον
3287 1434 3382 1500 ἀφ’
3419 1425 3481 1486 οὗ
3524 1449 3775 1500 καταφα-

2210 1525 2320 1585 νεῖς
2348 1521 2577 1592 ἔμελλον
2605 1521 2826 1576 ἔσεσθαι
2851 1523 2900 1574 οἰ
2925 1523 3195 1593 πολέμιοι,
3224 1525 3319 1577 καὶ
3345 1524 3637 1576 ὑπεδείκνυ
3662 1521 3784 1576 τού-

2211 1631 2336 1677 τους
2369 1615 2600 1668 ἐκεῖθεν.
2635 1615 2696 1669 Oi
2727 1615 2784 1667 δέ
2818 1614 3230 1686 ξυγκεχυμένην
3264 1617 3468 1680 ἰδόντες
3523 1617 3621 1686 τὴν
3676 1618 3786 1684 φά-

2211 1707 2392 1774 λαγγα
2428 1709 2521 1759 καὶ
2549 1708 2643 1772 ξὺν
2683 1709 2914 1780 οὓδεμιᾷ
2967 1711 3118 1774 τάξει
3155 1710 3463 1782 χωροῦσαν,
3514 1712 3629 1764 ἀλλ’
3665 1713 3787 1764 ἀκι-

2212 1799 2390 1867 νήτως
2426 1798 2617 1868 ὥσπερ
2644 1801 2973 1869 κινουμένην
3005 1804 3096 1854 καὶ
3127 1802 3494 1872 φθειρομένην
3554 1802 3783 1870 (πάντες

2215 1887 2323 1958 γὰρ
2347 1887 2452 1951 ἕξω
2505 1889 2806 1957 φροντίδων
2853 1887 2993 1961 ἦσαν
3045 1891 3118 1954 ὼς
3150 1893 3251 1962 ἤδη
3287 1892 3634 1962 νενικηκότες
3695 1893 3788 1944 καὶ

2215 1979 2342 2041 τοὺς
2376 1979 2669 2048 πολεμίους
2702 1981 3092 2052 τρεψάμενοι),
3131 1982 3254 2034 ἐπεὶ
3277 1983 3370 2038 καὶ
3421 1985 3470 2035 οἰ
3491 1983 3585 2035 τοῦ
3617 1981 3786 2035 Bosa-

2215 2072 2428 2124 νειάτου
2483 2073 2728 2142 Φράγγοι
2794 2073 2873 2143 τῷ
2930 2074 3206 2144 Βρυεννίῳ
3266 2077 3788 2146 προσκεχωρήκασιν

2212 2160 2452 2225 ἅπαντες
2491 2165 2588 2215 καὶ
2615 2163 2724 2216 τῶν
2753 2165 2936 2216 ἵππων
2967 2164 3375 2230 ἀποϐαίνοντες,
3413 2168 3525 2228 τοῖς
3577 2165 3788 2218 ἐκείνου

2212 2253 2369 2322 χερσὶ
2409 2253 2507 2330 τὰς
2543 2255 2733 2322 χεῖρας
2757 2254 3136 2324 ἐμϐάλλοντες,
3170 2256 3245 2319 ὡς
3282 2255 3344 2324 δὴ
3373 2257 3598 2324 πάτριος
3627 2255 3788 2325 νόμος

2216 2344 2425 2406 τούτοις
2455 2345 2595 2410 ἐστὶ,
2638 2345 2847 2407 πίστεις
2900 2345 3226 2402 ἐδίδουν....⁴
3282 2346 3527 2412 ξυνέθεον
3556 2346 3811 2418 ἅπαντες,

2217 2438 2266 2490 οἰ
2297 2437 2396 2506 τῆς
2437 2436 2738 2504 φάλαγγος,
2775 2437 2971 2492 Θεαταί
3015 2439 3123 2491 τῶν
3157 2439 3450 2510 δρωμένων
3485 2439 3788 2509 γενόμενος,

2223 2526 2377 2580 ταῦτ’
2407 2525 2500 2581 οὖν
2531 2528 2580 2580 οἰ
2606 2527 2713 2580 τῶν
2738 2527 2998 2601 Τούρκων
3033 2533 3306 2601 ἡγεμόνες
3330 2533 3549 2594 ἰδόντες.
3599 2532 3789 2584 κατελρ

2227 2617 2412 2680 Οόντες
2438 2623 2648 2676 ἐκεῖθεν
2673 2622 2837 2693 τριχῆ
2859 2623 2957 2695 τὴν
2990 2625 3198 2677 οἰκείαν
3223 2623 3481 2691 φάλαγγα
3530 2623 3791 2684 διελόντες

2225 2711 2326 2773 τὰς
2370 2713 2470 2782 μὲν
2527 2713 2620 2767 δύο
2669 2715 2866 2786 μοίρας
2905 2715 2997 2768 ἐπὶ
3033 2714 3094 2766 τὸ
3126 2714 3428 2784 ἐνεδρεύειν
3461 2712 3789 2783 ἐξέπεμπον,

2224 2803 2323 2872 τὴν
2346 2803 2402 2856 δὲ
2438 2805 2634 2875 ἑτέραν
2656 2806 2908 2859 ἐκέλευον
2939 2804 3078 2872 πρὸς
3101 2805 3228 2868 τοὺς
3267 2803 3562 2873 πολεμίους
3597 2804 3796 2873 χωρεῖν

2221 2893 2282 2945 ού
2315 2894 2456 2948 κατὰ
2476 2895 2734 2964 φάλαγγα
2761 2897 3231 2966 συντεταγμένους
3257 2897 3391 2950 ἀλλᾶ
3428 2895 3568 2949 κατὰ
3603 2896 3791 2964 λόχους

2221 2985 2434 3054 ὀλίγους
2454 2987 2548 3040 καὶ
2576 2987 3063 3058 διεσκεδασμένως,
3084 2988 3214 3058 ἐλᾷν
3230 3005 3290 3042 τε
3321 2989 3444 3052 τοὺς
3468 2988 3669 3050 ἵππους
3699 2989 3793 3039 καὶ

543 3077 932 3134 descendentes
992 3079 1116 3133 inde
1184 3093 1312 3133 suas
1362 3077 1550 3145 copias
1613 3077 1879 3131 trifariam
1938 3077 2121 3145 partiti

2222 3079 2333 3141 τοῖς
2376 3076 2676 3148 τοξεύμασι
2725 3079 2965 3151 χρῆσθαι
2997 3079 3094 3134 καὶ
3142 3080 3389 3151 πέμπειν
3451 3080 3578 3152 βέλη
3618 3079 3792 3150 συχνὰ

547 3180 698 3225 sunt.
725 3169 928 3225 Harum
960 3171 1097 3226 duas
1131 3180 1309 3240 partes
1340 3170 1394 3224 in
1434 3169 1661 3224 insidias
1691 3168 2117 3230 absconderunt,

2223 3170 2345 3221 κατ’
2385 3171 2634 3226 ἐκείνων.

550 3266 765 3320 tertiam
815 3265 1102 3336 jusserunt
1165 3266 1220 3320 in
1283 3267 1466 3320 hostes
1513 3265 1696 3319 invehi
1763 3280 1868 3318 non
1905 3265 2016 3334 jam
2074 3265 2129 3318 in
2172 3265 2454 3335 phalangis
2493 3268 2712 3321 modum
2779 3268 3082 3335 ordinatos,
3129 3269 3222 3326 sed
3253 3286 3347 3340 per
3409 3270 3652 3326 modicos
3679 3286 3794 3325 nta-

548 3362 763 3432 nipulos
792 3363 1022 3432 Sparsim
1051 3361 1372 3432 discerptus,
1405 3361 1661 3416 mandato
1683 3362 1830 3416 edito
1881 3369 1942 3417 ut
1981 3375 2153 3432 equos
2199 3361 2250 3414 in
2281 3377 2378 3416 eos
2419 3362 2709 3417 incitarent
2759 3364 3082 3434 eminusque
3146 3364 3518 3434 iacularentur
3554 3373 3608 3418 et
3631 3380 3796 3435 quam

547 3458 778 3528 plurima
811 3460 864 3512 in
905 3475 1000 3515 eos
1029 3461 1132 3515 tela
1163 3460 1458 3515 mitterent.

621 3551 709 3604 ll.
751 3552 1096 3621 Sequebatur
1124 3562 1303 3607 autem
1339 3553 1440 3609 bos
1464 3562 1517 3608 et
1545 3552 1769 3607 Alexius
1789 3550 2122 3611 Conmenus,
2157 3555 2198 3611 c

548 3644 902 3710 congregatis
949 3643 1092 3696 circa
1146 3660 1204 3698 se
1249 3655 1519 3713 quotquot
1569 3659 1634 3697 ex
1682 3641 1810 3712 fuga
1858 3652 2122 3696 retractos

551 3748 795 3803 prsesens
849 3733 924 3786 illi
971 3732 1187 3787 fortuna
1244 3735 1460 3788 obtulit.
1515 3735 1653 3788 Cum
1707 3735 1811 3789 hoe
1859 3743 2003 3788 statu
2037 3747 2122 3787 res

554 3833 756 3888 essent,
817 3823 1213 3877 Immortalium
1274 3826 1495 3894 quidam
1552 3835 1946 3896 praecurrentes
2001 3833 2126 3879 ante

553 3913 765 3969 Turcos
792 3915 903 3984 jam
941 3916 994 3969 in
1032 3913 1224 3984 agmen
1257 3916 1512 3987 Bryennii
1549 3927 1972 3986 penetraverunt
2016 3926 2123 3970 tam

557 4008 746 4062 intime
780 4018 838 4062 ut
872 4024 1012 4064 unus
1051 4023 1240 4063 eorum
1278 4010 1380 4080 ipsi
1423 4009 1692 4080 Bryennio
1733 4019 1926 4078 pectus
1969 4009 2124 4062 hasta

555 4103 808 4156 cominus
867 4103 1134 4156 tunderet.
1180 4100 1272 4156 ille
1333 4117 1482 4166 vero,
1539 4102 1737 4156 educto
1787 4109 2010 4153 strenue
2036 4113 2128 4153 va-

557 4193 679 4262 gina
710 4207 861 4257 ense,
895 4193 1105 4247 hastam
1140 4193 1248 4247 ictu
1285 4194 1537 4248 manibus
1575 4192 1809 4248 tenentis
1838 4206 2126 4246 excussam

557 4285 612 4337 in
659 4284 768 4337 duo
801 4283 970 4338 frusta
1032 4283 1290 4354 diﬁ‘regit,
1339 4285 1514 4354 ipsum
1563 4299 1690 4337 vero
1725 4284 1816 4354 qui
1853 4299 1911 4338 se
1939 4285 2128 4353 pulsa-

557 4387 708 4430 verat
762 4376 814 4429 iu
861 4392 1074 4431 summa
1106 4379 1314 4432 brachii
1359 4394 1482 4433 eum
1513 4378 1727 4432 cervice
1763 4377 2127 4432 commissura

558 4479 870 4531 assecutus,
907 4470 1197 4523 humerum
1226 4486 1349 4525 cum
1376 4471 1599 4524 thorace
1630 4469 1847 4538 penitus
1878 4467 2127 4522 abscidit.

559 4557 658 4615 Hic
685 4561 980 4628 improviso
1014 4560 1178 4614 Turci
1201 4575 1326 4614 cum
1354 4561 1591 4615 clamore
1620 4559 1787 4614 alacri
1810 4559 2127 4628 grandinem

558 4651 786 4706 telorum
822 4653 1062 4713 tuittunt,
1111 4650 1442 4705 haerentibus
1483 4658 1538 4705 et
1588 4650 1986 4719 trepidantibus
2029 4649 2130 4703 du-

559 4743 804 4798 ctoribus
842 4741 1124 4812 phalangis
1174 4741 1240 4795 ad
1299 4750 1406 4795 tam
1476 4741 1819 4810 inopinatum
1875 4739 2127 4794 malum:

561 4841 740 4886 tamen
775 4843 830 4886 ut
853 4840 1008 4886 erant
1047 4831 1147 4884 viri
1190 4831 1357 4886 fortes
1387 4839 1441 4885 et
1472 4831 1594 4886 belli
1626 4830 1808 4900 periti,
1841 4829 2130 4884 restituere

559 4923 613 4978 in
655 4925 896 4978 ordinent
953 4923 1108 4994 142
1161 4923 1480 4994 phalangem
1529 4922 1886 4985 conabantur,
1928 4921 2118 4975 adhor-

562 5024 737 5070 tantes
772 5015 837 5068 ad
885 5016 1020 5070 bene
1051 5016 1397 5088 pugnandum
1444 5026 1720 5086 partaeque
1745 5014 1858 5083 jam
1889 5015 2129 5068 victorian

557 5107 726 5162 decns
759 5108 1138 5164 obtinendum.
1181 5107 1413 5178 Jamque
1444 5124 1541 5178 pro
1585 5108 1832 5177 angustia
1862 5107 2128 5174 temporis

561 5198 698 5253 satis
730 5200 994 5254 restitutis
1029 5199 1338 5263 ordinibus,
1371 5199 1426 5254 in
1467 5197 1674 5253 Turcos
1705 5197 2035 5251 ferebantur.

634 5289 724 5344 1‘2.
755 5291 824 5343 At
850 5292 902 5344 bi
950 5290 1119 5346 effuse
1153 5291 1422 5361 fugientes
1451 5304 1546 5344 eos
1575 5290 1628 5343 in
1675 5288 1900 5343 insidias
1943 5286 2126 5341 trabe-

562 5381 697 5435 bant
723 5380 961 5444 duobus,
999 5391 1057 5436 ttt
1086 5382 1343 5446 diximus,
1384 5381 1514 5437 locis
1547 5379 1772 5450 positas,
1802 5377 1865 5432 ad
1891 5393 2124 5447 quorum

563 5471 796 5540 priorem
822 5481 949 5525 ntse
972 5473 1354 5537 admoverunt,
1375 5472 1785 5542 erumpentibus
1811 5487 1877 5526 ex
1905 5471 2125 5526 occulto

2303 3547 2389 3602 ια’.
2427 3549 2718 3602 Ξυνείπετο
2733 3549 2789 3603 δέ
2814 3548 3024 3612 τούτοις
3039 3551 3131 3601 καὶ
3151 3550 3178 3601 ό
3206 3549 3486 3619 Κομνηνδς
3526 3550 3792 3616 ’Δλέξιος.

2230 3642 2490 3705 συλλέξας
2523 3642 2631 3694 τῶν
2681 3642 2746 3694 ἐκ
2795 3640 2894 3709 τῆς
2945 3639 3152 3711 τροπῆς
3187 3640 3416 3702 ὁπόσους
3448 3641 3508 3694 τὸ
3557 3641 3650 3705 ὀξὺ
3704 3641 3794 3696 τοῦ

2228 3732 2422 3802 καιροῦ
2452 3731 2771 3802 συνεχώρει.
2816 3729 2972 3784 Οὕτω
2999 3730 3298 3800 γινομένων
3339 3732 3446 3784 τῶν
3480 3732 3796 3785 Ἀθανάτων

2229 3823 2370 3885 τινὲς
2435 3822 2914 3892 προεκδραμόντες
2978 3823 3104 3885 τοὺς
3159 3821 3436 3892 Τούρκους
3504 3824 3653 3885 ἐντός
3705 3821 3800 3876 τοῦ

2230 3913 2519 3982 Βρνεννίου
2575 3911 2987 3982 στρατεύματος
3058 3912 3341 3981 γεγόνασι,
3396 3914 3492 3965 καὶ
3552 3913 3660 3964 τῶν
3717 3931 3798 3976 τις

2231 4007 2460 4060 ἐκείνων
2500 4007 2652 4059 παίει
2679 4005 2868 4059 τοῦτον
2897 4005 3041 4065 κατὰ
3073 4004 3166 4058 τοῦ
3201 4007 3426 4076 στέρνου
3479 4006 3556 4074 τῷ
3589 4008 3796 4075 δόρατι.

2240 4099 2300 4152 '0
2324 4099 2380 4152 δὲ
2420 4097 2513 4150 τοῦ
2542 4097 2767 4151 κουλεοῦ
2813 4097 2872 4150 τὸ
2907 4096 3058 4165 ξίφος
3100 4097 3337 4161 ἑλκύσας
3383 4099 3514 4151 αὑτό
3560 4117 3619 4151 τε
3672 4100 3799 4168 δόρυ

2235 4191 2442 4259 παίσας
2467 4186 2628 4242 διεῖλε
2669 4190 2791 4259 διχῆ
2810 4190 2906 4242 καὶ
2933 4189 3024 4242 τὸν
3053 4188 3280 4258 βαλόντα
3307 4191 3448 4245 κατὰ
3467 4190 3563 4259 τῆς
3592 4191 3799 4253 κλειδὸς

2234 4282 2441 4352 πλήξας
2479 4281 2568 4334 sint
2595 4275 2746 4348 ὦμον
2779 4280 2894 4350 ἅμα
2923 4281 3000 4350 τῷ
3039 4281 3245 4351 θώρακι
3276 4282 3520 4354 διαμπὰξ
3547 4284 3795 4352 ἐξέτεμε.

2238 4375 2348 4429 Καὶ
2377 4375 2580 4436 εὐθέως
2598 4375 2646 4426 οἱ
2679 4373 2912 4444 Τοῦρκοι
2947 4375 3044 4426 σὺν
3078 4373 3378 4445 ἀλαλαγμῷ
3417 4376 3484 4429 τὰ
3519 4377 3644 4445 βέλη
3714 4377 3804 4441 ἐξ·

2236 4467 2510 4537 ἔπεμπον,
2541 4467 2634 4520 καὶ
2662 4467 2713 4518 οἰ
2740 4466 3125 4536 φαλαγγάρχαι
3153 4463 3291 4538 ἦσαν
3340 4468 3434 4520 ἐπὶ
3462 4468 3539 4538 τῷ
3555 4471 3805 4537 αἰφνιδίῳ

2233 4559 2326 4611 τοῦ
2372 4559 2648 4628 δράματος
2682 4558 3152 4627 καταπληγέντες.
3201 4558 3391 4628 Ὅμως
3418 4560 3606 4630 ἄνδρες
3639 4560 3804 4615 δεινοὶ

2233 4651 2301 4703 τὰ
2331 4651 2602 4720 πολεμικὰ
2626 4651 2776 4712 ὄντες
2800 4651 2858 4712 ἐς
2887 4650 3069 4713 τάξεις
3096 4651 3397 4720 ἐπειρῶντο
3454 4653 3801 4722 καταστῆσαι

2233 4740 2333 4808 τὴν
2371 4738 2647 4808 φάλαγγα,
2687 4740 2783 4792 καὶ
2815 4741 2942 4802 τοὺς
2979 4740 3132 4808 σφῶν
3164 4739 3511 4809 παρεκάλουν
3535 4741 3804 4810 στρατιώ-

2233 4850 2329 4895 τας
2353 4831 2552 4901 ᾶνδρας
2578 4832 2815 4900 ἀγαθοὺς
2843 4831 3094 4898 γενέσθαι
3126 4831 3282 4892 κλέος
3317 4829 3559 4884 τοιοῦτον
3592 4832 3620 4885 ὃ
3651 4836 3803 4898 νικήο

2237 4941 2428 4985 σαντες
2455 4921 2714 4992 ἀλλήλους
2743 4921 2831 4985 ⁸⁸⁸,
2859 4924 2953 4975 καὶ
2988 4921 3063 4984 ὡς
3117 4922 3178 4974 τὺ
3217 4921 3404 4976 στενὸν
3457 4921 3551 4976 τοῦ
3607 4925 3804 4993 καιροῦ

2237 5014 2532 5084 συνεχώρει
2562 5015 2929 5076 καταστάντες
2951 5015 3029 5077 εἰς
3047 5013 3226 5078 τάξεις
3255 5014 3517 5083 γενναίως
3537 5015 3804 5087 ἐξώρμων

2234 5108 2376 5160 κατὰ
2399 5107 2680 5178 Τούρκων.

2309 5285 2397 5358 [Ρ.
2424 5285 2515 5357 95]
2547 5283 2633 5355 ιβ’.
2663 5285 2726 5338 οι
2769 5284 2826 5338 δὲ
2854 5285 3145 5353 φεύγοντες
3193 5285 3574 5356 προτροπάδην
3621 5278 3808 5336 εἷλκον

2239 5379 2483 5442 ἐκείνους
2520 5377 2656 5446 πρὸς
2685 5377 2785 5438 τὰς
2810 5376 3054 5446 ἐνέδρας,
3087 5376 3191 5438 ἕως
3224 5378 3390 5445 ἐγγὺς
3454 5374 3674 5445 πρώτης
3716 5377 3809 5426 ἐν·

2246 5473 2413 5541 ἕδρας
2450 5469 2756 5539 γεγόνασιν.
2805 5469 2958 5523 Ἐπεὶ
3009 5468 3298 5541 δέπλησίον
3331 5468 3594 5536 γένοιντο,
3655 5463 3810 5520 αὑταιί

627 5653 644 5673 ⁸
687 5651 894 5700 iudicavi
951 5652 1171 5699 lacunam
1236 5650 1490 5700 lixcidisse
1536 5650 1731 5697 videtur
1769 5649 1822 5696 οὗ
1865 5648 2110 5708 γινομένου

2222 5642 2327 5694 litor
2359 5639 2638 5693 Bonnensis.

626 5714 662 5733 “
690 5718 835 5771 κλέος
861 5741 916 5749 —-
937 5715 1181 5769 ἀλλήλους.
1207 5713 1320 5761 llaec
1343 5714 1568 5760 lacunosa
1590 5719 1704 5759 sunt
1734 5719 1782 5758 et
1807 5707 2052 5770 corrupta.
2092 5707 2175 5756 Id.
