4106 6206
313 221 402 285 189

1491 240 2037 302 HISTORIARUM
2074 243 2220 302 LIB.
2265 244 2360 305 ιν.

3457 249 3558 314 100

306 351 357 426 τε
386 329 714 426 ὑπέστρεφον
746 333 842 426 καὶ
869 337 920 390 οἱ
971 339 1069 410 τῆς
1103 340 1329 415 ἐνέδρας
1376 342 1547 410 ὀξέως
1606 364 1847 417 καταπη·

1967 347 2084 403 suis
2107 359 2160 404 et
2185 350 2285 419 ipsi
2310 349 2436 420 fuga
2461 365 2665 408 omissa
2699 367 2758 409 se
2785 356 3146 426 adjnngentes
3171 342 3555 415 innumerabili

305 424 546 495 δήσαντες
571 424 840 480 πάντοθεν
879 429 1079 497 αὐτοὺς
1111 433 1446 504 τοξεύμασιν
1481 436 1710 492 ἔϐαλλον
1772 441 1867 492 καὶ¹

307 513 472 576 κακῶς
504 513 774 570 διετίθουν
803 520 897 574 καὶ
947 522 1151 588 ἵππους
1192 527 1286 580 καὶ
1335 529 1557 600 ἄνδρας.
1605 531 1867 585 Ἐκεί·.ων

301 605 352 658 δέ
372 606 497 675 πρὸς
525 609 706 680 φυγὴν
735 611 1094 671 ἐκκλινόντων
1121 619 1248 690 ἤδη,
1273 622 1300 674 6
1353 620 1464 674 τῶν
1498 622 1705 691 σχολῶν
1750 625 1844 676 δο-

307 698 537 767 μέστικος
555 699 654 754 τοῦ
693 702 789 757 τοῦ
821 706 1114 777 Βρυεννίου
1149 712 1564 782 στρατεύματος
1593 717 1621 768 6
1669 733 1864 786 κουρο-

305 791 530 862 παλάτης
598 793 879 867 Ἰωάννης.
931 798 992 852 δν
1035 801 1249 856 ἐκείνου
1283 806 1560 876 ὁμαίμονα
1621 809 1649 860 ὁ
1707 809 1861 877 λόγος

301 881 493 948 φθάσας
524 882 823 955 ἐγνώρισεν
866 888 1096 956 ἄνωθεν,
1133 893 1351 966 ἐϐοήθει
1405 895 1502 962 ξὺν
1538 901 1697 968 τάχει
1731 899 1863 952 πολ-

299 973 384 1039 λῷ.
423 975 516 1027 Ὃν
550 975 748 1042 ἰδόντες
782 980 832 1033 oi
873 985 1004 1052 περὶ
1058 984 1149 1039 τὸν
1198 987 1491 1059 Βρυέννιον
1543 991 1861 1064 θαρραλεώ-

294 1081 437 1133 τερον
459 1068 603 1123 κατὰ
631 1071 744 1123 τῶν
761 1072 1022 1144 Τούρκων
1046 1077 1313 1149 ἐχώρουν.
1350 1083 1414 1136 0i
1451 1082 1498 1136 δ’
1547 1081 1704 1148 αὖθις
1757 1085 1859 1139 ὑπ-

303 1157 551 1228 έστρεφον
584 1162 680 1214 κα)⁸
705 1163 932 1232 φεύγειν
957 1169 1017 1220 ού
1060 1169 1191 1238 πρὶν
1232 1172 1446 1243 ἀνῆκαν
1475 1174 1580 1240 ἓως
1630 1169 1691 1230 οὗ
1738 1178 1859 1240 ταῖς

295 1249 520 1320 ἐνέδραις
560 1259 882 1324 περιπεσεῖν
908 1259 1038 1324 τοὺς
1084 1261 1382 1329 διώκοντας
1413 1268 1854 1338 παρεσκεύασαν.

294 1335 360 1394 Ob
415 1341 473 1412 δὴ
527 1347 829 1416 γενομένου
890 1353 996 1404 καὶ
1040 1354 1179 1423 πρὸς
1254 1359 1436 1428 φυγὴν
1486 1335 1856 1416 ἐκκλινάντων

292 1428 531 1485 ἁπάντων
568 1433 694 1504 ἤδη,
734 1441 920 1508 συχνοὶ
959 1441 1070 1494 τῶν
1123 1445 1252 1514 περὶ
1285 1446 1378 1499 τὸν
1411 1448 1700 1519 Βρυέννιον
1733 1451 1853 1505 ἐόν-

288 1533 386 1572 των
405 1521 654 1578 ἔπιπτον.
694 1527 761 1580 Ὃ
819 1531 1054 1586 κατιδὼν
1084 1536 1289 1600 ἐκεῖνος
1318 1537 1537 1608 βοηθεῖν
1572 1543 1855 1614 ἐπεχείρει

287 1609 477 1678 ταχέως
505 1629 519 1642 ·
554 1614 784 1680 πολλοὺς
814 1619 924 1689 γάρ
957 1622 1065 1675 τῶν
1089 1623 1398 1680 διωκόντων
1459 1609 1738 1684 συναντών
1759 1609 1854 1686 άν-

295 1697 408 1772 ῄρει
440 1706 538 1756 καὶ
565 1707 691 1769 τοὺς
719 1711 1022 1779 φεύγοντας
1046 1718 1346 1786 παρεκάλει
1372 1720 1574 1789 μένειν.
1594 1722 1734 1776 Ἀλλ’
1773 1727 1852 1788 εἰς

286 1793 426 1846 κενὸν
485 1798 643 1868 αὐτῷ
703 1801 1038 1874 καθεστήκει
1093 1808 1164 1860 τά
1219 1809 1315 1862 τοῦ
1393 1813 1850 1884 σπουδάσματοςο

283 1885 466 1952 πάντες
498 1891 613 1960 γὰρ
648 1891 898 1958 λιπόντες
923 1897 1088 1950 αὐτὸν
1119 1899 1213 1964 ξὺν
1241 1901 1320 1972 τῷ
1351 1903 1450 1974 υίῷ
1481 1906 1575 1959 καὶ
1597 1907 1675 1974 τῷ
1699 1907 1854 1962 ἀδελι-

284 1978 360 2047 φῷ
388 1980 734 2052 ὑπεχώρουν.
786 1987 952 2040 Δύτοὶ
1006 1990 1065 2043 δέ
1124 1991 1396 2064 λαμπρῶς
1442 1997 1852 2069 ἀγωνισάμενοι

281 2071 366 2164 καὶ
411 2076 647 2144 συχνοὺς
703 2077 812 2131 τῶν
867 2080 1132 2152 Τούρκων
1187 2087 1613 2156 καταϐαλόντες,
1657 2091 1852 2164 ἐπειδὴ

275 2161 364 2232 τὴν
393 2165 655 2234 φάλαγγα
705 2170 888 2224 πᾶσαν
920 2172 1402 2232 διασκεδασθεῖσαν
1428 2179 1638 2252 ἐώρων,
1681 2161 1852 2255 ἐξώρξ

277 2269 381 2320 μων
440 2257 538 2309 καὶ
603 2258 761 2311 αὐτοὶ
801 2261 938 2330 πρὸς
1011 2267 1074 2318 τὸ
1112 2267 1361 2336 φεύγειν,
1415 2273 1464 2324 οἱ
1512 2272 1571 2325 δὲ
1613 2274 1848 2345 Τοὖρκοι

275 2345 568 2404 ἐπέκειντο.
601 2352 819 2422 Συχνῶς
841 2352 937 2409 οὗν
971 2359 1428 2432 ἐπιστρεφόμενοι
1458 2365 1683 2430 τούτους
1747 2370 1847 2421 ἀν-

277 2433 499 2493 έκοπτον
524 2441 630 2511 τῆς
651 2444 849 2514 ὁρμῆς,
879 2445 982 2508 ἕως
1009 2450 1038 2500 6
1056 2449 1245 2516 ῐππος,
1263 2451 1323 2504 δν
1347 2455 1556 2517 ἐκεῖνος
1579 2456 1847 2526 ἐπωχεῖτο

275 2530 474 2597 καμὼν,
506 2536 848 2605 προσωτέρω
883 2543 1083 2610 χωρεῖν
1112 2543 1213 2596 οὐκ
1241 2544 1492 2614 ἠδύνατο.
1515 2547 1720 2600 Τούτου
1751 2545 1846 2603 οὖν

272 2623 554 2693 γινομένου
593 2627 757 2692 αὐτὸς
782 2628 882 2698 μὲν
913 2631 1081 2702 βάδην
1109 2633 1301 2705 ἀπῄει,
1333 2638 1362 2690 6
1387 2637 1444 2692 δέ
1464 2638 1655 2693 τούτου
1681 2642 1847 2711 δμτιί⁴⁵

275 2735 384 2789 μων
407 2724 502 2778 καὶ
527 2727 559 2777 6
587 2727 703 2790 υίὸς
738 2731 998 2799 συχνάκις
1029 2737 1485 2809 ἐπιστρεφόμενοι
1513 2741 1642 2804 τοὺς
1672 2741 1846 2815 Τούρ-

273 2827 392 2876 κους
416 2815 747 2874 ἀνέκοπτον.

330 2993 415 3063 ιγ.
464 2998 649 3069 Μέχρι
690 3000 791 3068 μὲν
836 2996 931 3056 οὖν
977 3003 1038 3056 ού
1085 3005 1218 3058 πολύ
1262 3023 1318 3059 τι
1370 3009 1577 3080 πλῆθος
1612 3007 1756 3082 ἦσαν
1787 3016 1836 3068 οἱ
1867 3026 1910 3084 c

263 3082 568 3155 διώκοντες,
614 3091 856 3165 εὖδρομα
896 3096 1110 3160 τούτοις
1151 3093 1292 3168 ἦσαν
1335 3099 1402 3153 τὰ
1429 3101 1528 3171 τῆς
1552 3101 1839 3176 ὖπυδίωρή·

263 3191 415 3242 σεως.
462 3183 620 3236 Ἐπεὶ
652 3184 710 3238 δὲ
738 3187 924 3241 πολλοὶ
954 3189 1211 3243 συνέθεον
1244 3191 1342 3244 καὶ
1369 3195 1397 3246 6
1433 3193 1645 3248 ἐκείνου
1673 3195 1840 3258 ἵππος

260 3275 607 3338 κεκοπιακὼς
680 3278 817 3348 πρὸς
869 3279 1070 3349 δρόμον
1128 3277 1198 3352 ἦν
1255 3283 1552 3354 ἄχρηστος,
1601 3274 1841 3339 κυκλοῦν

260 3361 584 3436 ἐπεχείρουν
619 3368 817 3431 αὐτοὺς
841 3371 983 3424 κατὰ
1012 3373 1307 3442 πρόσωπον
1325 3377 1373 3428 οἱ
1399 3376 1671 3445 πολέμιοι.
1708 3378 1770 3430 Οἱ
1795 3377 1840 3430 δ’

255 3451 420 3522 ἄμφω
438 3457 542 3508 σὺν
564 3456 745 3526 πολλῷ
760 3457 840 3528 τῷ
862 3459 1025 3528 ῥοίζῳ
1061 3464 1204 3514 κατὰ
1221 3464 1330 3516 τῶν
1362 3464 1644 3534 πολεμίων
1663 3467 1841 3536 ὁρμήο

255 3561 450 3609 σαντες
511 3548 605 3600 δύο
635 3548 736 3615 μὲν
769 3549 977 3603 τούτων
1029 3553 1390 3622 κατέϐαλλον,
1426 3555 1554 3620 τοὺς
1578 3557 1625 3611 δ’
1646 3557 1837 3623 ἄλλους

255 3639 450 3710 πόρρω
491 3642 686 3708 φυγεῖν
726 3643 1172 3711 κατηνάγκαζον,
1204 3647 1315 3699 κάκ
1345 3647 1536 3701 τούτου
1577 3649 1838 3720 βραχείας

253 3729 440 3793 ἁδείας
494 3731 748 3801 τυχόντες
801 3733 1072 3804 ἀπῄεσαν.
1119 3735 1259 3789 Ἀλλ’
1290 3737 1447 3803 αὖθις
1498 3741 1549 3792 oi.
1600 3741 1836 3812 Τούρκοι

259 3823 393 3888 μετὰ
453 3822 726 3878 πλείστων
783 3825 961 3880 ἄλλων
1023 3827 1369 3899 ὑπέστρεφον
1419 3831 1516 3885 καὶ
1585 3833 1833 3904 σφοδρῶς

251 3913 539 3968 ἐπέκειντο
581 3915 814 3980 τούτοις.
847 3919 911 3971 Ol
956 3918 1001 3972 δ’
1041 3916 1198 3983 αὖθις
1244 3921 1416 3992 ἔδρων
1465 3923 1534 3977 τὰ
1563 3924 1832 3995 πρότερον

256 4008 342 4060 καὶ
373 4008 548 4079 πολλῇ
568 4011 633 4080 τῇ
663 4009 948 4083 προθυμίᾳ
976 4014 1116 4066 κατὰ
1137 4013 1248 4068 τῶν
1279 4015 1540 4086 Τούρκων
1565 4016 1830 4088 ἐχώρουν.

253 4097 457 4171 Ξυνέϐη
518 4100 578 4155 δέ
635 4101 850 4166 τούτοις
880 4103 954 4157 τά
987 4104 1086 4174 τῆς
1123 4105 1433 4176 προθυμίας
1466 4109 1652 4162 οὐκέτι
1689 4112 1834 4163 κατὰ

255 4188 309 4240 τὸ
339 4192 635 4261 πρότερον,
669 4192 787 4245 ἀλλ’
826 4195 855 4246 6
891 4195 990 4265 μὲν
1023 4195 1282 4268 Ἰωάννης
1304 4198 1402 4253 ἕνα
1429 4199 1536 4252 τῶν
1567 4201 1834 4271 Τούρκων

256 4285 581 4340 καταϐαλὼν
631 4287 804 4360 ἑτέρῳ
859 4290 1273 4363 προσκέκρουκε
1301 4333 1318 4358 ,
1371 4296 1466 4349 καὶ
1517 4297 1724 4366 ἀμφοῖν
1784 4297 1834 4348 οἱ

259 4376 408 4431 ἵπποι
464 4381 567 4433 σὺν
610 4383 722 4442 τοῖς
764 4381 1053 4446 ἐπιϐάταις
1111 4383 1472 4440 πεπτώκασιν
1499 4430 1514 4453 ,
1567 4390 1598 4441 6
1643 4389 1702 4442 δέ
1739 4388 1835 4442 τοῦ
1870 4363 1912 4418 D

258 4467 640 4535 βασιλειῶντος
687 4472 802 4535 υἱὸς
859 4475 920 4527 ἐν
948 4474 1029 4544 τῷ
1057 4473 1278 4528 διώκειν
1322 4477 1515 4550 πόρρω
1544 4481 1838 4550 γενόμενος

257 4562 342 4614 καὶ
401 4563 498 4615 ἕνα
545 4563 655 4616 τῶν
687 4565 948 4635 Τούρκων
1011 4567 1338 4621 καταϐαλὼν
1394 4572 1453 4622 ἐν
1500 4570 1687 4638 μέσοις
1725 4575 1839 4636 τοῖς

257 4651 514 4723 Τούρκοις
560 4656 912 4726 ἐναπελήφθη
975 4659 1069 4711 καὶ
1125 4659 1308 4712 οὐκέθ’
1372 4657 1485 4726 οἷός
1517 4680 1574 4716 τε
1629 4659 1698 4734 ἦν
1752 4666 1831 4737 τῷ

261 4747 420 4816 πατρὶ
464 4746 743 4812 ξυνελθεῖν
768 4788 782 4810 ,
827 4750 1008 4802 καίτοι
1043 4751 1211 4804 πολλά
1245 4753 1529 4822 πειραθεὶς
1567 4756 1839 4826 συμμῖξαι

258 4838 482 4902 τούτοις.
543 4840 629 4911 IP.
677 4842 774 4913 96]
811 4842 1087 4907 Λαϐόντες
1148 4843 1244 4897 οὖν
1301 4845 1490 4899 ἄδειαν
1511 4847 1560 4898 οἱ
1601 4847 1838 4919 Τοῦρκοι

259 4926 493 4997 ἐπῄεσαν
529 4932 673 4983 κατὰ
709 4931 806 4984 τοῦ
844 4933 1135 5002 Βρυεννίου
1190 4934 1567 5006 σφοδρότερον.
1603 4931 1698 5000 Εἷς
1746 4938 1838 4992 οὖν

259 5021 432 5074 αὐτῶν
486 5021 548 5074 τὸ
595 5022 748 5090 ξίφος
786 5024 1139 5094 σπασάμενος
1172 5026 1297 5080 κατ’
1321 5027 1536 5080 ἐκείνου
1568 5029 1840 5100 τολμηρός

261 5125 408 5180 τερον
459 5112 826 5184 ἐξώρμησεν*
862 5117 891 5169 6
941 5115 988 5170 δ’
1040 5117 1402 5188 ἐπιστραφεὶς
1445 5119 1597 5172 παίει
1647 5119 1839 5174 τοῦτον

259 5201 328 5269 τῷ
359 5202 504 5271 ξ’φει
539 5205 634 5256 καὶ
661 5207 762 5275 τήν
814 5223 875 5259 τε
922 5209 1080 5279 χεῖρα
1133 5209 1377 5281 ἀπέτεμε
1429 5211 1694 5266 καὶκατὰ
1734 5213 1837 5282 γῆς

262 5293 424 5362 αὐτὴν
458 5299 647 5348 πεσεῖν
675 5301 773 5351 σὺν
804 5298 884 5369 τῷ
921 5300 1160 5374 ἀκινάκῃ
1196 5301 1636 5374 παρεσκεύασεν.
1676 5305 1740 5358 Ol
1777 5303 1835 5357 δέ

260 5381 430 5438 λοιποὶ
483 5388 716 5442 κυκλοῡν
769 5391 1092 5463 ἐπεχείρουν
1125 5395 1316 5449 αὐτόν.
1361 5394 1422 5448 '0
1461 5395 1518 5448 δέ
1569 5398 1834 5464 γενναίως

261 5473 510 5539 ἠμύνετο.
574 5479 918 5550 Ἐξορμησας
979 5478 1072 5536 οὖν
1147 5483 1287 5536 κατὰ
1356 5484 1466 5538 τῶν
1519 5486 1832 5558 ἔμπροσθεν

263 5566 519 5620 ἐπιόντων
555 5571 850 5640 πλήττεται
874 5573 1083 5644 δόρατι.
1133 5575 1554 5645 Ἀσχοληθέντος
1593 5579 1636 5631 δ’
1664 5579 1830 5634 αὑτοῦ

261 5654 510 5731 διακόψαι
566 5664 624 5717 τὸ
665 5664 793 5737 δόρυ
837 5668 864 5720 6
925 5666 1141 5738 πρῶτος
1195 5668 1292 5742 τὴν
1343 5672 1503 5742 χεῖρα
1535 5673 1630 5726 ὑπ’
1662 5674 1828 5727 αὑτοῦ

1969 440 2201 496 telorqu
2242 444 2590 500 multitudine
2615 447 2794 502 hostes
2819 448 3146 517 obruebant,
3169 451 3556 506 vulnerabant-

1967 546 2076 600 que
2121 536 2325 604 passim
2364 547 2418 591 et
2463 536 2610 593 viros
2647 547 2700 594 et
2743 555 2935 610 equos.
2972 541 3155 608 Quare
3193 543 3554 614 Bryennianis

1968 623 2111 680 haud
2139 626 2304 682 dubie
2326 628 2377 682 in
2407 627 2587 697 fugam
2615 629 3026 698 inclinantibus,
3053 633 3145 702 qui
3173 634 3316 703 apud
3355 633 3554 704 Bryeu-

1966 717 2116 771 nium
2151 717 2438 774 domestici
2489 720 2804 775 scholarum
2847 723 3066 778 titulum
3101 724 3354 791 habebat,
3387 741 3552 781 curu-

1965 809 2181 876 palates
2227 809 2468 866 Joannes
2499 853 2513 876 ,
2566 827 2728 881 quem
2786 814 3042 886 Bryennii
3088 817 3331 886 ejusdem
3383 816 3551 873 fuisse

1965 897 2186 954 fratrem
2219 904 2474 971 superius
2512 904 2773 966 diximus,
2819 907 3026 960 auxilia
3079 909 3231 962 venit
3262 909 3546 964 celeritate

1963 1005 2180 1060 magna,
2207 1007 2373 1061 quem
2402 993 2732 1062 Bryenniani
2773 995 3022 1051 videntes
3054 997 3316 1054 audacius
3344 997 3541 1055 Turcis

1962 1083 2290 1138 resistebant
2313 1084 2364 1138 in
2383 1101 2584 1155 eosque
2608 1086 2752 1140 ultro
2782 1087 3085 1143 irruebant.
3117 1089 3178 1142 Hi
3206 1106 3333 1145 vero
3351 1107 3542 1146 rursus

1960 1177 2254 1232 artificiosa
2286 1177 2410 1248 fuga
2460 1190 2746 1235 cesserunt
2775 1199 2790 1236 :
2826 1197 2924 1236 nec
2977 1195 3121 1237 retro
3154 1183 3283 1238 ferri
3315 1185 3541 1239 destite-

1959 1279 2090 1326 runt
2129 1272 2448 1342 priusquam
2495 1273 2852 1342 insequentes
2901 1275 2954 1329 in
2996 1276 3266 1332 secundas
3312 1277 3537 1332 insidias

1958 1363 2369 1430 pertraxissent.
2420 1361 2576 1430 Quod
2632 1380 2758 1418 cum
2801 1363 3197 1431 essetfactum,
3249 1367 3399 1420 multi
3445 1382 3535 1422 re-

1959 1464 2120 1524 pente
2180 1453 2648 1524 llryennianorum
2708 1457 3044 1522 ceciderunt,
3093 1458 3295 1524 aliique
3345 1473 3538 1511 omnes

1956 1544 2140 1615 fugam
2189 1545 2332 1599 haud
2369 1546 2534 1600 dubie
2583 1548 2902 1615 spectabant
2949 1565 2962 1603 :
3029 1565 3138 1618 quo
3197 1549 3542 1618 curopalatrs

1956 1643 2097 1705 viso,
2123 1642 2321 1711 raptim
2348 1643 2624 1712 suppetias
2665 1643 2874 1699 laturus
2904 1659 3226 1707 accurrens,
3250 1644 3452 1698 multos
3475 1660 3538 1696 es

1957 1732 2258 1799 Alexianis,
2291 1749 2443 1789 versa
2471 1734 2582 1804 jam
2621 1736 2758 1801 vice,
2804 1735 3216 1806 insequentibus
3267 1735 3460 1790 occidit
3487 1744 3542 1788 et

1957 1824 2225 1896 fugientes
2252 1841 2380 1881 suos
2415 1828 2736 1881 hortabatur
2766 1837 2825 1882 ut
2855 1838 3158 1883 manerent.
3194 1827 3298 1881 Sed
3333 1829 3535 1881 frustra

1955 1919 2339 1972 contendebat.
2369 1915 2573 1971 Omnes
2604 1919 2747 1970 enim
2785 1918 2903 1987 ipso
2935 1933 3057 1972 cum
3094 1919 3263 1972 fratre
3295 1926 3350 1972 et
3375 1917 3538 1985 hujus

1956 2007 2069 2063 filio
2127 2009 2332 2063 relictis
2399 2018 2769 2063 recesserunt.
2839 2007 2904 2062 Hi
2969 2024 3135 2076 porro
3191 2008 3532 2086 memorabili

1955 2115 2132 2170 pugna
2160 2099 2306 2154 edita
2329 2099 2625 2170 multisque
2647 2100 2956 2154 Turcorum
2979 2100 3226 2168 dejectis,
3248 2107 3537 2169 postquam

1953 2197 2268 2249 universam
2302 2197 2624 2266 phalangem
2645 2194 2964 2264 dissipatam
2987 2195 3257 2258 viderunt,
3287 2195 3539 2250 abierunt

1957 2287 2114 2358 143
2138 2296 2192 2340 et
2229 2287 2330 2356 ipsi
2359 2286 2650 2356 fugientes,
2687 2285 2883 2343 Turcis
2915 2302 2943 2339 a
2984 2295 3136 2356 tergo
3172 2287 3531 2340 instantibus.

1951 2378 2134 2446 Quare
2189 2379 2263 2432 illi
2295 2379 2490 2432 crebro
2518 2379 2572 2432 in
2607 2394 2702 2433 eos
2742 2377 3001 2432 conversi
3037 2393 3230 2432 eorum
3269 2377 3530 2446 impetum

1950 2473 2228 2527 retardare
2253 2471 2593 2527 conabantur
2626 2491 2639 2524 :
2680 2472 2860 2541 quoad
2899 2487 3076 2541 equus
3111 2471 3198 2524 cui
3231 2469 3534 2540 Bryennius

1948 2567 2222 2623 insidebat
2264 2567 2451 2621 labore
2495 2565 2703 2621 fractus
2742 2565 2954 2620 viribus
2989 2565 3224 2620 destitui
3271 2567 3437 2634 coepit
3463 2565 3530 2618 ad

1950 2675 2112 2729 porro
2159 2657 2516 2728 pergendum.
2587 2654 2709 2722 Quo
2767 2671 2898 2710 casu
2945 2659 3354 2712 circumventus
3413 2655 3530 2724 ipse

1949 2751 2166 2821 quidem
2192 2751 2342 2804 lento
2374 2757 2534 2818 prout
2561 2757 2776 2818 poterat
2808 2763 2970 2818 passu
3002 2748 3370 2816 procedebat;
3415 2745 3530 2800 fra-

1950 2852 2029 2898 ter
2062 2859 2192 2899 vero
2227 2843 2346 2912 ejus
2381 2851 2435 2896 ct
2468 2842 2632 2906 filius,
2674 2855 2836 2896 verso
2875 2841 3074 2910 saepius
3113 2840 3292 2906 vultu,
3321 2839 3531 2895 Turtos

1949 2951 2046 3007 rep
2055 2937 2318 2991 rimebanl
2332 2975 2345 2991 .

2026 3029 2110 3082 15.
2151 3027 2228 3080 Ac
2259 3025 2438 3096 quoad
2471 3023 2689 3094 quidem
2722 3039 2831 3078 non
2875 3024 2948 3078 ita
2990 3037 3185 3092 magna
3236 3021 3530 3092 insequen-

1942 3120 2076 3175 tium
2111 3118 2400 3173 multitudo
2430 3131 2566 3180 erat,
2596 3125 2871 3185 receptmn
2919 3116 3053 3172 satis
3090 3114 3378 3170 commode
3427 3115 3528 3167 ad-

1944 3213 2372 3268 ministrabant:
2405 3218 2694 3280 postquam
2743 3223 2875 3263 vero
2920 3207 3079 3260 multi
3132 3205 3528 3260 concurrebant

1943 3313 1995 3359 et
2029 3303 2282 3372 Bryennii
2328 3318 2506 3372 equus
2555 3300 2728 3368 magis
2769 3314 2834 3353 ac
2885 3298 3055 3366 magis
3083 3296 3344 3350 deficiens
3369 3296 3530 3363 plane

1939 3396 2051 3466 jam
2102 3395 2309 3449 inutilis
2361 3395 2426 3447 ad
2478 3407 2702 3447 cursum
2741 3399 2878 3453 erat,
2911 3388 3146 3444 circuire
3198 3387 3347 3457 ipsos
3392 3397 3445 3441 et
3498 3403 3529 3441 a

1945 3487 2083 3541 facie
2115 3484 2390 3554 progressi
2437 3497 2496 3538 se
2539 3482 2672 3552 ipsis
2719 3480 3008 3536 ostendere
3040 3480 3223 3534 hostes
3251 3479 3533 3534 conabam

1943 3587 2053 3634 tttr.
2094 3578 2198 3634 Sed
2231 3577 2392 3632 ambo
2421 3590 2616 3647 magno
2646 3575 2848 3644 impetu
2885 3574 2937 3626 in
2967 3574 3152 3627 hostes
3186 3571 3317 3626 illati
3343 3611 3356 3634 .
3394 3572 3529 3624 duo-

1940 3671 2042 3726 bus
2069 3686 2133 3725 ex
2173 3670 2258 3724 his
2288 3668 2512 3738 dejertis
2541 3675 2766 3722 caeteros
2795 3665 2952 3735 longe
2982 3664 3228 3735 refugere
3253 3664 3533 3732 compule-

1939 3773 2088 3824 runt,
2117 3772 2172 3817 et
2209 3762 2288 3816 sic
2323 3760 2470 3815 brevi
2505 3759 2799 3815 securitate
2839 3767 3024 3827 parata
3065 3757 3384 3826 pergebant.
3420 3752 3524 3808 Ve-

1937 3870 2058 3908 rum
2089 3867 2278 3907 rursus
2308 3850 2471 3906 Turci
2517 3867 2642 3906 cum
2689 3849 2938 3920 plurimis
2968 3848 3091 3901 aliis
3127 3846 3329 3901 reversi
3365 3848 3529 3898 vehe-

1939 3953 2150 3998 menter
2194 3942 2246 3995 in
2293 3956 2392 3996 eos
2444 3939 2857 4003 incumbebant,
2900 3937 2987 3990 his
3039 3939 3220 3989 denuo
3273 3945 3330 3987 ut
3377 3935 3528 4002 prius

1937 4045 2200 4100 generosa
2228 4030 2273 4082 vi
2297 4028 2508 4082 Turcns
2535 4027 2960 4097 itnpl-tentibus:
2991 4025 3083 4079 sed
3121 4024 3185 4076 ad
3216 4033 3522 4078 extremum

1939 4121 2241 4175 audacibus
2273 4119 2466 4188 emptis
2495 4119 2712 4172 fortuna
2744 4133 2850 4170 non
2885 4117 3076 4169 adfuit.
3101 4114 3344 4170 Joannes
3375 4115 3523 4170 enim

1938 4227 2060 4266 cum
2089 4227 2253 4265 unum
2283 4209 2591 4279 quempiam
2615 4206 2917 4263 Turcorum
2943 4207 3248 4277 dejeeisset,
3275 4209 3328 4260 in
3359 4207 3525 4262 alium

1941 4303 2200 4373 impegit,
2254 4303 2327 4355 ita
2381 4311 2440 4354 ιιι
2493 4301 2780 4354 amborum
2827 4299 2952 4368 equi
3004 4297 3304 4362 offensione
3338 4311 3526 4355 mutua

1941 4396 2218 4465 equitibus
2245 4393 2494 4448 excussis
2523 4403 2576 4447 et
2612 4392 2713 4461 ipsi
2745 4407 2869 4446 cum
2913 4391 2977 4444 iis
3014 4391 3163 4446 humi
3212 4403 3526 4447 sterneren-

1943 4499 2050 4543 tur.
2076 4486 2330 4558 Bryennii
2360 4499 2486 4541 vero
2517 4484 2805 4554 imperium
2837 4483 3141 4538 affectantis
3171 4484 3315 4538 filius
3345 4484 3526 4537 studio

1943 4579 2265 4650 insequendi
2323 4578 2508 4634 hostes
2561 4579 2778 4647 longius
2829 4579 3036 4649 elatus,
3077 4591 3187 4631 uno
3217 4575 3523 4634 Turcorqu

1947 4673 2184 4742 dejecto,
2239 4671 2294 4726 in
2357 4670 2537 4726 medio
2595 4684 2785 4724 eorum
2833 4669 3207 4739 deprehensus
3264 4667 3521 4730 haerebat,

1943 4777 2042 4818 nec
2076 4762 2190 4832 jam
2235 4762 2586 4838 quantumvis
2618 4770 2910 4816 conaretur
2933 4762 3190 4832 expedire
3225 4777 3285 4816 se
3315 4768 3525 4830 poterat

1941 4862 2002 4907 ut
2053 4854 2191 4923 patri
2245 4864 2609 4908 succurreret.
2659 4853 2770 4908 Hac
2815 4853 2933 4908 vice
2991 4868 3171 4908 rerum
3220 4853 3524 4907 securiores

1945 4944 2108 4999 Turci
2142 4961 2338 5013 magno
2374 4960 2602 4998 numero
2647 4945 2960 5011 major-eque
3009 4946 3056 4993 vi
3106 4943 3158 4995 in
3194 4941 3520 5011 Bryeuniuut

1944 5035 2251 5089 incurrunt.
2289 5031 2442 5088 Unus
2490 5034 2656 5103 igitur
2706 5047 2895 5085 eorum
2951 5030 3111 5102 ιω
3155 5047 3284 5085 ense
3332 5034 3525 5087 stricto

1941 5127 2114 5194 ipsmn
2144 5126 2456 5181 audentius
2508 5124 2840 5194 aggreditur.
2902 5121 2994 5176 llle
3045 5139 3172 5178 vero
3221 5139 3522 5179 conversus

1942 5214 2065 5271 ferit
2091 5231 2214 5270 eum
2261 5216 2475 5285 gladio,
2513 5223 2566 5268 et
2600 5229 2820 5268 manum
2852 5214 2971 5280 ejus
3003 5225 3292 5283 amputans
3325 5217 3522 5270 cadere

1939 5308 1993 5362 in
2029 5317 2229 5363 terram
2281 5307 2399 5377 ipso
2447 5321 2574 5361 cum
2623 5304 2845 5359 acinace
2875 5305 3071 5375 coegit.
3108 5303 3322 5374 Reliqui
3355 5322 3522 5362 cona-

1940 5401 2138 5456 bantur
2165 5401 2343 5471 ipsum
2376 5400 2631 5454 circuire.
2669 5397 2862 5452 Verum
2907 5398 3023 5468 ipse
3063 5413 3122 5453 se
3167 5408 3389 5453 strenue
3421 5401 3518 5454 de-

1938 5491 2208 5546 fensabat.
2247 5491 2434 5560 Itaque
2481 5490 2536 5544 iu
2584 5489 2925 5544 incurrentes
2971 5506 3002 5542 a
3037 5489 3216 5543 fronte
3251 5504 3519 5559 generoso

1937 5595 2105 5636 ruens
2136 5579 2338 5650 impetu
2383 5581 2536 5636 hasta
2583 5579 2879 5650 quemdam
2931 5596 2995 5634 ex
3048 5579 3115 5634 iis
3165 5579 3362 5648 pulsat.
3405 5580 3516 5644 λιιι)

1936 5682 2214 5746 satagente
2268 5674 2482 5731 ha'statu
2536 5688 2668 5732 ense
2722 5672 3006 5745 frangere,
3058 5672 3104 5728 is
3150 5672 3237 5728 cui
3285 5671 3436 5740 prius
3485 5683 3518 5725 ιι
