4106 6206
462 255 566 319 195

1653 243 2076 308 NICEPHORI
2112 241 2483 304 BRYEN'NII

3617 233 3725 300 196

465 381 777 445 exerceat-it,
808 365 1028 449 privans
1056 378 1361 434 Romanum
1391 377 1677 447 imperium
1707 387 1760 431 et
1789 391 1904 431 rem
1938 389 2039 444 pu-

2146 372 2329 441 γαγὼν
2351 370 2634 438 ἐκτυφλοῖ,
2667 367 2843 434 ἄνδρα
2876 368 3147 439 στερήσας
3178 369 3244 440 τῇ
3259 366 3556 438 Ῥωμαίων
3584 367 3733 440 ἀρχῇ

458 471 656 535 blieam
693 472 808 523 viro
831 509 847 534 ,
874 470 960 524 cui
999 484 1178 539 parem
1217 469 1360 523 haud
1391 467 1558 520 alium
1595 466 1831 520 habebat
1861 476 2038 534 quam

458 577 584 620 eum
621 577 650 614 a
682 577 792 629 quo
823 561 996 613 victus
1022 570 1322 629 captusque
1357 558 1556 612 fuerat.
1590 556 1903 612 Comuenus
1937 568 2038 607 an-

461 663 570 706 tem
617 666 722 704 non
760 650 880 718 plus
910 650 1103 705 diebus
1139 651 1314 705 tribus
1359 651 1412 703 in
1457 651 1655 703 castris
1703 658 1854 702 extra
1887 645 2038 702 Con-

462 739 871 806 stantinopnlim
917 748 1200 805 moratus,
1250 739 1653 809 colloquiisque
1701 737 1919 791 interim
1981 745 2036 790 et

461 826 885 886 salutationibus
917 829 1216 881 amicorum
1250 829 1900 896 consanguineorumque
1933 839 2031 879 re—

459 930 696 976 creatus,
728 918 820 985 qui
847 919 1098 970 certatim
1127 919 1248 986 ejus
1279 919 1488 973 visendi
1518 919 1689 988 gratia
1721 919 2030 987 prodibant,

457 1009 579 1061 vale
612 1007 744 1074 ipsis
776 1007 923 1061 dicto
957 1007 1232 1076 prol‘cctns
1266 1017 1349 1063 est
1381 1007 1792 1077 Adrianopoliin
1821 1021 2035 1071 versus,

457 1095 697 1163 acceptis
723 1095 790 1148 ab
823 1096 1151 1166 imperatore
1171 1097 1561 1166 diplomatibus
1584 1097 1799 1152 rubrica
1818 1097 2036 1166 scriptis

455 1195 512 1238 et
545 1185 648 1238 rite
679 1187 934 1251 munitis,
983 1187 1130 1256 regia
1165 1187 1568 1256 subscriptione
1595 1201 1664 1240 ac
1691 1186 1836 1240 bulla
1869 1201 2034 1240 aurea

457 1275 706 1338 (innatis,
739 1277 934 1343 quibus
1004 1278 1297 1347 unicuique
1339 1278 1540 1331 ducum
1616 1277 1706 1345 qui
1783 1276 2036 1345 Brynnnii

2137 465 2236 516 xci.
2263 460 2509 531 πολιτείᾳ
2537 453 2649 512 οἷον
2691 458 2878 512 οὔτινα
2918 459 3077 514 ἄλλον
3131 460 3400 533 ἐκέκτητο
3449 460 3582 514 ἄνευ
3631 462 3730 515 τοῦ

2133 551 2309 623 τούτῳ
2339 550 2832 621 ὑπερισχύσαντος.
2901 551 2962 603 ⁸0
2995 551 3280 622 Κομνηνὸς
3334 551 3381 604 δ’
3405 551 3500 604 ἐπὶ
3543 555 3730 624 τρισὶν

2135 643 2373 712 ἡμέραις
2410 641 2600 712 μείνας
2658 639 2763 704 ἔξω
2820 638 2918 709 τῆς
2982 639 3192 702 πόλεως
3245 639 3342 691 καὶ
3395 638 3524 702 τοὺς
3564 639 3733 704 ἰδίους

2134 734 2272 804 πρὸς
2319 734 2483 786 αὐτὸν
2519 732 2838 797 ἐξελθόντας
2891 730 3016 784 ἰδών
3063 747 3127 784 τε
3181 733 3280 786 καὶ
3320 731 3734 800 συνταξάμενος

2131 823 2329 894 ἐχώρει
2359 823 2496 892 πρὸς
2515 822 2616 892 τὴν
2657 821 3126 892 ’Δδριανούπολιν,
3153 820 3334 874 λαϐὼν
3368 822 3433 873 ὲκ
3457 820 3730 891 βασιλέως

2131 919 2227 968 καὶ
2264 916 2644 984 συγχωρήσεις
2697 915 3012 983 ἐγγράφους
3057 913 3358 984 βασιλικοῖς
3395 915 3733 984 γράμμασιν

2132 1004 2368 1074 ἐρυθρὰς
2414 1005 2508 1056 καὶ
2544 1007 2807 1074 σφραγῖσι
2859 1007 3092 1074 χρυσαῖς
3135 1004 3557 1074 βεϐαιουμένας.
3593 1003 3729 1056 ὥσθ’

2136 1095 2366 1148 ἕκαστον
2406 1095 2516 1148 τῶν
2555 1097 2832 1166 ἀρχόντων
2860 1095 3006 1165 ἐχειν
3037 1096 3132 1149 καὶ
3163 1096 3261 1164 τὴν
3290 1095 3458 1165 τιμὴν
3498 1097 3566 1166 ἢν
3613 1091 3729 1166 εἶχε

2137 1187 2232 1239 καὶ
2287 1189 2382 1250 τὰς
2439 1188 2663 1258 κτήσεις
2715 1187 2935 1251 ἁπάσας
2964 1189 3106 1241 ὅσων
3160 1189 3432 1260 δεσπότης
3467 1190 3726 1258 ἐφαίνετο

2138 1278 2427 1348 πρότερον.

456 1379 644 1440 partes
678 1370 848 1422 secuti
884 1373 1126 1426 nondum
1167 1386 1315 1424 arma
1345 1371 1742 1440 deposuerant,
1775 1369 1907 1425 ﬁdes
1973 1373 2134 1424 tiebat
2201 1371 2632 1426 conseivandum
2705 1372 3000 1441 unicuique
3061 1382 3348 1443 postquam
3374 1373 3728 1427 rebellionem

457 1464 788 1530 ejnrassent,
820 1476 983 1529 quem
1017 1463 1167 1531 prius
1215 1464 1447 1531 quisque
1496 1463 1809 1516 obtinuerat
1851 1463 2136 1526 honorem,
2176 1478 2352 1532 neque
2385 1479 2448 1517 ex
2514 1463 2582 1517 iis
2651 1463 2810 1518 bonis
2873 1477 3109 1534 quorum
3189 1463 3416 1534 legitimi
3445 1478 3730 1535 possesso-

458 1574 548 1613 res
577 1569 733 1611 antea
765 1557 1000 1611 fuissent
1035 1560 1330 1627 quidquam
1363 1559 1717 1628 eripiendum.

535 1648 700 1717 ιω
734 1645 817 1700 18.
844 1647 1037 1702 Paucis
1068 1657 1188 1718 post
1233 1650 1345 1703 ha-c
1381 1650 1596 1714 diebus,
1632 1651 1924 1718 imperator
1950 1662 2034 1702 ac-

2223 1642 2312 1712 tq'.
2358 1644 2416 1696 '0
2455 1644 2510 1696 δὲ
2555 1643 2809 1712 βασιλεὺς
2844 1644 2962 1715 μεθ’
2997 1645 3213 1716 ἡμέρας
3245 1647 3402 1710 τινὰς
3435 1665 3729 1718 μεταστει-

460 1741 724 1793 ect'situm
759 1739 824 1790 ad
859 1753 918 1792 se
952 1756 1123 1808 nuper
1152 1750 1480 1792 oxeaacatum
1514 1739 1840 1809 Bryenninm
1864 1778 1879 1804 ,
1923 1739 2039 1793 01Ῑί-

461 1831 612 1884 ciosa
641 1842 799 1881 casus
837 1829 1018 1883 acerbi
1068 1830 1422 1883 miseratione
1467 1830 1780 1883 consolatus
1820 1838 1923 1883 est.
1960 1828 2038 1883 Ac

462 1927 826 1989 praeterquam
879 1933 978 1971 sua
1034 1918 1108 1972 illi
1163 1918 1345 1972 omnia
1397 1917 1650 1980 reddidit,
1683 1918 1846 1971 etiam
1878 1918 2038 1972 novis

467 2009 775 2064 honoribus
824 2019 878 2060 et
926 2010 1088 2063 donis
1138 2019 1358 2063 auctum
1417 2009 1826 2076 locupletiorem
1873 2024 2034 2076 quam

465 2107 624 2151 antea
657 2094 801 2148 fecit.
837 2093 1024 2150 Crebri
1059 2112 1154 2164 per
1183 2096 1326 2150 idem
1359 2107 1574 2166 tempus
1598 2097 1797 2150 ﬁebant
1823 2096 1874 2149 in
1907 2096 2038 2149 urbe
2086 2119 2087 2122 η

465 2187 674 2244 reditus
705 2196 896 2255 sponte
925 2191 1000 2241 rel
1020 2191 1274 2246 ellionem
1307 2187 1640 2256 ejurantium
1665 2190 1864 2242 ducum
1899 2203 2039 2257 quos

467 2294 658 2333 ornnes
706 2275 1018 2333 humaniter
1063 2278 1365 2348 excipiebat
1431 2281 1742 2349 imperator,
1776 2289 2039 2348 praestans

469 2371 718 2425 videlicet
745 2371 888 2438 quod
919 2373 1243 2440 promiserat
1289 2385 1382 2439 per
1416 2372 1622 2425 litteras
1652 2371 1843 2424 Alexio
1870 2371 2036 2440 proii-

471 2461 692 2516 ciscenti
720 2461 970 2523 traditas,
1005 2477 1145 2530 quas
1177 2462 1288 2530 jam
1326 2460 1413 2514 ille
1443 2460 1770 2515 reddiderat.
1804 2460 1870 2514 Et
1901 2476 2041 2515 cun-

471 2552 574 2605 etis
601 2552 723 2604 aliis
763 2565 947 2605 secum
978 2553 1152 2620 c0piis
1183 2552 1509 2621 assumptis,
1543 2551 1806 2606 adversus
1833 2552 2041 2607 Basila—

473 2657 590 2696 cem
615 2641 893 2711 pergebat,
920 2643 1100 2697 studio
1133 2642 1396 2698 efﬁciendi
1436 2642 1583 2711 quod
1615 2643 1907 2698 mandabat
1934 2645 2038 2698 im-

477 2743 714 2801 perator.
745 2731 821 2784 Ac
854 2733 945 2786 alii
997 2732 1216 2800 quidem
1253 2741 1311 2786 ut
1338 2732 1542 2786 dictum
1582 2742 1668 2786 est
1700 2749 1822 2787 cum
1857 2736 2040 2790 uxori-

451 2821 579 2873 bus
614 2831 671 2875 et
711 2819 837 2874 ﬁliis
885 2822 1084 2890 passim
1127 2820 1658 2888 Constantinopolim
1694 2823 2037 2891 migrabant;

474 2909 788 2966 Comnenus
805 2925 930 2964 vero
969 2926 1060 2982 per
1081 2910 1447 2966 Macedoniam
1483 2921 1537 2963 et
1573 2909 1824 2964 Bulernin
1863 2921 2044 2968 trans-

2143 1733 2376 1804 λάμενος
2401 1733 2493 1786 τὸν
2521 1733 2812 1803 Βρυὲννιον
2840 1734 3073 1804 ᾤκτειρέ
3103 1753 3162 1788 τε
3186 1736 3288 1806 τῆς
3311 1742 3604 1809 συμφορᾶς
3635 1743 3731 1796 καὶ

2143 1824 2252 1875 τῶν
2282 1824 2429 1876 ἰδίων
2453 1825 2709 1878 ἁπάντων
2736 1825 3044 1895 κατέστησε
3077 1823 3291 1894 κύριον,
3320 1829 3509 1897 τιμαῖς
3532 1845 3593 1880 τε
3628 1831 3728 1882 αὐ-

2142 1915 2234 1966 τὸν
2285 1915 2379 1966 καὶ
2408 1915 2639 1984 δωρεαῖς
2683 1916 2886 1984 ἐτέρων
2916 1917 3166 1986 κτήσεων
3191 1917 3552 1988 ἀνεκτήσατο.
3579 1922 3643 1973 υἱ
3673 1921 3732 1974 δέ

2145 2004 2347 2075 θαμινά
2390 2006 2530 2076 πρὸς
2585 2007 2750 2061 αὑτὸν
2783 2009 3200 2077 μετεπέμποντό
3234 2026 3294 2062 τε
3331 2010 3612 2081 ἄρχοντες,
3639 2016 3734 2066 καὶ

2144 2098 2342 2158 πάντες
2381 2097 2640 2168 εἰσῄεσαν
2675 2101 2755 2162 είς
2786 2099 2888 2169 τὴν
2915 2097 3167 2168 βασιλίδα
3208 2101 3320 2155 τῶν
3349 2103 3584 2158 πόλεων.
3622 2105 3734 2157 Καὶ

2144 2191 2172 2241 ὁ
2201 2188 2457 2257 βασιλεὺς
2506 2189 2760 2258 ἀσμένως
2813 2190 3063 2254 ἅπαντας
3087 2192 3400 2262 ὑπεδέχετο,
3423 2195 3734 2262 φθάσαντος

2146 2281 2244 2350 ἤδη
2296 2282 2392 2333 καὶ
2436 2281 2530 2335 τοῦ
2586 2283 2877 2352 Κομνηνοῦ
2922 2283 3163 2348 Ἀλεξίου
3192 2285 3290 2336 καὶ
3330 2286 3431 2348 τὰς
3461 2303 3735 2357 χρυσοση-

2149 2371 2383 2440 μάντους
2441 2373 2660 2442 γραφὰς
2708 2375 2894 2436 αὐτοῖς
2952 2374 3389 2445 ἐγχειρίσαντος.
3432 2379 3571 2442 Τοὺς
3633 2379 3732 2448 μὲν

2146 2461 2341 2522 ἄλλους
2371 2460 2618 2524 ἅπαντας
2649 2462 2988 2532 παραλαϐὼν
3020 2466 3164 2519 κατὰ
3193 2466 3290 2519 τοῦ
3313 2466 3598 2538 Βασιλάκη
3627 2489 3726 2540 χω-

2153 2552 2236 2619 ρεῖ
2263 2550 2331 2602 τὰ
2368 2550 2505 2618 πρὸς
2535 2551 2804 2621 βασιλέως
2835 2553 3208 2609 κελευσθέντα
3235 2560 3434 2612 ποιεῖν.
3471 2561 3734 2614 Κάκεῖνοι

2152 2642 2250 2712 μὲν
2308 2641 2404 2707 ξὺν
2461 2643 2683 2711 γυναιξὶ
2747 2646 2843 2698 καὶ
2890 2646 3106 2712 τέκνοις
3164 2649 3424 2717 ἀφίκοντο
3458 2651 3594 2721 πρὸς
3630 2653 3733 2723 τὴν

2153 2732 2539 2800 μεγαλόπολιν,
2571 2736 2824 2807 καθάπερ
2857 2735 3066 2790 ἀνωθεν
3094 2737 3370 2794 λέλεκται.
3415 2741 3478 2794 '0
3507 2743 3733 2814 Κομνη-

2148 2822 2237 2885 νὸς
2280 2823 2342 2876 δὲ
2395 2823 2484 2878 διὰ
2520 2825 2864 2890 Μακεδονίας
2903 2828 2997 2881 καὶ
3044 2829 3313 2901 Βουλεριῦ
3369 2833 3596 2888 διελθὼν
3640 2836 3736 2890 τὸν

2150 2915 2434 2986 Στρύμονα
2489 2919 2943 2988 καταλαμϐάνει,
2997 2923 3090 2975 καὶ
3138 2923 3330 2978 τοῦτον
3389 2927 3737 2999 διαπεράσας

476 3001 592 3055 iens
655 3001 722 3055 ad
761 2999 1102 3071 Strymonem
1135 3002 1399 3069 pervenit,
1426 3009 1478 3052 et
1505 3013 1571 3052 eo
1603 3002 1844 3070 trajectu,
1881 3017 2044 3071 pene-

2148 3006 2244 3056 καὶ
2284 3005 2353 3057 τὰ.
2409 3007 2612 3075 μεταξὺ
2671 3011 3090 3082 Στρουμπίτζης
3143 3016 3240 3068 καὶ
3283 3016 3378 3070 τοῦ
3435 3017 3735 3089 λεγομένου

477 3091 636 3147 iratis
667 3093 891 3162 insuper
921 3093 1187 3164 angustiis
1235 3090 1439 3146 montis
1488 3089 1580 3157 qui
1632 3100 1856 3144 vocatur
1888 3090 2042 3145 Mau-

476 3199 604 3250 rus,
640 3186 784 3240 venit
831 3185 898 3240 ad
947 3185 1203 3255 oppidum
1251 3179 1522 3253 quoddam
1571 3180 1738 3235 ﬂuvio
1781 3181 2042 3242 adsitum,

476 3276 570 3344 qui
605 3278 766 3348 vulgo
812 3275 1190 3345 indigenarum
1241 3275 1425 3343 lingua
1471 3271 1766 3325 Bardarius
1797 3282 2044 3336 vocatur,

476 3376 529 3421 et
561 3369 782 3437 paulum
819 3369 944 3422 inde
974 3381 1297 3438 progressus
1327 3363 1532 3419 dirimit
1562 3363 1788 3418 invicem
1815 3362 2047 3418 Berraeae

477 3474 540 3514 ac
579 3459 980 3517 Thessalonica:
1013 3462 1306 3522 territoria,
1341 3459 1480 3511 inter
1511 3471 1630 3534 qua;
1671 3455 1944 3525 proﬂuens
1990 3472 2048 3510 se

479 3564 741 3608 exonerat
772 3554 827 3606 in
865 3568 1035 3607 mare.
1073 3551 1170 3606 llic
1197 3551 1358 3606 hodie
1391 3562 1586 3604 cursus
1613 3557 1694 3602 est
1720 3551 1840 3620 ejus
1871 3549 2048 3604 amnis

480 3645 702 3713 piulnm
749 3643 1032 3698 declinans
1063 3645 1131 3698 ab
1157 3643 1378 3712 antiquo
1410 3637 1570 3710 149
1599 3639 1786 3707 alveo,
1817 3642 1908 3711 qui
1941 3643 2047 3696 sic-

479 3752 578 3791 cus
605 3737 719 3791 fere
741 3736 855 3806 jam
888 3735 1100 3790 ditobus
1129 3734 1370 3788 tribusve
1399 3732 1590 3786 stadiis
1614 3729 1819 3788 distare
1852 3734 1920 3788 ab
1949 3735 2046 3787 ho-

481 3829 674 3883 dierno
701 3827 963 3892 cernitur,
998 3827 1184 3881 relicta
1224 3825 1276 3878 in
1309 3821 1486 3878 mcdio
1515 3822 1747 3890 quadam
1777 3826 1929 3886 ,yelut
1959 3825 2045 3878 in-

482 3922 622 3987 sola,
654 3935 814 3992 quam
852 3919 1164 3974 Coumenus
1199 3915 1422 3971 Alexius
1452 3914 1646 3970 castris
1674 3917 1890 3983 insedit,
1911 3917 1974 3970 ad
2001 3917 2051 3971 id

481 4017 532 4070 in
564 4016 751 4086 primis
780 4014 955 4067 locum
982 4020 1344 4082 opportunum
1366 4007 1638 4078 judicans,
1656 4008 1800 4077 quod
1825 4020 2050 4064 natura-

480 4111 621 4166 libus
649 4111 777 4165 hinc
808 4109 933 4162 inde
958 4109 1263 4162 muniretur
1285 4102 1470 4160 fossis.
1491 4101 1838 4160 Denuntiavit
1865 4115 2047 4162 autem

481 4205 594 4259 suis
609 4201 863 4258 omnibus
887 4211 966 4266 ut,
987 4207 1207 4270 sumpto
1231 4195 1481 4269 prandio,
1505 4196 1674 4268 quieti
1700 4212 1760 4252 se
1780 4214 1876 4268 per
1901 4198 2047 4254 diem

2148 3096 2378 3166 Μαύρου
2426 3099 2585 3168 ὅρους
2619 3100 2730 3172 (55)
2785 3106 2946 3159 στενά
2991 3105 3220 3160 διελθὼν
3251 3112 3331 3174 είς
3355 3113 3554 3182 χωρίον
3595 3115 3735 3184 πρός

2148 3204 2268 3240 τινα
2291 3192 2537 3260 ποταμὸν
2561 3196 2815 3264 κείμενον
2837 3197 3082 3266 γέγονεν,
3105 3199 3164 3254 ὃν
3194 3202 3476 3272 ἐγχωρίως
3506 3205 3735 3260 καλοῦσι

2151 3279 2474 3352 Βαρδάριον.
2512 3285 2570 3338 '0
2609 3287 2667 3340 δὲ
2713 3288 3015 3361 Βαρδάριος
3073 3295 3345 3365 καταρρεῖ
3378 3295 3479 3365 μὲν
3523 3299 3588 3350 ἐκ
3627 3299 3736 3351 τών

2151 3372 2250 3440 τῆς
2281 3375 2406 3438 νέας
2442 3377 2655 3440 Μυσίας
2705 3379 2870 3451 ὀρῶν,
2910 3383 3006 3435 καὶ
3035 3382 3186 3436 διιὼν
3215 3385 3303 3438 διὰ
3335 3387 3599 3443 Σκούπων
3632 3392 3732 3443 κά·

2150 3481 2288 3518 τεισι
2323 3466 2526 3535 μεταξὺ
2551 3469 2968 3542 Στρουμπίτζης
2990 3472 3085 3524 καὶ
3112 3473 3346 3527 Στυπίου
3371 3475 3495 3547 δίχα
3519 3479 3734 3548 τέμνων

2151 3555 2218 3607 τὰ
2244 3554 2370 3626 ὅρη,
2407 3555 2581 3628 βραχὺ
2611 3559 2666 3612 δὲ
2707 3559 2918 3613 ἐκεῖθεν
2948 3561 3159 3632 προῖὼν
3191 3564 3461 3637 διίστησιν
3486 3568 3734 3638 ἀλλήλων

2149 3645 2217 3697 τά
2249 3662 2310 3697 τε
2358 3647 2619 3717 Βερῤοίας
2681 3650 2776 3702 καὶ
2822 3649 3226 3722 Θεσσαλονίκης
3254 3657 3432 3725 χωρία
3458 3656 3525 3711 δι’
3553 3659 3732 3710 αὐτῶν

2152 3737 2290 3806 ῥέων
2326 3739 2418 3790 καὶ
2451 3739 2587 3809 πρὸς
2615 3742 2712 3809 τὴν
2736 3741 3014 3796 Θάλασσαν
3042 3743 3220 3798 δίεισι.
3254 3747 3482 3818 Χρόνοις
3515 3749 3572 3801 δὲ
3599 3751 3732 3820 πρά-

2153 3845 2310 3900 τερον
2367 3829 2540 3902 βραχύ
2591 3851 2642 3885 τι
2689 3834 2787 3903 τῆς
2820 3833 2958 3897 ἰδίας
3008 3837 3322 3902 ἀπονεύσας
3363 3841 3591 3911 πορείας
3624 3842 3734 3894 ἐτέο

2160 3938 2299 3991 ρωσε
2337 3922 2606 3993 ἐτράπετο
2635 3926 2694 3976 οὺ
2729 3924 2872 3976 πάνυ
2905 3941 2958 3977 τι
2992 3924 3136 3979 δυοῖν
3171 3929 3340 3998 τριῶν
3371 3930 3601 3983 σταδίων
3629 3931 3731 4000 τῆς

2155 4015 2427 4086 προτέρας
2478 4013 2649 4066 διόδου
2705 4015 3057 4083 ἀπέχουσαν,
3105 4017 3246 4070 ὥστε
3301 4020 3575 4089 ξυμϐῆναι
3629 4020 3729 4090 τὴν

2155 4107 2352 4179 πρώην
2394 4107 2606 4162 ἐκείνου
2663 4108 2897 4178 πάροδον
2951 4108 3196 4181 διώρυχα
3265 4107 3408 4167 εἶναι
3461 4113 3727 4182 αὐτοφυῆ.

2152 4201 2374 4268 Μεταξὺ
2409 4196 2503 4255 οὖν
2529 4202 2735 4271 ἀμφοῖν
2774 4202 2802 4254 ὁ
2833 4201 3116 4273 Κομνηνὸς
3147 4203 3388 4270 ’Δλέξιος
3420 4221 3731 4276 κατεστρα-

1515 4387 1718 4451 Caroli
1751 4391 1845 4452 Du
1875 4393 2106 4454 Fresne
2137 4393 2227 4455 Du
2255 4399 2463 4471 ('ange
2499 4398 2686 4453 notia.

481 4560 777 4634 ἀμφιλαφῆ
807 4559 984 4634 χώρον
1006 4561 1103 4615 καὶ
1131 4560 1381 4634 ἐπίχλοον
1409 4561 1698 4634 ἅπανταχῆ
1736 4561 1969 4632 φέροντα
1990 4560 2044 4614 τὸ

2156 4572 2298 4616 rant.
2327 4559 2854 4634 Jamveroquodde
2876 4557 3481 4634 palatiogliilopatiano
3511 4561 3717 4634 subdit,

480 4629 1029 4708 ﬂammaeque
1079 4629 1235 4708 _alio’
1273 4632 1510 4708 respexit
1565 4629 1932 4708 Theophanes
1991 4633 2044 4684 in

481 4700 667 4761 L'cone
710 4705 978 4766 Armeno,
1061 4700 1190 4754 dum
1236 4701 1314 4756 ait
1361 4701 1621 4755 Crumuin
1687 4700 2044 4771 Bulgarornin

482 4791 660 4845 regem
721 4772 1248 4842 Constantinopolim
1315 4773 1696 4837 obsidentem,
1757 4772 2048 4845 celebratis

483 4841 633 4902 more
656 4846 831 4916 gentis
859 4859 981 4916 suae
1003 4841 1316 4916 adportant
1367 4845 1600 4916 Auream
1653 4842 1844 4916 sacris,
1891 4845 1947 4894 ἐν
1971 4841 2049 4910 τῷ

481 4917 618 4988 πρὸς
662 4913 943 4988 θάλασσαν
971 4913 1216 4988 λιϐᾳδίῳ,
1250 4928 1411 4969 suum
1432 4983 1442 4988 Α
1463 4913 1796 4988 iiihcaindein
1823 4921 2043 4988 contor-

481 4981 622 5043 si'sse
652 4987 944 5056 spiculum.
975 4982 1095 5056 Sed
1116 4981 1226 5056 pra:
1261 4983 1488 5056 czcteris
1512 4981 1799 5056 Philopatii
1835 4981 2048 5056 deseri—

483 5053 721 5130 ptionein
777 5071 852 5130 es
897 5054 1140 5130 Arnoldii
1193 5053 1492 5130 bnbecensi
1545 5071 1580 5130 Aa
1630 5053 1788 5130 nobis
1832 5053 2047 5128 allatam

484 5121 718 5184 illustrat
777 5127 893 5182 Odo
946 5127 1012 5178 de
1074 5123 1280 5193 Diogilo
1327 5124 1508 5193 abbas
1543 5121 2050 5193 Sail-Dionysianus

483 5203 519 5256 Ι.
554 5215 612 5253 ιιι
655 5199 726 5252 De
749 5197 970 5266 profect.
995 5193 1134 5248 Lud.
1178 5190 1284 5247 VII
1308 5195 1440 5262 regis
1461 5191 1671 5266 Ιθνιιιιιξ.Δ
1707 5193 1760 5243 in
1786 5190 1994 5266 O'rient.
2031 5203 2050 5239 :

485 5272 640 5332 Erat,
666 5261 859 5340 inquit,
889 5276 1009 5340 ante
1041 5267 1217 5340 urbem
1246 5261 1512 5340 murorum
1532 5261 2050 5340 ambitusspatiosus

481 5355 526 5397 et
556 5333 814 5410 spatiatus
833 5335 1200 5392 multimodam
1230 5335 1552 5388 venationem
1586 5333 1858 5410 includens
1878 5368 1892 5392 ,
1924 5344 2051 5410 conf

481 5399 671 5467 ductus
710 5412 868 5464 etiam
896 5421 1150 5475 aquarum
1186 5415 1235 5457 et
1277 5415 1465 5474 stagna
1497 5405 1787 5475 continens.
1833 5399 2050 5451 Inerant

480 5487 638 5537 etiam
670 5481 912 5544 quaedam
943 5471 1091 5543 ivssa
1129 5483 1178 5526 et
1203 5471 1449 5544 concava,
1494 5487 1611 5542 quia
1639 5471 1751 5544 loco
1782 5482 2047 5544 nemorum

483 5542 800 5606 animalibus
815 5564 866 5614 pi
881 5546 1112 5598 wbebant
1126 5544 1385 5614 latibula.
1404 5542 1468 5614 In
1487 5542 1897 5614 aniwnitatcilla
1912 5552 2051 5606 qutt-

482 5625 604 5673 dum
627 5611 832 5684 palatia
849 5618 1014 5667 nimia
1027 5613 1312 5666 ambitione
1333 5611 1623 5680 fulgebant,
1649 5611 2055 5684 qua’iniperato-

482 5709 562 5748 res
584 5678 1052 5757 uiijticunditatem
1081 5678 1353 5736 vei-norunt
1378 5678 1664 5748 (cauponem
1686 5680 1782 5732 sibi
1805 5678 2063 5749 [undare-

2155 4632 2499 4703 lirmatur‘iis
2527 4627 2780 4703 Ciniiaini
2815 4628 3041 4703 t'erbis_:
3085 4630 3172 4703 Ἐν
3198 4627 3252 4679 δὲ
3283 4627 3726 4703 τῷ-κ-ατάντικρυ

2145 4703 2376 4772 τειχέων
2399 4699 2664 4773 βασιλικῷ
2687 4695 2926 4773 γεγονὼς
2945 4695 3344 4773 ἐνδιαιτήματᾼι,
3357 4696 3385 4748 ὃ
3404 4695 3727 4773 Φιλοπᾲτίον

2145 4765 2515 4842 ὀνομάζομεν.
2552 4765 2994 4842 Ejusinodi__loca
3040 4765 3310 4842 venationi
3353 4768 3728 4842 commodam

2147 4836 2316 4912 septis
2341 4836 2728 4912 circuinclusa,
2753 4837 3062 4912 quibusque
3092 4836 3344 4912 adiuncta
3391 4845 3550 4912 erant
3578 4840 3730 4909 pala-

2149 4905 2248 4982 tia,
2290 4911 2654 4982 παραδείσους
2713 4905 3061 4982 appellabant
3110 4905 3725 4982 fersm_,__uti__seribunt

2147 4973 2450 5051 Xenophon
2488 4981 2523 5034 l.
2568 4989 2661 5033 iet
2687 4973 2763 5033 ιί
2787 4973 2866 5051 ὀξ
2899 4978 3068 5051 iuuit.
3105 4973 3257 5051 Cyri;
3285 4973 3383 5051 Dio
3427 4976 3718 5049 Chrysost.

2147 5063 2288 5108 orat.
2309 5045 2350 5105 ’5
2383 5052 2455 5104 De
2509 5065 2688 5120 regno,
2736 5057 2791 5102 et
2825 5045 3119 5113 Zosinius;
3155 5045 3565 5101 describuntur
3598 5064 3726 5102 vero

2149 5125 2217 5175 ab
2249 5122 2539 5174 Ammiano
2565 5124 2601 5172 l.
2636 5133 2782 5172 xxiv.

2221 5192 2607 5262 (55))l1aopou
2658 5189 2857 5255 ὄρους.
2918 5185 3403 5262 Sic_ap_p_cllabant
3451 5186 3724 5262 citerioris

2147 5257 2244 5316 aevi
2277 5261 2450 5316 Graeci
2483 5257 2716 5312 ‘l'auruni
2753 5267 2989 5312 montem
3025 5258 3077 5310 in
3115 5258 3306 5312 Cilicia
3355 5266 3408 5309 et
3440 5257 3721 5322 Armenia,

2151 5341 2212 5386 ut
2255 5341 2448 5386 auctor
2489 5343 2571 5383 ρει
2614 5329 2823 5383 Phocas
2867 5329 2921 5381 in
2971 5329 3228 5392 Descript.
3273 5330 3441 5380 Terra:
3489 5325 3722 5390 Smimr,

2149 5418 2198 5455 c.
2255 5402 2341 5465 Η,
2393 5410 2449 5455 et
2506 5399 2770 5469 Scyliizcs
2836 5399 2889 5452 in
2945 5397 3254 5467 NiCcphoi-o
3305 5395 3503 5469 Phoca.
3539 5396 3744 5469 _Mtl_ll.l‘i'

2151 5474 2351 5526 montis
2408 5465 2657 5524 meminit
2708 5470 2872 5522 ctiam
2926 5465 3156 5522 Anna—1.
3211 5483 3342 5528 xm,
3377 5482 3428 5535 p.
3462 5465 3586 5525 412,
3625 5467 3726 5520 l'a-

2150 5543 2434 5612 chymcres
2458 5541 2492 5593 1.
2519 5556 2590 5603 ιν,
2617 5555 2669 5593 c.
2701 5539 2788 5604 12,
2819 5541 2854 5594 l.
2881 5555 2935 5604 v,
2966 5539 3142 5612 (μοι,
3160 5549 3223 5612 ct
3250 5537 3546 5590 Phrantzcs
3575 5537 3609 5588 l.
3645 5552 3724 5600 ιιι,

2153 5627 2202 5664 c.
2226 5609 2324 5666 '27.
2354 5612 2692 5680 Montcnegro
2723 5614 2906 5665 vocari
2940 5610 3099 5665 hodie
3123 5609 3297 5662 aiunt.
