4106 6206
374 309 474 372 197

1566 313 2109 406 IllSTORIARUhi
2145 313 2289 376 LIB.
2337 315 2432 376 IV.

3531 330 3634 398 198

370 425 704 491 τοπέδευσε,
747 425 1126 496 παραγγείλας
1183 424 1394 489 πάντας
1449 407 1857 497 ἀριστήσαντας
1895 427 1944 479 τί

2061 426 2292 492 darent,
2320 428 2522 499 quippe
2547 431 2639 496 qui
2669 440 2764 487 aut
2802 432 3172 504 pervigilaturi
3214 449 3638 500 consecuturum

372 517 562 579 λοιπδν
585 517 686 586 τῆς
715 517 928 588 ἡμέρας
962 516 1340 570 ἀναπαύεσθαι
1369 517 1445 580 ὡς
1479 517 1578 587 τὴν
1613 517 1784 570 νύκτα
1820 519 1952 588 μὲλ-

371 613 565 674 λοντας
598 611 906 681 ἀγρυπνεῖν
953 610 987 678 ἢ
1028 607 1320 663 καθεύδειν
1351 609 1409 663 ἐν
1457 609 1666 673 ὅπλοις.

448 705 535 777 [Ρ.
589 701 684 774 99]
752 701 838 754 t0'.
876 702 988 754 Καὶ
1039 702 1150 772 γὰρ
1193 703 1449 772 ἀγχίνους
1497 701 1575 756 ὢν
1616 703 1706 753 καὶ
1752 704 1953 772 πεῖραν

369 793 555 846 λαδὼν
606 791 800 860 ἱκανὴν
850 789 911 853 ἐξ
957 782 1031 843 ὧν
1067 789 1259 862 ἔδρασε
1298 791 1562 861 πρότερον
1594 790 1832 860 ἐθήρασε
1859 789 1953 842 τὸν

368 879 468 932 τοῦ
519 878 783 948 πολεμίου
842 877 1088 944 σκοπὸν,
1141 879 1385 949 οἰόμενος
1430 878 1714 931 ἐπιθέσθαι
1763 879 1952 932 τοῦτον

370 971 582 1022 ἐκεῖνον
629 969 850 1031 νυκτὸς,
879 968 908 1021 δ
945 968 1009 1040 δὴ
1062 969 1161 1022 καὶ
1211 971 1426 1038 γέγονε.
1470 970 1655 1040 Ταύτῃ
1718 988 1800 1023 τοι
1857 970 1952 1026 καὶ

373 1062 940 1133 προπαρεσκευάσατο
966 1065 1059 1116 καὶ
1088 1066 1324 1126 σκοποὺς
1353 1065 1690 1134 πανταχόθεν
1721 1064 1952 1134 ἐξέπεμ-

366 1171 494 1209 πεν.
543 1153 685 1206 Ἀλλ’
732 1149 888 1218 οὗτος
949 1155 1048 1226 μὲν
1074 1154 1236 1210 οὕτω.
1274 1158 1336 1210 '0
1383 1156 1439 1209 δέ
1479 1157 1814 1227 Βασιλάκης,
1843 1157 1950 1210 τῶν

370 1249 640 1313 ξυνόντων
681 1249 762 1322 τῷ
800 1250 1073 1322 Κομνηνῷ
1113 1251 1585 1321 αύτομολήσαντός
1635 1270 1781 1314 τινος
1814 1253 1950 1322 πρὸς

367 1342 532 1394 αὑτὸν
554 1343 646 1394 καὶ
680 1342 986 1413 φράσαντος
1009 1343 1084 1404 ὼς
1113 1343 1160 1395 εἰ
1193 1343 1438 1412 βούλοιτο
1461 1343 1745 1396 ἐπιθέσθαι
1777 1344 1949 1414 τούτῳ

367 1426 688 1496 παραδώσει
723 1427 914 1483 τοῦτον
969 1430 1131 1491 αὐτὸς
1175 1430 1512 1484 καθεύδοντα
1553 1432 1647 1484 ἐπὶ
1675 1433 1773 1501 τὴν
1812 1449 1949 1502 σκη-

365 1521 488 1591 νὴν,
544 1521 708 1590 μηδὲν
769 1520 1042 1592 μελλήσας
1077 1523 1295 1576 ἐκέλευε
1345 1523 1556 1586 πάντας
1606 1523 1943 1586 ὁπλίζεσθαι.

365 1615 480 1666 Καὶ
511 1614 672 1678 εὐθὺς
715 1615 955 1678 ἅπαντες
984 1611 1126 1686 ἦσαν
1157 1619 1216 1669 ἐν
1257 1615 1464 1680 ὅπλοις.
1511 1618 1665 1670 Ἐπεὶ
1713 1618 1769 1670 δέ
1810 1617 1947 1687 πρὸς

363 1707 456 1761 τόν
493 1707 712 1761 δυτικδν
743 1706 996 1778 ὁρίζοντα
1024 1710 1052 1760 ό
1079 1708 1229 1778 ἥλιος
1257 1704 1349 1779 ἦν,
1391 1710 1488 1780 ήδη
1532 1712 1651 1772 ταῖς
1690 1709 1945 1775 σάλπιγξι

364 1800 620 1867 σημάνας
662 1799 753 1850 τὸν
788 1799 1060 1869 ἐξιτήριον
1115 1797 1264 1870 ἐξῄει
1297 1800 1396 1867 τῆς
1441 1800 1672 1862 πόλεως.
1705 1801 1946 1852 Καταλι-

362 1891 486 1944 πὼν
522 1892 578 1943 δὲ
616 1892 718 1961 τὴν
757 1891 976 1944 εὐθεῖαν
1029 1891 1172 1958 όδδν,
1205 1892 1271 1944 ἵν’
1314 1891 1486 1954 οὕτως
1536 1891 1674 1962 λάθῃ
1710 1891 1802 1944 τὸν
1861 1909 1948 1962 μι-

363 1982 503 2050 κροῦ
535 1983 645 2036 δεῖν
674 1982 968 2053 άλάθητον,
1008 1983 1098 2036 διὰ
1132 1981 1232 2051 τῆς
1262 1983 1566 2052 λεγομένης
1598 1984 1769 2054 Λιτῆς
1808 1982 1943 2035 διελ-

362 2072 494 2135 θὼν,
529 2073 652 2124 ἐπεὶ
706 2071 841 2142 πρὸς
874 2070 966 2124 τὸν
1025 2073 1272 2140 ποταμὸν
1329 2072 1554 2138 γέγονεν
1603 2069 1661 2124 ὃν
1720 2071 1758 2122 Γ
1761 2071 1948 2124 αλικὺν

361 2165 627 2218 καλοῦσιν
657 2163 935 2236 ἐγχώριοι,
963 2164 1304 2233 διαπεράσας
1328 2163 1516 2216 τοῦτον
1542 2161 1708 2231 ἐγγύς
1735 2179 1835 2215 που
1853 2162 1946 2216 τοῦ

361 2257 631 2326 φρουρίου
687 2255 783 2308 τοῦ
829 2254 1015 2308 Ἀετοῦ
1072 2255 1412 2325 καλουμένου
1473 2257 1567 2307 καὶ
1617 2255 1708 2307 τὸν
1765 2257 1945 2308 ἐκεῖσε

362 2349 613 2419 ὑπερϐάς
651 2347 866 2402 αῠλακα
907 2348 1106 2418 ἐχώρει
1129 2348 1219 2401 διὰ
1245 2348 1345 2417 τῆς
1373 2348 1643 2409 πεδιάδος.

435 2439 506 2492 κ’.
547 2438 687 2492 Ἀλλ’
735 2441 838 2491 οὐκ
897 2437 1054 2490 ἔλαθε
1094 2437 1220 2499 τοὺς
1273 2437 1531 2501 σκοποὺς,
1592 2433 1708 2487 ἀλλ’
1736 2432 1853 2502 ἅμα
1885 2449 1943 2485 τε

359 2533 571 2594 ἐκεῖνος
622 2529 818 2600 ἐξῆλθε
859 2530 960 2598 τῆς
1021 2527 1231 2590 πόλεως
1279 2529 1387 2580 κάκ
1430 2526 1524 2581 τοῦ
1573 2524 1813 2594 πλήθους
1846 2527 1946 2592 τῆς

360 2622 570 2684 κόνεως
608 2621 658 2672 οἱ
699 2619 893 2672 σκοποὶ
923 2617 1022 2690 τὴν
1055 2618 1235 2682 ἔξοδον
1279 2615 1697 2686 τεκμηράμενοι
1725 2613 1803 2684 τῷ
1836 2612 1944 2666 τῶν

363 2712 572 2782 σχολῶν
631 2711 940 2780 δομεστίκῳ
991 2710 1166 2763 ταῦτα
1227 2710 1480 2778 ἐμήνυον.
1523 2705 1585 2759 '0
1641 2706 1685 2759 δ’
1723 2705 1939 2759 ἐκέλευε

361 2805 574 2866 πάντας
620 2802 1106 2872 όπλοφορήσαντας
1143 2802 1238 2854 καὶ
1291 2799 1417 2862 τοὺς
1453 2798 1658 2861 ἵππους
1693 2797 1946 2867 εὐτρεπί-

361 2911 566 2959 σαντας
601 2896 932 2965 περιμένειν
965 2894 1026 2946 τὸ
1061 2893 1336 2964 σύνθημα,
1373 2894 1466 2944 καὶ
1490 2890 1649 2946 ἄλλον
1677 2890 1761 2942 ἐπ’
1796 2889 1943 2960 ἄλλῳ

359 2989 674 3059 ἐξέπεμπεν
707 2987 850 3040 ὥστε
911 2986 1206 3057 μανθάνειν
1238 2988 1306 3038 τά
1337 2984 1482 3038 κατὰ
1520 2985 1610 3037 τὸν
1651 2983 1938 3045 πολέμιον.

372 3082 528 3134 Ἐπεὶ
565 3082 608 3134 δ’
641 3079 872 3150 ἀφίκετό
931 3096 1015 3142 τις
1073 3079 1181 3131 τῶν
1230 3077 1442 3131 ἐκείνου
1510 3075 1805 3146 οἰκογενῶν
1834 3114 1847 3138 ,
1882 3075 1941 3137 δς
1968 3109 2010 3166 c

360 3172 556 3234 πιστὸς
609 3166 676 3241 ἦν
709 3169 862 3240 αὑτῷ
904 3171 999 3222 καὶ
1054 3167 1455 3238 συνηλικιώτης
1485 3168 1580 3220 καὶ¹
1642 3167 1941 3239 σύντροφος

358 3261 637 3332 ιΤατίκιος
667 3258 734 3333 ἦν
754 3261 928 3332 δνομα
957 3259 1036 3332 τῷ
1078 3258 1280 3329 ἀνδρὶ),
1314 3258 1539 3330 φράζων
1561 3258 1634 3321 ὡς
1654 3259 1718 3311 οὐ
1751 3259 1940 3328 πόρῤω

356 3357 498 3408 εἰσιν
529 3356 582 3408 οί
614 3355 888 3425 πολέμιοι,
931 3352 1266 3406 ἐπυνθάνετο
1296 3351 1488 3404 τούτου
1517 3353 1566 3404 εί
1595 3351 1762 3403 αὑτὸν
1797 3351 1944 3401 ἐκεί-

357 3465 450 3500 νον
505 3446 806 3518 ἐγνώρισεν
842 3441 982 3497 εἶναι
1020 3443 1111 3495 τὸν
1142 3441 1476 3510 Βασιλάκην.
1516 3439 1575 3492 '0
1618 3439 1661 3490 δ’
1691 3435 1942 3489 ἐϐεϐαίου

355 3539 455 3590 καὶ
478 3535 664 3605 φωνῆς
689 3533 898 3586 ἐκείνου
923 3531 1156 3584 ἀκοῦσαι
1190 3529 1540 3599 καθιστώσης
1553 3529 1652 3597 τὴν
1685 3527 1942 3594 φάλαγγα

355 3628 456 3682 καὶ
487 3624 723 3678 ἕπεσθαί
752 3625 801 3675 οἰ
844 3621 1198 3690 κελευούσης,
1223 3622 1320 3673 καί⁵
1354 3620 1508 3689 βέλος
1557 3620 1776 3687 ἀφεῖναι
1823 3616 1942 3669 κατ’

2062 527 2276 574 noctem
2313 530 2407 574 aut
2440 524 2656 577 nonnisi
2689 525 2742 578 in
2781 526 2953 580 armis
2987 527 3274 584 dormituri
3307 530 3508 588 forent.

2038 711 2042 714 ·
2128 700 2216 754 l9.
2262 700 2377 755 Hoc
2428 716 2526 770 pro
2573 717 2670 757 sua
2723 715 2914 761 caetera
2960 710 3258 779 sagacitate
3304 714 3554 783 praevidit
3585 725 3640 772 et

2057 793 2439 858 praenm'itiavit
2464 794 2710 858 Alexius,
2742 812 2866 850 nam
2902 815 3001 852 usu
3037 817 3218 855 rerum
3251 805 3478 860 edoctus
3509 822 3634 860 cum

2053 883 2217 935 certis
2244 897 2310 936 ex
2346 883 2562 937 indiciis
2592 886 2978 952 conjectasset,
3001 891 3294 947 consilium
3320 896 3494 951 hostis
3517 912 3640 950 esse

2055 978 2214 1022 nocte
2251 969 2462 1023 irruere
2501 972 2555 1024 in
2589 988 2686 1025 sua
2721 983 2922 1040 castra,
2956 978 3098 1043 quod
3131 987 3186 1032 et
3217 994 3275 1033 re
3306 982 3421 1050 ipsa
3456 985 3638 1036 conti-

2052 1062 2150 1130 git,
2188 1071 2402 1115 malure
2454 1066 2782 1132 prauuttnitc
2817 1082 2875 1120 sc
2906 1069 3117 1122 curavit
3161 1070 3423 1127 adversus
3469 1074 3637 1128 istum

2051 1155 2172 1224 ejus
2220 1157 2504 1226 impetum,
2555 1159 2995 1227 eXploratoribus
3044 1175 3263 1216 onmem
3316 1164 3368 1216 in
3423 1175 3632 1234 partem

2053 1245 2316 1299 dimissis.
2351 1247 2431 1298 Ad
2465 1247 2763 1302 Basilacem
2814 1265 2979 1318 porro
3019 1253 3249 1305 accessit
3294 1253 3514 1322 quidam
3567 1255 3636 1309 ab

2051 1336 2244 1390 Alexio
2277 1340 2560 1408 transfuga
2583 1382 2598 1407 ,
2649 1343 2740 1410 qui
2773 1345 3023 1412 promisit
3056 1359 3111 1397 se
3141 1347 3462 1400 Iraditurum
3495 1347 3543 1400 ei
3582 1348 3633 1401 in

2053 1443 2246 1482 manus
2293 1431 2652 1486 dormientem
2712 1436 2765 1487 in
2822 1450 2924 1488 suo
2978 1436 3332 1490 tabernaculo
3358 1439 3632 1504 Alexium,

2053 1522 2214 1573 modo
2256 1521 2514 1590 impetum
2573 1522 2751 1578 facere
2800 1525 2853 1578 in
2911 1538 3092 1580 castra
3149 1530 3266 1596 ejus
3299 1533 3481 1583 vellet.
3514 1529 3634 1596 Quo

2051 1611 2140 1665 ille
2185 1613 2374 1667 audito
2423 1616 2555 1671 nihil
2605 1626 2896 1670 cunctatus
2938 1619 3106 1688 jussit
3147 1630 3376 1674 cunctos
3404 1623 3629 1685 armari,

2050 1705 2250 1772 quibus
2299 1722 2504 1759 morem
2570 1709 2909 1776 gerentibus,
2965 1726 3087 1763 cum
3153 1712 3232 1764 sol
3284 1716 3634 1768 occumberet

2050 1797 2262 1864 signum
2299 1799 2532 1852 exeundi
2567 1801 2820 1853 tubarum
2855 1814 3020 1856 cantu
3073 1805 3334 1859 militibus
3383 1806 3469 1859 edi
3513 1805 3634 1875 jus-

2049 1885 2140 1947 sit,
2176 1896 2229 1938 et
2256 1902 2512 1955 egressus
2542 1904 2572 1942 e
2603 1891 2846 1954 civitate,
2875 1885 3080 1946 omissa
3108 1895 3192 1947 via
3228 1905 3397 1960 recta,
3429 1906 3487 1951 ut
3517 1913 3632 1951 me-

2050 1975 2154 2029 lius
2187 1975 2391 2030 falleret
2417 1994 2541 2032 eum
2577 1980 2669 2047 qui
2706 1978 2818 2032 falli
2847 1983 2934 2034 vix
2974 1993 3204 2050 poterat,
3233 1983 3460 2055 Litaque
3490 1989 3632 2057 (loco

2051 2068 2130 2122 sic
2161 2069 2329 2136 dicto)
2364 2071 2628 2134 transita,
2680 2071 2769 2123 tibi
2799 2072 2864 2124 ad
2900 2071 3122 2125 [luvium
3155 2078 3422 2141 pervenit,
3469 2093 3629 2146 quem

2049 2159 2297 2214 Galicum
2331 2162 2530 2216 accola:
2561 2162 2856 2231 appellant,
2903 2178 3028 2217 eum
3082 2166 3296 2233 trajecit
3344 2183 3510 2237 prope
3541 2184 3631 2222 ar-

2049 2268 2165 2306 cent
2196 2253 2284 2306 cui
2321 2267 2518 2306 nomen
2569 2262 2652 2307 est
2681 2254 2900 2322 Aquila,
2939 2254 3177 2326 indeque
3205 2269 3463 2329 superata
3493 2261 3632 2316 valle

2047 2359 2143 2413 per
2169 2358 2421 2412 campum
2455 2343 2808 2413 procedebat.

2123 2433 2282 2504 150
2309 2433 2397 2488 ‘20.
2443 2433 2560 2488 Non
2594 2433 2749 2489 latuit
2791 2444 2972 2490 autem
3003 2437 3380 2508 exploratores
3409 2441 3478 2497 ab
3504 2441 3630 2497 Ale-

2047 2527 2138 2579 xio
2165 2524 2482 2594 dispositos.
2515 2526 2658 2590 Quin
2687 2525 2798 2595 jam
2834 2536 2946 2580 tum
2978 2545 3101 2582 eum
3134 2531 3368 2598 primum
3396 2549 3460 2586 ex
3494 2535 3630 2588 urbe

2046 2615 2323 2670 Basilaces
2355 2615 2553 2683 prodiit
2585 2629 2653 2670 ex
2686 2617 2903 2670 sublato
2945 2619 2996 2672 in
3031 2620 3199 2673 altum
3235 2622 3455 2690 pulvere
3485 2623 3628 2676 indi-

2053 2710 2138 2761 cio
2181 2706 2258 2759 illi
2300 2709 2458 2774 cap‘to
2503 2705 2570 2758 ad
2618 2706 2979 2760 domesticum
3038 2709 3348 2763 scholarum
3377 2709 3624 2765 Alexium

2045 2812 2159 2850 rem
2192 2798 2520 2852 detulerant.
2569 2797 2662 2851 llle
2690 2813 2818 2851 vero
2867 2797 3106 2866 jusserat
3153 2815 3345 2856 omnes
3396 2817 3528 2858 suos
3574 2806 3626 2858 in

2045 2889 2213 2942 armis
2247 2897 2396 2944 stare
2428 2888 2763 2956 procinctos,
2796 2900 2849 2942 et
2898 2890 2989 2957 qui
3039 2904 3210 2960 equos
3262 2892 3526 2946 haberent
3561 2896 3662 2951 iis.

2044 2979 2307 3048 expeditis
2357 2986 2410 3032 et
2461 2980 2667 3048 paratis
2712 2992 3034 3049 exspectare
3071 2984 3347 3052 pugnandi
3383 2986 3624 3056 signum.

2046 3069 2142 3126 His
2181 3073 2252 3123 ita
2298 3071 2533 3140 provisis
2578 3071 2746 3124 aliutn
2797 3087 2962 3142 supar
3015 3077 3181 3129 alium
3237 3077 3488 3132 mittebat
3534 3081 3624 3148 qui

2046 3175 2193 3218 certa
2219 3163 2285 3216 de
2307 3162 2556 3217 hostibus
2588 3161 2875 3218 referrent.
2907 3162 2971 3218 Ut
3000 3177 3182 3221 autem
3211 3170 3278 3223 ad
3310 3186 3432 3224 eum
3465 3172 3628 3224 rediit

2045 3256 2266 3325 quidam
2303 3269 2333 3307 e
2369 3254 2550 3307 vernis
2592 3253 2742 3321 ejus,
2777 3258 3005 3324 aequalis
3041 3258 3212 3326 ipsius
3260 3272 3314 3314 et
3363 3262 3624 3316 collucta-

2056 3361 2191 3400 neus
2225 3346 2312 3399 cui
2343 3343 2556 3399 Tatieio
2604 3359 2826 3411 nomen,
2878 3347 3031 3401 aiens
3082 3365 3188 3402 non
3234 3350 3392 3419 longe
3425 3354 3627 3408 distare

2048 3433 2253 3496 hostes,
2277 3433 2645 3502 interrogabat
2673 3448 2799 3486 eum
2832 3449 2899 3486 an
2932 3447 3081 3490 certo
3107 3437 3268 3490 sciret
3297 3439 3473 3507 ipsum
3499 3457 3625 3495 cum

2045 3522 2112 3575 iis
2147 3521 2403 3574 advenire
2429 3519 2753 3586 Basilacem,
2782 3530 2837 3576 et
2866 3524 3059 3592 ecquid
3094 3525 3246 3579 illum
3277 3528 3347 3584 ibi
3378 3529 3623 3584 vidisset.

2049 3613 2348 3667 Allirmavit
2377 3612 2623 3667 Taticius
2654 3623 2708 3667 et
2741 3613 3006 3670 Basilacis
3033 3632 3220 3672 vocem
3252 3620 3366 3674 suis
3392 3637 3451 3675 se
3482 3625 3629 3676 auri-

349 3720 574 3776 ἐκείνου
600 3717 685 3770 διὰ
711 3716 804 3769 τοῦ
821 3715 996 3781 τόξου.
1025 3714 1199 3777 Εὐθὺς
1216 3712 1605 3767 οὗνέκελεύετο
1630 3711 1828 3776 ἐξόδιον
1851 3726 1944 3780 ση-

2049 3708 2152 3760 bus
2188 3705 2461 3769 hausisse,
2499 3704 2638 3759 dixit
2669 3707 2972 3761 ordinantis
3000 3709 3171 3764 aciem
3219 3720 3272 3764 et
3303 3711 3457 3783 sequi
3506 3730 3626 3769 sese

355 3815 531 3882 μῆναι
560 3807 656 3869 τὰς
677 3806 1009 3874 σάλπιγγας,
1039 3804 1133 3858 καὶ
1159 3807 1268 3866 τοῖς
1296 3805 1425 3874 περὶ
1439 3804 1539 3874 τὴν
1564 3803 1699 3856 ἰδίαν
1726 3819 1945 3872 παρεμ-

354 3905 525 3974 ϐολὴν
557 3901 718 3964 εὐθὺς
749 3899 978 3969 λύχνους
1001 3901 1096 3953 καὶ
1121 3899 1325 3970 κηροὺς
1353 3900 1607 3966 ἐξάπτειν
1634 3898 1948 3951 ἐπέταττεν.

2045 3798 2313 3867 jubentis.
2345 3797 2486 3864 Quin
2527 3799 2690 3874 etiam
2741 3814 2802 3854 se
2853 3801 3106 3870 sagittam
3157 3803 3210 3856 in
3262 3805 3438 3874 ipsum
3491 3822 3624 3862 arcu

2053 3895 2374 3964 jaculatnm.
2405 3893 2498 3948 llis
2527 3872 2727 3950 auditis
2753 3898 3028 3966 extemplo
3051 3897 3276 3954 Alexius
3315 3904 3512 3954 canere
3543 3913 3630 3954 tn-

357 4004 458 4055 bas
493 3997 680 4067 jussit,
713 4006 766 4051 et
792 3997 1010 4065 signum
1062 3995 1364 4064 prodeundi
1427 3995 1578 4050 dare.
1607 3994 1929 4063 Passimun
1964 4007 2060 4061 per
2098 4007 2196 4046 sua
2238 4005 2415 4045 castra
2457 3991 2734 4061 lampades
2763 4002 2817 4046 et
2845 4008 3034 4047 cereos
3063 3994 3350 4062 imperavit
3381 3999 3625 4052 accendi.

429 4091 535 4146 xa'.
577 4091 756 4153 Ἐντὸς
782 4091 838 4144 δέ
862 4091 961 4160 τῆς
986 4090 1124 4153 ἰδίας
1155 4092 1361 4161 σκηνῆς
1391 4089 1485 4142 τὸν
1519 4089 1750 4142 συνόντα
1782 4087 1934 4154 αὐτῷ

360 4184 596 4255 μοναχὸν
631 4181 802 4252 ἄνδρα
847 4180 1137 4250 ἐκτομίαν,
1166 4174 1210 4248 ᾧ
1240 4180 1338 4251 τὴν
1387 4178 1556 4232 αὑτοῦ
1614 4178 1875 4250 πρόνοιαν
1900 4179 1934 4247 ὴ

359 4280 544 4346 μήτηρ
579 4274 898 4326 ἐπίστευσεν
953 4273 1028 4335 ὡς
1080 4274 1327 4343 ἐντρεχεῖ
1371 4288 1430 4324 τε
1484 4271 1578 4324 καὶ
1624 4270 1933 4342 περιδεξίῳ,

358 4364 679 4421 καταλιπὼν
731 4363 1175 4436 παρεκελεύσατο
1227 4363 1304 4433 μὴ
1330 4361 1627 4431 σϐεσθῆναι
1661 4362 1760 4430 τὴν
1794 4361 1936 4429 λαμ-

2117 4085 2210 4139 21.
2251 4085 2424 4139 l’orro
2455 4087 2597 4139 intra
2641 4102 2802 4140 suum
2851 4087 3024 4155 ipsius
3060 4090 3471 4145 tabernaculum
3503 4107 3625 4143 mo-

2047 4181 2282 4232 nachum
2315 4177 2663 4240 eunuchum,
2723 4192 2883 4246 quem
2939 4178 3041 4245 ipsi
3093 4180 3347 4232 comitem
3387 4192 3442 4234 et
3481 4185 3625 4236 assi-

2046 4271 2214 4322 duum
2264 4270 2710 4322 contubernalem
2767 4278 2941 4321 mater
2997 4272 3376 4338 assignarent
3433 4287 3622 4327 curam

2045 4362 2166 4431 ejus
2197 4361 2542 4424 habiturum,
2580 4359 2784 4426 Optime
2819 4360 2886 4412 ad
2920 4359 2970 4412 id
3003 4361 3294 4425 delectum,
3330 4375 3449 4418 erat
3475 4366 3620 4419 enim

358 4457 508 4510 πάδα
535 4457 603 4509 δι’
632 4455 761 4527 ὅλης
796 4456 1015 4517 νυκτός.
1077 4455 1150 4508 Τὸ
1196 4455 1330 4509 αὐτὸ
1380 4455 1444 4525 δὴ
1480 4455 1640 4508 τοῦτο
1677 4454 1774 4506 καὶ
1822 4455 1935 4515 τοῖς

2047 4453 2351 4508 industrius
2382 4462 2438 4505 et
2489 4466 2588 4506 usu
2622 4452 2859 4520 prudens
2887 4470 2900 4506 :
2933 4451 3110 4520 hunc,
3142 4454 3398 4524 inquam,
3431 4475 3623 4513 mona-

358 4549 542 4610 ἄλλοις
583 4546 789 4600 ἅπασιν
836 4545 1124 4600 ἐκέλευσεν
1179 4548 1237 4599 ἐν
1268 4548 1390 4609 ταῖς
1435 4544 1592 4607 ἰδίαις
1636 4543 1767 4616 πρὶν
1805 4559 1941 4612 σκηο

357 4643 478 4702 ναῖς
531 4640 627 4693 καὶ
660 4639 890 4708 λύχνους
935 4637 1034 4692 καὶ
1088 4636 1250 4707 δᾷδας
1303 4636 1567 4689 ἀνάπτειν
1619 4637 1780 4706 μέχρι
1843 4634 1938 4687 τοῦ

358 4730 715 4801 περιόρθρου.
758 4731 994 4792 Ἐκεῖνος
1034 4729 1088 4781 δὲ
1119 4729 1256 4799 μετὰ
1287 4727 1380 4780 τοῦ
1417 4727 1701 4781 ὁπλιτικοῦ
1741 4725 1935 4789 παντὸς

358 4825 459 4892 τῆς
495 4821 854 4893 παρεμϐολῆς
889 4820 1122 4886 ἐξελθὼν
1173 4821 1252 4884 εἷς
1289 4835 1413 4872 τινα
1463 4821 1747 4890 συνηρεφῆ
1773 4817 1939 4872 τόπον

357 4916 622 4986 εἱστήκει.

432 5186 539 5256 κβ¹.
586 5185 644 5238 '0
690 5182 746 5236 δὲ
781 5181 1090 5251 Βασιλάκης
1118 5179 1282 5248 ἐγγὺς
1310 5177 1411 5249 τῆς
1440 5177 1792 5250 παρεμϐολῆς
1842 5195 1936 5247 γε-

360 5280 612 5348 νόμενος,
639 5278 761 5329 ἐπεὶ
779 5274 986 5345 ταύτην
1019 5274 1170 5343 παρὰ
1193 5271 1303 5325 τῶν
1332 5271 1479 5324 ἰδίων
1532 5270 1938 5343 σκυλευομένην

356 5370 707 5442 remanete,-
738 5369 838 5438 τὴν
862 5366 957 5419 τοῦ
979 5365 1302 5435 δομεστίκου
1333 5363 1420 5436 [Ρ.
1448 5361 1574 5434 100]
1608 5363 1814 5434 σκηνὴν
1839 5379 1938 5415 κα-

355 5462 614 5517 ταλαϐὼν
637 5461 812 5514 ἐδόκει
843 5459 904 5510 τδ
928 5459 1035 5511 πᾶν
1064 5457 1324 5528 ηνυκέναι
1358 5457 1454 5510 καὶ
1482 5454 1647 5509 αὑτοῦ
1680 5473 1783 5508 που
1815 5454 1939 5509 τοῦ·

356 5573 451 5609 τον
472 5553 802 5608 ωταλαδείν
831 5550 924 5606 καὶ
955 5551 1198 5619 ζωγρίαν
1245 5547 1580 5620 ποιῆσαικαὶ
1607 5547 1934 5618 ἀγαγέσθαι.

371 5648 461 5709 Ὠς
498 5647 554 5698 δέ
586 5645 684 5716 τὴν
719 5643 848 5713 ὃλην
879 5641 1258 5712 περιαθρήσας
1293 5641 1482 5694 οὐδένα
1514 5644 1564 5694 εί
1601 5643 1678 5714 μὴ
1707 5642 1801 5696 τὸν
1833 5659 1929 5711 μο·

355 5742 519 5809 ναχδν
555 5737 699 5806 ἐώρα
734 5739 826 5789 καὶ
855 5734 953 5806 τὴν
993 5735 1340 5789 ἀνάπτουσαν
1369 5735 1650 5805 λαμπάδι,
1685 5735 1775 5787 ὑπ’
1805 5735 1934 5788 ἀλα-

2041 4551 2205 4599 οἰιυιιι
2259 4544 2312 4596 in
2365 4544 2718 4597 tabernaculo
2767 4544 3020 4614 reliquit,
3069 4545 3280 4614 jussum
3334 4563 3620 4604 accensam

2043 4645 2153 4690 tota
2188 4646 2347 4689 nocte
2377 4649 2596 4689 servare
2643 4635 2966 4706 lampadem.
3007 4636 3265 4706 Idemque
3305 4641 3621 4696 mandatum

2041 4725 2171 4780 aliis
2226 4726 2579 4779 tabernacula
2625 4727 3059 4783 custodientibus
3106 4730 3254 4782 dedit
3299 4731 3524 4798 lychnus
3569 4743 3623 4787 et

2043 4816 2191 4870 iaces
2235 4833 2332 4886 per
2379 4832 2500 4871 eam
2552 4832 2762 4872 noctem
2814 4835 2988 4889 usque
3036 4821 3101 4876 ad
3156 4837 3317 4875 mane
3367 4821 3623 4878 ardentes

2043 4912 2297 4966 habendi.
2333 4911 2476 4965 Inter
2504 4909 2656 4981 151
2687 4928 2810 4981 qua:
2839 4913 2957 4982 ipse
2987 4929 3112 4968 cum
3146 4917 3416 4970 universis
3443 4931 3623 4973 arma-

2044 5005 2112 5059 tis
2144 5005 2343 5059 castris
2383 5003 2572 5058 exiens
2611 5004 2664 5056 in
2704 5005 2997 5074 quemdam
3033 5006 3350 5060 umbrosum
3379 5019 3432 5062 et
3468 4984 3620 5066 silvis

2042 5105 2242 5149 tectum
2280 5093 2546 5149 successit
2584 5093 2796 5160 locum,
2827 5095 3011 5165 ibique
3037 5097 3299 5153 constitit.

2108 5188 2199 5241 22.
2231 5189 2296 5240 At
2324 5186 2596 5241 Basilaces
2619 5201 2741 5240 cum
2771 5187 2910 5239 intra
2937 5188 3051 5255 ipsa
3074 5197 3250 5242 castra
3277 5204 3619 5258 penetrasset

2040 5279 2236 5342 Alexii,
2273 5294 2395 5348 qua:
2426 5278 2630 5348 passim
2667 5293 2695 5330 a
2738 5279 2854 5331 suis
2884 5279 3046 5348 diripi
3083 5280 3321 5350 videbat,
3351 5285 3402 5338 in
3435 5291 3617 5342 taber-

2041 5372 2296 5424 naculum
2337 5369 2512 5423 Alexii
2556 5369 2894 5439 procedens,
2932 5373 3185 5440 sperabat
3225 5391 3612 5433 succeSsurum

2041 5471 2183 5534 quod
2212 5464 2488 5534 transfuga
2513 5463 2858 5532 promiserat,
2885 5474 2938 5518 ct
2963 5466 3138 5536 ipsum
3160 5472 3345 5539 utique
3366 5474 3614 5528 Alexium

2039 5557 2222 5610 vivum
2265 5556 2334 5608 ibi
2367 5554 2712 5623 capiendum.
2753 5550 2820 5607 Ut
2854 5567 3034 5610 autem
3065 5559 3238 5614 oculis
3266 5563 3614 5632 circumqua-

2039 5665 2144 5716 que
2179 5647 2350 5701 versis
2377 5646 2650 5701 ttetninem
2684 5647 2755 5701 ibi
2787 5648 3003 5701 videbat
3036 5650 3137 5703 nisi
3169 5665 3328 5718 quem
3356 5652 3467 5704 dixi
3504 5669 3616 5703 itio-

2041 5737 2277 5792 naehum
2318 5745 2370 5791 ct
2413 5737 2713 5806 lampadem
2752 5753 3038 5794 accensam
3065 5778 3078 5803 ,
3116 5739 3403 5792 inscientia
3439 5741 3613 5794 elatus
