4106 6206
401 163 511 237 201

1614 196 2146 267 IIISTORIARUM
2190 212 2337 273 LIB.
2380 217 2479 278 1V.

3545 243 3652 309 202

470 276 567 332 κδ’.
595 273 690 344 Εἷς
708 280 765 334 δέ
790 283 899 337 τῶν
933 286 1039 342 ὑπὸ
1066 292 1221 363 χεῖρα
1240 294 1332 348 τοῦ
1357 297 1617 368 Ἀλεξίου,
1656 306 1793 376 ἀνὴρ
1823 310 1945 363 Καπ

470 370 641 421 ιδόκτιε
675 373 883 421 Ponit-ﬁ:
916 380 977 421 τὸ
1005 381 1296 421 ἑηηῖιυιιηη..
1348 392 1618 421 amur---
1666 398 1754 421 ,ιη
1818 402 1877 421 n,
1908 419 1926 421 _

2044 358 2051 373 ,
2154 319 2242 371 2t.
2262 319 2409 377 Unus
2431 333 2611 381 autem
2637 343 2703 384 ex
2728 331 2792 385 iis
2818 333 2911 403 qui
2931 334 2998 390 ad
3022 352 3238 395 manum
3263 341 3451 402 Alexio
3471 365 3647 421 erant,

399 370 641 441 παδόκης
675 373 883 445 Γουλῆς
916 380 977 431 τὸ
1005 381 1316 454 ἐπώνυμον,
1348 392 1618 461 γνωρίσας
1664 370 1776 450 τὸν-
1818 402 1980 454 Βασι-

398 463 573 533 λάκην
601 466 755 518 παίει
780 467 970 524 τοῦτον
1027 476 1093 545 τῇ
1148 477 1334 551 σπάθῃ
1369 484 1510 537 κατά
1577 487 1673 540 τοῦ
1721 493 1976 560 κράνους.

399 554 514 622 Τῆς
542 555 597 608 δὲ
629 557 844 628 σπάθης
896 566 1264 637 κατεαγείσης
1293 571 1462 639 ἐγγὺς
1496 576 1659 630 αὑτοῦ
1709 554 1810 648 της
1868 554 1979 654 χει-

394 645 492 715 ρδς
521 647 616 699 καὶ
674 650 971 718 πεσούσης,
1002 654 1030 704 δ
1064 657 1350 727 Κομνηνὸς
1374 663 1547 717 αὐτὸν
1597 672 1976 737 κατωνείδιζεν

390 736 466 799 ὡς
496 737 757 809 ὀλιγωρία
784 742 845 793 τὸ
875 743 1028 812 ξίφος
1071 746 1171 815 τῆς
1204 751 1385 820 χειρὸς
1410 755 1638 823 ἀφέντα.
1685 760 1746 813 Ὀ
1776 763 1832 814 δὲ
1876 764 1974 835 τὴν

390 826 585 899 κώπην
638 830 801 894 εὐθὺς
852 834 1170 891 ὑπεδείκνυε
1226 843 1319 895 καὶ
1367 844 1466 913 τῆς
1548 849 1809 919 μέμψεως
1868 826 1975 908 ἀπ-

388 921 597 975 ελύετο.
624 924 733 976 Καί
762 942 847 989 τις
876 928 1013 999 ἀνὴρ
1031 932 1319 998 Μακεδὼν,
1352 937 1555 1009 Πέτρος
1586 940 1672 1011 [Ρ.
1702 944 1823 1015 101]
1855 947 1974 1000 τοῦ·

387 1028 551 1080 νομα,
579 1013 859 1081 Τορνίκιος
890 1017 949 1069 τὸ
982 1019 1291 1092 ἐπώνυμον,
1327 1028 1615 1095 εἰσελάσας
1654 1013 1821 1104 μέσον
1860 1039 1970 1092 τῶν

386 1101 664 1171 πολεμίων
677 1106 940 1160 κατέϐαλε
964 1109 1169 1165 τούτων
1195 1117 1443 1186 συχνούς.
1459 1119 1525 1173 'H
1550 1122 1605 1175 δὲ
1627 1101 1837 1197 φάλαγξ
1860 1130 1969 1185 εἴτε

384 1194 656 1260 ἀγνοοῦσα
688 1204 752 1248 τὰ
777 1198 1031 1269 δρώμενα
1054 1206 1135 1272 (ἐν
1164 1209 1349 1263 σκότει
1394 1212 1505 1282 γάρ
1567 1194 1844 1291 συστάσης
1869 1223 1970 1293 τῆς

389 1284 569 1354 μάχης
608 1285 705 1357 οὐχ
732 1283 843 1341 οἷόν
876 1308 934 1343 τε
982 1289 1049 1365 ἦν
1071 1297 1206 1369 δρᾷν
1247 1299 1317 1353 τὰ
1355 1303 1617 1374 γινόμενα
1655 1283 1963 1381 ﬁxura):

397 1373 459 1426 '0
491 1375 549 1427 δὲ
576 1376 860 1449 Κομνηνδς
893 1385 987 1435 καὶ
1006 1381 1164 1451 αὖθις
1203 1390 1297 1444 ἐπὶ
1326 1393 1386 1445 τὸ
1434 1400 1823 1469 συνιστάμενον
1874 1373 1965 1459 ’ἔτι

382 1468 493 1521 τῶν
520 1470 795 1540 πολεμίων
846 1475 1044 1546 ἐχώρει
1105 1480 1281 1533 παίων
1309 1485 1403 1537 καὶ
1457 1489 1811 1546 καταϐάλλων
1839 1496 1965 1559 τοὺς

379 1559 463 1622 εἰς
497 1562 691 1632 χεῖρας
720 1563 918 1626 ἰόντας,
956 1567 1050 1620 καὶ
1082 1565 1238 1634 αὖθις
1258 1572 1617 1646 ὑποστρέφων
1653 1578 1790 1652 πρὸς
1834 1587 1961 1649 τοὺς

382 1647 642 1713 ἰδίους...⁶
673 1652 769 1706 Ὃν
788 1671 869 1716 τις
899 1655 1237 1728 θεασάμενος
1257 1664 1365 1717 τῶν
1396 1647 1731 1738 ἐκ’τῆςὶδίας
1751 1647 1956 1730 ἐκείνου
1992 1683 2031 1737 Β

380 1739 662 1808 φάλαγγος
685 1744 961 1814 Φράγγων
991 1748 1119 1819 άρτι
1152 1753 1318 1821 μέσον
1370 1756 1580 1823 ἐξιόντα
1623 1764 1733 1815 τῶν
1793 1767 1955 1820 πολε-

384 1830 525 1898 μίων
555 1834 647 1884 καὶ
671 1836 896 1904 νομίσας
919 1835 1061 1903 εἷναι
1091 1841 1200 1894 τῶν
1224 1837 1499 1918 πολεμίων
1515 1852 1659 1917 τινὰ,
1697 1855 1956 1922 ἐξελάσας

379 1920 568 1989 βάλλει
593 1924 669 1994 τῷ
690 1926 876 1997 δόρατι
905 1933 997 1982 καὶ
1039 1935 1239 2005 μικροῦ
1271 1940 1333 1990 ἂν
1362 1941 1523 1994 αὑτὸν
1555 1946 1875 2011 κατέϐαλεν,
1908 1953 1956 2003 εί

381 2014 463 2085 μὴ
496 2013 838 2083 ἐδραιότατος
865 2014 932 2091 ἦν
962 2021 1218 2094 ἱππότης.
1276 2029 1664 2102 Ἐπιστραφεὶς
1699 2038 1792 2090 οὖν
1823 2042 1956 2109 πρὸς

378 2104 545 2157 αὑτὸν
579 2108 833 2194 μετά-τοῦ
863 2113 1049 2182 ξίφους
1080 2117 1421 2189 ἐξώρμησεν.
1480 2126 1539 2177 ’0
1581 2126 1626 2178 δ’
1660 2130 1820 2194 εὐθὺς
1839 2104 1953 2186 ἐπι-

377 2196 542 2262 γνοίις
856 2206 1038 2277 ἱκέτης
1076 2204 1144 2280 ἦν
1172 2188 1423 2277 ἐλεεινὸς,
1464 2188 1947 2291 διαϐεϐαιούμενος

373 2286 452 2350 ὡς
478 2274 930 2363 ἁγνοίᾳξμᾶλλον
958 2274 1329 2375 ῆνκακουργίᾳ
1363 2274 1481 2360 κατ’
1514 2308 1679 2362 αὑτοῦ
1718 2274 1953 2384 ἐξορμή;

374 2396 489 2434 σαι.
514 2380 718 2464 Τούτου
747 2385 838 2440 οὖν
887 2389 1101 2460 ἀφῆκεν
1137 2395 1162 2445 ὁ
1197 2398 1443 2463 γενναῖος
1496 2402 1705 2466 ἐκεῖνος
1735 2380 1822 2455 τδῖ

372 2467 476 2539 κλη
483 2486 581 2538 μα.

370 2568 456 2615 ter
482 2561 776 2631 affirmans,
801 2582 861 2623 se
889 2571 1037 2625 nullo
1060 2575 1205 2628 malo
1234 2579 1433 2641 animo,
1464 2596 1609 2636 mera
1633 2584 1994 2656 imprudentia

370 2651 667 2706 nerositate
699 2652 856 2710 facile
884 2658 1098 2728 culpam
1129 2664 1481 2724 condonavit.

444 2747 541 2798 κε’.
565 2744 686 2799 Ἔτι
733 2746 791 2800 δὲ
838 2748 948 2804 τῶν
977 2755 1250 2824 πολεμίων
1286 2764 1698 2832 συνισταμένων
1753 2770 1812 2820 ἐν
1848 2769 1945 2840 μέ-

371 2842 480 2897 ρει,
507 2829 765 2886 ἔσπευδεν
803 2836 879 2900 ὡς
930 2835 1122 2894 οἷόντε
1164 2846 1259 2898 καὶ
1304 2847 1365 2899 τδ
1390 2847 1576 2905 λοιπὸν
1623 2856 1943 2925 παραλῦσαι

366 2921 468 2988 τῆς
506 2924 734 2989 τάξεως,
768 2929 862 2980 καὶ
888 2933 1023 3001 πρὸς
1052 2934 1151 3004 τὴν
1189 2936 1321 2990 ἰδίαν
1349 2941 1642 2997 ἀπέστελλε
1687 2921 1941 3017 φάλαγγα
1967 2937 2012 2999 C

366 3011 609 3065 κελεύων
648 3015 722 3086 μὴ
770 3018 986 3087 μέλλειν
1036 3022 1154 3076 ἀλλ’
1187 3027 1416 3083 ἕπεσθαί
1451 3034 1500 3085 oi
1552 3011 1931 3109 ταχινώτερον.

365 3100 451 3152 Τά
473 3102 573 3171 μὲν
593 3105 651 3155 ἐν
678 3109 835 3161 νυκτὶ
867 3108 962 3174 ξὺν
986 3112 1191 3181 ὀλίγοις
1226 3119 1537 3189 πραχθέντα
1579 3100 1715 3196 ἔργα
1758 3100 1934 3181 τολάδε

362 3185 456 3262 ἦν.
480 3188 661 3264 Ἦμος
691 3196 746 3249 δὲ
775 3199 955 3267 ἠέλιος
984 3185 1284 3275 ἀνώρουσε,
1312 3185 1403 3262 καὶ
1426 3213 1479 3264 ol
1527 3185 1667 3283 περὶ·
1705 3216 1799 3268 τὸν
1832 3218 1937 3269 Βα-

365 3284 596 3356 σιλάκην
635 3293 889 3364 συνιστᾷν
921 3296 1223 3366 ἐπειρῶντο
1253 3302 1378 3363 τοὺς
1400 3302 1562 3368 ἰδίους
1594 3308 1689 3360 καὶ
1720 3307 1793 3371 ὡς
1825 3306 1936 3361 οἷον

358 3391 424 3427 τε
462 3379 861 3449 ἐπεῤῥώννυον.
893 3383 985 3448 Ἐν
1014 3388 1225 3451 τούτοις
1253 3389 1308 3441 δὲ
1337 3390 1447 3442 τῶν
1473 3393 1539 3443 ἐκ
1568 3394 1669 3462 τῆς
1725 3396 1935 3449 ἐκείνου

358 3467 642 3537 φάλαγγός
668 3489 810 3535 τινες
837 3469 895 3527 ἐν
931 3477 1008 3547 τῷ
1042 3480 1326 3533 σκυλεύειν
1366 3482 1783 3553 ἀπολειφθέντες
1836 3488 1933 3556 τῆς

356 3560 561 3630 λοιπῆς
604 3562 879 3633 φάλαγγος
898 3562 1032 3638 ἧκον
1060 3572 1287 3625 κατόπιν
1311 3574 1547 3636 θέοντες.
1594 3575 1701 3639 Οὓς
1728 3577 1930 3632 θεασά-

358 3650 520 3719 μενοί
545 3668 691 3717 τινες
719 3658 827 3709 τῶν
876 3661 940 3712 ἐκ
971 3660 1071 3728 τῆς
1098 3662 1192 3714 τοῦ
1219 3664 1544 3734 δομεστίκου
1585 3667 1693 3720 τῶν
1727 3669 1930 3740 σχολῶν

358 3741 643 3810 φάλαγγος
695 3746 954 3815 ⁹Δλεξὲου,
990 3752 1419 3823 ἐπιστραφέντες
1454 3760 1549 3809 καὶ
1603 3759 1723 3812 κατ’
1750 3761 1928 3813 αὐτῶν

356 3831 786 3904 ἐξορμήσαντες,
814 3839 920 3910 πρὸ
940 3842 1033 3895 τοῦ
1062 3846 1139 3907 εἰς
1170 3848 1360 3916 χεῖρας
1386 3849 1519 3903 ἱέναι
1538 3851 1735 3922 ῥᾳδίως
1772 3854 1927 3923 ἐτρέ-

354 3923 547 3994 ψαντο,
568 3929 664 3981 καὶ
689 3930 918 3996 πολλοὺς
949 3934 1154 3988 τούτων
1182 3937 1571 4011 ζωγρήσαντες
1599 3944 1923 4011 ἐπανῆλθον.

423 4184 528 4249 κζ’.
572 4188 631 4240 '0
655 4189 712 4243 δὲ
750 4193 843 4245 τοῦ
874 4195 1149 4269 Βασιλάκη
1184 4201 1496 4270 ἀδελφιδοῦς
1524 4206 1782 4278 Μανουὴλ
1830 4208 1924 4261 ἐπὶ

2085 412 2302 465 natione
2329 414 2615 483 Cappadox
2645 436 3004 494 cognomento
3032 428 3218 495 Gules,
3249 450 3372 490 eum
3393 446 3649 510 agnovis-

2082 500 2498 568 set‘Basilacem,
2528 507 2651 562 ferit
2677 526 2799 564 eum
2831 531 2960 570 ense
2993 519 3045 572 in
3077 524 3251 591 galea,
3277 528 3370 582 sed
3390 531 3538 586 ensis
3568 535 3652 589 of.

2080 587 2233 643 fensn
2256 591 2460 649 fractus
2478 597 2578 649 sub
2600 597 2717 666 ejus
2739 617 2899 657 manu
2925 587 3120 663 cedidit
3142 629 3153 663 :
3185 587 3317 669 vidit
3338 615 3650 679 Comnenus

2078 690 2131 732 et
2176 679 2404 738 credens
2453 703 2636 742 ensem
2686 694 2732 745 ci
2781 711 2940 749 manu
2999 702 3287 772 excidisse,
3330 709 3647 782 increpabat

2080 775 2470 845 indiligentiam
2528 783 2666 850 viri;
2714 789 2891 854 quoad
2948 792 3037 846 ille
3084 800 3427 857 manubrium
3487 806 3644 863 fracti

2075 870 2235 936 gladii
2274 871 2326 925 in
2357 890 2517 927 manu
2552 880 2820 948 reliquum
2854 888 3147 941 ostendens
3181 888 3337 946 liJem
3376 893 3503 951 fecit
3533 915 3640 954 non

2074 974 2171 1012 sua
2208 962 2567 1031 negligentia,
2604 972 2697 1021 sed
2747 970 2902 1042 153
2943 976 3091 1030 ensis
3130 980 3282 1034 fracti
3326 984 3462 1040 vitio
3495 1003 3625 1043 eve-

2075 1054 2220 1105 nisse
2252 1053 2654 1112 incommodum
2695 1077 2708 1113 :
2746 1063 2932 1131 sicque
2962 1068 3119 1136 culpa
3158 1073 3372 1129 solutus
3405 1089 3507 1133 est.
3546 1079 3642 1137 llic

2072 1141 2293 1199 Macedo
2318 1150 2538 1216 quidam
2576 1149 2770 1208 Petrus
2799 1159 3039 1224 nomine,
3066 1177 3427 1232 cognomento
3444 1168 3640 1228 Torni~

2026 1280 2029 1283 .
2071 1236 2207 1298 eius,
2232 1237 2445 1295 irruens
2480 1241 2532 1294 in
2569 1246 2805 1299 medium
2840 1248 3075 1304 hostium
3111 1256 3308 1312 multos
3339 1275 3401 1314 ex
3436 1261 3505 1316 iis
3534 1264 3636 1320 de-

2064 1328 2195 1395 jecit
2231 1347 2245 1383 :
2278 1331 2546 1401 phalange
2583 1336 2821 1405 interim,
2856 1351 3042 1413 utpote
3071 1346 3257 1416 ignara
3289 1366 3478 1408 eorum
3516 1373 3637 1427 quae

2069 1416 2266 1473 fiebant
2294 1420 2463 1489 (nam,
2482 1426 2774 1482 commissa
2807 1429 2859 1485 in
2890 1434 3129 1490 tenebris
3157 1453 3361 1508 pugna,
3385 1442 3497 1498 fieri
3525 1463 3631 1501 non

2067 1518 2276 1579 poterat
2304 1521 2361 1565 ut
2384 1524 2504 1582 qua:
2535 1518 2862 1586 gerebantur
2882 1538 3072 1580 omnes
3101 1528 3389 1603 viderent),
3408 1534 3634 1594 immma

2064 1602 2406 1668 persismnte.
2440 1605 2593 1663 Tunc
2649 1609 2957 1669 Comnenus
3010 1634 3200 1676 rursus
3243 1622 3296 1677 in
3353 1639 3471 1681 eam
3501 1644 3629 1698 par-

2061 1699 2167 1747 tem
2207 1695 2465 1763 hostium,
2503 1715 2625 1769 qua:
2670 1702 2848 1759 adhuc
2904 1707 3085 1763 locum
3131 1721 3290 1770 tuens
3342 1716 3394 1771 iu
3456 1724 3625 1777 armis

2061 1784 2261 1846 stabat,
2320 1787 2481 1842 irruit
2536 1791 2762 1860 pulsans
2818 1805 2875 1851 et
2921 1797 3184 1866 dejiciens
3234 1816 3505 1878 quotquot
3560 1814 3628 1867 ad

2055 1888 2271 1929 manum
2320 1884 2698 1949 oerurrebant,
2738 1894 2793 1939 et
2834 1901 3027 1944 rursus
3075 1891 3145 1946 ad
3198 1908 3328 1951 suos
3372 1913 3431 1953 se
3488 1906 3631 1956 reci-

2054 1966 2228 2033 piens.
2280 1966 2451 2035 Quem
2494 1972 2713 2041 quidam
2759 1992 2823 2030 ex
2866 1977 3038 2049 ipsius
3077 1983 3345 2054 phalange
3387 1988 3630 2049 Francus

2056 2052 2408 2119 prodeuntem
2445 2074 2475 2113 e
2507 2062 2685 2114 medio
2724 2062 2964 2120 hostium
3012 2084 3137 2124 cum
3171 2073 3416 2142 vidisset,
3448 2090 3502 2133 et
3533 2096 3629 2136 ex-

2057 2144 2326 2200 istimaret
2359 2163 2480 2203 esse
2509 2155 2799 2219 quemdam
2835 2171 2898 2209 ex
2933 2157 3183 2216 hostibus
3205 2202 3221 2228 ,
3253 2167 3514 2226 adversus
3545 2173 3625 2226 ir-

2057 2250 2221 2289 ruens
2262 2237 2414 2294 hasta
2458 2240 2692 2311 impulit,
2729 2262 3031 2319 parumque
3061 2253 3236 2310 abfuit
3265 2260 3395 2327 quin
3426 2260 3625 2331 dejice-

2053 2336 2131 2378 ret
2165 2344 2176 2378 :
2214 2329 2306 2381 sed
2346 2331 2432 2384 ille
2468 2334 2781 2391 firmissime
2820 2339 2872 2392 in
2906 2357 3049 2412 equo
3079 2347 3276 2402 stabat.
3310 2350 3620 2411 Conversus

2049 2414 2212 2483 igitur
2252 2435 2374 2471 rum
2420 2423 2607 2477 stricto
2647 2426 2825 2495 gladio
2870 2432 3104 2499 petebat.
3148 2435 3320 2502 Quem
3378 2442 3467 2496 ille
3507 2444 3621 2512 jam

2046 2517 2348 2571 agnoscens
2376 2520 2434 2562 ut
2467 2513 2772 2579 ignosceret
2805 2517 2909 2571 sibi
2943 2525 3272 2589 precabatur
3300 2529 3624 2586 miserabili-

2065 2595 2238 2662 ipsum
2278 2599 2542 2666 pulsasse.
2579 2602 2680 2657 Cui
2747 2606 2969 2665 Alexius
3000 2628 3097 2681 pro
3128 2631 3225 2671 sua
3284 2634 3479 2678 celera
3524 2642 3621 2696 ge-

2123 2771 2211 2825 25.
2251 2772 2387 2828 Cum
2430 2789 2609 2834 autem
2648 2783 2947 2843 etiamnum
2988 2805 3116 2860 pars
3159 2796 3396 2856 hostium
3434 2804 3487 2860 in
3526 2823 3620 2865 or-

2053 2858 2180 2913 dine
2209 2863 2447 2926 duraret,
2484 2880 2699 2923 omnem
2736 2870 2789 2924 in
2825 2858 3033 2941 partem
3068 2878 3362 2943 festinabat
3391 2858 3614 2954 Alexitis

2044 2963 2152 3020 quo
2198 2951 2319 3006 illas
2368 2954 2505 3008 aciei
2557 2958 2815 3028 reliquias
2868 2962 3160 3038 frangeret,
3236 2975 3493 3049 misitque
3540 2986 3608 3040 ad

2037 3039 2360 3111 phalangem
2383 3047 2660 3116 propriam
2686 3053 2777 3121 qui
2804 3052 3061 3122 juberent
3090 3076 3195 3117 non
3223 3039 3489 3139 cunctari,
3513 3078 3608 3131 sed

2037 3133 2188 3201 sequi
2220 3148 2342 3189 sese
2364 3150 2524 3205 quam
2550 3139 2852 3199 celerrime.
2885 3144 3011 3202 llam
3043 3149 3302 3211 hactenus
3327 3160 3396 3213 ab
3420 3133 3609 3220 Alexio

2038 3236 2130 3290 per
2172 3234 2387 3281 noctem
2426 3244 2549 3284 eum
2592 3235 2780 3302 paucis
2820 3248 2994 3307 gesta.
3035 3241 3104 3298 Ut
3139 3261 3270 3303 vero
3314 3252 3396 3305 sol
3446 3254 3605 3328 154

2034 3325 2119 3368 est
2143 3326 2383 3384 exortus,
2408 3318 2685 3378 Basilaces
2706 3326 2909 3396 quique
2931 3345 3055 3385 cum
3079 3347 3145 3387 eo
3167 3348 3321 3393 erant
3348 3318 3606 3401 ordinare

2034 3403 2371 3459 conabantur
2384 3422 2537 3473 suos,
2559 3420 2612 3464 et
2626 3423 2890 3481 quantum
2911 3427 3162 3487 poterant
3181 3427 3600 3489 confirmabant.

2034 3491 2167 3559 Quae
2196 3495 2325 3549 dum
2364 3497 2574 3565 ﬁerent,
2610 3516 2678 3557 ex
2714 3503 2835 3575 ejus
2870 3509 3140 3583 phalange
3178 3517 3425 3587 quidam,
3459 3540 3600 3593 quos

2033 3587 2304 3654 praedandi
2331 3589 2559 3646 dulcedo
2589 3607 2831 3653 retentos
2855 3600 2907 3655 in
2934 3605 3130 3662 castris
3152 3608 3221 3663 ab
3251 3612 3367 3668 acie
3391 3616 3598 3690 reliqua

2031 3677 2376 3746 sejunxerat,
2415 3695 2564 3738 retro
2598 3689 3000 3757 sequebantur,
3036 3696 3391 3761 observantes
3454 3677 3588 3777 quid

2030 3783 2209 3822 rerum
2237 3772 2409 3827 θυι-ει.
2440 3773 2592 3842 Quos
2616 3793 2745 3835 eum
2776 3783 3034 3840 vidissent
3059 3802 3089 3842 e
3113 3789 3395 3850 domestici
3430 3800 3597 3856 scho-

2029 3857 2199 3927 larum
2235 3863 2407 3918 Aieaii
2440 3866 2705 3939 phalange
2735 3871 2958 3941 quidam
2991 3881 3243 3934 conversi
3274 3893 3328 3935 et
3360 3884 3412 3938 in
3443 3887 3593 3955 ipsos

2026 3964 2395 4019 erumpentes,
2457 3954 2617 4013 facile
2674 3960 2798 4015 illos
2859 3965 3176 4034 priusquam
3237 3971 3303 4025 ad
3370 3954 3591 4034 manum

2027 4041 2275 4095 venirent
2307 4053 2583 4100 verterunt
2624 4049 2680 4102 in
2729 4049 2933 4121 fugam,
3001 4056 3297 4127 multisque
3347 4062 3592 4134 ipsorum

2037 4129 2171 4184 vivis
2203 4134 2377 4202 captis
2407 4147 2768 4193 reverterunt.

2099 4220 2190 4275 26.
2219 4222 2290 4275 At
2316 4222 2581 4283 Basilacis
2611 4232 2876 4298 patruelis
2901 4232 3117 4293 Manuel
3148 4254 3273 4296 eum
3320 4242 3375 4298 in
3408 4256 3593 4301 tumu-

351 4274 517 4343 λόφου
546 4282 692 4343 τινὸς
712 4283 951 4337 ἀνελθὼν
984 4287 1327 4361 ἐπερρώννυε
1351 4296 1410 4344 τ’)
1449 4294 1527 4347 ἔτι
1563 4295 1663 4365 τῆς
1711 4274 1918 4367 φάλαγ-

351 4383 449 4405 νιν·
487 4372 880 4405 η.....ης-,ι.....-..
936 4375 1235 4405 smn“-..
1280 4382 1415 4405 9-9.-.
1449 4383 1639 4405 ειη-ς,
1806 4384 1826 4405 ν

2152 4274 2155 4275 ,
2221 4274 2229 4275 κ
2252 4274 2285 4275 η
2330 4274 2343 4275 γ
2364 4274 2580 4283 ε.---..-.-
2611 4274 2723 4298 ⁸η...
2740 4274 2876 4288 ..ν-ιν
2901 4274 3117 4293 ιιιυιιιιινι
3148 4274 3273 4296 υυιιι
3320 4274 3375 4298 Ill
3408 4274 3590 4301 ιυιιιιι·

2047 4326 2134 4364 um
2155 4314 2443 4381 quemdam
2467 4320 2820 4388 ascendisset,
2844 4326 3281 4399 animabatquod
3306 4349 3590 4405 supererat

350 4383 449 4434 γος
487 4372 901 4442 συνιστάμενον,
935 4375 1235 4450 διαρρήδην
1278 4382 1416 4451 βοῶν
1445 4383 1720 4458 Βασιλάκη
1776 4384 1915 4442 εἷναι

347 4472 450 4528 την
474 4462 631 4533 νίκην
660 4466 752 4517 καὶ
779 4466 877 4536 τὴν
905 4470 1139 4539 ἡμέραν.
1187 4474 1249 4525 Ὀ
1281 4475 1611 4545 θεασάμενος
1640 4479 1915 4544 Βασίλειος

346 4554 375 4602 ὁ
417 4553 749 4624 Κουρτίκης.
798 4561 937 4633 ἀνὴρ
959 4562 1227 4617 Μακεδὼν
1246 4565 1357 4618 τῶν
1385 4568 1479 4620 τοῦ
1514 4569 1802 4640 Βρυεννίου
1829 4576 1911 4626 ol-

346 4642 533 4707 κείων,
571 4646 663 4697 τὸν
712 4647 876 4700 ἵππον
902 4651 1099 4716 ἐλάσας
1138 4655 1314 4709 ἄνεισι
1338 4659 1475 4728 πρὸς
1499 4661 1559 4713 τὸ
1592 4662 1773 4733 λόφον.
1802 4666 1908 4717 Κά-

346 4737 528 4785 κείνου
562 4738 661 4805 τὴν
705 4739 920 4806 σπάθην
980 4743 1306 4809 ἐλκύσαντος
1362 4748 1484 4801 κατ’
1532 4751 1720 4819 αὐτοῦ,
1755 4749 1909 4818 οὗτος

344 4826 556 4878 ἐκεῖνον
573 4831 639 4898 τῇ
669 4829 852 4900 ῥάϐδῳ
881 4834 1030 4887 παίει
1058 4838 1197 4890 κατά
1224 4839 1320 4908 τῆς
1348 4841 1576 4912 κόρυθος
1605 4844 1701 4897 καὶ
1749 4846 1909 4909 εὐθὺς

343 4915 677 4969 καταϐάλλει
720 4920 814 4971 τοῦ
868 4921 1035 4975 ἵππου
1100 4926 1196 4979 καὶ
1224 4927 1509 5000 δεσμώτην
1535 4928 1738 5000 ἀπάγει
1776 4935 1909 5004 πρὸς

337 5004 431 5056 τὸν
460 5004 777 5073 δομέστικον
820 5010 929 5064 τῶν
976 5015 1181 5081 σχολῶν
1213 5018 1306 5072 τὸν
1335 5023 1580 5085 γενναῖον
1640 5023 1898 5087 Ἀλέξων.

338 5088 417 5148 0³5
436 5096 728 5166 γενομένου
754 5101 849 5153 καὶ
873 5105 906 5172 ή
936 5104 1147 5173 φάλαγξ
1170 5109 1491 5177 ἐπιφανεῖσα
1509 5113 1603 5165 τοῦ
1624 5116 1907 5185 Κομνηνοῦ

339 5189 397 5239 τὸ
430 5189 511 5242 ἐτι
532 5191 662 5273 περὶ
684 5193 776 5246 τὸν
806 5194 1111 5269 Βασιλάκην
1139 5204 1525 5271 συνιστάμενον
1549 5213 1738 5275 φυγεῖν
1766 5227 1907 5279 παρ-

335 5266 628 5335 εσκεύασε.
670 5284 822 5338 Καὶδ
856 5286 955 5355 μὲν
980 5266 1177 5358 ἔφευγε
1232 5293 1330 5364 τὴν
1360 5266 1514 5350 πόλιν
1543 5266 1786 5353 σπεύδων
1810 5266 1907 5353 κα-

333 5371 609 5440 ταλαϐετν,
654 5378 684 5428 δ
729 5380 1012 5450 Κομνηνδς
1045 5382 1099 5434 δὲ
1156 5387 1397 5441 ἐδίωκεν.
1437 5390 1677 5457 Είκότως
1715 5393 1808 5448 οὖν
1838 5398 1906 5451 ἄν

398 5562 413 5579 ⁹
445 5563 632 5619 ἰδίους.
676 5563 884 5615 indicati
929 5565 1177 5627 lacunam,
1242 5586 1516 5634 quanquam
1581 5578 1782 5630 fortasse
1840 5580 1907 5630 nil

664 5656 928 5714 l’nrnon.
973 5658 1087 5714 Gtt.
1137 5658 1437 5722 CXXV“.

2023 4402 2309 4474 phalangis
2332 4444 2347 4467 ,
2388 4405 2533 4463 clare
2562 4410 2867 4469 vociferans
2898 4414 3159 4473 Basilacis
3186 4419 3329 4475 diem
3354 4402 3499 4479 illam
3534 4435 3589 4481 et

2022 4493 2303 4548 victoriam
2337 4510 2481 4551 esse.
2517 4497 2671 4555 Hunc
2703 4505 3051 4571 conspicatus
3093 4503 3325 4563 Basilius
3362 4514 3585 4581 quidam

2018 4583 2285 4652 Curlices,
2319 4589 2401 4642 vir
2427 4589 2651 4649 Macedo
2679 4608 2711 4647 e
2740 4593 2993 4663 Bryennii
3025 4596 3410 4665 familiaribus,
3438 4621 3582 4675 equo

2019 4676 2242 4731 incitato
2284 4682 2602 4737 conscendit
2647 4683 2714 4736 ad
2768 4700 2892 4740 eum
2935 4687 2990 4740 in
3032 4690 3304 4746 tumulum
3355 4709 3369 4745 :
3413 4705 3467 4748 et
3494 4697 3587 4749 illo

2015 4777 2198 4817 ensem
2240 4766 2292 4819 in
2334 4765 2480 4820 hunc
2512 4769 2831 4839 stringente,
2865 4771 2974 4835 hic,
3012 4774 3176 4829 clava:
3201 4778 3308 4831 ictu
3348 4777 3403 4834 in
3442 4780 3586 4836 illius

2014 4854 2222 4919 galeam
2260 4869 2496 4924 superne
2521 4856 2764 4923 incusso,
2798 4860 2992 4926 dejecit
3024 4878 3090 4917 ex
3129 4878 3272 4936 equo
3311 4871 3487 4926 virum
3529 4885 3584 4929 et

2013 4946 2285 5011 captivum
2336 4949 2400 5001 ad
2458 4949 2816 5007 domesticum
2870 4953 3184 5011 scholarum
3242 4974 3570 5027 generosum

2017 5032 2263 5089 Alesium
2293 5035 2478 5102 duxit;
2506 5053 2614 5106 quo
2639 5039 2783 5094 facto
2813 5056 2935 5095 cum
2964 5042 3076 5112 jam
3110 5047 3340 5113 phalanx
3365 5066 3581 5122 quoque

2016 5135 2302 5193 appareret
2338 5128 2511 5181 Alexii
2534 5168 2549 5193 ,
2584 5130 2847 5199 quidquid
2884 5132 3029 5186 cirra
3064 5132 3363 5191 Basilacem
3400 5143 3580 5196 stabat

2015 5218 2225 5278 adhuc,
2268 5226 2472 5273 terrore
2510 5234 2759 5275 aversum
2800 5223 2852 5275 in
2888 5222 3073 5293 fugam
3108 5234 3210 5281 est.
3245 5227 3396 5294 Quos
3436 5232 3579 5288 inter

2014 5306 2128 5376 ipse
2174 5307 2445 5365 Basilaees
2486 5326 2649 5366 cursu
2698 5315 2935 5371 maximo
2984 5320 3256 5387 repetebat
3303 5322 3574 5380 civitatem

2013 5401 2156 5455 unde
2200 5402 2494 5472 prodierat,
2535 5413 2753 5463 strenue
2802 5423 3161 5481 persequente
3210 5413 3422 5470 Alexio.
3469 5416 3570 5471 Cui

1970 5582 2158 5633 excidit
2189 5584 2280 5634 nisi
2310 5585 2369 5644 ἦν
2415 5595 2521 5649 post
2562 5589 2883 5655 ὑποστρέφων.
2919 5592 3086 5643 Editur
3113 5596 3387 5647 Bonitemia.

3138 5688 3175 5744 Ἰ
