4080 6206
441 277 552 337 253

1651 269 2072 331 NICEPIIORI
2114 268 2487 329 BRYENNII

3607 257 3712 320 Ξοι

445 384 755 454 spectaculo
788 398 894 435 non
937 381 1210 436 immerito
1238 383 1361 451 quis
1393 383 1657 453 aptat'crit
1680 381 2025 436 Homericum

2138 401 2217 447 τις
2259 381 2538 435 κάνταῦθα
2601 380 2661 433 τὸ
2704 378 2831 441 ἔπος
2893 379 3150 449 ἁρμόσειε
3195 376 3257 428 τὸ
3320 374 3634 446 Ὀμηρικδν,
3686 372 3718 425 δ

452 479 580 529 illul
617 478 683 529 tle
714 475 919 528 Achille
951 476 1212 544 scriptum
1245 486 1297 529 et
1327 474 1557 530 llcctore
1592 494 1603 529 :

457 593 613 663 155
646 594 778 647 Ante
798 592 935 663 fugit
959 593 1135 662 fortis.
1161 610 1310 662 quem
1345 612 1374 646 a
1405 603 1546 664 tergo
1576 595 1768 664 fortior
1789 606 1957 665 urget.

447 766 573 818 Erat
596 767 735 819 cnim
769 781 886 817 vcre
911 764 1133 818 Alexitts
1158 776 1211 819 et
1239 782 1401 820 manu
1442 764 1598 821 fortis
1637 775 1691 821 et
1728 765 1933 825 animo.
1965 782 2028 818 ex

447 859 717 912 nobilibus
738 867 891 912 ortus
924 868 976 910 et
1008 858 1059 911 in
1093 858 1259 912 altutn
1289 861 1496 927 apicem
1541 859 1725 928 gloria:
1772 855 2029 911 facinori-

445 951 546 1002 htts
579 949 811 1003 heroicis
841 950 1033 1001 elatus.

519 1040 608 1092 Ἦ.
643 1040 909 1095 Caeterum
947 1039 1081 1092 urbe
1112 1039 1436 1093 conclusum
1471 1037 1765 1094 Basilacem
1798 1040 2030 1093 circum-

447 1133 630 1185 sitiens
686 1148 810 1185 cum
877 1134 1119 1185 exercitu
1182 1132 1406 1184 Alexius
1462 1146 1683 1185 scrvare
1744 1131 2019 1200 cupiebat.

444 1226 623 1287 Quare
660 1223 723 1276 ad
757 1224 931 1292 ipsum
975 1223 1120 1276 misit
1147 1222 1239 1291 qui
1275 1224 1529 1276 suaderet
1566 1234 1622 1275 ut
1658 1222 1761 1276 fide
1799 1234 2025 1292 accepta

446 1316 577 1367 nihil
623 1316 746 1367 mali
804 1333 861 1368 se
909 1329 1220 1381 passurum,
1271 1328 1332 1368 se
1369 1330 1431 1367 ac
1465 1314 1739 1367 civitatem
1783 1313 2024 1367 dederet.

446 1404 689 1459 Flllltfllls
721 1408 821 1459 ista
861 1407 1127 1475 legatione
1146 1417 1230 1460 est
1258 1407 1338 1459 vir
1370 1406 1548 1460 bonus
1577 1415 1631 1459 et
1660 1415 1910 1468 ornatus,
1941 1420 2026 1458 re-

444 1498 650 1566 ligiosm
680 1500 799 1551 vitae
824 1498 1100 1565 professor
1123 1498 1375 1562 celebris,
1404 1498 1692 1568 pra-fectus
1716 1497 2027 1551 monasterii

445 1588 823 1657 Xenophontis
856 1589 907 1641 in
938 1588 1083 1642 Atho
1108 1597 1312 1651 monte,
1353 1589 1443 1643 ille
1472 1589 1711 1658 optimus
1740 1604 1803 1643 ac
1833 1588 2026 1642 lauda-

446 1681 690 1733 tissimus
725 1681 985 1750 Symeon,
1022 1682 1116 1750 qui
1156 1690 1358 1743 tamen,
1383 1696 1505 1734 cum
1540 1681 1828 1750 allegasset
1859 1680 2026 1733 multa

447 1769 697 1830 llasilaei,
732 1770 864 1822 nihil
902 1768 1153 1839 profecit.
1199 1767 1437 1824 Felicius
1471 1770 1726 1823 tractavit
1755 1785 1881 1823 cum
1921 1769 2029 1823 Ba-

450 1860 633 1914 silacis
665 1860 928 1915 militibus
982 1868 1033 1913 et
1065 1861 1217 1915 urbis
1252 1861 1465 1914 civibus
1515 1861 1761 1916 Alexius.
1791 1859 1857 1914 Ili
1890 1861 2034 1915 enim

446 1950 546 2019 ipsi
570 1951 844 2004 civitatem
871 1950 1232 2013 tradiderunt,
1257 1950 1498 2005 Basilace
1524 1952 1577 2004 in
1597 1966 1778 2005 arcem
1799 1950 2037 2020 fugiente

445 2059 508 2098 ac
564 2044 634 2097 ibi
692 2043 967 2098 obstinate
1024 2044 1333 2107 resistente,
1389 2043 1569 2112 quoatl
1632 2044 1724 2113 qui
1784 2058 1911 2097 cum
1970 2058 2036 2097 eo

443 2145 619 2200 erant,
648 2137 807 2191 malis
839 2137 1039 2199 coacti,
1072 2137 1315 2190 vinctum
1350 2137 1527 2206 ipsmn
1557 2136 1840 2191 Comneuo
1864 2137 2029 2190 tradi-

447 2230 665 2281 derunt.
698 2228 815 2293 Quo
846 2227 989 2281 facto
1017 2228 1299 2297 ingressus
1327 2230 1513 2281 urbem
1544 2227 1765 2281 Alexius
1804 2229 2028 2281 multam

452 2317 714 2370 Basilacis
739 2318 1029 2386 pecuniam
1060 2318 1235 2370 victor
1255 2318 1559 2384 occupavit.
1586 2315 1712 2370 Inde
1736 2318 1944 2371 nuntiis
1966 2318 2031 2371 ad

448 2412 828 2478 imperatorem
860 2409 1064 2470 missis,
1101 2408 1192 2476 qui
1229 2407 1525 2461 Basilacem
1561 2418 1780 2476 captum
1814 2412 2035 2463 nuutia—

450 2513 591 2564 rent,
624 2502 738 2569 ipse
767 2500 967 2552 mansit
991 2500 1041 2551 in
1070 2501 1287 2552 civitate
1313 2498 1505 2551 diebus
1536 2498 1766 2566 aliquot,
1797 2514 2034 2568 moxque

452 2594 616 2645 rebus
652 2594 759 2643 illic
787 2591 1121 2657 constitutis,
1156 2590 1450 2660 splendidis
1481 2589 1664 2646 clarus
1704 2591 1919 2661 tropais
1944 2607 2032 2647 re-

456 2699 647 2738 VCI‘SHS
672 2691 777 2737 οδι.

529 2864 621 2918 23.
656 2861 750 2917 Ηαξ
786 2862 957 2917 Alexii
985 2878 1068 2915 res
1092 2871 1253 2930 gesta:
1282 2860 1438 2915 facile
1467 2862 1843 2918 demonstrant
1868 2879 2031 2934 quam

453 2975 642 3028 parum
692 2957 963 3011 fithlltllllll
1012 2956 1245 3011 fortuna:
1286 2957 1377 3022 sit,
1427 2956 1648 3025 quando
1686 2974 1747 3011 ea
1795 2960 2032 3013 maxime

2141 476 2265 545 περὶ
2302 474 2591 543 Ἀχιλλέως
2623 473 2829 534 ἐκεῖνος
2859 472 2952 523 καὶ
2984 470 3244 539 ’Έκτορος
3274 467 3461 539 ἔφησε,
3490 466 3575 527 τὸ,

2150 588 2383 655 Πρόσθε
2432 586 2548 657 μὲν
2600 584 2823 650 ἐσθλὸς
2868 582 3105 652 ἔφευγε,
3151 580 3328 657 δίωκε
3351 579 3418 657 δέ
3448 596 3556 649 μιν
3583 577 3717 649 μέγ.

3233 650 3535 722 [ἀμείνων.

2134 765 2221 839 [Ρ.
2251 764 2376 838 102]
2426 766 2536 819 Καὶ
2562 763 2670 835 γὰρ
2686 758 2755 834 ἧν
2791 763 2996 824 ἐκεῖνος
3026 760 3270 828 γενναῖος
3298 758 3440 812 κατὰ
3468 759 3629 829 χεῖρά
3653 776 3712 813 τε

2132 860 2225 912 καὶ
2263 857 2405 911 κατὰ
2430 857 2606 927 ψυχήν
2636 872 2650 885 ·
2683 855 2776 908 καὶ
2805 853 2914 925 γάρ
2946 853 3005 920 ἐξ
3047 850 3282 920 εὐγενῶν
3329 850 3431 920 φὺς
3460 852 3539 914 εἰς
3573 850 3715 922 μέγα

2134 949 2286 1012 κλέος
2310 947 2453 1019 ῆρθη
2486 948 2605 1009 ταῖς
2634 942 3045 1015 ἀνδραγαθίαις.

2202 1037 2303 1104 κζ’.
2338 1037 2771 1107 Συγκλεισθέντα
2797 1035 2855 1089 δὲ
2881 1034 3069 1088 τοῦτον
3098 1036 3164 1107 τῇ
3224 1033 3377 1087 πόλει
3415 1035 3443 1087 ὁ
3492 1035 3713 1106 Κομνη-

2130 1133 2218 1197 νὸς
2260 1130 2497 1195 Ἀλέξιος
2523 1128 2629 1194 ἔξω
2662 1126 3129 1198 στρατοπεδεύσας
3175 1126 3269 1179 καὶ
3309 1124 3593 1191 διασώζειν
3623 1128 3713 1180 τδν

2131 1226 2300 1294 ἄνδρα
2330 1223 2553 1288 ἐθέλων,
2577 1220 2878 1293 ὲπρέσῦευε
2912 1220 3045 1288 πρδς
3070 1218 3252 1284 αὑτὸν,
3279 1217 3420 1271 ὥστε
3451 1220 3519 1271 τὰ
3548 1222 3713 1273 πιστὰ

2130 1316 2363 1368 λαϐόντα
2392 1314 2486 1367 τοῦ
2526 1314 2691 1385 μηδέν
2718 1330 2769 1365 τι
2818 1312 3042 1381 ἀνιαρὸν
3066 1310 3352 1363 πείσεσθαι
3383 1311 3712 1382 ἐγχειρίζειν

2130 1406 2277 1476 αύτῴ
2307 1408 2398 1459 καὶ
2428 1405 2621 1459 ἑαυτὸν
2668 1405 2761 1457 καὶ
2803 1405 2902 1474 τὴν
2958 1402 3135 1456 πόλιν.
3185 1404 3247 1455 '0
3283 1402 3339 1455 δὲ
3394 1401 3714 1472 πρεσϐεύων

2129 1498 2197 1571 ἦν
2220 1503 2359 1571 ἀνὴρ
2391 1499 2593 1569 ἁγαθός
2632 1517 2690 1552 τε
2723 1499 2818 1553 καὶ
2843 1500 3091 1568 κόσμιος,
3127 1498 3451 1566 ἀσκητικοῖς
3477 1497 3713 1567 διαλάμ-

2131 1611 2231 1645 πον
2285 1589 2724 1660 κατορθώμασιν.
2781 1585 2889 1646 Ἦν
2929 1589 2985 1641 δὲ
3017 1591 3044 1641 ὁ
3085 1587 3494 1658 καθηγούμενος
3518 1587 3626 1639 τῶν
3657 1589 3715 1638 ἐν

2132 1687 2198 1754 τῇ
2230 1684 2379 1735 “Alite
2409 1682 2501 1734 τού
2543 1680 2887 1750 Ξενοφῶντος
2926 1681 3060 1750 μονῇ
3092 1678 3344 1749 μοναχῶν
3407 1676 3632 1749 Συμεὼν
3685 1684 3714 1730 ὁ

2137 1773 2471 1844 πανάριστος
2503 1787 2517 1801 ο
2547 1770 2605 1835 ὃς
2635 1770 2807 1823 πολλὰ
2850 1769 3240 1840 παρακαλέσας
3288 1768 3380 1822 τὸν
3404 1767 3715 1838 Βασιλάκην

2136 1866 2237 1917 οὐκ
2269 1865 2507 1917 ἔπεισεν.
2541 1861 2859 1933 Ἀρξαμένῳ
2890 1860 2981 1914 ιῦν
3010 1862 3108 1932 ἤδη
3139 1860 3215 1930 τῷ
3243 1860 3515 1930 Κομνηνῷ
3545 1877 3717 1929 προσ-

2137 1959 2337 2028 χωρεῖν
2379 1956 2518 2027 μετὰ
2576 1956 2685 2008 τῶν
2745 1954 2839 2020 ξὺν
2879 1954 2958 2023 τῷ
3035 1953 3315 2027 Βασιλάκῃ
3367 1954 3714 2024 στρατιωτῶν

2137 2049 2231 2099 καὶ
2260 2044 2371 2098 τῶν
2426 2044 2662 2097 πολιτῶν
2721 2044 2822 2114 τὴν
2866 2043 3023 2096 πόλιν
3064 2043 3487 2113 ἐγχειρισάντων
3542 2042 3713 2108 αὐτῷ,

2137 2137 2343 2199 ὲκεῖιος
2386 2134 2579 2204 ἔμενεν
2612 2134 2693 2187 ἔτι
2740 2133 2959 2205 κρατῶν
3018 2135 3116 2204 τὴν
3162 2132 3477 2205 ἀκρόπολιν,
3509 2132 3612 2196 ἕως
3665 2135 3714 2184 οἱ

2139 2228 2271 2299 περὶ
2313 2226 2478 2280 αὑτὸν
2533 2225 2851 2296 βιασθέντες
2904 2225 3262 2288 συλλαϐόντες
3321 2225 3399 2295 τῷ
3442 2225 3715 2294 Κομνηνῴ

2136 2319 2497 2388 ἐνεχείρισαν.
2528 2317 2798 2371 Εἰσελθὼν
2821 2312 2915 2371 οὖν
2954 2318 3012 2370 ἐν
3037 2318 3104 2387 τῇ
3137 2315 3289 2369 πόλει
3327 2314 3543 2368 πολλῶν
3577 2332 3711 2385 χρη-

2139 2412 2325 2480 μάτων
2355 2411 2563 2463 ἐκείνου
2594 2411 2786 2479 γέγονε
2834 2411 3047 2483 κύριο;.
3099 2410 3394 2478 Ἀγγέλους
3449 2406 3543 2464 οὖν
3577 2413 3713 2480 πρὸς

2136 2504 2228 2555 τὸν
2261 2502 2485 2572 βασιλέα
2519 2503 2745 2572 πέμψας
2785 2502 2885 2574 τὴν
2930 2503 3025 2555 τοῦ
3076 2501 3355 2574 Βασιλάκη
3412 2503 3716 2571 μηνύοντας

2137 2593 2360 2657 ἅλωσιν,
2401 2593 2563 2655 αὐτὸς
2585 2594 2781 2663 ἔμενεν
2808 2596 2866 2647 έν
2890 2596 2956 2665 τῇ
2988 2594 3142 2647 πόλει
3169 2593 3384 2665 ἡμέρας
3410 2594 3588 2661 τινας,
3624 2598 3716 2646 καὶ

2135 2686 2203 2738 τά
2234 2686 2292 2737 ὲν
2322 2685 2459 2755 αὐτῇ
2483 2686 3094 2756 καταστήσαςὲπάνεισι
3127 2686 3266 2760 μετὰ
3286 2686 3556 2758 λαμπρῶν
3581 2703 3710 2758 τροο

2136 2776 2330 2829 παίων.

2206 2874 2313 2938 κη’.
2354 2868 2594 2933 Ἐδειξεν
2630 2864 2723 2923 οὖν
2755 2871 2850 2924 καὶ
2876 2871 2944 2924 τά
2983 2874 3114 2943 παρ’
3140 2872 3351 2926 ἐκείνου
3397 2871 3712 2944 πραχθέντα

2133 2959 2209 3023 ῶς
2234 2960 2343 3031 χρὴ
2377 2960 2452 3031 μὴ
2482 2961 2625 3014 πάνυ
2674 2979 2726 3015 τι
2757 2962 3035 3014 πιστεύειν
3072 2965 3141 3034 τῇ
3169 2963 3308 3034 τύχῃ
3338 2964 3431 3015 καὶ
3484 2963 3722 3031 μάλιστα

455 3050 750 3104 blanditur.
785 3048 1050 3102 Praeterea
1076 3064 1240 3118 quam
1275 3057 1419 3102 recte
1452 3048 1650 3101 dixerit
1680 3048 1841 3119 156
1867 3048 2027 3102 Euri-

2138 3055 2192 3105 έν
2243 3057 2365 3117 ταῖς
2414 3054 2760 3125 εὐπραγίαις.
2791 3055 2903 3107 Καὶ
2965 3056 3072 3125 μὴν
3113 3058 3206 3108 κα)⁸
3254 3057 3314 3109 τὸ
3365 3058 3490 3124 παρ’
3551 3056 3719 3125 [Sept-

454 3146 607 3215 pidcs
656 3160 671 3197 :
721 3139 871 3196 Mena
918 3158 1023 3195 una
1068 3142 1275 3210 sapiens
1315 3140 1574 3209 plurimas
1618 3143 1776 3194 vincit
1821 3158 2032 3196 manus.

455 3237 625 3302 Cujus
669 3234 954 3290 Sententia:
989 3249 1097 3288 non
1134 3232 1237 3285 alia
1272 3231 1542 3286 etlicacior
1577 3250 1740 3302 quam
1775 3249 1841 3287 ex
1878 3233 2033 3288 hisce

454 3328 625 3381 Alt-xii
667 3327 927 3397 operibus
964 3324 1342 3396 comprobatio
1386 3334 1501 3391 est;
1551 3324 1821 3394 siquidem
1871 3326 1925 3379 in
1967 3325 2033 3380 iis

455 3422 699 3473 cernitur
729 3433 897 3473 unum
934 3416 1207 3471 hominem
1242 3431 1348 3470 una
1380 3423 1560 3470 tuente
1592 3415 1826 3485 sapienti
1857 3418 2036 3470 cousi-

455 3512 529 3565 lio
555 3511 801 3580 praedita,
819 3508 1119 3562 acerrimos
1140 3516 1193 3562 et
1218 3508 1641 3576 gloriosissimos
1665 3505 2032 3559 Romanorum

455 3605 625 3656 duces
646 3599 960 3653 fortissimis
980 3611 1033 3652 et
1052 3599 1517 3653 numerosissimis
1541 3600 1849 3653 succinctos
1863 3599 2036 3666 copiis

458 3690 784 3746 brevissimo
835 3699 1078 3758 tempore
1122 3689 1426 3743 debellasse
1463 3689 1870 3757 collapsamque
1914 3702 2035 3741 om-

461 3784 610 3837 nium
645 3779 991 3835 confessione
1021 3793 1135 3833 rem
1171 3779 1441 3849 publicam
1476 3789 1529 3833 et
1555 3779 1796 3848 dejectos
1822 3779 2037 3835 animos

464 3870 695 3923 militum
727 3881 910 3938 partes
941 3868 1287 3937 imperatoris
1312 3868 1659 3936 sequentium
1689 3870 1959 3924 excitasse
1983 3861 2075 3922 in‘

460 3963 654 4017 melius
691 3972 853 4031 atque
898 3961 1158 4016 erexisse.
1206 3960 1435 4014 Basilaei
1477 3975 1661 4029 porro,
1693 3971 1752 4014 ut
1779 3962 2035 4025 diximus,

461 4063 617 4123 capto
640 4061 1001 4108 occurrerunt
1026 4052 1244 4122 quidam
1273 4051 1343 4105 ab
1371 4052 1695 4120 imperatore
1725 4052 1873 4106 missi
1902 4052 2040 4106 inter

462 4144 744 4212 Philippos
773 4152 828 4195 et
850 4141 1240 4210 Amphipolim.
1273 4139 1337 4194 Ili
1369 4157 1491 4197 cum
1524 4139 1805 4199 Comueno
1830 4141 2038 4196 litteras

463 4239 531 4290 ab
570 4238 895 4305 imperatore
926 4234 1326 4297 reddidissent,
1360 4243 1647 4303 acceptum
1678 4235 1747 4289 ab
1776 4249 1845 4289 eo
1881 4243 1940 4289 ut
1971 4235 2037 4289 iis

464 4326 915 4396 praescribebatur
952 4323 1252 4380 Basilacem
1293 4338 1543 4379 seorsum
1585 4324 1937 4380 abduxerunt
1968 4326 2035 4379 ad

2135 3146 2265 3218 πίδῃ
2290 3146 2470 3210 καλῶς
2496 3147 2747 3218 είρῆσθαι
2774 3146 2937 3213 δοκῶ,
2953 3146 3029 3209 ῶς
3057 3146 3168 3200 Ἕν
3194 3147 3389 3215 σοφὸν
3404 3148 3723 3213 ,βούλευμα

2134 3239 2237 3301 τὰς
2272 3238 2510 3303 πολλὰς
2536 3236 2718 3307 χέρας
2735 3235 2895 3305 νικᾷ,
2925 3238 3049 3291 τότε
3081 3237 3148 3290 δι’
3171 3238 3351 3291 αὐτῶν
3375 3238 3484 3291 τῶν
3504 3240 3720 3291 ἐκείνου

2137 3329 2314 3398 ἔργων
2356 3330 2455 3400 τὴν
2481 3330 2664 3383 πίστιν
2711 3331 2956 3400 εἴληφεν.
2995 3325 3089 3395 Εἷς
3127 3331 3232 3401 μὲν
3284 3330 3571 3400 ἄνθρωπος
3626 3334 3723 3386 καὶ

2140 3419 2240 3487 μία
2264 3419 2458 3490 γνώμη
2514 3418 2635 3481 τοὺς
2660 3418 2998 3481 δεινοτάτους
3036 3418 3146 3473 τῶν
3201 3418 3526 3489 στρατηγῶν
3586 3419 3723 3471 Ἰδω-

2141 3513 2317 3581 μαίων
2367 3516 2448 3577 είς
2500 3512 2645 3584 μέγα
2678 3513 2835 3576 κλέος
2874 3511 3139 3582 ἁρθέντας
3171 3514 3263 3565 καὶ
3294 3511 3363 3564 τά
3388 3512 3721 3582 μυριόλεκτα

2143 3607 2323 3675 πλήθη
2356 3606 2466 3659 τῶν
2488 3604 2913 3677 στρατευμάτων
2947 3606 3004 3656 ὲν
3029 3603 3221 3674 βραχεῖ
3268 3604 3484 3657 καθεῖλε
3512 3603 3712 3675 καιρῷ.

2140 3698 2198 3750 τὸ
2227 3697 2284 3749 δὲ
2320 3697 2613 3767 προφανῶς
2647 3695 2934 3760 πεπτωκὸς⁸
2959 3690 3259 3766 πολίτευμα
3286 3696 3383 3749 καὶ
3428 3696 3527 3760 τὰς
3557 3698 3718 3749 ἀπει-

2147 3787 2381 3858 ρηκυίας
2408 3787 2589 3857 ψυχὰς
2640 3788 2749 3841 τῶν
2780 3789 2874 3841 ἐπὶ
2914 3786 3262 3857 τὸνβασιλέα
3312 3787 3591 3857 δυνάμεων
3628 3788 3723 3840 ἐπὶ

2139 3875 2200 3926 τὸ
2235 3877 2482 3944 κρεῖττον
2509 3876 2683 3945 ἧγαγε
2714 3879 2806 3928 καὶ
2835 3875 3110 3944 ἀνύψωσε.
3141 3876 3245 3929 Τὸν
3272 3876 3372 3946 μὲν
3414 3875 3509 3929 οὖν
3556 3877 3724 3930 Βασι-

2140 3962 2313 4033 λάκην
2349 3963 2694 4033 πεμφθέντες
2745 3964 2882 4034 πρὸς
2935 3964 3197 4035 βατιλέως
3229 3965 3373 4030 τινὲς
3418 3966 3724 4020 ουναντῶσι

2144 4054 2347 4125 μεταξὺ
2380 4055 2662 4108 Φιλίππων
2697 4057 2790 4108 καὶ
2824 4057 3226 4126 ’Δμφιπόλεως,
3258 4061 3352 4111 καὶ
3378 4057 3447 4111 τά
3466 4059 3531 4112 ὲκ
3561 4058 3721 4129 βασι-

2141 4146 2276 4211 λέως
2306 4148 2395 4218 ίτῷ
2423 4148 2703 4220 Κομνηνῷ
2749 4151 3087 4220 χειρίσαντες
3124 4152 3451 4222 γράμματα,
3482 4154 3611 4224 περί
3666 4171 3722 4206 τι

2141 4240 2339 4309 χωρίον
2351 4240 2732 4309 ἀπαγαγόντες
2756 4242 3064 4311 (Χεμπίναν
3076 4244 3249 4312 τούτῳ
3270 4244 3329 4297 τὸ
3349 4244 3544 4315 ὄνομα)
3565 4238 3723 4315 ᾧπερ

2143 4333 2236 4385 καὶ
2260 4332 2411 4403 πηγὴ
2440 4333 2745 4387 ἀναδίδοται
2772 4333 2995 4405 διειδὴς,
3024 4335 3151 4398 τοὺς
3181 4334 3495 4405 ὀφθαλμοὺς
3550 4336 3722 4388 αὐτοῦ

468 4421 646 4472 vicum
684 4417 972 4487 quemdam
1003 4415 1357 4485 Chempinam
1390 4415 1595 4470 dictum
1620 4455 1634 4478 .
1670 4417 1726 4470 in
1762 4431 1867 4483 quo
1911 4431 2034 4486 pcr-

2141 4423 2498 4492 διορύττουσι,
2528 4424 2623 4477 καὶ
2652 4425 2685 4494 ἡ
2720 4424 2872 4496 πηγὴ
2904 4425 3088 4479 ἔκτοτε
3136 4426 3434 4480 Βασιλακία
3455 4426 3725 4496 πηγάδιον

466 4509 639 4580 spicui
676 4510 840 4563 fontis
872 4509 1143 4576 scaturigo
1178 4516 1284 4563 est.
1317 4507 1391 4561 lbi
1424 4508 1472 4562 ei
1505 4509 1695 4562 oculos
1722 4507 1988 4562 eﬂodiunt
2021 4526 2036 4563 :

464 4618 528 4656 ex
576 4616 681 4670 qua
726 4601 912 4654 miseri
948 4598 1253 4653 calamitate
1286 4596 1410 4653 fons
1455 4598 1525 4652 ibi
1566 4599 1748 4653 oriens
1785 4598 2040 4667 deinceps

468 4693 712 4746 Basilacii
746 4692 1001 4759 adjuncto
1032 4688 1253 4743 nomine
1285 4688 1575 4758 insignitus
1606 4700 1707 4744 est.
1736 4689 2036 4759 Appulsum

466 4804 594 4842 vero
617 4781 1143 4851 Constantinopolim
1181 4780 1517 4836 Comnenum
1549 4781 1845 4851 imperator
1875 4783 2045 4836 hono-

468 4877 866 4931 rilicentissime
888 4874 1101 4941 excepit
1124 4887 1189 4927 ac
1212 4872 1413 4928 sebasti
1441 4871 1702 4941 dignitate
1724 4874 2042 4928 decoratum

469 4966 629 5019 dontis
660 4972 716 5017 et
748 4962 1190 5033 possessionibus
1220 4960 1373 5015 auxit
1409 4960 1827 5029 perliberaliter.

542 5055 632 5110 29.
663 5054 845 5110 Rediit
871 5053 1061 5109 eodem
1093 5064 1334 5121 tempore
1360 5050 1651 5105 Antiochia
1683 5050 1849 5107 frater
1881 5050 2045 5121 hujus

470 5151 710 5207 lsaacius
763 5148 1110 5212 Comnenus,
1159 5144 1253 5214 qui
1301 5144 1646 5212 imperatoris
1689 5144 2039 5211 simplicitate

469 5246 706 5314 cognita,
744 5239 1022 5294 mittendis
1058 5237 1259 5305 srepius
1290 5235 1356 5289 ad
1389 5248 1515 5289 eum
1550 5234 1868 5288 muneribus
1899 5250 2036 5304 pan-

470 5347 662 5386 norum
704 5339 757 5383 et
795 5339 825 5382 ιι
848 5330 1021 5380 larum
1061 5326 1113 5380 in
1156 5324 1311 5395 Syria
1349 5333 1641 5387 testarum,
1682 5333 1882 5377 tantam
1920 5328 2063 5395 ejus.

454 5426 694 5494 gratiam
738 5421 791 5473 in
824 5436 882 5474 se
920 5427 1248 5480 attraxerat,
1299 5414 1452 5484 157
1495 5426 1551 5469 ut
1589 5428 1641 5469 et
1671 5416 1855 5470 multis
1882 5419 1949 5470 ab
1978 5436 2041 5470 eo

532 5620 550 5639 '
585 5614 737 5674 Iliad,
774 5618 877 5675 ΚΒ,
905 5617 1084 5665 v.158.

2146 4518 2494 4587 ὀνομάζεται.
2531 4519 2635 4571 Τὸν
2678 4519 2735 4571 δε
2767 4520 3055 4590 Κομνηνὸν
3086 4524 3214 4592 περὶ
3244 4522 3344 4591 τὴν
3375 4522 3727 4573 Κωνσταντι-

2147 4610 2398 4665 νούπολιν
2454 4610 2747 4677 γενόμενον
2792 4611 2821 4662 ὁ
2857 4611 3109 4680 βασιλεὺς
3162 4612 3395 4681 ἐντίμως
3429 4611 3726 4680 δεξάμενος

2150 4699 2411 4754 σεὸαστδν
2434 4701 2697 4771 τετίμηκε
2727 4702 2822 4756 καὶ
2842 4702 3053 4756 πολλῶν
3075 4703 3322 4773 κτήσεων
3343 4702 3566 4773 δωρεαῖς
3597 4705 3723 4772 ἐφι-

2147 4793 2380 4864 λοφρονή
2389 4808 2536 4847 σατο.

2211 5055 2298 5128 [Ρ.
2337 5056 2460 5130 10⁸5]
2486 5056 2589 5112 κθ’.
2616 5059 2705 5113 Ἐν
2727 5058 2901 5130 τούτῳ
2921 5059 2964 5112 δ’
2998 5061 3272 5130 ἐπανῆκεν
3294 5059 3357 5114 ἐκ
3379 5059 3480 5130 τῆς
3529 5059 3726 5113 Ἀντιο-

2147 5151 2288 5216 χέων
2315 5152 2456 5202 καὶὸ
2482 5149 2673 5202 τούτου
2736 5150 2991 5219 ὁμαίμων
3046 5152 3074 5203 δ
3107 5151 3390 5219 Κομνηνὸς
3433 5148 3724 5214 Ἰσαάκιος.

2147 5238 2203 5301 ὃς
2232 5238 2328 5309 τὴν
2361 5239 2624 5308 βασιλέως
2656 5242 2935 5311 ἁπλότητα
2964 5240 3216 5309 διαγνοὺς
3251 5242 3344 5293 καὶ
3384 5240 3462 5304 ὡς
3491 5241 3655 5310 χάριν
3687 5249 3726 5264 ⁸·

2146 5329 2253 5382 τῶν
2280 5332 2344 5382 ἐκ
2373 5331 2572 5401 Συρίας
2608 5331 2969 5401 ὑφασμάτων,
3002 5334 3261 5401 συχνάκις
3291 5328 3514 5386 τοιαῦτα
3544 5332 3726 5397 διδοὺς

2148 5422 2400 5475 τοσοῦτον
2424 5425 2521 5476 τὴν
2550 5423 2811 5492 βασιλέως
2872 5428 3222 5481 ἐπεσπάσατο
3251 5426 3460 5480 εὖνοιαν
3510 5424 3587 5489 ὡς
3630 5431 3726 5480 κο]ι

528 5681 566 5697 "
589 5681 752 5743 λαριν,
790 5682 1005 5742 ttequiro
1028 5678 1229 5727 verbum
1251 5692 1277 5725 a
1306 5690 1403 5738 quo
1435 5676 1647 5737 pendeat
1682 5678 1935 5740 genitivus
1958 5679 2034 5727 τῶτ

2140 5680 2381 5743 πομάτων.
2414 5678 2585 5729 Editor
2609 5677 2891 5731 Beattenst's.
