4106 6206
467 285 577 349 205

1670 283 2214 344 HISTORIARUM
2255 285 2399 357 LIB.
2447 283 2542 341 IV.

3602 283 3708 346 $05

469 410 714 475 κτήσεων
744 402 1176 471 κατακυριεύσαι
1218 403 1447 469 πολλῶν,
1477 406 1567 458 καὶ
1612 404 1878 456 Σ;ϐαστὺν
1906 404 2038 454 ἁπο-

2168 404 2587 456 m.»:sessionil:us
2607 400 2809 455 ditatus
2829 408 2878 453 et
2898 396 3463 468 sebastiappcllatione
3488 411 3712 455 ornatus

468 495 745 567 δειχθῆναι
766 495 854 549 διὰ
874 497 1064 565 χρόνου
1087 496 1335 565 βραχέος,
1362 495 1454 547 καὶ
1470 495 1648 547 οἰκίαν
1669 496 1725 545 ὲν
1751 493 2038 561 βασιλείομ

472 590 657 642 λαϐεῖν
680 590 772 641 ἐπὶ
804 590 882 658 τῷ
914 588 1261 657 προσμένειν.
1304 586 1532 655 Ἐχρῆτο
1546 584 1591 636 δ’
1622 584 1769 655 αύτῷ
1796 587 1897 638 κάν
1923 587 2042 648 ταῖς

473 683 689 753 κρίσεσι
727 681 829 734 κάν
852 681 974 742 ταῖς
1000 680 1309 749 ἀποφάσεσι
1341 691 1357 706 ·
1386 679 1479 729 καὶ
1503 672 1694 747 γὰρῆν
1726 676 1849 740 ὀξύς
1865 693 1925 729 τε
1946 676 2043 745 θη-

477 779 637 843 ρὲἱσαι
677 771 937 841 ἀλήθειαν
988 771 1080 822 καὶ
1133 771 1195 822 τὸ
1252 768 1414 841 ῥηθὲν
1455 768 1787 835 ἀπαγγεῖλαι
1832 768 2044 837 τρανῶς

473 865 794 935 ἐπᾳὴδειος.
864 856 1035 924 Οὗτος
1084 865 1199 924 τοῖς
1262 860 1554 928 βασιλείοις
1586 860 1910 929 προσμένων
1947 862 2044 926 τὴν

477 957 738 1027 βασιλέως
759 954 1038 1019 ἁπλότητα
1058 954 1355 1024 ἐθεράπευε
1375 954 1470 1006 καὶ
1491 952 1624 1015 ὅλως
1652 946 1765 1022 εἶχε
1796 956 1902 1015 ταῖς
1922 954 2047 1005 iam

475 1048 571 1102 τοῦ
602 1047 835 1118 χείλεσιν
857 1046 1294 1115 ἐκκρεμάμενον.

554 1318 617 1375 λ’.
660 1319 715 1372 ’0
749 1319 1029 1390 Κομνηνὸς
1056 1320 1102 1373 δ’
1139 1320 1368 1386 ’Λλέξιος
1399 1322 1545 1393 ἐξῄει
1574 1322 1727 1388 αὖθις
1752 1324 1843 1377 ἐπὶ
1880 1325 1939 1377 τὸ
1980 1326 2049 1377 τὰ

478 1413 581 1482 τῆς
602 1410 810 1472 οἰκείας
853 1411 1028 1482 ἀρχῆς
1080 1412 1468 1481 ἐπικέψασθαι.
1501 1413 1637 1486 Πρὸς
1680 1414 1778 1484 τὴν
1836 1414 2048 1484 Ἀδρια-

480 1504 574 1559 νοῦ
604 1504 660 1557 δέ
699 1504 853 1556 πόλιν
884 1504 1174 1572 γενόμενος
1217 1505 1310 1557 zeal.
1333 1506 1545 1575 ἡμέρας
1577 1507 1756 1558 ἐκεῖσε
1784 1506 2049 1576 ἐνδιατρί-

482 1596 588 1662 illa;
620 1594 794 1658 τινὰς,
818 1594 909 1645 καὶ
934 1591 1122 1661 μαθὼν
1149 1594 1232 1647 ὅτι
1259 1594 1321 1646 τὸ
1349 1594 1615 1648 Σκυθικὸν
1643 1597 1798 1664 γένος
1823 1597 2049 1662 ἐξωπλί-

482 1684 627 1747 ζετο,
669 1683 809 1737 ὥστε
833 1684 902 1736 τὰ
930 1682 1250 1754 Βουλγάρων
1289 1685 1577 1755 ληῖσασθαι
1604 1687 1747 1757 ὅρια,
1774 1686 1834 1740 τὸ
1887 1704 2053 1757 στρα-

2148 491 2294 544 brevi
2337 502 2578 560 tempore
2626 490 2818 545 fuisset
2863 509 2875 544 :
2919 499 3175 560 praetcrea
3218 490 3304 558 jus
3348 489 3607 544 domicilii
3655 493 3706 545 in

2147 586 2309 655 regiis
2342 587 2550 641 aedibus
2579 594 2633 640 et
2666 594 2872 655 partem
2910 585 3093 654 palatii
3125 585 3177 638 in
3207 601 3312 653 qua
3347 584 3715 640 diversarctur

2148 679 2481 747 assignatam
2519 680 2841 748 acecpisset.
2882 676 3146 732 Utchatur
3176 686 3356 732 autem
3395 678 3515 746 ejus
3549 691 3712 746 opera

2149 767 2443 837 imperator
2496 780 2546 825 et
2594 770 2649 824 in
2694 771 2916 840 judiciis
2956 779 3009 822 et
3059 769 3113 822 in
3173 768 3484 839 responsis;
3515 783 3635 822 nam
3664 778 3718 822 et

2149 850 2342 914 aeutus
2376 871 2492 916 erat
2527 864 2580 916 in
2618 862 2921 931 indaganda
2955 862 3181 916 veritate
3210 872 3264 917 et
3294 862 3346 916 in
3384 863 3716 915 cuuntiamlo

2150 951 2291 1005 clare
2321 967 2384 1006 ac
2411 953 2577 1006 nitide
2601 958 2744 1023 quod
2770 964 3046 1023 oporteret
3074 955 3126 1007 in
3152 955 3341 1023 primis
3368 954 3715 1009 exercitatus.

2152 1041 2249 1095 llic
2305 1043 2357 1094 in
2418 1044 2618 1111 palatio
2672 1045 2952 1099 diversaus
3011 1046 3309 1114 simplicem
3376 1046 3718 1114 imperatoris
3780 1073 3793 1083 ο

2153 1132 2395 1185 animum
2437 1134 2645 1188 artibus
2684 1135 2788 1188 sibi
2829 1136 2970 1188 notis
3004 1134 3161 1189 facile
3193 1137 3484 1189 deliniebat
3523 1153 3587 1190 ex
3625 1152 3720 1190 ore

2154 1237 2473 1292 Suspensum
2506 1242 2627 1279 suo.

2224 1316 2311 1370 '50.
2346 1316 2560 1370 Interim
2586 1317 2898 1371 Comm-nus
2921 1318 3142 1372 Alexius
3167 1318 3219 1369 in
3245 1317 3345 1371 sibi
3371 1319 3719 1372 commissam

2152 1405 2490 1473 provinciam
2526 1405 2644 1474 ejus
2672 1405 2907 1460 visenda:
2937 1408 3309 1474 curandaeqnze
3337 1409 3503 1476 gratia
3540 1405 3721 1475 profe-

2152 1506 2292 1560 ctus,
2344 1511 2467 1549 cum
2506 1496 2916 1564 AdrianOpolim
2958 1497 3213 1558 venisset,
3246 1510 3447 1563 paucos
3495 1498 3563 1549 ibi
3607 1497 3725 1550 dies

2154 1596 2397 1640 moratus
2426 1587 2625 1639 certior
2660 1585 2836 1640 factus
2862 1595 2947 1640 est
2976 1586 3205 1657 Scythas
3237 1590 3289 1640 in
3330 1586 3603 1642 Romanos
3632 1602 3724 1640 ar-

2156 1679 2291 1732 mari
2317 1680 2535 1747 jamque
2568 1681 2703 1733 lines
2735 1677 3002 1748 Bulgaria;
3031 1678 3331 1733 latrociniis
3363 1680 3606 1747 ipsorum
3637 1680 3723 1748 agi

479 1775 730 1830 τιωτικὺν
766 1777 910 1831 ἅπαν
941 1775 1198 1841 συλλέξας
1233 1777 1323 1831 καὶ
1355 1778 1477 1832 ὅσον
1506 1780 1564 1830 ἐν
1583 1755 1819 1848 ἡγεμόσι
1836 1782 1930 1833 καὶ
1953 1755 2049 1849 άρ-

2165 1768 2411 1839 ierrique.
2441 1770 2533 1826 His
2557 1771 2786 1840 cognitis
2812 1771 3076 1842 quidquid
3103 1774 3382 1841 copiarum
3411 1773 3475 1823 ad
3503 1786 3722 1824 manum

479 1880 637 1935 χουσι
665 1865 799 1937 πρὸς
828 1867 925 1936 τὴν
946 1865 1210 1919 Φιλίππου
1242 1869 1570 1941 παρεγένετο
1596 1870 1774 1934 πόλιν,
1799 1870 2053 1924 κάκεῖθεν

482 1955 552 2007 τὰ
576 1955 701 2026 περὶ
726 1956 852 2018 τοὺς
891 1955 1103 2018 Σκύθας
1136 1956 1438 2027 πυθόμενος
1473 1958 1549 2021 ὡς
1592 1958 1957 2031 ἐκδραμόντες
1986 1960 2056 2013 τὰ

487 2043 685 2112 μεταξὺ
715 2043 920 2097 Ναῖσοῦ
943 2044 1038 2097 καὶ
1067 2043 1328 2097 Σκούπων
1359 2043 1621 2114 πορθοῦσι
1655 2047 1857 2117 χωρία,
1885 2062 2057 2099 σπου-

486 2135 650 2195 δαίως
676 2135 797 2186 κατ’
828 2135 1056 2186 ἐκείνων
1103 2134 1324 2205 ἐχώρει.
1354 2136 1722 2205 Παρελθόντος
1761 2138 1806 2189 δ’
1847 2138 2056 2191 ἐκείνου

484 2226 579 2294 τὴν
606 2224 891 2296 Σαρδικὴν,
916 2228 963 2278 oi
998 2226 1222 2292 Σκύθαι,
1250 2228 1350 2295 τὴν
1381 2227 1589 2280 ἐκείνου
1616 2229 1735 2282 κατ’
1755 2227 1936 2283 αὐτῶν
1957 2247 2059 2283 πυ-

487 2319 699 2384 θομενοι
724 2317 955 2384 ἓλευσιν,
984 2318 1081 2388 τὴν
1103 2318 1251 2370 λείαν
1283 2319 1667 2383 καταλιπόντες
1698 2319 1928 2390 ἔφευγον
1957 2339 2057 2375 κα-

487 2406 661 2477 θάπερ
690 2403 834 2477 εἶχον
864 2409 1166 2478 δυνάμεως.
1196 2410 1501 2478 Ἀπελάσας
1526 2412 1584 2464 δὲ
1601 2411 1822 2475 τούτους
1846 2411 2057 2466 ἐκεῖθεν

490 2499 624 2565 πρὸς
652 2498 750 2565 τὴν
777 2499 1044 2550 Φιλίππου
1068 2495 1223 2560 αὖθις
1272 2500 1543 2564 ἐπάνεισι,
1576 2503 1668 2555 zeal.
1700 2502 1768 2557 τὰ
1789 2502 1930 2556 κατὰ
1959 2504 2057 2570 τὴν

490 2588 668 2656 χώραν
704 2583 761 2640 εὖ
791 2588 1104 2658 διαθέμενος
1132 2591 1228 2643 zeal
1248 2592 1344 2655 τὰς
1370 2593 1552 2656 πόλεις
1582 2595 1640 2647 ἐν
1657 2594 1852 2665 βραχεῖ
1881 2596 2057 2666 καιρῷ

488 2680 590 2749 τὴν
633 2680 891 2733 ἁπάντων
960 2679 1174 2735 εὔνοιαν
1233 2684 1579 2738 ἐπεσπάσατο
1610 2700 1625 2715 ·
1659 2687 1753 2740 καὶ
1813 2686 1923 2759 γὰρ
1991 2685 2058 2759 ἦν

490 2773 626 2839 πρὸς
657 2771 734 2841 τῷ
765 2772 1059 2842 ἐλευθερίῳ
1085 2772 1178 2824 zeal.
1212 2773 1501 2843 ἐπαγωγὸν
1523 2772 1652 2846 ἦθος
1685 2776 1823 2847 ἔχων
1868 2778 2061 2851 ὁμιλῆ-

491 2857 584 2907 σαί
612 2873 670 2908 τε
707 2859 923 2910 πάντων
955 2858 1260 2927 ἀνθρώπων
1294 2862 1575 2929 ἡδύτατος.
1612 2865 1798 2919 Ταῦτα
1831 2866 2061 2938 διαπρα-

493 2946 720 3016 ξάμενος
745 2952 984 3021 ὲπανῆκε
1025 2954 1163 3023 πρὸς
1191 2954 1252 3006 τὸ
1286 2952 1599 3023 Βυζάντιον,
1630 2958 1725 3012 καὶ
1754 2960 1782 3011 ό
1803 2957 2057 3029 βασιλεὺς

492 3042 782 3108 χαριέντως
806 3042 969 3098 αὑτὸν
1001 3044 1307 3117 ὑπεδέχετο.
1503 3046 1521 3059 ’

562 3311 664 3367 λα’.
697 3315 787 3369 Ἐν
814 3319 925 3388 ὅσῳ
978 3318 1033 3371 δὲ
1084 3320 1255 3372 ταῦτα
1296 3323 1622 3392 ἐπράττετο,
1661 3326 2067 3398 ὁνΜελισσηνὸς

494 3404 802 3478 Νικηφόρος
827 3410 968 3479 ἀνὴρ
993 3410 1246 3480 εὐγενὴς,
1285 3413 1359 3473 ὡς
1389 3417 1416 3466 ὁ
1435 3414 1593 3481 λόγος
1621 3415 1918 3487 ἐγνώρισεν
1938 3417 2071 3470 ἄνω·

497 3496 609 3562 θεν,
639 3501 702 3549 ἐκ
731 3499 928 3568 κήδους
951 3499 1027 3552 ὢν
1069 3502 1422 3572 ᾠκειωμένος
1474 3509 1584 3567 τοῖς
1619 3507 1924 3578 Κομνηνοῖς
1955 3505 2073 3577 (καὶ

496 3590 604 3657 γὰρ
641 3589 778 3657 ἔφθη
837 3592 1174 3660 συναφθῆναι
1226 3594 1323 3661 τὴν
1373 3593 1584 3648 τούτων
1621 3595 1857 3668 ἀδελφὴν
1912 3596 2073 3650 Εύδο-

498 3680 669 3744 κίαν),
694 3678 821 3748 περὶ
869 3679 969 3751 τὴν
1005 3680 1103 3733 Κῶ
1132 3681 1447 3754 διατρίϐων,
1474 3686 1571 3748 τὰς
1600 3685 1857 3757 Τούρκων
1908 3688 2072 3742 δυνά-

500 3785 623 3837 μεις
656 3771 746 3822 καὶ
779 3771 902 3834 τοὺς
933 3771 1193 3844 Τούρκων
1213 3773 1482 3844 ἄρχοντας
1511 3776 1745 3840 ἑλκύσας
1776 3778 1913 3850 πρὸς
1939 3781 2066 3832 tau—

498 3863 612 3925 τὸν,
657 3862 873 3932 περιῄει
918 3865 1018 3925 τὰς
1067 3864 1169 3934 τῆς
1206 3866 1391 3929 Ἀσίας
1433 3867 1617 3930 πόλεις
1652 3869 1719 3921 τὰ
1750 3871 2067 3940 κοκκοϐαφῆ

499 3951 905 4021 ὑποδησάμενος
937 3953 1145 4010 πέδιλα.
1193 3958 1256 4008 Οί
1309 3955 1441 4025 γοῦν
1476 3958 1689 4012 πολῖται
1734 3961 1807 4024 ὼς
1859 3961 2071 4033 βασιλεῖ

508 4042 790 4113 Ῥωμαίων
815 4048 951 4115 σφᾶς
980 4064 1040 4099 τε
1072 4050 1271 4112 αὐτοὺς
1298 4050 1391 4103 καὶ
1416 4050 1515 4115 τὰς
1547 4051 1732 4115 πόλεις
1759 4054 1908 4123 αύτῷ
1938 4072 2065 4127 παρ-

499 4135 718 4188 εδίδουν.
766 4137 827 4190 Ὀ
853 4137 910 4190 δὲ
937 4139 1029 4192 καὶ
1056 4138 1205 4192 ἄκων
1260 4143 1368 4203 τοῖς
1409 4140 1672 4211 Τούρκοις
1723 4145 2067 4216 ἐνεχείριζεν,

500 4226 574 4291 ὡς
601 4229 874 4298 συμϐῆναι
895 4229 981 4283 διὰ
1000 4231 1224 4301 βραχέος
1260 4231 1451 4301 καιροῦ
1471 4235 1581 4286 κάκ
1613 4234 1802 4286 τούτου
1825 4235 1918 4287 τοῦ
1944 4238 2066 4306 τρό-

502 4341 604 4375 που
635 4324 823 4376 πασῶν
844 4324 951 4375 τῶν
982 4328 1107 4393 περὶ
1135 4325 1233 4394 τὴν
1275 4324 1456 4378 Ἀσίαν
1479 4343 1539 4377 τε
1580 4327 1675 4379 zeal.
1699 4326 1939 4394 Φρυγίαν
1974 4328 2071 4379 zeal.

2089 3089 2137 3153 C

2156 1861 2257 1915 fuit
2289 1864 2481 1932 raptim
2512 1863 2805 1929 contrahit,
2836 1863 3004 1917 duces
3034 1864 3330 1933 praesertim
3363 1878 3428 1916 ac
3456 1863 3722 1923 tribunos,

2156 1968 2280 2006 cum
2326 1954 2527 2021 quibus
2580 1954 2837 2008 omnibus
2889 1954 3304 2024 Philippopolim
3354 1969 3414 2009 se
3457 1955 3723 2016 contulit,

2159 2043 2249 2096 ubi
2286 2042 2596 2097 distinctius
2636 2044 2861 2097 edoctus
2894 2044 2962 2097 de
2997 2044 3161 2097 rebus
3200 2042 3524 2112 Scytharum
3548 2082 3563 2109 ,
3600 2058 3726 2099 cum

2157 2135 2517 2201 comperisset
2551 2135 2852 2204 deprmdari
2890 2150 2984 2189 eos
3016 2149 3081 2188 ac
3115 2145 3330 2189 vastare
3368 2136 3564 2204 Oppida
3604 2151 3728 2205 qua:

2158 2219 2380 2276 Naisum
2402 2230 2455 2275 et
2482 2223 2731 2292 Scuppas
2754 2224 3094 2292 interjaceut,
3120 2233 3341 2279 strenue
3367 2224 3417 2276 in
3443 2238 3537 2277 eos
3562 2224 3728 2278 vadit.

2157 2311 2424 2367 Caeterum
2468 2329 2534 2368 eo
2574 2316 2686 2384 jam
2724 2314 3006 2370 Sardicam
3044 2329 3454 2386 prietergresso,
3490 2317 3726 2388 Scythae,

2159 2404 2307 2459 illius
2326 2407 2560 2460 adventu
2595 2408 2833 2477 cognito,
2862 2408 3033 2463 elTuse
3059 2410 3111 2462 in
3147 2407 3325 2479 fugam
3352 2424 3412 2463 se
3439 2409 3727 2473 dederunt,

2160 2495 2339 2563 praeda
2374 2497 2652 2550 derelicta.
2679 2495 2893 2562 Quibus
2926 2497 3052 2551 inde
3081 2498 3252 2566 pulsis
3283 2497 3504 2552 Alexius
3528 2496 3728 2567 Philip.

2160 2584 2398 2653 pOpolim
2440 2585 2732 2639 revertitur
2759 2586 3045 2655 positaque
3079 2601 3245 2655 opera
3276 2586 3329 2639 in
3356 2590 3602 2656 pacanda
3644 2605 3731 2643 rc-

2160 2674 2319 2742 gione
2370 2674 2710 2745 urbibusque
2759 2675 3100 2742 ordiuandis,
3146 2676 3391 2731 omnium
3441 2679 3588 2733 brevi
3630 2680 3733 2735 sibi

2162 2766 2593 2821 benevolentiam
2624 2768 2956 2823 conciliavit.
2987 2766 3120 2822 Nam
3152 2777 3509 2839 prteterquam
3538 2772 3733 2826 libera-

2164 2859 2231 2913 lis
2273 2860 2435 2914 etiam
2478 2871 2672 2913 caetera
2720 2860 2973 2914 comitate
3016 2875 3343 2931 congressus
3381 2863 3515 2916 mire
3563 2863 3732 2932 pellax

2161 2958 2299 3014 erat,
2346 2950 2607 3004 blanditia
2652 2966 2787 3023 vero
2836 2952 3104 3006 sermonis
3153 2951 3400 3007 omnium
3452 2953 3732 3007 hominum

2166 3041 2546 3098 suavissimus.
2588 3042 2751 3113 158
2781 3041 3009 3097 Cunctis
3043 3042 3208 3114 igitur
3239 3060 3269 3098 e
3300 3046 3568 3100 sententia
3599 3063 3735 3101 con-

2168 3133 2323 3188 fectis
2348 3132 2666 3204 Byzantium
2694 3134 2850 3200 redit,
2880 3144 3034 3205 grate
3064 3136 3174 3191 illic
3205 3151 3269 3191 ac
3291 3137 3549 3192 benevole
3574 3154 3737 3193 cxce-

2166 3235 2294 3296 ptus
2332 3226 2401 3280 ab
2439 3226 2786 3293 imperatore.

2236 3316 2325 3370 51.
2346 3315 2515 3371 Porro
2531 3317 2660 3370 dum
2683 3316 2797 3372 haec
2815 3317 3021 3387 ﬂerent,
3038 3317 3361 3376 Melissenus
3379 3320 3717 3392 Nicephorus

2168 3409 2251 3461 vir
2291 3409 2512 3474 nobilis,
2563 3416 2623 3461 ut
2669 3409 2925 3477 superius
2970 3419 3057 3464 est
3102 3411 3332 3477 dictum,
3385 3424 3440 3467 et
3483 3414 3741 3469 alliuitatc

2170 3498 2463 3553 Comnenis
2492 3500 2716 3568 junctus
2746 3499 2913 3570 (nam
2945 3502 3138 3555 horum
3174 3516 3415 3556 sororem
3443 3502 3738 3560 Eudociam

2172 3604 2394 3643 uxorem
2439 3592 2733 3660 duxerat),
2766 3592 2908 3647 circa
2952 3594 3119 3649 Coam
3165 3594 3399 3650 insulam
3438 3596 3741 3664 diversans,

2169 3682 2471 3739 conciliatis
2491 3684 2592 3739 sibi
2621 3684 2691 3739 ad
2714 3700 2880 3755 seque
2901 3686 3145 3743 attractis
3166 3685 3467 3743 Turcorum
3495 3691 3667 3761 copils
3691 3703 3743 3747 et

2171 3772 2473 3829 Turcorum
2529 3777 2783 3842 ducibus,
2833 3778 3099 3834 circuibat
3144 3780 3286 3835 Asia:
3334 3783 3518 3848 urbes,
3562 3784 3742 3838 rubris

2170 3866 2367 3921 calceis
2411 3866 2636 3935 iudutis,
2682 3883 2747 3924 ac
2799 3871 2998 3939 passim
3049 3870 3263 3926 illarum
3311 3873 3457 3929 cives
3502 3874 3551 3928 ci
3599 3876 3744 3930 velut

2170 3957 2545 4014 Romanorum
2587 3960 2900 4030 imperatori
2935 3976 2995 4016 se
3031 3977 3271 4032 suasque
3307 3965 3578 4019 dedebant
3603 3966 3741 4020 civi~

2173 4058 2310 4104 tates
2347 4060 2363 4108 :
2406 4050 2493 4105 ille
2522 4059 2703 4106 autem
2738 4052 2943 4107 invitus
2983 4052 3106 4106 licet
3140 4066 3235 4107 eas
3266 4051 3457 4107 Turcis
3492 4057 3742 4110 tradebat

2173 4143 2246 4199 ita
2298 4151 2358 4195 ut
2398 4143 2503 4196 hoc
2560 4143 2723 4201 modo
2767 4142 3057 4211 contigerit
3104 4140 3252 4195 brevi
3297 4151 3540 4213 tempore
3580 4148 3743 4203 urbes

2170 4230 2335 4294 Asize,
2380 4227 2627 4300 Phrygia:
2673 4245 2739 4283 ac
2777 4228 3001 4284 Galatiae
3030 4230 3312 4287 universas
3339 4233 3393 4287 in
3439 4231 3741 4291 Turcorum

2175 4321 2360 4373 venire
2387 4328 2728 4388 potestatem.
2752 4320 2870 4388 Ipse
2896 4336 3060 4389 porro
3082 4336 3277 4393 magno
3301 4326 3539 4380 exercitu
3566 4328 3741 4383 Νίσαια

499 4414 600 4482 τὴν
621 4412 885 4465 Γαλατίαν
916 4414 1120 4466 πόλεων
1143 4415 1573 4484 κατακυριεῦσαι
1610 4415 1738 4478 τοὺς
1772 4417 1814 4466 Τ
1817 4415 2062 4485 ούρκους.

2177 4412 2440 4483 Bithynia
2456 4422 2738 4481 occupata,
2759 4413 3207 4470 indeimminebat
3223 4416 3452 4488 imperio
3472 4421 3740 4476 Romano.

502 4504 608 4557 Ξὺν
639 4508 1008 4575 στρατεύματι
1044 4506 1174 4573 γοῦν
1220 4506 1460 4572 πλείστῳ
1481 4508 1579 4576 τὴν
1612 4510 1670 4560 ἐν
1720 4508 1944 4576 Βιθυνία
1971 4508 2071 4560 Νί-

502 4610 662 4646 καιαν
708 4595 1142 4663 καταλαμϐάνει,
1178 4596 1433 4649 κάκεῖθεν
1462 4597 1562 4665 τῆς
1630 4597 1911 4667 βασιλείας
1945 4602 2071 4652 ἀντ-

502 4691 736 4740 εποιείτο
760 4688 847 4759 [Ρ.
875 4688 999 4760 104]
1029 4688 1335 4759 Ῥωμαίων.
1365 4690 1424 4742 ’0
1452 4689 1810 4760 Βοτανειάτης
1828 4690 2074 4744 δὲταῦτα

506 4781 813 4848 πιθόμενος
839 4781 932 4833 τὸν
958 4782 1244 4851 ιίομνηνὸν
1297 4783 1649 4852 μετεκαλεῖτο
1696 4782 1950 4848 Ἀλέξων,
1981 4785 2074 4836 καί

504 4870 725 4923 ἐκέλευε
760 4871 948 4923 τοῦτον
986 4873 1082 4924 σὺν
1110 4878 1229 4935 ταῖς
1263 4872 1526 4943 δυνάμεσι
1549 4875 1642 4926 τὸν
1688 4873 1934 4944 πορθμὸν
1954 4876 2072 4930 δια-

504 4964 883 5031 περαιωθέντα
940 4965 1032 5016 τὸν
1063 4965 1460 5036 Χαλκηδόνειον
1501 4966 1625 5017 κατ’
1657 4965 1866 5017 ἐκείνου
1912 4982 2074 5036 etpa—

505 5056 705 5108 τεύειν.
755 5055 814 5107 'U
839 5056 885 5108 δ’
915 5056 1211 5124 ἀπελέγετο
1244 5058 1345 5129 τὴν
1391 5057 1512 5110 κατ’
1547 5059 1755 5112 ἐκείνου
1783 5061 2076 5128 στρατείαν

510 5146 746 5208 συνετῶς
768 5147 908 5213 ἄγαν
938 5162 951 5174 ⁸
984 5148 1173 5200 ἐδεδίει
1197 5149 1307 5217 γὰρ
1339 5149 1439 5217 τὴν
1473 5147 1736 5217 βασιλέως
1764 5151 2076 5219 κουφότητα

506 5240 601 5288 καὶ
629 5238 727 5306 τὴν
747 5240 855 5288 τὼν
888 5239 1017 5307 περὶ
1056 5238 1218 5289 αὑτὸν
1243 5237 1509 5307 πονηρίαν
1535 5238 1671 5307 ὁμοῦ
1697 5240 1791 5291 καὶ
1818 5240 1912 5292 τὸν
1944 5239 2076 5308 φθό-

506 5342 618 5389 νον,
642 5328 716 5396 μή
748 5344 876 5379 ποτε
896 5328 1084 5381 τοῦτον
1112 5331 1475 5399 προσπταῖσαι
1510 5328 1748 5399 ξυμϐαίη
1780 5331 1922 5383 κατὰ
1944 5331 2075 5384 πολὺ

506 5418 602 5485 τῆ;
633 5418 743 5470 τῶν
790 5418 1050 5487 Τούρκων
1103 5420 1384 5491 δυνάμεως
1427 5421 1840 5490 ἐλαττούμενον,
1883 5424 1978 5474 zeal.
2030 5424 2079 5474 οἱ

508 5509 738 5578 πονηροὶ
772 5510 944 5577 λαϐὴν
969 5512 1218 5582 εὑρόντες
1242 5512 1539 5565 διαϐἁλωσι
1562 5513 1749 5575 τοῦτον
1769 5513 1903 5583 πρὸς
1928 5512 2079 5582 βασι-

508 5603 603 5653 )ἐα
636 5604 712 5666 ὡς
738 5604 824 5656 δια
853 5605 914 5656 τὸ
944 5604 1101 5674 κῆδος
1128 5606 1443 5675 προδιδόντα
1484 5608 1581 5675 τὴν
1638 5607 1838 5676 μάχην.
1891 5606 1948 5659 '0
1980 5605 2077 5675 βα-

509 5696 683 5757 σιλεὺς
719 5695 918 5761 τοίνυν,
948 5698 1070 5749 ἐπεὶ
1096 5697 1264 5749 πολλὰ
1296 5699 1651 5766 παρακαλέσαι
1704 5739 1719 5764 ,
1754 5698 1944 5751 τοῦτον
1981 5700 2079 5749 οὑκ

2175 4503 2270 4558 His
2288 4502 2602 4559 Botaniates
2625 4504 2859 4573 cognitis
2879 4504 3217 4559 Comneuum
3246 4508 3492 4564 Alexium
3511 4513 3744 4567 accersit

2170 4596 2431 4666 jubetque
2477 4594 2903 4651 Chalcedonensi
2951 4597 3118 4651 fretro
3158 4614 3280 4651 cum
3320 4602 3489 4669 copiis
3517 4603 3743 4669 trajectu

2175 4689 2438 4742 adversus
2464 4687 2808 4743 Melisscnum
2824 4689 3224 4758 expeditionem
3251 4693 3551 4759 suscipere.
3573 4691 3642 4745 At
3656 4692 3744 4747 hic

2181 4781 2339 4835 istam
2374 4781 2623 4835 militiam
2653 4783 3047 4851 deprecabatur
3066 4823 3081 4846 ,
3116 4782 3368 4852 prudenti
3398 4797 3529 4837 sane
3558 4788 3739 4840 consi-

2176 4873 2284 4937 lio;
2307 4871 2587 4925 verebatur
2600 4872 2798 4941 quippe
2817 4871 3084 4925 levitatem
3107 4872 3448 4940 imperatoris
3463 4884 3743 4943 eteorum,

2177 4966 2267 5034 qui
2299 4964 2592 5034 plurimum
2623 4964 2765 5032 apud
2798 4964 2976 5032 ipsum
3004 4964 3279 5030 valebant,
3312 4963 3528 5021 fraudes
3558 4982 3621 5022 ac
3656 4984 3748 5024 ne-

2177 5056 2404 5123 quitiam
2437 5055 2805 5123 iuvidiamque
2835 5056 2886 5107 in
2914 5069 3033 5109 sese
3063 5070 3171 5109 non
3202 5056 3513 5111 obscuram.
3540 5058 3747 5115 Metue-

2178 5148 2267 5201 bat
2298 5146 2465 5214 igitur
2491 5162 2557 5198 ne
2586 5146 2629 5197 si
2663 5145 2791 5212 quid
2821 5144 2959 5200 forte
2989 5160 3056 5199 eo
3084 5145 3223 5200 bello
3255 5146 3569 5214 oﬂ‘enderet,
3600 5151 3746 5220 quod

2178 5238 2417 5306 proclive
2450 5245 2570 5290 erat
2609 5237 2663 5290 in
2699 5245 2850 5290 tanto
2885 5237 3079 5307 majori
3118 5235 3422 5292 Turcorum
3463 5243 3702 5297 exercitu
3728 5284 3745 5307 ,

2180 5326 2428 5381 malevoli
2468 5335 2682 5395 arrepta
2719 5327 2946 5385 nocendi
2980 5343 3111 5384 ansa
3134 5369 3149 5394 ,
3189 5328 3535 5384 dilfamarent
3568 5331 3747 5401 ipsum

2178 5422 2318 5487 apud
2351 5419 2732 5485 imperatorem
2770 5417 2929 5490 159
2959 5419 3104 5474 velut
3133 5420 3185 5473 in
3216 5420 3445 5490 gratiam
3479 5420 3749 5477 Melisseni

2181 5507 2355 5563 aliinis
2377 5509 2461 5563 sui
2498 5523 2611 5562 rem
2639 5509 2706 5563 de
2737 5509 3001 5564 industria
3033 5510 3168 5565 male
3198 5512 3472 5579 gessissu.
3510 5511 3748 5578 lmpera~

2183 5613 2268 5657 tor
2293 5619 2421 5673 ergo
2442 5612 2729 5673 postquam
2767 5604 2946 5658 verbis
2976 5604 3028 5657 in
3062 5604 3163 5658 ista
3191 5604 3537 5673 expeditione
3561 5602 3749 5655 Alexio

2184 5695 2455 5749 suadenda
2496 5695 2679 5749 multis
2717 5695 2942 5773 pardi‘tis
2977 5696 3248 5749 adducere
3286 5697 3462 5762 ipsum
3497 5706 3605 5761 quo
3643 5705 3741 5743 vo-
