4106 6206
391 353 493 420 211

1600 362 2023 424 NICEPHORI
2066 364 2437 449 BRYENNII

3561 350 3669 416 2l2

398 472 554 534 ratis,
580 486 676 524 eos
708 470 893 539 aliquo
927 478 1144 539 portare
1171 469 1515 524 conabuntur
1537 473 1624 525 ubi
1647 473 1825 527 curari
1853 490 1973 542 pns-

2092 476 2202 536 ιοὺς
2228 476 2335 544 ὅπη
2363 472 2625 544 βουλητὸν
2659 471 2887 532 ἕκαστος
2916 465 3303 530 ἀπελεύσεται,
3335 467 3383 520 οί
3423 464 3481 518 δὲ
3534 468 3668 522 κάτ-

397 561 539 623 sint:
570 559 660 614 alii
696 560 766 612 ob
803 556 1090 614 cltarorum
1124 559 1435 613 occisurum
1480 573 1706 616 mortem
1742 578 1981 617 nimi-ore

395 653 639 723 eptressi
679 652 898 708 inutiles
934 652 1092 706 nobis
1116 661 1298 706 erunt.

468 745 558 799 35.
599 742 723 798 Haec
760 743 832 797 illi
859 758 982 797 cum
1005 742 1266 801 dicerent.
1295 742 1465 796 surdo
1495 758 1693 798 canere
1726 745 1982 799 videban-

397 846 505 891 tur.
539 835 689 890 Nulla
751 837 897 890 enim
955 851 1144 891 eorum
1195 835 1407 888 ratione
1440 835 1646 899 habita,
1694 837 1980 892 eunuchus

398 930 504 993 ille,
536 930 833 999 assumptis
863 930 1058 999 copiis.
1102 937 1247 982 recta
1284 927 1519 984 Nica'am
1561 944 1753 984 versus
1776 939 1975 995 movet,

400 1023 555 1093 162
592 1032 643 1076 rt
677 1022 934 1077 admotus
972 1022 1143 1075 muris
1206 1023 1424 1087 petebat
1451 1037 1481 1076 a
1516 1021 1890 1078 Nicmensibus
1921 1031 1980 1077 ut

394 1115 721 1168 deditionem
760 1113 1021 1170 facerent.
1053 1114 1120 1168 At
1157 1114 1230 1167 illi
1261 1114 1462 1183 quibus
1495 1122 1643 1168 esset
1674 1128 1801 1182 spes
1825 1121 1975 1166 certa

395 1216 705 1274 paratarum
745 1206 1028 1274 copiarum
1081 1205 1146 1259 ad
1190 1204 1452 1258 auxilium
1492 1204 1626 1274 ipsis
1670 1202 1976 1267 ferendum,

392 1296 578 1351 verbis
613 1295 903 1351 fallacibus
935 1297 1113 1366 ipsum
1151 1296 1420 1351 lactantes
1456 1296 1601 1349 diem
1642 1310 1708 1349 ex
1756 1295 1843 1350 die
1877 1295 1977 1349 du-

393 1386 609 1443 cebant.
646 1389 985 1457 Palaenlngus
1030 1388 1317 1457 Georgius,
1372 1387 1459 1441 cui
1495 1386 1787 1442 consilium
1845 1388 1976 1441 illud

393 1479 712 1549 imprudens
771 1481 986 1551 placere
1033 1495 1141 1533 non
1199 1487 1444 1548 poterat,
1483 1479 1689 1549 quique
1738 1492 1838 1549 pro
1873 1495 1975 1533 suo

392 1571 672 1639 praestanti
704 1571 783 1625 rei
814 1571 1065 1626 militaris
1105 1586 1206 1626 usu
1252 1571 1546 1625 imminens
1576 1587 1642 1626 ex
1688 1586 1838 1626 mora
1882 1588 1976 1639 pe-

393 1660 627 1716 riculum
664 1661 821 1730 quasi
870 1662 1044 1718 oculis
1087 1670 1357 1728 cerneret,
1413 1663 1668 1718 eunucho
1712 1663 1978 1719 suadebat

395 1760 456 1806 ut
486 1765 547 1807 se
576 1766 641 1807 ac
678 1751 866 1819 cupias
892 1754 1161 1823 reciperet
1190 1753 1242 1807 in
1279 1762 1479 1808 tutum.
1513 1754 1606 1807 [lle
1631 1762 1821 1807 contra
1856 1770 1976 1809 ser-

2085 581 2199 633 οχοι
2221 566 2285 634 τῇ
2342 563 2490 634 λύπῃ
2535 560 2643 616 τῶν
2695 557 3151 615 ἀποκτανθέντων
3201 555 3489 625 γεγονότες
3537 558 3671 629 παρ’

2084 655 2238 708 οὐδὲν
2272 656 2423 725 ἡμᾶς
2456 654 2857 724 ὠφελήσουσιν.
2893 671 2912 704 ι

2154 747 2248 800 λε’.
2279 749 2345 801 Οἱ
2377 747 2434 801 δέ
2461 746 2614 818 παρά
2640 745 2810 816 κωφῷ
2830 745 2979 817 ᾅδειν
3011 743 3299 814 ἐῴκεισαν.
3338 741 3542 796 Οὐδένα
3561 741 3671 813 γάρ

2082 837 2239 905 λόγον
2290 839 2499 892 τούτων
2533 839 2909 910 ποιησάμενος
2963 838 2992 890 6
3025 835 3290 906 ἐκτομίας
3333 836 3543 897 ἐκεῖνος
3569 835 3672 898 τάς

2081 927 2341 997 δυνάμεις
2373 928 2780 997 ἀναλαϐόμενος
2814 926 2944 981 εὐθὺ
2972 925 3210 988 Νικαίας
3244 923 3465 994 ἐχώρει,
3492 925 3585 978 καὶ
3606 925 3673 998 δὴ

2082 1021 2195 1082 τοῖς
2233 1019 2441 1089 τείχεσι
2481 1019 2872 1089 προσπελάσας
2903 1020 3087 1090 ᾐτεῖτο
3119 1017 3333 1081 πάντας
3364 1018 3676 1089 παραδοθῆ-

2082 1128 2192 1165 ναι.
2227 1111 2291 1164 Οί
2325 1112 2370 1164 δ’
2401 1111 2553 1174 ἐντὸς
2604 1111 2804 1175 ἔξωθεν
2837 1110 3250 1183 προσδοκῶντες
3288 1109 3550 1179 δυνάμεις
3594 1112 3675 1174 εἰς

2082 1202 2308 1273 ἀρωγὴν
2341 1202 2523 1257 αὐτῶν
2551 1202 2892 1264 ἐλεύσεσθαι,
2930 1201 3113 1269 λόγοις
3148 1201 3451 1269 ἀπατηλοῖς
3482 1200 3674 1255 τοῦτον

2081 1294 2461 1357 ἐξαπατῶντες
2487 1293 2704 1363 ἡμέραν
2736 1292 2796 1359 ἐξ
2832 1293 3047 1364 ἡμέρας
3082 1290 3488 1362 ὑπερετίθεντο.
3527 1290 3589 1345 Ὅ
3616 1291 3674 1345 δὲ

2082 1386 2451 1453 Παλαιολόγος
2504 1386 2798 1456 Γεώργιος,
2841 1386 2914 1455 μὴ
2968 1384 3153 1455 φέρων
3203 1383 3304 1455 τὴν
3357 1382 3674 1454 παράλογον

2080 1478 2301 1546 ἐκείνην
2345 1479 2671 1549 στράτευσιν
2716 1477 3114 1547 ἐμπειρότατος
3165 1474 3249 1548 [Ρ.
3287 1474 3542 1547 1061ὣν,
3576 1476 3673 1529 καὶ

2078 1570 2175 1624 τὸν
2203 1570 2464 1640 ὑπόγυιον
2495 1573 2552 1624 ἐν
2577 1570 2878 1639 ὀφθαλμοῖς
2909 1568 3010 1640 ἤδη
3039 1567 3184 1636 ὀρῶν
3235 1567 3504 1630 κίνδυνον,
3536 1583 3661 1619 συν-

2081 1661 2339 1715 εσούλευε
2369 1661 2545 1732 τούτῳ
2585 1659 2999 1728 παλινοστῆσαι.
3048 1659 3107 1711 '0
3140 1657 3197 1711 δέ
3216 1658 3343 1721 τοὺς
3370 1656 3562 1711 τούτου
3586 1654 3674 1710 λόο-

2080 1775 2214 1824 γους
2240 1758 2317 1821 ὡς
2345 1757 2513 1828 λῆρον
2540 1756 2838 1824 δεξάμενος
2880 1752 3077 1825 ἀγνοίᾳ
3103 1752 3195 1806 τοῦ
3221 1752 3436 1814 δέοντος
3470 1752 3673 1822 μᾶλλον

394 1853 586 1893 mones
618 1840 738 1909 ejus
784 1854 881 1909 pro
927 1840 1088 1911 nugis
1120 1841 1329 1895 habens
1361 1840 1666 1910 ignorantia
1711 1842 1844 1897 recti
1877 1858 1975 1913 po-

2092 1850 2115 1919 ἣ
2143 1850 2410 1922 καρτερίᾳ
2433 1848 2770 1919 προσμένειν
2799 1845 3077 1909 ἐϐούλετο,
3109 1845 3213 1906 ἕως
3236 1844 3363 1908 τοὺς
3391 1842 3673 1913 Τούρκους

393 1932 504 1986 tius
527 1947 692 2002 quam
733 1933 1045 1988 constantia
1097 1936 1372 2002 perstabat
1419 1934 1473 1986 in
1516 1920 1813 1988 tem'erario
1847 1948 1980 1989 con-

392 2023 540 2089 silio,
563 2024 736 2077 donec
757 2025 945 2078 audito
971 2023 1186 2078 tandem
1216 2023 1477 2078 advenire
1497 2021 1704 2079 Turcos
1728 2024 1979 2096 ingratiis

394 2129 495 2167 nec
527 2114 646 2168 sine
677 2114 888 2183 pudore
918 2114 1097 2168 redire
1126 2113 1362 2184 cogitur.

466 2205 559 2260 56.
604 2205 707 2261 Hie
763 2222 956 2262 rursus
1021 2206 1358 2277 Palmologus
1411 2205 1681 2278 Georgius
1738 2209 1983 2279 apprime

394 2299 602 2353 callens
635 2307 805 2352 artem
837 2297 1129 2353 ordinandi
1166 2313 1232 2353 ac
1258 2298 1433 2367 perite
1461 2299 1679 2369 regendi
1714 2300 1982 2355 militares

396 2407 594 2448 manus
643 2407 744 2445 nec
789 2391 974 2447 minus
1022 2391 1258 2446 consilio
1302 2406 1467 2461 quam
1512 2406 1675 2445 manu
1721 2392 1879 2446 furtis
1919 2407 1982 2447 ac

396 2493 700 2554 promptus.
736 2494 952 2555 sumpta
983 2483 1076 2538 tali
1111 2492 1356 2553 tempore
1389 2482 1608 2547 ﬁducia,
1642 2494 1839 2540 auctor
1861 2492 1984 2539 erat

396 2591 467 2631 ne
496 2576 989 2647 quomodocunque
1019 2574 1356 2632 recederent.
1406 2575 1498 2628 sed
1531 2590 1656 2629 cum
1686 2575 1879 2632 ordine
1920 2591 1984 2631 ac

400 2670 564 2723 modo
587 2666 955 2724 convenienti.
988 2666 1113 2721 llaec
1143 2666 1396 2721 suadenti
1424 2666 1728 2737 Palzeologo
1759 2667 1982 2722 ductum

400 2762 641 2816 universi
681 2761 991 2821 excercitus
1034 2757 1274 2815 Joannes
1317 2760 1372 2813 in
1424 2759 1531 2815 isto
1578 2769 1800 2829 receptu
1833 2775 1984 2817 com-

400 2852 567 2908 misit.
618 2851 790 2924 Igitur
817 2851 1085 2922 Georgius
1132 2851 1361 2922 digessit
1403 2852 1703 2907 exercitum
1737 2853 1790 2906 in
1839 2850 1984 2907 ordi-

399 2960 517 3006 nes,
566 2942 736 3014 jussit
766 2943 980 3012 equites
1035 2943 1348 3013 praecedere
1385 2945 1625 2999 intentos
1651 2943 1717 2998 ad
1764 2943 1985 2999 ferenda

399 3050 511 3105 quo
533 3050 673 3105 Opus
707 3035 846 3091 foret
882 3036 1107 3102 auxilia,
1132 3045 1328 3105 pratter
1356 3050 1564 3105 paucos
1601 3050 1744 3106 quos
1769 3035 1822 3090 in
1852 3036 1986 3090 insi-

400 3127 505 3183 diis
534 3128 732 3184 abtlere
756 3128 991 3184 volebat.
1020 3127 1252 3184 Gravetn
1276 3138 1613 3184 armaturam
1638 3137 1691 3183 et
1713 3129 1984 3198 reliquum

400 3220 699 3289 peditatum
747 3231 898 3276 retro
920 3220 1215 3290 disposuit,
1255 3221 1404 3276 lento
1430 3221 1597 3291 gradu
1626 3219 1827 3289 jnbens
1854 3236 1985 3291 pro-

401 3311 574 3382 gredi.
637 3314 758 3384 lpse
794 3329 919 3370 cum
973 3312 1163 3385 paucis
1205 3312 1538 3369 circumiens
1581 3312 1767 3367 obibat
1821 3312 1985 3368 modo

404 3414 711 3461 cxtremmu
735 3421 951 3478 agmen,
976 3407 1143 3462 modo
1170 3423 1338 3462 conm
1367 3406 1507 3462 aciei
1527 3405 1808 3461 dexterum
1836 3407 1984 3476 (nam

405 3500 604 3554 lazrum
636 3515 892 3556 securum
940 3509 1057 3554 erat
1094 3508 1396 3569 protectum
1434 3514 1464 3553 a
1499 3497 1741 3568 palude),
1779 3498 1990 3555 Turcns

402 3606 759 3652 excurrentcs
802 3610 1083 3661 coercens,

405 3696 643 3743 Inerant.

480 3779 638 3850 163
660 3780 750 3834 57.
783 3777 860 3833 Eo
879 3793 1001 3834 cum
1033 3778 1555 3847 appropinquarent,
1580 3777 1823 3832 occurrit
1845 3794 1993 3841 cam-

405 3887 510 3941 pus
557 3870 667 3924 late
700 3879 889 3939 patens
923 3878 1078 3939 septo
1122 3868 1362 3923 lateritio
1410 3869 1596 3922 multis
1641 3869 1774 3923 locis
1807 3869 1992 3924 hiante

407 3963 802 4019 circumdatus.
853 3961 951 4016 Hic
984 3963 1199 4032 equites
1246 3962 1352 4017 loci
1394 3971 1589 4017 natura
1621 3963 1798 4017 coacti
1831 3974 1985 4017 extra

406 4056 626 4112 ordines
650 4071 943 4110 excurrere
979 4062 1286 4125 coeperunt,
1319 4063 1376 4109 ut
1402 4054 1584 4109 aditus
1613 4056 1751 4108 intra
1775 4063 1987 4123 septum

407 4164 512 4218 qua
548 4149 691 4202 muri
725 4148 872 4202 labes
904 4148 1047 4201 viam
1077 4147 1241 4201 dabat
1272 4155 1575 4216 captarent.
1607 4146 1663 4200 ld
1699 4145 1864 4202 Turci
1894 4147 1987 4215 qui

410 4260 438 4295 a
472 4253 622 4311 tergo
668 4240 1040 4310 sequebantur
1089 4239 1588 4293 animadvertentes
1626 4238 1839 4294 sublato
1880 4239 1992 4291 cla-

408 4348 564 4385 more
620 4332 863 4385 maximo
918 4331 1181 4400 impetum
1234 4331 1287 4384 in
1336 4329 1546 4400 pedites
1586 4329 1855 4394 fecerunt,
1896 4346 1990 4384 eos

2083 1943 2241 2011 ἥκειν
2284 1943 2387 2014 ἤδη
2444 1942 2751 2012 πυθόμενος
2785 1939 2938 1995 άκων
2987 1940 3106 2011 μετ’
3152 1936 3417 2010 αἰσχύνης
3465 1939 3672 1996 ἐπανα-

2086 2033 2369 2102 ζεύγνυσι.
2468 2088 2477 2093 ,

2155 2212 2264 2278 λς’.
2303 2211 2472 2266 Πάλιν
2500 2207 2595 2266 οὗν
2637 2214 2665 2266 6
2692 2211 3054 2279 Παλαιολόγος
3093 2208 3364 2278 Γεώργιος
3415 2225 3667 2278 ταγματ-

2089 2305 2266 2376 άρχης
2316 2304 2394 2357 ὣν
2423 2303 2820 2374 ἐμπειρότατος
2846 2302 2940 2357 καὶ
2964 2300 3106 2355 κατά
3136 2303 3296 2370 χεῖρα
3325 2300 3421 2353 καὶ
3444 2298 3674 2370 γνώμην

2090 2398 2355 2467 γενναῖος,
2379 2397 2902 2468 παρρησιασάμενος
2933 2392 3288 2447 συνεδούλευε
3314 2392 3390 2464 μὴ
3410 2390 3486 2455 ὡς
3512 2390 3675 2460 ἔτυχε

2087 2488 2456 2551 παλινοστεῖν,
2498 2487 2638 2542 ἀλλά
2667 2487 2765 2541 σὺν
2797 2486 2948 2551 τάξει
3001 2487 3095 2540 καὶ
3145 2486 3339 2556 κόσμῳ
3367 2483 3446 2551 τῷ
3476 2484 3667 2538 δέοντι.

2098 2581 2163 2635 Ὀ
2195 2582 2295 2651 μὲν
2325 2579 2472 2633 τοῦτ’
2514 2580 2723 2649 ἔλεγεν,
2761 2582 2790 2634 6
2822 2580 2879 2634 δέ
2913 2580 3013 2651 τὴν
3048 2580 3159 2635 τῶν
3200 2581 3339 2634 ὅλων
3374 2579 3677 2650 ἡγεμονίαν

2089 2671 2240 2742 αύτῷ
2292 2673 2616 2741 ἐνεχείριζε.
2678 2673 3053 2743 Καταστήσας
3107 2667 3202 2726 οὖν
3246 2673 3343 2735 είςλ
3376 2672 3565 2737 ,τάξεις
3613 2670 3677 2723 τὸ

2091 2764 2410 2832 στράτευμα
2453 2765 2547 2816 καὶ
2583 2764 2766 2828 ἱππεῖς
2802 2764 3161 2835 παρεδρεύειν
3209 2765 3677 2834 ἐγκελευσάμενος

2090 2856 2232 2925 πλὴν
2257 2856 2456 2923 ὀλίγων
2480 2857 2591 2909 τῶν
2622 2855 2924 2927 ἐνεδρεύειν
2955 2856 3054 2909 καὶΙ
3086 2857 3324 2928 λοχίζειν
3352 2857 3675 2928 μελλόντων,

2089 2950 2152 3003 τὸ
2180 2948 2237 3003 δὲ
2264 2949 2546 3003 ὁπλιτικὸν
2581 2952 2676 3005 καὶ
2702 2950 2867 3017 πεζὸν
2895 2950 3066 3016 τάξας
3106 2952 3333 3006 δπισθεν
3361 2952 3528 3023 βάδην
3558 2951 3680 3006 ἐκέ-

2091 3044 2282 3096 λευσεν
2330 3044 2573 3109 ἀπιέναι,
2624 3045 2787 3108 αὐτὸς
2823 3044 2880 3097 δὲ
2928 3045 3160 3116 περιιὼν
3190 3047 3287 3100 σὺν
3332 3045 3538 3114 ὀλίγοις
3587 3044 3677 3098 ὁτὲ

2095 3136 2194 3206 μὲν
2226 3136 2345 3191 κατ’
2403 3137 2670 3207 οὐραγίαν
2702 3137 2793 3190 ὁτὲ
2821 3137 2878 3191 δὲ
2926 3137 3070 3192 κατά
3115 3137 3176 3192 τὸ
3212 3139 3384 3210 κέρας
3416 3138 3478 3190 τὸ
3506 3136 3681 3202 δεξιὸν
3724 3204 3729 3211 _

2093 3227 2179 3293 (τὸ
2212 3229 2324 3298 γὰρ
2371 3228 2651 3299 εὐώνυμον
2680 3224 2749 3300 ἦν
2786 3229 2844 3283 ἐν
2876 3229 3149 3301 ἀσφαλείᾳ
3181 3231 3280 3299 τὴν
3324 3230 3526 3300 λίμνην
3563 3227 3675 3301 (58)

2092 3317 2211 3388 ἕχον
2244 3317 2654 3390 ἐπαρήγουσαν)
2688 3319 2946 3373 ἀπεσόϐει
2971 3320 3081 3374 τῶν
3105 3319 3368 3391 Τούρκων
3394 3321 3519 3381 τοὺς
3547 3337 3683 3390 προ-

2093 3410 2477 3479 εκτρέχοντας,
2511 3410 2617 3473 ἓως
2658 3411 2891 3481 πλησίον
2916 3412 3016 3480 τῆς
3063 3411 3347 3476 Βασιλείας
3375 3412 3681 3483 φθάσαντες

2097 3501 2234 3570 πρὸς
2254 3501 2316 3554 τὺ
2356 3501 2809 3574 στρατοπεδεύειν
2842 3503 3107 3570 γένοιντο.

1172 3596 1351 3667 quoad
1440 3595 1817 3650 admovissent
1888 3610 1948 3649 se
2015 3597 2239 3652 castello
2298 3597 2508 3653 Basilea
2565 3598 2750 3661 dicto,
2812 3598 2903 3653 ubi
2967 3605 3147 3653 castra
3233 3597 3430 3653 metari
3479 3596 3682 3652 consti-

2165 3780 2263 3845 λζ’.
2310 3779 2463 3833 Ἐπεὶ
2482 3780 2527 3833 δ’
2555 3781 2620 3834 ἂν
2650 3779 2816 3834 αὐτοῦ
2856 3798 2961 3834 που
2990 3780 3224 3853 θριγκίῳ
3259 3781 3521 3851 πλινθίνῳ
3550 3782 3683 3836 ἀνα-

2094 3872 2446 3940 πεπταμένον
2469 3872 2652 3925 πεδίον
2672 3873 2791 3924 ἐστὶ
2822 3872 3195 3942 κυκλούμενον
3233 3873 3295 3926 ού
3329 3872 3532 3935 πολλάς
3559 3874 3676 3926 εἰσ-

2093 3964 2246 4026 όδους
2276 3963 2476 4033 ἔχοντι,
2519 3966 2615 4017 καὶ
2673 3964 2723 4017 οί
2766 3965 2952 4027 ἱππεῖς
2983 3964 3103 4034 ἅμα
3127 3965 3412 4034 ἐκτρέχειν
3442 3965 3681 4035 ἤρξαντο

2093 4054 2168 4117 ὡς
2196 4055 2344 4126 παρὰ
2371 4055 2469 4118 τὰς
2500 4054 2740 4117 εἰσόδους
2774 4055 3050 4123 γενέσθαι,
3082 4057 3130 4108 οί
3165 4055 3400 4125 Τοῦρκοι
3449 4056 3681 4110 κατόπιν

2101 4148 2360 4215 ἑπόμενοι
2388 4146 2484 4199 καὶ
2512 4146 2581 4199 τὰ
2614 4145 2871 4217 δρώμενα
2905 4146 3234 4216 θεασάμενοι
3280 4147 3419 4214 μετὰ
3443 4146 3572 4215 βοῆς
3600 4147 3684 4200 ὅτι

2100 4238 2364 4308 πλείστης
2397 4224 2755 4317 ἐξελάσαντες
2789 4237 2933 4292 κατὰ
2980 4237 3090 4292 τῶν
3130 4238 3311 4303 πεζῶν
3356 4237 3685 4309 ἐξώρμησαν

2102 4332 2198 4384 καὶ
2229 4330 2568 4398 πανταχόθεν
2602 4330 2818 4397 βάλλειν
2864 4330 3062 4394 αὐτοὺς
3098 4329 3429 4398 τοξεύμασιν
3465 4330 3685 4399 ἐπεχεί⁴

410 4421 872 4492 undiquejaculis
903 4429 958 4477 et
986 4421 1202 4493 sagittis
1238 4420 1488 4475 excussis
1518 4420 1762 4476 arcubus
1803 4432 1986 4490 peten-

2104 4439 2252 4493 ρουν.
2289 4423 2352 4475 υἱ
2399 4422 2454 4474 δὲ
2496 4422 2634 4490 πρὸς
2677 4422 2856 4493 φυγὴν
2907 4422 3247 4493 ἐτράπησαν.
3294 4420 3385 4473 Ἐν
3429 4420 3560 4488 γοῦν
3607 4420 3686 4489 τῷ

411 4528 515 4578 tes,
547 4530 658 4583 quo
698 4515 773 4569 illi
812 4514 1151 4570 entisternati
1187 4513 1359 4568 eﬁ‘use
1411 4527 1469 4567 se
1511 4513 1563 4566 in
1613 4514 1796 4583 fugam
1840 4514 1994 4577 dant,

410 4608 668 4664 ennucbo
704 4607 822 4663 solo
869 4616 1019 4662 retro
1057 4607 1269 4672 relicto,
1320 4607 1414 4676 qui
1470 4616 1614 4659 metu
1665 4607 1997 4661 constrictm

414 4701 601 4773 fugere
640 4716 764 4755 cum
795 4699 920 4754 aliis
958 4715 1064 4752 non
1090 4699 1285 4769 potuit.
1325 4698 1424 4751 Cui
1467 4696 1606 4751 forte
1641 4708 1996 4752 occurrentes

412 4794 690 4849 Curticius
742 4808 867 4848 cum
918 4791 1241 4858 Palmologo,
1291 4791 1382 4846 ille
1417 4791 1636 4862 quidem
1670 4806 1738 4843 ne
1773 4800 1996 4857 aspectu

412 4885 630 4955 quidem
659 4885 914 4954 dignatus
944 4893 1028 4938 est
1073 4883 1350 4937 hominem
1385 4883 1759 4949 suadebatque
1789 4881 1997 4936 Palum-

414 4979 537 5046 lngo
565 4988 624 5032 ut
654 4978 803 5031 illum
838 4976 1090 5031 similiter
1118 4975 1408 5046 uegligeret
1439 4993 1451 5029 :
1485 4974 1578 5029 sed
1615 4975 1700 5029 hic
1729 4974 1996 5028 accedens

415 5069 483 5122 ad
516 5067 829 5122 eunuchum
858 5068 1081 5137 propius
1099 5068 1175 5120 sic
1205 5067 1503 5135 increpavit
1531 5084 1542 5119 :
1582 5084 1600 5115 ι
1638 5065 1712 5119 Eu
1743 5081 1905 5134 quem
1939 5064 1990 5115 in

416 5165 597 5216 locum
635 5176 734 5215 nos
785 5170 837 5214 ct
903 5161 1202 5215 exercitum
1253 5159 1478 5214 duxisti.
1526 5160 1719 5211 Annon
1757 5160 1869 5209 lucc
1905 5156 1997 5208 tibi

416 5249 894 5317 prmdixeramus?
922 5269 939 5299 ›
969 5247 1059 5301 llle
1087 5258 1266 5303 autem
1301 5249 1529 5317 supplex
1554 5262 1616 5301 ac
1645 5256 1885 5300 tremens
1919 5246 2003 5297 di-

416 5344 575 5398 eebat
611 5361 621 5395 :
662 5362 678 5391 ι
717 5340 977 5397 Miserere
1014 5340 1157 5403 mei;
1207 5354 1381 5407 neque
1410 5354 1495 5392 tne
1538 5339 1678 5392 tradi
1720 5340 2003 5407 permittas

420 5438 475 5493 in
509 5441 880 5507 Agarenurum
911 5450 1125 5488 manus.
1160 5453 1178 5484 ι
1214 5430 1481 5501 Georgius
1509 5433 1652 5487 bono
1675 5432 1859 5485 animo
1886 5446 2005 5484 esse

2099 4513 2326 4584 φεύγειν
2370 4513 2534 4577 αὐτὸς
2568 4514 2729 4585 μόνος
2752 4517 2780 4567 6
2817 4513 3074 4585 εὐνοῦχος
3125 4512 3456 4583 κατελείφθη
3493 4514 3581 4566 καὶ
3608 4511 3687 4581 τῷ

2099 4607 2250 4676 φόϐῳ
2298 4606 2585 4677 συσχεθεὶς
2632 4610 2828 4676 φυγεῖν
2879 4607 2979 4660 οὐκ
3024 4605 3279 4671 ἠδύνατο.
3340 4604 3687 4673 Ἑντυχόντες

2095 4698 2188 4752 οὖν
2206 4699 2356 4770 αὐτῷ
2380 4700 2408 4752 ὃ
2434 4716 2493 4751 τε
2516 4699 2845 4769 Κουρτίκιος
2867 4698 3019 4752 οὐδὲν
3035 4698 3269 4767 ἠξίωσεν
3298 4696 3461 4750 αὑτὸν
3484 4695 3684 4766 ὅψεως,

2097 4790 2308 4844 ἐκώλυε
2341 4790 2398 4845 δὲ
2455 4790 2547 4842 καὶ
2581 4790 2673 4843 τὸν
2723 4788 3109 4855 Παλαιολόγον,
3145 4791 3173 4842 6
3215 4788 3272 4841 δὲ
3316 4788 3687 4856 Παλαιολόγος

2108 4883 2360 4936 ἀπελθὼν
2391 4883 2525 4954 πρὸς
2552 4883 2712 4935 αὐτὸν
2731 4881 2857 4951 ἔφη·
2888 4901 2907 4932 ι
2931 4880 3117 4943 Οὕτως
3140 4882 3287 4949 ἡμᾶς
3317 4880 3685 4951 κατέστησας.

2105 4978 2183 5030 Οὐ
2215 4975 2551 5046 προείπομέν
2578 4991 2660 5027 σοι
2695 4973 2898 5036 ταῦτα;
2937 4992 2954 5023 ι
3004 4972 3062 5025 '0
3082 4973 3138 5025 δὲ
3174 4972 3434 5025 ἱκετεύων
3464 4973 3688 5040 ἔλεγενο

2110 5085 2127 5116 ι
2176 5066 2429 5134 Ἐλέησόν
2468 5083 2534 5133 με
2571 5065 2666 5117 καὶ
2702 5065 2777 5135 μὴ
2816 5066 2937 5124 ταῖς
2964 5063 3289 5136 Ἀγαρηνῶν
3319 5064 3477 5134 χερσὶ
3507 5081 3689 5136 παρα-

2099 5158 2320 5228 δοθῆναι
2339 5158 2503 5229 ἐάσῃς
2533 5174 2621 5227 με.
2657 5176 2674 5208 ι
2705 5157 2880 5218 Εὐθὺς
2900 5152 2993 5210 οὖν
3021 5156 3475 5226 ἀνακτησάμενος
3498 5156 3689 5208 τοῦτόν

2103 5266 2268 5320 φησι’
2308 5270 2325 5299 ι
2366 5250 2609 5303 Συνέπου
2635 5267 2724 5318 μοι
2755 5249 2815 5300 τὸ
2845 5247 3053 5302 λοιπόν.
3092 5268 3112 5300 ι
3160 5247 3449 5319 Ἑπισολῆς
3482 5248 3539 5300 δὲ
3578 5247 3688 5300 τῶν

2104 5342 2364 5413 Τούρκων
2389 5342 2635 5403 πλείονος
2664 5341 2864 5402 αὐτοὺς
2899 5340 3345 5411 καταλαϐούσης,
3370 5343 3399 5393 6
3426 5339 3685 5408 εὐνοῦχος

2106 5433 2267 5497 εὐθὺς
2305 5433 2504 5501 μικροῦ
2544 5433 2641 5485 καὶ
2680 5431 2776 5495 τὰς
2801 5431 3004 5502 φρένας
3038 5432 3340 5487 ἀπόλωλεν.
3384 5433 3443 5484 '0
3476 5430 3532 5482 δὲ
3581 5431 3692 5481 Πα-

1453 5549 1653 5611 Caroli
1688 5550 1778 5610 Du
1816 5552 2049 5613 Fresne
2081 5552 2173 5612 Du
2207 5553 2409 5628 Cange
2448 5557 2637 5612 uotae.

493 5681 604 5749 (58)
679 5681 798 5747 Τὴν
860 5683 1104 5749 λίμνην.
1173 5677 1406 5734 Aseania
1470 5677 1673 5749 dicitur
1741 5678 1997 5732 Straboni

424 5756 459 5808 1.
502 5745 985 5808 ttnuDes'cribitur
1031 5745 1176 5805 ’νοιεο
1214 5749 1415 5817 passim
1455 5764 1483 5800 a
1543 5745 1857 5812 Tudebudo,
1906 5749 1998 5800 AI-

424 5827 580 5884 bet'to
606 5821 708 5897 Δρ.
737 5835 788 5880 et
826 5825 947 5880 aliis
1002 5838 1182 5878 rerum
1230 5818 1445 5874 Hieros.
1489 5819 1871 5889 scriptoribus,
1905 5819 1996 5874 ubi

2110 5678 2175 5730 de
2202 5680 2380 5734 Nicaea
2413 5693 2442 5732 a
2483 5677 2936 5749 Turcis‘obsessa
2964 5686 3149 5749 agunt.
3172 5676 3305 5731 Vidc
3329 5673 3426 5727 ,Ιιις
3469 5669 3685 5728 Grtcco~

2110 5750 2286 5817 Rom,
2320 5758 2453 5803 toan.
2478 5748 2522 5814 l,
2567 5766 2616 5818 p.
2650 5746 2739 5803 92.
