4106 6206
342 256 449 319 2l3
1551 247 2093 309 IllSTORlARUM
2130 246 2281 305 LIB.
2318 245 2419 305 IV.
3486 235 3591 301 91.5

343 362 610 430 λαιολόγος
646 361 946 430 τηνικαῦτα.
983 362 1081 425 τὰς
1112 360 1267 430 ἡνίας
1303 360 1543 430 στρέψας
1591 358 1683 410 καὶ
1713 374 1907 410 συναν-

2041 357 2178 411 ussit
2208 364 2261 410 et
2292 355 2550 423 deinceps
2581 352 2733 421 sequi
2768 366 2906 407 sese.
2942 350 3168 405 Incursu
3211 359 3392 405 autem
3427 354 3589 403 velte~

344 456 504 525 τήσας
541 453 693 505 παίει
742 452 839 505 ἕνα
874 452 985 505 τῶν
1032 453 1151 507 κατ’
1197 452 1379 504 αὐτῶν
1437 449 1769 520 ἐρχομένων,
1819 448 1913 502 καὶ

2034 448 2259 500 uentiori
2300 444 2604 498 Turcorum
2660 442 2896 511 plurium
2932 442 2984 493 in
3026 441 3171 506 ipsos
3204 439 3369 501 farto,
3413 456 3589 519 eumi-

278 578 296 603 θ.
344 545 525 615 νεκρὸς
560 544 724 607 εὐθὺς
771 545 914 599 κατὰ
948 544 1052 613 γῆς
1101 546 1351 615 ἔρριπτο,
1385 542 1443 595 ὃν
1490 541 1818 611 θεασάμενοι
1862 540 1915 592 οἱ

2034 542 2147 593 :bus
2175 540 2228 592 in
2262 547 2475 591 tantum
2517 547 2779 588 terrorem
2830 534 3021 587 incidit
3056 541 3115 585 ut
3145 547 3336 601 parum
3374 508 3591 581 abesset

344 636 512 690 λοιποὶ
553 638 754 706 μικρὸν
804 638 1136 708 ἀνεχώρουν.
1182 635 1571 706 Ἐπιστραφεὶς
1614 632 1670 685 δὲ
1722 632 1796 693 ὡς
1824 631 1916 683 τὸν

2034 633 2080 686 il)
2112 631 2369 689 amentia,
2404 626 2559 681 Tunc
2584 624 2919 694 Palmologus
2952 622 3230 676 conversis
3267 621 3389 685 equi
3429 618 3594 676 babe-

344 728 590 800 εὐνοῦχον
612 730 775 784 ἄνουν
801 731 895 784 καὶ
919 730 1137 800 ἄφωνον
1163 730 1446 794 ἐθεάσατο,
1473 728 1559 801 [Ρ.
1589 726 1713 799 107]
1741 726 1918 795 τύψας

2034 723 2121 785 lli,
2146 720 2343 773 Turcis
2380 714 2736 785 Sequentibus
2770 729 3065 768 occurrens
3097 714 3333 782 primum
3362 726 3426 762 ex
3459 708 3592 776 ipsis

345 797 604 892 arieti];
638 825 873 894 παρειᾶς
900 797 1068 894 φησι·
1103 842 1122 874 ι
1154 822 1245 895 Μὴ
1276 797 1526 890 φοὸοὖίι
1696 797 1711 799 —

2034 811 2233 866 ibvium
2281 808 2406 862 ierit
2444 815 2498 860 et
2542 814 2817 858 mortuum
2871 802 2924 856 in
2976 812 3176 855 terram
3230 800 3437 866 dejicit.
3473 797 3594 863 Quo

344 914 649 984 spectaculo
678 915 909 970 cohibiti
948 915 1142 984 reliqui
1175 892 1516 983 aliquantum
1544 915 1911 966 recesserunt.
1950 905 2020 957 At
2046 901 2313 971 Georgius
2377 897 2572 951 iterum
2634 909 2827 948 versus
2862 892 2927 945 ad
2961 908 3090 945 suos
3119 892 3435 944 eunuchum
3466 903 3595 942 con-

343 1007 675 1063 sternatione
704 1007 986 1077 stupidum
1040 1019 1091 1062 et
1171 1022 1369 1077 pavore
1399 1015 1611 1061 mutum
1660 1003 1817 1065 vidit,
1856 999 1970 1054 levi
2016 1010 2210 1050 manus
2246 992 2469 1046 verbere
2519 989 2572 1043 in
2627 987 2768 1043 mala
2822 985 3046 1049 feriens,
3102 1003 3119 1035 ι
3157 982 3273 1037 Noli
3317 983 3527 1043 timere,
3571 999 3588 1027 ι

343 1100 537 1167 inquit,
583 1107 638 1153 et
667 1115 731 1154 eo
763 1115 951 1155 secum
989 1108 1272 1169 assumpto
1307 1100 1517 1167 reliquo
1545 1098 1749 1165 agmini
1776 1090 2158 1163 coniungitur.

406 1191 506 1259 λη’.
553 1190 904 1258 Ἐφθακότων
955 1189 1015 1242 δέ
1064 1189 1288 1253 τούτους
1318 1189 1425 1242 τῶν
1472 1188 1760 1258 Τούρκων,
1794 1186 1914 1237 ἐπι·

2102 1176 2262 1249 164
2286 1175 2375 1230 58.
2406 1174 2528 1228 Mox
2579 1188 2703 1228 cum
2753 1187 2848 1227 eos
2883 1171 3076 1223 iterum
3128 1165 3361 1222 assecuti
3414 1174 3596 1218 essent

345 1258 605 1350 στραφεὶς
639 1282 668 1334 ὁ
699 1281 1063 1350 Παλαιολόγος
1097 1283 1196 1335 σὺν
1224 1283 1451 1335 ἱππεῦσι
1484 1282 1776 1351 μετρητοίς
1802 1276 1922 1348 (καὶ

2043 1277 2371 1340 nsequentes
2425 1267 2613 1332 Turci,
2660 1280 2962 1320 conversus
2998 1277 3215 1316 rursum
3253 1258 3593 1325 PalmulOgus

342 1386 446 1438 γαρ
472 1364 546 1439 ἦν
580 1370 764 1422 στενὸν
792 1371 854 1422 τὸ
883 1370 1106 1442 χωρίον)
1148 1370 1434 1442 ἐπέρῤωσέ
1462 1386 1521 1421 τε
1549 1368 1610 1420 τὸ
1640 1364 1922 1419 ὁπλιτικὸν

2034 1379 2145 1419 :um
2186 1360 2469 1431 equitibus
2501 1375 2608 1411 non
2642 1356 2852 1419 multis,
2881 1353 2984 1408 loei
3011 1354 3156 1406 enim
3189 1351 3453 1421 angustia:
3486 1365 3593 1402 non

344 1461 432 1513 καὶ
476 1462 624 1514 κατὰ
656 1461 764 1514 τῶν
812 1461 1072 1531 Τούρκων
1099 1441 1261 1524 αὐτὸς
1311 1461 1536 1533 ἐξώρμα
1567 1460 1665 1513 σὺν
1692 1460 1805 1521 τοῖς
1834 1458 1924 1509 ίπ-

2034 1454 2306 1524 :apicbant
2337 1451 2542 1521 plures,
2570 1448 2720 1520 gravi
2753 1455 3046 1500 annulum:
3081 1444 3348 1497 laboranti
3381 1441 3596 1495 animos

346 1550 524 1605 πεῦσι.
550 1552 664 1605 Καὶ
689 1552 851 1616 εὐθὺς
881 1554 943 1606 τὸ
968 1552 1243 1626 βᾶρϐαρον
1266 1553 1485 1624 ἔφευγε.
1518 1551 1802 1605 Πεσόντων
1824 1548 1919 1603 οὖν

2034 1545 2228 1602 addidit
2278 1553 2332 1599 et
2381 1543 2436 1597 in
2490 1540 2701 1595 Turcos
2727 1538 2843 1608 ipse
2880 1538 3087 1591 ducens
3130 1534 3345 1604 equites
3378 1532 3597 1600 irrupit,

348 1643 556 1713 συχνῶν
582 1644 643 1698 τὸ
686 1643 875 1698 λοιπὸν
920 1645 1105 1702 οὐκέτι
1139 1621 1381 1717 ἐχώρουν
1415 1621 1560 1699 κατὰ
1590 1644 1689 1712 τῆς
1733 1659 1914 1713 παρα-

2034 1636 2277 1692 Barbaris
2321 1633 2502 1688 statim
2562 1630 2919 1700 fugientibus.
2979 1626 3221 1694 Quorum
3268 1638 3392 1676 cum
3444 1621 3600 1675 multi

342 1737 572 1803 τάξεως,
638 1737 757 1790 ἀλλ’
807 1738 1026 1792 ἵσταντο
1086 1739 1390 1809 πόρρωθεν.
1456 1738 1773 1791 Ἐκέλευσεν
1824 1731 1918 1790 οὖν

342 1827 551 1890 ἐκεῖνος
605 1828 826 1882 ἀπιέναι
871 1830 932 1881 τὺ
974 1828 1254 1883 ὁπλιτικὸν
1306 1830 1398 1883 καὶ
1448 1828 1918 1898 στρατοπεδεύειν.

342 1917 512 1981 Αὐτὸς
542 1918 587 1971 δ’
622 1918 854 1983 ὕστατος
879 1919 1019 1990 μετὰ
1060 1920 1169 1975 τῶν
1211 1921 1442 1985 ἱππέων,
1475 1921 1581 1983 ἓως
1619 1918 1726 1972 τῶν
1763 1919 1921 1988 θριγ-

344 2008 451 2060 κῶν
511 2010 847 2080 ὑπερϐάντες
910 2012 1412 2083 ἐστρατοπέδευσαν
1476 2012 1735 2073 ἅπαντες.
1790 2011 1828 2061 Γ
1834 2028 1921 2062 εν-

341 2103 505 2168 ναίως
534 2102 580 2156 δ’
612 2104 1039 2175 ἀγωνιζόμενος,
1086 2106 1277 2177 ἐπειδὴ
1331 2105 1432 2176 τὴν
1467 2104 1673 2175 κόρυθα
1712 2102 1922 2157 ἀπεϐά-

340 2195 479 2260 λετο,
516 2196 813 2265 πλήττεται
844 2197 988 2267 βέλει
1026 2198 1171 2251 κατὰ
1200 2199 1261 2251 τὸ
1304 2199 1576 2269 μέτωπον.
1622 2197 1923 2267 ’Λλογήσας

340 2287 393 2341 δὲ
420 2287 526 2356 τῆς
558 2288 772 2359 πληγῆς
817 2288 1186 2356 παντάπασιν,
1218 2292 1342 2344 ἐπεὶ
1368 2291 1459 2345 τὸν
1506 2287 1761 2359 εὐνοῦχον
1784 2288 1922 2342 ἔκδι-

339 2376 434 2443 ψον
455 2375 730 2430 ἐθεάσατο
755 2379 1047 2448 γενόμενον
1079 2380 1173 2432 καὶ
1203 2379 1278 2448 μὴ
1299 2379 1600 2449 δυνάμενον
1627 2379 1725 2447 τὴν
1750 2376 1923 2446 γλῶτο

340 2481 435 2518 ταν
464 2467 717 2535 κινῆσαι,
753 2466 993 2536 νεύμασι
1026 2468 1084 2522 δὲ
1112 2468 1441 2522 ἱκετεύοντα
1470 2468 1924 2521 συνεπιλαϐέσθαι

340 2557 513 2629 αὐτῷ,
545 2558 710 2613 αὑτοῦ
739 2576 841 2613 που
886 2560 1069 2631 μένειν
1101 2561 1290 2615 τοῦτον
1334 2561 1778 2632 παρεκελεύσατο
1804 2562 1925 2614 τέσ-

342 2663 508 2715 σαρσι
562 2644 669 2699 τῶν
713 2646 883 2702 αὐτοῦ
928 2649 1277 2718 θεραπόντων
1325 2650 1424 2721 τὴν
1458 2650 1625 2705 αὑτοῦ
1677 2651 1924 2720 φυλακὴν

339 2736 871 2808 ἐμπιπευσάμενος,
910 2739 1072 2803 αὐτὸς
1100 2740 1158 2794 δὲ
1184 2740 1277 2793 καὶ
1314 2741 1451 2812 προς
1475 2743 1536 2795 τὸ
1560 2743 1762 2812 πρανὲς
1790 2741 1926 2794 κάτ-

340 2846 444 2883 τισι
514 2829 604 2883 διὰ
648 2831 749 2900 τῆς
794 2833 1229 2903 περικεφαλαίας
1275 2834 1419 2905 ὓδωρ
1458 2834 1608 2905 αὖτῷ
1656 2833 1923 2904 κομίσων.

2024 1728 2371 1792 cecidissent,
2400 1724 2676 1779 cautiores
2702 1721 2813 1792 jam
2851 1726 3004 1773 rranl
3037 1718 3230 1787 reliqui
3276 1716 3327 1769 iu
3357 1714 3474 1769 acie
3510 1728 3599 1767 co-

2026 1823 2207 1877 minus
2258 1818 2551 1881 tentanda;
2591 1815 2684 1869 sed
2737 1812 2925 1883 procul
2981 1810 3346 1865 consistentes
3386 1814 3600 1875 specta-

2027 1919 2173 1970 bant.
2219 1910 2394 1965 Jussit
2449 1908 2611 1978 igitur
2658 1904 2996 1971 Palu-ulogus
3033 1899 3328 1968 procedere
3364 1894 3604 1966 graviter

2026 2015 2270 2063 armatos
2299 2011 2355 2055 et
2382 2009 2559 2055 castra
2598 1996 2789 2051 metari
2843 1995 2965 2063 Ipse
2998 1992 3223 2045 ultimus
3252 2004 3375 2043 cum
3405 1987 3604 2055 equiti-

2026 2101 2130 2155 bus
2158 2093 2416 2168 perstitit,
2442 2090 2620 2160 quoad
2646 2088 2791 2141 illam
2821 2099 2986 2153 quam
3013 2082 3123 2134 dixi
3147 2079 3438 2133 maceriam
3470 2092 3606 2146 pne-

2026 2189 2281 2262 tergressi
2330 2184 2541 2256 pedites
2591 2196 2783 2234 omnes
2827 2178 3008 2231 locum
3073 2172 3269 2228 castris
3322 2178 3603 2240 ceperunt.

2030 2284 2201 2338 Porro
2233 2281 2286 2335 in
2327 2278 2420 2333 illo
2449 2273 2747 2331 certamine
2774 2268 3042 2336 Georgius
3077 2264 3287 2319 fortiter
3311 2263 3602 2319 dimicans.

2026 2392 2151 2433 cum
2181 2374 2345 2443 galea:
2395 2367 2627 2424 buccula,
2671 2363 2907 2417 demissa
2953 2359 3161 2414 vultum
3216 2355 3497 2413 nudasset,
3526 2367 3609 2405 sa-

2027 2470 2158 2539 gitta
2188 2469 2243 2520 in
2277 2465 2457 2518 fronte
2482 2460 2799 2514 vulneratus
2832 2463 2913 2507 est
2938 2470 2961 2517 ;-
2987 2449 3081 2507 sed
3109 2447 3331 2502 vulnere
3364 2444 3607 2498 funditus

2027 2536 2301 2632 neglecto,
2337 2570 2459 2611 cum
2492 2552 2580 2608 siti
2609 2565 2746 2621 pene
2771 2541 3412 2602 confectumeunuelmm
3448 2536 3598 2590 vide-

2030 2630 2123 2710 ret
2142 2667 2241 2707 nec
2268 2652 2379 2718 jam
2410 2647 2523 2701 fere
2551 2644 2818 2698 valentem
2845 2651 3066 2694 movere
3096 2636 3360 2703 linguam,
3387 2630 3609 2685 nutibus

2029 2755 2214 2803 autem
2257 2740 2638 2810 implorantem
2670 2748 2852 2803 Opem,
2878 2744 3002 2783 cum
3035 2726 3109 2780 ibi
3144 2738 3364 2777 manere
3392 2721 3606 2791 iussum

2030 2847 2270 2908 quatuor
2295 2830 2514 2887 famulis
2539 2822 2960 2883 custodiendum
2994 2815 3267 2873 commisit
3292 2833 3306 2881 ς
3334 2814 3451 2883 ipse
3480 2826 3610 2865 vero

353 2920 410 2977 '0
439 2923 501 2976 δὲ
557 2924 796 2994 μετρίως
838 2925 1153 2994 ἀνενεγκὼν
1194 2926 1268 2990 ὡς
1304 2926 1398 2980 τοῦ
1447 2927 1638 2990 ὓδατος
1687 2926 1926 2994 ἀπεγεύ-

2034 2904 2127 3001 per
2178 2938 2408 2996 pronum
2469 2917 2808 2975 descendens
2861 2913 3111 2967 haustam
3159 2921 3290 2961 cava
3348 2904 3497 2975 galea
3543 2917 3606 2955 ex

344 3033 504 3082 σατο,
539 3016 660 3071 θεόν
683 3034 742 3070 τε
792 3018 957 3072 αὑτὸν
978 3018 1138 3073 ἄλλον
1182 3021 1510 3075 ἀπεκαλεῖτο
1548 3022 1642 3074 καὶ
1669 3020 1786 3074 υίὸν
1829 3017 1922 3072 τοῦ

2034 2994 2404 3091 lente—aquam
2436 3014 2485 3069 ei
2516 3010 2710 3066 detulit
2744 3026 2759 3063 :
2818 3022 2926 3077 qua
2971 3006 3061 3059 ille
3087 3009 3301 3074 gustata
3329 3007 3610 3066 resumpto

344 3107 564 3173 λοιποῦ,
581 3112 632 3162 εἰ
657 3108 973 3180 διασωθείη,
996 3113 1062 3164 ἐκ
1089 3112 1465 3183 προαιρέσεως
1484 3113 1672 3166 τοῦτον
1694 3113 1927 3182 ποιήσα-

347 3202 473 3255 σθαι
522 3203 911 3271 ἐπηγγέλλετο,
940 3204 1002 3257 οὐ
1049 3205 1215 3276 μέχρι
1245 3205 1301 3260 δὲ
1342 3205 1502 3272 λόγου
1529 3206 1596 3258 τὰ
1633 3203 1728 3258 τοῦ
1770 3203 1931 3270 λόγου

346 3294 627 3360 ἐϐεϐαίου,
662 3295 778 3349 ἀλλ’
808 3297 884 3359 ὼς
914 3296 1253 3367 κληρονόμον
1282 3298 1446 3350 αὐτὸν
1476 3297 1815 3365 καταστῆσαι
1841 3296 1934 3348 ἐπὶ

346 3387 487 3439 πᾶσι
518 3390 631 3451 τοῖς
675 3387 841 3441 αὑτοῦ
884 3389 982 3441 καὶ
1013 3388 1079 3440 τὰ
1113 3388 1253 3458 ὑπὲρ
1295 3387 1461 3441 αὑτοῦ
1506 3386 1695 3457 ὧσπερ
1727 3385 1934 3438 οἰκείου

344 3479 543 3542 παιδὸς
593 3480 944 3534 σλουδὰσειν.
985 3480 1044 3532 ’θ
1083 3480 1140 3532 δὲ
1197 3479 1563 3545 ιιαλαιολόγος
1606 3478 1742 3546 φησ).
1795 3474 1932 3545 πρὸς

343 3572 548 3625 αὐτόν⁹
582 3591 601 3624 ι
653 3571 798 3640 Ἐγὼ
832 3572 931 3641 μὲν
972 3571 1035 3624 τδ
1063 3573 1194 3641 ἐμὸν
1227 3571 1376 3625 ἆπαν
1425 3572 1520 3624 ἐπὶ
1572 3568 1818 3640 σωτηρίᾳ
1865 3569 1930 3635 τῇ

344 3669 419 3735 σῇ
462 3664 540 3726 ὠς
569 3664 687 3718 ἐνὸν
715 3665 1083 3736 πεπλήρωκα,
1127 3664 1219 3718 σὺν
1255 3664 1300 3718 δ’
1334 3664 1402 3719 ἂν
1437 3662 1523 3734 εἴη
1558 3663 1745 3717 λοιπὸν
1792 3661 1934 3731 πλη-

347 3754 488 3826 ροῦν
516 3771 598 3808 σοι
630 3755 692 3809 τὸ
716 3755 999 3827 βούλητόν.
1034 3775 1053 3808 ι

2028 3112 2225 3186 spiritu
2252 3112 2411 3165 deum
2438 3105 2588 3158 illmu
2617 3099 2910 3171 quemdam
2951 3095 3052 3151 sibi
3085 3092 3381 3148 salutarem
3410 3103 3605 3158 oppor-

2029 3182 2261 3264 tunitate
2288 3200 2411 3255 talis
2435 3195 2622 3251 auxilii
2658 3192 2910 3250 vocabat,
2952 3198 3005 3242 et
3029 3202 3091 3241 se
3132 3185 3309 3248 illum,
3335 3183 3378 3237 si
3415 3197 3480 3235 ex
3508 3182 3612 3233 hoc

2032 3294 2277 3367 periculo
2302 3288 2585 3348 evaderet,
2617 3284 2671 3337 in
2704 3283 2875 3336 lilium
2904 3280 3293 3346 adoptaturum
3330 3273 3613 3341 promitte-

2035 3363 2170 3441 bat:
2212 3398 2311 3438 nec
2338 3395 2469 3434 vero
2505 3392 2564 3432 se
2601 3389 2799 3428 nomen
2832 3371 3007 3423 solum
3036 3369 3156 3433 iejns
3193 3363 3615 3418 necessitudinis

2032 3479 2150 3530 sine
2186 3488 2245 3527 re
2297 3479 2713 3538 usurpaturum,
2761 3463 2894 3532 quin
2943 3458 3125 3528 pitius
3161 3455 3434 3509 ltzeredeut
3490 3468 3613 3505 eum

2031 3567 2310 3622 facturum
2329 3560 2573 3615 omnium
2600 3572 2722 3625 qua:
2751 3553 2979 3609 haberet
2997 3547 3373 3611 asseverabat,
3392 3555 3443 3600 et
3468 3543 3617 3599 omni

2030 3658 2225 3715 ali‘ectu
2257 3669 2322 3710 ac
2354 3667 2509 3712 cura,
2535 3664 2642 3719 qua
2672 3644 2926 3717 prosequi
2951 3642 3120 3697 [ilium
3148 3638 3360 3709 parenti
3394 3636 3478 3692 fas
3511 3646 3615 3699 est,

2032 3753 2211 3822 ipsum
2250 3757 2305 3802 et
2354 3760 2441 3799 res
2473 3742 2644 3813 ipsius
2670 3739 3067 3807 amplexurum.
3109 3729 3448 3797 Palaeologus
3484 3742 3615 3781 vero

345 3820 395 3903 ei
431 3846 617 3901 dixit;
652 3866 670 3899 ι
707 3820 817 3919 ligo
847 3820 1065 3918 quidem
1090 3866 1211 3921 quin
1238 3866 1482 3905 mearum
1514 3857 1670 3904 erant
1697 3846 1931 3915 partium
1973 3820 2130 3914 165
2178 3839 2230 3894 in
2283 3848 2333 3892 te
2394 3832 2664 3891 servando
2705 3828 2920 3901 explevi
2991 3824 3174 3879 omnia
3211 3820 3392 3894 quoad
3437 3821 3612 3891 potui.

346 3944 531 4000 Tuum
570 3945 674 3998 erit
707 3945 920 4008 deinde,
958 3946 1001 4001 si
1041 3946 1277 4013 libuerit,
1317 3956 1575 4017 praestare
1614 3942 1759 4014 quod
1800 3924 2091 4012 polliceris.
2142 3956 2161 3989 ι

417 4029 525 4087 λθ’.
576 4032 729 4085 Ἐπεὶ
781 4032 841 4086 δὲ
883 4034 1084 4105 συνέϐη
1137 4036 1263 4089 τότε
1317 4033 1759 4104 Κοντοστέφανόν
1808 4049 1932 4085 τινα

360 4126 639 4181 Ἰσαάκιον
680 4127 778 4180 τοῦ
816 4128 987 4181 ῐππου
1030 4129 1390 4199 διολισθῆσαι,
1422 4129 1516 4183 τὸν
1561 4127 1931 4196 Παλαιολόγον

349 4218 551 4287 φωνῶν
590 4220 927 4275 ἀνεκαλεῖτο.
975 4221 1064 4284 Ὠς
1090 4221 1135 4274 δ’
1170 4224 1227 4274 ἐν
1255 4221 1460 4290 γνώσει
1503 4223 1708 4284 ἐκεῖνος
1735 4221 1926 4275 τούτου

348 4310 546 4377 γέγονε
576 4309 670 4364 διά
700 4327 866 4377 τινος,
900 4310 992 4365 τὸν
1018 4310 1271 4382 εὐνοῦχον
1304 4313 1444 4381 προς
1482 4313 1611 4372 τοὺς
1640 4311 1805 4373 ίδεους
1833 4328 1918 4363 πιο

2108 4029 2197 4083 59.
2239 4024 2397 4078 'l‘unc
2424 4021 2653 4089 contigit
2688 4016 2981 4087 quemdam
3026 4011 3288 4067 lsaaeinm
3330 4009 3620 4060 Contostc-

2037 4117 2279 4188 pbauum
2339 4129 2403 4166 ex
2454 4128 2598 4179 equo
2653 4108 2760 4161 labi
2820 4116 2874 4158 et
2931 4103 3289 4169 l’alzeulogum
3325 4098 3618 4164 implorare

2040 4222 2169 4263 voce
2194 4220 2411 4273 magna,
2436 4202 2579 4270 quod
2605 4214 2728 4253 cum
2750 4197 2855 4249 alio
2874 4195 3108 4262 quodam
3128 4192 3426 4245 indicatum
3448 4198 3617 4249 esset,

2035 4300 2295 4355 eunucho
2326 4295 2562 4365 propriis
2600 4289 2982 4346 commendato
3016 4287 3191 4341 servis
3222 4284 3339 4350 ipse
3357 4298 3481 4336 αιηι
3511 4282 3620 4335 alio

352 4399 591 4462 στεύσας
637 4398 976 4470 θεράποντας
1018 4399 1137 4471 μεθ’
1177 4378 1371 4470 ἐτέρου
1412 4402 1558 4459 τινος
1606 4402 1715 4453 τῶν
1764 4400 1929 4453 αὐτοῦ

2042 4396 2276 4459 quoniam
2316 4404 2544 4446 suorum
2570 4385 2899 4441 famulorum
2937 4398 3004 4438 eo
3033 4398 3091 4436 se
3124 4381 3464 4449 contulitqui
3498 4396 3618 4434 esse

350 4491 711 4561 θεραπόντων.
739 4490 868 4544 ἔνθα
898 4491 990 4545 τὸν
1024 4493 1471 4561 Κοντοστέφανον
1494 4493 1715 4546 ἔσεσθαι
1748 4492 1932 4558 ἔλεγον

351 4582 547 4653 ἁ·ῄει,
587 4584 683 4635 καὶ
730 4581 1072 4651 θεασάμενος
1116 4582 1280 4636 αὑτὸν
1311 4584 1599 4655 πόρρωθεν
1644 4582 1929 4653 φωνοῦντα

352 4672 808 4744 ἁπερικάλυπτον
837 4674 936 4743 τὴν
967 4674 1231 4744 κεφαλὴν,
1269 4673 1540 4744 ὕπεκρίθη
1571 4675 1644 4743 μὴ
1668 4675 1803 4744 ὀρᾷν
1837 4673 1934 4726 αύ-

353 4767 465 4825 τδν,
502 4763 890 4833 δοκιμάζοντος
921 4757 1054 4818 οἷον.
1095 4764 1337 4818 Ἐκείνου
1366 4766 1423 4818 δὲ
1450 4764 1542 4817 τὸν
1568 4764 1934 4830 Παλαιολόείον

357 4856 732 4926 γνιυρέσαντος
764 4858 858 4907 καὶ
887 4856 1087 4923 μᾶλλον
1114 4857 1276 4908 αὐτὸν
1318 4856 1784 4925 ἀνακαλουμένου,
1812 4855 1935 4906 ἐπεὶ

358 4947 483 5008 τοὺς
512 4945 789 5016 Τούρκους
819 4946 1214 5015 πλησιάζοντας
1236 4948 1520 5011 ἐθεάσατο,
1549 4949 1660 5001 δεῖν
1680 4947 1821 5016 ἔγνω
1860 4945 1934 5015 μὴ

360 5040 452 5090 ἐπὶ
480 5038 643 5091 πλέον
667 5039 766 5109 τὴν
800 5038 1004 5107 σκηνὴν
1034 5039 1447 5110 ὑποκρίνεσθαι,
1484 5040 1577 5092 καὶ
1618 5038 1936 5108 πλησιάζων

362 5128 511 5197 αύτῷ
541 5126 766 5197 ἑτέρωθι
792 5128 1004 5198 βλέπων
1026 5128 1244 5196 ἐφώνειο
1274 5148 1292 5181 ι
1337 5130 1492 5190 ﬂcio;
1518 5129 1609 5181 τὸν
1637 5127 1937 5187 Κοντοστέ-

364 5235 532 5284 φανον
574 5218 875 5284 ἐθεάσατος
916 5237 934 5269 ι
968 5220 1036 5273 '0
1070 5220 1127 5273 δὲ
1174 5222 1269 5272 ἐπὶ
1301 5220 1464 5272 πλέον
1508 5220 1706 5287 ἐφώνει
1750 5221 1937 5271 τοῦτον

363 5310 825 5379 ἀνακαλούμενος.
870 5310 1143 5364 Ἀπελθὼν
1173 5311 1265 5390 οὔχ
1298 5313 1377 5375 εἰς
1413 5312 1575 5365 αὑτὸν
1622 5312 1715 5364 καὶ
1747 5311 1937 5364 κελεύ-

368 5418 464 5462 σας
498 5399 579 5472 [Ρ.
613 5401 740 5471 108]
771 5402 1201 5471 ἐποληθῆναιεὶς
1233 5404 1291 5456 ὃν
1316 5403 1465 5473 αύτῷ
1494 5403 1750 5473 ἐκόμισεν
1775 5403 1939 5455 ἵππον

371 5491 681 5561 ὑπέστρεψε
709 5494 806 5546 σὺν
849 5493 1023 5563 αὐτῷ.
1050 5494 1466 5558 Καταλαὸὅντες
1496 5496 1554 5548 δὲ
1581 5495 1709 5547 ἔνθα
1755 5497 1783 5546 ὁ
1831 5495 1939 5548 ηα-

370 5583 646 5651 λαιολόγος
663 5585 754 5637 τὸν
778 5585 1030 5656 εὐνοῦχον
1051 5588 1331 5651 κατέλιπε,
1352 5589 1626 5658 παραδοὺς
1652 5589 1763 5650 τοῖς
1790 5587 1939 5649 ἰδίοις

375 5675 634 5745 οἰκέταις,
671 5679 1195 5748 συμπαραλαϐόντες
1243 5681 1403 5733 αὐτὸν
1454 5682 1796 5751 κατήλθοσαν
1827 5684 1940 5751 ἅμα

2037 4485 2541 4556 Contosteplianum
2589 4480 2827 4534 aiebant.
2872 4479 2933 4531 Et
2985 4491 3108 4529 eum
3152 4475 3368 4528 intuens
3424 4472 3617 4541 procul

2036 4580 2385 4637 cla‘mantem,
2418 4574 2529 4641 ipse
2561 4579 2725 4640 caput
2762 4578 3058 4638 contegens
3112 4564 3347 4632 tingebat
3397 4580 3456 4616 se
3512 4578 3615 4613 non

2035 4672 2218 4726 videre
2249 4678 2469 4724 tentaus
2517 4664 2765 4718 videticct
2795 4664 2914 4716 lusu
2950 4659 3208 4728 quodam.
3247 4655 3382 4708 Cum
3430 4664 3611 4707 autem

2037 4762 2127 4815 ille
2164 4758 2534 4825 Puheologum
2599 4752 2858 4823 praeclare
2899 4762 3205 4819 agnoscens
3238 4742 3473 4795 validius
3526 4742 3613 4793 in-

2039 4857 2322 4914 clamaret,
2353 4859 2407 4903 et
2437 4845 2642 4914 alioqui
2675 4843 2885 4896 'l‘urcos
2912 4842 2975 4893 ad
3002 4855 3125 4894 eum
3162 4835 3610 4905 appropinquan-

2042 4954 2123 4998 tes
2164 4943 2503 5009 Palmologus
2542 4934 2952 4995 animadvertit,
2996 4946 3101 4984 non
3139 4931 3250 4996 jam
3302 4924 3518 4979 ludendi
3552 4940 3614 4976 ac.

2044 5051 2138 5103 per
2173 5035 2360 5103 jocum
2409 5027 2704 5086 simulandi
2760 5035 2971 5094 tempus
3021 5031 3193 5083 ratus,
3242 5021 3507 5074 accedens
3548 5020 3612 5071 al

2043 5127 2219 5195 ipsum
2267 5134 2320 5177 ct
2354 5122 2461 5175 alio
2490 5122 2708 5173 intuens
2740 5115 3037 5183 quazrebat,
3085 5129 3212 5165 num
3255 5112 3379 5180 quis
3408 5112 3615 5165 (Inuitu-

2044 5217 2371 5287 steplianum
2406 5214 2653 5266 vidissM.
2698 5210 2791 5263 Ille
2822 5223 2949 5262 vero
2976 5214 3128 5262 tanto
3173 5214 3481 5258 contentius
3514 5221 3607 5254 vn-

2044 5308 2372 5363 (iferabatur
2402 5303 2766 5371 Palarologum
2798 5301 3071 5353 invocans.
3106 5297 3209 5362 Qui
3242 5308 3368 5349 tunc
3399 5298 3462 5349 ad
3494 5312 3617 5349 eum

2047 5399 2312 5456 accedens
2368 5396 2736 5449 conscendere
2789 5392 2952 5462 jussit
3002 5407 3162 5459 quem
3221 5390 3320 5458 ipsi
3381 5390 3617 5440 (lucebat

2046 5510 2268 5564 equum,
2304 5506 2366 5545 ac
2396 5504 2519 5543 cum
2553 5491 2670 5556 ipso
2696 5501 2946 5539 reversus
2972 5494 3079 5538 est.
3112 5484 3212 5549 Qui
3245 5499 3368 5537 cum
3406 5498 3469 5533 eo
3496 5495 3617 5548 per.

2051 5587 2323 5640 venissent
2354 5583 2443 5636 ubi
2480 5580 2811 5643 Paimrdngus
2843 5579 3157 5629 eunuchum
3195 5574 3485 5642 reliquerat
3515 5572 3617 5621 sub

2050 5696 2179 5734 cura
2235 5691 2511 5730 serrozum
2563 5689 2811 5738 suorum,
2848 5674 2936 5723 illo
2995 5687 3182 5723 eorum
3234 5683 3398 5735 opera
3432 5678 3627 5716 secuit

3644 1170 3669 1185 δ

3742 6130 3957 6164 *μ
