4080 6206
423 201 537 273 2ἱ5
1522 206 2034 271 CONSTANTINI

2081 207 2104 268 Ξ
2142 206 2533 271 MANASSES
3583 195 3692 261 216

431 325 737 388 assumpto,
791 315 1164 387 Helenopolim
1219 318 1479 388 primum,
1524 318 1718 373 deinde
1776 317 1903 371 hinc
1951 315 2042 374 in.

2110 315 2189 378 εἰς
2226 313 2625 381 Ἐλενούπολιν,
2684 311 2940 368 κάκεῖθεν
2968 312 3049 372 εἰς
3104 307 3205 379 τὴν
3236 306 3396 360 πόλιν
3441 305 3699 376 εἰσῄεσαν

431 411 624 464 urbem
662 408 893 480 ingressi
932 416 1060 464 sunt
1095 424 1199 463 una
1238 424 1363 463 cum
1407 410 1633 480 reliquis
1664 410 1859 479 coliiis.

1724 410 1859 479 .piis.
2123 408 2260 477 μετᾶ
2287 407 2381 460 τοῦ
2414 404 2866 473 καταλειφθέντος
2905 398 3335 471 στρατεύματος,

502 497 593 552 40.
621 498 689 552 At
721 498 1256 555 fraudulentissimus
1286 500 1573 554 eunuchus
1599 499 1842 553 omnium
1870 498 2011 554 obli-

2195 493 2269 564 μ’.
2318 496 2375 550 '0
2401 495 2458 549 δὲ
2488 493 2810 557 δολιώτατος
2844 489 3098 559 εὐνοῦχος
3147 488 3407 542 ἁπάντων
3436 483 3698 538 inualid-

431 601 521 645 tus
553 605 674 659 qua:
702 589 1004 660 Pal:e01030
1030 588 1283 654 debebat,
1308 592 1421 661 jam
1448 602 1923 661 praeoccupaverat
1955 592 2007 644 in

2124 598 2283 653 μενος
2316 583 2411 637 καὶ
2438 583 2629 652 ὥσπερ
2651 582 2719 636 τὰ
2750 582 3008 651 αἴσχιστα
3039 577 3234 631 παθὼν
3270 573 3426 646 παρὰ
3457 574 3552 628 τοῦ
3591 575 3702 627 Πα-

431 698 556 736 eum
593 681 940 749 imperatoris
967 682 1213 737 animum
1249 683 1445 738 litteris
1476 684 1548 737 ita
1579 683 1818 753 scriptis,
1851 683 2009 753 quasi

2121 673 2401 742 λαιολόγου
2461 674 2581 728 κατ’
2623 672 2790 727 αὑτοῦ
2835 673 2931 726 καὶ
2974 669 3071 725 τοῦ
3122 668 3406 739 Κουρτίκη
3444 666 3584 736 πρὸς
3609 667 3703 720 τὸν

430 789 494 827 ea
526 772 868 841 expeditione
900 782 1009 829 tota
1043 776 1596 831 contumeliosissime
1627 776 1819 831 luisset
1849 791 1878 828 a
1907 775 2011 830 Pa-

2122 766 2348 836 βασιλέα
2393 766 2555 828 εὐθὺς
2601 764 2860 835 ἔγραφεν.
2901 761 2988 816 Ἐν
3022 761 3080 815 δὲ
3113 759 3193 829 τῷ
3227 758 3576 830 εἰσέρχεσθαι
3620 758 3702 822 εἰς

429 865 658 933 Ιειξοιοεο
685 874 738 918 et
763 862 981 919 Cortice
1015 864 1175 937 166
1208 876 1459 920 vexatus.
1486 864 1640 932 Quod
1678 865 1838 920 veluti
1872 880 2009 934 pra:-

2121 856 2219 929 τὴν
2251 856 2613 929 μεγαλόπολιν
2642 853 2868 909 τοιαῦτα
2900 854 2929 906 ὁ
2958 851 3271 922 Κουρτικης
3296 849 3436 919 πρὸς
3464 848 3560 902 τὸν
3591 850 3704 903 [Ια-

430 955 673 1011 scntiens
700 954 945 1012 Curtices
968 957 1087 1025 ipso
1110 957 1162 1010 in
1192 955 1722 1026 Constantinopolim
1756 958 2003 1027 ingressu

2119 948 2402 1016 λαιολόγον
2441 946 2660 1015 ἔλεγεν·
2699 964 2719 998 ι
2774 943 3053 1015 poema
3096 942 3316 1005 πάντως
3347 942 3448 994 ὅσα
3498 938 3646 994 κακὰ
3675 943 3705 994 ὁ

430 1047 702 1102 avuncqu
720 1047 890 1102 dixit:
926 1064 945 1098 ι
981 1045 1303 1103 Videbimus
1341 1049 1565 1103 omnino
1594 1060 1859 1119 quantum
1895 1065 2013 1104 ma-

2123 1039 2386 1110 ἐκτομίας
2416 1034 2572 1102 οὗτος
2603 1037 2741 1109 πρὸς
2767 1037 2914 1107 ἡμᾶς
2954 1032 3280 1100 ἐνδείξεται.
3312 1051 3331 1086 ι
3374 1032 3703 1085 Φθασάντων

432 1137 606 1192 lorum
657 1134 1070 1194 machinaturus
1120 1138 1280 1194 nobis
1315 1139 1402 1194 hic
1450 1141 1620 1208 spado
1670 1141 1758 1195 sit.
1798 1159 1818 1193 ι
1867 1141 2006 1196 Cum

2120 1131 2215 1188 οὗν
2245 1135 2383 1205 πρὸς
2429 1133 2528 1196 τὰς
2574 1133 2750 1196 πύλας
2788 1129 2886 1185 τοῦ
2939 1128 3204 1182 παλατιου
3260 1124 3628 1198 προεισελθὼν
3675 1126 3705 1178 ὁ

430 1245 561 1295 ergo
612 1230 680 1285 ad
727 1229 870 1287 fores
928 1232 1108 1301 palatii
1168 1232 1565 1302 pervenissent,
1621 1249 2011 1303 prmoccupans

2121 1225 2380 1295 εὐνοῦχος
2423 1224 2848 1296 προσεψιθύρισε
2877 1220 2955 1290 τῷ
2991 1217 3228 1290 πυλωρῷ
3259 1217 3402 1271 ὥστε
3445 1215 3703 1270 ἀποκλεῖ-

427 1323 718 1376 eunucltus
746 1322 953 1376 aditum
984 1322 1352 1377 insusurravit
1385 1323 1439 1376 in
1469 1338 1655 1377 aurem
1690 1324 1918 1392 janitori
1950 1334 2012 1379 ut

2123 1337 2214 1372 σαι
2242 1317 2457 1381 τούτοις
2499 1319 2598 1387 τὴν
2627 1317 2854 1370 εἷσοδον.
2904 1315 2964 1368 '0
2985 1314 3031 1367 δ’
3065 1311 3227 1374 εὐθὺς
3262 1310 3324 1364 τὸ
3365 1309 3702 1380 προσταττόυ

431 1413 622 1467 aubos
674 1414 982 1483 repelleret.
1036 1415 1190 1481 Quod
1242 1416 1332 1470 ille
1387 1417 1571 1471 statim
1613 1417 1758 1479 ferit,
1797 1416 2007 1487 ingredi

2124 1427 2287 1482 μενον
2327 1409 2568 1482 ἐπλήρου
2619 1409 2712 1462 καὶ
2763 1408 2986 1477 ὼθήσας
3017 1405 3110 1459 τὸν
3159 1401 3525 1470 Παλαιολόγον
3570 1401 3705 1454 ἀπο-

430 1514 719 1560 conantem
762 1505 1123 1577 Palaeologum
1160 1523 1324 1562 manu
1357 1507 1656 1563 extrudens
1685 1515 1740 1561 et
1788 1507 2010 1577 utrique

2120 1503 2292 1558 κλείει
2319 1504 2420 1574 τὴν
2446 1503 2672 1557 εἴσοδον.
2710 1502 2938 1556 Ἐκτοτε
2976 1497 3109 1568 γοῦν
3153 1495 3271 1551 ἀνθ’
3297 1489 3372 1549 ὧν
3413 1494 3702 1549 ὲπεπὸνὶει

432 1595 804 1653 intcrcludens
861 1598 1191 1669 ingressum.
1247 1597 1359 1654 Nec
1398 1599 1636 1653 cessavit
1690 1596 1885 1651 deinde
1921 1598 2043 1662 in-l

2117 1594 2340 1664 ἀγαθῶν
2384 1595 2485 1649 οὐκ
2527 1594 2760 1649 ἐνεδίδου
2794 1594 2916 1647 κατ’
2943 1589 3108 1646 αὐτοῦ
3144 1588 3388 1662 τνρεύων
3431 1588 3526 1641 καὶ
3563 1604 3703 1641 παν-

432 1685 778 1751 gt‘atissimus
824 1655 998 1758 spado
1024 1688 1176 1758 paria
1206 1686 1484 1742 beneﬁciis
1531 1684 1770 1754 acceptis
1800 1682 2011 1739 Palmo-
2040 1656 2043 1713 Ῐ

1592 1684 1770 1754 :ceptis
1800 1682 2011 1739 Palaeo-
2040 1655 2088 1714 Β
2119 1655 2279 1751 τοίως
2308 1687 2408 1759 τὴν
2433 1687 2601 1741 αὐτοῦ
2632 1685 2911 1741 ἀπώλειαν
2936 1683 3203 1757 μελετῶν.

434 1773 559 1846 logo
605 1776 781 1847 quoad
835 1778 1014 1849 potuit
1066 1778 1333 1833 malelicia
1384 1776 1650 1844 reddere,
1707 1779 1899 1834 turbas
1955 1778 2009 1832 in

432 1884 558 1925 eum
587 1871 740 1928 ciens
770 1883 822 1927 ct
856 1871 1023 1927 variis
1049 1872 1259 1927 artibus
1280 1871 1506 1927 exitium
1542 1871 1645 1941 ipsi
1679 1872 1937 1927 moliens.

1688 2216 1863 2261 ANNO
1897 2214 2131 2261 DOMINI
2173 2215 2450 2261 MLXXXI.

957 2406 2170 2643 ﬂoNSTlNl‘lNUS
2329 2410 3168 2643 MlNlSSllS

1745 2865 2353 2979 NOTlTlA

1430 3086 1655 3155 (Fannio.
1680 3082 1977 3153 Bibliotheca
1994 3086 2183 3143 Graeca,
2215 3092 2333 3136 tom.
2374 3087 2455 3148 Vl,
2488 3104 2538 3154 p.
2569 3090 2698 3155 157.)

503 3345 632 3402 Post
672 3343 891 3416 Glycam
920 3342 1146 3415 scripsit
1176 3342 1325 3399 circa
1351 3341 1419 3398 Δ.
1445 3340 1509 3400 C.
1540 3341 1700 3408 1150,
1738 3344 1843 3399 sub
1872 3344 2120 3399 Manuele
2151 3343 2456 3405 Comneno,
2493 3358 2656 3414 quem
2689 3342 2874 3398 laudat
2902 3359 3024 3415 pag.
3059 3344 3128 3399 55
3157 3344 3294 3399 edit.
3340 3344 3496 3416 l'teg.,
3519 3345 3700 3399 Chro-

433 3435 594 3491 nicon
633 3448 791 3487 suum
818 3429 892 3488 ab
926 3431 1062 3487 orbe
1111 3432 1337 3488 condito
1379 3431 1447 3487 ad
1472 3431 1536 3486 A.
1572 3430 1636 3486 (Σ.
1674 3430 1833 3497 1081,
1878 3430 1993 3486 sive
2025 3432 2321 3503 Nicephori
2369 3431 2669 3488 Botaniatze
2728 3431 3018 3501 imperium
3078 3440 3132 3486 et
3180 3431 3352 3487 Alexii
3428 3429 3697 3487 Comneni

436 3520 590 3574 initia
644 3516 1037 3574 Constantinus
1090 3517 1386 3574 Manasses.
1447 3516 1665 3574 Titulus
1740 3533 1843 3572 ms.
1910 3518 2047 3573 Phili

2079 3521 2149 3589 tpi
2231 3520 2437 3575 Labbei
2494 3538 2509 3575 :
2567 3518 2672 3573 Τοῦ
2727 3519 2996 3590 Μανασσῆ
3049 3520 3219 3592 κυροῦ
3275 3520 3690 3574 Κωνσταντίνου

439 3606 534 3659 τοῦ
564 3604 956 3675 γραμματικοῦ
1006 3604 1264 3675 λαμπροῦ
1320 3604 1543 3674 σύνοψις
1599 3605 1826 3677 χρονικὴ
1864 3606 1955 3658 διὰ
1993 3606 2291 3661 πολιτικῶν
2324 3609 2523 3678 στίχων
2561 3609 2626 3660 ὲκ
2684 3607 2784 3676 τῆς
2812 3608 3170 3677 κοσμοποιίας
3209 3607 3486 3678 ἀρχομένη
3534 3607 3695 3677 μέχρι

435 3694 535 3762 ’.ἧς
570 3691 858 3754 Βασιλείας
922 3690 1016 3744 τοῦ
1086 3692 1406 3745 Βοτανιὸτου
1470 3693 1639 3764 acopo-3
1694 3692 2032 3764 Νικηφόρον,
2086 3696 2224 3767 πρὸς
2286 3696 2387 3768 τὴν
2444 3697 2985 3767 Σεϐαστοκρατορεαν
3057 3697 3234 3769 κύρην
3281 3696 3541 3767 Εἰρήνην,
3593 3696 3697 3768 τὴν

438 3779 530 3833 ἔπ’
560 3777 775 3849 ἀδελφῷ
808 3776 1031 3850 νύμφην
1057 3777 1152 3831 τοῦ
1185 3777 1451 3849 βασιλέως
1476 3778 1736 3849 Μανουὴλ
1763 3778 1858 3833 τοῦ
1887 3782 2049 3850 Κομν

2085 3781 2198 3835 νοῦ.
2224 3783 2346 3839 Non
2378 3799 2537 3854 prosa
2571 3784 2668 3840 sed
2705 3784 2955 3840 versibus
2989 3799 3165 3853 pros-ta
3218 3784 3515 3840 simillimis
3553 3798 3696 3853 quos

437 3865 676 3934 politicos
698 3864 876 3921 Graeci
913 3866 1252 3921 recentiores
1298 3866 1577 3935 appellant
1601 3866 1824 3937 scripsit
1846 3866 2087 3925 Annales
2112 3885 2263 3936 suos,
2305 3872 2422 3927 sive
2449 3872 2671 3941 σύνοψιν
2710 3872 2993 3942 ἱστορικὴν
3020 3873 3085 3927 ad
3128 3872 3340 3927 lrenem
3394 3871 3697 3932 Andronici

435 3954 701 4012 Comneni
734 3968 984 4018 uxorem,
1023 3954 1092 4009 de
1123 3969 1229 4024 qua
1262 3952 1501 4023 Cangius
1534 3954 1590 4008 in
1630 3953 1869 4008 Familiis
1906 3954 2237 4025 Byzantinis,
2262 3974 2387 4030 pag,
2418 3958 2541 4014 181.
2574 3959 2751 4014 Vertit
2791 3959 2938 4013 hunc
2995 3960 3321 4029 scriptorem
3380 3975 3456 4014 ex
3511 3958 3695 4014 Italico

436 4043 631 4097 codice
661 4041 1017 4113 vulgavitque
1041 4040 1233 4096 Latine
1260 4040 1345 4096 Jo.
1372 4040 1740 4097 Leunclavius
1764 4042 1926 4097 Basil.
1956 4043 2114 4107 1573,
2146 4044 2199 4098 8.
2227 4044 2414 4102 Graece
2444 4062 2510 4102 ex
2537 4047 2743 4102 codice
2762 4046 3015 4102 Palatino
3033 4046 3373 4117 deseriptum
3399 4045 3484 4100 Jo.
3513 4046 3693 4101 Meur-

435 4132 556 4184 sius
587 4129 786 4194 edidit,
823 4129 1116 4199 subjuncta
1153 4127 1471 4182 Leunelavii
1507 4127 1756 4183 versione
1777 4129 1845 4184 ad
1880 4130 2086 4186 calcem
2114 4131 2415 4188 voluminis
2445 4141 2502 4187 et
2534 4134 2681 4187 notis
2710 4134 2954 4203 ejusdem
2980 4134 3203 4203 suisque
3235 4132 3695 4204 castigationibus

434 4216 612 4286 Lugd.
637 4216 757 4271 Bat.
791 4215 951 4279 1616,
980 4217 1034 4271 4.
1072 4216 1211 4271 llinc
1251 4215 1396 4270 inter
1438 4214 1693 4271 Historiae
1731 4215 1857 4288 Byz.
1890 4219 2191 4288 scriptores
2237 4220 2417 4275 lucem
2450 4220 2588 4274 vidit
2618 4219 2802 4275 Grrccc
2848 4230 2904 4276 et
2933 4220 3125 4276 Latine
3164 4221 3339 4276 Paris.
3379 4220 3535 4284 1655,
3570 4219 3691 4286 fol.,

433 4304 638 4360 additis
671 4314 870 4374 praeter
904 4304 1129 4358 Meursii
1159 4312 1215 4358 et
1255 4303 1577 4358 Lennclavii
1607 4312 1769 4359 notas
1802 4306 1971 4360 variis
2015 4307 2138 4362 lect.
2168 4323 2199 4362 e
2261 4322 2365 4362 ms.
2420 4308 2610 4362 codice
2655 4308 2862 4373 Allatii,
2903 4318 2959 4363 et
2999 4323 3136 4378 quas
3184 4308 3416 4364 Carolus
3456 4307 3696 4362 Annibal

433 4393 730 4450 Fabrottus
754 4393 975 4464 collegit
1001 4411 1033 4450 e
1062 4388 1281 4449 duobus
1316 4395 1500 4465 Regiis
1523 4394 1832 4456 codicibus.
1865 4396 2229 4466 ejusdemque
2251 4393 2496 4449 Fabrotti
2544 4395 2828 4466 glossario.
2855 4395 3105 4452 Andreas
3131 4395 3392 4452 Scliottus
3415 4395 3469 4450 in
3494 4394 3697 4450 litteris

434 4482 504 4538 ad
533 4480 834 4537 Meursium
869 4482 1013 4537 datis
1039 4482 1111 4536 28
1145 4482 1378 4550 August.
1413 4480 1683 4535 Λ.1615;
1722 4482 1799 4536 De
1820 4482 2066 4539 Manasse
2116 4486 2243 4538 scito
2279 4491 2327 4535 et
2371 4498 2526 4552 penes
2561 4500 2641 4537 me
2688 4500 2797 4539 esse
2827 4502 2926 4540 ms.
2967 4501 3031 4539 ea:
3071 4484 3216 4540 libris
3250 4484 3397 4540 Petri
3445 4483 3689 4552 Paulini,

433 4568 613 4623 eodem
633 4570 794 4625 etiam
832 4568 1026 4624 Latino
1054 4570 1363 4636 interprete,
1387 4582 1511 4621 cum
1556 4569 1833 4639 ignoraret
1864 4571 2098 4626 fortasse
2130 4585 2160 4624 a
2192 4568 2528 4623 Leunclavio
2559 4585 2681 4626 esse
2705 4586 3057 4628 conversum.

1386 4895 1748 4958 JOANNIS
1790 4893 2167 4954 MEURSII
2208 4893 2704 4956 DEDI‘CATIO.

809 5080 1226 5125 SERENISSIMO
1269 5079 1821 5133 INVICTISSIMOQUE
1862 5077 2132 5122 PRINCIPI
2176 5077 2462 5123 GUSTAVO
2497 5079 2791 5124 ADOLPHO
2833 5080 2896 5123 D.
2922 5080 2978 5125 (Ξ.
3003 5081 3337 5126 SUECORUM

582 5181 935 5227 GOT‘HOBUﬂ
992 5178 1429 5227 VANDALORUM
1495 5180 1646 5226 REGI
1708 5181 1784 5224 ET
1845 5180 2116 5224 PRINCIPI
2180 5179 2606 5225 HEBEDITARIO
2678 5169 2904 5241 MAGNO:
2947 5183 3093 5226 DUCI
3155 5184 3520 5228 FINLANDUE

1332 5283 1660 5329 ESTHONLE
1689 5282 2316 5340 WESTHMANNLEQUE,
2349 5284 2485 5327 ETC.
2510 5283 2827 5329 PRINCIPI.°

2046 5443 2105 5455 ..-

497 5546 748 5615 Quantus
790 5553 863 5608 sit
912 5538 1159 5612 historiae
1193 5570 1348 5617 usus,
1374 5554 1543 5609 etiam
1576 5550 1819 5624 regibus.
1855 5555 2094 5611 Gustave
2131 5556 2404 5624 Adolphe,
2438 5569 2533 5608 rex
2569 5561 2821 5625 auguste,
2846 5553 2958 5622 jam
2991 5553 3154 5608 toties
3203 5563 3259 5607 et
3286 5568 3312 5607 a
3352 5561 3459 5605 tam
3496 5553 3691 5609 multis

433 5633 639 5691 dictum
668 5646 728 5694 ut
757 5655 918 5697 nemo
950 5643 1202 5714 ignorare
1229 5646 1442 5714 possit;
1476 5657 1652 5711 eaque
1683 5641 1751 5697 de
1777 5660 1835 5699 re
1866 5661 2180 5701 sermonem
2227 5645 2317 5699 hic
2356 5640 2647 5707 instituere
2679 5642 2818 5698 velle
2850 5641 3050 5697 merito
3085 5640 3341 5711 putidum
3382 5639 3684 5699 habeatur.
