4106 6206
349 303 441 372 217
1803 317 2134 378 NOTITIA.
2287 307 2297 315 ’
3482 322 3588 389 218

350 417 525 486 Itaque
582 414 687 469 hoc
742 415 973 469 suilli-int
1020 434 1213 485 unum,
1265 438 1389 477 cum
1444 433 1567 493 post
1620 424 1789 479 ardua
1841 427 1991 493 regni
2047 427 2262 495 negotia
2299 427 2503 482 fessum
2555 428 2800 482 animum
2849 429 3126 484 ohlectare
3179 445 3334 499 regas
3370 433 3587 496 volunt,

349 516 610 571 nusquam
639 501 861 588 dignius
888 506 1146 575 occupari
1175 508 1350 562 otium
1390 525 1552 579 posse
1581 526 1745 580 quam
1775 512 1827 565 in
1861 512 2104 566 historiae
2137 513 2397 568 lectione.
2432 513 2580 568 llanc
2628 514 2699 568 ob
2735 528 2847 569 rem
2897 526 3143 585 augusta:
3178 518 3447 588 maiestati
3483 529 3591 574 tua:

347 588 758 644 Constantinum
792 587 1093 645 Manasscm
1134 591 1331 658 offero,
1362 594 1456 663 qui
1512 598 1837 664 compendio
1869 612 1958 666 res
1986 599 2056 652 ab
2095 601 2229 654 orbe
2272 601 2499 656 condito
2529 610 2711 671 gestas
2752 618 2926 672 usque
2967 604 3033 657 ad
3084 620 3258 658 annos
3306 620 3337 659 a
3366 605 3589 662 Christo

349 674 629 729 Servatore
662 684 793 730 nato
828 676 979 731 mille
1010 677 1281 736 ducentos
1301 681 1741 751 comprehendit.
1765 684 1929 742 Facio
1954 688 2237 753 audacter,
2273 690 2419 760 quod
2447 705 2511 745 ca
2547 688 2850 760 maiestatis
2880 703 2989 747 tuae
3002 692 3163 761 ’apud
3206 710 3307 750 nos
3330 695 3403 750 sit
3422 695 3586 761 fama,

348 762 451 817 imo
487 761 682 815 orbem
710 761 1088 819 Christianum
1135 765 1479 829 universum.
1517 769 1661 824 inter
1689 780 1917 826 caeteras
1967 778 2201 830 virtutes
2227 776 2331 831 hoc
2361 778 2703 846 propositum
2735 779 2971 832 maxime
3032 779 3257 845 habere,
3314 796 3499 837 ornare
3534 793 3590 838 et

346 848 609 936 trstimare
639 846 875 903 litteras.
918 849 974 905 Id
1013 851 1159 920 quod
1202 854 1472 908 maximos
1509 871 1761 926 quosque
1806 858 2083 930 principes
2138 872 2290 918 tanto
2324 864 2509 918 studio
2543 874 2891 920 consectatus
2952 868 3005 920 in
3054 877 3341 936 comperto
3388 878 3494 932 est,
3530 878 3592 923 ut

347 933 713 1028 imperfectam
759 936 866 991 sibi
907 937 1132 1028 gloriam
1163 941 1324 1028 aliam
1365 956 1585 997 omnem
1619 945 1938 1002 existimare
1967 950 2312 1011 viderentur.
2347 954 2453 1007 nisi
2496 956 2640 1008 hanc
2673 956 2910 1009 assecuti
2947 965 3155 1010 essent.
3181 933 3420 1012 Nomina
3455 974 3590 1028 pru-

343 1023 470 1123 dens
490 1037 601 1076 non
633 1038 927 1123 recenseo,
965 1026 1100 1081 satis
1126 1040 1195 1080 ex
1228 1027 1459 1123 historia
1497 1039 1648 1084 nota.
1684 1029 1929 1117 Quorum
1957 1039 2205 1093 omnium
2248 1056 2374 1096 cum
2406 1042 2642 1097 virtutes
2692 1044 2884 1098 sedulo
2936 1045 3293 1112 contiunxeris
3322 1047 3387 1099 azl
3420 1023 3591 1102 mira-

345 1109 649 1202 culum‘mvi
697 1109 883 1181 hujus,
922 1126 1016 1166 rex
1040 1122 1293 1202 auguste.
1325 1115 1464 1169 hanc
1507 1109 1727 1187 quoque
1754 1121 1971 1177 laudem
2000 1123 2192 1182 deesse
2244 1129 2513 1200 maiestati
2553 1139 2659 1186 tute
2705 1130 2953 1185 uoluisti.
2986 1109 3191 1202 Nempe
3230 1141 3309 1186 tot
3356 1133 3587 1197 illustria

342 1197 622 1298 exempla...
641 1207 1058 1298 quae-perpetuo
1079 1200 1272 1298 animo
1301 1204 1604 1298 maiestatis
1633 1215 1739 1261 tum
1770 1225 1900 1264 vere
1928 1212 2077 1282 regio
2104 1197 2497 1280 obversantur,
2529 1215 2691 1272 aliter
2727 1214 2909 1271 facere
2939 1218 3083 1271 haud
3123 1197 3493 1287 patiebantur.
3520 1221 3588 1275 Et

345 1296 399 1376 ut
429 1285 520 1339 illa
547 1285 717 1376 etiam
749 1285 1026 1376 deessent,
1060 1287 1211 1342 domi
1252 1291 1556 1360 maiestatis
1586 1302 1693 1349 tua:
1724 1310 1894 1351 unum
1923 1309 2062 1365 erat,
2109 1305 2357 1358 omnium
2395 1305 2589 1366 insuar,
2621 1304 2732 1359 divi
2765 1304 2968 1369 Caroli,
3005 1285 3250 1375 parentis
3283 1306 3387 1370 tui,
3420 1323 3585 1376 quem

342 1374 721 1474 benevolentia
752 1374 848 1429 Dei
879 1377 1193 1474 asserendis
1217 1378 1356 1474 forti
1390 1395 1554 1435 manu
1589 1383 1859 1452 majestati
1893 1396 1999 1443 tua:
2031 1390 2216 1462 regnis
2249 1391 2529 1446 excitavit.
2566 1391 2649 1447 Ad
2692 1392 2932 1461 reliquas
2962 1374 3145 1446 autem
3177 1393 3412 1447 virtutes
3436 1374 3583 1463 quod

342 1463 552 1525 attinet,
580 1463 708 1532 quis
734 1478 843 1519 non
871 1465 1132 1533 pietatem
1159 1467 1414 1534 miratur,
1445 1485 1624 1524 raram
1649 1471 1703 1526 in
1745 1481 1852 1527 tam
1882 1478 2102 1534 excelso
2141 1478 2397 1549 fastigio?
2427 1477 2561 1545 Quis
2581 1495 2691 1533 non
2726 1479 2893 1535 animi
2925 1479 3360 1549 magnitudinem
3389 1480 3584 1535 incon-

338 1564 548 1605 cussam
567 1551 591 1604 ἲ
612 1551 740 1620 quis
768 1554 1168 1610 constantiam?
1188 1557 1313 1627 quis
1344 1557 1772 1616 fortitudinem?
1801 1563 1897 1632 qui
1930 1564 1987 1618 in
2021 1565 2217 1635 primis
2255 1566 2378 1622 istis
2422 1566 2603 1628 annis.
2634 1580 2760 1622 cum
2790 1568 3005 1622 hostem
3040 1567 3338 1622 barbarum
3370 1576 3426 1622 et
3453 1576 3587 1624 aetas

339 1639 640 1708 maiestatis
669 1650 776 1695 ture
803 1650 861 1695 et
899 1657 996 1696 sua
1032 1643 1222 1699 feritas
1246 1660 1501 1700 securum
1536 1647 1805 1711 facerent,
1839 1652 2034 1708 timere
2075 1660 2257 1707 tamen
2298 1653 2546 1724 coegisti,
2574 1665 2631 1709 et
2668 1654 2822 1724 regni
2863 1653 3001 1709 lines
3055 1663 3118 1709 ut
3152 1654 3463 1724 intrepidus
3510 1656 3584 1711 ita

338 1724 575 1780 invictus
608 1726 922 1781 vindicasti.
955 1728 1064 1783 Ibit
1094 1729 1210 1785 ba:c
1240 1746 1329 1786 res
1361 1731 1416 1786 in
1452 1732 1760 1798 historiam,
1784 1752 1877 1791 rex
1897 1747 2151 1807 auguste,
2177 1747 2234 1792 et
2257 1739 2555 1808 posteritas
2577 1739 2669 1793 vix
2703 1741 2821 1794 sine
2864 1748 3091 1809 stupore
3116 1740 3278 1810 leget.
3311 1740 3389 1795 Ac
3420 1739 3587 1809 hujus

334 1813 555 1883 quidem
604 1813 884 1872 felicitatis
913 1815 1339 1873 instrumentum
1380 1835 1513 1876 sane
1535 1837 1816 1891 magnum,
1860 1826 1946 1879 vir
1974 1825 2207 1879 illustris
2251 1833 2307 1879 et
2345 1824 2791 1894 incomparabilis
2840 1827 3064 1880 Axelius
3096 1826 3167 1880 ob
3198 1826 3586 1890 Oxeustierna,

333 1904 490 1974 regiae
520 1904 827 1976 maiestatis
858 1913 965 1960 tum
993 1908 1376 1974 caneellarius,
1403 1908 1713 1966 immortale
1744 1911 1897 1983 regni
1928 1912 2134 1977 decus;
2160 1924 2325 1983 quem
2357 1922 2417 1966 ut
2448 1911 2709 1982 singulari
2743 1912 2832 1966 illa
2854 1913 3148 1982 prudentia
3177 1914 3348 1968 habes
3367 1914 3587 1968 Nestori

331 1993 512 2061 prisco
544 1992 1003 2063 comparandum,
1028 1995 1102 2049 ita
1136 2003 1199 2050 ut
1223 1996 1394 2052 etiam
1415 2005 1575 2052 aetate
1601 1997 1807 2054 habere
1832 1999 1962 2054 olim
1986 1999 2167 2069 possis
2190 2013 2367 2053 voveo
2395 2006 2454 2053 et
2480 2007 2634 2068 opto.
2667 1998 2784 2052 Non
2819 2007 2873 2052 te
2921 2014 3068 2067 rege,
3111 2009 3168 2054 et
3206 1999 3300 2054 illo
3338 2010 3446 2053 tam
3480 1999 3588 2053 fido

331 2094 395 2136 ac
417 2079 683 2151 prudenti
718 2080 1060 2144 consultare,
1105 2081 1324 2140 adversi
1355 2084 1655 2154 quidquam
1689 2085 1993 2158 maiestatis
2039 2096 2147 2141 tua:
2178 2084 2362 2155 regnis
2400 2082 2650 2140 accidere
2694 2085 2886 2153 possit.
2930 2084 3042 2139 Nec
3085 2084 3278 2139 tacebo
3316 2086 3584 2140 Joannem

334 2165 556 2239 Skytte,
578 2168 758 2222 virum
784 2167 1193 2224 nobilissimum
1219 2177 1276 2225 et
1303 2170 1727 2240 amplissimum,
1751 2173 1806 2227 in
1843 2173 2080 2230 Gronsio
2101 2183 2157 2229 et
2184 2174 2362 2241 Elllio,
2390 2184 2497 2229 tua:
2524 2172 2796 2242 maiestati
2831 2189 2858 2226 a
2888 2172 3137 2228 consiliis
3160 2182 3216 2227 et
3249 2172 3585 2239 rationibus;

328 2270 486 2325 quem
526 2255 901 2326 legationibus
917 2256 1172 2326 pluribus
1200 2256 1357 2312 valde
1378 2257 1588 2313 clarum
1614 2260 1705 2314 alii
1731 2260 2009 2331 principes
2039 2277 2150 2314 non
2186 2260 2458 2329 ignorant,
2490 2267 2546 2314 ct
2579 2259 2724 2329 apud
2759 2274 2859 2314 nos
2889 2261 3209 2329 quicunque
3237 2259 3477 2328 aliquam
3505 2259 3587 2313 rei

330 2342 571 2413 publica:
601 2355 811 2413 partem
864 2354 1074 2400 tenent.
1103 2344 1229 2402 Haec
1258 2356 1317 2401 ut
1364 2348 1551 2402 omnia
1613 2349 1885 2419 maiestati
1918 2358 2022 2404 tuae
2060 2347 2390 2418 gratularer,
2433 2346 2517 2401 vis
2556 2345 2789 2401 fortuna:
2829 2355 2934 2400 tua:
2968 2345 3238 2416 expressit
3287 2355 3344 2400 et
3380 2360 3588 2414 pronus

328 2446 557 2501 quoque
581 2431 635 2486 in
664 2447 778 2486 rem
805 2432 1083 2502 publicam
1115 2441 1362 2489 nostram
1397 2436 1653 2503 animus;
1678 2437 1768 2491 cui
1801 2446 1911 2492 tam
1942 2437 2193 2506 impense
2230 2435 2401 2498 faves,
2434 2445 2495 2490 ut
2525 2451 2649 2491 cum
2690 2451 2719 2490 a
2760 2435 2945 2505 regnis
2971 2434 3274 2505 maiestatis
3306 2442 3410 2488 tua:
3445 2433 3584 2495 abis.

327 2534 432 2574 non
462 2520 725 2575 invenias
748 2521 837 2575 cui
871 2521 1057 2577 favere
1093 2523 1267 2594 magis
1307 2525 1503 2593 possis.
1535 2524 1675 2581 Hinc
1708 2525 1889 2581 fmdus
1924 2524 2057 2578 illud
2093 2538 2219 2578 cum
2254 2522 2645 2577 illustrissimis
2681 2537 2747 2576 ac
2779 2521 3178 2591 potentissimis
3210 2519 3381 2589 Belgii
3416 2520 3589 2575 foede-

325 2608 428 2662 rati
467 2607 771 2662 ordinibus
819 2623 998 2678 nuper
1042 2609 1235 2665 ictum.
1263 2607 1404 2665 Hinc
1461 2618 1518 2665 et
1543 2612 1689 2682 quod
1745 2628 1814 2668 ex
1862 2611 1955 2666 illa
1984 2619 2147 2681 gente
2175 2608 2357 2664 virum
2391 2608 2743 2680 magnificum
2789 2616 2846 2663 ct
2877 2607 3279 2677 amplissimum
3317 2604 3583 2660 Jacobum

322 2693 599 2766 Dyckium
628 2694 864 2766 elegisti,
895 2694 1055 2765 cuius
1104 2696 1351 2752 consiliis
1379 2697 1826 2765 prudentissimis
1863 2700 1920 2752 in
1960 2696 2215 2751 maximis
2268 2702 2350 2750 tet
2394 2710 2690 2765 regnorum
2733 2694 2971 2764 negotiis
3014 2692 3249 2747 utereris
3275 2708 3290 2757 ;
3315 2694 3586 2763 cuiusque

322 2780 427 2837 fide
456 2798 530 2839 ac
568 2782 871 2838 virtutibus
890 2783 1359 2853 prtestantissimis
1382 2786 1685 2855 exploratis
1708 2785 1763 2841 in
1802 2786 2074 2858 legatione
2104 2801 2216 2840 non
2249 2799 2357 2839 una
2388 2786 2454 2840 ad
2496 2783 2684 2839 Gallias
2713 2798 2777 2837 ac
2806 2782 3104 2837 Britanniae
3144 2796 3322 2851 reges,
3366 2781 3583 2835 tandem

324 2870 413 2926 hic
435 2870 554 2926 loci
588 2870 730 2940 apud
778 2885 874 2925 eos
899 2886 1038 2941 quos
1069 2870 1180 2926 dixi
1217 2870 1442 2926 ordines
1483 2871 1647 2943 legati
1677 2873 1940 2929 ordinarii
1996 2889 2201 2929 munus
2230 2873 2516 2929 sustinere
2546 2870 2794 2926 voluisti.
2837 2870 3026 2939 Neque
3065 2869 3171 2923 hoc
3197 2868 3349 2923 satis.
3389 2868 3585 2923 Janum

326 2960 689 3031 Rutgersium
739 2960 885 3014 inter
916 2959 1095 3029 prima
1142 2960 1339 3029 patrias
1374 2960 1590 3032 ingenia
1623 2962 1926 3019 consiliarii
1982 2963 2252 3034 dignitate
2296 2946 2604 3025 exornasti,
2636 2968 2697 3014 ut
2744 2960 2991 3013 animum
3041 2957 3345 3028 maiestatis
3373 2965 3478 3011 tua:
3530 2956 3588 3010 iu

320 3056 553 3120 gentem
588 3061 652 3102 ac
696 3061 811 3101 rem
866 3044 1141 3116 publicam
1188 3057 1436 3104 nostram
1469 3049 1962 3119 propensissimum
2005 3051 2172 3105 etiam
2221 3050 2328 3104 isto
2363 3047 2527 3103 modo
2567 3045 2910 3103 ostenderes.
2947 3044 3119 3099 Nemo
3158 3043 3322 3114 igitur
3361 3041 3589 3111 posthac

326 3135 651 3200 mirabitur,
682 3133 728 3189 si
762 3134 979 3203 ingenia
1010 3136 1201 3204 patrias
1233 3144 1454 3194 nostrae.
1482 3150 1578 3190 rex
1620 3147 1875 3207 auguste,
1909 3138 2093 3193 studia
2139 3152 2236 3192 sua
2280 3146 2517 3207 votaque
2552 3134 2741 3189 omnia
2778 3132 3048 3204 maiestati
3082 3142 3188 3186 tua:
3237 3139 3582 3187 consecrent.

322 3221 438 3294 Ego
468 3233 630 3278 certe
683 3221 819 3275 mihi
853 3220 908 3275 id
941 3219 1253 3276 faciendum
1282 3222 1504 3292 putavi;
1535 3237 1712 3292 eoque
1744 3225 1965 3279 nomine
1996 3227 2063 3281 ad
2098 3227 2259 3296 regiae
2287 3236 2391 3280 tute
2424 3222 2782 3293 benignitatis
2819 3236 2970 3275 aram
2996 3220 3130 3273 sisto
3163 3218 3585 3273 Constantinum

321 3308 477 3365 hunc
517 3308 846 3374 Manassem,
879 3308 1202 3364 historicum
1235 3309 1463 3364 minime
1505 3308 1994 3375 contemnendum,
2032 3313 2268 3367 maxime
2303 3312 2359 3366 in
2393 3327 2450 3367 rc
2488 3309 2808 3380 Byzantina.
2843 3305 3134 3361 Confidcre
3163 3303 3339 3357 ausim
3368 3305 3587 3358 veniam

320 3394 455 3452 huic
487 3395 738 3451 audaciae
766 3394 885 3450 fore
935 3409 1061 3449 cum
1098 3410 1129 3448 a
1161 3394 1465 3466 maiestatis
1499 3403 1605 3449 tua:
1661 3395 1717 3449 in
1751 3395 1967 3449 litteras
2003 3396 2214 3463 favore,
2244 3408 2359 3452 tum
2390 3399 2458 3453 ab
2488 3413 2575 3458 ea,
2608 3410 2771 3464 quam
2800 3391 3116 3463 pradicavi,
3148 3390 3204 3444 in
3235 3398 3453 3459 gentem
3491 3407 3592 3443 "o-

315 3493 499 3539 stram
533 3483 897 3554 benignitate.
921 3482 1259 3537 Concludam
1286 3492 1439 3544 voto,
1463 3497 1561 3535 rex
1577 3489 1827 3551 auguste,
1851 3481 1999 3535 Deus
2033 3482 2124 3538 ille
2155 3485 2418 3552 optimus,
2450 3498 2640 3553 regum
2664 3493 3075 3551 regnorumque
3103 3476 3347 3540 Arbiter,
3384 3476 3589 3546 regiam

318 3572 676 3642 maiestatem
704 3579 853 3625 tuam
887 3584 1049 3638 quam
1081 3568 1395 3623 diutissime
1437 3569 1767 3622 incolumem
1814 3577 2017 3634 servet,
2047 3570 2115 3624 ad
2151 3571 2395 3625 nominis
2439 3569 2525 3625 sui
2572 3567 2908 3623 sanctissimi
2959 3564 3212 3635 gloriam,
3239 3564 3588 3619 subditorum

314 3660 643 3714 utilitatem
672 3665 730 3712 et
758 3655 1003 3712 hostium
1038 3663 1330 3711 terrorem.
1365 3654 1621 3726 Lugduni
1652 3656 2007 3722 Batavorum,
2031 3672 2083 3711 a.
2108 3656 2166 3711 d.
2199 3673 2251 3711 vt
2290 3656 2521 3713 Kalend.
2556 3655 2713 3710 Mart.
2749 3653 2908 3719 L516.

1684 3784 1868 3855 Regiae
1897 3783 2163 3855 Maiestati
2196 3794 2302 3840 tua:
2336 3784 2645 3840 humillime
2671 3782 2908 3838 devotus

2591 3872 2827 3928 Joannes
2866 3868 3164 3925 Msunsms.

336 4063 3575 4095 ______________________________________.._

1428 4221 1749 4283 LECTORI
1806 4222 2027 4283 JOAN.
2087 4219 2497 4281 MEURSIUS.

385 4391 519 4448 Non
558 4399 614 4445 te
669 4388 858 4444 multis
905 4388 1188 4451 morabor,
1224 4388 1422 4443 lector.
1470 4386 1895 4443 Constantinum
1941 4403 2010 4443 en
2062 4387 2390 4449 Manassem,
2419 4369 2652 4453 pridem.
2679 4381 2781 4437 tibi
2834 4396 2867 4437 a
2910 4396 2998 4435 me
3031 4381 3359 4451 promissum
3389 4393 3445 4438 et
3495 4399 3592 4453 per

317 4479 731 4550 occupationes
772 4478 1031 4541 dilatum,
1076 4475 1347 4546 descripsi
1392 4491 1460 4530 ex
1505 4476 1698 4531 codice
1744 4475 2092 4530 bibliotheca:
2128 4472 2415 4536 Palatinas,
2458 4471 2547 4526 cui
2594 4472 2707 4543 iam
2741 4479 2998 4526 auctores
3031 4469 3243 4539 aliquot
3273 4480 3432 4524 antea
3478 4485 3588 4524 non

312 4568 506 4623 editos
541 4580 762 4621 mecum
820 4565 1007 4620 debes.
1061 4564 1274 4627 Versio,
1335 4578 1499 4633 quam
1549 4563 1759 4626 addidi,
1811 4575 1898 4618 est
1943 4561 2172 4618 Joannis
2216 4560 2564 4622 Leunclavii,
2599 4561 2703 4615 viri
2753 4559 3047 4614 clarissimi
3088 4566 3144 4613 ct
3187 4558 3254 4612 dc
3310 4558 3589 4628 republica

316 4654 605 4711 litteraria
653 4653 916 4723 praeclare
958 4652 1140 4706 meriti
1182 4651 1348 4707 editis
1392 4659 1472 4705 tot
1522 4653 1897 4706 monumentis
1939 4650 2143 4719 quibus
2176 4658 2335 4703 antea
2386 4651 2733 4704 carebamus.
2768 4646 2850 4703 Ad
2905 4646 3156 4703 Gnecum
3200 4653 3406 4699 textum
3433 4653 3590 4698 notas

314 4759 420 4816 ego
453 4743 733 4815 pauculas
762 4741 959 4812 adieci,
999 4742 1203 4812 quibus
1246 4742 1369 4796 loca
1423 4740 1610 4794 minus
1639 4740 1847 4811 integra
1879 4738 2248 4793 restituerem.
2280 4733 2415 4789 Nam
2445 4744 2507 4789 ut
2539 4735 2909 4790 dill'underem
2946 4749 3031 4789 me
3054 4743 3111 4789 et
3142 4733 3428 4788 historiam
3456 4746 3585 4785 cum

317 4831 567 4889 historia
600 4846 1003 4901 compararem,
1032 4845 1141 4884 non
1171 4837 1256 4883 cst
1279 4829 1458 4882 visum
1479 4842 1661 4898 operte
1683 4825 2274 4897 pretium.Contentus
2304 4823 2381 4877 fui
2437 4823 2614 4893 ipsum
2645 4821 2951 4876 Manassem
2990 4827 3402 4890 reprrrscntarc.
3436 4817 3591 4883 Vale,

324 4932 402 4987 et,
440 4921 709 4994 quisquis
737 4935 822 4988 es,
862 4919 1224 4975 aeternitatem
1254 4918 1457 4989 cogita.
