4106 6206
500 229 599 294 ΞῙΟ
1621 228 2133 292 CONSTANTINI
2176 230 2549 290 MANASSIS

496 478 1834 799 MYPOY
1947 619 2581 798 ΚΩΝΣ
2607 478 3759 799 MNT—{Ne}

1560 901 1864 1019 ΤΟΥ
1956 903 2711 1041 ΜΑΝΑΣΣΗ,

1303 1129 2074 1263 ΣΥΝΟΨΙΣ
2167 1127 2932 1263 ΧΡΟΝΙΚΗ

1940 1361 2295 1412 ΔΡΧΟΜΕΝΗ

905 1510 1044 1564 ΔΠΟ
1074 1508 1539 1564 ΚΟΣΜΟΗΟΙΙΑΣ
1568 1506 1787 1563 ΜΕΧΡΙ
1829 1508 1969 1562 ΤΟΥ
2002 1509 2242 1564 ΚΥΡΟΥ
2267 1509 2671 1565 ΝῘΚΗΦΟΡΟΥ
2695 1510 2833 1564 ΤΟΥ
2860 1512 3371 1570 ΒΟΤΑΝΕΙΔΤΟΥ.

810 1802 2255 2025 CONSTANTINI
2403 1843 3479 2038 MANASSIS

1171 2088 2121 2280 COMPENDIUM
2199 2165 3072 2285 CHRONICUM

1786 2385 1872 2434 AB
1906 2383 2188 2435 EXORDIO
2231 2385 2435 2437 MUNDI
2510 2376 2513 2379 ’

919 2529 1225 2604 USQUE
1296 2528 1406 2589 AD
1452 2531 1885 2595 DOMINUM
1963 2532 2562 2595 NICEPHORUM
2633 2535 3297 2600 BOTANIATEM.

1690 2694 1879 2745 Joanne
1911 2693 2219 2767 Leunclavio
2249 2699 2548 2761 interprete.

512 2993 576 3049 Ἥ
610 2994 709 3066 μὲν
737 2996 981 3066 «ptumo;
1012 2994 1157 3068 ψυχὴ
1193 2993 1308 3057 ταῖς
1343 2991 1495 3056 ὕλαις
1529 2994 1841 3067 ἐπιχάσκει,
2089 3005 2131 3060 Α
2172 3000 2363 3071 Ἡμεῖς
2381 3000 2751 3072 ἁναδεξόμεθα
2784 3003 2846 3057 τὸ
2874 3004 3042 3076 βάρος
3071 3006 3167 3061 τοῦ
3201 3011 3477 3080 καμάτου,

502 3088 612 3144 Καὶ
644 3088 819 3146 πάντα
848 3086 1296 3163 πραγματεύεται
1320 3084 1455 3156 πρδς
1473 3085 1533 3139 τὸ
1556 3092 1741 3160 τυχεῖν
1760 3090 1855 3146 τοῦ
1876 3090 2062 3144 πόθου·
2167 3093 2285 3145 Κᾶν
2310 3091 2591 3161 δυσχερὲς,
2616 3095 2722 3147 κᾶν
2743 3096 2983 3166 ἐπαχθὲς
3006 3097 3066 3153 τὸ
3091 3100 3345 3170 πρᾶγμα,
3374 3102 3476 3156 κᾶν
3499 3105 3756 3176 ἐργῶδες·

500 3182 573 3237 Σὺ
606 3180 685 3250 δὲ,
712 3181 857 3257 ψυχὴ
894 3182 1183 3256 βασίλισσα
1219 3178 1312 3234 καὶ
1339 3176 1770 3254 φιλολογωτάτη,
2168 3183 2626 3255 Παραμυθοῦνται
2647 3186 2755 3257 γὰρ
2773 3187 2931 3259 ἡμῶν
2951 3189 3079 3254 τοὺς
3102 3191 3159 3245 ὲν
3181 3195 3293 3254 τοῖς
3315 3194 3497 3264 λόγοις
3522 3197 3758 3270 μόχθους

512 3276 621 3331 Ἀεὶ
645 3275 855 3348 διψῶσα
887 3278 1145 3348 γνώσεως
1169 3276 1263 3329 καὶ
1295 3271 1455 3341 λόγου
1486 3273 1581 3328 καὶ
1605 3277 1875 3342 παιδείας,
2167 3278 2232 3330 Αἱ
2270 3275 2670 3348 μεγαλοδωρίαι
2702 3295 2794 3331 σου
2830 3280 2922 3334 καὶ
2953 3280 3013 3334 τὸ
3038 3283 3322 3355 φιλότιμόν
3360 3304 3479 3352 σου,

501 3369 715 3435 Βίϐλοις
749 3372 835 3426 ἀεὶ
860 3370 1257 3444 προστέτηκας,
1283 3366 1626 3438 ὲπεντρυφᾷς
1659 3373 1770 3434 τοῖς
1806 3369 2007 3439 λόγοις,
2169 3370 2280 3423 Καὶ
2319 3368 2410 3423 τὸν
2436 3369 2531 3424 τοῦ
2564 3371 2734 3425 κόπου
2762 3373 2783 3405 ³
2814 3372 3072 3428 καύσωνα
3102 3377 3198 3430 καὶ
3237 3379 3337 3448 τῆς
3376 3381 3757 3456 ταλαιπωρίας

497 3463 608 3517 Καὶ
635 3462 842 3534 γίνεταί
866 3480 948 3517 σοι
978 3463 1074 3533 τῆς
1105 3459 1252 3530 ζωῆς
1286 3456 1431 3520 ἄπας
1461 3457 1488 3510 ὁ
1510 3460 1700 3530 χρόνος
1726 3461 1904 3532 λόγος.
2174 3459 2242 3515 Δί
2272 3461 2475 3533 δωρεαὶ
2506 3461 2815 3533 δροσίζουσι
2853 3465 3180 3536 κενούμεναι
3209 3472 3494 3539 συχνάκις.

508 3559 661 3613 Ἐπεὶ
688 3557 820 3627 γοῦν
851 3556 1198 3625 ὲπεπόθησας
1224 3550 1311 3607 οἷα
1340 3550 1578 3621 τροφίμη
1610 3553 1770 3623 λόγου
2247 3555 2357 3607 Καὶ
2372 3553 2547 3609 ταῦτα
2569 3554 2667 3624 μὲν
2684 3556 2917 3610 ἐνταῦθά
2932 3574 3023 3625 μοι
3044 3562 3139 3612 καὶ
3164 3561 3324 3632 μέχρι
3340 3563 3531 3617 τούτου
3549 3566 3751 3636 στήτω,

498 3647 838 3703 Εὐσύνοπτόν
873 3664 953 3701 σοι
984 3649 1079 3701 καὶ
1104 3645 1251 3715 σαφῆ
1288 3644 1503 3716 γραφὴν
1537 3646 1924 3719 ὲκπονηοῆναι,
2177 3645 2267 3715 Μή
2294 3662 2411 3707 πως
2439 3644 2874 3714 κολακικώτερος
2905 3647 3032 3718 δόξῃ
3059 3648 3199 3701 τισὶν
3231 3652 3259 3703 ό
3286 3649 3467 3718 λόγος,

497 3739 727 3815 Τρανῶς
759 3739 1224 3794 ἀναδιδάσκουσαν
1245 3737 1346 3800 τὰς
1382 3736 1788 3809 ἀρχαιολογίας,
2174 3736 2283 3790 Καὶ
2318 3737 2408 3789 τὸν
2442 3735 2644 3790 σκοπὸν
2666 3735 2983 3791 καταλιπὼν
3012 3738 3180 3807 ἄλλην
3210 3742 3421 3816 ἀκούσῃ
3451 3748 3690 3817 τρέχειν,

498 3835 610 3889 Καὶ
640 3831 786 3895 τίνες
816 3827 991 3903 ἦρξαν
1011 3832 1027 3862 ⁸
1052 3830 1148 3885 ἀπ’
1171 3829 1343 3901 ἀρχῆς
1375 3829 1468 3880 καὶ
1500 3830 1658 3899 μέχρι
1681 3832 1773 3885 τοῦ
1802 3828 2074 3901 προῆλθον
2175 3826 2395 3882 Πολλῶν
2430 3828 2835 3897 ίστορησάντων
2863 3828 2919 3881 δὲ
2947 3830 3041 3882 καὶ
3063 3838 3655 3905 χρονογραφησὰντων,

430 3921 439 3928 ’
499 3926 609 3981 Καὶ
646 3924 808 3978 τίνων
842 3922 1219 3987 ἐϐασίλευσαν,
1251 3920 1384 3973 ἐτῶν
1411 3918 1467 3972 δὲ
1502 3920 1696 3991 μέχρις
1729 3924 1772 3990 ²,
1813 3920 1998 3975 πόσων
2172 3923 2282 3975 Καὶ
2313 3916 2733 3973 σπουδασάντων
2764 3918 2863 3989 μὲν
2888 3921 3060 3975 εἰπεῖν
3084 3922 3261 3981 ὀρθῶς
3288 3928 3383 3979 καὶ
3417 3928 3750 4002 φιλαλήθως,

3501 4018 3652 4076 Vers.
3681 4022 3752 4076 22

571 4165 617 4234 l
644 4171 712 4228 Ut
734 4171 968 4243 cupidus
1005 4187 1189 4228 rerum
1218 4171 1560 4227 terrestrium
1587 4174 1806 4229 animus
1843 4174 1912 4229 iis
1975 4175 2055 4245 ip-
2088 4180 2127 4234 Β
2161 4172 2403 4242 qnandiu
2459 4169 2696 4240 imperio
2725 4169 3068 4239 prmfuerint,
3094 4188 3353 4245 exponat.
3374 4194 3505 4234 sane
3524 4196 3665 4235 onus
3685 4180 3754 4235 il-

500 4267 577 4322 sis
612 4264 805 4330 inhiat,
833 4274 889 4319 et
952 4280 1171 4320 omnem
1238 4263 1472 4335 lapidem
1533 4277 1863 4337 movet.quo
1905 4271 2069 4338 potiri
2169 4264 2264 4320 Iud
2300 4263 2354 4317 in
2390 4277 2490 4316 nos
2526 4262 2878 4331 recipiemus,
2914 4267 3126 4320 tametsi
3151 4282 3264 4320 rem
3300 4285 3399 4322 nos
3438 4269 3747 4333 ditlicilom.

498 4372 598 4411 suo
615 4354 886 4409 desiderio
913 4357 1104 4428 possit,
1137 4357 1209 4410 ita
1245 4365 1324 4420 tu,
1374 4355 1617 4418 domina,
1680 4359 1831 4428 regio
1882 4363 2068 4416 animo
2172 4370 2391 4428 gravem
2408 4361 2461 4409 et
2486 4368 2773 4421 operosam
2803 4355 2982 4409 moliri
3005 4372 3113 4410 non
3145 4360 3473 4414 nesciamus.
3512 4361 3645 4416 Nam
3664 4362 3743 4416 la-

496 4446 723 4518 pnedita
748 4455 803 4500 et
827 4424 1056 4502 erudite
1084 4446 1350 4501 doctrinae
1369 4446 1795 4509 stndiosissima.
1845 4464 2068 4519 semper
2171 4445 2335 4498 bores
2368 4443 2420 4495 in
2454 4440 2787 4512 perﬁcienda
2821 4447 3290 4500 commentatione
3313 4458 3537 4502 nostros
3566 4451 3747 4504 muni-

499 4536 710 4607 aliquid
745 4530 1075 4608 cognoscere
1112 4552 1175 4591 ac
1225 4540 1508 4607 percipere
1535 4537 1776 4608 gestiens
1819 4538 2073 4595 libriSin-
2173 4535 2387 4589 licentia
2426 4543 2482 4588 et
2518 4534 2819 4589 liberalitas
2838 4544 2927 4588 tua
2957 4546 3185 4597 recreat,
3213 4546 3269 4591 et
3297 4541 3738 4600 restumlassitu-

497 4627 732 4692 cumbis.
782 4644 847 4685 ex
873 4628 1093 4698 scriptis
1143 4628 1484 4684 eruditorum
1516 4631 1852 4699 voluptatem
1893 4630 2073 4701 perci-
2178 4624 2324 4679 dinis
2343 4637 2405 4678 ac
2424 4637 2684 4677 aerumnae
2719 4637 2946 4677 munera
3005 4634 3096 4677 tua
3133 4625 3333 4681 crebro
3351 4629 3754 4697 repetitavelu-

496 4720 604 4793 pis,
643 4729 807 4775 totam
835 4719 1072 4789 denique
1119 4719 1284 4773 vitam
1312 4720 1366 4775 in
1400 4719 1711 4790 disciplinis
1754 4720 2071 4775 liberalibus
2179 4718 2216 4771 ti
2249 4715 2389 4769 roris
2428 4715 2710 4784 cujusdam
2732 4715 3080 4783 respersione
3117 4717 3391 4788 mitigant.
3648 4722 3655 4729 ’

498 4812 756 4868 conteris.
788 4811 1018 4878 Quando
1048 4810 1213 4883 igitur
1246 4823 1306 4867 ut
1350 4812 1569 4866 alumna
1594 4810 1856 4866 doctrina:
1887 4821 2074 4881 postu-
2247 4806 2323 4861 Ae
2349 4806 2416 4861 de
2462 4805 2547 4859 his
2581 4805 2802 4874 quidem
2851 4805 3057 4859 dictum
3103 4807 3374 4863 hactenus
3432 4821 3571 4877 esto,
3599 4813 3649 4881 2
3682 4828 3751 4868 ne

499 4904 620 4958 lasti
647 4920 676 4958 a
700 4919 787 4957 me
820 4912 972 4958 tuum
998 4903 1052 4958 in
1095 4920 1250 4958 usum
1269 4903 1539 4959 conscribi
1577 4903 1820 4957 libellum
1855 4904 2071 4971 perspi-
2173 4898 2315 4951 forte
2341 4905 2656 4963 comparata
2688 4894 2942 4949 videatur
2994 4896 3061 4950 ad
3093 4900 3486 4956 assentandum
3540 4905 3739 4968 oratio,

500 5012 664 5049 cuum
687 5004 743 5051 et
790 4996 1068 5051 intellectu
1132 4996 1368 5062 facilem,
1415 4997 1507 5065 qui
1552 4997 1697 5049 clare
1743 4996 1923 5049 tradat
1981 5010 2068 5049 res
2170 5004 2309 5043 neve
2335 4988 2527 5041 relicto
2577 5002 2744 5055 scopo
2772 4987 2986 5056 evagari
3020 4988 3130 5043 alio
3159 4990 3537 5058 perhibeatur.
3597 4994 3734 5050 Cum

511 5087 709 5157 priscis
736 5096 916 5159 gestas
933 5087 1169 5154 saeculis,
1194 5098 1251 5143 et
1280 5088 1373 5158 qui
1400 5087 1468 5141 ab
1497 5086 1654 5140 initio
1684 5086 1840 5156 potiti
1883 5101 2066 5139 rerum
2170 5088 2354 5133 autem
2415 5077 2728 5146 complures
2777 5076 2976 5131 litteris
3026 5079 3341 5135 mandarint
3387 5082 3644 5138 historias
3685 5100 3751 5139 ac

501 5180 726 5244 fuerint.
775 5196 1060 5251 quousque
1086 5180 1378 5251 progressi,
1404 5178 1607 5248 quibus
1632 5177 1970 5240 nationibus,
2000 5186 2058 5230 et
2170 5172 2412 5233 annales,
2452 5180 2506 5224 et
2547 5182 2693 5225 recte
2728 5171 2949 5239 quidem
2990 5187 3231 5240 vereque
3277 5188 3474 5231 cuncta
3520 5192 3749 5234 narrare

1844 5306 2042 5369 Varia)
2073 5307 2403 5369 lectiones.

506 5464 597 5527 (Ex
626 5466 707 5516 ed.
743 5465 895 5517 Paris.
924 5464 1061 5515 1652.
1084 5465 1214 5523 —A,
1246 5462 1293 5512 id
1325 5466 1402 5511 est
1423 5461 1575 5527 codex
1610 5459 1789 5527 Leonis
1803 5457 1978 5527 _._Altatii
1997 5457 2137 5527 ;_lill_,
2162 5455 2359 5527 codices
2386 5455 2525 5527 ηας-Η
2549 5455 2645 5502 duo
2669 5455 2727 5527 ab
2752 5455 2995 5504 Annibale
3022 5455 3232 5508 l’ahroto
3272 5456 3457 5508 collati.
3485 5456 3557 5507 Ex
3595 5456 3755 5508 tribus

1497 5522 1633 5570 hisce
1659 5520 1909 5569 codicibus
1933 5523 2084 5567 multa
2111 5520 2160 5567 in
2194 5524 2335 5565 textu
2357 5517 2580 5578 suppleta
2608 5525 2740 5565 sunt.

582 5638 599 5673 ³
637 5638 732 5689 καὶ
757 5638 899 5702 τίνες
925 5632 1163 5709 ἧρξαν...
1197 5632 1374 5687 πόσων
1402 5632 1444 5684 Λ
1475 5639 1525 5685 et
1560 5629 1672 5683 llll.
1749 5629 1767 5657 ²
1806 5627 1896 5681 καὶ
1923 5626 2113 5697 μέχρις
2143 5624 2277 5679 ἑτῶν
2319 5625 2378 5678 Λ.
2458 5624 2474 5653 ³
2511 5625 2669 5676 πόνου
2710 5622 2773 5677 [ι.
