4106 6206
273 352 383 420 ερι
1404 340 1917 408 COMPENDIUM
1957 318 2441 411 CHRONICUM.
3429 345 3535 407 222

289 464 567 537 ’Λλλήλοις
595 462 865 534 ἀνομοίως
901 462 958 515 δὲ
988 461 1160 514 ταύτά
1190 459 1686 530 συγγραψαμένων,

289 558 482 624 Ἢμείς
505 553 992 624 προχειρισάμενοι
1021 552 1147 612 τοὺς
1177 549 1415 619 μάλιστα
1443 547 1734 609 δοκοῦντας

278 649 391 716 Τῆς
422 643 711 712 ἀκριϐείας
744 642 968 713 ἔχεσθαι
1004 641 1098 694 καὶ
1133 640 1336 709 μᾶλλον
1370 637 1675 707 ἀληθεύειν,

278 739 353 790 Τὸ
382 738 522 789 κατά
551 735 783 802 δύναμιν
809 732 968 803 ήμῶν
995 735 1016 763 ⁵
1047 728 1520 800 ἀποπληρώσομέν
1549 745 1655 780 σοι.

364 826 423 879 '0
465 824 560 879 τοῦ
598 822 734 877 Θεοῦ
774 822 1087 883 παντέλειος
1119 821 1212 873 καὶ
1240 818 1656 888 κοσμοκτίστωρ
1684 816 1856 884 Λόγος

282 919 387 971 Τὸν
411 915 645 988 οὐρανὸν
675 914 768 968 τὸν
796 914 1066 984 ἀναστρον
1100 914 1423 981 παρήγαγεν
1455 908 1716 979 ἀρχῆθεν,

294 1008 544 1079 Ἀπλὲτῳ
575 1006 762 1061 κάλλει
796 1004 1084 1074 λάμποντα
1120 1000 1501 1073 μαρμαρυγῶν
1530 999 1751 1060 ἐνθέων,

285 1102 391 1153 Καὶ
430 1098 538 1168 γῆν
562 1098 662 1167 τὴν
721 1094 1244 1164 παντοθρέπτειραν,
1298 1093 1393 1146 καὶ
1444 1092 1543 1146 σὺν
1591 1090 1730 1159 αὐτῇ
1797 1087 1858 1140 τὸ

1609 1181 1787 1254 [φάος.

291 1283 360 1337 Ἦ
393 1282 468 1351 γῆ
493 1280 541 1334 δ’
562 1281 1007 1354 ἀπερεκόσμητος
1037 1278 1269 1350 ἀόρατος
1297 1279 1317 1312 ⁸
1350 1278 1585 1347 ὑπῆρχε.

286 1372 396 1427 Καὶ
432 1371 626 1431 σκότος
648 1369 958 1438 ἐπεκάθητο
990 1369 1124 1439 βαθὺ
1162 1370 1278 1431 τοῖς
1298 1365 1505 1435 ταύτης
1537 1364 1755 1428 νώτοις.

287 1461 396 1516 Τοῦ
423 1462 481 1516 δὲ
527 1461 704 1531 φωτὸς
743 1460 1087 1527 αὑγάσαντος
1125 1461 1217 1512 καὶ
1258 1456 1537 1527 πανταχοῦ
1580 1444 1860 1526 χυθέντος,

288 1556 397 1608 Καὶ
425 1553 795 1608 λευκοπέπλου
822 1550 1218 1623 λαμπραυγοῦς
1240 1552 1261 1583 ⁶
1292 1550 1506 1620 ἡμέρας
1539 1548 1863 1617 γενομένης,

292 1646 472 1716 Ὠφθη
502 1645 571 1699 τά
599 1646 726 1716 πρὶν
771 1644 1000 1707 ἀθέατα,
1038 1643 1133 1696 καὶ
1164 1640 1393 1701 σκότους
1430 1640 1451 1671 ⁷
1491 1640 1525 1708 ἡ
1564 1637 1865 1713 στυγνότης

300 1736 677 1807 Ἐφυγαδεύθη
700 1735 777 1806 τῷ
807 1734 999 1805 πυρσῷ
1022 1733 1125 1787 τῶν
1161 1731 1440 1802 φωτοϐολη
1449 1730 1659 1801 μάτων.

1885 464 1930 517 Δ
1962 461 2071 513 Καὶ
2095 463 2253 532 τρίτη
2301 461 2462 514 πάλιν
2495 460 2722 529 ηὔγαξε,
2763 460 2853 511 καὶ
2882 457 3043 511 πάλιν
3074 458 3101 509 ὁ
3132 455 3391 524 Τεχνῗτης

1970 552 2029 602 '0
2058 552 2439 605 παντοτέκτων
2470 554 2497 604 ὀ
2529 552 2688 617 σοφὸς
2715 550 2892 611 ἄλλοις
2932 550 3220 618 προσεῖχεν
3254 547 3436 615 ἔργοις
3467 544 3531 601 ⁸³.

1973 644 2123 696 Ἐπεὶ
2151 644 2261 712 γὰρ
2284 644 2571 712 ἐξεκέχυτο
2597 640 2738 694 κατᾶ
2763 640 2861 710 τῆς
2886 641 2989 709 γῆς
3022 638 3241 705 ἀπάσης

1970 732 2200 787 Ὀττὸσον
2240 730 2307 804 ἦν
2333 732 2425 786 ὑπ’
2449 734 2679 802 οὐρανὸν
2706 730 2850 797 ὖῖωρ
2889 729 3249 799 περιπολεῦον
3284 728 3356 790 ⁸⁵,

1962 824 2069 877 Καὶ
2091 827 2198 877 πᾶν
2224 823 2287 877 τὸ
2319 823 2605 893 πρόσωπον
2629 822 2797 891 αὐτῆς
2826 821 2871 853 ¹⁷
2901 822 3170 874 ἐκάλυπτε
3192 817 3471 884 λιμνάζον,

1963 917 2152 971 [ldo-av
2179 915 2279 986 τὴν
2302 915 2459 985 χύσιν
2495 917 2574 978 είς
2604 915 2766 967 ταύτὸ
2793 914 3103 982 συνήγαγεν
3134 911 3371 981 ἁθρόως,

1973 1012 2066 1075 Ὦς
2094 1011 2149 1064 εῐ
2165 1027 2249 1073 τις
2279 1009 2551 1078 γάλακτος
2574 1007 2768 1061 λευκοῦ
2800 1006 2983 1059 νοτίδα
3008 1006 3051 1038 ³⁸
3082 1002 3323 1074 γλυκυχύ
3334 1019 3436 1071 μου

1974 1101 2124 1173 Ὀπῷ
2152 1099 2429 1172 συμπήξει
2458 1100 2502 1132 ³⁸
2526 1099 2621 1154 καὶ
2650 1096 2820 1169 τυροῦ
2846 1095 3046 1151 κύκλον
3075 1092 3492 1163 ἀποτορνεύσει.

1976 1194 2410 1269 Ἀποῤῥαγέντος
2438 1192 2728 1264 τοιγαροῦν
2760 1191 2855 1246 τοῦ
2891 1192 3020 1261 πρὶν
3052 1187 3513 1260 ἐπιπροσθούντος

1969 1286 2148 1355 ’ἃφθη
2179 1286 2241 1338 τὸ
2267 1285 2557 1355 πρόσωπον
2585 1286 2685 1355 τῆς
2712 1284 2835 1353 γῆς,
2875 1284 2908 1353 ἡ
2950 1283 3231 1351 μόρφωσις
3255 1279 3425 1343 ἐφάνη
3453 1317 3467 1341 ,

1967 1379 2079 1432 Καὶ
2122 1376 2231 1430 τῶν
2276 1374 2513 1445 πετρῶν,
2552 1375 2647 1428 καὶ
2688 1372 2799 1425 τῶν
2839 1370 3063 1441 opina",
3099 1370 3195 1422 xci.
3234 1365 3413 1434 λόφων
3450 1362 3546 1433 βα-

3092 1458 3471 1532 [θυκρήμνων.

1981 1560 2263 1617 Ἐντεῦθεν
2288 1565 2346 1614 τὸ
2384 1560 2483 1628 μὲν
2520 1558 2776 1629 σύστημα
2807 1559 3029 1627 σύμπαν
3056 1553 3118 1609 τδ
3144 1553 3256 1605 τῶν
3292 1551 3504 1605 ὑδάτων

1970 1655 2256 1710 Θάλασσαν
2289 1652 2646 1721 κατωνόμασε
2671 1666 2686 1682 ·
2712 1651 2811 1718 τῆς
2837 1649 2893 1703 δὲ
2927 1648 3097 1718 ξηρᾶς
3133 1644 3231 1715 τὴν
3257 1641 3440 1711 φύσιν,

1984 1747 2188 1816 Ὀπόση
2214 1743 2721 1815 πετροστοίϐαστος,
2753 1743 2851 1812 ὅση
2879 1734 3283 1809 λιπαροϐὡλαξ,

300 1831 391 1883 Ἐν
422 1829 632 1891 τούτοις
663 1827 757 1882 οὖν
781 1829 802 1859 ³
833 1825 1153 1896 παρέδραμε
1183 1824 1293 1876 τῶν
1329 1820 1554 1891 ἡμερῶν
1579 1821 1613 1890 ἡ
1644 1818 1861 1890 πρώτη.
1897 1811 1940 1866 Β
1968 1839 2077 1906 Γῆν
2108 1838 2137 1889 ὁ
2161 1811 2408 1905 given;
2441 1832 2678 1903 κέκληκε
2718 1831 2851 1895 θεὸς
2880 1833 2909 1884 ὁ
2932 1826 3333 1899 παντεργάτης.

365 1918 475 1973 Τοῦ
500 1919 558 1972 δέ
584 1916 855 1987 βλεφάρου
889 1918 908 1949 ⁸
952 1915 1268 1984 λάμψαντος
1297 1912 1515 1983 ἡμέρας
1556 1911 1658 1980 τῆς
1689 1909 1871 1962 δευτέ-

1131 2062 1136 2067 .
1678 1998 1803 2066 [ρας

296 2103 401 2154 Τὸν
435 2101 662 2171 οὐρανὸν
692 2097 783 2151 τὸν
815 2095 1069 2167 δεύτερον
1104 2093 1417 2165 ἐσφαίρωσε
1450 2067 1767 2157 πανσόφως,

299 2195 399 2246 Ὃν
434 2195 545 2254 τοῖς
580 2193 639 2244 ἐν
668 2193 739 2261 γῇ
767 2189 1108 2257 παντοστεγῆ
1137 2186 1551 2255 δημιουργήσας
1587 2182 1791 2252 στέγην

305 2284 572 2353 Ὠνύμασε
596 2284 881 2353 στερέωμα
908 2281 1039 2345 Θεὸς
1062 2283 1090 2334 ὁ
1118 2279 1494 2349 καλλιτέχνης.

296 2376 456 2446 Παρὰ
488 2377 588 2446 τὴν
611 2373 833 2445 πρώτην
860 2373 1125 2442 ἄναστρον
1157 2369 1350 2440 ἐτέραν
1382 2369 1425 2401 ¹⁰
1453 2367 1584 2420 ὄντα
1615 2367 1868 2435 σφαῖραν.

295 2468 433 2521 Τότε
470 2465 566 2519 καὶ
592 2465 692 2532 τὴν
726 2464 1067 2534 παντὸχυτον
1098 2460 1262 2529 φύσιν
1286 2459 1384 2529 τὴν
1413 2459 1636 2512 ὑδατίαν
1672 2457 1716 2489 ¹¹

301 2559 413 2612 Καὶ
441 2556 537 2618 τὰς
567 2554 838 2615 ἀϐύσσους
874 2552 1085 2613 διελὼν,
1120 2552 1211 2603 καὶ
1243 2549 1451 2602 τούτων
1479 2548 1540 2600 τὸ
1569 2547 1807 2617 μὲνάνω

303 2650 446 2719 Πρὸς
477 2647 610 2716 (Ngo;
632 2646 952 2714 ἀνεννόητον
992 2641 1205 2710 κούφως
1238 2639 1596 2711 μετεωρίσας,

302 2740 379 2793 Τὸ
409 2739 454 2792 δ’
482 2741 573 2790 ἐπὶ
601 2738 703 2808 γῆς
733 2734 1036 2796 ἀπολιπὼν,
1070 2733 1268 2802 ἔστησε
1293 2731 1502 2784 τούτων
1533 2729 1700 2797 μέσον

305 2833 415 2886 Τὸν
436 2829 664 2902 οὐρανὸν
680 2829 831 2884 ὥσπε
839 2845 871 2899 ρ
904 2825 1177 2897 φραγμὸν,
1200 2824 1389 2893 ὥσπερ
1412 2822 1637 2893 στερρὸν
1653 2819 1878 2890 τειχίον.

374 2924 530 2993 Κόρη
569 2922 668 2993 μὲν
704 2917 800 2976 οὖν
831 2921 1071 2990 ἐπέμυεν
1104 2918 1147 2950 ¹²
1177 2917 1391 2988 ἡμέρας
1419 2915 1518 2984 τῆς
1543 2912 1826 2983 δευτέρας,

306 3182 492 3240 conati
577 3180 802 3245 fuerint,
851 3177 1069 3231 diversa
1115 3183 1295 3230 tamen
1356 3171 1411 3227 id
1462 3172 1549 3226 via
1606 3169 1881 3242 praestite-

310 3277 449 3339 rint,
506 3289 606 3329 nos
666 3286 858 3327 eorum
943 3269 1327 3324 auctoritatem
1410 3264 1583 3319 secuti
1641 3265 1734 3332 qui
1790 3277 1880 3316 ac-

1971 1928 2081 1999 Τὴν
2113 1926 2216 1980 δ’¹⁹
2246 1926 2665 1995 ὑπερφέρουσαν
2689 1922 2839 1992 αὐτῷ
2874 1921 2921 1953 ⁸⁸
2949 1919 3181 1989 δύναμιν
3209 1910 3547 1984 ἐμφανίζων.

1972 2021 2157 2089 Μὴπω
2191 2015 2487 2086 λαμψάσης
2520 2015 2620 2084 τῆς
2650 2013 2826 2082 αὐγῆς
2846 2011 2941 2065 τού
2968 2008 3227 2078 γίγαντος
3257 2003 3411 2073 ἡλίου

1973 2109 2330 2177 Παντοδαπὴν
2352 2107 2608 2159 ἐκέλευσε
2646 2105 2879 2173 βοτάνην
2902 2100 3190 2169 ἐκρυῆναι.

1975 2200 2087 2269 Τὴν
2129 2200 2226 2271 μὲν
2279 2198 2416 2269 πρὸς
2457 2197 2628 2268 μόνην
2674 2195 2870 2268 ἡδονὴν
2921 2195 3017 2246 καὶ
3063 2188 3251 2261 τέρψιν
3294 2187 3406 2240 τῶν
3438 2182 3556 2253 βλε-

3244 2277 3479 2350 [pupum

1971 2385 2083 2455 Τὴν
2114 2383 2171 2437 δὲ
2203 2383 2298 2436 καὶ
2333 2379 2731 2452 ζωοθρέμμονα
2766 2377 2860 2432 καὶ
2887 2377 2999 2438 τοῖς
3031 2375 3088 2427 ἐν
3137 2374 3208 2442 γῇ
3248 2368 3550 2441 χρησίμην.

1972 2476 2106 2528 Τότε
2132 2476 2190 2527 τὸ
2213 2473 2429 2544 πρῶτον
2467 2472 2779 2539 στο).ισμο⁴ίς
2805 2470 2838 2539 ἠ
2869 2470 2941 2537 γῆ
2962 2462 3337 2535 κατηγλαϊσθη

1984 2566 2160 2635 ’Υπὲρ
2192 2566 2457 2634 κορίσκην
2484 2560 2767 2634 τρυφερὰν
2792 2560 2917 2628 ἄρτι
2944 2553 3387 2626 νυμφεύομένην.

1975 2657 2368 2727 Χρυσιοφὸρον,
2403 2652 2725 2707 στίλϐουσαν
2756 2648 2983 2711 πέπλοις
3012 2641 3485 2715 καταμαργάροις.

1979 2748 2265 2815 Ἔλαμπεν
2295 2746 2373 2799 ίον
2401 2743 2657 2811 εὔοσμον,
2686 2739 3001 2807 ἀντέλαμπε
3022 2735 3083 2788 τὺ
3123 2733 3293 2802 ῥόδον.

1982 2836 2107 2888 Ἴων
2143 2834 2300 2905 χροιά
2331 2829 2650 2899 παντοδαπὴ
2678 2825 2942 2881 πάντοθεν
2971 2821 3236 2891 ὑπεγέλα,

1980 2921 2335 2992 κυαναυγὴς,
2369 2916 2699 2991 πορφύρεος,
2734 2912 3034 2983 ύπὸκιρῤος
3064 2907 3250 2978 ἐτερα.

3304 3014 3458 3072 Vers.
3484 3013 3555 3068 74

1991 3187 2099 3242 que
2143 3170 2306 3233 casio,
2349 3177 2610 3238 tanquam
2677 3167 2836 3232 septo
2876 3170 3149 3229 muroque
3206 3149 3417 3217 solido,
3470 3149 3564 3205 in-

1991 3268 2238 3332 teriecto.

308 3336 503 3421 curato
534 3363 766 3418 maxime
792 3359 979 3416 studio
1011 3358 1093 3413 usi
1147 3359 1215 3412 ad
1275 3357 1564 3411 veritatem
1612 3353 1880 3409 accedere
1914 3389 1957 3443 ε
2057 3356 2136 3409 Ita
2169 3354 2259 3408 die
2283 3349 2527 3408 secundo
2549 3344 2917 3417 praterlapso
2941 3340 3153 3397 certius
3178 3336 3419 3399 etl'ulsit;
3450 3347 3563 3403 quo

306 3454 558 3527 proxime
584 3452 944 3516 videbuntur,
965 3447 1367 3518 exspeCtationi
1395 3454 1636 3514 votoque
1658 3451 1753 3496 tuo
1774 3455 1876 3510 pro

305 3546 525 3602 viribus
553 3542 948 3600 satisfacimus.

382 3638 671 3693 Perfectus
695 3633 784 3686 ille
810 3631 905 3686 Dei
934 3630 1151 3692 Sermo,
1180 3643 1363 3683 rerum
1401 3626 1582 3696 opifex
1623 3624 1887 3687 omnium,

305 3733 381 3786 ab
412 3726 574 3783 initio
592 3725 790 3780 coelum
807 3722 1084 3779 sideribus
1112 3728 1398 3784 carens,et
1417 3721 1683 3773 immensa
1710 3725 1889 3769 tamen

309 3822 603 3873 venustate
632 3812 909 3867 radiorum
953 3812 1114 3880 plane
1152 3809 1466 3862 divinorum
1518 3805 1739 3875 fulgens
1783 3817 1891 3856 una

310 3921 440 3960 cum
478 3912 623 3957 terra
647 3910 703 3955 et
723 3901 843 3954 luce
863 3898 1129 3954 condidit.
1160 3898 1290 3951 Erat
1330 3906 1513 3950 autem
1549 3893 1600 3947 id
1629 3892 1893 3963 temporis

315 3996 482 4051 tellus
511 3993 691 4050 ontnis
712 3998 942 4045 ornatus
973 4005 1191 4058 expers.
1218 3996 1274 4043 et
1294 3987 1447 4041 cerni
1476 4001 1587 4038 non
1649 3990 1885 4053 poterat,

316 4083 767 4142 incumbentibus
800 4081 877 4135 illi
910 4076 1545 4135 crassissimistenebris.
1585 4075 1654 4127 At
1691 4072 1892 4127 ubilux

317 4190 444 4234 orta
483 4193 542 4233 se
587 4175 789 4247 passim
837 4172 1257 4228 dilfunderetac
1284 4171 1406 4225 dies
1428 4168 1727 4231 extitisset,
1771 4180 1895 4233 qua:

318 4271 476 4340 prius
512 4277 670 4324 erant
726 4264 1157 4336 inaspectabilia,
1189 4261 1341 4316 cerni
1380 4268 1689 4330 cmperunt,
1708 4268 1764 4314 et
1793 4259 1893 4313 tri-

319 4361 422 4416 stis
443 4357 530 4413 illa
553 4359 729 4428 caligo
758 4352 1282 4428 perradioslucidos
1328 4351 1557 4420 expulsa
1600 4349 1726 4405 fuit.
1779 4349 1895 4404 Hoc

319 4451 487 4508 modo
512 4451 725 4520 primus
749 4448 869 4501 dies
891 4444 1117 4500 efﬂuxit.

396 4541 535 4596 Hinc
554 4542 726 4595 altero
758 4538 1116 4593 illucescente
1138 4537 1341 4591 malum
1372 4534 1673 4589 secundum
1696 4531 1755 4588 in
1805 4548 1899 4588 or-

322 4636 449 4689 bem
481 4632 812 4701 globumque
835 4630 1071 4686 solerter
1124 4628 1357 4698 redegit,
1418 4627 1566 4695 quod
1620 4624 1895 4679 universis

1994 3458 2185 3499 rursus
2200 3443 2379 3512 cpifex
2420 3441 2512 3494 ille
2538 3437 2761 3506 sapiens
2793 3433 2915 3487 aliis
2935 3428 3244 3487 condendis
3306 3427 3567 3480 intentus

1991 3542 2129 3589 erat.
2166 3531 2299 3585 Nam
2323 3531 2452 3600 quia
2476 3541 2643 3596 super
2663 3523 2974 3578 universam
3007 3529 3210 3575 terram
3242 3516 3422 3573 omnis
3472 3516 3564 3568 iu-

1993 3626 2107 3680 fera
2132 3623 2417 3691 liberaque
2456 3633 2598 3689 aqua
2623 3614 2821 3670 diliusa
2848 3611 3195 3683 superficiem
3221 3610 3345 3680 ejus
3402 3606 3564 3677 quasi

1993 3711 2355 3783 restagnando
2380 3709 2616 3780 tegebat,
2654 3714 2877 3776 repente
2917 3701 3183 3773 liquidam
3208 3701 3353 3755 hanc
3401 3706 3563 3753 natu-

1994 3822 2106 3860 ram
2133 3820 2242 3857 non
2261 3803 2421 3856 aliter
2456 3799 2656 3869 coegit,
2682 3812 2746 3852 ac
2768 3797 2809 3851 si
2843 3796 2967 3864 quis
3001 3796 3083 3849 lac
3102 3790 3317 3863 coaguli
3356 3789 3409 3844 vi
3436 3804 3568 3844 con-

1992 3897 2267 3966 stringens
2282 3907 2499 3948 caseum
2519 3906 2584 3945 ex
2614 3905 2682 3945 eo
2703 3886 2977 3943 conficiat.
3000 3885 3056 3940 In
3080 3885 3228 3938 hunc
3255 3880 3475 3935 modum
3505 3893 3569 3933 ea

1995 4002 2053 4041 re
2076 3987 2317 4041 detracta
2344 3997 2464 4053 qua:
2484 3981 2639 4052 prius
2673 3988 2834 4033 terrae
2861 3974 3019 4046 quasi
3072 3971 3376 4028 luminibus
3438 3967 3561 4022 olli-

1997 4078 2179 4132 eicbat
2204 4073 2522 4145 superficies
2553 4072 2673 4142 ejus
2695 4079 2858 4138 atque
2888 4067 3066 4120 forma
3118 4071 3385 4129 concepta
3440 4057 3565 4121 fuit,

1997 4185 2100 4223 una
2127 4181 2251 4221 cum
2279 4164 2531 4232 rupibus,
2559 4159 2838 4214 montibus
2865 4164 2922 4210 et
2952 4151 3246 4223 praeruptis
3305 4148 3566 4203 collibus.

1996 4260 2126 4314 Inde
2161 4266 2334 4309 totum
2354 4253 2485 4308 illud
2508 4264 2771 4319 aquarum
2793 4260 2995 4315 corpus
3027 4252 3084 4296 et
3107 4255 3426 4319 compagem
3450 4254 3570 4293 ms-

1996 4368 2055 4406 re
2071 4345 2438 4414 nuncupavit:
2466 4343 2665 4397 siccam
2690 4352 2822 4393 vero
2855 4345 3132 4398 naturam,
3160 4333 3274 4386 sive
3291 4306 3562 4400 lapideam

2000 4444 2115 4497 sive
2148 4438 2451 4509 glebosam,
2488 4444 2690 4487 terram
2735 4426 3051 4498 appellavit.
3098 4424 3272 4480 Simul
3312 4424 3570 4477 eximiam

2002 4535 2110 4586 vim
2133 4534 2568 4600 potestatemque
2587 4535 2741 4575 suam
2768 4517 3079 4581 declarans,
3122 4515 3334 4568 tametsi
3371 4517 3573 4567 nedum

2002 4622 2133 4678 solis
2189 4616 2450 4689 splendor
2483 4612 2797 4674 exsisteret,
2830 4607 3011 4663 omnis
3076 4604 3293 4676 generis
3346 4603 3574 4657 herbam

323 4728 562 4782 terrenis
594 4724 763 4780 rebus
786 4740 886 4779 ceu
911 4721 1408 4791 tectumquoddam
1429 4718 1894 4787 obductum,opi-
1931 4730 1973 4783 ι)
2003 4711 2410 4767 nihilominuse
2435 4714 2580 4759 terra
2615 4695 3112 4771 provenirejussit.
3145 4690 3345 4763 partim
3402 4689 3577 4744 solius

324 4822 414 4875 fex
448 4818 563 4888 ipse
595 4816 997 4870 firmamentum
1028 4813 1340 4884 appellavit,
1361 4811 1639 4865 diversum
1670 4808 1896 4863 omnino

323 4928 355 4965 a
390 4910 573 4979 priore
596 4908 836 4962 siderum
893 4914 1122 4974 experte
1179 4903 1361 4973 globo.
1401 4902 1557 4955 Tunc
1581 4910 1637 4953 ct
1698 4898 1898 4951 fluxam

325 5017 594 5074 aquarum
625 5010 875 5054 naturam
903 5007 958 5053 et
987 4997 1213 5067 abyssos
1243 5011 1273 5048 a
1304 5010 1361 5048 se
1390 4993 1625 5047 invicem
1676 5006 1899 5059 separa-

328 5096 430 5155 vit,
492 5107 557 5147 ac
622 5091 822 5160 partim
862 5090 1084 5159 quidem
1152 5102 1368 5141 sursum
1417 5083 1898 5139 a'lsublii‘nitatem

326 5185 534 5241 mentis
591 5182 945 5253 intelligentia
1006 5192 1350 5249 nequaquam
1426 5173 1899 5245 comprehensibi-

324 5278 436 5331 lem
505 5274 782 5336 subvexit,
860 5272 1058 5342 partim
1124 5270 1179 5324 in
1237 5278 1377 5323 terra
1451 5265 1693 5335 reliquit,
1732 5263 1895 5317 utris-

2004 4799 2299 4870 voluptatis
2340 4805 2394 4851 et
2422 4794 2705 4849 oculorum
2741 4785 3123 4845 delectationis
3157 4797 3341 4845 causa,
3374 4779 3575 4849 partim

2002 4896 2068 4951 ad
2094 4892 2411 4949 animalium
2457 4895 2671 4956 pastum
2701 4893 2758 4939 et
2785 4892 2985 4935 terram
3028 4873 3383 4931 incolentium
3429 4871 3578 4925 utili-

2005 4986 2353 5042 tatem.Tunc
2369 4980 2603 5051 primum
2642 4985 2786 5030 terra
2820 4973 2934 5028 suis
2957 4978 3040 5025 est
3076 4965 3418 5023 ornamentis
3435 4980 3574 5021 con-

2007 5079 2266 5133 decorata
2315 5067 2659 5142 splendidius
2691 5066 2743 5135 3
2782 5078 2943 5133 quam
2973 5062 3153 5128 puella
3221 5063 3409 5114 tenera
3460 5059 3574 5128 pri-

2006 5183 2265 5237 tuumque
2306 5167 2424 5218 viro
2451 5164 2742 5235 deSponsa,
2775 5172 2898 5229 qua:
2924 5172 3061 5217 auro
3080 5170 3137 5214 et
3173 5153 3574 5215 unionibusin-

2004 5268 2236 5316 tertexta
2267 5267 2419 5313 veste
2458 5256 2649 5326 fulget.
2712 5251 3055 5308 Renidebant
3111 5260 3356 5308 venustae
3416 5245 3575 5304 violae

1667 5406 1867 5467 Variae
1912 5405 2239 5467 lectiones.

402 5535 422 5604 ξ
464 5535 599 5603 ἡμῖν
639 5536 702 5587 Α.
779 5535 799 5567 υ
831 5534 1089 5604 ἀνόρατος
1117 5538 1180 5588 Α.
1259 5536 1279 5566 ⁶
1311 5534 1405 5586 καὶ
1432 5532 1691 5604 λαμπρᾶς
1718 5529 1791 5604 -“-

325 5601 446 5672 ᾼίί.
485 5601 519 5603 Π
553 5604 593 5633 ¹¹
620 5604 720 5672 τὴν
749 5601 999 5657 ύδατείαν
1033 5604 1099 5663 εἰ.
1151 5604 1259 5656 τῶν
1291 5601 1521 5656 ύδατίων
1553 5603 1613 5653 Α.

330 5670 480 5739 ὕδωρ
501 5675 545 5726 Α
571 5670 695 5727 cum
726 5674 839 5728 RR.

336 5741 380 5771 "
407 5741 465 5794 δὲ
495 5745 557 5795 Α.
637 5743 682 5775 ¹⁰
711 5746 873 5799 αύτοῦ
899 5744 1011 5797 ΑΒ.

1897 5531 1916 5560 ⁷
1937 5529 2166 5582 κάλλους
2200 5525 2325 5580 ΜΒ.

1730 5562 1791 5584 ιιι
1937 5562 2165 5591 (squnUJt.

1716 5601 1757 5631 ¹²
1811 5600 2043 5651 ὲπὲκυεν
2075 5601 2135 5652 Α.

946 5677 986 5705 ⁸³
1018 5674 1215 5736 νοτίδος
1246 5674 1310 5727 R.
1388 5673 1432 5704 ¹⁶
1456 5668 1735 5741 συμπήξαι
1766 5671 1829 5735 Δ,
1865 5669 2123 5740 συμμίξει
2164 5666 2225 5719 R.
2308 5667 2347 5697 ⁸⁷
2370 5654 2481 5737 τῆς
2502 5666 2602 5736 γῆς
2626 5666 2690 5719 Β.
2769 5664 2811 5696 ¹⁸
2838 5654 2980 5733 ὀρῶν
3012 5660 3107 5714 καὶ
3137 5654 3241 5711 τῶν
3266 5654 3478 5725 πετρῶν
3506 5654 3573 5705 Α.

2434 5525 2533 5578 ⁸δὲ
2563 5525 2628 5578 Β.

2216 5597 2258 5627 η
2306 5596 2485 5662 λόγοις
2544 5596 2609 5650 n.

2722 5524 2744 5555 ⁹
2773 5521 2829 5576 δὲ
2858 5521 3033 5589 φωτὸς
3058 5516 3231 5589 ait“.
3286 5517 3354 5589 7“
3381 5512 3576 5589 ttEPO'O

2713 5594 2753 5625 "'
2780 5584 3104 5665 ύπουράνιον
3126 5584 3201 5665 ἦν
3222 5584 3575 5665 λελειμμένον

3780 6124 4035 6168 λ-
