4106 6206
362 351 471 415 290

363 467 483 518 Τὼν
526 460 921 531 ςχνινισμὰτων
953 461 1134 513 ἔναντι
1166 459 1266 528 γῆς
1311 459 1613 528 ’Δσσυρξων
1642 456 1847 527 τρέχει.

432 552 646 606 Τοιόνδε
670 552 936 623 σκήνωμα
956 551 1190 621 τερπνὸν
1211 548 1482 620 φυτεύσας
1516 550 1608 602 καὶ
1633 544 1939 615 δενδρὼσας

368 644 610 696 Ἐπλασε
646 642 743 694 καὶ
766 642 860 694 τὸν
886 640 1173 711 ἄνθρωπον
1205 641 1561 711 παντοεργοῖς
1582 639 1627 669 ⁷¹
1658 637 1941 704 παλάμαις

376 737 471 787 Ἐκ
499 732 809 804 χωματίνου
841 734 935 786 καὶ
964 732 1173 802 λυπροῦ
1201 733 1294 786 καὶ
1321 730 1671 801 πηλοφύρτου
1711 728 1937 799 βάρουςο

366 830 538 896 Πνοην
568 824 612 877 δ’
648 824 935 894 ἐνθέμενος
962 825 1107 894 ζωῆς
1136 823 1213 893 τῷ
1241 822 1429 893 γεηρῷ
1456 822 1686 892 σαρκίῳ,

365 919 470 970 Καὶ
504 916 707 968 τέλειον
736 915 828 968 τὸν
854 914 1139 986 ἄνθρωπον
1165 914 1403 984 ἔμπνουν
1428 913 1861 984 δημιουργήσας,

366 1010 472 1062 Καὶ
501 1008 757 1060 σύνθετον
780 1007 889 1060 ἀπὸ
919 1007 1098 1076 ψυχῆς
1133 1007 1228 1059 καὶ
1257 1005 1507 1073 σώματος
1538 1005 1797 1073 ποιήσας,

365 1103 471 1153 Καὶ
499 1099 659 1169 χάριν
696 1098 1083 1169 δωρησάμενος
1114 1098 1157 1129 ⁷⁸
1186 1095 1558 1167 ἑθελορμήτου
1608 1093 1855 1163 γνώμης,

366 1192 474 1242 Kal
503 1188 628 1241 καθ’
658 1188 919 1257 ὁμοίωσιν
948 1186 1113 1241 αὐτοῦ
1150 1186 1360 1249 πλάσας
1384 1188 1479 1238 καὶ
1504 1185 1627 1237 κατ’
1658 1184 1865 1247 εἰκόνα,

376 1280 780 1349 Ἐγκατοικίζει
812 1281 911 1349 τῆς
953 1278 1118 1348 Ἐδὲμ
1144 1278 1222 1348 τῷ
1249 1278 1565 1348 καλλιφύτῳ
1594 1275 1759 1347 χώρῳ

379 1370 465 1434 Ὦς
497 1375 553 1423 ὲν
583 1370 813 1440 θαλάμῳ
848 1371 1157 1440 μάργαρον,
1190 1370 1350 1423 ἄλλον
1378 1373 1432 1422 ἐν
1459 1370 1649 1438 κόσμῳ
1682 1368 1908 1437 κόσμον,

364 1463 573 1532 Μικρὸν
603 1463 704 1530 μὲν
731 1462 789 1513 τὸ
814 1462 1137 1530 φαινόμενον
1166 1461 1241 1523 ὡς
1271 1462 1329 1512 ἐν
1363 1460 1626 1530 μεγέθους
1657 1459 1828 1527 δγκῳ,

364 1554 441 1621 Τῇ
465 1552 519 1604 δέ
549 1568 609 1619 γε
641 1552 917 1621 τιμιότητι
950 1554 1187 1621 κρείττω
1219 1550 1399 1621 πολλῷ
1421 1550 1515 1603 τοῦ
1549 1551 1778 1619 κόσμου.

364 1640 567 1693 Τοῦτον
611 1640 784 1709 Ἀδὰμ
816 1640 890 1702 ὡς
921 1643 986 1693 ὲκ
1017 1641 1231 1711 πυρροῦ
1265 1641 1519 1710 χώματος
1555 1639 1936 1709 πεπλασμένον

378 1733 436 1785 '0
473 1733 572 1802 τῆς
596 1730 825 1804 πηλίνιλς
847 1734 1125 1802 κεραμεὺς
1151 1731 1437 1802 ὠνόμασεν
1470 1731 1683 1793 οὐσίας.

1492 342 1999 406 (ΣΟΜΡΕΝΒΙΠΜ
2040 338 2515 403 CllRONICUM.

1972 466 2010 515 Α
2061 456 2123 505 As
2142 453 2348 517 σύπους
2384 454 2773 525 κολοόόκερκςς
2826 457 3288 530 κερατοπλήκτωρ
3313 459 3508 530 ταῦρος
3534 478 3545 490 ο

3511 350 3619 411 930

2046 547 2247 615 ’ὶιγετο
2282 546 2471 615 πέρδιξ
2507 545 2739 615 ἐρυθρὸς
2775 547 2901 610 τοὺς
2931 548 3091 612 πόδας
3120 550 3299 603 καὶτὸ
3329 550 3564 621 ῥάμφος.

2042 642 2104 692 Οἱ
2130 638 2310 710 ψᾶρες
2339 640 2389 692 οἱ
2423 639 2799 710 μελάμπτεροι
2829 640 2890 693 τὸ
2922 642 3109 696 πτίλον
3134 643 3432 698 ὲπεσόόουν

2044 731 2151 784 Καὶ
2183 730 2561 801 χαλαζώματά
2583 748 2705 784 τινα
2725 732 3053 801 λευκότητος
3084 735 3316 806 ἐφόρουν
3339 736 3409 790 ’⁷.

2041 823 2114 874 Τὸ
2144 822 2341 885 κάλλος
2373 822 2723 875 ἐπεδείκνυτο
2748 822 2892 887 ταὼς
2915 825 2943 877 ό
2970 826 3371 896 χρυσοπτέρνξ.

2044 913 2295 983 Ἐλαμπε
2326 912 2581 983 βάμμασι
2614 913 2850 977 πάλλοῖς,
2872 914 3129 984 ὲχρύσιζε
3162 918 3221 970 τὸ
3244 919 3454 981 πτίλον,

2044 1003 2328 1056 Ἕστιλόεν
2360 1004 2759 1075 ἁλουργόχροον
2791 1006 2847 1057 ὲν
2882 1006 2960 1075 τῷ
2984 1007 3153 1059 ταῶνι
3180 1009 3380 1078 χρῶμα
3409 1027 3424 1041 ·

2053 1094 2305 1164 Ἐπήνθει
2334 1095 2499 1163 μέσον
2521 1096 2616 1148 καὶ
2638 1095 2835 1166 χρυσὸς
2858 1094 2932 1160 ὡς
2957 1097 3235 1168 ὀφθαλμὸς
3262 1100 3620 1170 μαρμαίρων,

2039 1184 2147 1237 Καὶ
2175 1183 2352 1253 κῆπον
2384 1182 2821 1255 πτεροφύτευτον
2848 1183 3134 1254 εἰργάζετο
3162 1185 3224 1237 τὸ
3255 1185 3420 1250 ζῶον.

2051 1274 2348 1329 Ἐκύκλουν
2384 1276 2428 1308 ⁷⁸
2489 1277 2669 1331 πάντα
2708 1276 2798 1329 τὸν
2873 1277 3044 1348 ’Δδὰμ
3114 1278 3303 1349 ὥσπερ
3354 1280 3620 1350 δεσπότην

3271 1370 3469 1443 [δοῦλοι
3496 1390 3509 1403 ·

2049 1460 2378 1529 Ἐθιῦπευον,
2408 1461 2730 1533 ύπέτρεχον,
2759 1460 2973 1515 ἐσαινον
2996 1463 3044 1495 ’³
3069 1463 3160 1516 τὸν
3193 1464 3487 1535 γενάρχην.

2047 1551 2107 1603 '0
2130 1551 2185 1603 δὲ
2218 1553 2430 1620 κατὲψα
2458 1555 2574 1613 ταῖς
2606 1553 2765 1622 χερσὶ
2792 1551 2858 1605 τὰ
2888 1552 3140 1623 δύσμαχα
3170 1553 3338 1623 θηρία

2047 1642 2132 1704 Ὠς
2161 1642 2489 1711 ἀρτιτόκους
2518 1642 2567 1674 ⁸ο
2602 1645 2831 1713 νεαροὺς
2861 1644 3032 1712 ἄρνας
3077 1644 3615 1712 γαλακτοφάγουςυ,

2039 1734 2148 1786 Καὶ
2171 1735 2297 1797 τοὺς
2323 1736 2386 1786 ἐκ
2411 1733 2617 1787 τούτων
2657 1736 2912 1805 οὐδαμῶς
2929 1736 3205 1807 ύπέτρεμε
3241 1736 3520 1799 κινδύνους
3541 1736 3612 1769 ⁸¹⁶

365 1827 477 1880 Καὶ
505 1800 732 1894 θέμενος
762 1800 857 1879 τοῦ
894 1800 1001 1895 τῆς
1038 1826 1203 1896 Ἐδὲμ
1228 1800 1456 1889 κάλλους
1478 1824 1899 1896 πρωτοπολίτην
1970 1800 2010 1856 Β
2053 1825 2118 1879 Ἦ
2146 1825 2257 1896 γὰρ
2292 1825 2455 1890 σοϐὶις
2480 1826 2576 1879 καὶ
2614 1800 2828 1899 πονηρᾶ
2858 1828 2952 1881 καὶ
2991 1800 3336 1899 θερμουργὸς
3361 1827 3523 1881 κακία

376 1919 473 1971 Ἐκ
504 1918 723 1971 πάντων
745 1918 1128 1987 όπωροφαγεῖν
1149 1918 1403 1970 ἐκέλευσε
1432 1918 1542 1970 τῶν
1560 1917 1815 1990 δένδρων,

367 2008 458 2079 Τῷ
497 2011 550 2062 δὲ
583 2009 734 2080 φυτῷ
762 2010 859 2079 τῆς
888 2009 1145 2077 γνώσεως
1187 2010 1263 2080 μὴ
1295 2011 1479 2081 χεῖρας
1509 2009 1841 2065 ἐπιϐάλλειν.

363 2102 496 2153 Τότε
525 2101 620 2153 καὶ
649 2102 757 2154 πᾶν
786 2101 1069 2171 χειρόηθες
1096 2103 1191 2155 καὶ
1221 2103 1329 2155 πᾶν
1358 2102 1700 2172 ήμερονόμον
1733 2103 1780 2133 ⁷³

364 2193 473 2244 Καὶ
498 2194 605 2245 πᾶν
640 2193 1061 2263 ὲκ;οπιζόριενον
1090 2194 1170 2257 είς
1198 2192 1411 2264 λόχμας
1446 2192 1780 2259 πολυξύλους

378 2286 593 2351 Ἷιγαγε
624 2285 760 2347 ζῶον
788 2282 924 2356 πρὸς
968 2286 1159 2355 Ἀδὰμ,
1196 2286 1382 2351 πεζὸν,
1414 2285 1774 2355 αἱθεροπόρον
1795 2286 1866 2348 ⁷³,

378 2375 464 2440 Ὠς
497 2378 674 2446 σχοῖεν
714 2378 935 2446 κλήσεις
967 2377 1095 2449 παρ’
1127 2377 1293 2430 αὐτοῦ
1317 2380 1435 2440 ταῖς
1469 2376 1665 2445 φύσεσι
1697 2376 1939 2446 προσφό-

1580 2466 1734 2541 [ρους
1764 2468 1834 2522 "t

367 2560 574 2629 Ἠγετο
599 2558 735 2614 λέων
763 2559 1018 2630 δαφοινὸς
1042 2560 1295 2631 χαιτήεις
1324 2560 1371 2592 ⁷⁸
1389 2559 1760 2630 ταυρολέτωρ,

367 2652 595 2722 Ἀρκτοι
629 2650 1146 2722 βλοσυροϐλέφαροι,
1179 2651 1556 2704 παντόστικτοι
1586 2649 1901 2721 παρδάλεις,

370 2744 609 2810 Ἔλαφος
641 2742 1076 2814 ποικιλόδερμος,
1103 2741 1439 2812 δασύκερκος
1472 2742 1722 2812 ἀλώπηξ,

379 2835 603 2904 Ἐλέφας
632 2834 1045 2905 εύρυμέτωπος,
1075 2833 1174 2904 τὴν
1210 2833 1546 2904 προνομαίαν
1588 2835 1773 2898 σείων,

439 3055 573 3110 Tant
620 3055 925 3126 jucundum
978 3055 1392 3113 tabernaculum
1419 3073 1542 3113 cum
1573 3057 1937 3114 exstruxisset

2036 1918 2263 1971 Οὐδέπω
2288 1919 2654 1989 κατεχὸρευσε
2686 1920 2915 1988 καρδίας
2943 1920 3042 1990 τῆς
3076 1921 3305 1975 ἐκείνου.

2037 2007 2223 2072 Οὕτως
2261 2010 2416 2063 οὐδὲν
2456 2010 2556 2079 τῆς
2588 2009 2835 2073 ἀπαθοῦς
2861 2012 3041 2082 ψυχῆς
3068 2013 3510 2080 κατακαυχᾶται,

2038 2101 2115 2153 υύ
2132 2101 2254 2171 θὴρ,
2272 2102 2333 2153 οὺ
2352 2101 2463 2173 πῦρ
2482 2102 2548 2166 ⁸³,
2577 2102 2636 2154 οὐ
2672 2102 2918 2171 ποταμοῦ
2957 2102 3364 2171 μεγαλοδούπου
3396 2103 3613 2173 θράσος.

1934 2206 1947 2218 ·
2044 2193 2143 2246 ’Ἂν
2178 2192 2466 2265 βασιλεύῃς
2492 2194 2602 2247 τῶν
2636 2196 2848 2259 παθῶν,
2893 2195 2960 2248 ἂν
2982 2194 3260 2265 ἁμαρτίας
3278 2196 3474 2267 ἄρχῃς,

2046 2284 2159 2338 Καὶ
2188 2285 2519 2355 βασιλίσκων
2553 2289 2647 2342 καὶ
2677 2288 2866 2342 δεινῶν
2894 2288 3171 2357 σκορπίων
3202 2288 3463 2359 ὲπιὸήσῃ,

2048 2371 2156 2423 Καὶ
2191 2373 2558 2437 ταπεινώσεις
2585 2373 2797 2438 λέοντα,
2834 2374 2927 2427 καί⁸
2958 2373 3141 2442 τίγριν
3174 2371 3508 2443 ἡμερὼσεις.

2128 2465 2215 2517 Ἐν
2239 2465 2450 2528 τούτοις
2488 2464 2737 2518 ὕπνωσεν
2777 2464 2970 2535 Ἀδὰμ,
3000 2464 3138 2518 ἀλλὰ
3169 2463 3395 2535 πικρίας
3418 2463 3607 2528 ὕπνον,

2039 2562 2249 2615 ’Υπνον
2271 2557 2447 2629 ἀρχὴν
2474 2560 2858 2629 καταστροφῆς
2884 2559 2977 2609 καὶ
3007 2556 3374 2627 παντολέθρου
3395 2555 3616 2628 φθόρου.

2039 2652 2257 2721 ,ιιψατο
2286 2647 2477 2701 τούτου
2515 2647 2615 2717 τῆς
2639 2646 2877 2718 πλευρᾶς
2907 2646 3263 2708 καθεύδοντος
3292 2648 3321 2700 ό
3347 2648 3607 2719 Κτίστης,

2040 2741 2240 2797 Ἐλαϐε
2268 2738 2493 2810 ταύτην,
2530 2738 2762 2792 ἔπλασεν
2791 2737 3039 2792 ἐντεῦθεν
3092 2738 3139 2770 ⁸⁸
3169 2738 3269 2809 τὴν
3291 2740 3545 2806 γυναῖκα.

2052 2832 2222 2903 ’Λδὰμ
2246 2830 2291 2883 δ’
2321 2831 2350 2882 ό
2372 2828 2863 2900 χωματόπλαστος,
2889 2830 2917 2882 ὁ
2944 2828 3157 2901 πρῶτος
3194 2828 3252 2882 ὲν
3286 2828 3618 2899 ἀνθρώποις,

3343 2917 3497 2974 Vera.
3513 2918 3614 2974 28!

2043 3056 2319 3128 quatiens,
2365 3055 2525 3126 lepus
2584 3055 2834 3111 mutilata
2866 3054 3065 3122 cauda,
3111 3054 3378 3112 cornibus
3415 3054 3620 3110 feriens

365 3160 434 3200 ac
458 3146 752 3201 arboribus
772 3155 1046 3210 ornasset,
1081 3145 1238 3201 ﬁnxit
1284 3157 1341 3202 et
1372 3146 1651 3203 hominem
1683 3148 1939 3202 manibus
1968 3160 2010 3215 (ζ
2046 3160 2259 3205 taurus.
2324 3148 2719 3203 Adducebatur
2746 3149 2962 3218 perdix,
3016 3149 3226 3203 habens
3253 3158 3310 3203 et
3366 3150 3533 3219 pedes
3561 3156 3620 3203 et

365 3236 555 3291 omnia
597 3236 1031 3306 perficientibns,
1081 3236 1149 3291 de
1183 3236 1737 3306 pulvisculamisero
1768 3244 1825 3291 et
1863 3252 1934 3290 ex

367 3330 487 3383 luto
564 3329 854 3384 eommisto
917 3328 1181 3397 pondere.
1231 3327 1480 3396 Cumque
1548 3335 1780 3381 terrente
1856 3326 1936 3378 illi

363 3420 681 3474 carunculae
708 3420 832 3473 vita:
868 3418 1125 3486 Spiritum
1177 3417 1490 3480 indidisset,
1521 3416 1939 3485 perfectumque

366 3510 652 3563 hominem
681 3517 739 3562 et
791 3506 1071 3576 spiraculo
1115 3505 1410 3574 praeditum
1469 3502 1835 3565 condidisset,
1874 3516 1941 3553 ex

361 3600 556 3653 animo
576 3606 633 3650 et
675 3609 912 3663 corpore
947 3592 1337 3661 compositum,
1364 3590 1628 3644 donatum
1658 3589 1941 3642 voluntate

358 3697 697 3760 spontanca,
742 3698 898 3738 suam
942 3682 1010 3735 ad
1071 3680 1492 3739 similitudinem
1535 3679 1940 3750 imaginemque

356 3782 688 3841 formatum,
715 3774 950 3829 incolam
982 3788 1108 3827 eum
1133 3772 1264 3827 facit
1299 3772 1524 3837 Edenis,
1553 3772 1660 3825 loci
1691 3771 1941 3840 pulchris

362 3869 664 3927 arboribus
693 3866 918 3931 consiti,
951 3865 1110 3934 quasi
1139 3865 1421 3920 collocaris
1454 3880 1694 3919 marmor
1746 3864 1801 3918 in
1827 3865 1941 3917 tha-

363 3970 514 4014 lamo
545 3967 601 4011 et
624 3956 791 4012 alium
823 3957 881 4009 in
912 3955 1116 4009 mundo
1141 3954 1430 4019 mundum,
1453 3968 1680 4023 parvum
1713 3953 1937 4023 quidem

366 4050 546 4112 illum,
593 4046 739 4117 quod
784 4043 1219 4114 magnitudinem
1276 4044 1565 4108 attinebat,
1609 4042 1708 4098 sed
1758 4042 1939 4112 pretio

367 4153 533 4210 longe
560 4139 764 4192 mundo
791 4138 911 4206 ipso
943 4136 1403 4205 praestantiorem.
1463 4134 1621 4188 Hunc
1659 4149 1727 4188 ex
1772 4132 1940 4187 rubro

368 4235 600 4303 pulvere
642 4231 936 4285 formatum
970 4228 1237 4283 Adamqu
1282 4222 1580 4297 appellavit
1621 4225 1818 4296 ﬁgulus
1850 4224 1941 4279 ille

369 4328 588 4373 natura:
616 4319 798 4373 Iuleae.
828 4317 1078 4385 Cumque
1111 4315 1437 4369 collocasset
1466 4329 1594 4369 eum
1623 4312 1678 4366 in
1706 4312 1942 4383 pulchro

369 4412 559 4467 Edene
594 4412 833 4480 primum
855 4410 1052 4472 civem,
1079 4407 1244 4478 jussit
1282 4415 1343 4460 ut
1395 4404 1666 4460 fructibus
1694 4404 1942 4458 omnium

2045 3250 2282 3295 rostrum
2330 3239 2583 3305 rubrum,
2615 3253 2742 3294 eum
2789 3237 3002 3293 sturnis
3026 3238 3142 3293 alas
3172 3238 3503 3293 habentibus
3529 3237 3617 3291 ni-

2044 3349 2189 3401 grus,
2219 3334 2315 3401 qui
2359 3347 2570 3401 pennas
2597 3331 2924 3401 quatiebant
2964 3338 3021 3383 et
3066 3330 3220 3383 albas
3253 3336 3413 3381 notas
3442 3327 3619 3381 instar

2046 3422 2330 3489 grandinis
2348 3422 2623 3485 ferebant.
2647 3418 3124 3475 Pulehritudinem
3141 3430 3298 3471 suam
3312 3415 3621 3469 ostentabat

2048 3525 2209 3578 pavo,
2247 3511 2362 3563 alas
2402 3510 2614 3563 habens
2642 3522 2836 3562 aureas
2865 3525 2879 3561 :
2917 3506 3136 3562 lucebat
3168 3506 3446 3562 coloribus
3475 3506 3621 3559 mul-

2049 3599 2141 3660 tis,
2172 3606 2231 3653 et
2258 3613 2454 3652 aurum
2476 3599 2532 3650 in
2560 3597 2764 3667 plumis
2810 3596 3105 3652 referebat.
3139 3595 3514 3664 Fulgebatqne
3562 3596 3617 3649 in

2045 3690 2239 3745 eodem
2270 3697 2328 3743 et
2352 3703 2667 3758 purpureus
2684 3688 2854 3754 color,
2879 3703 3016 3742 auro
3045 3688 3401 3757 interspersa,
3430 3686 3615 3755 splen-

2046 3782 2232 3836 dentis
2259 3780 2434 3834 instar
2447 3780 2613 3834 oculi.
2638 3777 3222 3850 CingebantAdanium
3239 3779 3444 3843 omnia,
3474 3777 3620 3834 sicut

2044 3869 2316 3939 mancipia
2337 3868 2621 3923 dominum
2657 3885 2672 3923 :
2701 3869 3086 3933 adulabantur,
3137 3867 3495 3930 accurabant,
3520 3880 3619 3919 no-

2045 3962 2145 4016 stri
2192 3961 2413 4031 generis
2455 3961 2672 4017 auctori
2712 3961 3165 4017 blandiebantur.
3220 3960 3315 4013 llle
3348 3973 3480 4012 vero
3523 3958 3621 4011 de-

2046 4052 2323 4108 mulcebat
2357 4053 2616 4109 manibus
2660 4053 3059 4123 expugnabiles
3104 4051 3309 4105 bestias
3358 4058 3617 4117 tauquam

2045 4159 2243 4199 recens
2262 4145 2445 4200 editos
2476 4158 2667 4214 agnos,
2709 4143 2804 4211 qui
2865 4142 3008 4195 lacte
3059 4150 3389 4204 vescuntur;
3440 4151 3620 4206 neque

2046 4234 2348 4305 quidquam
2374 4235 2444 4288 ab
2490 4234 2625 4303 ipsis
2655 4230 2887 4302 periculi
2916 4229 3245 4285 formidabat
3276 4246 3291 4283 :
3325 4244 3448 4284 nam
3492 4245 3621 4299 pro-

2048 4338 2147 4379 cax
2170 4323 2314 4376 mala
2336 4330 2394 4377 et
2418 4323 2595 4376 audax
2617 4319 2892 4373 vitiositas
2914 4318 3158 4372 nonduin
3179 4318 3233 4371 in
3259 4318 3431 4386 ipsius
3451 4317 3620 4371 corde

2049 4414 2232 4469 locum
2258 4412 2517 4468 habebat.
2547 4411 2640 4467 Sic
2666 4410 2803 4464 nihil
2828 4418 2913 4463 est
2933 4408 3081 4477 quod
3111 4411 3168 4462 in
3190 4410 3432 4462 animum
3454 4408 3622 4462 aﬂ'cc-

369 4505 633 4557 arborum
661 4510 983 4556 vesceretur
1016 4517 1032 4555 :
1074 4498 1239 4553 modo
1274 4496 1455 4551 arbori
1473 4496 1800 4566 cognitionis
1828 4512 1943 4550 ma-
1979 4506 2020 4559 1)
2052 4508 2265 4562 nonum
2316 4512 2597 4573 expertem
2626 4503 2719 4572 jus
2770 4499 3010 4555 habeat:
3042 4499 3092 4569 7
3150 4498 3267 4553 Non
3318 4499 3480 4567 ignis,
3510 4514 3620 4551 non

371 4611 480 4648 nus
510 4610 618 4647 non
646 4594 984 4647 admoveret.
1045 4589 1199 4643 Tunc
1240 4598 1298 4643 et
1339 4596 1683 4642 mansuetum
1724 4586 1945 4657 quodli-

372 4688 471 4738 bet
501 4681 730 4747 animal,
758 4680 1063 4751 quamlibet
1090 4679 1219 4733 item
1242 4678 1502 4742 belluam,
1525 4692 1646 4746 quae
1679 4686 1943 4748 evagatur

374 4784 433 4835 in
458 4781 675 4849 sylvosa
722 4778 970 4842 latibula,
1002 4775 1232 4829 deduxit
1259 4774 1327 4828 ad
1360 4773 1652 4839 Adamum,
1683 4770 1947 4841 quidquid

2051 4598 2188 4659 fera,
2221 4613 2331 4651 non
2359 4594 2561 4649 flumen
2599 4595 2986 4663 impetuosnm.
3012 4590 3068 4645 Si
3102 4606 3196 4644 rex
3224 4589 3336 4643 eris
3367 4588 3620 4643 affectio-

2055 4705 2183 4744 num
2206 4689 2374 4743 animi
2403 4686 2725 4758 peccatique
2755 4685 3035 4748 dominus,
3058 4697 3226 4752 super
3258 4680 3544 4740 basiliscos
3565 4688 3623 4732 et

2057 4782 2400 4836 truculentas
2423 4762 2566 4834 fera's
2584 4777 2827 4842 incedes,
2864 4777 3080 4831 leonem
3105 4773 3443 4836 humiliabis,
3466 4787 3624 4825 nian-

374 4873 550 4942 pedes
610 4868 820 4925 incedit
848 4877 906 4923 et
939 4868 993 4921 in
1024 4867 1165 4921 caelo
1190 4866 1360 4931 volat,
1404 4875 1463 4920 ut
1508 4867 1824 4933 acciperent
1851 4879 1950 4933 ap-
2046 4870 2320 4925 suefacies
2357 4867 2561 4939 tigrim.

374 4964 708 5035 pullationes
729 4961 798 5014 ab
830 4960 950 5029 ipso
997 4958 1211 5012 naturis
1237 4965 1655 5011 consentaneas.
1699 4954 1952 5010 Adduce-

376 5067 543 5111 t.atur
578 5064 841 5109 cruentus
862 5052 1091 5122 jnbatus
1121 5053 1265 5105 tauri
1291 5058 1518 5104 necatur
1550 5051 1657 5113 leo,
1685 5050 1798 5105 ursi
1838 5058 1954 5103 tor-

373 5164 510 5202 vum
538 5154 778 5212 tuentes,
810 5144 970 5215 pardi
1023 5142 1315 5207 maculosi,
1365 5156 1565 5196 cervus
1615 5142 1757 5211 pelle
1776 5143 1953 5207 varia,

2121 4959 2438 5016 Secundum
2474 4960 2589 5013 haec
2614 4956 2858 5013 Adamns
2885 4968 3081 5012 somno
3120 4949 3480 5007 acerbissimo
3529 4963 3624 5003 so-

2052 5050 2199 5121 pitus
2230 5063 2335 5111 est.
2360 5065 2556 5105 somno
2580 5049 2674 5119 qui
2711 5049 2815 5103 fuit
2847 5048 3064 5103 initium
3096 5044 3401 5099 eversionis
3421 5051 3476 5096 et
3500 5058 3620 5100 etn-

2054 5146 2143 5198 nia
2202 5142 2485 5213 perdentis
2537 5140 2779 5195 invidiae.
2845 5137 3063 5193 Costam
3119 5135 3237 5204 ejus
3297 5131 3626 5187 dormientis

373 5238 613 5294 caudata
633 5234 1182 5307 vulpecula,elephas
1209 5235 1391 5288 fronte
1418 5234 1548 5299 lata,
1570 5234 1955 5303 proboscidem
2055 5233 2234 5303 attigit
2261 5232 2376 5302 ipse
2400 5230 2666 5285 Conditor
2700 5247 2715 5283 :
2748 5228 2959 5296 accepit
2990 5229 3157 5291 lianc;
3198 5223 3454 5279 formavit
3496 5221 3623 5276 inde

1738 5369 1939 5430 Vni-ite
1982 5368 2316 5432 lectiones.

449 5545 493 5575 "
528 5543 893 5610 παντοεργαῖς
915 5541 980 5602 Δ,
1020 5541 1441 5610 παντονργικαῖς
1471 5536 1583 5594 RR.

380 5631 486 5681 μον
519 5611 634 5665 ιιιι.
711 5607 756 5644 ⁷⁸
779 5607 1126 5681 ξπροσφὲρειν
1157 5607 1278 5681 Illi.
1351 5609 1490 5681 ’ἦτῇ
1521 5609 1685 5680 χαίτῃ
1720 5607 1785 5663 Β.

1684 5540 1737 5608 ’ἦ
1758 5538 1983 5608 γνώμην
2009 5536 2376 5608 χαρισάμενος
2398 5538 2464 5588 Α.

1890 5605 1946 5639 ⁷⁷⁷
1966 5605 2245 5678 ἐμφαίνων
2268 5605 2345 5678 ιι,

2569 5533 2614 5606 ’ξ
2647 5533 3008 5606 ἡμερωμὲνον
3043 5532 3159 5588 BR.
3238 5534 3280 5566 ⁷³
3307 5532 3626 5603 αἰθεροδρό.

2446 5606 2492 5638 ⁷⁸
2522 5603 2859 5659 ἐκύκλουἈζ
2911 5606 2956 5637 ⁷⁸
2983 5607 3295 5658 ἐθώπευσεν
3328 5605 3625 5671 ὑπέτρεχεν

373 5673 561 5735 ἐςαινε
589 5681 703 5736 All.
777 5673 1211 5751 ’θ’ἁρτιτρόφους
1247 5679 1311 5733 ιι.
1388 5678 1433 5709 ⁸⁸
1458 5673 1933 5747 γαλακτοτρόφους
1956 5673 2020 5733 Κ.
2054 5673 2126 5710 ’⁸⁸
2165 5674 2450 5739 κονδύλους
2482 5676 2547 5730 Α.
2624 5675 2669 5707 ⁸³
2697 5675 2756 5728 οὐ
2790 5673 2921 5747 πῦρ,
2951 5674 3010 5728 ού
3046 5676 3148 5746 θήρ
3182 5675 3247 5727 ιι.
3322 5673 3368 5704 ⁸³
3400 5675 3463 5725 ἐκ
3495 5674 3628 5724 ταύ-

376 5771 485 5822 ταις
522 5759 589 5805 Λ.
