4080 6206
463 296 567 364 231

465 409 613 471 Εὔας
649 408 744 477 τῆς
772 411 1177 482 παντομήτορος
1205 412 1250 443 ⁸⁸
1291 411 1479 478 γέγονε
1517 410 1938 480 πλευροπάτωρ.

470 502 722 555 Ἐνδοθεν
761 499 854 556 οὖν
885 502 929 533 ⁸⁸
959 503 1052 556 τοῦ
1084 504 1178 573 τῆς
1213 505 1425 574 τρυφῆς
1455 501 1632 572 χώρου
1653 501 1841 564 διέζων
1870 499 2033 567 ἄμφω

477 591 564 655 Ὠς
603 593 856 660 ἄσαρκοι,
895 593 970 662 μὴ
1000 595 1259 664 φέροντες
1288 595 1581 664 φροντίδας
1605 593 1914 661 φιλοΰλους,

475 683 562 745 Ὦς
599 683 732 750 μηδὲ
770 685 1146 751 περικείμενοι
1182 686 1431 754 σώματος
1468 685 1606 747 ὅλως
1642 685 1829 754 βάρος.

478 774 705 839 ’Λμφοῐν
727 773 783 824 δὲ
817 772 1026 824 τούτοιν
1055 776 1083 826 ὁ
1111 775 1241 836 Θεὸς
1278 774 1441 827 πάλιν
1470 775 1780 842 ἐνομοθέτει
1809 793 1821 805 ·

473 858 572 912 ’Ὦ
602 865 854 928 γηγενεῖς
902 861 997 914 καὶ
1028 865 1128 930 τῆς
1178 862 1336 930 Ἐδὲμ
1369 861 1573 932 ταύτης
1606 863 2034 930 πρωτοπολῖται,

469 952 719 1012 ’Ἅπαντα
745 951 918 1004 ταῦτα
948 953 1045 1020 τῆς
1078 952 1230 1021 ὑμῶν
1259 955 1418 1022 χάριν
1440 953 1485 982 ⁸⁷
1518 953 1800 1022 παρῆκται
1830 952 2036 1023 χρείας

475 1044 616 1113 Πρὸς
650 1043 747 1112 τὴν
777 1044 928 1113 ὑμῶν
959 1043 1254 1096 ἀπόλαυσιν
1290 1047 1467 1097 πάντα
1505 1043 1934 1113 δενδροκιμείτε.

482 1134 762 1187 ’Λπάντων
788 1134 880 1187 οὖν
906 1134 1251 1204 κορὲννυσθε,
1283 1135 1498 1186 πάντων
1529 1135 1934 1202 κατατρυφᾶτε.

471 1226 641 1277 Τοῦτο
678 1227 732 1277 δὲ
765 1224 810 1256 ⁸⁸
844 1227 1003 1296 μόνον
1035 1226 1296 1295 βλαϐερὸν
1331 1228 1426 1295 τῆς
1458 1224 1714 1292 γνώσεως
1758 1228 1816 1276 τὸ
1843 1226 1998 1290 ξύλον
2024 1241 2038 1254 ·

471 1318 640 1370 Τοῦτο
664 1321 756 1370 καὶ
780 1318 938 1387 μόνον
959 1319 1210 1386 φεύγοιτε
1235 1319 1301 1378 ⁸⁸,
1335 1317 1525 1369 τούτου
1552 1316 1629 1388 μὴ
1651 1315 1896 1385 ψαύσητέ
1929 1334 2038 1382 μοι.

479 1408 543 1459 'II
562 1410 759 1477 ψαῦσις
779 1410 934 1479 φέρει
961 1411 1059 1476 τὴν
1089 1408 1315 1478 φθορὰν,
1352 1408 1444 1459 καὶ
1469 1409 1566 1476 τὴν
1600 1408 1760 1474 χολὴν
1783 1408 1814 1476 ἡ
1837 1407 2042 1473 γεῦσις.

473 1501 571 1552 Ἂν
599 1502 790 1554 τούτου
844 1501 1004 1570 μόνου
1041 1500 1330 1569 γεύσησθε,
1355 1499 1558 1565 πτῶμα
1595 1497 1846 1548 πεσεῖσθε
1883 1499 2042 1566 μέγαο

476 1591 692 1660 Πικρῶς
728 1593 833 1660 γὰρ
869 1591 1195 1660 ὀπωροδοτεῖ
1231 1592 1322 1641 καὶ
1354 1589 1580 1640 θάνατον
1610 1588 1819 1653 ἐκφύει.

483 1683 583 1732 Ἂν
609 1682 766 1734 τοῦτό
795 1701 881 1752 μοι
905 1681 1231 1752 φυλάξησθε,
1266 1679 1525 1747 φεύξεσθε
1573 1680 1794 1749 κέντρον
1835 1679 2044 1748 πότμου

473 1775 580 1826 Καὶ
616 1773 929 1842 πλατυσμὸν
964 1775 1298 1844 κερδανησθε
1340 1772 1485 1839 ζωῆς
1513 1772 1876 1825 ἀκαταλύτου.
1913 1791 1931 1822 ι

543 1861 650 1916 Ἦν
680 1865 872 1930 ταῦτα,
902 1869 996 1920 καὶ
1037 1868 1346 1936 πεφόόηντο
1372 1867 1464 1918 τον
1496 1866 1653 1934 λόγον
1684 1868 1732 1918 οἱ
1766 1868 2048 1936 γενάρχας,

473 1957 585 2025 Τὴν
614 1959 843 2027 ἀπειλὴν
875 1960 1202 2027 ὑπέτρεμον,
1237 1961 1574 2027 ὑπέφρισσον
1607 1960 1655 1990 ⁹⁰
1688 1959 1746 2010 τὸ
1775 1960 1945 2028 ῥῆμα,

473 2049 584 2100 Καὶ
619 2049 679 2100 τὸ
710 2051 878 2116 φυτ’.ν
907 2051 978 2112 ὠς
1007 2051 1248 2119 ἔχθιστον
1273 2051 1380 2102 ἀπὸ
1409 2050 1587 2118 ψυχῆς
1623 2049 1906 2116 ὲστύγουν.

485 2139 624 2190 Ἀλλ’
659 2143 685 2192 ὁ
714 2139 888 2191 Σατάν
913 2140 1234 2192 ὲϐάσκαινεν
1275 2141 1342 2202 ⁹¹,
1384 2140 1580 2210 ἔϐρυκε
1622 2142 1747 2202 τοὺς
1777 2141 2017 2204 ὀδόντας,

486 2231 577 2291 Ὠ,
612 2231 882 2299 ἀφριστὴς
911 2231 956 2262 θ’
982 2231 1293 2299 ἐθύμαινεν,
1331 2231 1404 2294 ὡς
1434 2232 1716 2302 ἀγριόδους
1739 2233 1785 2263 ⁸³
1817 2235 2048 2304 κάπρος.

476 2319 704 2371 Βλέπειν
727 2321 825 2372 οὐκ
857 2320 1051 2391 ἔφερεν
1084 2322 1281 2386 αὐτοὺς
1312 2321 1559 2391 βιοῦντας
1597 2323 1672 2386 ὠς
1721 2323 2012 2392 ἀγγέλους.

477 2410 584 2459 Καὶ
619 2409 799 2462 τοίνυν
832 2410 1064 2480 ὄργανον
1099 2413 1264 2463 αὐτοῦ
1292 2415 1389 2480 τῆς
1424 2415 1840 2482 κακομηχανίας

475 2501 578 2552 Τὸν
617 2500 740 2568 ὅφιν
773 2501 862 2553 τὸν
897 2502 1187 2572 δολόμητιν
1225 2503 1317 2554 καὶ
1353 2503 1564 2555 σκολιὸν
1595 2505 1862 2572 εὑρίσκει.

474 2591 723 2644 Θωπεύει
752 2594 850 2660 τὴν
884 2594 1230 2662 προμήτορα,
1267 2593 1506 2646 δείκνυσι
1539 2595 1636 2663 τὴν
1661 2594 1907 2664 ὀπώραν,

480 2683 662 2753 Καλὴν
701 2683 849 2747 ἰδεῖν,
888 2684 1212 2753 ἐπέραστον,
1249 2684 1551 2754 γεύσασθαι
1585 2687 1907 2756 νεκταρέαν.

481 2769 629 2826 [ἴδεν
661 2775 842 2845 ἐκείνη
887 2774 977 2826 τὸν
1000 2776 1213 2846 καρπόν
1241 2791 1252 2804 °
1288 2772 1357 2846 ἧν
1385 2777 1414 2828 ὁ
1439 2776 1651 2846 καρπὸς
1678 2778 1902 2848 ὡραῖος,

481 3045 790 3098 mulierem.
855 3027 1056 3114 Itaque,
1089 3046 1157 3101 de
1213 3046 1436 3115 pulvere
1475 3047 1734 3101 conditus
1787 3046 2048 3110 Adamus,

487 3137 651 3192 homo
679 3137 771 3192 ille
796 3139 1076 3208 princeps,
1115 3139 1242 3193 Eva:
1283 3142 1476 3194 matris
1527 3140 1717 3208 primae
1748 3150 1903 3208 pater
1941 3157 2055 3194 res-

482 3239 642 3299 pectu
671 3243 834 3286 costa:
850 3232 1029 3286 factus
1047 3242 1148 3288 est.
1176 3233 1445 3290 Vivebant
1466 3236 1628 3288 ambo
1657 3235 1708 3286 in
1734 3233 2054 3288 deliciarum

481 3339 581 3390 pra
597 3321 710 3393 dio,
745 3332 806 3376 ut
840 3321 1145 3386 infecundi,
1177 3324 1270 3392 qui
1301 3339 1484 3378 rerum
1521 3341 1828 3379 crassarum
1872 3326 2057 3380 studio

480 3413 636 3467 nullo
666 3422 1047 3480 tangerentur,
1087 3415 1292 3482 quique
1322 3414 1572 3482 corporis
1622 3414 1776 3468 nullo
1813 3414 2054 3482 pondere

476 3505 683 3573 gravati
731 3512 940 3559 essent.
993 3505 1255 3574 Utrisque
1304 3519 1436 3558 vero
1484 3507 1659 3575 legem
1723 3505 2058 3574 praescripsit

479 3595 641 3648 Deus.
677 3615 693 3644 ι
731 3593 776 3648 Ο
827 3604 997 3657 terra,
1049 3596 1250 3664 inquit,
1307 3594 1466 3659 editi,
1517 3605 1571 3650 et
1636 3596 1800 3665 hujus
1851 3595 2056 3648 Edenis

479 3687 644 3752 primi
671 3686 844 3750 cives,
877 3686 994 3738 haec
1018 3687 1202 3738 omnia
1227 3694 1422 3739 vestra:
1458 3686 1710 3740 utilitatis
1740 3701 1905 3739 causa
1931 3701 2059 3753 pro-

485 3774 652 3826 ducta
677 3783 831 3827 sunt.
863 3773 1068 3828 Vestra:
1101 3773 1376 3828 fruitionis
1393 3775 1565 3843 gratia
1592 3775 1803 3829 fructus
1831 3775 2060 3828 arbores

481 3862 688 3915 ferunt.
737 3863 924 3930 Itaque
952 3862 1229 3917 satiamini
1260 3864 1539 3925 omnibus.
1567 3880 1636 3918 ex
1680 3865 1938 3919 omnibus
1963 3865 2060 3917 de-

481 3952 639 4006 llcias
676 3953 927 4020 quarrite.
954 3952 1116 4006 Modo
1145 3953 1518 4022 perniciosum
1575 3955 1680 4008 hoc
1728 3954 2060 4022 cognitionis

483 4043 712 4112 lignum,
743 4045 944 4106 solum,
979 4043 1226 4113 inquam,
1258 4043 1363 4100 hoc
1411 4043 1582 4114 fugite
1612 4063 1628 4099 :
1663 4060 1732 4100 ne
1763 4045 1897 4098 illud
1923 4046 2059 4100 mihi

483 4136 812 4205 attigeritis;
852 4137 974 4206 ejus
1009 4144 1298 4191 contactus
1354 4137 1641 4192 interitum
1679 4147 1735 4192 et
1758 4146 1950 4208 gustus
1988 4139 2058 4193 fel

486 4242 697 4280 merum
727 4227 942 4282 afferet.
983 4227 1193 4282 Idcirco
1215 4227 1262 4282 si
1295 4227 1364 4283 de
1390 4229 1496 4283 hoc
1516 4229 1887 4300 gustaveritis,
1929 4245 2058 4282 rue-

486 4319 559 4370 tis
582 4319 856 4386 ingentem
881 4319 1121 4374 ruinam.
1158 4319 1304 4375 Idem
1335 4321 1381 4374 si
1417 4321 1742 4385 vitaveritis,
1776 4320 2059 4374 stimulum

487 4411 682 4462 mortis
710 4410 985 4479 eﬂ'ugietis
1005 4420 1061 4465 et
1099 4412 1519 4481 amplitudinem
1558 4413 1687 4468 vita:
1717 4428 1827 4467 non
1857 4413 2058 4467 finien-

485 4500 570 4553 da:
616 4500 992 4557 lucrabimini.
1021 4502 1149 4558 Fert
1192 4504 1343 4556 enim
1401 4503 1642 4557 fructum
1695 4517 1945 4557 amarum
2005 4513 2062 4559 et

486 4603 716 4646 mortem
749 4595 920 4662 ipsam
953 4613 974 4645 ο

557 4682 896 4737 Eveniebant
937 4685 1052 4738 haec
1084 4685 1158 4739 ita
1188 4701 1202 4737 :
1249 4685 1648 4740 reverebantur
1691 4685 1833 4740 hanc
1855 4685 2063 4740 oratio-

489 4784 613 4822 nem
651 4780 908 4826 auctores
935 4774 1108 4826 nostri
1139 4773 1393 4842 generis;
1420 4773 1674 4828 arborem
1705 4776 1885 4840 istam,
1920 4777 2070 4829 velut

492 4861 931 4928 infestissimam,
963 4881 1030 4918 ex
1058 4865 1246 4919 animo
1273 4867 1522 4920 oderant.
1551 4867 1752 4920 Verum
1792 4867 2069 4923 invidebat

488 4952 721 5007 Satanas
750 4971 766 5019 ;
797 4955 1064 5011 fremebat
1086 4958 1366 5023 dentibus,
1399 4960 1574 5013 instar
1593 4962 1709 5028 apri
1762 4962 2070 5030 spumantis

487 5055 544 5098 et
579 5046 792 5099 efferati
820 5049 1296 5104 excandescebat:
1340 5050 1529 5104 videre
1578 5065 1686 5104 non
1747 5061 1968 5120 poterat
2011 5051 2070 5104 ut

489 5138 810 5208 angelorum
847 5156 998 5194 more
1037 5142 1308 5196 viverent.
1337 5141 1526 5210 Itaque
1552 5141 1835 5196 scelerata:
1867 5143 2070 5196 machi-

1605 296 2119 360 CONS’I‘ANTINI
2161 292 2540 355 MANASSIS

2063 417 2102 469 Α
2135 406 2360 476 Χαρίεις
2393 399 2462 474 ἦν
2492 407 2573 466 είς
2600 404 2794 474 ὅρασιν
2834 401 2927 455 καὶ
2961 400 3245 464 κάλλιστος
3272 400 3319 431 ’⁸
3356 399 3436 462 είς
3469 397 3675 468 γεῦσιν.

3602 285 3708 350 232

2158 496 2448 548 ’Υπέσαινε
2479 497 2524 528 ’⁵
2549 497 2649 563 τὴν
2676 497 2892 564 ὅρασιν,
2921 493 3110 560 ἔθελγε
3137 492 3237 563 τὴν
3259 491 3510 562 καρδίαν,

2161 584 2352 655 Ἐᾡκει
2378 585 2743 654 θελξικάρδιον
2773 583 3148 653 γλυκυθυμίαν
3177 580 3415 644 στάζειν.

2153 676 2359 741 ’Ἑδειξε
2387 675 2574 728 τοῦτον
2597 678 2623 728 ὁ
2655 678 2852 741 Σατὰν,
2879 676 2970 727 καὶ
3002 676 3092 727 τὸν
3131 675 3224 727 τοῦ
3258 673 3410 727 δόλου
3453 675 3658 743 σκύφον

2161 767 2446 838 Ἐπέχρισε
2480 771 2525 800 ⁵⁸
2553 767 2878 835 γλυκάζοντι
2913 767 3088 837 μέλιτι
3120 765 3430 828 κολακείας.

2150 857 2392 929 Εἵρπυσε
2421 860 2634 930 δράκων
2662 862 2688 912 ὁ
2720 860 2912 923 δεινὸς,
2946 857 3194 928 ὲσύριξεν
3221 859 3265 888 ’⁷
3307 857 3578 919 ὑπούλως.

2156 969 2173 1000 ι
2215 953 2311 1022 “Av
2343 952 2556 1018 ςτούτου
2599 949 2890 1020 γεύσησθε,
2961 950 3116 1018 φησὶ,
3195 946 3288 1001 τοῦ
3347 948 3721 1018 καλλικάρπου

3414 1039 3616 1112 [ξύλου,

2153 1135 2250 1186 "Av
2297 1133 2456 1201 μόνον
2488 1131 2890 1203 προσενέγκητε
2922 1130 3150 1198 στόματι
3180 1129 3278 1200 τὴν
3317 1130 3562 1200 ὀπώραν,

2152 1225 2356 1278 Κύκλοι
2384 1225 2815 1294 διανοιγήσονται
2848 1223 3135 1293 βλεφάρων
3165 1223 3472 1294 ὑμετέρων,

2153 1318 2260 1367 Καὶ
2292 1317 2655 1385 χρηματίσετε
2689 1315 2823 1379 θεοὶ,
2853 1318 2945 1367 καὶ
2985 1315 3260 1382 γνώσεσθε
3290 1315 3356 1366 τά
3388 1314 3587 1368 πάντα.
3627 1333 3644 1365 ι

2157 1413 2394 1463 ’[Ικουσε
2427 1410 2632 1462 τούτων
2665 1411 2698 1480 ἡ
2733 1410 2893 1480 γυνὴ,
2923 1409 3199 1478 προσέσχε
3227 1411 3294 1478 τῇ
3329 1408 3557 1478 θωπείᾳ,

2164 1501 2402 1571 Ἢττήθη
2435 1501 2530 1554 τοῦ
2559 1501 2945 1569 γλυκάζοντος,
2975 1501 3183 1570 ἡττήθη
3213 1501 3320 1553 τῶν
3353 1501 3614 1570 χαρίτων,

2154 1591 2219 1642 Ai
2245 1591 2341 1642 τοῦ
2374 1591 2586 1661 καρποῦ
2617 1592 2677 1644 τὸ
2714 1593 3005 1661 πρόσωπον
3036 1590 3298 1660 ,ηγλάἳζον
3324 1592 3402 1662 τῷ
3436 1590 3642 1644 κάλλει.

2160 1681 2413 1745 Ἔλαϐεν,
2441 1681 2806 1747 ἀπεγεύσατο,
2841 1681 3042 1734 δέδωκε
3073 1681 3150 1751 τῷ
3183 1682 3450 1750 συννόμῳ.

2082 1762 2122 1816 Β
2157 1775 2400 1841 Ἔφαγον
2426 1775 2592 1844 ἄμφω
2613 1775 2704 1826 τοῦ
2741 1773 2978 1843 καρποῦ,
3015 1774 3277 1843 μετέσχον
3307 1775 3405 1841 τῆς
3427 1771 3672 1843 ὀπώρας,

2157 1865 2515 1933 Παρήκουσαν
2549 1867 2646 1932 τῆς
2670 1867 2728 1918 ὲν
2742 1865 2922 1934 τολῆς,
2959 1865 3159 1934 ἔφαγον
3188 1867 3250 1916 ἐκ
3272 1863 3366 1916 τοῦ
3396 1863 3574 1929 ξύλου,

2155 1955 2264 2004 Καὶ
2305 1954 2455 2023 παρὰ
2485 1954 2652 2015 πόδας
2683 1954 2743 2005 τὸ
2775 1955 2945 2008 κακῖν
2977 1955 3162 2015 αὐτοῖς
3196 1955 3555 2023 ἐπηκολούθει
3580 1958 3646 2010 ³³.

2167 2046 2490 2114 Ίίνοίγησαν
2521 2048 2566 2076 ⁹⁹
2597 2045 2665 2098 τά
2699 2046 2965 2116 βλέφαρα,
3001 2047 3242 2118 κατεῖδον
3267 2047 3363 2116 τὴν
3395 2048 3682 2116 αἰσχύνην,

2167 2137 2442 2205 Ἐπέγνων
2469 2138 2566 2205 τὴν
2597 2139 2914 2208 γυμνότητα
2940 2136 3036 2190 καὶ
3065 2137 3162 2206 τὴν
3195 2137 3602 2209 ἀσχημοσύνην.

2167 2229 2452 2281 Ἐντεῦθεν
2489 2231 2787 2282 ὑπεδύοντα
2819 2230 2917 2291 τὰς
2956 2227 3279 2296 βαθυσκίους
3302 2230 3526 2299 λόχμας,

2169 2323 2492 2393 Ἐπέτρεχον
2532 2323 2600 2376 τὰ
2628 2324 2789 2376 λάσια
2813 2326 2908 2377 καὶ
2941 2327 3007 2376 τα
3039 2324 3218 2377 πυκνά
3244 2325 3350 2376 τῶν
3375 2324 3628 2394 δένδρων,

2158 2413 2443 2482 Ἕρραιξααν
2468 2411 2828 2481 περιζώματα
2855 2413 3070 2480 φύλλων
3096 2415 3160 2465 ὲκ
3184 2413 3568 2481 παχυφύλλων,

2171 2502 2305 2554 Ὑπὸ
2331 2503 2494 2568 φυτὸν
2525 2503 2852 2570 κατέφυγον,
2893 2500 3126 2571 ἔδραμον
3155 2502 3171 2532 ¹
3210 2503 3313 2553 ὑπὸ
3341 2502 3571 2571 σκέπην,

2156 2592 2356 2647 Χανείν
2382 2593 2565 2654 αὐτοῖς
2593 2593 2896 2662 ἐπηύχοντο
2928 2594 3026 2662 τὴν
3063 2595 3167 2662 γῆν
3199 2593 3371 2645 πλατὺ
3395 2594 3455 2644 τὸ
3491 2593 3685 2662 στόμα.

2169 2683 2413 2753 Ἐπέγνω
2462 2683 2616 2736 ταῦθ’
2674 2685 2702 2736 ὁ
2759 2683 3066 2755 Φυτουργὺς
3122 2685 3141 2715 ³
3201 2683 3307 2736 τῶν
3362 2683 3720 2752 εύκηπεύτων

3343 2773 3360 2848 [
3366 2775 3615 2842 δένδρων,

3443 2883 3592 2942 Vers.
3621 2885 3728 2940 533

2157 3046 2398 3102 nationis
2420 3062 2535 3102 sua:
2585 3047 3017 3102 instrumentum
3057 3052 3368 3115 serpentem
3406 3041 3727 3096 fraudulen-

2168 3150 2282 3193 tum
2318 3149 2375 3195 et
2415 3150 2724 3193 tortuosum
2759 3138 2985 3193 invenit.
3027 3137 3296 3192 Adulatur
3333 3135 3520 3206 prima:
3544 3134 3727 3188 homi-

2167 3246 2296 3284 num
2338 3232 2536 3295 matri;
2582 3230 2820 3284 fructum
2871 3230 3208 3283 demonstrat
3247 3237 3468 3296 aspectu
3521 3227 3729 3293 jucun-

2164 3322 2316 3382 dum,
2348 3329 2564 3390 gustatu
2583 3335 2827 3382 suavem,
2850 3329 3184 3374 nectareum.
3217 3318 3465 3372 Intuetur
3483 3316 3726 3371 fructum

2166 3412 2278 3476 illa,
2309 3412 2402 3480 qui
2426 3421 2677 3464 maturus
2725 3420 2866 3474 erat,
2927 3421 3112 3479 gratus
3149 3409 3414 3478 aspectui,
3453 3407 3629 3462 bonus
3659 3409 3731 3462 ad

2166 3503 2519 3556 vescendum.
2553 3503 2844 3556 Arridebat
2881 3502 2931 3556 is
2954 3502 3148 3565 oculis,
3187 3516 3286 3554 cor
3338 3500 3683 3554 demulcebat
3717 3519 3730 3552 :

2166 3595 2455 3648 videbatur
2490 3593 2838 3647 dulcedinem
2865 3593 3158 3662 quamdam
3188 3591 3340 3647 cordi
3375 3601 3585 3661 gratam
3616 3591 3732 3644 stil-

2166 3687 2299 3739 lare.
2318 3685 2569 3740 Ostendit
2593 3694 2650 3739 et
2669 3684 2898 3739 Satanas
2923 3685 3004 3738 eis
3028 3683 3286 3752 poculum
3305 3683 3532 3746 fraudis,
3566 3691 3733 3750 atque

2166 3777 2297 3830 illud
2359 3776 2506 3830 dulci
2550 3774 2939 3830 assentationis
2988 3774 3148 3829 melle
3197 3774 3428 3828 inunxil.
3465 3772 3735 3842 Serpebat

2167 3867 2257 3919 ille
2287 3867 2454 3920 draco
2480 3866 2816 3936 ingeniosus,
2855 3864 3111 3919 sibilabat
3142 3865 3398 3919 molliter.
3428 3864 3484 3919 Si
3511 3865 3578 3918 de
3603 3865 3732 3928 boc,

2165 3961 2262 4023 ait,
2295 3958 2443 4027 ligno
2473 3959 2762 4026 pulchrum
2799 3957 3034 4011 habente
3080 3956 3318 4010 fructum
3352 3956 3731 4027 gustaveritis,

2167 4050 2211 4102 si
2252 4049 2414 4102 modo
2449 4048 2685 4102 fructum
2709 4049 2828 4118 ejus
2851 4047 2935 4101 ori
2981 4047 3356 4110 admoveritis,
3406 4047 3570 4100 orbes
3597 4061 3737 4100 ocu-

2166 4141 2343 4195 lorum
2373 4150 2682 4194 vestrorum
2714 4140 3070 4209 aperientur,
3113 4137 3379 4206 eritisque
3409 4137 3484 4191 dii
3510 4145 3566 4190 et
3599 4152 3741 4191 cun-

2167 4241 2252 4288 cta
2291 4233 2652 4302 cognoscetis.
2678 4230 2869 4286 Audiit
2904 4230 3019 4284 haec
3057 4229 3256 4283 mulier
3298 4245 3313 4282 :
3364 4229 3608 4282 animum
3643 4245 3740 4284 as-

2169 4325 2464 4380 sentationi
2509 4323 2768 4387 advertit,
2843 4323 2984 4377 victa
3028 4331 3112 4376 est
3159 4335 3260 4391 per
3310 4320 3736 4384 dulcitudincm,

2093 4455 2137 4508 ο
2167 4417 2309 4472 victa
2338 4426 2564 4486 propter
2585 4414 2936 4485 elegantiam.
2966 4413 3328 4483 Transgressa
3356 4422 3440 4467 est
3469 4413 3741 4467 interdic-

2170 4519 2308 4570 tum,
2344 4507 2458 4559 edit
2487 4505 2554 4558 de
2585 4505 2756 4575 ligno,
2795 4503 3031 4572 sumpsit
3063 4518 3128 4557 ex
3156 4517 3243 4567 eo,
3297 4504 3536 4572 gustavit
3568 4543 3584 4565 ,
3613 4516 3740 4555 con-

2164 4600 2276 4670 jugi
2310 4597 2480 4652 dedit.
2523 4597 2699 4650 Ambo
2722 4595 2789 4649 de
2813 4594 2993 4648 fructu
3016 4593 3396 4660 comederunt,
3430 4592 3487 4662 8
3507 4592 3739 4663 ejusque

2167 4687 2466 4757 participes
2503 4685 2629 4739 facti
2662 4691 2811 4738 sunt.
2853 4683 2961 4737 Sed
2997 4697 3120 4735 mox
3153 4681 3300 4751 ipsos
3333 4683 3534 4735 malum
3565 4683 3742 4735 comi-

2170 4779 2388 4833 tabatur
2423 4795 2436 4830 :
2467 4776 2641 4846 aperti
2679 4783 2803 4829 sunt
2827 4775 2908 4828 eis
2939 4774 3108 4838 oculi,
3136 4773 3394 4827 viderunt
3442 4773 3744 4840 turpitudi-

2170 4889 2314 4934 nem,
2336 4871 2639 4925 uuditatem
2661 4867 3009 4936 dedecusque
3024 4882 3182 4920 suum
3201 4873 3563 4934 agnoverunt.
3597 4863 3740 4917 Hinc

2171 4963 2431 5018 subibant
2459 4961 2748 5013 umbrosas
2777 4958 3039 5021 latebras,
3067 4959 3362 5010 currebant
3402 4957 3506 5009 sub
3539 4955 3741 5008 densas

2170 5069 2234 5107 ac
2265 5053 2582 5120 frequentes
2607 5051 2854 5113 arbores,
2904 5049 3207 5116 obligacula
3255 5047 3323 5100 de
3362 5046 3565 5100 crassis
3594 5045 3742 5098 foliis

2170 5143 2532 5207 consuebaut,
2580 5142 2682 5194 sub
2709 5141 2956 5194 arborem
2985 5138 3374 5207 confugiebant
3421 5148 3478 5192 et
3505 5139 3610 5191 sub
3633 5147 3744 5208 teg-

1862 5304 2068 5364 Varite
2111 5305 2437 5368 lectiones.

563 5471 608 5502 ⁸⁸
642 5467 1070 5538 πρωτομήτορος
1125 5465 1238 5520 RR.
1293 5535 1322 5538 ἦ
1349 5466 1562 5520 ⁸ίένδον

491 5539 534 5568 ⁹⁶
571 5535 918 5606 ὑπέφριττον,
953 5539 1262 5606 ὑπέτρεμον
1293 5535 1357 5588 ιι.

496 5605 804 5678 γηαριῗειςῆν
837 5607 950 5660 ιιιι.
1027 5609 1073 5641 ’⁵
1095 5611 1320 5678 ἐπένευε
1355 5611 1418 5662 Λ.

495 5681 582 5729 επ.
619 5677 684 5730 ιι.
761 5676 805 5710 ⁵⁸
837 5678 1167 5747 ἠνοίχθησαν
1201 5676 1264 5728 II.

1622 5467 1720 5537 μὲν
1772 5467 1837 5521 Β.

1463 5539 1502 5568 ⁹¹
1539 5536 1838 5605 ἐϐάσκηνεν
1872 5536 1934 5592 R.

1346 5679 1358 5708 ¹
1391 5677 1751 5746 κατέδραμον,
1785 5679 1982 5745 ἔφυγον
2020 5677 2083 5730 II.

1939 5470 1984 5502 ⁸¹
2008 5471 2170 5540 χάριν
2225 5473 2338 5540 τῆς,
2383 5469 2538 5538 ὑμῶν
2569 5468 2633 5521 Β.

2038 5539 2093 5571 ’ί
2121 5539 2394 5610 ἀφριεξτὴρ
2441 5542 2504 5591 A-

1573 5607 1934 5675 ὑπέχρισε-Ιὶ,
1967 5607 2373 5678 ἐπέχριεΛὶίζ
2442 5611 2484 5639 ’⁷
2517 5609 2550 5676 ἦ

2743 5467 2788 5498 ⁸⁸
2849 5468 2943 5521 καὶ
2984 5467 3148 5522 ABR.
3254 5467 3299 5500 ⁸⁸
3347 5467 3581 5536 φεύγητε
3619 5467 3744 5524 RR.

3245 5539 3290 5570 "‘
3309 5542 3402 5591 καὶ
3427 5539 3743 5600 κάλλιστος,

3282 5609 3327 5641 ⁸⁸
3353 5610 3533 5670 αὐτοῖς
3571 5608 3740 5671 εὐθυς

2605 5539 2652 5570 ’³
2679 5538 2951 5608 ἀγριώδης
3018 5539 3131 5592 IIII.

2559 5609 2737 5680 puu§§
2755 5617 2807 5660 et
2839 5607 3090 5680 ἐσύριζεν
3128 5607 3190 5662 II.

2161 5681 2180 5709 ‘
2204 5677 2574 5748 πλαστουργος
2611 5677 2770 5731 ΑΙίΙί.
