4106 6206
356 437 585 506 Ἐπέστη
607 432 1005 503 δραπετεύουσι
1042 432 1059 461 ³
1094 434 1204 494 τοῖς
1228 432 1489 503 ἁρχηγοῖς
1515 433 1609 486 τοῦ
1636 434 1847 501 γένους,

362 528 611 585 Ὦνείδισε
636 526 735 594 τὴν
762 525 986 592 ἄγνοιαν
1019 524 1061 590 ⁸,
1089 524 1315 578 ἐκάκισε
1340 526 1439 594 τὴν
1470 526 1698 595 πλάνην,

357 618 455 673 Kal
477 618 531 670 τί
564 616 752 687 μακρὰ
781 616 1158 685 λογολεσχεῖν;
1194 615 1478 684 ἀπήλασεν
1510 616 1739 679 ἐκεῖθεν,

363 709 645 764 Ἐκόλασεν
673 707 936 778 ὲργὼδεσι
959 707 1207 778 βαρείαις
1228 708 1561 778 ἐργατειαιεο

353 801 457 873 Τὴν
494 801 600 870 γῆν
620 800 718 870 τὴν
749 799 1190 871 ζωοθρέπτειραν
1222 801 1518 871 ἠπείλησεν
1547 800 1770 869 ἐκφύειν

354 892 627 947 ’Δκανθαν
661 890 958 954 κνίζουσαν
986 893 1193 954 αὐτοῖς,
1216 891 1500 963 τριδόλους
1529 888 1908 962 ὀξυκέντρους.

359 986 560 1051 Ὦδῖνας
596 986 918 1054 ἐπηράσατο
954 984 1205 1054 δριμείας
1232 987 1593 1054 μογοστόκους

350 1077 539 1148 Εὒᾳτῇ
577 1076 964 1145 πρωτομήτορι
995 1079 1061 1145 τῇ
1100 1077 1603 1149 πρωτοπαθησάση,

412 1170 521 1222 Kal
547 1168 731 1220 τοίνυν
756 1169 783 1219 δ
807 1166 1139 1229 ταλάντατος
1165 1168 1259 1220 καὶ
1282 1167 1591 1239 δύσποτμος
1616 1173 1931 1243 γενάρχηςι

358 1259 714 1328 Ἀπελαθῆναι
740 1258 1014 1321 δυσκλεῶς
1044 1257 1259 1310 ἐκεῖθεν
1289 1259 1658 1331 δυστυχήσας,

349 1351 683 1422 Κατῴκησεν
716 1350 981 1404 ἀπέναντι
1009 1349 1106 1403 τοῦ
1134 1350 1235 1419 τῆς
1267 1355 1480 1423 τρυφῆς
1513 1355 1734 1424 χωρίου.

351 1441 453 1495 Kal
483 1442 816 1513 δερματίνην
847 1441 1087 1506 ὲνδυθεὶς
1122 1442 1143 1473 ⁸
1176 1445 1380 1513 σαρκὸς
1412 1448 1737 1500 ἀντιτυπίαν
1796 1434 1801 1435 ν

348 1534 451 1586 Kal
471 1535 635 1600 γνοὺς
654 1532 753 1604 τὴν
781 1532 925 1588 Εὔαν
958 1534 1222 1604 ἐμπαθῶς
1253 1535 1411 1588 ’Δ-ὁὲλ
1438 1539 1601 1608 γεννᾷ
1622 1539 1717 1591 καὶ
1750 1540 1907 1594 Κάῖν.

348 1625 449 1677 Kal
468 1625 609 1677 Κάῖν
640 1625 740 1695 μὲν
764 1624 1124 1691 αὐλακισμοῖς
1154 1628 1411 1697 προσεῖχε
1450 1628 1718 1681 πεδιὰδων

347 1718 447 1771 Kal
470 1718 568 1781 τὰς
602 1717 846 1788 ἀρούρας
868 1716 1100 1769 ἔσπευδε
1137 1720 1311 1770 ποιεῖν
1339 1720 1836 1788 ταυροπολεύτους,

354 1808 412 1861 '0
439 1808 483 1861 δ’
534 1807 691 1859 ’Δόὲλ
718 1807 747 1858 δ
785 1806 1050 1876 νεώτερος
1072 1807 1440 1878 ποιμαντικὴν
1472 1809 1681 1879 μετῄει.

345 1897 619 1968 Προσῆξεν
643 1896 743 1951 οὖν
760 1897 1023 1969 ἑκάτερος
1049 1897 1147 1961 τὰς
1192 1900 1453 1969 ἀπαρχὰς
1496 1902 1606 1952 τῶν
1637 1902 1837 1954 πόνων.

346 1990 452 2041 Kal
480 1989 573 2041 τοῦ
605 1988 707 2058 μὲν
736 1988 892 2041 Ἀϐὲλ
927 1990 955 2040 ὁ
976 1988 1108 2052 Θεὸς
1135 1990 1453 2060 προσήκατο
1491 1993 1558 2044 τὰ
1589 1991 1736 2064 δῶρα

360 2078 449 2141 Ὠς
489 2078 956 2146 προσενέγκαντος
989 2078 1167 2148 ὀρθῶς
1194 2080 1287 2131 καὶ
1314 2080 1805 2151 τεθεραπευκότος,

340 2170 467 2233 τοῖς
494 2170 551 2223 δὲ
581 2169 1010 2241 δωροφορήμασι
1041 2172 1136 2225 τοῦ
1172 2171 1315 2225 Κάῖν
1347 2174 1407 2225 οὐ
1437 2176 1732 2245 προσέσχε.

341 2264 415 2317 Τὸ
448 2263 738 2334 πρόσωπον
772 2263 1068 2316 συνέπεσεν
1101 2263 1357 2317 ἐντεῦθεν
1384 2265 1446 2318 τὸ
1472 2266 1565 2320 τοῦ
1604 2269 1761 2321 Κάῖν.

342 2355 448 2408 Τὸν
491 2355 647 2408 Ἀεὲλ
678 2356 1020 2410 ὑπεόλέπετο
1056 2355 1352 2427 βλεφάροις
1386 2358 1759 2429 μισαδέὶφοις,

342 2447 451 2501 Kal
473 2446 553 2517 τῷ
582 2447 748 2518 μηδὲν
796 2447 1132 2518 πικράναντι
1168 2448 1309 2519 μηδὲ
1333 2449 1664 2519 λελυπηκότι

358 2540 713 2609 Ἑπενεγκείν
739 2540 1039 2593 ἐσκέπτετο
1060 2540 1322 2610 παλάμας
1351 2544 1675 2616 φονευτρίας
1704 2545 1727 2577 ⁸
1753 2562 1767 2576 ⁸

341 2630 454 2700 Τὴν
478 2629 586 2700 γὰρ
625 2628 720 2682 τοῦ
750 2628 946 2698 φθόνου
972 2626 1202 2699 κάμινον
1232 2628 1546 2700 βρέμουσαν
1578 2626 1722 2702 εἶχεν
1743 2632 1909 2688 ἔνδον.

346 2718 520 2772 Τοῦτο
543 2720 639 2773 καὶ
659 2719 723 2790 δὴ
746 2719 1073 2789 τετόλμηκε,
1107 2721 1208 2787 φεῦ
1238 2719 1612 2791 ἀπανθρώπου
1642 2716 1868 2794 γνώμης
1896 2725 1909 2778 ε

342 2813 455 2866 Kal
497 2814 622 2876 τοὺς
652 2810 889 2881 θεσμοὺς
915 2811 1016 2865 οὐκ
1048 2811 1317 2876 αἰδεσθεὶς
1362 2812 1457 2876 οὒς
1490 2814 1762 2868 αἰδοῦνται
1817 2818 1913 2869 καὶ

1592 2905 1804 2981 [θῆρες.

342 3054 491 3095 men.
523 3036 797 3108 Optabant
823 3046 883 3092 ut
942 3048 1085 3094 terra
1136 3040 1286 3109 ipsos
1312 3054 1409 3095 ore
1440 3040 1552 3095 lato
1577 3040 1909 3108 dehisceret,

1480 316 1983 377 COMPENDlUM
2018 314 2490 376 CHRONICUM.

3480 323 3589 390 23$

1952 458 1993 510 Α
2028 433 2131 486 τὸν
2163 434 2390 497 ἀδελφῖν
2422 433 2752 503 παρέπεμψε
2780 438 2897 497 ταῖς
2925 434 3017 487 τοῦ
3053 434 3285 489 θανάτου
3319 438 3554 505 γνάθοις.

2034 525 2292 594 Ὀργίλως
2312 525 2336 556 ⁷
2361 520 2499 578 εἶδεν
2523 527 2550 578 ὁ
2572 525 2699 589 Θεὸς
2745 528 2822 587 εἰς
2849 527 2939 578 τὸν
2962 527 3367 597 ἀδελφοκτόνον,

2035 618 2221 687 Ἀραῖς
2252 618 2522 670 ὑπέὅαλεν
2555 617 2722 670 αὐτὸν
2748 621 2870 681 ταῖς
2901 620 3432 691 παλαμναιοτὰταις,

2034 706 2314 758 Ἐντεῦθεν
2339 706 2478 757 Κάῖν
2507 704 2751 767 ἐλασθεὶς
2781 706 2881 776 τῆς
2914 706 3141 779 πρώτης
3182 708 3474 777 παροικίας

2023 799 2131 850 Kal
2163 797 2268 865 γῆν
2297 798 2498 867 πολλὴν
2534 797 2853 870 ἑπ.δραμὼν
2884 798 3179 872 ἕπηξετὰς
3210 801 3432 864 αὺλαῖας

2024 891 2190 943 Ἔνθα
2214 891 2382 946 καλὸν
2406 894 2516 954 τοῖς
2544 892 2844 963 ὀφθαλμοῖς
2877 893 3089 946 ἐκείνου
3118 895 3424 966 κατεφάνη,
3508 942 3525 961 ,

1960 996 1963 1001 '
2023 984 2131 1036 Kal
2163 984 2377 1053 πρῶτος
2408 986 2674 1054 ἐπενόησε
2714 987 2897 1050 πόλεις
2923 986 3361 1057 ἐχυροπύργους.

2020 1072 2273 1141 Νηκύτου
2301 1076 2596 1143 γενομένου
2617 1074 2675 1129 δὲ
2700 1074 2791 1127 τοῦ
2830 1075 3025 1142 γένους
3050 1075 3158 1127 τῶν
3176 1075 3479 1147 ἀνθρώπων

2029 1163 2262 1225 Ὀδίταις
2289 1165 2595 1229 ἐπετίθετο,
2631 1166 2910 1239 λῃστείαις
2940 1168 3238 1239 ἐπεχείρει,

2034 1254 2344 1320 Ἐσχὺλευε,
2373 1256 2695 1329 διήρπαζεν,
2728 1258 2945 1330 έχραινε
2973 1263 3160 1331 χεῖρας
3193 1262 3376 1328 φόνοις

2097 1347 2188 1410 Ὦς
2224 1347 2271 1401 δ’
2307 1344 2453 1416 εἶχον
2507 1350 2894 1421 ἀπαράκλητον
2921 1352 2979 1404 τὸ
3002 1352 3194 1415 πένθος
3224 1353 3273 1406 οἱ
3304 1355 3589 1425 γενάρχαι,

2034 1436 2127 1488 ‘Ex
2164 1436 2434 1508 παλαμῶν
2460 1441 2774 1509 φονοεργῶν
2814 1442 2973 1493 Ἀἦὲλ
3001 1442 3360 1507 ἀπολωλότος,

2027 1527 2124 1580 Τὸν
2157 1529 2262 1598 Σὴθ
2294 1530 2477 1594 αὐτοῖς
2502 1532 2595 1584 τὸν
2625 1532 2834 1586 δίκαιον
2856 1533 2988 1595 Θεὸς
3014 1533 3411 1605 ἀντιδωρεῖται.

2022 1618 2119 1681 ’⁸ος
2142 1618 2339 1688 ἔθηκεν
2372 1620 2615 1689 ὀνόματα
2644 1624 2757 1684 τοῖς
2790 1622 3066 1691 οὐρανίοις
3091 1624 3337 1692 ἄστροις.
3590 1680 3593 1685 ,

2105 1711 2385 1765 Ἐντεῦθεν
2416 1712 2492 1775 ὡς
2538 1713 2865 1784 βαθύρριζον
2893 1713 3108 1783 δένδρον
3147 1717 3180 1785 ἡ
3219 1714 3389 1786 θνητὴ
3429 1717 3590 1785 φύσις

1947 1825 1987 1877 Β
2018 1803 2110 1866 Εἰς
2133 1802 2450 1873 πληθυσμδν
2474 1806 2568 1858 καὶ
2599 1806 2919 1875 πλατυσμὸν
2946 1806 3242 1877 ἐληλακυῖα
3274 1808 3443 1862 πλείω
3468 1809 3490 1841 ⁸

2016 1890 2111 1951 Ei;
2133 1890 2242 1941 πᾶν
2271 1889 2332 1942 τὸ
2357 1892 2651 1962 πρδσωπον
2672 1892 2769 1962 τῆς
2798 1894 2903 1961 γῆς
2925 1889 2991 1965 ἦν
3012 1895 3461 1967 διασπειρομένη.

2017 1982 2125 2033 Kal
2157 1980 2336 2049 πάντη
2369 1983 2768 2053 περιτρέχουσα
2790 1985 2973 2037 πᾶσαν
3005 1984 3245 2056 ἐπλήρου
3273 1987 3466 2056 χθόνα.

2027 2073 2447 2127 Ἐκκυλισθεῖσα
2472 2073 2530 2127 δὲ
2560 2073 2747 2129 λοιπὸν
2780 2076 2860 2139 εἰς
2883 2078 3234 2147 παρανόμους
3262 2079 3494 2151 πράξεις

2014 2163 2113 2226 Εἰς
2148 2164 2257 2215 πᾶν
2285 2163 2513 2234 ἐφέρετο
2548 2167 2721 2220 κακον
2755 2167 2830 2232 ὡς
2855 2168 3022 2231 ἵππος
3049 2170 3129 2233 εἰς
3152 2172 3355 2233 πεδίον,

2028 2255 2118 2318 Ὠς
2171 2256 2250 2317 εἰς
2296 2256 2358 2308 τὸ
2406 2257 2679 2321 κάταντες
2720 2259 2938 2329 τροχὸς,
2985 2261 3127 2314 κατὰ
3169 2263 3413 2333 πρανοῦς
3455 2266 3476 2297 9
3514 2265 3589 2330 ὡς

3314 2351 3480 2425 ὕδωρ.

2019 2437 2166 2503 Ἕως
2200 2439 2278 2501 εἰς
2313 2437 2505 2508 βόθρον
2534 2436 2833 2502 δυσσεϐοῦς
2858 2440 3069 2512 πλάνης
3094 2352 3502 2516 καταρὲζξιέἒῗα

2015 2528 2297 2583 Θεοποιεῖν
2327 2528 2639 2599 κατήρξατο
2668 2526 2764 2581 καὶ
2795 2531 2979 2586 σέσειν
3002 2533 3072 2586 τὰ
3109 2536 3349 2605 στοιχεῖα

2018 2622 2127 2677 Kal
2154 2621 2253 2693 τὴν
2274 2621 2443 2692 τιμὴν
2469 2624 2591 2675 ἀντὶ
2631 2621 2769 2677 Θεοῦ
2810 2626 2921 2688 τοῖς
2946 2623 3207 2694 κτίσμασι
3236 2631 3586 2701 προσφέρειν.

2087 2709 2199 2764 *Ην
2226 2713 2284 2767 δέ
2306 2730 2391 2777 τις
2418 2713 2541 2767 Νῶε
2575 2714 2786 2779 δίκαιος
2810 2715 2868 2769 ἔν
2892 2716 3003 2778 τοῖς
3035 2715 3131 2769 τοῦ
3163 2716 3270 2789 Σὴθ
3321 2720 3589 2789 ἐγγόνοις,

2021 2804 2247 2869 Ἔνατος
2264 2805 2329 2858 ἐκ
2349 2803 2445 2858 τοῦ
2469 2805 2785 2878 σπέρματος
2818 2806 2991 2878 ’Δδὰμ
3018 2807 3112 2861 τοῦ
3136 2811 3588 2880 πρωωπλάστου.

3300 2902 3457 2960 Vera.
3486 2904 3594 2961 586

2015 3035 2201 3091 bebat.
2237 3035 2415 3105 Atque
2461 3034 2567 3091 hoc
2599 3034 2824 3106 quidem
2864 3039 3028 3092 etiam
3057 3052 3225 3094 ausus
3263 3047 3347 3096 est
3383 3039 3586 3098 facere.

337 3145 407 3185 ac
466 3131 621 3200 prius
668 3146 765 3187 eos
816 3130 973 3186 vivos
1024 3130 1297 3201 reciperet
1328 3147 1491 3202 quam
1539 3145 1909 3190 morerentur.
1941 3144 1985 3200 ο
2017 3127 2062 3182 Ο
2095 3137 2334 3183 mentem
2360 3127 2751 3182 inhumanam!
2788 3126 2908 3181 Non
2959 3130 3229 3185 reveritus
3266 3146 3330 3187 ea
3376 3134 3593 3190 vincula

342 3223 751 3278 Animadvertit
811 3223 915 3280 hoc
953 3224 1201 3279 consitor
1241 3225 1332 3279 ille
1365 3224 1723 3294 pulchrarum
1749 3228 1914 3282 arbo-

338 3329 501 3379 rum;
572 3313 804 3369 accessit
835 3312 903 3367 ad
942 3312 1215 3384 fugientes
1266 3313 1439 3369 nostri
1472 3316 1691 3385 generis
1722 3326 1917 3370 aucto-

342 3420 453 3469 res,
487 3404 841 3475 exprobravit
888 3404 1243 3466 dementiam,
1276 3419 1524 3458 errorem
1555 3414 1639 3459 est
1678 3406 1911 3460 insecta~

342 3505 452 3551 tus.
470 3495 611 3563 Quid
641 3495 827 3549 multis
854 3493 1037 3548 verbis
1074 3507 1211 3562 opus
1242 3495 1361 3546 est?
1389 3493 1579 3560 Abegit
1614 3494 1737 3546 illos
1766 3493 1917 3552 inde,

337 3587 703 3655 multavitque
733 3582 1024 3638 laboriosis
1050 3597 1112 3635 ac
1138 3582 1394 3652 gravibus
1424 3582 1626 3650 operis,
1681 3582 1924 3637 minatus

339 3690 575 3741 terram,
614 3673 931 3729 animalium
983 3672 1252 3738 altricem,
1299 3673 1686 3742 producturam
1734 3674 1919 3743 spinas

335 3777 654 3843 pungentes
704 3782 769 3822 ac
829 3764 1061 3820 tribulos
1119 3764 1359 3819 stimulis
1408 3766 1584 3820 acutis
1639 3765 1914 3835 praeditos.

336 3860 718 3930 Parturigines
768 3857 1102 3928 imprecatus
1159 3864 1245 3910 est
1302 3870 1497 3926 graves
1557 3871 1622 3910 ac
1669 3854 1918 3911 difﬁciles

339 3955 474 4010 Evze
501 3951 661 4004 matri
692 3948 905 4019 primae,
942 3963 1065 4017 qua:
1112 3948 1233 4002 illas
1265 3948 1523 4017 princeps
1548 3956 1635 4003 est
1667 3958 1914 4017 experta.

418 4041 783 4110 Quamobrem
808 4038 1315 4095 calamitosissimus
1344 4047 1402 4092 et
1435 4039 1602 4092 miser
1630 4038 1722 4093 ille
1747 4053 1916 4108 gene-

340 4135 425 4189 ris
457 4145 670 4197 auctor,
693 4147 817 4187 cum
846 4130 1080 4186 adverso
1112 4146 1241 4184 casu
1281 4131 1429 4184 illine
1458 4130 1717 4199 expulsus
1745 4137 1912 4194 esset,

338 4224 613 4279 habitavit
651 4238 682 4277 e
720 4221 943 4292 regione
975 4220 1127 4275 fundi
1165 4220 1527 4284 deliciarum,
1578 4236 1641 4275 ac
1688 4220 1916 4290 pellicea

336 4325 498 4371 veste
528 4315 775 4376 indutus,
806 4327 927 4383 quae
970 4311 1141 4383 figura
1185 4312 1367 4365 carnis
1403 4321 1542 4366 erat.
1568 4313 1787 4382 Evaque
1821 4328 1915 4367 co-

337 4405 497 4477 gnita
534 4421 643 4460 non
686 4404 806 4459 sine
839 4401 1138 4456 vitiositate
1176 4400 1407 4455 Abelum
1453 4401 1792 4471 Cainumque.
1817 4418 1912 4471 ge-

2019 3233 2140 3287 qua:
2171 3218 2365 3273 bellum
2400 3225 2741 3281 reverentur,
2766 3217 2995 3272 fratrem
3026 3218 3171 3273 intra
3214 3222 3407 3275 mortis
3437 3232 3593 3277 man-

2019 3309 2239 3363 dibulas
2268 3308 2508 3363 demisit.
2549 3309 2696 3362 Deus
2724 3316 2909 3361 autem
2943 3307 3283 3362 fratricidam
3331 3309 3595 3366 iracunde

2021 3399 2253 3465 aspexit,
2293 3413 2531 3467 eumque
2574 3397 2811 3466 subjecit
2844 3397 3320 3452 exsecrationibus
3359 3402 3596 3457 maxime

2022 3491 2176 3546 diris.
2221 3492 2534 3547 Secundum
2568 3493 2620 3546 id
2659 3492 2866 3546 Cainus
2918 3509 2948 3547 a
2994 3493 3221 3548 sedibus
3247 3494 3442 3564 primis
3483 3497 3597 3565 eje-

2023 3590 2164 3646 ctus,
2200 3598 2326 3637 cum
2356 3597 2607 3654 magnam
2642 3591 2803 3639 terrae
2834 3595 3042 3654 partem
3071 3590 3399 3657 pervagatus
3427 3597 3594 3651 esset,

2023 3673 2371 3734 tabernacula
2396 3672 2518 3728 ﬁxit
2554 3675 2646 3728 ubi
2672 3675 3022 3730 commodum
3053 3678 3284 3733 maxime
3311 3679 3413 3748 ipsi
3440 3679 3597 3733 vide-

2022 3761 2204 3824 batur,
2240 3762 2560 3830 primusque
2589 3764 2830 3818 munitas
2858 3765 3107 3819 turribus
3147 3766 3399 3822 civitates
3424 3770 3587 3823 even.

2017 3853 2227 3923 gitavit.
2246 3852 2383 3908 Cum
2413 3863 2595 3909 autem
2624 3870 2799 3928 genus
2828 3856 3123 3911 humanum
3148 3859 3304 3913 valde
3331 3858 3597 3913 ditius-uni

2017 3952 2187 4010 esset,
2249 3947 2491 4000 viatores
2534 3946 2739 4003 Cainus
2786 3947 3247 4017 aggrediebatur,
3292 3948 3597 4003 latrociniis

2012 4035 2263 4092 intentus
2289 4045 2437 4102 erat,
2470 4039 2686 4107 praedas
2723 4039 2939 4108 agebat,
2987 4039 3231 4093 caedibus
3276 4038 3598 4107 inquinabat

2018 4134 2238 4181 manus.

2088 4217 2313 4273 Interim
2346 4235 2470 4273 cum
2511 4221 2728 4290 generis
2759 4226 3013 4277 auctores
3062 4224 3212 4280 luctu
3253 4222 3599 4287 afﬁcerentur

2022 4305 2424 4389 inconsolabili,
2486 4308 2661 4362 Abelo
2708 4308 2924 4377 perdito
2968 4324 3068 4381 per
3120 4331 3315 4371 manus
3366 4324 3599 4389 parrici-

2026 4400 2224 4464 dialcs,
2259 4388 2405 4455 Deus
2432 4401 2513 4455 eis
2534 4403 2743 4472 justum
2782 4403 2933 4458 illum
2965 4406 3194 4460 Setlium
3224 4388 3462 4467 vicissim
3496 4416 3600 4471 do-

338 4497 490 4552 nuit.
522 4496 725 4552 Cainus
754 4508 1010 4564 agrorum
1039 4491 1271 4546 cultura:
1311 4492 1554 4545 intentus
1576 4501 1695 4546 erat
1724 4503 1780 4547 et
1807 4501 1918 4547 tero
1942 4490 1995 4549 D
2024 4499 2137 4557 nat,
2177 4493 2271 4562 qui
2299 4491 2522 4547 nomina
2548 4493 2867 4549 calestibus'
2897 4496 3057 4551 astris
3089 4498 3369 4568 imposuit.

342 4604 466 4643 ram
500 4602 697 4656 magno
731 4584 919 4639 studio
948 4583 1116 4637 boum
1147 4596 1312 4651 opera
1352 4582 1680 4645 inverteliat,
1715 4582 1921 4637 Abelus

334 4692 534 4736 autem
565 4679 752 4749 junior
791 4674 1135 4747 pastoritiam
1165 4672 1476 4727 exercebat.
1505 4671 1691 4741 itaque
1722 4672 1920 4741 singuli

340 4777 464 4829 Deo
509 4773 760 4827 laborum
794 4768 1065 4838 primitias
1098 4766 1441 4829 offerebant;
1476 4765 1571 4834 qui
1616 4765 1772 4820 Abeli
1802 4766 1927 4835 qui-

334 4868 473 4919 (lem
512 4863 833 4933 acceptabat
862 4876 1088 4915 munera
1130 4858 1299 4913 veluti
1330 4858 1426 4927 qui
1466 4868 1615 4912 recte
1644 4858 1734 4911 illa
1763 4858 1924 4913 obtu-

334 4959 504 5010 lisset
537 4970 601 5009 ac
633 4938 819 5008 debito
846 4952 995 5006 cultu
1022 4969 1034 5004 :
1064 4966 1255 5005 verum
1290 4949 1356 5003 iis
1379 4965 1501 5019 quae
1537 4948 1743 5004 Cainus
1779 4950 1923 5005 offe-

334 5048 508 5101 rebat
550 5046 791 5099 animum
823 5058 934 5098 non
958 5041 1305 5097 advertebat.
1334 5040 1413 5096 Ex
1441 5056 1511 5096 ea
1536 5056 1596 5096 re
1627 5040 1840 5095 factum
1863 5049 1923 5096 ut

330 5139 551 5193 Cainus
575 5136 785 5189 vultum
814 5149 973 5190 suum
1004 5132 1665 5201 dimitteretAbelumque
1694 5131 1920 5187 fratrem

334 5226 526 5281 oculis
560 5226 773 5279 infestis
802 5233 1126 5293 aspectaret.
1160 5221 1404 5291 Denique
1438 5221 1538 5286 illi,
1563 5221 1653 5290 qui
1686 5221 1835 5274 nulla
1861 5236 1920 5275 re

334 5321 530 5388 ipsum
554 5314 791 5381 laeserat,
824 5316 1021 5371 afferre
1042 5330 1236 5368 manus
1263 5313 1607 5383 paricidialcs
1624 5313 1914 5391 cogitabat.

334 5405 565 5458 Etenim
601 5405 657 5457 in
688 5404 851 5458 corde
884 5401 1155 5457 caminum
1192 5401 1408 5455 invidiae
1458 5401 1759 5456 ferventem
1813 5402 1914 5454 ha-

2091 4584 2159 4654 9
2183 4585 2321 4640 Hinc
2346 4585 2660 4639 mortalium
2705 4595 2922 4649 natura.
2969 4598 3226 4660 tanquam
3275 4593 3437 4647 arbor
3466 4597 3601 4650 altas

1990 4675 2235 4748 .radices
2262 4690 2448 4746 agens,
2479 4677 2650 4747 magis
2679 4687 2841 4747 atque
2878 4681 3049 4751 magis
3079 4691 3235 4736 aucta
3265 4692 3322 4738 et
3364 4687 3599 4754 amplifi-

2024 4778 2165 4829 cata,
2195 4768 2379 4821 omnia
2409 4768 2905 4824 circumcursitans
2956 4780 3124 4826 totam
3174 4781 3373 4826 terram
3425 4776 3600 4845 reple-

2024 4856 2141 4921 bat,
2170 4872 2377 4928 perque
2408 4860 2755 4930 superficiem
2790 4864 2909 4931 ejus
2934 4876 3152 4916 omnem
3189 4860 3437 4933 dispersa
3457 4877 3595 4923 erat.

2023 4951 2227 5005 Verum
2257 4949 2519 5018 deinceps
2559 4950 2879 5019 exorbitans
2928 4951 3001 5004 ad
3040 4950 3290 5020 improba
3332 4950 3597 5022 facinora,

2024 5041 2259 5111 quodvis
2285 5042 2353 5096 ad
2390 5042 2616 5105 malum,
2648 5043 2798 5095 velut
2831 5054 3007 5111 equus
3037 5041 3090 5096 in
3125 5040 3409 5113 campum,
3455 5048 3594 5103 fere-

2024 5132 2207 5191 batur,
2236 5133 2504 5203 quasiun
2533 5137 2648 5185 rota
2672 5134 2914 5202 princeps
2939 5144 3038 5200 per
3083 5130 3315 5190 declivia
3344 5155 3508 5194 ruens
3542 5143 3596 5197 in

2018 5234 2205 5291 aquas,
2232 5223 2407 5276 donec
2436 5223 2501 5275 ad
2551 5223 2718 5275 imum
2767 5220 2972 5277 erroris
3001 5225 3151 5295 impii
3198 5226 3422 5298 gradum
3472 5220 3599 5302 pro-

2016 5314 2163 5383 lapsa
2208 5318 2365 5370 divos
2411 5317 2578 5385 erepit
2626 5317 2804 5373 facere
2836 5332 2897 5371 ac
2925 5320 3197 5377 elementa
3226 5312 3595 5383 colere'crca-

2026 5408 2203 5476 tisque
2236 5409 2499 5462 honorem
2532 5411 2623 5463 Dei
2653 5410 2772 5464 loco
2804 5413 3039 5469 deferre.

1682 5522 1885 5583 Varia;
1935 5525 2261 5590 lectiones.

423 5670 445 5701 ³
467 5668 864 5738 δραπετεύσασι
899 5669 1011 5721 RR.
1088 5669 1308 5721 δᾶνοιαν
1346 5670 1458 5724 RR.
1536 5673 1555 5702 ⁸
1578 5673 1806 5736 ἐντιθεὶς
1862 5674 1974 5728 llR.

334 5733 466 5792 BR.
500 5733 512 5738 ⁷
542 5742 563 5772 ⁹
590 5741 949 5806 καταπρανὼς
978 5738 1138 5792 Mill.

597 5836 869 5893 ΡΔτιιοι.
904 5836 1022 5893 Gn.
1054 5834 1349 5893 CXXVII.

2052 5678 2071 5702 “
2098 5678 2374 5746 παλάμαις
2403 5679 2743 5747 φονευτοίαις
2770 5682 2834 5735 Α.
2912 5684 2930 5713 ⁷
2962 5685 3173 5754 ὀργίλον
3202 5688 3316 5745 RR.
3391 5693 3413 5723 ⁸
3435 5697 3603 5751 πλέεν

3168 5849 3208 5906 8
