4080 6206
441 150 546 213 235

452 270 552 329 Ὃς
584 264 786 337 μετιὼν
813 265 913 333 τῆς
939 263 1139 334 ἀρετῆς
1173 260 1270 331 τὴν
1300 258 1756 330 ἐννομοπραγιαν,

447 353 558 407 Καὶ
580 353 681 422 τὴν
708 342 911 404 κακίαν
942 353 1007 404 ὲκ
1040 349 1220 421 ψυχῆς
1248 348 1575 417 ἁποστυγῶν
1619 349 1717 402 καὶ
1752 349 1990 417 φεύγων,

444 444 584 506 Τοὺς
616 441 998 514 φαυλουργοῦς
1047 443 1143 497 καὶ
1188 440 1472 504 δυσσεϐεῖς
1522 440 1750 494 ἔσπευδε
1808 456 2024 511 σωφρο-

1709 529 1917 604 [νίζειν.

462 624 619 679 Ἐπεὶ
647 622 695 677 δ’
707 620 1049 678 οὑκέπειθεν
1064 623 1263 685 αὐτοὺς
1290 623 1397 676 τῶν
1424 623 1647 694 φαύλων
1667 620 2025 693 ἀποσχέσθαι,

450 716 704 787 Μετέστη
739 714 839 786 μιν
867 714 977 769 ἀπὸ
1004 714 1107 783 τῆς
1135 715 1235 784 γῆς
1271 714 1399 767 ἔνθα
1425 714 1486 768 τὸ
1515 715 1731 785 πρῶτον
1759 713 1882 784 ἔφυ,

452 809 722 872 Μέτοικος
747 808 805 863 δὲ
826 810 1117 879 γενόμενος
1138 807 1458 871 ἀλλοδαποῖς
1481 808 1539 862 ὲν
1564 807 1713 875 ὅροις

452 900 564 970 Τὴν
594 898 945 970 ὑμνουμένην
973 897 1204 952 κιϐωτὸν
1234 896 1444 969 ὡρίσθη
1471 895 1798 965 τεκτονῆσαι

453 991 561 1044 Καὶ
584 989 725 1054 ζῶον
742 986 901 1044 ⁸ἅπαν
925 990 984 1044 ὲν
1015 990 1153 1059 αὐτῇ
1174 988 1521 1059 ,χερσόῦγρον
1550 986 1851 1055 ἐγκλεῖσαι,

463 1082 551 1145 Ὧς
584 1081 808 1153 σπέρμα
839 1081 1247 1152 χρηματίσαιεν
1284 1079 1379 1133 καὶ
1406 1076 1662 1157 ζώπυρον
1688 1075 1782 1129 τοῦ
1811 1073 2024 1144 γένους.

460 1174 725 1246 Ἐπείσθη
756 1168 980 1244 Νῶετῷ
1005 1172 1146 1243 Θεῷ,
1177 1171 1237 1226 τὸ
1259 1169 1552 1224 κελευσθὲν
1582 1169 1777 1231 ἐποίει,

448 1265 777 1333 Ξυλοστεγὲς
806 1258 1094 1334 εἰργάζετο
1127 1263 1227 1334 τῆς
1265 1260 1503 1316 κιϐωτοῦ
1533 1260 1595 1312 τὸ
1626 1257 1811 1325 κύτος,

448 1357 693 1428 ιῐυρίους
725 1356 873 1411 ενδον
900 1355 1162 1426 ἑλιγμοὺς
1185 1352 1606 1424 λαϐυρινθώδεις
1638 1352 1824 1424 φέρον.

449 1451 563 1505 Καὶ
594 1449 721 1503 Νῶε
759 1449 859 1519 μὲν
885 1449 1102 1502 ἐνέθετο
1127 1451 1192 1520 τῇ
1235 1445 1457 1516 κιϐωτῷ
1479 1445 1550 1499 τὰ
1578 1444 1718 1509 ζῶα,

447 1541 777 1610 Ποντογενῆ,
812 1541 1136 1610 χερσογενῆ,
1162 1539 1363 1608 πτηνὰ,
1393 1533 1804 1606 πεζοποροῢντα
1832 1550 1846 1563 ο

458 1634 519 1685 Ὀ
550 1632 607 1685 δὲ
629 1632 760 1696 Θεὸς
781 1631 850 1684 τὰ
874 1631 1183 1703 στέγαστρα
1213 1630 1321 1684 τῶν
1350 1628 1596 1700 οὐρανῶν
1622 1625 1842 1690 ἀνοίξας

450 1724 618 1785 Ὀλας
644 1722 854 1777 ἐκεῖθεν
886 1722 1059 1775 ὑετῶν
1090 1722 1373 1791 κατήγαγε
1405 1718 1705 1781 θαλάσσας,

459 1812 730 1881 Ἐκάλυψε
756 1813 852 1874 τὰς
880 1810 1130 1882 κορυφὰς
1159 1810 1265 1864 τῶν
1298 1809 1706 1881 βαθυκρήμνων
1737 1804 1939 1874 λόφων,

455 1900 703 1972 Ἐκρυψε
736 1902 838 1970 γῆς
872 1900 933 1954 τδ
974 1902 1287 1971 πρόσωπον,
1322 1898 1596 1968 ἐκάλυψεν
1621 1896 1883 1968 ἀρούρας.

448 1994 523 2044 Τὸ
555 1992 663 2045 πᾶν
687 1992 821 2060 ὁμοῦ
848 1991 1173 2061 συγκέχυτο,
1206 1991 1500 2045 κεκοίνωτο
1522 1990 1590 2043 τὰ
1616 1988 1815 2041 πάντα.

446 2078 629 2137 Ἦσαν
657 2081 1082 2135 ὑδατοπόντιστα
1104 2083 1213 2135 τῶν
1236 2081 1469 2153 δένδρων
1493 2081 1562 2135 τὰ
1594 2078 1848 2149 στελέχη,

450 2172 576 2234 Τοῖς
601 2169 881 2241 ὑψιλόφοις
917 2170 1100 2241 ὄρεσιν
1129 2171 1399 2236 ἐπέλαζον
1433 2171 1638 2242 ἰχθύες.

459 2265 522 2318 Ὀ
549 2264 688 2318 λέων
714 2264 1131 2328 ὑδατόκλυστος,
1161 2266 1188 2318 ὁ
1214 2263 1403 2329 θύννος
1432 2267 1489 2318 ἐν
1519 2268 1586 2337 τῇ
1621 2265 1825 2336 χέρσῳ.

451 2357 634 2411 ’Ἄπαν
662 2357 1057 2429 ὑδατοφόρητον
1083 2353 1149 2429 ἦν
1174 2356 1476 2428 τηνικαῦτα
1502 2357 1663 2421 ζῶον,

463 2447 841 2519 Ἀεροδρόμον,
866 2448 1195 2520 χέρσυγρον,
1223 2448 1512 2518 εὔπτερον,
1541 2448 1867 2517 πεζοπὸρσν.

452 2540 562 2592 Καὶ
575 2538 751 2591 πάντα
774 2540 1229 2609 συμποντούμενα
1256 2543 1368 2604 τοῖς
1397 2539 1754 2612 βαθυρρόθοις
1792 2541 2023 2609 δμϐρσις

463 2628 553 2683 Ἑν
583 2629 768 2684 ὕδασιν
793 2628 1089 2695 ἀπέπνεον,
1122 2631 1353 2702 οἰκτρῶς
1386 2630 1811 2702 ἁπενεκροῦντο,

520 2878 655 2935 Erat
681 2887 867 2934 autem
896 2880 1079 2951 justus
1116 2879 1338 2950 quidam
1366 2880 1450 2936 vir
1476 2881 1612 2946 Noa,
1641 2885 1708 2938 dc
1739 2883 1892 2938 Sethi
1928 2900 2022 2953 po-

1572 138 2079 200 CONSTANTINI
2125 137 2331 199 ΜΛΝΑ
2341 139 2501 197 SSlS
3592 128 3701 201 935

2050 263 2101 321 Α
2130 257 2240 310 Καὶ
2268 258 2378 320 τοῖς
2413 257 2599 326 ὑγροῖς
2629 254 2731 318 τὰς
2762 255 2971 308 ἑαυτῶν
3002 252 3179 322 ψυχὰς
3214 253 3595 322 ὲναπεφὺσων.

2143 349 2365 412 Ἀπλῶς
2403 350 2600 412 εἰπεῖν,
2623 346 2699 411 ῶς
2731 348 2790 398 ἐν
2817 346 3030 417 βραχεῖ,
3069 345 3319 414 καθάπερ
3351 346 3456 398 ὑπὸ
3476 344 3705 403 σκότους

2132 440 2303 494 Πάλιν
2331 439 2432 509 τῆς
2457 440 2563 509 γῆς
2590 438 2652 491 τὸ
2690 437 2984 509 πρόσωπον
3024 437 3256 507 ἀόρατον
3283 436 3326 467 ¹⁹
3353 437 3614 506 κατέστη,

2131 529 2204 582 Τὸ
2231 528 2328 583 τοῦ
2355 529 2533 600 φωτὸς
2568 530 2916 599 πρωτόγονον
2944 527 3108 581 πάλιν
3139 527 3360 598 ἐκράτει
3391 529 3543 597 χάος,

2131 620 2243 672 Καὶ
2268 620 2433 675 πάλιν
2465 619 2820 683 ὑδατόλουτος
2858 621 2892 689 ἡ
2928 618 3313 689 ζωοθρέμμων
3346 619 3560 689 χέρσος.

2091 731 2098 738 ι
2131 711 2243 763 Καὶ
2276 711 2442 782 θῆρες
2475 711 2576 782 μὲν
2600 710 2860 781 ἐφέροντο
2893 710 3081 781 νεκροὶ
3114 709 3520 779 πελαγωθέντες
3545 728 3560 741 ·

2144 803 2473 874 Ἀνθρώπων
2498 804 2555 857 δὲ
2590 802 2909 875 πηλογενῶν
2935 803 2968 872 ἡ
3002 804 3152 857 πᾶσα
3185 803 3451 874 ’(εναρχξα

2136 897 2408 949 Ἀσπετον
2439 893 2584 966 ὕδωρ
2611 894 2872 948 σπάσασα
2898 894 2995 947 καὶ
3016 893 3527 958 καταποντωθεῖσα,

2141 989 2232 1050 Ὠς
2278 987 2464 1040 πλοῖον
2501 986 2917 1056 ὑγροκέλευθον,
2940 986 3016 1048 ὡς
3037 984 3449 1038 θαλασσόπλουν
3472 986 3705 1055 σκάφος,

2130 1078 2298 1142 Κόνις
2335 1076 2568 1131 ἐπέπλεε
2600 1076 2763 1148 κωφὴ
2788 1076 2859 1130 τὰ
2880 1076 2989 1129 τῶν
3019 1076 3229 1130 ὑδάτων
3252 1077 3419 1131 νῶτα.

2131 1171 2254 1225 Νῶε
2292 1171 2349 1224 δὲ
2378 1171 2537 1241 μόνος
2567 1162 2766 1236 ὑποδὺς
2799 1170 2897 1242 τὴν
2920 1171 3195 1240 ζωοφόρον
3230 1170 3429 1239 στέγην

2143 1265 2233 1327 Ὠς
2261 1263 2466 1335 ναύτης
2498 1263 2898 1327 ἁθαλάττευτος
2920 1263 3068 1316 ἔνδον
3103 1262 3492 1329 ὲναυστολεῖτο,

2131 1351 2362 1423 Σπέρμα
2383 1353 2477 1406 τοῦ
2512 1352 2704 1421 γένους
2725 1354 2781 1404 ἐν
2810 1351 2993 1423 μικρῷ
3017 1351 3094 1420 τῷ
3123 1350 3266 1422 ξύλῳ
3290 1350 3597 1417 διασώζων,

2132 1440 2207 1494 Οὐ
2240 1441 2432 1505 κώπας
2470 1441 2833 1511 ἐπαγόμενος,
2866 1442 2929 1494 οὐ
2954 1441 3195 1509 κάλωας,
3226 1442 3291 1495 οὐ
3318 1443 3507 1512 λαίφη.

2134 1530 2226 1602 Τῷ
2251 1532 2374 1585 Νῶε
2408 1532 2465 1586 δὲ
2498 1533 2792 1587 συνέπλεον
2828 1533 2937 1585 υἱοὶ
2964 1534 3057 1586 καὶ
3082 1533 3398 1605 θυγατέρες,

2064 1625 2104 1678 Β
2135 1621 2299 1692 Γυνὴ,
2326 1624 2586 1688 γυναῖκες
2617 1623 2727 1677 τῶν
2750 1624 2901 1689 υἱῶν,
2933 1626 3155 1693 νυμφίοι
3191 1624 3530 1698 θυγατέρων.

2134 1709 2317 1767 Ἦσαν
2341 1714 2398 1767 δὲ
2425 1714 2650 1785 κλήσεις
2672 1717 2786 1777 τοῖς
2819 1716 2955 1780 υἱοῖς
2981 1716 3105 1787 Σήμ
3133 1734 3190 1770 τε
3222 1719 3317 1771 καὶ
3346 1718 3473 1787 Χὰμ
3507 1716 3711 1784 Ἰάφεθ.

2142 1803 2232 1869 Ὠς
2267 1805 2312 1859 δ’
2344 1805 2703 1875 ὑπελώφησεν
2727 1808 2761 1878 ἠ
2789 1807 2917 1876 πρὶν
2939 1808 3230 1877 καταφορὰ
3258 1808 3368 1863 τῶν
3391 1809 3636 1880 ὄμϐρων,

2132 1895 2246 1950 Καὶ
2275 1896 2438 1951 πάλιν
2462 1896 2727 1967 ὤφθησαν
2756 1900 2811 1951 αἱ
2844 1899 2974 1969 πρὶν
3009 1899 3329 1953 κλυσθεῖσαι
3359 1901 3635 1968 πεδιάδες,

2144 1986 2394 2058 Ἐξέθορε
2426 1988 2528 2057 τῆς
2560 1988 2793 2041 κιϐωτοῦ
2818 1991 2915 2042 σὺν
2942 1992 3054 2052 τοῖς
3080 1991 3267 2043 παισὶν
3288 1992 3316 2044 ὁ
3355 1991 3499 2055 Νῶε,

2133 2080 2243 2132 Καὶ
2266 2079 2409 2143 ζῶον
2441 2081 2549 2134 πᾶν
2576 2081 2937 2147 ταυτοστεγὲς
2970 2082 3013 2113 ²¹
3042 2081 3119 2151 τῷ
3148 2081 3271 2136 Νῶε
3297 2080 3566 2152 συνεξῄει.

2137 2171 2247 2223 Καὶ
2278 2170 2442 2224 πάλιν
2482 2171 2690 2241 κόσμος
2724 2170 3000 2240 δεύτερος.
3034 2172 3196 2224 πάλιν
3225 2174 3499 2243 γενάρχης
3528 2170 3711 2235 ἄλλος’

2134 2262 2245 2317 Καὶ
2282 2264 2443 2318 πάλιν
2468 2265 2658 2319 ἅπασα
2686 2264 2832 2336 ψυχὴ
2871 2266 3008 2336 πρὸς
3038 2265 3211 2336 αὔξην
3237 2267 3506 2320 ἐπεδίδου.

2214 2354 2308 2407 Ἐκ
2334 2355 2466 2423 γοῦν
2488 2355 2586 2426 τῆς
2610 2355 2832 2427 πρώτης
2868 2356 3117 2421 πλάσεως
3160 2358 3329 2428 Ἀδὰμ
3357 2357 3452 2411 τοῦ
3496 2375 3709 2429 πρωτο-

3377 2447 3556 2520 [γόνου
3588 2449 3633 2480 ¹⁹

2130 2535 2341 2608 Μέχρις
2386 2532 2454 2590 αὖ
2491 2537 2586 2590 τοῦ
2615 2538 3005 2600 κατακλυσμοῦ
3048 2539 3357 2611 συμϐάντος
3394 2540 3486 2594 ἐπὶ
3515 2539 3640 2593 Νῶε

2130 2627 2276 2698 Πρὸς
2308 2629 2587 2699 δισχιλίοις
2619 2630 2763 2684 ἔτεσι
2796 2629 2879 2693 δὶς
2906 2631 3099 2685 ἑκατὸν
3135 2631 3434 2701 παρῆλθον,

3428 2766 3581 2823 Vers.
3603 2767 3710 2822 £38

2137 2876 2240 2933 sub
2273 2876 2520 2933 tenebris
2570 2891 2786 2931 rursum
2824 2887 2985 2932 terra:
3034 2877 3202 2933 facies
3238 2877 3426 2932 abdita
3465 2878 3707 2948 conspici

449 2971 916 3035 steritate,nonus
936 2986 1004 3026 ex
1020 2971 1212 3026 Adami
1238 2972 1469 3039 semine,
1493 2973 1586 3043 qui
1615 2973 1824 3043 primus
1845 2974 2024 3029 fuerat
2050 3013 2095 3072 ὓ
2127 2969 2293 3025 desiit
2328 2986 2343 3035 ;
2391 2984 2610 3023 rursum
2663 2970 2830 3024 chaos
2862 2969 2995 3024 illud
3029 2969 3392 3025 invalescebat
3432 2970 3713 3040 antiquius

449 3061 726 3118 conditus.
761 3063 813 3117 Is
844 3062 1066 3118 virtutis
1093 3073 1149 3118 et
1189 3063 1554 3133 legitimarum
1586 3065 1863 3119 actionum
1911 3073 2028 3119 stu-

453 3150 666 3216 diosus,
701 3166 826 3206 cum
856 3151 986 3206 odio
1012 3151 1145 3213 vitia
1179 3160 1292 3209 toto
1316 3162 1541 3222 pectore
1571 3154 1802 3209 haberet
1834 3170 1898 3211 ac
1937 3156 2031 3211 fu-

450 3248 622 3311 geret,
662 3240 911 3310 improbe
955 3250 1180 3312 agentes
1211 3249 1268 3296 et
1313 3241 1511 3312 impios
1544 3243 1822 3313 corrigere
1869 3259 2033 3299 cona-

455 3334 635 3387 batur.
667 3332 770 3388 Ubi
797 3348 929 3387 vero
957 3332 1291 3402 persuadere
1324 3349 1433 3388 non
1466 3342 1681 3403 poterat
1705 3344 1767 3389 ut
1795 3351 1826 3391 a
1863 3336 2035 3392 scele-

451 3422 609 3476 ribus
637 3422 1000 3489 abstinerent,
1040 3426 1338 3480 translatus
1380 3435 1468 3480 est
1511 3426 1769 3490 de,terra
1827 3428 1881 3483 in
1925 3444 2034 3500 qua

451 3513 610 3582 prius
629 3523 748 3567 erat
779 3522 963 3580 natus,
983 3515 1268 3584 factusque
1285 3516 1408 3571 aliis
1428 3516 1482 3570 in
1507 3515 1713 3573 ﬁnibus
1733 3518 2037 3588 inquilinus

455 3604 693 3658 celerem
730 3604 877 3659 illam
924 3620 1109 3659 arcam
1149 3607 1336 3676 jussus
1382 3616 1468 3662 est
1516 3617 1823 3675 exstruere,
1859 3624 1927 3665 ac
1979 3610 2035 3664 in

456 3690 603 3743 illam
631 3691 830 3745 animal
861 3706 1025 3747 omne
1055 3702 1337 3748 terrenum
1365 3704 1422 3749 et
1459 3696 1703 3764 aquatile
1729 3696 2035 3764 includere,

455 3789 520 3836 ut
548 3779 766 3851 generis
793 3781 879 3836 sui
935 3795 1120 3837 semen
1147 3796 1213 3838 ac
1244 3782 1416 3839 fomes
1452 3785 1674 3854 quidam
1699 3796 1867 3843 esset.
1891 3787 2039 3845 Obe-

456 3869 563 3926 diit
587 3870 702 3926 Noa
729 3871 865 3934 Deo,
899 3871 1047 3941 quod
1082 3872 1408 3944 imperatum
1440 3883 1560 3930 erat
1588 3875 1843 3943 faciebat,
1874 3879 2039 3946 lignis

459 3974 600 4015 arca:
632 3959 992 4031 capacitatem
1011 3962 1363 4030 exstruebat;
1395 3979 1518 4034 qua:
1534 3964 1768 4022 interius
1800 3966 2037 4024 habebat

457 4050 704 4107 inﬁnitos
729 4051 1049 4118 amfractus,
1081 4054 1397 4127 labyrintho
1442 4057 1777 4114 consimiles.
1833 4060 2038 4117 Deinde

456 4141 571 4196 Noa
604 4130 920 4212 imponebat
962 4144 1019 4198 in
1053 4160 1236 4201 arcam
1268 4148 1449 4204 omnis
1482 4150 1700 4221 generis
1746 4154 2001 4211 animalia
2022 4194 2037 4220 ,

458 4238 703 4294 terrena,
746 4231 1012 4299 volucria,
1041 4234 1342 4303 pedestria.
1367 4237 1514 4294 Deus
1559 4249 1742 4297 autem
1763 4243 2041 4315 adapertis

459 4321 724 4376 caelorum
759 4323 917 4378 tectis
961 4333 1075 4379 tota
1108 4325 1234 4382 inde
1261 4327 1570 4398 pluviarum
1602 4326 1775 4388 maria
1795 4333 2036 4400 demisit;

462 4411 816 4467 abscondidit
836 4416 1074 4470 vertices
1099 4419 1464 4488 praecipitium
1487 4422 1731 4488 collium,
1748 4425 2043 4480 occultavit

465 4512 627 4556 terra:
662 4504 1034 4574 superﬁciem,
1075 4506 1289 4561 abdidit
1326 4523 1477 4564 arva.
1524 4511 1791 4569 Universa
1815 4522 1872 4570 et
1908 4529 2042 4570 con-

466 4593 586 4646 fusa
618 4604 777 4649 erant
801 4604 857 4650 et
892 4598 1201 4653 commista.
1235 4598 1486 4656 lmmersi
1515 4603 1673 4673 aquis
1699 4615 1857 4660 erant
1885 4606 2047 4662 arbo-

467 4700 588 4737 rum
628 4686 808 4740 trunci
845 4702 861 4751 ;
894 4686 1078 4757 pisces
1110 4687 1178 4743 ad
1223 4700 1439 4746 montes
1464 4708 1638 4764 usque
1659 4696 1924 4752 sublimes
1954 4711 2044 4752 ac-

466 4776 774 4843 cedebant;
815 4776 903 4833 leo
942 4780 1292 4849 mergebatur
1328 4783 1520 4852 aquis;
1555 4785 1795 4858 thynnus
1824 4796 1943 4842 erat
1980 4787 2035 4842 in

465 4876 630 4923 terra.
661 4868 833 4925 Omne
862 4870 1063 4925 animal
1084 4871 1139 4926 in
1156 4887 1297 4943 aqua
1317 4881 1430 4928 tum
1452 4875 1747 4944 ferebatur,
1771 4880 1886 4934 sive
1909 4895 2032 4934 aera

467 4973 781 5031 permearet
814 4962 932 5019 sive
970 4973 1195 5031 terram,
1214 4966 1331 5022 sive
1360 4969 1571 5025 volaret
1596 4972 1711 5026 sive
1734 4973 2036 5029 incederet.

467 5051 665 5108 Omnia
711 5053 1093 5119 obruebantur
1137 5055 1207 5113 ab
1256 5056 1577 5128 impetuosis
1620 5062 1849 5134 pluviis,
1892 5073 1950 5119 et
1987 5063 2042 5118 in

470 5143 630 5215 aquis
654 5144 869 5201 animas
895 5146 1247 5217 exspirabant
1295 5150 1605 5221 misereque
1651 5167 1882 5208 mortem
1920 5155 2042 5211 obi-

469 5243 622 5298 bant.
673 5243 740 5304 lJt
793 5243 1118 5317 simpliciter
1159 5251 1216 5298 et
1260 5242 1511 5307 breviter
1547 5243 1744 5306 dicam,
1787 5252 2044 5315 tanquam

2129 3061 2288 3128 luce;
2320 3075 2556 3133 rursum.
2574 3061 2734 3131 aquis
2762 3061 2926 3116 altrix
2965 3061 3282 3116 animalium
3319 3072 3460 3116 terra
3507 3076 3716 3116 mersa-

2133 3151 2319 3208 batur.
2352 3150 2548 3207 Bestia:
2575 3150 2897 3207 ferebantur
2924 3161 3157 3207 mortua:
3198 3152 3445 3223 marique
3478 3152 3714 3207 obruta'.

2135 3243 2435 3299 Hominum
2463 3258 2636 3313 genus
2668 3242 2802 3297 iilud
2838 3243 3100 3312 priscum,
3137 3250 3318 3297 ortum
3347 3258 3414 3297 ex
3443 3243 3579 3308 luto,
3615 3242 3718 3295 iiu-

2136 3348 2379 3389 mensam
2420 3348 2618 3404 aquam
2659 3346 2784 3386 cum
2829 3330 3102 3386 hausisset
3156 3345 3219 3385 ac
3255 3345 3494 3385 mersum
3541 3337 3712 3390 esset,

2136 3432 2398 3494 tanquam
2428 3423 2583 3477 navis
2628 3437 2800 3491 aquas
2834 3429 3148 3491 penetrans,
3182 3429 3242 3475 ut
3284 3420 3542 3490 navigans
3573 3420 3713 3474 mari

2137 3515 2374 3584 scapha,
2427 3522 2488 3568 ut
2527 3513 2664 3569 levis
2720 3512 2944 3583 quidam
2999 3512 3202 3582 pulvis,
3242 3527 3408 3580 super
3446 3526 3711 3579 aquarum

2141 3611 2292 3675 terga
2313 3603 2557 3668 natabat,
2586 3613 2644 3658 et
2669 3603 2860 3658 multis
2887 3602 3196 3671 pluviarum
3223 3601 3518 3673 reciprocis
3539 3599 3717 3655 flucti-

2140 3692 2244 3749 bus
2276 3693 2605 3765 agitabatur.
2636 3694 2750 3749 Noa
2772 3708 2902 3749 vero
2928 3695 3078 3749 solus
3107 3701 3309 3749 tectum
3343 3693 3478 3749 illud
3520 3693 3715 3748 saluti-

2139 3783 2318 3840 ferum
2359 3787 2638 3856 ingressus
2663 3785 2836 3840 instar
2874 3785 3054 3841 securi
3085 3796 3268 3841 nauta:
3298 3786 3353 3840 in
3375 3800 3442 3841 co
3488 3787 3716 3856 naviga-

2139 3876 2257 3943 bat,
2311 3876 2415 3945 ιο
2462 3891 2650 3932 semen
2682 3875 2909 3931 humani
2960 3879 3176 3947 generis
3223 3869 3522 3957 esiguo‘lin
3569 3876 3718 3946 ligno

2141 3982 2497 4030 conservans.
2529 3982 2708 4038 neque
2742 3983 2925 4024 remos
2973 3969 3244 4023 adhibens
3291 3970 3433 4023 ullos
3473 3984 3574 4024 nec
3606 3968 3716 4023 ulla

2142 4061 2285 4117 vela.
2315 4060 2453 4117 Cum
2497 4062 2617 4132 ipso
2668 4060 2764 4114 lilii
2816 4060 3049 4129 filimque
3085 4060 3429 4131 navigabant,
3474 4060 3718 4130 itemque

2143 4168 2284 4207 uxor
2314 4160 2371 4206 et
2401 4165 2600 4206 uxores
2631 4149 2869 4204 ﬁliorum
2900 4158 2958 4206 et
2988 4149 3218 4204 filiarum
3252 4149 3459 4219 sponsi.
3501 4149 3569 4204 Et
3592 4149 3720 4203 filiis

2142 4252 2301 4298 erant
2325 4243 2439 4297 haec
2453 4240 3471 4309 nomina,Semus,Chamus,Japhetus.
3496 4240 3721 4295 Postea-

2144 4350 2308 4405 quam
2336 4349 2469 4390 vero
2490 4334 2651 4389 cessit
2673 4349 2737 4388 ac
2767 4333 2977 4388 remisit
2999 4333 3266 4403 pristinus
3290 4332 3379 4387 ille
3409 4331 3719 4402 pluviarum

2147 4426 2405 4495 impetus,
2444 4440 2776 4495 rursumque
2811 4426 3090 4494 conspecti
3121 4434 3249 4479 sunt
3285 4426 3438 4494 prius
3468 4424 3536 4478 ab
3561 4426 3722 4494 aquis

2147 4517 2327 4586 operti
2366 4515 2567 4586 campi,
2594 4516 2802 4571 exsiliit
2830 4516 2898 4571 de
2924 4530 3048 4569 arca
3075 4530 3198 4569 cum
3224 4514 3414 4569 liberis
3436 4515 3551 4571 suis
3580 4515 3718 4581 Noa,

2143 4618 2201 4664 et
2229 4623 2393 4663 omne
2439 4607 2640 4661 animal
2689 4608 2879 4663 eadem
2916 4615 3228 4662 contectum
3287 4622 3393 4660 una
3422 4622 3548 4661 cum
3601 4607 3723 4677 ipso

2142 4698 2297 4754 exiit.
2336 4697 2566 4767 Jamque
2593 4696 2833 4751 mundus
2870 4696 2962 4752 hic
2994 4697 3129 4751 alter
3167 4707 3303 4760 erat,
3334 4696 3475 4751 alter
3503 4699 3725 4768 generis

2142 4793 2404 4859 princeps
2441 4805 2457 4844 :
2492 4803 2713 4843 rursum
2736 4788 2917 4843 omnis
2945 4788 3343 4843 incrementum
3393 4788 3576 4842 anima
3622 4804 3723 4844 su-

2142 4883 2344 4938 mebat.

2214 4973 2258 5026 Α
2286 4975 2467 5043 prima
2499 4972 2723 5043 quidem
2753 4974 3085 5030 formatione
3108 4976 3323 5041 Adami,
3352 4974 3517 5044 primi
3542 4972 3726 5027 homi-

2141 5065 2254 5129 nis,
2291 5081 2465 5137 usque
2490 5066 2559 5121 ad
2584 5065 2854 5121 diluvium
2887 5066 3034 5136 quod
3067 5066 3269 5121 accidit
3299 5066 3402 5120 sub
3442 5064 3576 5129 Noa,
3605 5063 3724 5119 ela-

2142 5159 2223 5226 psi
2254 5165 2383 5212 sunt
2411 5158 2539 5212 anni
2568 5157 2652 5212 bis
2684 5157 2832 5214 mille
2863 5157 3085 5213 ducenti
3116 5166 3171 5212 et
3198 5156 3564 5230 quadraginta
3582 5155 3718 5210 duo.

2221 5249 2462 5320 Nepotes
2514 5259 2698 5305 autem
2732 5251 2864 5321 justi
2918 5249 3083 5322 hujus
3113 5249 3241 5311 Noae
3271 5251 3514 5318 fuerunt,
3578 5248 3729 5303 inter

1807 5367 2003 5428 Variae
2049 5368 2374 5431 lectiones.

551 5485 591 5505 "'
617 5482 881 5555 άνόρατον
904 5486 965 5538 Α.
1045 5486 1086 5516 ¹¹
1120 5487 1436 5555 ταυτογενὲς
1470 5485 1583 5540 illi.

1664 5489 1708 5520 “
1742 5492 2166 5561 πρωτοπλάστου
2190 5492 2352 5549 ABR.
