4106 6206
435 321 541 386 243

436 438 618 506 illam;
649 440 860 509 τρυεςῆς
891 438 1195 508 ἐφρόντιζε,
1224 439 1392 510 μόνης
1420 438 1608 508 impii;
1634 440 1916 511 τραπέζης
1944 457 1958 471 ·
2031 439 2083 496 Α

435 529 726 600 Συνήσθιε,
753 531 1040 584 συνέπινεν
1066 533 1342 602 εὐνούχοις
1368 535 1461 587 καὶ
1493 534 1730 604 μαχλάσι
1753 535 1822 596 ⁸³,

438 624 549 677 Kal
580 624 689 686 πᾶς
722 624 751 676 ό
770 621 885 693 βίος
913 619 981 695 ἦν
1010 625 1160 696 αὐτῷ
1202 626 1418 697 πλήρης
1442 627 1767 689 ἀκολασίας.

434 716 605 779 Αὐτὸς
634 717 731 786 μὲν
761 716 855 769 οὖν
890 718 1279 788 συγκέκλειστο
1311 722 1408 774 σὺν
1440 719 1685 788 γυναιῇν
1718 718 2000 788 ὰσέμνοις,

447 810 722 876 ’Λθέατος,
759 811 991 883 ἀόρατος
1017 811 1064 844 ⁸³
1102 811 1362 881 ἄρχουσιν
1391 811 1653 875 ἰδιώταις,

434 902 668 971 Θερμοῖς
691 903 938 973 λουτροῖς
968 904 1286 957 ὲνευπαθῶν
1316 906 1410 957 καί
1439 905 1706 973 μαλακοῖς
1739 902 1965 972 ἀμφίοις
1988 917 2000 928 '

434 991 674 1062 Διῴκουν
702 992 759 1046 δὲ
791 993 860 1047 τὰ
885 994 1188 1064 πράγματα
1211 993 1387 1061 τούτῳ
1416 994 1514 1063 τῆς
1551 992 1830 1063 βασιλείας

434 1084 498 1136 Ol
526 1086 823 1153 στρατηγοὶ
846 1085 954 1138 τῶν
974 1086 1204 1149 πόλεων,
1232 1086 1493 1155 ὲθνάρχαι
1515 1086 1609 1138 καὶ
1630 1084 1932 1154 χωράρχαι.

433 1169 618 1233 Οὖτως
645 1171 790 1225 ἐϐίου
821 1173 1101 1241 μαλακῶς,
1135 1173 1310 1238 οὕτως
1343 1174 1585 1237 ἐκλύτως
1623 1169 1788 1243 εἶχεν,

438 1260 583 1324 Ἕως
615 1262 696 1323 είς
735 1261 927 1333 βόθρον
959 1262 1149 1316 ἑαυτὸν
1176 1264 1384 1332 ἤγαγεν
1422 1261 1695 1323 ἀπωλείας

437 1353 548 1405 Καὶ
584 1353 966 1407 συναπώλεσεν
1004 1355 1154 1424 αὑτῷ
1184 1357 1281 1408 καὶ
1303 1354 1373 1408 τὰ
1397 1355 1497 1423 τῆς
1528 1352 1827 1423 βασιλείας.

448 1444 721 1515 Ἀρϐάκης
754 1447 861 1515 γὰρ
892 1449 919 1500 ὁ
947 1447 1253 1517 στρατηγὸς
1277 1446 1536 1508 πολλάκις
1563 1445 1819 1498 ἱκετεύων

434 1536 540 1589 Τὸν
583 1537 1001 1606 Σαρδανάπαλον
1046 1540 1177 1591 ἰδεῖν
1212 1540 1308 1594 καὶ
1335 1540 1527 1608 στῆναι
1560 1538 1667 1606 πρὸ
1711 1535 2005 1608 προσώπου

436 1623 669 1693 (Οὔποτε
698 1625 807 1697 γὰρ
841 1629 1086 1694 ἑώρακεν
1115 1628 1300 1693 αὐτὸν,
1337 1628 1446 1681 οὐδ’
1488 1631 1546 1681 ὲν
1575 1629 1622 1659 ⁸⁵
1657 1627 1934 1698 ὀνείροις),

436 1715 549 1768 Kal
578 1718 644 1769 τὰ
674 1717 845 1771 πολλὰ
877 1720 975 1787 μὲν
997 1720 1243 1790 ἀστοχῶν
1277 1721 1410 1791 προς
1442 1721 1504 1774 τὸ
1530 1720 1935 1792 πεποθημένον,

1555 326 2062 389 ΕΟΝΞΤΛΝΤΙΝΙ
2104 324 2478 384 MANASSlS

2183 437 2365 490 ’Ἄλλοι
2389 437 2432 489 δ’
2448 438 2545 505 οὐχ
2563 435 2704 488 οὕτω
2723 435 2993 503 γράᾳουσι
3011 433 3079 484 τὰ
3103 430 3195 484 τοῦ
3219 429 3673 500 Σαρδαναπάλου,

2108 530 2340 596 Λέγουσι
2371 529 2415 583 δ’
2439 529 2512 590 ὡς
2544 528 2876 589 ἀκούσαντες
2906 526 2954 578 οἱ
2987 524 3274 596 πρόσοικοι
3310 521 3571 575 Χαλδαῖοι

2109 621 2396 692 Χοιρόὸιον
2431 622 2753 691 αὐτόχρημα
2787 619 3078 688 τυγχάνειν
3110 617 3202 670 καὶ
3234 614 3480 685 κτηνώδη

2108 712 2212 768 Τὸν
2237 714 2540 785 Ἀσσυρίων
2569 715 2810 784 κράτορα
2849 713 2939 765 τὸν
2962 709 3434 779 Ἀνακυνδαράξου
3468 708 3534 773 σθ,

2121 806 2823 876 Ὀρχηστοιιιιλοπαίγμονα,
2858 805 3039 868 ζῶντα
3068 802 3509 871 γυναικομίμως,

2108 896 2283 950 Αὑτοῦ
2320 899 2834 966 καταφρονήσαντες
2852 895 2927 947 ὡς
2963 892 3429 962 μαλακοκαρδίου,

2122 990 2386 1058 Ἑπῆλθον
2422 988 2918 1057 ἐκστρατεύσαντες
2942 989 2999 1037 ἐν
3027 986 3228 1056 βριαρᾷ
3258 985 3504 1053 δυνάμει,

2110 1082 2220 1132 Kal
2254 1079 2661 1147 συμπλακέντες
2681 1078 2757 1149 τῷ
2786 1077 3002 1147 στρατῴ
3027 1076 3102 1145 τῷ
3132 1075 3227 1128 τοῦ
3257 1073 3679 1145 Σαρδαναπάλου

2111 1175 2396 1241 (Κάκεῖνος
2433 1173 2542 1242 γὰρ
2569 1170 2868 1240 ἀναμαθὼν
2907 1171 3004 1239 τὴν
3032 1168 3234 1238 τόλμαν
3262 1168 3368 1222 τῶν
3400 1166 3682 1221 Χαλδαίων

2111 1266 2224 1317 υῦκ
2243 1264 2493 1335 ἡνεγκεν,
2520 1263 2631 1316 ἀλλ’
2659 1261 2903 1331 ἔπεμψεν
2934 1261 3135 1330 ἄνδρας
3171 1257 3525 1328 ἀξιομάχους)

2123 1355 2452 1425 Ἐτρὲψαντο
2488 1354 2578 1406 τὸν
2623 1352 2948 1422 στρατηγὸν,
2987 1350 3239 1420 ἥττησαν
3275 1348 3418 1400 κατὰ
3459 1348 3678 1416 κράτοο,

2112 1450 2221 1500 Kal
2259 1446 2502 1517 νικηθεὶς
2536 1447 2564 1498 ὁ
2595 1443 2901 1514 στρατηγὸς
2950 1442 3181 1510 ἔφευγεν
3224 1438 3329 1493 ἀνὰ
3382 1439 3576 1509 κράτος
3613 1439 3679 1491 ⁸³.

2112 1541 2287 1609 Ὅπερ
2317 1539 2391 1601 ὠς
2423 1537 2563 1605 ἔγνω
2594 1536 2844 1599 δείλαιος,
2878 1533 3178 1604 ἀπορηθεὶς
3207 1533 3272 1585 ἐκ
3298 1534 3538 1597 πάντων,

2110 1629 2297 1699 Πυρὰν
2325 1627 2504 1697 ὑφῆψε
2538 1625 2779 1695 λιπαρὰν
2811 1624 2965 1685 ὕλαις
3002 1623 3253 1691 ἀφθόνοις
3290 1620 3517 1693 θρέψας,

2112 1723 2221 1775 Kal
2243 1721 2341 1784 τὰς
2367 1719 2574 1789 χρυσᾶς
2600 1714 2923 1784 συναγαγὼν
2947 1720 3040 1767 καὶ
3076 1712 3469 1780 λιθοστρέιτους
3498 1710 3684 1772 κλίνης

433 1806 602 1868 Μόλις
634 1807 678 1859 δ’
709 1808 887 1879 εὑρὼν
922 1809 999 1874 ὡς
1026 1810 1257 1880 ἕρμαιον
1291 1811 1354 1863 τὸ
1391 1810 1582 1864 τοῦτον
1619 1813 1903 1882 ἱστορῆσαι
1933 1812 2000 1877 ⁵⁸⁵,
2040 1786 2081 1841 Β
2113 1813 2221 1867 Καὶ
2250 1811 2376 1873 τοὺς
2396 1809 2674 1870 ποικίλους
2703 1807 3028 1872 στολισμοὺς
3055 1805 3150 1857 καὶ
3177 1803 3419 1857 τάλαντα
3458 1802 3681 1871 χρυσίου

444 1898 532 1962 Ὠς
561 1896 721 1965 εἶδεν,
745 1900 822 1964 ὡς
848 1899 1099 1971 ἑώρακεν
1117 1902 1620 1973 ἐψιμμυθιωμένον,

436 1988 688 2057 Ἀτριχα,
720 1988 1093 2056 λειοπώγωνα,
1122 1992 1671 2062 γυναικοπροσωπίαν
1696 1993 1762 2055 ⁸⁷,

433 2078 726 2151 Πορφύραν
754 2080 1098 2145 διαξαίνοντα
1133 2081 1273 2152 μετὰ
1295 2082 1404 2135 τῶν
1434 2083 1728 2152 κορασίων,

430 2167 722 2238 Εὐνούχοις
745 2187 804 2223 τε
838 2171 1217 2242 συμπαίζοντα
1248 2174 1340 2225 καὶ
1366 2173 1899 2243 συνασχημονοῦντα,

430 2262 545 2314 Καὶ
570 2260 818 2331 μαλακὸν
849 2266 943 2316 καὶ
975 2264 1253 2328 παντελῶς
1285 2265 1502 2332 ἀνάξιον
1528 2266 1622 2319 τοῦ
1649 2267 1902 2336 κράτους.

441 2350 851 2422 Ἀγανακτήσας
889 2353 1114 2406 ἔπαισεν
1138 2354 1305 2407 αὐτὸν
1333 2355 1662 2426 ἐγχειριδίῳ,

432 2441 542 2494 Καὶ
572 2441 681 2494 τῶν
712 2443 961 2510 ἐγκάτων
997 2443 1177 2514 ὥθησε
1219 2445 1413 2516 μέχρις
1453 2447 1634 2500 αὐτῶν
1669 2448 1715 2480 ⁵³
1745 2450 1805 2502 τὸ
1829 2450 2003 2520 ξίφος,

433 2533 543 2586 Καὶ
580 2533 808 2588 θάνατον
843 2536 1063 2589 ἑπότισε
1105 2538 1199 2590 καὶ
1229 2537 1498 2590 κύπελλον
1529 2538 1755 2610 ὀλέθρου

429 2624 476 2675 Τ
478 2624 534 2676 δν
572 2625 738 2697 μέχρι
765 2627 887 2679 τότε
913 2626 1207 2698 τρυφηλῶς
1228 2628 1510 2699 ὲκδεδιῃτη
1521 2631 1684 2699 μένον

435 2714 546 2766 Kal
571 2718 683 2779 τοῖς
709 2719 983 2788 κρατῆρσι
1026 2719 1287 2789 χαίροντα
1322 2722 1484 2792 μέχρι
1521 2722 1616 2775 τοῦ
1652 2724 2001 2794 περιόρυρου.

430 2805 616 2869 Οὕτως
648 2807 855 2862 ἐκεῖνον
888 2812 1131 2864 ἔκτεινεν
1151 2814 1180 2864 ό
1203 2813 1507 2882 στρατηγὸς
1548 2814 1843 2885 Ἀρϐάκης,

428 2899 775 2951 Δεινοτταθῶν
802 2902 849 2952 εί
877 2901 1088 2967 λέγοιτο
1118 2901 1302 2965 δοῦλος
1326 2903 1518 2973 ἀνδρὸς
1543 2905 1790 2960 τοιούτου
1827 2906 1896 2961 ⁵⁹.

2118 1902 2225 1955 Kal
2255 1902 2363 1955 πᾶν
2390 1899 2576 1963 ἁπλῶς
2608 1898 2880 1969 βασίλειον
2901 1899 3025 1950 ὅσον
3049 1897 3106 1950 ὲν
3136 1893 3395 1965 ἱματίοις,

2113 1995 2277 2046 Ὅσον
2301 1993 2361 2044 ὲν
2392 1988 2614 2044 σκεύεσι
2660 1989 2903 2059 χρυσοῖς,
2941 1990 2999 2040 ὲν
3042 1984 3232 2050 λίθοις,
3269 1986 3327 2036 ὲν
3356 1983 3679 2054 μαργάροις,

2110 2083 2270 2139 Κατὰ
2296 2085 2472 2153 πυρᾶς
2496 2082 2751 2153 ἠκόντισε
2792 2082 2967 2134 πάντα
2997 2079 3097 2146 τῆς
3125 2076 3449 2142 πολυξύλου,

2110 2177 2223 2231 Καὶ
2250 2176 2565 2230 τελευταῖον
2594 2175 2810 2230 ἑαυτόν.
2846 2171 3158 2227 Κάντεῧοεν
3184 2172 3232 2224 oi
3263 2168 3522 2227 Χαλδαῖοι

2110 2270 2268 2323 Κατὰ
2300 2268 2501 2336 πολλὴν
2531 2268 2630 2338 τὴν
2656 2265 2841 2319 ἄδειαν
2868 2265 3133 2334 ἐκράτουν
3174 2261 3494 2330 Ἀσσυρίων,

2109 2362 2221 2413 Kal
2253 2360 2350 2430 τὴν
2380 2359 2554 2430 ἀρχὴν
2576 2359 2658 2421 εἰς
2688 2357 2915 2418 ἑαυτοὺς
2950 2353 3223 2423 μεθίστων
3256 2355 3347 2405 καὶ
3375 2353 3434 2404 τδ
3462 2353 3679 2421 κράτος.

2180 2452 2315 2507 Μετ’
2337 2449 2658 2520 Ἀσσυρίους
2683 2449 2819 2511 τέως
2840 2447 2884 2501 δ’
2905 2445 2998 2500 οὖν
3024 2446 3302 2515 κατῆρξαν
3326 2447 3375 2498 οἱ
3404 2445 3679 2506 Χαλδαῖοι,

2111 2543 2296 2595 Καὶτὸ
2322 2542 2419 2611 τῆς
2435 2540 2605 2610 τύχης
2632 2538 2882 2606 παίγνιον
2915 2538 3007 2591 καὶ
3028 2536 3193 2599 κύϐος
3210 2536 3316 2588 τῶν
3343 2536 3682 2604 πραγμάτων

2114 2629 2328 2691 Ἀλλοις
2358 2627 2635 2698 ἐμπαῖξαν
2659 2626 2858 2688 ἱκανῶς
2903 2626 3202 2695 μετέπεσεν
3239 2627 3317 2687 είς
3341 2625 3557 2689 ἄλλους.

2123 2720 2314 2773 ’Πνίκα
2332 2720 2389 2773 δὲ
2420 2719 2700 2773 συνέϐαινε
2729 2717 2902 2772 ταῦτα
2929 2719 3042 2780 τοῖς
3071 2717 3380 2788 Ἀσσυρίοις
3406 2757 3425 2776 ,

2138 2810 2385 2884 Εὸραίων
2418 2810 2702 2881 ἐκυρίευεν
2724 2812 2752 2862 ὁ
2788 2809 3043 2880 βασιλεὺς
3079 2808 3291 2872 Ὀζίας,

2110 2903 2380 2973 Ἕϐδομος
2406 2902 2481 2956 ὢν
2505 2903 2612 2957 ἀπὸ
2633 2898 2798 2955 Δαϐὶδ
2824 2900 2917 2954 τοῦ
2950 2901 3462 2972 προφητικωτάτου.

3390 3034 3544 3089 Vcrs.
3579 3031 3683 3087 650

429 3136 531 3204 ipsi
562 3135 834 3206 voluptas,
862 3140 976 3194 sola
998 3156 1184 3197 mensa
1205 3140 1439 3199 delicata
1465 3160 1609 3201 cura:
1635 3155 1774 3202 erat.
1802 3147 2002 3203 Vcsce-
2029 3123 2071 3180 ο
2175 3149 2445 3205 Caeterum
2481 3149 2573 3203 alii
2598 3148 2667 3204 de
2695 3149 3047 3219 Sardanapali
3094 3149 3258 3203 rebus
3289 3149 3361 3203 ita
3398 3164 3506 3203 non
3532 3148 3675 3203 scri-

426 3225 613 3293 batur,
653 3229 878 3297 potabat
902 3246 1026 3285 eum
1066 3233 1338 3289 eunuchis
1365 3244 1422 3290 et
1449 3236 1669 3291 scortis.
1721 3237 1857 3292 Tota
1879 3238 2002 3308 ejus

424 3318 563 3391 vita.
593 3328 712 3374 erat
776 3320 1214 3392 intemperantiae
1253 3326 1436 3397 plena.
1498 3328 1567 3383 Et
1602 3329 1717 3398 ipse
1777 3330 1998 3400 quidem

425 3409 719 3464 conclusus
776 3421 897 3468 erat
952 3415 1097 3484 apud
1137 3416 1444 3488 impudicas
1484 3419 1753 3483 feminas,’
1822 3436 2002 3491 neque

425 3503 510 3560 vel
545 3519 576 3558 a
609 3503 883 3574 praziectis
923 3506 1010 3563 vel
1047 3509 1276 3578 privatis
1303 3510 1622 3566 hominibus
1649 3514 2000 3579 cernebatur,

424 3599 620 3654 calidis
644 3615 705 3654 se
736 3600 968 3655 lavacris
1019 3608 1076 3655 et
1128 3603 1475 3658 vestimentis
1502 3604 1790 3661 oblectans
1819 3607 2003 3662 molli-

424 3688 562 3756 bus;
614 3689 764 3759 regni
787 3705 920 3745 vero
954 3692 1170 3762 negotia
1208 3694 1377 3748 duces
1407 3696 1650 3758 urbium,
1686 3698 1998 3763 nationum,

425 3780 674 3834 locorum
747 3781 1228 3838 administrabant.
1293 3785 1387 3840 Sic
1432 3786 1671 3842 molliter
1708 3788 1866 3855 vixit,
1922 3791 2003 3844 sic

425 3870 690 3926 dissolute
719 3886 779 3927 se
815 3871 1028 3938 habuit,
1063 3875 1241 3929 donec
1289 3876 1345 3929 in
1378 3877 1694 3946 voraginem
1736 3880 2004 3946 perditio-

424 3962 512 4015 nis
550 3978 608 4016 se
646 3961 760 4033 ipse
800 3965 913 4033 egit
940 3976 997 4020 et
1024 3981 1211 4020 secum
1268 3982 1496 4038 regnum
1553 3984 1775 4038 quoque
1822 3971 2000 4040 ipsum

424 4052 689 4120 perdidit.
738 4055 983 4111 Arbaces
1016 4058 1165 4111 enim
1227 4058 1339 4113 dux
1370 4060 1572 4129 saepius
1611 4062 1912 4119 obsecrans
1942 4073 2002 4119 ut

424 4144 855 4216 Sardanapalum
880 4157 1138 4204 cerneret
1169 4160 1227 4205 et
1255 4166 1440 4206 coram
1471 4153 1590 4223 ipso
1620 4163 1794 4211 staret
1814 4156 1832 4225 (
1855 4173 2001 4211 nun-

424 4248 590 4301 quam
623 4234 772 4289 enim
832 4236 1046 4291 viderat
1098 4237 1402 4303 hominem,
1448 4256 1516 4296 ne
1574 4257 1673 4312 per
1723 4244 2000 4299 somnium

424 4323 710 4393 quidem),
756 4340 882 4381 cum
914 4328 1208 4396 aliquoties
1233 4328 1511 4386 desiderio
1564 4332 1857 4389 excidisset
1881 4336 2001 4388 vix-

2105 3243 2263 3306 bunt,
2290 3242 2384 3297 sed
2408 3242 2589 3307 aiunt,
2624 3252 2976 3312 posteaquam
3003 3240 3287 3299 audissent
3328 3238 3568 3294 Chaldaei
3601 3240 3682 3294 vi-

2103 3334 2214 3391 cini
2252 3333 2601 3405 Assyriorum
2640 3350 2820 3404 regem
2851 3332 3305 3402 Sardanapalum,
3343 3331 3674 3402 Anacynda-

2105 3420 2221 3475 τειιὶ
2256 3421 2450 3487 lilium,
2490 3420 2594 3492 14
2626 3436 2747 3475 esse
2796 3420 3074 3475 hominem
3101 3420 3370 3490 ejusmodi
3407 3420 3502 3488 qui
3551 3435 3681 3489 por-

2103 3527 2296 3567 eorum
2321 3514 2810 3583 jumentorumque
2860 3528 3012 3567 more
3043 3514 3275 3575 viveret,
3326 3512 3678 3567 saltationunr

2103 3612 2270 3671 atque
2299 3604 2557 3658 ludorum
2588 3603 2870 3658 studiosus
2904 3614 3068 3664 esset,
3101 3618 3166 3657 ac
3214 3602 3475 3657 mulieres
3502 3602 3679 3655 imita-

2103 3706 2278 3759 retur,
2322 3695 2470 3765 ipsos
2525 3710 2594 3749 eo
2645 3704 2964 3764 contempto
3000 3705 3256 3763 tanquam
3313 3695 3465 3748 molli
3516 3693 3678 3749 corde

2104 3782 2351 3853 praedito,
2407 3782 2756 3852 expeditione
2808 3795 3062 3852 suscepta
3114 3781 3245 3836 forti
3279 3798 3404 3837 cum
3433 3783 3678 3837 exercitu

2102 3874 2340 3938 venisse,
2368 3888 2642 3942 manuque
2678 3888 2803 3927 cum
2836 3874 3189 3943 Sardanapali
3232 3875 3403 3928 milite
3427 3883 3681 3927 conserta

2104 3963 2159 4017 in
2189 3963 2367 4032 fugam
2392 3963 2621 4018 vertisse
2656 3962 2880 4024 ducem,
2907 3979 2969 4016 ac
2996 3964 3047 4017 vi
3077 3964 3146 4018 de
3176 3963 3491 4017 adversario
3514 3965 3682 4018 vieto-

2104 4055 2185 4108 ria
2218 4055 2421 4124 potitos
2442 4069 2587 4109 esse.
2635 4053 2791 4119 Quod
2814 4070 2941 4110 cum
2975 4057 3143 4111 miser
3170 4057 3552 4118 intellexisset,
3585 4058 3681 4111 ἀοι

2103 4145 2331 4201 stitutus
2390 4147 2460 4200 ab
2516 4146 2776 4200 omnibus
2824 4147 3081 4217 pinguem
3144 4164 3336 4218 rogum
3407 4148 3674 4212 incendit,

2103 4238 2320 4308 copiosa
2359 4238 2586 4292 materie
2616 4240 2908 4303 nutritum,
2944 4239 3307 4308 collectisque
3337 4240 3556 4293 lectulis
3579 4256 3676 4293 au-

2105 4321 2215 4384 reis
2263 4340 2319 4383 et
2362 4329 2690 4399 gemmatis,
2744 4331 2985 4400 itemque
3036 4331 3205 4385 varils
3234 4331 3571 4386 indumentis
3626 4341 3682 4386 et

424 4430 534 4484 que
574 4426 772 4472 nactus
807 4427 954 4473 esset
991 4430 1350 4490 conspectum
1380 4423 1545 4490 hujus
1587 4432 1843 4493 tanquam
1883 4441 1996 4482 rem
2032 4456 2077 4511 υ
2107 4422 2889 4493 talentisauri,omnidenique
2915 4422 3258 4491 supellectile
3281 4423 3428 4494 regia
3445 4425 3676 4479 vestium

427 4506 684 4573 faustam,
738 4508 831 4562 ubi
867 4509 1022 4575 vidit,
1052 4511 1141 4564 ubi
1177 4509 1424 4565 fucatam
1445 4527 1668 4567 cerussa
1690 4514 1994 4582 conspexit,

424 4606 700 4654 carentem
748 4600 894 4669 pilis,
928 4600 1256 4665 imberbem,
1287 4601 1427 4658 facie
1458 4603 1739 4667 muliebri,
1768 4614 1994 4674 pecten-

425 4698 534 4743 tetn
587 4692 1092 4760 purpuram-inter
1139 4693 1371 4762 puellas,
1442 4694 1812 4751 colludentem
1872 4712 1997 4750 cum

421 4783 694 4838 eunuchis
714 4793 771 4839 et
800 4798 926 4838 cum
956 4783 1026 4838 iis
1055 4784 1296 4853 turpiter
1321 4800 1379 4839 se
1418 4793 1720 4855 gerentem,
1753 4787 1996 4850 mollem,

424 4890 649 4943 prorsus
686 4876 969 4947 indignum
1023 4876 1275 4945 imperio,
1314 4876 1723 4932 excandescens
1753 4881 1998 4950 pugione

422 4962 734 5031 improbum
809 4964 1080 5027 vulnerat,
1130 4964 1482 5034 gladiumque
1526 4963 1594 5018 ad
1649 4964 1764 5034 ipsa
1827 4984 1999 5035 usque

420 5054 683 5109 intestina
737 5055 926 5126 adigit,
976 5056 1167 5111 mortis
1234 5056 1599 5125 interitusque
1652 5059 1852 5126 poculo
1917 5060 1990 5112 illi

419 5146 732 5216 propinate,
759 5148 853 5217 qui
895 5148 1105 5218 poculis
1146 5147 1213 5203 ad
1249 5164 1504 5202 auroram
1536 5165 1709 5218 usque
1752 5149 1993 5204 delecta-

417 5238 598 5294 batur.
652 5240 744 5296 Sic
789 5240 952 5296 istum
1001 5241 1205 5296 occidit
1239 5242 1477 5296 Arbaces
1514 5240 1840 5310 imperator,
1870 5257 1995 5312 gra-

417 5331 559 5386 viter
600 5331 786 5386 ferens
813 5347 873 5386 se
902 5332 1001 5385 viri
1036 5334 1159 5386 talis
1187 5332 1423 5386 amicum
1468 5333 1749 5401 appellari.

2102 4528 2469 4583 vasorumque
2521 4530 2814 4570 aureorum
2877 4531 2941 4570 ac
2977 4530 3339 4587 gemmarum,
3385 4516 3676 4577 unionum,

2103 4622 2319 4661 ηουιιοιι
2335 4616 2529 4661 cuncta
2556 4608 2611 4662 in
2638 4622 2831 4677 rogum
2854 4605 2923 4660 de
2944 4605 3109 4676 lignis
3126 4607 3317 4660 multis
3339 4615 3678 4661 exstructum

2098 4695 2318 4765 abjecit,
2348 4711 2413 4749 ac
2449 4695 2664 4750 tandem
2716 4710 2775 4750 se
2816 4694 2932 4764 ipse
2964 4694 3032 4748 iis
3078 4695 3364 4763 imposuit.
3410 4694 3680 4763 Deinceps

2097 4785 2338 4841 Chaldaei
2371 4786 2511 4839 citra
2534 4799 2755 4839 onmem
2806 4792 3010 4838 metum
3044 4784 3281 4854 Assyriis
3308 4783 3676 4853 imperabant,

2098 4892 2162 4931 ac
2185 4892 2413 4946 regnum
2455 4885 2889 4945 potestatemque
2932 4876 2988 4929 in
3019 4891 3078 4930 se
3115 4873 3541 4930 transferebant.

2169 4968 2345 5036 Atque
2397 4967 2451 5019 in
2506 4966 2653 5019 hunc
2697 4966 2920 5020 modum
2971 4974 3093 5035 post
3139 4965 3392 5035 Assyrios
3422 4963 3663 5019 Chaldaei

2106 5058 2269 5112 rebus
2292 5058 2626 5126 potitisunt.
2673 5067 2730 5110 et
2757 5056 2990 5111 fortuna:
3040 5056 3340 5110 ludibrium
3383 5069 3679 5123 rerumque

2104 5150 2221 5204 alea
2276 5165 2401 5203 cum
2439 5148 2561 5203 aliis
2597 5148 2730 5202 satis
2759 5148 3043 5207 illusisset.
3087 5149 3156 5201 ad
3184 5148 3325 5203 alios
3369 5148 3676 5202 inclinavit.

2101 5240 2220 5306 Quo
2257 5250 2440 5294 autem
2472 5249 2713 5309 tempore
2749 5239 2988 5308 Assyriis
3018 5241 3133 5294 haec
3156 5239 3507 5303 accidebant,
3562 5239 3673 5294 He-

2107 5332 2263 5385 brrcis
2308 5331 2467 5386 Ocius
2498 5345 2590 5384 rex
2621 5330 2944 5399 imperabat,
2978 5344 3009 5383 a
3043 5328 3253 5385 Davide
3278 5330 3516 5385 maxime
3540 5340 3664 5387 vate

1738 5473 1935 5538 Variae
1972 5476 2304 5538 lectiones.

485 5622 530 5655 ³³
562 5619 808 5693 μαχλῷσι
839 5621 1002 5674 Αιιιι.
1052 5690 1065 5693 Α
1114 5621 1158 5652 ⁸⁸
1194 5621 1448 5693 ἀνόρατος
1500 5622 1660 5677 ann.

415 5691 461 5725 ³⁸
484 5690 791 5746 αὑτοῦιζῐὶ.
869 5693 913 5725 ⁵³
934 5690 1133 5746 τοιοῦδε
1166 5690 1302 5747 ΑΗ(
1350 5695 1393 5724 ⁸ο
1413 5694 1854 5764 άνακυνδαράκου
1890 5695 1950 5747 li.

1762 5625 1807 5656 ⁵³
1835 5625 2074 5678 οὐδέποτ’
2110 5627 2166 5675 ἐν
2194 5625 2255 5676 Λ.

2027 5700 2068 5732 ⁶¹
2106 5695 2260 5748 llunc
2294 5708 2508 5747 versum
2548 5707 2655 5743 Olli.
2690 5693 2753 5744 Α.

2360 5623 2406 5655 ⁸⁸
2438 5623 2730 5690 ἱστορεῖται
2758 5620 2820 5673 Δ.
2921 5619 2964 5651 ⁸⁷
2994 5619 3585 5691 γυναικοπροσωπείοις
3611 5621 3676 5675 Δ.
