4080 6206
359 361 467 422 955

364 472 645 526 Χαλδαίων
666 474 710 526 δ’
733 462 1056 528 ἐϐασίλευσε
1089 477 1186 530 σὺν
1221 477 1402 540 ἄλλοις
1439 478 1720 548 βασιλεῦσι

367 565 678 634 Σεναχηρὶμ
705 566 749 596 ⁶²
784 568 812 619 6
855 567 1083 638 σοϐαρὸς
1120 569 1221 620 καὶ
1246 569 1352 639 γῆς
1372 569 1480 624 τῶν
1514 569 1820 641 Ἀσσυρίων

367 654 586 719 Ἐθνους
621 656 982 712 Βαϐυλωνίων
1010 677 1070 713 τε
1104 661 1199 713 καὶ
1229 661 1420 729 γένους
1452 660 1546 714 τοῦ
1562 662 1672 715 τῶν
1701 662 1930 734 Μήδωνι

363 748 456 809 Ὃς
496 750 904 820 ἐκστρατεύσας
954 753 1206 825 σοϐαρῶς
1236 755 1376 808 κατὰ
1405 756 1503 824 τῆς
1548 753 1826 820 Ἰουδαίας,

356 839 468 892 Καὶ
509 840 920 913 βλασφημήσας
954 847 1035 908 είς
1068 846 1202 900 Θεὸν
1246 847 1476 918 καρδίας
1511 849 1766 918 ἀπονοίᾳ,

356 929 467 980 Καὶ
499 931 709 999 ῥήμασι
737 934 1083 1004 χρησάμενος
1124 936 1664 1008 ὑπερηφανεστάτοις
1692 939 1757 998 ⁸³,

364 1015 664 1088 Ἐδρέψατο
690 1023 988 1094 τάπίχειρα
1020 1026 1119 1096 τῆς
1155 1028 1655 1096 ματαιοφροσύνης.

357 1111 628 1178 Ἀγγελος
666 1114 775 1185 γάρ
821 1116 926 1168 ὑπὸ
967 1117 1104 1170 Θεοῦ
1146 1119 1421 1188 πεμφθεὶς
1469 1120 1612 1172 κατὰ
1631 1119 1730 1191 τὴν
1769 1137 1934 1174 νυκτα

358 1201 552 1253 ’Ὡλεσε
590 1203 768 1256 πάντα
801 1205 894 1260 τὸν
922 1207 1153 1276 στρατὸν
1184 1207 1372 1276 ξίφους
1405 1208 1684 1277 συγκόψας
1714 1208 1861 1272 ἄνευ,

355 1291 452 1353 Ei;
491 1294 683 1347 ἑκατὸν
718 1297 1057 1367 ποσούμενον
1089 1299 1426 1370 χιλιανδρίας
1461 1299 1588 1363 ὅλας

357 1383 468 1436 Σὺν
490 1385 668 1450 ἄλλοις
699 1387 1034 1459 ὀγδοήκοντα
1067 1391 1204 1460 πρὸς
1233 1391 1714 1462 πεντακισχιλίοις.

371 1474 431 1525 Ὀ
456 1477 634 1528 τοίνυν
659 1479 789 1548 πρὶν
816 1479 1120 1549 ἀγέρωχος,
1159 1483 1188 1532 6
1218 1481 1350 1550 πρὶν
1389 1481 1775 1551 ὑπερηρμένος

367 1569 458 1630 Ὠς
491 1569 700 1637 λαγωδς
729 1572 946 1637 ἐγένετο
976 1574 1254 1642 ταχύπους
1287 1573 1577 1641 φυγαδίας.

429 1662 584 1715 Μετὰ
613 1663 671 1716 δὲ
721 1665 946 1733 χρόνους
979 1664 1232 1734 βασιλεὺς
1259 1660 1327 1736 ἦν
1366 1664 1836 1736 Ναϐουχοδονόσορ
1859 1665 1928 1720 ⁸⁸.

359 1743 528 1816 Οὗτος
553 1754 652 1821 τῆς
681 1753 850 1823 τύχης
872 1755 1116 1825 εὑμενῶς
1146 1754 1297 1826 αὑτῷ
1326 1755 1781 1827 προσφερομένης

362 1842 586 1896 Πάντων
612 1844 1110 1900 κατεδυνάστευσεν
1144 1847 1312 1900 ἐθνῶν
1340 1847 1453 1900 τῶν
1480 1849 1538 1900 ὲν
1572 1846 1748 1918 Ἀσίᾳ,

360 1933 472 1985 Καὶ
508 1934 716 1999 πάντας
740 1936 1063 2005 ὑπηγάγετο
1097 1938 1236 2007 πρὸς
1267 1939 1517 2010 ἐτησίους
1555 1937 1778 2007 φόρους,

359 2027 660 2090 Χαλδαίους
685 2028 1010 2101 Ἀσσυρίους
1037 2046 1119 2094 τε,
1148 2030 1386 2099 Μήδους,
1422 2026 1820 2091 Βαϐυλωνίους.

371 2118 645 2188 ἰ’πήκοον
678 2119 904 2189 ἐποίησε
942 2121 1038 2173 καὶ
1068 2120 1222 2188 γένος
1269 2120 1560 2185 Ἰουδαίων,

359 2211 465 2262 Καὶ
487 2211 589 2280 τὴν
625 2211 957 2282 μητρόπολιν
994 2211 1173 2265 αὑτῶν
1203 2212 1300 2282 τὴν
1324 2213 1797 2285 περιφανεστάτην

369 2300 730 2373 Ἰερουσαλὴμ
771 2303 1054 2370 ἐδούλωσε,
1090 2304 1187 2357 καὶ
1225 2305 1442 2375 πρῶτος
1466 2307 1510 2337 ⁵⁸
1543 2307 1851 2376 ὑποφόρους

358 2395 498 2457 Τοὺς
523 2394 764 2462 βασιλεῖς
805 2395 1158 2464 κατέστησεν.
1205 2396 1293 2457 Ὠς
1318 2397 1362 2448 δ’
1391 2397 1731 2450 ἀπεστάτουν
1768 2394 1936 2460 οὗτοι,

359 2485 434 2535 Τὸ
462 2485 769 2538 τελευταῖον
797 2485 1040 2539 ἐπελθὼν
1067 2486 1204 2556 μετὰ
1241 2487 1453 2556 μυρίων
1483 2488 1665 2541 ὅπλων

360 2573 568 2646 (Ὕπξρ
599 2576 708 2644 γὰρ
737 2579 920 2646 ἅμμον
942 2579 969 2630 6
993 2577 1224 2647 στρατὸς
1246 2574 1314 2649 ἦν
1350 2577 1850 2648 Ναϐουχοδονόσορ)

363 2666 732 2737 Κατέσκαψεν
760 2669 806 2700 ⁶⁶
836 2669 917 2730 είς
951 2669 1147 2736 ἔδαφος
1170 2669 1268 2739 τὴν
1290 2669 1444 2724 πόλιν
1465 2669 1670 2734 ὀλϐίαν,

361 2759 468 2810 Καὶ
500 2759 713 2822 πάντας
746 2759 872 2822 τοὺς
922 2760 982 2824 ἐξ
1031 2761 1264 2831 αἵματος
1305 2763 1398 2814 καὶ
1437 2762 1626 2829 γένους
1665 2761 1937 2832 βασιλείου

360 2848 748 2921 Δορυαλὼτους
779 2851 1056 2905 συλλαϐὼν
1089 2853 1146 2904 ὲν
1176 2851 1331 2924 χώρᾳ
1361 2851 1684 2917 Βαϐυλῶνος

1498 366 2004 428 COMPENDIUM
2046 368 2518 432 CIIRONICUM.

1964 1816 2078 1885 Βν

3509 373 3616 436 246

1973 482 2016 541 Α
2046 479 2384 552 Μετῴκισεν,
2413 481 2487 544 ὡς
2519 481 2730 535 ἔσοιντο
2755 481 2933 554 τούτῳ
2957 482 3424 554 ⁸⁷·θαλαμηπόλοι.

2038 565 2146 624 Ἶιν
2171 573 2228 623 ἐν
2255 573 2438 634 αὑτοῖς
2468 573 2562 624 καὶ
2592 573 2792 642 Δανιὴλ
2830 574 2858 625 6
2890 573 3068 644 μέγας
3102 576 3158 626 ἐν
3194 576 3526 644 προφήταις,

2040 661 2101 711 Οἱ
2124 662 2274 730 τρεῖς
2327 678 2387 713 τε
2432 661 2620 722 παῖδες
2670 663 2771 714 σὺν
2802 663 2951 734 αὑτῷ
2990 664 3088 718 σὺν
3146 664 3325 729 ἄλλοις
3371 665 3617 734 εὑγενέσι

2037 755 2192 809 Μετὰ
2219 755 2414 825 μικρὸν
2445 755 2492 807 δ’
2533 756 2868 824 ὑπεραρθεὶς
2899 758 2928 808 6
2964 755 3443 828 Ναϐουχοδονόσορ

2039 846 2148 898 Καὶ
2176 845 2276 914 τὴν
2314 846 2416 915 τῆς
2440 845 2611 917 τύχης
2639 845 2850 899 εὔνοιαν
2886 847 2944 900 οὑ
2971 848 3015 878 ⁵⁸
3046 847 3294 917 δυνηθεὶς
3319 847 3610 916 βαστάσαι,

2038 937 2349 990 Κάντεῦθεν
2383 939 2464 1002 είς
2493 939 2752 992 ἀπόνοιαν
2777 940 3120 1002 ἐκκυλισθεὶς
3147 941 3386 1011 ἐσχάτην

2039 1027 2233 1098 (Αὑτὸν
2261 1029 2528 1082 ἐθεοποίει
2555 1029 2664 1100 γὰρ
2692 1030 2796 1082 ὑπὸ
2827 1030 3228 1102 φρενοπληξίας
3253 1032 3348 1101 δ’),

2048 1117 2419 1187 Ἐταπεινὼθη
2453 1121 2592 1188 πρὸς
2632 1118 2767 1172 Θεοῦ
2792 1120 3113 1190 ταπείνωμα
3145 1120 3439 1190 φρικῶδες,

2038 1211 2132 1273 Εἰς
2157 1211 2340 1281 χοίρου
2366 1212 2649 1281 μόρφωσιν
2665 1214 2711 1244 το
2739 1213 2975 1284 τραπεὶς
2995 1213 3053 1279 ἐξ
3084 1213 3256 1276 εἴδους
3274 1211 3618 1283 ἀνθρωπείου

2037 1302 2148 1356 Καὶ
2173 1301 2376 1373 ταύτην
2405 1303 2560 1374 δίκην
2588 1305 2841 1374 ὑποσχὼν
2870 1305 2972 1373 τῆς
3005 1305 3414 1375 ὑπερηγανίας.

2108 1395 2254 1448 Ἀλλ’
2288 1395 2373 1448 ἵνα
2412 1395 2576 1449 πάλιν
2604 1397 2682 1461 εἰς
2718 1395 2894 1466 ἀρχὴν
2926 1396 3018 1449 τὸν
3052 1396 3212 1465 λόγον
3238 1397 3527 1464 ἀναγάγωπ

2037 1485 2321 1539 Χαλδαίων
2361 1485 2710 1539 ἐϐασίλευσεν
2739 1487 2766 1539 6
2797 1485 3289 1558 Ναϐουχοδονόσορ,

2039 1578 2149 1632 Καὶ
2169 1578 2510 1647 μετ’ὲκεῖνον
2525 1578 2783 1648 Μαροδὰχ
2799 1579 2867 1642 τί,
2887 1578 2980 1630 καὶ
2999 1577 3292 1648 μετάὑτδν
3311 1577 3614 1650 Βαλτάσαρ,

2050 1669 2372 1742 Ἀμφότεροι
2397 1670 2758 1739 βλαστήματα
2783 1669 2880 1723 τοῦ
2913 1667 3409 1740 Ναϐουχοδονόσορ.

2039 1759 2328 1830 Βαλτάσαρ
2354 1759 2536 1813 τοίνυν
2558 1760 2842 1830 ἐντρυφῶν
2866 1760 2945 1830 τῷ
2970 1761 3069 1831 τῆς
3092 1761 3271 1830 ἀρχῆς
3298 1758 3520 1828 μεγέθει

2042 1853 2332 1922 Συμπὸτας
2367 1852 2794 1923 παρελάμὸανεν
2829 1852 2994 1906 αὑτοῦ
3028 1851 3157 1915 τοὺς
3191 1852 3545 1922 μεγιστᾶνας,

2050 1945 2155 1997 Καὶ
2181 1946 2300 2004 ταῖς
2327 1943 2630 2014 τραπέζαις
2659 1944 2916 2015 λιπαραῖς
2937 1943 3136 2006 αὑτοὺς
3163 1943 3452 2008 ἐδεξιοῦτο.

2048 2035 2156 2088 Καὶ
2185 2033 2357 2088 θέλων
2388 2034 2795 2088 ἐπιδείκνυσθαι
2825 2034 2885 2087 τὸ
2905 2033 3130 2103 δαψιλὲς
3152 2033 3246 2086 τοῦ
3280 2032 3512 2086 πλούτου

2048 2122 2369 2175 Πολυτελέσι
2398 2121 2650 2176 σκεύεσιν
2683 2123 2882 2193 ἐχρῆτο
2905 2121 3270 2192 λιθοχρύσοις.

2047 2214 2150 2266 Σὺν
2177 2214 2309 2266 πᾶσι
2337 2213 2705 2285 παρεισέφερε
2737 2213 2832 2266 καὶ
2859 2213 2952 2266 τοῦ
2979 2211 3202 2266 ναοῦμτὰ
3234 2212 3426 2282 σκεύη,

2049 2303 2227 2372 ’ἷΑπερ
2258 2303 2513 2371 ἀφείλετο
2547 2303 2605 2355 τὸ
2635 2302 2765 2370 πρὶν
2790 2304 2818 2356 6
2850 2301 3338 2372 Ναϐουχοδονόσορ,

2058 2391 2252 2446 Ἦνίκα
2289 2392 2648 2462 Ἰερουσαλὴμ
2685 2392 2948 2462 ἀπέκειρε
2981 2394 3028 2426 ⁷⁸
3059 2392 3121 2444 τὸ
3149 2391 3366 2454 κάλλος.

2047 2485 2347 2556 Χρὼμενος
2377 2488 2558 2540 τοίνυν
2581 2487 2749 2550 ἀδεῶς
2783 2486 2992 2548 τούτοις
3029 2485 3108 2548 είς
3139 2484 3445 2554 ὑπουργίαν

2050 2577 2302 2644 (Μεθύων
2321 2578 2429 2647 γὰρ
2449 2581 2556 2641 τοῖς
2591 2577 2914 2647 πράγμασιν
2951 2575 3062 2628 οὐδ’
3083 2575 3218 2638 ὅλως
3251 2575 3454 2651 ἐνενόει

2058 2667 2146 2728 Ὠς
2173 2669 2199 2720 6
2234 2668 2366 2729 Θεὸς
2398 2670 2699 2737 ἀγανακτεί
2735 2666 2940 2720 τούτων
2980 2665 3375 2738 ὑϐριζομένων)

2060 2760 2428 2832 Ἀστράγαλον
2452 2763 2664 2835 ἑώρακε
2686 2762 2969 2835 γράφοντα
3000 2762 3138 2832 πρὸς
3158 2762 3234 2830 τῷ
3260 2763 3444 2834 τοίχῳ.

2052 2849 2347 2919 Ἕλεγοντ³
2372 2852 2426 2906 δὲ
2451 2854 2518 2906 τὰ
2545 2854 2849 2925 γράμματα
2873 2853 3055 2922 Μανῆ,
3083 2853 3276 2918 Θεκὲλ,
3305 2854 3484 2926 Ψᾶρες
3516 2871 3580 2907 τε
3599 2873 3613 2887 '

3330 2980 3488 3036 Vers.
3515 2981 3627 3037 704

360 3089 649 3158 septimus.
685 3087 958 3144 Chaldaeis
990 3089 1132 3146 inter
1163 3091 1301 3146 alios
1336 3106 1492 3161 reges
1537 3091 1944 3149 Senacheribus
2051 3089 2142 3146 ille
2165 3099 2320 3146 vates
2349 3089 2630 3152 Danielus,
2671 3089 2774 3160 15
2805 3099 2993 3146 ettres
3018 3088 3098 3144 illi
3125 3088 3308 3160 pueri,
3336 3103 3463 3143 cum
3495 3087 3632 3142 aliis.

361 3181 635 3249 superbus
679 3180 930 3250 praefuit,
991 3183 1234 3253 itemque
1291 3183 1501 3252 regioni
1568 3185 1942 3255 Assyriorum,
1972 3203 2014 3260 ρ
2052 3182 2351 3238 nobilibus.
2399 3182 2570 3235 Paulo
2602 3192 2726 3252 post
2755 3182 2934 3236 elatus
2975 3182 3206 3236 nimium
3251 3179 3622 3239 Nabuchodo.-

361 3270 508 3338 genti
550 3269 976 3338 Babyloniorum
999 3280 1056 3325 et
1108 3271 1316 3326 nationi
1376 3271 1683 3326 Medorum.
1716 3273 1819 3339 Qui
1846 3288 1941 3327 su-
2046 3287 2234 3337 nosor,
2269 3287 2394 3327 cum
2434 3272 2670 3326 fortuna:
2699 3272 3120 3341 prosperitatem
3166 3271 3310 3324 ferre
3342 3286 3451 3325 non
3491 3285 3620 3340 pos-

367 3360 533 3428 perba
563 3359 919 3430 expeditione
951 3371 1142 3416 contra
1167 3361 1410 3416 Judzeam
1459 3370 1738 3432 suscepta,
1773 3373 1946 3432 etper
2050 3371 2134 3417 set
2176 3375 2341 3432 atque
2372 3362 2581 3417 idcirco
2611 3363 2664 3415 in
2698 3361 2945 3415 furorem
2991 3369 3300 3415 extremum
3329 3359 3621 3413 devolutus

365 3451 547 3505 cordis
571 3453 866 3506 amentiam
895 3453 1006 3507 Deo
1031 3452 1384 3507 contumeliis
1414 3453 1636 3516 affecto,
1669 3468 1792 3506 cum
1827 3469 1946 3508 ver—
2047 3463 2214 3518 esset,
2257 3469 2316 3507 se
2348 3453 2466 3522 ipse
2515 3452 2729 3506 insania
2765 3451 3002 3520 quadam
3049 3450 3218 3504 animi
3269 3450 3435 3504 deum
3468 3448 3618 3503 fecit.

366 3541 454 3596 his
479 3543 954 3611 arrogantioribus
976 3559 1106 3598 usus
1134 3553 1300 3610 esset,
1327 3545 1556 3599 insania:
1582 3561 1695 3600 suae
1719 3547 1944 3616 praemia
2049 3543 2156 3598 Sed
2193 3543 2536 3596 horrendum
2584 3544 2638 3595 in
2689 3541 2913 3596 modum
2949 3538 3272 3594 humiliatus
3303 3547 3386 3592 est
3418 3554 3447 3591 a
3486 3539 3619 3598 Deo.

370 3640 706 3687 consecutus
737 3643 842 3688 est.
873 3633 1119 3703 Angelus
1147 3634 1295 3687 enim
1333 3649 1364 3687 a
1395 3635 1507 3688 Deo
1545 3642 1712 3688 noctu
1745 3635 1945 3690 missus

373 3723 676 3777 exercitum
709 3738 928 3779 omnem
969 3723 1178 3792 absque
1216 3723 1397 3793 gladio
1445 3726 1729 3779 concisum
1767 3726 1946 3794 perdi-

370 3811 475 3874 dit,
526 3810 623 3881 qui
667 3821 890 3868 centum
937 3821 994 3868 et
1045 3813 1324 3883 octoginta
1357 3813 1603 3883 quinque
1661 3814 1945 3870 hominum

374 3902 544 3957 millia
574 3903 916 3958 continebat.
951 3903 1143 3972 Itaque
1173 3903 1222 3958 is
1247 3904 1342 3972 qui
1370 3906 1528 3973 prius
1556 3906 1833 3972 superbus
1859 3914 1945 3961 at-

372 4011 476 4062 que
506 3997 688 4052 elatus
719 4007 859 4062 erat,
889 3998 1064 4053 instar
1096 3996 1273 4051 timidi
1303 3997 1508 4067 leporis
1539 3999 1775 4067 pedibus
1802 4000 1948 4055 celer

373 4096 427 4140 et
449 4086 720 4157 fugitivus
746 4087 1038 4143 evadebat.

443 4181 763 4237 Secundum
812 4183 928 4238 haec
984 4192 1106 4238 erat
1139 4199 1233 4238 rex
1283 4183 1818 4251 Nabuchodonosor,
1847 4187 1945 4257 qui

376 4287 641 4343 prospera
684 4272 906 4328 fortuna
938 4290 1073 4329 usus
1107 4289 1300 4329 omnes
1323 4275 1465 4330 Asiae
1509 4276 1763 4331 nationes
1809 4278 1948 4332 sub-

375 4365 502 4433 egit,
549 4374 608 4420 et
641 4380 834 4421 omnes
868 4365 1051 4438 adegit
1077 4366 1144 4422 ad
1167 4382 1348 4421 annua
1384 4367 1610 4434 tributa,
1641 4368 1946 4436 Chaldaeos,

373 4455 644 4528 Assyrios,
681 4459 890 4524 Medos,
932 4461 1299 4531 Babylonios;
1330 4471 1388 4516 et
1427 4461 1753 4518 obedientes
1796 4462 1949 4518 dicto

2049 3634 2116 3689 de
2151 3635 2390 3688 humana
2428 3633 2604 3687 forma
2639 3633 2694 3686 in
2736 3632 2890 3702 porci
2943 3631 3172 3701 ﬁguram
3227 3637 3620 3692 commutatus,

2050 3727 2379 3798 supplicium
2404 3725 2512 3780 hoc
2543 3733 2768 3795 propter
2789 3723 3107 3792 superbiam
3136 3721 3339 3777 ferens.

2121 3819 2322 3874 Verum
2367 3825 2426 3872 ut
2452 3829 2762 3870 sermonem
2803 3813 2870 3868 ad
2915 3813 3100 3883 priora
3143 3811 3422 3874 reducam,
3453 3810 3621 3864 Chal-

2050 3907 2182 3963 dzeis
2205 3907 2494 3977 imperavit
2527 3906 2619 3959 hic
2642 3903 3182 3967 Nabuchodonosor,
3210 3916 3264 3956 et
3288 3911 3411 3970 post
3445 3902 3620 3970 ipsum

2051 3997 2442 4063 Merodachus;
2497 4004 2624 4065 post
2668 4009 2833 4064 quem
2863 3995 3200 4054 Baltasarus,
3249 3992 3413 4045 ambo
3438 3991 3622 4044 Nabu-

2051 4089 2446 4146 chodonosoris
2477 4087 2595 4141 ﬁlii.
2641 4087 2957 4141 Baltasarus
2996 4083 3214 4154 imperii
3245 4081 3622 4153 magnitudine

2051 4183 2285 4236 abutens
2309 4191 2658 4251 compotores
2687 4178 2992 4249 accipiebat
3028 4176 3135 4232 sibi
3164 4176 3480 4246 optimates,
3505 4188 3626 4228 eos-

2053 4289 2159 4342 que
2191 4273 2396 4328 mensis
2429 4271 2734 4342 splendidis
2761 4271 3093 4340 excipiebat.
3120 4269 3370 4337 Cumque
3401 4267 3626 4321 demon-

2053 4372 2229 4419 strare
2259 4365 2425 4420 vellet
2455 4378 2620 4434 opum
2656 4362 3074 4426 abundantiam,
3108 4361 3291 4430 magni
3325 4357 3490 4429 pretii
3527 4373 3622 4411 va-

2053 4457 2130 4512 sis
2188 4457 2487 4519 utebatur,
2554 4456 2715 4510 factis
2767 4471 2836 4511 ex
2889 4469 3024 4508 auro
3085 4462 3144 4507 et
3212 4452 3482 4522 gemmis;
3541 4449 3627 4501 in-

377 4547 617 4603 reddidit
673 4547 839 4603 etiam
896 4549 1153 4616 Judzeos;
1224 4564 1533 4620 eorumque
1593 4552 1944 4623 metropolim
1974 4551 2026 4612 D
2054 4559 2244 4619 terque
2273 4555 2468 4603 caetera
2499 4547 2687 4618 templi
2723 4561 2941 4618 quoque
2981 4544 3382 4615 supellectiiem
3413 4540 3626 4602 intulit,

376 4637 532 4708 longe
587 4638 1028 4705 celeberrimam,
1092 4640 1353 4694 nimirum
1397 4640 1850 4713 Hierosolymam,
1892 4643 1948 4698 in

378 4731 700 4785 servitutem
750 4730 982 4801 redegit,
1013 4747 1077 4786 ac
1111 4730 1350 4801 primum
1383 4746 1540 4801 reges
1568 4731 1828 4787 Iudaicos
1859 4749 1954 4789 ve-

380 4823 603 4894 ctigales
646 4821 798 4877 fecit.
848 4822 986 4878 Cum
1021 4831 1203 4877 autem
1249 4823 1320 4877 ab
1355 4839 1422 4877 eo
1459 4822 1816 4888 defecissent,
1864 4840 1954 4880 re-

381 4930 569 4970 versus
598 4915 831 4970 infinitis
865 4930 990 4970 cum
1028 4914 1204 4985 c0piis
1233 4914 1457 4986 (quippe
1493 4915 1791 4984 superabat
1828 4931 1952 4971 are-

381 5019 500 5067 nam
577 5008 672 5063 hic
733 5006 1300 5062 Nabuchodonosoris
1370 5008 1682 5076 exercitus)
1756 5009 1950 5063 urbem

382 5097 592 5155 felicem
661 5101 988 5170 beatamque
1056 5100 1124 5155 de
1184 5097 1558 5155 fundamentis
1610 5099 1847 5161 evertit,
1901 5109 1958 5154 et

383 5206 571 5252 omnes
636 5191 924 5261 sanguinis
987 5191 1315 5263 generisque
1379 5191 1514 5262 regii
1590 5190 1845 5246 redactos
1897 5191 1950 5244 in

387 5284 757 5352 captivitatem
831 5284 1162 5355 Babylonem
1243 5285 1571 5348 transtulit,
1643 5292 1706 5337 ut
1766 5290 1953 5338 essent

2056 4654 2220 4709 quam
2263 4638 2395 4692 olim
2424 4637 2936 4693 Nabuchodonosor
2972 4634 3299 4698 abstulerat,
3335 4645 3462 4686 cum
3499 4628 3627 4683 Hie-

2053 4729 2340 4800 rosolyma:
2369 4727 2840 4799 pulchritudinem
2869 4724 3157 4795 spoliaret.
3193 4722 3347 4778 llanc
3382 4720 3476 4773 ille
3495 4732 3623 4772 cum

2053 4823 2188 4876 citra
2222 4829 2431 4875 metum
2466 4820 2520 4874 in
2543 4834 2704 4875 usum
2734 4833 2897 4874 suum
2928 4823 3167 4870 verteret
3192 4812 3416 4882 (quippe
3440 4823 3623 4864 rerum

2053 4913 2405 4970 successibus
2430 4912 2622 4967 ebrius
2651 4911 2810 4982 plane
2839 4924 2948 4964 non
2983 4905 3262 4978 cogitabat
3291 4905 3463 4958 Deum
3497 4915 3620 4955 mo-

2054 5003 2191 5058 leste
2213 5001 2355 5056 ferre
2379 5016 2656 5056 sacrorum
2684 5015 2938 5056 vasorum
2959 4995 3367 5066 violationem),
3400 5007 3624 5048 manum

2055 5097 2110 5150 in
2151 5096 2363 5166 pariete
2408 5093 2745 5149 scribentem
2790 5092 3096 5162 conspexit.
3133 5089 3468 5144 Litterarum
3510 5085 3627 5140 haec

2049 5197 2209 5244 erant
2239 5186 2406 5241 verba
2431 5203 2445 5239 :
2469 5185 2644 5250 Mane,
2673 5184 3158 5254 Thecethhares.
3181 5181 3314 5248 Quae
3335 5194 3459 5236 cum
3486 5179 3630 5232 alius

2048 5294 2210 5335 nemo
2236 5278 2516 5334 declarare
2551 5284 2758 5347 posset,
2793 5275 3056 5331 Danielus
3085 5276 3378 5344 perspicue
3404 5287 3468 5326 ae
3495 5285 3626 5326 vere

390 5373 556 5442 ipsius
598 5375 952 5430 cubicularii.
1001 5375 1129 5428 Erat
1185 5375 1331 5431 inter
1376 5375 1478 5429 bos
1519 5375 1686 5430 etiam
1719 5388 1952 5444 magnus
2045 5373 2444 5440 interpretatus
2491 5377 2618 5423 est:
2660 5368 2926 5421 Dividens
2965 5366 3158 5420 divisit
3202 5381 3387 5421 rerum
3430 5361 3626 5432 Opifex

1724 5490 1926 5552 Varias
1957 5489 2281 5552 lectiones.

456 5593 498 5620 ε’
531 5593 865 5664 Σεναχερεὶμ
901 5593 966 5647 Β.
1023 5591 1324 5664 Σενακερίμ

1354 5592 1418 5645 Β.
1465 5609 1514 5645 ν.
1552 5593 1658 5648 653
1707 5593 1832 5648 add.
1879 5591 1993 5646 RR.

467 5657 767 5726 πάνταςΊξ.
826 5657 888 5693 ’⁸⁸
925 5657 1381 5743 κατέκαμψανὀίί.
1458 5663 1744 5743 ιξίὲποιντρ
1770 5665 1831 5716 Α,
1869 5679 1946 5743 τοι

2051 5659 2148 5743 lli.
2225 5657 2377 5743 ⁸1μῆ

2095 5591 2139 5624 ⁸³
2166 5587 2706 5660 ὑπερηφανεστέροις
2737 5585 2874 5660 ΑΒ.-
2961 5585 3007 5615 ⁸⁵
3030 5583 3103 5660 ﬂ.
3148 5579 3625 5660 Ναϐουχοδονόσωρ

2579 5649 2622 5688 ε’
2657 5656 3014 5725 ὲθεοπῡίησεν
3083 5655 3189 5709 ὑπὸ
3234 5649 3625 5725 φρενοβλαὸίες

400 5727 460 5784 li.
529 5735 571 5764 ⁷ο
609 5716 1032 5804 μεταμόρφωσιν
1091 5716 1409 5796 Α;’”οιιιὶδεο
1439 5733 1629 5794 εἴδους.
1708 5734 1749 5764 ⁷³
1787 5732 2067 5804 μαϐροδάχ
2100 5737 2159 5784 Λ.
2237 5716 2664 5798 ⁷²’πέριέκειρεν
2713 5716 3074 5795 Ἰερουέαλὴμ.
3098 5725 3214 5777 RR.
3246 5716 3337 5753 ﬂ"
3369 5719 3524 5784 ελετε
3555 5716 3620 5766 “-
