4106 6206
451 385 553 454 2.31

451 501 623 570 Οὗτος
650 505 877 576 συνῴκει
905 506 1123 574 γυναικί
1152 508 1212 558 τὸ
1239 507 1430 568 κάλλος
1460 507 1677 580 ἐξαισία
1697 549 1712 573 ,

452 599 948 670 Φαιδροπροσώπῳ,
981 601 1226 670 τρυφερᾷ
1252 601 1345 651 καί
1377 601 1805 671 φοινικοπαρῄῳ.

451 690 722 744 Τοσοῦτον
753 685 844 742 οὖν
875 690 1093 743 ἐκαίετο
1128 690 1206 760 τῷ
1243 691 1392 760 πόθῳ
1423 691 1517 745 τοῦ
1551 693 1776 760 γυναίου

463 783 554 844 Ὠς
586 780 664 850 τῷ
695 780 984 851 θεράποντί
1019 798 1147 834 ποτε
1178 783 1390 851 (Γύγης
1423 783 1465 835 δ’
1494 780 1560 852 ἦν
1591 785 1619 836 6
1649 783 1940 854 Θεράπων)

451 875 557 927 Τὸν
584 874 746 926 πόθον
778 874 872 926 καί
903 874 992 926 τὸν
1023 872 1204 943 ἔρωτα
1235 876 1446 944 τρανῶς
1477 874 1839 944 δημοσιεῦσαι

453 966 565 1018 Καὶ
597 968 745 1034 σχεῖν
783 965 1009 1034 θελῆσαι
1039 965 1236 1036 θεατὴν
1283 967 1469 1018 τοῦτον
1497 968 1595 1035 τῆς
1638 965 1992 1035 συνοικούσης
2015 1007 2029 1030 ,

453 1055 773 1120 Θεοδλαϐὦς
797 1058 864 1124 ⁸⁵,
893 1058 967 1120 ὡς
992 1059 1158 1123 ἔοικε,
1192 1058 1290 1111 καί
1318 1057 1379 1110 τὸ
1403 1059 1449 1090 ⁸⁸
1482 1057 1583 1126 τῆς
1622 1057 1836 1127 Μοίρας
1881 1057 2032 1125 ξίφος

457 1150 730 1212 ἑξακονῶν
761 1150 883 1202 καθ’
915 1151 1108 1204 ἐαυτοῦ
1136 1153 1228 1204 καὶ
1268 1151 1406 1221 πρὸς
1434 1150 1605 1222 τομὴν
1631 1150 1886 1217 ἐπείγων.

465 1241 527 1292 '0
549 1242 647 1309 μέν
669 1241 986 1310 Κανδαύλης
1006 1241 1246 1312 ἔκρυπτε
1263 1242 1352 1294 τὸν
1375 1241 1554 1310 Γύγην
1576 1241 1711 1312 πρὸς
1729 1240 1825 1310 τὴν
1841 1240 2042 1310 θύραν,

469 1333 685 1402 Ἔκείνη
713 1333 757 1385 δ’
789 1333 1076 1398 ἀπεδύετο,
1114 1335 1206 1386 καὶ
1237 1333 1418 1404 Γύγης
1449 1335 1722 1403 ἐνετρύφα

457 1423 656 1493 Γυμνῴ
685 1423 761 1493 τῷ
790 1425 976 1477 κάλλει
1005 1426 1103 1493 τῆς
1132 1424 1336 1494 σαρκὸς
1365 1426 1464 1494 τῆς
1503 1425 1696 1478 ἐαυτοῦ
1724 1424 2032 1494 δεσποίνης.

460 1512 582 1569 Ιὲίδε
610 1517 703 1570 τὸν
730 1517 912 1586 Γύγην
1001 1517 1161 1585 γυνὴ,
1189 1516 1612 1586 γυναικοθύμως
1641 1512 1750 1586 εἶχε
1775 1518 1842 1569 ’⁷.

465 1605 874 1677 ’Υσριοπάθησε
909 1608 1098 1670 δεινῶς
1117 1608 1197 1673 ³⁸,
1231 1608 1526 1678 μετακαλεῖ
1546 1609 1590 1640 ³⁸
1625 1609 1716 1660 τὸν
1745 1607 1926 1677 Γύγην
1951 1647 1966 1671 ,

461 1697 687 1751 Δίδωσιν
719 1699 932 1768 αἵρεσιν
963 1699 1132 1761 δυοῖν,
1166 1699 1199 1768 ἢ
1236 1699 1328 1752 τὸν
1361 1700 1627 1768 δεσπότην
1656 1701 1866 1751 κτεῖναι

461 1790 737 1860 Κερδᾶναί
770 1807 830 1843 τε
861 1791 955 1842 καὶ
993 1790 1091 1860 τὴν
1125 1790 1300 1861 ἀρχὴν
1329 1791 1344 1822 ¹
1377 1792 1470 1844 καὶ
1501 1791 1750 1860 γαμετὴν
1784 1790 2034 1860 ἐκείνην,

1579 395 2096 457 (ΖΟΝΞΤΑΝΤΙΝΙ
2142 397 2523 458 MANASSIS

3610 403 3718 468 252

2049 518 2094 569 Α
2125 508 2294 562 Πτοού
2303 527 2463 579 μενος
2487 508 2586 579 τὴν
2610 507 2828 580 εὔροιαν
2852 511 2951 580 τῆς
2981 511 3281 582 εὐποτμίας
3305 515 3325 545 ⁸
3359 515 3596 586 Κροίσου
3617 535 3632 550 ·

2153 599 2207 650 ὐ
2236 600 2432 667 Δανιὴλ
2460 599 2504 651 δ’
2538 599 2834 670 ἐθάρρυνεν
2860 601 3030 655 εἰπὼν
3071 604 3171 674 τὴν
3206 608 3569 676 προφητείαν,

2134 691 2237 742 Ἦν
2264 690 2369 760 πρὸ
2395 692 2415 722 ⁷
2448 691 2654 744 πολλῶν
2689 691 2797 744 τῶν
2823 694 3025 760 γενεῶν
3059 695 3205 761 ἔλεξε
3239 699 3368 767 περὶ
3394 699 3580 770 Κύρου

2140 781 2199 832 ’0
2227 781 2741 850 μεγαλοφωνότατος
2774 785 3060 854 προφήτης
3104 783 3354 851 Ἡσαΐας.

2203 867 2370 936 Οὗτος
2397 875 2424 926 6
2456 872 2635 942 Κῦρος
2663 875 2691 926 6
2722 876 2887 938 πολὺς
2915 879 3026 938 τοῖς
3063 877 3120 928 ἐν
3151 879 3504 952 αἰχμαλωσίᾳ

2143 961 2413 1028 Ἑϐραίοις
2441 964 2734 1035 ἐχαρίσατο
2761 966 2827 1017 τὰ
2853 965 2957 1034 τῆς
2984 967 3298 1038 ἐλευθερίας
3322 1012 3334 1032 ,

2133 1053 2243 1104 Καὶ
2273 1052 2370 1121 τὴν
2401 1055 2738 1122 μητρόπολιν
2768 1055 2946 1108 αὐτῶν
2978 1057 3280 1128 ἐπέτρεπεν
3312 1063 3575 1131 οἰκίζειν,

2139 1145 2240 1196 Ἢν
2268 1144 2374 1196 ἀπὸ
2404 1145 2623 1215 βάθρων
2655 1145 2892 1215 ἔσκαψεν
2918 1149 2945 1200 6
2974 1149 3471 1225 Ναϐουχοδονόσορ.

2205 1229 2309 1282 Τοῦ
2334 1231 2515 1302 Κύρου
2538 1234 2858 1304 τεθνηκότος
2880 1237 2934 1288 δὲ
2964 1239 3268 1311 Καμϐύσης
3291 1246 3416 1307 παῖς
3440 1245 3468 1297 6
3486 1247 3505 1276 "
3536 1244 3718 1315 Κύρου

2136 1322 2217 1373 Τὰ
2245 1322 2340 1390 τῆς
2367 1323 2543 1392 ἀρχῆς
2575 1324 2796 1390 ἐδέξατο
2825 1327 2917 1378 καί
2943 1328 3010 1379 τὰ
3039 1329 3134 1381 τοῦ
3168 1332 3406 1400 κράτους
3440 1324 3714 1406 σκῆπτρα.

2137 1413 2244 1466 Καὶ
2300 1414 2418 1482 μετ’
2454 1414 2614 1468 αὐτὸν
2645 1417 2914 1486 ἐκράτησε
2947 1420 3171 1490 Δαρείος
3210 1424 3339 1485 παῖς
3385 1423 3716 1480 Ὑστάσπου.

2138 1505 2300 1558 ’Λλλὰ
2332 1506 2438 1575 γάρ
2479 1506 2629 1572 ἄξιον
2663 1509 2839 1561 εἰπεῖν
2867 1510 3016 1573 ὅπως
3046 1512 3242 1584 συνέΰη
3279 1514 3436 1568 τοῦτο
3461 1530 3481 1549 ⁸

2222 1597 2466 1668 ’Υπῆρχε
2486 1602 2614 1661 παῖς
2631 1598 2708 1670 τῷ
2727 1599 3114 1673 βασιλεῖΚύρῳ
3143 1605 3242 1674 τὴν
3265 1604 3454 1674 κλῆσιν
3471 1607 3719 1676 Σμέρδις,

2139 1688 2444 1759 Θυμοειδὴς
2475 1691 2567 1742 καὶ
2604 1689 2887 1760 σθεναρὸς,
2919 1693 3152 1762 ἄλκιμος
3179 1697 3274 1750 καὶ
3300 1701 3565 1764 γενναῖος.

2146 1779 2332 1848 Τούτῳ
2365 1780 2671 1850 Καμϐύσης
2696 1784 2936 1850 ἐγκοτῶν
2969 1783 3044 1848 ὡς
3072 1785 3282 1857 βριαρῷ
3313 1789 3407 1852 τὰς
3441 1793 3648 1862 χεῖρας,

462 1883 538 1934 “ll
567 1882 659 1935 τοῦ
686 1881 917 1936 θανάτου
949 1885 1070 1945 ταῖς
1099 1885 1313 1945 ποιναῖς
1344 1882 1506 1937 αὐτὸν
1529 1885 1548 1913 ²
1575 1882 2001 1953 καθυπαχθῆναι
2025 1899 2038 1913 ⁸
2076 1873 2116 1926 Β
2145 1873 2267 1924 Ὅτι
2301 1873 2362 1924 τὸ
2387 1872 2542 1936 τόξον
2571 1872 2790 1944 ἴσχυσεν
2821 1877 2912 1928 ἐπὶ
2947 1878 3144 1948 μικρὸν
3173 1879 3408 1934 ἐντεῖναι

468 1973 592 2026 Τῶν
611 1975 718 2044 γὰρ
734 1974 926 2028 Λυδῶν
951 1977 1072 2037 ταῖς
1089 1973 1334 2042 γυναιξὶν
1355 1973 1579 2044 αἰσχρὸν
1599 1971 1666 2044 ἦν
1683 1976 1744 2029 τὸ
1771 1977 2006 2048 φανῆναι
2023 1977 2044 2007 ³

463 2064 720 2134 Ἀχίτωσί
751 2081 808 2116 τε
844 2066 936 2118 καὶ
969 2068 1206 2133 γυμναῖς
1240 2064 1497 2136 ἀνδράσιν
1525 2065 1850 2136 ἀλλοτρίοις.

468 2156 656 2207 Εἵλετο
685 2154 866 2225 Γύγης
899 2156 997 2226 τὴν
1037 2155 1214 2225 ζωὴν,
1248 2158 1488 2209 κτιννύει
1508 2156 1530 2186 δ
1559 2157 1650 2210 τὸν
1675 2157 1973 2228 δεσπότην,

467 2246 649 2307 Εὐθὺς
679 2247 1040 2299 ἐπαναϐαίνει
1070 2247 1125 2298 δέ
1157 2247 1292 2317 πρὸς
1324 2246 1458 2316 ὕψος
1491 2247 1790 2318 βασιλείας.

478 2337 538 2390 '0
579 2337 682 2407 πρὸ
725 2337 921 2409 μικροῦ
958 2337 1013 2392 δὲ
1045 2338 1296 2400 ταπεινὸς
1336 2339 1595 2410 ἐξαίφνης
1629 2340 1870 2410 ἀνεφάνη

465 2429 560 2494 Ἐξ
593 2431 801 2485 ἰδιώτου
830 2432 1086 2501 βασιλεὺς
1109 2471 1126 2497 ,
1157 2434 1424 2503 δεσπότης
1453 2435 1560 2487 ἀπὸ
1589 2435 1799 2488 δούλου.

542 2517 712 2584 Οὗτος
737 2524 763 2574 6
789 2522 969 2593 Γύγης
991 2564 1006 2588 ,
1039 2523 1114 2587 ὣς
1147 2542 1312 2593 φασιν
1331 2567 1346 2590 ,
1379 2527 1656 2596 εὐνούχισε
1691 2529 1988 2594 γυναῖκας,

487 2611 576 2676 Ὠς
602 2614 923 2678 νεαζούσαις
953 2618 1030 2677 εἰς
1053 2619 1074 2649 ⁸
1109 2619 1194 2669 ἀεὶ
1225 2617 1405 2688 χρῷτο
1447 2622 1573 2689 περί
1607 2620 1704 2690 τὴν
1738 2621 1907 2690 μῖξιν.

522 2705 724 2760 Τούτου
741 2706 1132 2778 τοῖιΓύγουξτῆς
1151 2713 1335 2780 σειρᾶς
1349 2711 1444 2764 καὶ
1455 2711 1707 2782 βασιλεὺς
1721 2708 1787 2784 ἦν
1800 2714 2050 2783 Κροῖσος,

477 2800 576 2850 Ὃν
605 2798 785 2868 Κῦρος
819 2800 1149 2870 ἐχειρώσατο
1183 2802 1430 2866 πεισθεὶς
1457 2806 1576 2867 ταῖς
1606 2805 1911 2876 ὑποθήκαις

472 2889 603 2951 Ταῖς
629 2889 724 2941 τοῦ
753 2891 1033 2959 προφήτου
1060 2892 1282 2963 Δανιὴλ.
1321 2893 1381 2946 Ὀ
1415 2895 1515 2964 μὲν
1549 2893 1655 2964 γὰρ
1683 2894 1875 2952 ,ἐδεδίει

472 2983 708 3050 Κροῖσον
737 2980 812 3045 ώς
845 2982 1245 3037 πολυτάλαντον
1267 3025 1280 3051 ,
1315 2986 1410 3038 καὶ
1432 2985 1658 3054 φεύγειν
1684 2987 1886 3040 ἐνενόει

472 3201 654 3256 fronte
695 3201 875 3267 hilari,
905 3203 1156 3267 delicata,
1201 3205 1354 3275 genis
1383 3205 1697 3274 purpureis.
1737 3205 1868 3276 Ejus
1897 3212 2051 3260 tanto

2151 1963 2327 2031 ὀπερ
2355 1965 2402 2016 οἱ
2431 1963 2690 2034 πρέσϐεις
2722 1966 2931 2036 ἤγαγον
2965 1971 3027 2020 ἐκ
3056 1972 3154 2040 τῆς
3187 1969 3472 2035 Αἰθιοπίας
3495 2013 3511 2037 ν

2152 2052 2358 2116 Ἀλλως
2389 2071 2449 2106 τε
2480 2055 2574 2108 καὶ
2609 2057 2930 2126 ζηλοτυπῶν
2965 2059 3028 2112 ἐκ
3061 2079 3222 2114 τινων
3252 2063 3552 2134 ὀνειράτων

2151 2147 2169 2214 (
2200 2146 2401 2199 Ἐδόκει
2435 2146 2543 2218 γὰρ
2573 2149 2629 2202 ἐν
2657 2150 2936 2219 φάσμασιν
2968 2154 3099 2223 όρᾷν
3146 2154 3586 2224 όνειροπλάστοις

2149 2236 2349 2304 Θρόνον
2377 2237 2544 2306 ἁϐρὸν
2577 2238 2851 2308 βασίλειον
2872 2284 2886 2308 ,
2923 2242 3158 2296 ἄπλετον
3187 2244 3255 2297 τὰ
3286 2245 3421 2316 πρὸς
3451 2246 3582 2318 ὕψος
3605 2287 3618 2306 .

2153 2325 2240 2379 Ἐν
2264 2327 2439 2398 τούτῳ
2460 2328 2504 2380 δ’
2541 2329 2866 2399 ἐφεζόμενον
2896 2334 2917 2363 ⁵
2951 2332 3029 2402 τῷ
3061 2333 3235 2404 θρόνῳ
3267 2335 3522 2404 λαμπρὸν
3555 2338 3728 2410 ἄνδρα.

2152 2419 2261 2471 Καὶ
2286 2417 2527 2486 ψαύοντα
2561 2423 2627 2490 τῇ
2663 2422 2874 2491 κεφαλῇ
2908 2423 3014 2474 τῶν
3049 2424 3318 2495 οὐρανίων
3350 2426 3602 2498 ἄστρων

2163 2510 2250 2573 Ὠς
2274 2511 2332 2563 δέ
2359 2529 2500 2574 τινος
2525 2512 2758 2566 ἐπύθετο
2782 2517 2925 2576 τίνος
2950 2516 2977 2567 6
3003 2515 3192 2585 θρόνος
3223 2518 3307 2586 είη
3334 2557 3349 2580 ,

2156 2603 2428 2656 Ἤκουσεν
2454 2600 2593 2656 εἰναι
2621 2605 2881 2676 Σμέρδιος
2904 2607 2962 2660 ὃν
2996 2608 3250 2680 καθορῴη
3283 2611 3502 2682 θρόνον,

2153 2695 2264 2747 Καὶ
2298 2696 2390 2747 τὸν
2419 2696 2851 2764 ἐγκαθιζάνοντα
2879 2700 2956 2769 τῷ
2984 2700 3159 2772 θρόνῳ
3193 2703 3425 2774 Σμέρδιν
3455 2701 3593 2758 εἶναι
3613 2703 3656 2774 )⁹

2167 2785 2261 2838 Ἐκ
2293 2785 2498 2840 τούτων
2525 2788 2708 2841 τοίνυν
2733 2791 2792 2842 οὐ
2827 2791 3008 2853 καλῶς
3036 2791 3302 2856 διατεθεὶς
3333 2793 3469 2864 πρὸς
3493 2794 3727 2865 Σμέρδιν

2155 2875 2473 2944 Δολοφονίας
2505 2879 2708 2948 ἧρτυσε
2735 2880 2777 2911 ¹⁰
2822 2881 2990 2950 μύσος
3026 2881 3102 2952 τῷ
3140 2883 3492 2955 ταλαιπώρῳ.

2154 2965 2292 3028 Τοὺς
2315 2967 2370 3018 δέ
2397 2965 2626 3032 πολλοὺς
2654 2969 2946 3023 ἐλάνθανεν
2976 2971 3068 3024 τοῦ
3103 2973 3363 3043 Σμέρδιος
3409 2977 3436 3027 6
3466 2975 3646 3045 φόνος.

3438 3094 3594 3154 Vers.
3623 3095 3728 3150 870

2154 3197 2343 3269 fugere
2399 3199 2694 3269 cogitabat,
2769 3203 3188 3272 prosperitatem
3254 3207 3502 3263 audaciae
3554 3209 3725 3264 (ἔτωεί

473 3293 750 3348 desiderio
779 3305 834 3348 et
861 3311 1048 3350 amore
1068 3294 1352 3366 flagrabat,
1377 3306 1436 3351 ut
1466 3295 1762 3366 aliquando
1790 3295 2045 3351 ministro
2077 3282 2123 3343 C
2157 3290 2543 3346 reformidans.
2613 3293 2811 3348 Verum
2865 3294 3125 3350 Danielus
3191 3312 3316 3353 eum
3371 3298 3730 3356 conﬁrmabat

471 3400 574 3440 suo
609 3387 677 3454 (is
709 3385 887 3456 Gyges
922 3388 1064 3457 erat)
1111 3387 1450 3442 desiderium
1489 3404 1842 3459 amoremque
1888 3404 2048 3444 suum

472 3477 828 3546 patefaceret,
870 3488 1033 3546 atque
1069 3479 1224 3532 illum
1260 3493 1371 3534 suae
1404 3480 1654 3550 conjugis
1682 3488 2048 3550 spectatorem

472 3585 594 3624 esse
648 3571 830 3633 vellet,
881 3571 1140 3636 delirans,
1196 3581 1256 3626 ut
1302 3572 1540 3638 videtur,
1573 3589 1636 3626 ac
1661 3574 1753 3628 fati
1808 3575 2050 3644 gladium

471 3671 665 3716 contra
693 3661 885 3730 seipse
909 3677 1114 3716 acuens
1144 3673 1200 3719 et
1234 3665 1300 3717 ad
1333 3665 1642 3721 laedendum
1663 3682 1719 3720 se
1750 3667 2050 3735 proritans.

473 3751 661 3820 Itaque
689 3751 890 3821 Gygem
918 3752 1224 3808 Candaules
1263 3756 1330 3809 ad
1383 3758 1605 3826 januam
1647 3757 1893 3812 occultat
1921 3759 2050 3814 :illa

476 3859 534 3896 se
559 3844 729 3907 exuit,
779 3844 925 3914 Gyge
979 3844 1046 3897 de
1125 3847 1270 3899 nuda
1336 3848 1750 3917 pulchritudine
1801 3849 2050 3918 corporis

475 3933 622 3988 hera:
653 3948 764 3987 sua:
789 3934 1124 4002 voluptatem
1151 3936 1422 4004 capiente.
1465 3937 1621 3991 Videt
1667 3939 1868 4008 Gygen]
1926 3955 2049 3992 mu-

473 4021 580 4078 lier
613 4041 626 4077 :
659 4023 739 4078 ira
771 4024 1024 4078 muliebri
1069 4027 1410 4091 accenditur,
1473 4028 1720 4081 affectam
1760 4043 1819 4082 se
1851 4030 2049 4098 injuria

473 4125 650 4185 putat,
695 4115 896 4186 Gygen:
927 4118 1175 4183 arcessit,
1206 4119 1300 4172 dat
1343 4120 1621 4187 optionem
1657 4119 1889 4178 duorum
1915 4160 1929 4183 ,
1964 4122 2048 4176 vel

475 4215 537 4260 ut
571 4207 767 4261 herum
827 4207 1104 4263 occideret
1159 4209 1441 4278 ipsamque
1474 4211 1762 4280 conjugem
1789 4227 1914 4267 cum
1950 4212 2052 4266 im-

477 4298 636 4367 perio
689 4299 1060 4365 lucrifaceret,
1119 4301 1200 4355 vel
1256 4301 1578 4357 interfectus
1643 4314 1873 4358 mortem
1937 4305 2051 4374 ipse

475 4398 779 4458 oppeteret.
821 4391 957 4446 Nam
1002 4400 1159 4461 turpe
1207 4393 1480 4464 Lydorum
1539 4395 1802 4450 uxoribus
1827 4407 1946 4452 erat
1981 4398 2052 4452 ab

475 4479 673 4535 alienis
718 4482 852 4537 viris
881 4484 1152 4554 conspici.
1198 4501 1323 4539 cum
1377 4487 1627 4542 vestibus
1673 4487 1881 4544 induta:
1939 4503 2050 4544 non

474 4580 682 4626 essent.
731 4575 836 4644 ιθ
880 4575 1057 4647 Gyges
1097 4577 1266 4631 vitam
1303 4578 1498 4648 eligit:
1538 4579 1730 4634 herum
1765 4581 2044 4636 interficit.

475 4662 668 4720 Statim
688 4667 753 4721 ad
787 4669 938 4738 regni
991 4669 1386 4725 sublimitatem
1438 4672 1712 4739 pervenit,
1769 4674 1861 4742 qui
1888 4675 2050 4745 paulo

474 4766 602 4812 ante
629 4758 857 4814 humilis
903 4769 1040 4826 erat,
1083 4763 1269 4817 subito
1315 4764 1534 4830 emicat,
1607 4765 1783 4821 factus
1820 4784 1886 4823 ex
1937 4771 2054 4838 pri-

478 4853 602 4898 vato
635 4861 752 4910 rex,
779 4847 948 4903 herus
974 4865 1005 4904 e
1027 4866 1206 4906 servo.

547 4935 648 4990 llic
673 4937 849 5009 Gyges
879 4939 1008 5008 (hoc
1035 4943 1182 4996 enim
1217 4945 1493 4999 memoriae
1523 4947 1800 5015 proditum
1835 4948 2053 5016 accepi-

479 5030 629 5100 mus)
657 5034 933 5090 castrahat
971 5037 1252 5100 mulieres,
1286 5048 1346 5091 ut
1379 5039 1461 5092 eis
1501 5053 1720 5107 semper
1745 5037 1975 5108 integris
1996 5050 2054 5093 et

477 5121 784 5192 juveneulis
822 5125 891 5181 ad
922 5142 1177 5182 venerem
1210 5139 1482 5183 uteretur.

547 5213 676 5283 Ejus
695 5215 860 5286 Gygis
881 5231 913 5271 e
942 5217 1115 5287 stirpe
1138 5217 1360 5274 Croesus
1399 5234 1494 5272 rex
1526 5228 1664 5283 erat,
1689 5234 1851 5288 quem
1878 5219 2054 5290 Cyrus

478 5305 643 5373 cepit,
703 5307 910 5362 Danieli
962 5309 1103 5362 vatis
1135 5308 1606 5363 admonitionibus
1643 5308 2051 5379 obtemperans.

480 5394 615 5450 Nam
647 5397 820 5468 Cyrus
857 5396 1105 5453 Croesum
1141 5399 1292 5453 velut
1316 5399 1636 5468 opulentum
1667 5399 1966 5465 metuebat,
1991 5413 2056 5453 ac

2154 3384 2396 3438 indicato
2428 3384 2712 3446 vaticinia,
2739 3386 2886 3456 quod
2927 3397 3054 3442 ante
3085 3389 3286 3445 multas
3342 3399 3530 3446 aetates
3562 3392 3731 3448 Isaias

2153 3475 2479 3544 protulerat.

2222 3568 2576 3625 lllustrishic
2611 3585 2705 3626 rex
2742 3572 2920 3642 Cyrus
2983 3571 3247 3635 Hebraeis,
3313 3575 3406 3642 qui
3468 3585 3620 3629 erant
3675 3577 3728 3629 in

2151 3659 2487 3726 captivitate,
2515 3660 2822 3717 libertatem
2850 3671 2933 3716 est
2960 3662 3188 3732 largitus
3212 3702 3226 3726 ,
3259 3678 3522 3718 concesso
3565 3666 3728 3719 etiam

2154 3758 2214 3802 ut
2243 3750 2486 3818 ipsorum
2537 3753 2860 3821 tnetrOpolis
2901 3760 3302 3817 exstrueretur,
3335 3769 3500 3822 quam
3537 3771 3566 3808 a
3603 3755 3729 3809 fun-

2153 3837 2423 3895 damentis
2459 3841 2968 3898 Nabuchodonosor
2993 3853 3293 3898 everterat.

2223 3931 2364 4000 Cyro
2404 3943 2642 3998 mortuo,
2694 3934 2840 3988 ﬁlius
2872 3936 2992 4004 ejus
3037 3933 3334 3999 Cambyses
3363 3950 3587 4005 regnum
3609 3952 3732 3990 cum

2155 4021 2365 4090 imperii
2394 4025 2626 4092 sceptris
2641 4025 2872 4093 accepit.
2893 4025 3022 4078 Post
3047 4037 3209 4092 quem
3245 4024 3736 4092 imperavitDarius

2154 4112 2434 4184 Hystaspis
2468 4113 2632 4170 filius.
2667 4115 2853 4170 Fuerit
2881 4125 3064 4171 autem
3098 4133 3279 4187 operae
3348 4117 3585 4188 pretium
3611 4133 3735 4171 nare

2153 4218 2278 4258 rare
2303 4203 2396 4272 qui
2431 4203 2535 4257 hoc
2564 4204 2769 4260 factum
2809 4205 2902 4260 sit.

2221 4293 2396 4364 Cyrus
2434 4310 2526 4348 rex
2565 4293 2734 4348 filium
2771 4296 3010 4351 habebat
3035 4298 3257 4353 nomine
3297 4299 3734 4364 Smerdim,ani-

2152 4400 2389 4450 mosum,
2450 4385 2758 4452 robustum,
2791 4387 3014 4450 fortem,
3049 4405 3395 4458 generosum.
3447 4391 3589 4446 Huic
3613 4404 3737 4446 suc-

2152 4477 2410 4530 censebat
2445 4475 2742 4548 Cambyses
2787 4488 2846 4534 ut
2884 4479 3094 4533 homini
3131 4480 3380 4544 robusto,
3411 4482 3557 4551 quod
3592 4497 3731 4549 pau-

2153 4567 2326 4622 lulum
2359 4570 2625 4638 potuisset
2657 4586 2843 4626 arcum
2877 4571 3124 4634 tendere,
3161 4589 3324 4643 quem
3355 4590 3420 4628 ex
3451 4573 3734 4644 IEthiopia

2157 4661 2317 4732 legati
2343 4662 2661 4728 attulerant,
2691 4664 2826 4718 alias
2871 4665 3036 4719 etiam
3065 4665 3169 4735 ipsi
3201 4675 3430 4736 propter
3464 4667 3736 4721 insomnia

2157 4754 2407 4823 quaedam
2464 4754 2732 4810 invidens.
2787 4756 2998 4826 Quippe
3046 4757 3202 4812 visus
3241 4759 3348 4812 sibi
3406 4759 3587 4813 fuerat
3639 4775 3738 4828 per

2157 4848 2398 4916 quietem
2417 4848 2610 4902 solium
2633 4848 2876 4918 elegans,
2896 4849 3132 4920 regium,
3158 4850 3448 4906 altitudine
3472 4852 3735 4906 immensa

2158 4953 2408 5005 cernere,
2447 4954 2509 4993 ac
2541 4940 2598 4993 in
2627 4953 2695 4994 eo
2730 4940 3012 4995 sedentem
3058 4941 3352 5010 quemdam
3401 4943 3584 4996 virum
3619 4942 3738 4996 illu-

2159 5041 2347 5092 strem,
2383 5031 2477 5100 qui
2524 5031 2765 5086 caelestia
2793 5031 2973 5087 sidera
2996 5034 3171 5102 capite
3185 5035 3546 5105 contingeret.
3569 5034 3736 5089 Cum-

2159 5137 2266 5190 que
2292 5122 2359 5177 de
2387 5121 2620 5191 quodam
2659 5123 3057 5193 interrogasset
3085 5125 3244 5194 cujus
3287 5134 3434 5179 esset
3464 5125 3555 5178 hic
3581 5125 3732 5178 thro-

2161 5228 2286 5277 nus,
2332 5213 2581 5266 audierat
2604 5227 2724 5268 esse
2751 5212 2947 5266 solium
2981 5213 3248 5277 Smerdis,
3281 5213 3430 5282 quod
3458 5223 3733 5270 cerneret.

2160 5311 2215 5356 et
2247 5319 2374 5357 eum
2413 5303 2506 5372 qui
2557 5303 2775 5357 sederet
2825 5305 2881 5357 in
2920 5304 3078 5368 solio,
3117 5303 3390 5360 Smerdim
3418 5321 3558 5360 esse.
3597 5305 3735 5360 Hinc

2161 5413 2291 5468 ergo
2320 5412 2429 5451 non
2481 5396 2688 5466 Optime
2729 5410 2856 5466 erga
2907 5395 3178 5452 Smerdim
3229 5399 3455 5453 fratrem
3503 5398 3734 5453 allectus

1829 5512 2034 5576 Variae
2084 5515 2418 5586 lectiones.

554 5618 601 5650 "
629 5594 1006 5688 φρενοϐλαόὦς
1032 5596 1144 5672 ΑΒ.
1253 5621 1298 5652 ’⁸
1329 5617 1420 5671 τού
1450 5620 1612 5685 φόνου
1645 5617 1710 5669 [ἶ.

1813 5617 1855 5649 ’⁷
1893 5615 2018 5685 ἔσχε
2077 5616 2120 5669 ll

2247 5617 2293 5647 ³⁸
2320 5615 2558 5686 σφοδρῶς
2589 5615 2698 5669 AB.
2775 5618 2820 5647 ”
2846 5616 3330 5686 μετακαλεῖταιῐῆ
3474 5618 3568 5669 καί
3593 5635 3738 5686 γαμο

487 5687 616 5756 ετὴν
637 5683 727 5739 καὶ
753 5690 850 5746 τὴν
877 5691 1051 5758 ἀρχὴν
1085 5689 1148 5742 ll.
1229 5693 1248 5721 ’
1283 5689 1380 5756 τὴν
1407 5683 1577 5758 τομὴν
1608 5687 1755 5756 αὐτῷ
1795 5692 1858 5746 Α.
1884 5683 2019 5756 πρήιλς
2050 5687 2225 5770 τοξικὴ)
2256 5687 2416 5770 αὐτὸν
2441 5684 2508 5770 μ’.
2586 5688 2604 5714 ⁸
2637 5683 2935 5770 ἄτοπονῇζν
2952 5690 3196 5770 ,φανῆνῇι
3228 5685 3296 5740 R.
3375 5689 3392 5716 ⁸
3438 5683 3736 5741 mima.

496 5758 559 5813 ll.
637 5757 657 5788 '
685 5759 740 5820 ἐς
772 5757 957 5813 ΑΒΗ.
1010 5762 1029 5790 ⁵
1061 5759 1350 5828 εὐτολμίας
1382 5759 1444 5811 ιι.
1477 5757 1482 5758 ί
1526 5760 1543 5788 ⁷
1568 5761 1630 5812 ἐκ
1665 5757 1728 5810 ιι.

1827 5758 1847 5787 ⁸
1878 5759 1904 5808 6
1936 5761 2062 5821 παῖς
2093 5758 2203 5810 AR.

2289 5761 2308 5784 τ’
2341 5757 2661 5826 Ξφιζόμενον
2705 5757 2766 5808 Α.
2871 5759 2916 5789 ³⁸
2949 5759 3114 5825 ἤρτυε
3146 5757 3210 5808 Β.
