4080 6206
291 343 404 411 253

327 464 401 528 Ως
427 460 522 517 οὖν
551 464 853 536 Καμϐύσης
890 464 1007 519 ἔπιε
1040 468 1130 520 τὸν
1166 468 1261 522 τοῦ
1294 469 1530 526 θανάτου
1571 472 1800 544 σκύφον,

294 558 362 608 Ui
394 555 505 607 τῶν
533 556 794 625 δωμάτων
824 558 1067 627 φύλακες
1099 560 1207 613 τῶν
1242 561 1530 631 βασιλείων
1554 567 1737 635 Μάγοι
1760 609 1776 635 ,

295 641 398 700 Ὧν
423 651 453 701 ὁ
478 649 580 717 μὲν
605 644 685 710 εἷς
712 650 933 718 ἐλέγετο
962 651 1219 722 Σμέρδις,
1245 656 1273 707 ὁ
1296 655 1343 706 δ’
1380 657 1710 728 Ἀσπαθίνης
1732 661 1798 723 ll,

289 738 387 800 Εἰς
408 740 549 806 σφᾶς
579 740 778 802 αὐτοὺς
797 740 1163 809 μεθείλκυσαν
1180 743 1241 796 τὸ
1264 746 1464 815 κράτος
1487 749 1662 802 καὶτὸ
1682 750 1867 819 κῦρος.

290 833 399 883 Καὶ
424 834 581 903 φήμη
611 834 709 900 μὲν
741 834 968 903 ἐφέρετο
994 835 1039 866 ³³
1071 836 1166 889 καὶ
1197 836 1354 904 λόγος
1383 839 1533 910 παρὰ
1562 841 1800 911 Πέρσαις

300 924 387 983 ⁶Ω;
413 925 515 992 τῆς
541 926 718 994 ἀρχῆς
745 925 848 995 τῆς
885 927 1163 998 Περσικῆς
1191 929 1348 999 ήνίας
1379 932 1490 1001 ἔχει
1516 933 1561 963 ¹³
1594 933 1825 1004 Σμέρδις
1849 974 1864 1000 ,

286 1015 452 1066 Αὐτοὶ
480 1013 527 1065 δ’
555 1016 655 1067 οὐκ
686 1011 831 1084 ἦσαν
858 1015 1066 1080 θεατοὶ,
1098 1018 1159 1071 τὸ
1184 1018 1387 1089 πλῆθος
1418 1021 1647 1084 δεδιότες
1671 1040 1685 1053 ·

283 1106 470 1173 Νόμος
500 1105 612 1173 γὰρ
650 1105 825 1174 μέγας
862 1107 1138 1177 ἄρρηκτος
1168 1111 1390 1181 ἐκράτει
1422 1111 1574 1183 παρὰ
1603 1113 1863 1183 Πέρσαις,

282 1200 400 1251 Οὖκ
426 1200 738 1271 ἐπιτρέπων
764 1201 1027 1273 ἄρχεσθαι
1050 1201 1272 1267 τούτους
1299 1202 1402 1256 ὑπὸ
1427 1202 1471 1235 ’⁸
1494 1203 1653 1257 ἄλλου
1674 1205 1864 1273 γένους

284 1292 409 1343 Οὐδ’
442 1292 588 1360 ἔχειν
620 1293 781 1345 ἄλλον
813 1295 1059 1363 κράτορα
1081 1334 1097 1358 ,
1132 1295 1265 1364 πρὶν
1296 1293 1364 1346 ἂν
1390 1295 1494 1348 ύπδ
1520 1294 1754 1349 Θανάτου

284 1382 359 1435 Τὸ
392 1384 548 1449 γένος
575 1385 634 1435 τὺ
660 1383 932 1453 βασίλειον
963 1383 1110 1437 ἅπαν
1137 1384 1487 1456 ὲκριζωθείη.

291 1474 380 1536 ’0;
410 1474 457 1528 δ’
495 1475 816 1545 ἐπεγνώσθη
852 1478 964 1539 τοῖς
991 1475 1207 1538 πολλοῖς
1238 1479 1271 1547 ἡ
1304 1479 1688 1548 κακομηχανία

282 1566 395 1617 Καὶ
418 1564 481 1617 τὸ
507 1564 618 1617 τῶν
646 1566 854 1634 Μάγων
887 1566 1105 1636 δολερὸν
1135 1569 1277 1621 κατά
1314 1568 1509 1637 μικρὸν
1538 1569 1709 1637 ἐφάνη
1734 1609 1748 1631 ,

294 1657 469 1711 Ἐπτᾶ
492 1657 716 1727 Περσῶν
739 1660 786 1711 oi
810 1657 1103 1728 πρώτιστοι
1132 1660 1270 1729 πρὸς
1295 1659 1487 1727 λόγους
1510 1660 1857 1726 συνελθόντες

276 1752 387 1804 Καὶ
418 1749 825 1819 συσκεψάμενοι
854 1750 1023 1803 πολλὰ
1053 1751 1145 1803 καὶ
1177 1734 1723 1822 παρασκευασθέντες

1431 358 1939 420 COMPENDIUM
1979 362 2461 425 CHRONICUM.

3442 366 3553 432 255

1898 476 1952 536 Α
1977 476 2127 548 ’Ἅμα
2156 479 2214 533 δὲ
2245 482 2664 536 καθιππάσαντο
2684 522 2699 545 ,
2730 482 2821 536 καὶ
2850 482 3065 553 πρῶτος
3090 484 3117 536 ό
3144 484 3369 554 Δαρείου
3395 526 3410 547 ,

1995 571 2088 624 Ἐκ
2116 575 2214 643 τῆς
2238 574 2415 644 ὀσμῆς
2444 576 2791 643 συγκινηθεὶς
2836 575 2945 628 τῶν
2973 573 3150 646 οὔρων
3183 576 3281 644 τῆς
3310 576 3553 649 θηλείας,

1979 661 2089 714 Καὶ
2118 667 2460 733 φριμαγμοῖς
2497 666 2538 697 ³⁸
2571 665 2842 735 ἐχρήσατο
2869 666 2960 719 καὶ
2988 667 3321 735 χρεμετίζων
3347 665 3524 736 ὤφθη.

1978 752 2087 804 Καὶ
2114 755 2177 805 τδ
2203 754 2389 807 καινὸν
2417 755 2509 807 καὶ
2543 754 2857 826 θαυμαστόν
2886 756 2968 809 ὅτι
3000 754 3307 827 βροντώδης
3331 753 3461 827 ῆχος

1977 845 2086 897 Καὶ
2114 847 2375 915 στεροπαὶ
2403 848 2658 915 γεγόνασι
2686 846 2996 917 θαμόοὖσαι
3022 850 3150 911 τοὺς
3181 851 3473 919 παρόντας.

1976 936 2040 988 Οἳ
2070 935 2225 988 ταῦθ’
2255 937 2331 1001 ὡς
2362 937 2676 1004 ἐθεάσαντο,
2703 939 2812 992 τῶν
2842 940 3026 993 ἵππων
3050 938 3355 1003 ἁποδάντες

1974 1029 2186 1100 Δαρείῳ
2222 1033 2656 1100 προσεκύνησαν,
2685 1033 2760 1095 ὡς
2784 1033 2904 1096 ἔθος
2930 1032 3081 1103 παρὰ
3109 1034 3367 1104 Πέρσαις.

2041 1119 2151 1189 Τῆς
2176 1117 2270 1174 οὖν
2297 1121 2473 1192 ἀρχῆς
2502 1124 2626 1185 τοὺς
2658 1122 2850 1187 οἴακας
2877 1123 3177 1191 δεξάμενος
3208 1124 3432 1192 Δαρεῖος

1972 1208 2180 1273 Πολλὰς
2207 1211 2306 1278 μὲν
2338 1213 2748 1283 προσεκτήσατο
2775 1212 2868 1266 καὶ
2898 1213 3094 1282 νήσους
3124 1209 3475 1273 ἁλικλύστους

1970 1302 2078 1354 Καὶ
2110 1301 2292 1365 πόλεις
2321 1303 2693 1374 ήπειρωτικὰς
2721 1304 2814 1358 καὶ
2844 1303 2942 1374 τὴν
2968 1303 3155 1355 Ἀσίαν
3186 1303 3365 1354 πᾶσαν

1969 1392 2206 1461 Στρατὸν
2234 1392 2290 1445 δὲ
2324 1394 2697 1464 μυριάριθμον
2728 1395 2821 1448 καὶ
2860 1394 3001 1447 κατᾶ
3030 1394 3139 1446 τῶν
3177 1393 3447 1463 Ἑλλήνων

1968 1483 2289 1553 Ἐκπέμψας
2318 1484 2695 1539 κεκινδύνευκε
2727 1488 2945 1541 πάντων
2974 1487 3091 1540 ἐκεῖ
3121 1485 3418 1539 πεσόντων.

2022 1575 2174 1628 Μετὰ
2191 1578 2413 1646 Δαρεῖον
2432 1577 2618 1630 τούτου
2642 1579 2768 1641 παῖς
2787 1576 2993 1649 Ξέρξης
3008 1576 3234 1647 Περσῶν
3249 1574 3542 1645 κατῆρξεν,

1970 1668 2063 1730 Ὃς
2082 1667 2404 1738 προσϐαλὼν
2427 1673 2537 1731 τοῖς
2555 1670 2813 1740 ’Ἓλλησιν
2830 1653 2893 1723 ἐκ
2917 1669 3022 1739 γῆς
3051 1668 3163 1722 ἀπὸ
3181 1667 3223 1700 ¹⁶
3242 1666 3539 1734 θαλάσσης,

1972 1759 2064 1812 Ἐκ
2095 1760 2387 1824 ναυτικῶν,
2428 1759 2485 1827 ἐξ
2520 1761 2762 1814 ἱπποτῶν
2782 1798 2797 1823 ,
2826 1762 2890 1813 ἐκ
2921 1761 3103 1830 πάσης
3133 1756 3378 1819 ἐπινοίας
3398 1796 3419 1821 ,

274 1841 291 1902 (
310 1838 364 1891 ’ἶ
379 1839 559 1907 πῆρχε
572 1838 619 1890 δ’
638 1834 717 1902 εἷς
740 1839 932 1893 ἐκτῶν
952 1842 1092 1893 ἑπτὰ
1109 1843 1335 1912 Δαρεῖος
1357 1845 1488 1906 παῖς
1520 1843 1852 1916 Ὑστάσπου)
1881 1824 1927 1883 Β
1959 1848 2067 1900 Καὶ
2097 1848 2189 1900 τὸν
2220 1848 2449 1919 στρατὸν
2469 1824 2514 1899 ⁷εὶ
2526 1848 2731 1902 πώλεσε
2763 1850 2858 1903 καὶ
2892 1824 3067 1918 μόνος.
3087 1848 3180 1901 ἐπὶ
3213 1845 3399 1899 πλοίου

271 1932 401 1991 Τοῖς
425 1932 640 1998 Μάγοις
674 1932 1009 1986 ἐπιτίθενται
1037 1935 1133 1987 καὶ
1163 1933 1342 2003 ξίφεσι
1366 1936 1640 1991 κεντοῦσι.

274 2021 453 2075 Πολλά
489 2022 546 2075 δὲ
578 2021 1003 2094 βουλευσάμενοι
1029 2026 1123 2078 καὶ
1156 2027 1282 2096 περὶ
1316 2025 1595 2097 βασιλείας

271 2114 346 2166 Τὸ
377 2114 689 2167 τελευταῖον
718 2115 973 2187 ἔκριναν,
1006 2112 1213 2182 οὗτινος
1232 2118 1449 2174 ,τούτων
1481 2120 1649 2181 ἵππος

269 2208 383 2276 Χρε
395 2207 646 2277 μετισμῷ
670 2209 1018 2279 χρησάμενος
1049 2212 1151 2281 πρὸ
1181 2212 1402 2266 πάντων
1429 2212 1713 2283 φωραθείη

273 2302 436 2366 ’Δρτι
468 2300 837 2369 πυρσεύοντος
870 2301 970 2372 τὴν
1005 2304 1108 2372 γῆν
1139 2303 1234 2356 τοῦ
1266 2305 1578 2375 φεραυγοῠς
1611 2305 1785 2377 ἡλίου,

270 2387 439 2454 Οὗτος
477 2392 770 2459 κατάρξειε
808 2395 1066 2461 Περσῶν,
1098 2390 1252 2460 οὗτος
1285 2400 1683 2468 ἁρχηγετήσαι.

267 2481 379 2537 Ἦν
418 2483 591 2538 ταῦτα
616 2487 683 2538 τα
718 2486 1063 2555 συνθήματα,
1098 2489 1307 2557 Δαρείῳ
1336 2490 1383 2542 δ’
1416 2492 1723 2562 ἱπποκόμος

269 2569 379 2626 Ἶιν
417 2575 601 2635 ἱκανὸς
626 2577 985 2645 τεχνάζεσθαι
1012 2578 1296 2643 τοιαύταις
1327 2581 1615 2646 ἐπινοίαις.

265 2661 441 2729 Οὗτος
471 2666 663 2735 μαθὼν
690 2669 784 2721 καὶ
812 2670 1066 2739 διαγνοὺς
1097 2672 1289 2726 ὁποίαν
1319 2673 1487 2727 ἵππον
1518 2675 1736 2747 στέργει

264 2760 393 2811 Τῶν
420 2758 596 2812 ἄλλων
626 2759 787 2812 πλέον
815 2761 1042 2813 ἁπασῶν
1069 2762 1238 2826 ἵππος
1262 2766 1290 2817 ό
1320 2763 1415 2818 τοῦ
1440 2766 1671 2835 Δαρείου
1694 2808 1706 2829 ,

264 2849 422 2902 Μετὰ
462 2850 563 2918 τὴν
594 2851 740 2919 μῖξιν
768 2854 882 2904 τοῖν
908 2853 1110 2921 ἀμφοῖν
1136 2850 1193 2906 οὗ
1202 2872 1295 2924 ρον
1320 2854 1501 2908 λαϐὼν
1532 2857 1747 2928 ἐκείνης

280 2941 379 2994 Ἐκ
412 2941 601 2995 τούτου
636 2942 951 3015 περιέχρισε
989 2944 1273 3017 μυκτῆρας
1306 2947 1430 3010 τοὺς
1450 2947 1692 3011 ἱππίους.

1953 1939 2122 2001 Μόλις
2154 1940 2340 2007 φυγῶν
2376 1941 2467 1991 καὶ
2495 1940 2715 2010 διαδρὰς
2744 1941 2985 2012 αἰσχρῶς
3019 1938 3378 1993 ὲπαλινόστει.

2022 2029 2177 2083 Μετὰ
2201 2031 2292 2081 τὸν
2325 2029 2533 2099 Ξέρξην
2560 2027 2691 2099 ἦρξε
2721 2030 2776 2083 δὲ
2812 2030 3115 2099 μακρόχειρ
3144 2022 3540 2098 ’Δρταξέρξηςν

1954 2122 2063 2174 Καὶ
2092 2120 2330 2192 καθεξῆς
2350 2123 2640 2190 γεγόνασιν
2670 2122 2821 2176 ἄλλοι
2854 2120 3037 2174 πολλοὶ
3060 2119 3401 2190 Περσάρχαι,

1955 2213 2064 2266 Καὶ
2094 2212 2202 2265 τῶν
2236 2212 2407 2265 ἐθνῶν
2435 2213 2722 2283 ὑπήγαγον
2751 2213 2819 2266 τὰ
2853 2211 3076 2266 πλείονα
3106 2211 3343 2285 δουλείᾳ,

1956 2304 2101 2366 Ἕως
2139 2302 2486 2373 Ἀλέξανδρος
2519 2303 2692 2356 ἐλθὼν
2718 2305 2746 2357 ό
2772 2302 3038 2356 Μακεδὼν
3071 2304 3100 2355 ό
3136 2302 3309 2372 μέγας

1955 2395 2179 2465 Περσῶν
2212 2395 2523 2467 παρέλυσεν
2551 2396 2749 2466 ἀρχὴν,
2779 2392 2887 2448 εἷλε
2916 2395 2958 2425 ¹τ
2996 2395 3092 2465 τὴν
3118 2395 3461 2461 δυναστείαν,

1955 2485 2047 2548 Εἰς
2081 2484 2177 2555 ἐτη
2210 2485 2575 2557 διαρκέσασαν
2609 2488 2716 2539 άπδ
2748 2485 2841 2539 τοῦ
2870 2486 3088 2556 πρώτου
3118 2487 3303 2558 Κύρου

1956 2578 2049 2639 Δὶς
2084 2578 2280 2630 ἑκατὸν
2318 2579 2413 2630 καὶ
2449 2578 2544 2629 σὺν
2580 2578 2761 2640 αὐτοῖς
2789 2579 2870 2639 είς
2902 2577 3068 2646 ἔτερα
3092 2577 3212 2648 τρὶς
3246 2577 3378 2631 δέκα

1971 2667 2058 2727 Ὠς
2087 2670 2145 2719 ὲν
2178 2669 2289 2730 τοῖς
2315 2667 2515 2738 βίϐλοις
2542 2667 2766 2737 φέρεται
2793 2667 2903 2721 τῶν
2934 2667 3463 2736 παλαιγενεστέρων.

2031 2753 2198 2822 Οὗτος
2232 2759 2456 2829 Περσῶν
2484 2761 2807 2830 ἐκράτησεν,
2842 2763 2996 2823 ουτος
3034 2761 3210 2815 Ἰνδῶν
3247 2762 3506 2831 κατῆρξε,

1955 2850 1999 2902 Τ
2000 2850 2142 2920 ούτῳ
2175 2850 2635 2922 καθυπετάγησαν
2665 2853 2833 2923 Συρία
2868 2855 2962 2907 καὶ
2993 2855 3213 2925 Φοινίκη

1957 2945 1999 2995 ιι
2010 2943 2067 2995 αἱ
2088 2945 2197 2997 πᾶν
2221 2942 2373 3006 ἔθνος
2394 2945 2489 2997 καὶ
2508 2945 2688 3015 πάσης
2712 2944 2815 3014 γῆς
2836 2944 3118 3016 χωράρχαι
3140 2947 3233 2999 καὶ
3261 2947 3534 3017 σατράπαι

3238 3056 3394 3112 Vers.
3427 3056 3535 3112 926

257 3168 669 3226 fraudulentam
702 3186 891 3228 necem
920 3173 1125 3230 infelici
1173 3174 1525 3229 moliebatur.
1549 3176 1847 3246 Postquam
1872 3162 1916 3221 (ἶ
1946 3183 2104 3238 equa:
2136 3168 2296 3223 urina
2326 3183 2487 3224 nares
2515 3169 2662 3238 .equi
2698 3168 2798 3223 hac
2842 3169 3043 3238 passim
3079 3168 3314 3223 inunxit.
3351 3169 3527 3239 Equi-

258 3276 396 3316 ιιι-ο
421 3260 721 3334 Cambyses
746 3264 941 3320 mortis
970 3264 1224 3332 poculum
1249 3265 1540 3332 ebibisset,
1584 3267 1722 3338 Magi
1749 3268 1846 3338 qui

262 3353 543 3423 regiarum
594 3354 796 3409 aedium
856 3356 1116 3412 custodes
1183 3365 1364 3420 erant,
1412 3373 1648 3427 quorum
1704 3374 1849 3414 unus

255 3442 562 3497 vocabatur
598 3443 879 3509 Smerdes,
935 3447 1076 3501 alter
1128 3445 1443 3517 Spathines,
1493 3448 1560 3501 ad
1601 3463 1661 3503 se
1699 3450 1848 3517 ipsos

254 3533 558 3603 imperium
589 3541 646 3589 et
697 3536 1094 3591 auctoritatem
1129 3537 1442 3593 trahebant.
1493 3537 1628 3593 Nam
1681 3538 1847 3608 vulgo

253 3625 448 3678 (aedes
493 3623 739 3681 Smerdis
787 3634 911 3683 erat
940 3627 1240 3698 incognita.
1280 3628 1352 3683 Et
1382 3644 1574 3682 rumor
1623 3628 1844 3699 quidem

252 3716 556 3771 hominum
600 3731 875 3774 sermone'
908 3720 1214 3785 ferebatur,
1260 3720 1478 3789 imperii
1505 3720 1711 3778 Persici
1743 3739 1845 3793 gu-

253 3805 565 3860 bernacula
622 3805 892 3862 Smerdim
928 3806 1129 3863 habere
1162 3824 1177 3862 :
1215 3822 1408 3862 verum
1442 3807 1546 3877 ipsi
1581 3824 1691 3862 non
1721 3823 1844 3863 cer-

256 3897 561 3962 nebantur,
596 3907 659 3952 ut
686 3898 780 3968 qui
806 3899 1005 3969 vulgus
1036 3907 1370 3954 metuerent.
1401 3899 1617 3963 Etenim
1648 3916 1846 3969 magna

254 3991 347 4044 lex
385 3998 443 4046 et
473 3990 808 4046 inviolabilis
852 3991 995 4060 apud
1025 3990 1224 4046 Persas
1261 3992 1501 4057 valebat,
1548 4008 1668 4062 quae
1694 3992 1847 4062 ipsos

258 4081 333 4135 ab
362 4080 471 4136 alia
499 4081 707 4136 familia
735 4081 1035 4152 gubernari
1067 4089 1299 4147 vetaret,
1320 4096 1423 4136 nec
1444 4081 1649 4136 habere
1679 4082 1846 4136 vellet

258 4173 429 4226 alium
466 4188 674 4241 regem,
712 4173 1035 4243 priusquam
1069 4182 1245 4229 morte
1300 4173 1448 4243 regia
1489 4173 1697 4228 familia
1731 4181 1844 4228 tota

256 4266 562 4333 exstirpata
596 4264 766 4320 foret.
808 4264 947 4320 Cum
1000 4274 1185 4321 autem
1223 4266 1339 4320 haec
1396 4265 1610 4321 molitio
1645 4264 1841 4321 loreta

260 4353 518 4421 pluribus
547 4352 935 4409 animadversa
968 4362 1026 4408 et
1055 4368 1340 4425 magorum
1375 4352 1526 4407 fraus
1549 4353 1841 4423 patefacta,

262 4444 369 4515 19
397 4453 610 4515 septem
632 4445 929 4501 Persarum
948 4444 1226 4515 principes
1258 4443 1684 4516 adgcolloquium
1713 4459 1845 4499 con-

257 4538 461 4604 gressi,
493 4551 664 4607 reque
697 4536 936 4591 multum
962 4536 1266 4591 deliberata
1293 4545 1351 4591 et
1377 4541 1674 4592 constituta
1699 4535 1843 4608 (erat

256 4637 442 4680 autem
477 4643 620 4682 unus
649 4643 717 4683 ex
737 4637 947 4698 septem
972 4627 1111 4682 viris
1143 4625 1425 4699 Hystaspis
1451 4624 1620 4696 ﬁlius)
1658 4626 1838 4698 Magos

258 4718 590 4773 aloriuntur
636 4734 848 4788 eosque
878 4719 1072 4789 gladiis
1112 4719 1398 4775 occidunt.
1456 4719 1647 4776 Multis
1706 4735 1842 4775 vero
1886 4779 1891 4783 ,

1951 3264 2143 3319 labant
2174 3267 2285 3336 jam
2315 3281 2445 3331 una,
2477 3281 2602 3321 eum
2650 3265 2864 3335 primus
2915 3264 3060 3319 Darii
3129 3280 3307 3334 equus
3361 3266 3533 3319 odore

1953 3364 2137 3410 motus
2179 3356 2352 3410 urina:
2382 3356 2451 3409 ab
2505 3370 2647 3424 equa
2682 3364 2926 3423 excepta:
2981 3354 3198 3407 hinnitu
3239 3357 3293 3408 in
3356 3353 3533 3407 oculis

1948 3446 2196 3500 omnium
2213 3447 2291 3499 uti
2313 3445 2499 3514 cmpit.
2524 3444 2832 3499 Accedebat
2859 3458 2946 3498 res
2966 3458 3106 3497 nova
3129 3453 3186 3498 et
3203 3443 3362 3499 mira.
3382 3444 3531 3513 quod

1950 3534 2189 3589 tonitrua
2236 3534 2576 3603 fulminaque
2615 3543 2809 3589 exorta
2863 3543 3163 3603 praesentes
3208 3533 3531 3603 obstupefa-

1949 3621 2193 3676 ciebaut.
2233 3620 2360 3686 Qui,
2398 3621 2530 3675 visis
2556 3620 2664 3682 his,
2697 3620 2882 3675 statim
2909 3635 2977 3674 ex
3010 3620 3170 3690 equis
3191 3619 3399 3690 delapsi
3425 3619 3530 3674 Da-

1948 3711 2094 3767 rium
2130 3726 2282 3766 more
2316 3711 2538 3765 Persico
2563 3709 2890 3765 adurebant.

2015 3805 2204 3874 Itaque
2239 3803 2392 3873 regni
2415 3801 2789 3873 gubernacula
2827 3815 2951 3855 cum
2970 3799 3170 3855 Darius
3197 3799 3526 3869 accepisset.

1946 3896 2148 3950 multas
2178 3880 2459 3964 adj'ccitci
2514 3894 2650 3947 mari
2703 3891 2916 3947 cinctas
2974 3892 3181 3945 insulas
3239 3900 3297 3945 et
3362 3891 3530 3945 urbes

1946 3986 2003 4041 in
2030 3984 2338 4042 continenti
2365 3983 2661 4055 Asiamque
2697 3991 2888 4037 totam.
2929 3981 3180 4050 Cumque
3227 3981 3416 4050 copias
3440 3980 3527 4032 in-

1947 4075 2131 4132 ﬁnitas
2161 4076 2326 4132 etiam
2366 4074 2634 4130 adversus
2670 4073 2892 4129 Graecos
2927 4071 3225 4133 emisisset,
3269 4070 3528 4124 damnum

1942 4166 2162 4236 accepit
2204 4164 2468 4223 omnibus
2511 4163 2840 4219 interfectis.

2013 4257 2143 4312 Post
2167 4255 2388 4310 Darium
2422 4255 2569 4311 illius
2595 4255 2713 4326 ejus
2750 4253 2962 4310 Xerxes
3004 4252 3187 4309 Persis
3212 4248 3528 4321 imperavit,

1943 4348 2036 4416 qui
2063 4346 2283 4403 (ἔτερος
2309 4356 2453 4401 terra
2480 4346 2729 4416 marique
2749 4360 3040 4417 aggressus
3063 4344 3240 4414 copiis
3270 4341 3533 4409 nauticis,

1946 4437 2325 4508 equestribus,
2348 4436 2607 4493 omnibus
2625 4437 2865 4508 denique
2893 4435 3186 4493 conatibus
3217 4444 3273 4490 et
3289 4432 3524 4495 viribus,

1947 4529 2250 4584 exercitum
2297 4528 2503 4596 amisit,
2528 4536 2585 4584 et
2638 4544 2763 4585 cum
2814 4531 2968 4586 solus
3016 4528 3075 4583 in
3130 4525 3385 4582 navicula
3441 4524 3533 4579 vix

1946 4619 2250 4691 effugisset,
2294 4621 2518 4677 domum
2553 4621 2793 4691 turpiter
2817 4621 3004 4677 rediit.

2014 4715 2146 4770 Post
2183 4714 2421 4772 Xerxem
2441 4717 2734 4788 imperavit
2773 4717 3104 4773 Artaxerxes
3132 4714 3526 4786 Longimanus,

256 4808 508 4864 consiliis
537 4810 608 4864 de
634 4824 809 4881 regno
836 4809 1043 4865 habitis
1081 4810 1303 4866 tandem
1352 4818 1628 4867 statuunt.
1681 4812 1842 4882 cujus
1938 4822 2004 4862 ac
2035 4807 2298 4877 deinceps
2322 4808 2657 4865 exstiterunt
2691 4807 2785 4864 alii
2826 4808 2986 4863 multi
3016 4808 3309 4863 Persarum
3337 4822 3518 4877 reges,

257 4911 331 4950 ex
370 4897 505 4966 ipsis
527 4914 709 4968 equus
745 4909 875 4954 ante
917 4915 1108 4956 omnes
1138 4899 1360 4955 hinnitu
1411 4900 1492 4955 uti
1527 4901 1864 4970 deprehen-_
1936 4900 2292 4972 gentiumque
2331 4903 2625 4958 nonnullas
2680 4903 2737 4957 in
2771 4901 3094 4957 servitutem
3152 4899 3506 4970 redegerunt,

253 4988 746 5054 derctur,,recens
774 4991 996 5047 lucente
1060 5007 1228 5062 supra
1280 5001 1482 5048 terram
1541 4993 1655 5048 sole
1701 4993 1842 5049 lucis

253 5088 509 5142 auctore,
534 5095 659 5135 cum
679 5082 914 5152 imperio
942 5081 1238 5139 Persarum
1266 5083 1434 5153 potiri
1456 5082 1683 5140 debere.
1708 5084 1844 5139 Pro-

253 5170 534 5226 bahantur
570 5174 686 5229 haec
719 5182 896 5245 pacta.
928 5176 1093 5230 Dario
1129 5186 1352 5231 curator
1413 5191 1687 5246 equorum
1719 5187 1842 5231 erat

253 5259 500 5317 idoneus
528 5263 599 5318 ad
633 5264 952 5335 huiusmodi
1000 5280 1091 5322 res
1126 5266 1360 5321 solerter
1417 5264 1758 5321 elIiciundas.
1790 5264 1840 5319 Is

248 5367 387 5405 cum
427 5354 907 5413 animadvertisset
961 5371 1126 5426 quam
1166 5367 1379 5413 amaret
1428 5371 1626 5424 equam
1667 5371 1835 5426 supra

1945 4991 2128 5047 donec
2160 4993 2313 5047 venit
2343 5008 2576 5064 magnus
2593 4993 2683 5049 ille
2703 4992 3061 5048 Macedonum
3087 5006 3182 5046 rex
3196 4990 3521 5051 Alexander.

1941 5094 1998 5139 et
2021 5099 2219 5139 everso
2248 5085 2537 5140 Persarum
2569 5084 2802 5155 imperio
2836 5097 3067 5153 regnum
3089 5081 3524 5145 administravit,

1942 5174 2089 5244 quod
2121 5191 2153 5229 a
2177 5176 2360 5245 primo
2412 5175 2555 5247 Cyro
2584 5175 2841 5232 ducentis
2865 5189 2930 5231 ac
2959 5181 3227 5244 praeterea
3256 5172 3524 5230 tredecim

1943 5266 2105 5332 annis
2133 5267 2457 5323 duraverat.

2008 5357 2255 5429 Subjecit
2271 5359 2361 5414 hic
2385 5359 2490 5413 sibi
2508 5359 2705 5413 Persas
2731 5372 2747 5422 ;
2780 5356 3073 5427 imperavit
3101 5355 3251 5411 Indis
3273 5370 3290 5421 ;
3315 5353 3528 5410 obtem-

250 5450 493 5500 czieras
515 5460 692 5516 equus
723 5447 1261 5518 Darii,acongressu
1295 5448 1578 5503 amborum
1610 5455 1835 5519 accepta
1937 5449 2205 5519 perabant
2251 5452 2301 5506 ei
2351 5451 2526 5523 Syria,
2593 5449 2896 5514 Phoenicia,
2925 5448 3131 5520 quaevis
3182 5447 3290 5503 alia
3348 5444 3522 5512 natio,

1606 5570 1804 5632 Varim
1827 5570 2159 5634 lectiones.

317 5707 363 5793 τ
396 5708 644 5793 ξμέρδης.
664 5712 762 5793 μεν
796 5709 873 5772 εἷς
904 5713 1623 5793 ἐλέγετοιότόχἋσπαθίνης
1667 5714 1824 5780 ἄλλος
1849 5716 1959 5771 ιιιι.
2035 5722 2078 5752 ¹²
2122 5721 2337 5791 ἐλέγετο
2371 5722 2438 5779 R.
2517 5723 2559 5755 ⁸³
2582 5718 2693 5793 εἶχε
2722 5723 2786 5776 Α.
2864 5724 2907 5758 ³⁸
2937 5718 3067 5789 παρ’
3088 5717 3153 5771 Αο
3232 5713 3276 5748 ⁸³
3305 5729 3518 5786 φρυ²Υ⁶

244 5780 383 5841 μοῖς
406 5775 470 5833 Β.
509 5775 729 5834 ἠ’ἀπό
752 5798 804 5833 το
838 5783 927 5835 καὶ
959 5775 1023 5837 li:
1108 5784 1147 5815 ⁸⁷
1180 5779 1312 5854 ἦρξε
1341 5783 1452 5838 ΑΒ.
