4080 6206
502 324 610 393 2ξὸ

1638 319 2143 383 CONSTANTINI
2183 316 2562 381 MANASSIS

3643 312 3754 376 256

516 438 638 501 ’A7f
664 436 845 505 ἄκρων
866 434 972 487 τῶν
998 430 1298 486 Ἀνατολῶν
1350 432 1509 502 μέχρι
1562 432 1792 501 Δυσμῶν
1817 433 2079 503 ἐσχάτων.
2112 433 2153 487 Β
2185 429 2329 482 Ἀλλ’
2357 424 2423 499 ἦν
2452 426 2628 492 οὐδὲν,
2664 423 2740 490 ὡς
2774 423 2940 489 ἔοικε,
2973 423 3202 496 μόνιμον
3231 419 3289 477 ἒν
3314 421 3390 494 τῷ
3420 422 3543 495 βίῳ,

519 528 607 591 Ὠς
641 527 697 579 δὲ
740 529 833 579 καὶ
873 525 1059 578 τοῦτον
1102 525 1390 594 ἄνθρωπον
1428 524 1555 577 ὄντα
1589 525 1783 596 θνητὸν
1816 527 1882 596 τῇ
1915 525 2075 594 φύσει

520 618 719 688 Ἐχρῆν
751 618 810 670 τὸ
837 616 1010 687 χρέως
1039 617 1135 685 τῆς
1169 616 1365 684 θνητῆς
1395 617 1610 686 φύσεως
1651 617 1965 681 ἀποδοῦναι,

507 710 800 780 Φάρμακον
828 710 926 777 μὲν
958 709 1327 762 συσκευασθὲν
1358 709 1523 779 γῆθεν
1557 710 1718 763 αὑτὸν
1746 711 2003 781 ἁρπάζει,

507 803 582 854 Τὸ
614 802 670 854 δὲ
699 801 955 855 τοσοῦτον
989 800 1216 870 μέγεθος
1247 801 1411 855 αὑτοῦ
1446 804 1544 872 τῆς
1577 804 1856 873 βασιλείας

510 894 602 955 Εἰς
629 894 760 945 δέκα
788 892 1163 963 μεταϐέϐηκεν
1189 894 1388 964 ἄνδρας
1414 896 1867 964 εὐτολμοτάτους,

510 982 632 1034 Τῶν
673 982 1023 1053 Ἀλεξάνδρου
1054 984 1257 1054 δηλαδὴ
1291 987 1416 1048 τοὺς
1449 985 1695 1057 πρώτους
1724 988 2041 1059 δορυφόρων
2062 1029 2077 1055 ,

507 1071 877 1143 Κατατμηθὲν
908 1073 1002 1126 καὶ
1034 1073 1293 1143 μερισθὲν
1319 1077 1399 1138 είς
1423 1076 1552 1129 δέκα
1586 1076 1899 1149 διαιρέσεις.

522 1162 584 1217 '0
610 1165 714 1234 μὲν
746 1164 855 1236 γὰρ
887 1165 1173 1236 ἐκυρίευσε
1203 1168 1403 1238 Συρίας
1438 1170 1528 1222 καὶ
1556 1171 1808 1239 Φοινίκης
1835 1210 1850 1233 ,

518 1255 579 1308 '0
608 1256 665 1310 δὲ
707 1255 944 1328 κατῆρξε
971 1257 1075 1328 γῆς
1104 1259 1146 1291 ¹⁸
1179 1258 1410 1329 Θρᾳκῶν
1432 1301 1445 1326 ,
1474 1261 1630 1324 ἄλλος
1663 1262 2046 1331 Παφλαγονίας
2066 1306 2080 1329 ,

521 1346 676 1401 Ἀσία
703 1347 748 1402 δ’
776 1348 936 1404 ἄλλον
967 1348 1182 1420 ἔλαχεν.
1226 1349 1283 1404 Ὀ
1317 1352 1370 1404 δέ
1403 1369 1465 1420 γε
1497 1354 1827 1422 Πτολεμαῖος

511 1438 624 1508 Τὴν
655 1438 760 1511 γῆν
788 1441 1179 1512 ἐσφετερίσατο
1211 1443 1370 1514 μόνος
1408 1447 1506 1514 τὴν
1534 1447 1632 1514 τῆς
1660 1447 1964 1514 Αἰγύπτου.

510 1527 601 1594 Ἐξ
627 1523 687 1583 οῦ
717 1530 813 1584 καὶ
841 1530 1005 1584 πάλιν
1026 1533 1300 1602 Αἴγυπτος
1326 1535 1482 1604 ἔσχεν
1502 1536 1676 1607 ἀρχὴν
1701 1538 1795 1592 τοῦ
1825 1558 1856 1591 κ
1865 1542 2082 1612 ράτους.

512 1619 714 1673 Τοῦτον
749 1622 975 1695 ἡμέροις
1020 1625 1247 1696 ἔϐλεψεν
1280 1629 1313 1698 ἡ
1353 1628 1489 1700 τύχη
1520 1634 1630 1693 τοῖς
1663 1631 1976 1704 βλεφάροις,

512 1711 624 1797 καὶ
658 1715 765 1767 πᾶν
798 1714 976 1787 ἀπέϐη
1009 1716 1151 1771 κατά
1178 1718 1301 1772 νοῦν
1331 1721 1504 1792 τούτῳ
1546 1723 1622 1791 τῷ
1658 1724 1974 1797 Πτολεμαίῳ
1998 1745 2012 1759 ο

514 1796 683 1866 Οὗτος
711 1806 1020 1879 κατέδραμε
1049 1811 1260 1864 πολλῶν
1286 1814 1480 1883 χωρῶν
1507 1817 1601 1870 καὶ
1628 1796 2012 1888 Παλαιστίνης,

514 1892 625 1946 Καὶ
654 1894 845 1965 γέγονε
888 1899 1229 1971 πολύχρυσος
1248 1942 1264 1964 ,
1296 1906 1389 1958 καὶ
1420 1905 1620 1974 βρίθων
1650 1903 1717 1979 ἦν
1742 1909 1817 1979 τῷ
1847 1911 2083 1984 πλούτῳ.

512 1984 576 2036 Οί
606 1986 745 2053 μετὰ
773 1988 964 2043 τοῦτον
993 1991 1281 2063 τοιγαροῦν
1311 1996 1682 2065 κατάρξαντες
1718 1999 2014 2068 Αίγύπτου,

512 2074 624 2143 Τὴν
657 2076 828 2148 τύχην
857 2081 952 2134 καὶ
983 2082 1083 2153 τὴν
1118 2084 1372 2140 εῦκλειαν
1409 2088 1698 2157 ζηλοῦντες
1725 2092 1824 2163 τὴν
1851 2093 2085 2164 ἐκείνου,

511 2165 811 2221 Καλεῖσθαι
842 2169 1042 2235 πάντες
1076 2174 1268 2245 ἤθελον
1295 2178 1358 2230 ὲκ
1391 2180 1584 2234 τούτου
1617 2183 1964 2253 Πτολεμαῖοι.

511 2255 620 2309 Τοῦ
648 2256 867 2328 πρώτου
908 2261 1244 2334 Πτολεμαίου
1280 2267 1337 2322 δὲ
1368 2269 1457 2322 τὸν
1489 2269 1605 2340 βίον
1633 2272 1946 2340 ἐκλιπόντος

514 2345 620 2401 Τὸν
650 2352 769 2420 μετ’
798 2352 962 2433 αὐτὸν
987 2355 1315 2426 Φιλάδελφον
1346 2360 1578 2433 ἐπίκλην
1609 2366 1946 2437 Πτολεμαῖον

512 2440 786 2510 Αἴγυπτος
812 2443 970 2516 ἔσχεν
1000 2449 1274 2518 ἀρχηγὸν,
1310 2451 1370 2514 ὃς
1404 2453 1619 2524 πρῶτος
1649 2456 1916 2526 βασιλέων

513 2533 627 2603 Τὴν
649 2535 999 2609 Ἀλεξάνδρου
1027 2540 1237 2594 τέθεικε
1279 2542 1478 2613 βίϐλων
1511 2546 1721 2601 πολλῶν
1750 2551 1963 2621 μητέρα
1981 2570 1996 2586 ι

512 2623 976 2696 Ἀπειραρίθμους
994 2629 1102 2700 γάρ
1128 2647 1289 2700 φασιν
1315 2633 1530 2702 βίϐλους
1554 2637 1716 2692 αὑτὸν
1743 2640 2014 2711 ἀθροῖσαι,

514 2715 611 2778 Εἰς
643 2716 768 2781 ὅλας
802 2720 1215 2791 τεσσαράκοντα
1245 2724 1557 2793 φθανούσας
1589 2730 1874 2800 μυριάδας.

514 2803 643 2878 Εἶχε
679 2809 776 2877 μὲν
802 2809 977 2875 οὕτως
1003 2812 1244 2883 εὐτυχῶς
1270 2816 1330 2870 τὸ
1358 2819 1693 2888 Πτολεμαῖον
1719 2825 1760 2857 ¹⁹
1792 2828 2013 2894 κράτος.

513 2898 626 2953 Καὶ
655 2900 817 2954 πάλιν
850 2897 997 2975 εἶχεν
1022 2904 1299 2974 Αἴγυπτος
1332 2908 1585 2965 εὔκλειαν
1615 2913 1917 2984 βασιλείας.

518 3147 689 3203 totius
716 3156 874 3208 terrae
893 3152 1242 3224 principesac
1252 3166 1504 3231 satrapae,
1522 3161 1592 3217 ab
1606 3172 1854 3221 extremo
1872 3169 2087 3227 oriente

518 3254 693 3309 usque
722 3242 788 3296 ad
818 3259 1074 3303 occasum
1121 3248 1274 3306 solis.
1304 3249 1440 3306 Cum
1473 3262 1656 3313 autem
1704 3258 1835 3314 huic
1897 3262 2087 3328 etiam,

514 3334 611 3409 qui
635 3345 781 3391 esset
806 3336 971 3393 homo
994 3348 1188 3397 natura
1204 3343 1474 3409 mortalis.
1500 3349 1923 3417 persolvendum
1947 3353 2089 3411 foret

516 3436 725 3483 naturae
776 3431 1024 3488 mortalis
1074 3433 1344 3503 debitum,
1397 3454 1673 3498 venenum
1720 3455 1972 3513 paratum
2018 3463 2088 3503 ex

517 3516 605 3572 bis
628 3533 755 3574 eum
787 3522 950 3578 terris
983 3526 1146 3592 rapit.
1180 3526 1351 3585 Tanta
1407 3545 1542 3586 vero
1593 3535 1913 3603 magnitudo
1936 3538 2089 3608 regni

513 3609 637 3679 ejus
678 3610 747 3666 ad
768 3610 958 3669 decem
988 3615 1138 3673 viros
1156 3615 1487 3675 fortissimos
1512 3625 1751 3688 transiit,
1787 3627 1880 3694 qui
1926 3628 2091 3694 primi

515 3699 738 3754 fuerant
772 3701 1065 3756 Alexandri
1107 3707 1391 3762 satellites.
1438 3710 1647 3765 [lorum
1696 3729 1838 3769 unus
1882 3718 2088 3784 potitus

517 3797 604 3843 est
634 3788 789 3860 Syria
816 3801 873 3846 et
895 3791 1194 3860 Phoenice;
1220 3795 1360 3851 alius
1382 3797 1794 3873 imperavitzo
1826 3804 1880 3859 in
1913 3805 2089 3862 Thra-

517 3876 625 3940 cia,
653 3876 797 3931 alius
815 3878 872 3931 in
900 3878 1269 3950 Paphlagonia
1291 3900 1304 3949 ;
1323 3883 1491 3939 alium
1511 3876 1640 3942 Asia
1668 3901 2088 3951 consecutaest:

517 3968 847 4025 Ptolemzcus
906 3971 1057 4028 solus
1114 3970 1411 4045 Egyptum
1451 3978 1508 4033 in
1562 3988 1888 4048 potestatem
1936 4002 2092 4043 suam

519 4058 751 4129 redegit.
811 4058 944 4119 lude
1008 4076 1203 4123 rursus
1237 4064 1452 4135 imperii
1513 4069 1847 4140 principium
1900 4074 2093 4133 habuit

517 4150 801 4223 (Egyptus.
860 4154 1020 4210 Hunc
1083 4154 1303 4214 blandis
1359 4160 1569 4230 aspexit
1616 4164 1794 4220 oculis
1850 4166 2090 4225 fortuna.

518 4240 709 4311 Itaque
745 4257 872 4299 cum
929 4244 1066 4305 alias
1112 4246 1366 4318 regiones
1393 4258 1505 4307 tum
1567 4251 1906 4310 Palaestinam
1936 4274 2092 4327 pera-

517 4332 716 4400 gravit,
746 4342 803 4387 et
833 4349 1082 4415 magnam
1121 4337 1232 4393 vim
1266 4340 1387 4395 auri
1428 4357 1709 4413 opumque
1753 4358 1947 4404 nactus
1985 4361 2091 4406 est.

2115 3093 2167 3153 ο

2177 523 2251 574 Οὐ
2285 519 2512 583 πλοῦτος
2532 559 2546 583 ,
2576 519 2636 572 οὐ
2671 517 2942 587 βασίλειον
2976 518 3211 590 κράτος,
3242 518 3302 572 οὐ
3341 517 3657 575 δυναστεία.

2179 613 2322 681 Πρὸς
2342 613 2451 682 γὰρ
2475 613 2586 674 τοῖς
2613 610 2796 674 ἄλλοις
2821 609 3090 681 κράτορσι
3108 610 3209 679 τῆς
3230 608 3415 681 χώρας
3442 609 3756 676 Αἰγυπτίων

2179 703 2290 757 Καὶ
2324 702 2647 772 Κλεοπάτρα
2675 701 2882 789 βασιλὶς
2915 700 3192 770 Αἰγύπτου
3221 704 3478 770 γεγονυῖα
3500 704 3546 735 ¹⁰

2180 793 2276 848 Ἐκ
2307 796 2487 861 δεξιᾶς
2527 794 2841 864 Ῥωμαῖκῆς
2868 793 2932 848 τὸ
2960 793 3165 863 κράτος
3207 794 3466 866 ἀφῃρέθη
3492 834 3509 860 ,

2181 887 2290 940 Τοῦ
2319 888 2593 957 Καίσαρος
2621 885 2713 941 τοῦ
2746 884 3012 941 σεϐαστοῦ
3040 886 3199 957 τήνδε
3230 888 3668 957 χειρωσαμένου.

2182 979 2493 1034 Κάντεῦθεν
2516 980 2559 1011 ¹¹
2592 978 2757 1033 πάλιν
2793 978 3027 1051 ἐρρευσε
3066 979 3135 1032 τὰ
3173 979 3273 1050 τῆς
3303 978 3584 1049 Αἰγύπτου
3626 980 3764 1050 σκῆ-

3552 1069 3727 1144 [πτρα
3746 1110 3762 1135 ι

2185 1163 2275 1216 Ἐν
2306 1163 2483 1217 ἐτεσιν
2513 1162 2830 1233 ἀνθήσαντα
2862 1160 2958 1217 καὶ
2987 1161 3126 1233 πρὸς
3152 1160 3339 1230 ἀκμὴν
3371 1161 3597 1217 ἐλθόντα

2186 1255 2310 1320 Τοῖς
2335 1256 2477 1318 ὅλοις
2506 1256 2836 1325 ἐνενήκοντα
2857 1255 2905 1286 ’⁸
2933 1255 3072 1325 πρὸς
3096 1258 3210 1319 τοῖς
3237 1255 3557 1320 διακοσίοις.

2187 1345 2261 1398 Οὐ
2295 1345 2464 1415 μόνην
2491 1344 2547 1397 δὲ
2571 1344 2672 1414 τὴν
2699 1344 2973 1413 Αίγυπτον
2996 1339 3142 1398 εἷλον
3177 1346 3467 1414 Ῥωμαίων
3490 1348 3694 1418 χεῖρες,

2188 1438 2349 1493 Ἀλλὰ
2384 1437 2477 1491 καὶ
2503 1436 2800 1508 σύμπασαν
2828 1437 2964 1508 ὁμοῦ
2993 1439 3091 1508 τὴν
3123 1438 3229 1491 ὑπὸ
3256 1439 3357 1507 τὴν
3383 1440 3639 1511 σελήνην.

2261 1529 2371 1581 Καὶ
2404 1527 2579 1580 ταῦτα
2605 1527 2704 1597 μὲν
2731 1526 2809 1589 ὡς
2839 1526 3061 1581 δυνατὸν
3094 1527 3380 1597 ἱστόρηται
3409 1526 3487 1596 τῷ
3516 1527 3662 1598 λόγῳ

2189 1618 2593 1689 Ἐπιδρομάδην
2622 1618 2715 1671 καὶ
2745 1618 2956 1686 σαφῶς,
2986 1616 3061 1680 ὡς
3091 1617 3328 1687 ἐμαυτὸν
3357 1618 3647 1687 συμπείθω
3672 1634 3686 1650 ⁶

2120 1760 2161 1817 Β
2192 1710 2477 1781 Προσῆκον
2500 1710 2545 1763 δ’
2579 1709 2765 1780 ἔμοιγε
2794 1709 2961 1775 δοκεῖ,
2989 1708 3081 1760 καὶ
3109 1707 3304 1779 τέχνης
3330 1710 3451 1779 οὐχὶ
3482 1711 3693 1782 πόρρω,

2206 1801 2637 1874 Ἑπιμνησθῆναι
2654 1802 2789 1871 πρὸς
2808 1800 3004 1871 μικρὸν
3025 1801 3367 1871 πραγμάτων
3381 1800 3429 1832 ⁸³
3453 1800 3765 1868 Ἑλληνίων,

2190 1896 2302 1965 Τὴν
2361 1893 2610 1964 γλῶττάν
2660 1910 2722 1948 τε
2778 1893 3111 1965 χαρίσασθαι
3162 1894 3210 1926 ’δ
3265 1896 3381 1959 τοῖς
3437 1894 3582 1949 κατὰ
3637 1900 3767 1960 τοὺς

2964 2039 2968 2042 .
3422 1986 3766 2059 [Ἑϐραίους.

2257 2080 2430 2150 Λιμός
2457 2096 2586 2135 ποτε
2617 2078 2886 2135 κατέλαόε
2920 2078 3091 2150 βαρὺς
3118 2079 3214 2150 τὴν
3244 2081 3581 2143 Χαναναίαν,

2189 2174 2300 2226 Καὶ
2333 2173 2541 2236 πάντας
2571 2170 2906 2228 ὲπεὸόσκετο
2931 2171 2991 2224 τὸ
3020 2171 3113 2224 τοῦ
3144 2173 3318 2227 κακοῦ
3348 2174 3642 2243 πυρφόρον,

2191 2266 2301 2317 Καὶ
2336 2265 2471 2334 πρὸς
2500 2265 2613 2328 τοῖς
2633 2263 2814 2327 ἄλλοις
2834 2262 3032 2319 Ἰακὼϐ
3066 2260 3183 2335 εἶχε
3206 2264 3255 2333 ⁴²⁵
3283 2263 3374 2317 τὸν
3395 2258 3544 2318 οἶκον
3569 2266 3767 2321 πάντα.

2205 2355 2262 2408 '0
2291 2356 2472 2409 τοίνυν
2501 2355 2643 2418 θεῖος
2670 2353 2889 2427 Ἰσραὴλ
2920 2353 3093 2422 (οὕτω
3119 2355 3231 2423 γὰρ
3263 2355 3594 2427 μετεκλήθη)

2191 2449 2264 2501 Τὸ
2287 2449 2333 2480 ⁸⁸
2367 2448 2466 2518 μὲν
2497 2446 2737 2512 ἀκούσας
2763 2447 2962 2518 Ἰωσὴφ
2988 2446 3077 2500 τὸν
3105 2449 3168 2500 ὲκ
3206 2446 3410 2517 Ῥαχὴλ
3440 2448 3701 2517 τεχθέντα

2192 2538 2607 2610 Ἐπιτροπεύειν
2634 2537 2836 2611 Φαραὼ
2860 2538 2961 2609 τὴν
2991 2538 3092 2608 τῆς
3122 2537 3403 2605 Δίγύπτου
3434 2539 3640 2610 χώραν,

2190 2630 2264 2684 Τὸ
2300 2630 2357 2691 δὲ
2386 2631 2482 2689 καὶ
2517 2627 2914 2701 μηχανώμενος
2946 2628 3099 2683 λύσιν
3134 2630 3312 2700 εὑρεῖν
3349 2628 3444 2683 τοῦ
3475 2629 3701 2697 πάθους,

2195 2722 2377 2789 Ἔγνω
2402 2722 2582 2777 λιπεῖν
2611 2720 2712 2791 τὴν
2746 2720 2941 2774 ἑαυτοῦ
2972 2721 3137 2775 κάκεῖ
3171 2720 3628 2790 μεταναστεῦσαι.

2191 2812 2477 2884 Ἀθροίσας
2489 2808 2584 2868 οὖν
2598 2813 2723 2876 τοὺς
2741 2810 2962 2879 ἑαυτοῦ,
2977 2810 3218 2878 δούλους,
3233 2813 3402 2881 υἱοὺς,
3428 2813 3685 2883 ὲκνγόνους
3704 2815 3773 2881 ³⁷,

2191 2907 2304 2971 Τὰς
2335 2908 2462 2971 ὅλας
2491 2906 2867 2976 ἑϐδομήκοντα
2894 2904 3074 2977 ψυχὰς
3110 2905 3208 2959 σὺν
3237 2905 3424 2971 ἄλλαις
3454 2907 3639 2973 πέντε,

3474 3045 3635 3103 Vers.
3667 3045 3776 3103 980

2190 3166 2390 3229 prater
2413 3158 2553 3214 alios
2565 3155 2783 3231 Egypti
2823 3156 3124 3229 principes,
3155 3172 3280 3213 cum
3305 3157 3471 3214 etiam
3482 3156 3774 3228 CleOpatra

2192 3251 2380 3323 regina
2428 3251 2572 3307 facta
2602 3260 2772 3316 esset,
2811 3266 2977 3306 manu
3005 3250 3057 3306 ei
3082 3251 3328 3307 Romana
3362 3250 3654 3321 imperium
3689 3258 3777 3306 est

2191 3346 2530 3413 ademptum,
2555 3354 2846 3414 postquam
2866 3342 3146 3415 Augustus
3166 3341 3347 3399 Caesar
3375 3348 3497 3397 eam
3519 3342 3775 3413 cepisset.

2192 3435 2270 3491 Ex
2310 3450 2378 3490 eo
2407 3446 2655 3506 tempore
2704 3434 3055 3491 deﬂuxerunt
3095 3432 3312 3506 Egypti
3358 3441 3593 3504 sceptra,
3653 3448 3809 3511 qu:e_

2193 3529 2261 3583 ad
2311 3543 2587 3584 summum
2630 3535 3003 3599 pervenerant
3022 3534 3084 3582 et
3129 3525 3292 3582 annis
3333 3525 3465 3583 totis
3517 3525 3777 3582 ducentis

2194 3635 2260 3674 ac
2299 3620 2596 3689 nonaginta
2629 3618 2955 3674 ﬂoruerant.
3012 3617 3202 3687 Neque
3261 3627 3474 3674 tantum
3515 3617 3776 3672 Romana:

2194 3725 2391 3766 manus
2427 3710 2722 3782 Egyptum
2777 3715 3069 3780 ceperunt,
3116 3708 3213 3765 sed
3246 3724 3468 3766 omnem
3516 3716 3778 3780 praeterea

2195 3812 2395 3857 terram
2438 3804 2582 3857 lunai
2607 3802 2935 3872 subiectam.

2263 3894 2443 3963 Atque
2472 3893 2591 3949 haec
2639 3893 2863 3964 quidem
2900 3896 3086 3950 omnia
3131 3897 3447 3954 narratione
3498 3896 3776 3968 complexi

2195 3996 2385 4038 sumus
2434 3980 2589 4037 brevi
2651 3995 2716 4036 ac
2740 3981 3001 4048 dilucida,
3031 3982 3176 4038 sicut
3223 3985 3476 4054 equidem
3500 3985 3634 4041 mihi
3656 4002 3784 4057 per-

2196 4074 2420 4130 suadeo.
2454 4073 2766 4129 Convenire
2806 4081 2992 4129 autem
3041 4074 3179 4129 mihi
3218 4075 3459 4143 videtur,
3510 4094 3615 4133 nec
3645 4080 3786 4135 artis

2195 4182 2392 4237 expers
2419 4181 2563 4231 esse,
2595 4172 2658 4220 ut
2695 4166 2977 4236 paulisper
3019 4167 3176 4223 obliti
3221 4182 3407 4224 rerum
3467 4170 3783 4226 Graecarum

2195 4261 2485 4329 loquamur
2519 4258 2589 4315 de
2614 4257 2683 4313 iis
2722 4273 2844 4328 quae
2884 4258 3031 4329 apud
3074 4259 3335 4316 Hebraea
3373 4271 3493 4318 acta
3523 4270 3674 4317 sunt.

2267 4346 2473 4401 Invasit
2549 4345 2846 4414 aliquando
2941 4345 3112 4402 fames
3161 4346 3525 4406 Cbananaeam
3574 4352 3780 4419 gravis,

517 4425 638 4489 QUO
673 4423 880 4489 factum
919 4437 978 4489 ut
1008 4428 1044 4488 ii
1075 4430 1170 4499 qui
1224 4440 1349 4501 post
1375 4433 1558 4502 ipsum
1592 4435 1826 4508 Egypto
1856 4440 2095 4510 impera-
2129 4423 2169 4475 ί)
2199 4454 2374 4511 eaque
2421 4438 2706 4494 calamitas
2759 4437 2817 4493 in
2873 4426 3066 4493 omnes
3118 4439 3324 4508 pariter
3384 4440 3662 4504 saeviebat,
3719 4458 3787 4497 ac

518 4524 669 4579 runt,
704 4515 980 4575 fortunam
1014 4534 1079 4582 ac
1120 4521 1354 4590 gloriam
1400 4524 1521 4593 ejus
1546 4536 1888 4595 expetentes,
1911 4534 2093 4588 vocari

516 4620 711 4661 omnes
742 4608 811 4661 ab
851 4608 971 4678 ipso
1028 4610 1311 4673 Ptolemaei
1355 4615 1653 4671 voluerint.
1709 4617 1847 4673 Cum
1913 4631 2096 4678 autem

520 4697 732 4766 primus
774 4699 866 4754 ille
891 4700 1496 4768 Ptolemaeusmortuus
1536 4716 1702 4773 esset,
1738 4709 2089 4766 Ptolemaeum

519 4799 886 4861 cognomento
953 4792 1371 4864 Philadelphum
1466 4800 1769 4870 principem
1834 4802 2098 4875 Egyptus

521 4881 733 4975 babuit,
763 4885 857 4954 qui
877 4900 1064 4956 regum
1088 4889 1300 4957 primus
1340 4906 1407 4951 ex
1433 4892 1763 4975 Alexandria
1799 4899 2096 4959 multorum
2141 4937 2148 4944 .

521 4973 794 5031 librorum
825 4986 1056 5037 matrem
1101 4979 1255 5043 fecit.
1288 4983 1539 5041 lnﬂaitos
1565 4973 1713 5041 enim
1736 4988 1910 5043 libros
1941 4990 2099 5045 aiunt

520 5066 701 5133 ipsum
728 5068 1034 5140 collegisse.
1057 5072 1123 5133 ad
1143 5081 1340 5147 quater
1354 5074 1616 5134 nimirum
1646 5088 1876 5135 centena
1903 5081 2097 5138 millia.

522 5153 726 5215 Verum
756 5159 895 5227 nihil
920 5170 1059 5229 erat,
1094 5164 1174 5227 uti
1202 5164 1442 5232 videtur,
1466 5166 1523 5223 in
1544 5168 1652 5222 vita
1683 5169 1956 5237 durabile,
1988 5187 2096 5227 non

524 5265 678 5322 opes,
708 5268 819 5308 non
874 5258 1085 5328 regium
1148 5256 1466 5330 imperium,
1513 5275 1623 5316 non
1666 5262 1929 5333 potentia.
1964 5264 2098 5319 Nam

2203 4539 2403 4599 praeter
2446 4529 2586 4585 alios
2625 4528 2816 4585 Jacobi
2886 4527 3152 4583 familiam
3197 4530 3647 4599 urge-hatJtaque
3692 4531 3784 4584 di-

2202 4622 2368 4676 vinus
2414 4620 2506 4675 hic
2533 4620 2769 4676 lsraelus
2811 4619 2915 4691 (sic
2945 4620 3103 4675 'enim
3146 4621 3411 4689 deinceps
3456 4620 3782 4690 vocabatur)

2202 4714 2402 4784 pertint
2442 4713 2673 4767 audiens
2703 4711 3024 4782 Josephum,
3064 4727 3226 4766 suum
3257 4712 3546 4765 eliachcle
3583 4711 3783 4771 lilium,

2203 4805 2520 4876 praelectum
2571 4802 2877 4859 Pharaonis
2921 4804 2974 4857 in
3025 4801 3259 4874 Egypto
3295 4817 3437 4863 esse,
3461 4803 3658 4870 partim
3688 4802 3784 4856 illo

2203 4910 2264 4950 se
2306 4895 2448 4949 malo
2481 4894 2723 4949 liberare
2773 4893 3022 4957 studens,
3048 4892 3297 4948 decrevit
3331 4893 3646 4961 relinquere
3678 4908 3781 4960 pa-

2203 4989 2363 5042 triam
2395 4996 2451 5044 et
2480 4988 2612 5042 illuc
2641 4985 3026 5058 commigrare.
3074 4985 3469 5051 Quamobrem,
3524 4984 3781 5039 collectis

2204 5080 2322 5135 suis
2360 5079 2672 5150 mancipiis,
2703 5079 2913 5146 liberis,
2933 5077 3249 5146 nepotibus.
3272 5078 3367 5147 qui
3391 5092 3585 5132 omnes
3620 5085 3781 5130 erant

2205 5171 2403 5225 anima:
2479 5171 2827 5242 septuaginta
2891 5169 3161 5241 quinque,
3227 5177 3380 5224 recta
3460 5166 3640 5238 pergit
3720 5164 3778 5219 in

2206 5262 2522 5335 Egyptum,
2594 5263 2861 5334 aspicitur
2936 5269 3186 5318 amanter
3263 5276 3297 5317 a
3366 5260 3651 5318 Pharaone
3715 5272 3783 5314 ac

1839 5446 2046 5509 Variae
2074 5446 2410 5510 lectiones.

598 5608 642 5640 ¹⁸
664 5608 764 5687 τῇς
797 5612 999 5687 Δςτῶν
1169 5616 1209 5650 ¹⁹
1238 5618 1575 5687 Πτολεμαίου
1604 5618 1666 5672 Β.

527 5678 663 5753 ξεων
688 5678 752 5736 [ἰ.

1798 5620 1843 5651 ²⁰
1875 5619 2139 5687 γενομένη
2164 5620 2227 5673 Α.

869 5684 912 5716 ³⁵
946 5683 1189 5753 γλῶτταν
1254 5682 1716 5759 παρο›ρ;,σήσασ·οαι
1745 5682 1855 5744 ΠΒ.
1886 5682 1896 5687 ’
1950 5682 2210 5761 ⁸⁵ἦγεἈ.
2239 5686 2373 5761 ἦρχε
2405 5690 2468 5743 ll.

2338 5620 2378 5652 "
2414 5620 2692 5674 κάνταῦθα
2743 5620 2807 5673 li.
2932 5620 2976 5651 "
3002 5618 3373 5688 ἑϐδομήκοντα
3395 5615 3473 5688 _R.

3568 5614 3617 5650 "
3639 5612 3786 5691 πρά-

2575 5691 2621 5722 ¹⁶
2645 5691 2735 5743 τὸν
2759 5688 2872 5743 RR.
2951 5692 2996 5723 ’7
3029 5685 3288 5756 ἐκγόνους
3315 5690 3359 5742 Δ
3393 5685 3460 5744 Β.
