4106 6206
489 274 597 343 25⁸3

496 378 825 461 Ἀκαμπτος
985 387 1282 448 ἁνένδοττς,
1316 382 1493 437 οὐκέτ’
1515 381 1676 445 αὐτὸς
1711 383 1937 444 ἐκεῖνος.

499 483 663 545 Τέλος
697 481 891 552 βαρείᾳ
934 479 1179 550 μάστιγι,
1216 475 1407 529 πασῶν
1437 473 1816 543 χαλεπωτέρα,

496 573 620 629 Τῶν
652 573 1014 643 πρωτοτόκων
1044 572 1121 641 τῷ
1162 568 1345 639 πικρῷ
1364 569 1405 600 ³⁸
1441 568 1657 633 Θανάτῳ
1686 562 2039 633 δυσπαθήσας

523 664 849 735 Ελευθερίαν
877 663 1058 715 δίδωσι
1088 661 1164 730 τῷ
1190 661 1337 728 γένει
1360 660 1468 712 τῶν
1500 655 1785 727 Ἐϐραίων.

490 759 602 812 Καὶ
633 757 793 809 πάλιν
836 753 1225 824 μεταμέλεται,
1258 752 1354 806 καὶ
1384 750 1645 821 στρατιὰν
1670 746 1924 810 ὁπλίσας.

499 846 937 918 Ἀρματηλάτας,
968 844 1267 909 ίππαστὰς,
1297 842 1550 905 ὁπλίτας,
1583 838 1975 908 σακεσφόρους,

488 939 659 1000 Αὐτός
685 939 729 989 τ’
758 936 1169 1006 ὲποχησάμενος
1195 936 1402 1004 ἅρματι
1434 929 1782 1001 χρυσηλάτῳ.

500 1031 714 1082 Ὀπίσω
754 1027 1088 1081 κατεδίωκεν
1117 1026 1339 1079 ἐκείνων
1367 1024 1442 1088 ὡς
1474 1021 1748 1093 φυγάδων.

494 1122 582 1183 Ὠς
606 1120 765 1173 πάλιν
799 1120 938 1187 πρὸς
964 1119 1061 1189 τὴν
1091 1100 1369 1184 Αἴγυπτον
1400 1113 1686 1183 Ἐὃραίους
1719 1108 2058 1179 ἀποστρέψῃ.

495 1210 776 1264 Ἐντεῦθεν
810 1208 1003 1277 πλῆξις
1044 1208 1313 1277 Ἐρυθρᾶς
1345 1207 1440 1259 καὶ
1471 1205 1647 1275 σχίσις
1680 1203 1991 1273 καινοτέρα.

483 1301 596 1354 Καὶ
627 1298 719 1350 τοῦ
745 1298 877 1352 λαοῦ
911 1297 1166 1360 διάϐασις
1195 1296 1269 1358 ὡς
1300 1296 1392 1348 ἐπὶ
1424 1294 1595 1365 μέσης
1627 1293 1849 1363 χέρσου,

483 1390 594 1443 Kal
640 1388 903 1459 βυθισμὸς
945 1385 1353 1457 ταγματαρχῶν
1397 1385 1503 1437 τῶν
1550 1381 2060 1453 σοϐαροπροσὼπων

483 1478 595 1534 Kal
619 1478 818 1549 Φαραὼ
839 1478 933 1531 τοῦ
962 1476 1307 1547 θερμουργοῦ
1337 1473 1432 1528 καὶ
1466 1471 1952 1544 τολμηροκαρδίου,

486 1573 594 1624 Kal
623 1572 791 1640 τάφος
823 1570 1232 1640 ὐδατόστρωτος
1258 1566 1543 1635 ὁπλιτικῆς
1574 1566 1776 1636 ἰσχύος.

488 1666 719 1717 Ἐδυσαν
758 1665 957 1724 πάντες
989 1664 1070 1726 είς
1107 1661 1289 1732 βυθὸν,
1336 1659 1651 1729 τριστάται.
1698 1656 2054 1727 διφρηλάται·

496 1755 730 1827 Ἰχθύσιν
757 1756 1135 1826 ἐχρημάτισαν
1158 1750 1331 1821 τροφὴ
1361 1748 1771 1810 θαλασσοδίοις·

482 1845 620 1898 Οὐδὲ
644 1846 753 1914 γὰρ
779 1846 884 1898 κᾶν
911 1845 1008 1913 τῆς
1042 1843 1329 1912 συμφορᾶς
1367 1838 1601 1908 ἄγγελος
1634 1836 1984 1907 κατελείφθη.

494 1934 775 1988 Ἐντεῦθεν
811 1934 1071 1987 ὲπινίκιοι
1100 1932 1220 2002 Θεῷ
1248 1929 1603 2002 χοροστασίαι
1624 1942 1638 1960 ·

494 2023 893 2094 Ἐμεγαλύνετο
915 2022 1070 2087 Θεὸς,
1104 2022 1200 2075 καὶ
1229 2019 1477 2086 Μωῦσῆς
1508 2018 1753 2085 ὑμνεῖτο.

484 2116 595 2168 Kal
635 2115 838 2184 φέγγος
871 2114 972 2185 μὲν
1002 2112 1286 2167 ἀνέτελλεν
1323 2108 1599 2181 Ἑϐραίοις
1628 2108 1968 2179 εὐφροσύνης
1990 2111 2056 2171 ³⁸,

481 2208 620 2271 Τοὺς
639 2207 683 2260 δ’
704 2206 1037 2276 Αἰγυπτίους
1056 2203 1357 2272 σκοτασμοὶ
1374 2201 1482 2255 τῶν
1498 2216 1560 2251 συ
1570 2199 2055 2270 μφορῶνέζόφουν.

482 2298 546 2351 Ol
569 2297 626 2350 δὲ
656 2299 920 2365 φυγόντες
950 2293 1232 2363 Αἴγυπτον
1274 2289 1606 2361 Ἰσραηλῖται
1637 2287 1760 2342 τότε

495 2394 790 2463 Ἐξήκοντα
819 2392 911 2444 τὸν
939 2390 1175 2461 ἀριθμὸν
1205 2384 1346 2457 ἦσαν
1381 2385 1755 2457 μυριανδρίαι,

486 2482 647 2534 ’Ᾱνευ
677 2480 893 2552 βρεφῶν
919 2480 1011 2532 καὶ
1034 2475 1310 2545 γυναικῶν
1338 2475 1434 2527 καὶ
1464 2474 1671 2527 παίδων
1700 2472 1985 2526 ἁνιούλων.

491 2571 709 2639 Ἦγεῖτο
737 2570 869 2639 γοῦν
910 2572 938 2622 ό
977 2569 1217 2636 Μωῦσῆς
1240 2566 1335 2619 τοῦ
1369 2565 1605 2635 πλήθους
1641 2561 1736 2616 τοῦ
1777 2561 2054 2627 τοσούτου,

482 2663 593 2715 Kal
619 2659 950 2730 γογγυσμῶν
973 2658 1223 2729 ἠνείχετο
1247 2657 1338 2710 τοῦ
1371 2655 1701 2718 στασιώδους
1732 2655 1916 2724 ὄχλου,

483 2753 592 2805 Kal
613 2752 959 2822 πικρασμοὺς
978 2750 1104 2812 τοὺς
1123 2751 1219 2803 ἀπ’
1239 2749 1285 2780 ³⁸
1313 2748 1492 2802 αὐτῶν
1514 2748 1711 2819 ἔφερεν
1732 2746 2053 2817 εὐκαρδίως.

480 2840 624 2914 Ἥγε
648 2844 703 2898 δὲ
736 2843 957 2907 τούτους
984 2843 1223 2912 Μωῦσῆς
1254 2843 1480 2913 ἐρήμοις
1507 2840 1565 2892 ὲν
1602 2839 1844 2905 ἀϐάτοις,

1631 267 2140 330 CONSTANTJNI
2182 266 2561 327 MANASSIS

2107 385 2155 439 Α
2185 376 2356 430 Τοῦτο
2382 374 2519 429 Θεοῦ
2549 372 2907 437 κελεύσαντος
2935 374 3029 427 καὶ
3058 372 3344 443 κρίναντος
3377 373 3681 443 συμφέρον.

3645 261 3752 325 Ξύο

2179 469 2363 539 ’Υδωρ
2400 468 2465 519 ἐκ
2511 466 2716 537 πέτρας
2756 466 2970 529 ἔδλυζε,
3009 465 3232 536 πτηνῶν
3284 465 3478 535 εόρεχε
3518 466 3754 534 capsae,

2188 556 2581 628 Ἐμαννοδότει,
2607 556 2702 609 καὶ
2734 556 2941 627 τροφὴν
2965 554 3238 625 ἐψώμιζεν
3268 555 3541 623 ἀγγέλων,

2185 648 2274 711 Ὠς
2309 647 2467 709 ἀετὸς
2504 645 2809 709 ὲοκέπαζεν
2841 643 3074 705 ἀετιδεῖς
3105 643 3402 714 ἀπτέρους.

2174 742 2394 794 ⁶Ὠδευον
2417 739 2593 792 τοίνυν
2625 737 2859 800 ἁκλινῶς
2888 738 2969 798 εἰς
3000 738 3102 807 τὴν
3135 736 3575 807 ἐπηγγελμένην,

2173 831 2287 902 Τὴν
2320 832 2415 885 ἀπ’
2436 830 2716 898 Αἰγύπτου
2738 829 2787 883 δ’
2819 828 2924 891 ἓως
2953 828 3056 896 γῆς
3083 828 3250 898 ὁρίων
3280 828 3646 899 Παλαιστίνης

2182 916 2270 970 Ἐν
2300 917 2444 978 ὅλοις
2470 916 2888 987 τεσσαράκοντα
2917 918 3029 978 τοῖς
3054 914 3202 968 ἔτεσι
3234 915 3469 985 διῆλθον.

2169 1009 2277 1061 Καὶ
2306 1009 2415 1060 πᾶν
2441 1008 2930 1077 δυσκαταμάχητον
2956 1006 3109 1068 ἔθνος
3141 1007 3233 1059 καὶ
3269 1007 3570 1076 φρικαλέον

2168 1098 2277 1150 Kal
2303 1098 2458 1164 γένος
2484 1099 2591 1150 πᾶν
2630 1095 2932 1164 ἀλλόφυλον
2963 1096 3058 1149 καὶ
3084 1095 3291 1165 πλῆρες
3320 1096 3645 1162 δυσσεϐείας

2177 1191 2262 1254 Ὠς
2283 1191 2603 1259 δρεπανῖται
2629 1188 2781 1258 λήϊον
2811 1187 3066 1259 ἐθέρισαν
3081 1188 3125 1220 ³⁷
3154 1187 3392 1258 ῥιζόθεν.

2245 1280 2382 1333 Ἀλλ’
2416 1282 2445 1333 ὀ
2475 1280 2575 1348 μὲν
2609 1279 2750 1342 θεῖος
2777 1278 3016 1348 Μωῦσῆς
3045 1278 3136 1331 τὸν
3170 1277 3285 1347 βίον
3312 1280 3619 1348 ἀπολείπει,

2170 1371 2343 1425 Πολῦν
2366 1368 2537 1423 αὐτοῦ
2573 1366 2887 1421 καταλιπὼν
2920 1368 3085 1422 πόθον
3113 1370 3224 1431 τοῖς
3252 1369 3570 1438 ὁμοφύλοις.

2165 1463 2270 1515 Ka‘
2307 1460 2471 1529 νόμον
2501 1460 2624 1522 δοὺς
2664 1458 2771 1512 ὑπὸ
2798 1458 2934 1510 θεοῦ
2967 1458 3163 1521 πλαξὶν
3200 1460 3677 1529 ἐγγεγραμμένον,

2164 1554 2378 1621 Ὥσπερ
2412 1551 2588 1620 ἀστὴρ
2623 1548 2943 1620 ἡμεραυγὴς
2987 1550 3093 1601 ὑπὸ
3124 1549 3222 1619 τὴν
3259 1549 3366 1617 γῆν
3408 1550 3643 1622 ἑκρύση.

2164 1644 2319 1695 Μετὰ
2354 1641 2560 1709 Μωσῆν
2593 1640 2686 1693 δ’ὁ
2723 1640 2824 1693 τοῦ
2853 1638 3011 1707 Ναυῆ
3044 1641 3173 1701 παῖς
3210 1639 3416 1708 Ἰησοῦς
3456 1642 3716 1709 κυροῦται

2088 1721 2133 1779 Β
2163 1734 2205 1786 Τ
2207 1733 2269 1786 οῦ
2293 1732 2593 1802 δημαρχεῖν
2624 1733 2717 1784 καὶ
2750 1728 3139 1802 προστατεῖν³⁸
3186 1730 3280 1783 τοῦ
3324 1731 3433 1784 τῶν
3474 1731 3750 1803 Ἑϐραίων

3391 1823 3663 1893 [σμήνους
3680 1823 3744 1877 ³³.

2160 1908 2327 1977 Οὗτος
2353 1914 2536 1976 αὐτοῖς
2567 1912 2882 1983 κληροδοτεί
2911 1912 3009 1983 τὴν
3041 1915 3144 1982 γῆν
3178 1919 3277 1982 τὴς
3310 1916 3701 1984 Παλαιστίνης,

2126 2070 2131 2074 ι
2167 2012 2268 2062 "llv
2290 2007 2654 2077 ἐπηγγείλατο
2672 2007 2804 2070 Θεὸς
2834 2010 3176 2077 προπάτορσι
3203 2012 3317 2071 τοῖς
3347 2009 3535 2073 θείοις,

2161 2100 2274 2153 Kal
2301 2098 2411 2151 τῶν
2449 2098 2631 2167 φυλῶν
2656 2100 2914 2167 ἐμέρισεν
2937 2101 3143 2169 ἑκάστῃ
3173 2100 3234 2151 τὸ
3264 2099 3567 2167 προσῆκον.

2165 2192 2327 2242 ’Λνευ
2359 2189 2533 2260 φυλῆς
2559 2191 2657 2259 τῆς
2688 2188 2782 2242 τοῦ
2814 2190 2947 2242 Λευῖ
2974 2207 2987 2220 ·
3033 2190 3204 2260 ταύτῃ
3251 2190 3361 2259 γὰρ
3400 2190 3521 2242 ἀντὶ
3550 2188 3746 2259 λάχους

2162 2279 2242 2332 Τὰ
2264 2278 2358 2351 τοῦ
2389 2279 2525 2332 Θεοῦ
2558 2281 2652 2333 καὶ
2677 2279 2754 2348 τῷ
2771 2279 2817 2312 ⁸ο
2850 2279 2969 2348 θεῷ
2998 2279 3523 2350 κατεκληροδοτήθη.

2159 2366 2330 2435 Οὗτος
2355 2372 2622 2435 δυνάστας
2642 2372 2877 2441 Χαναὰμ
2894 2370 2991 2426 καὶ
3010 2372 3217 2434 πάντας
3232 2374 3360 2433 τοὺς
3382 2369 3744 2441 προσχώρους

2170 2461 2365 2526 Ῥιζῶν
2396 2462 2605 2516 ἀνεῖλεν
2643 2462 2739 2516 ἀπ’
2764 2461 2943 2517 αὐτῶν
2981 2461 3230 2533 βραχίονι
3268 2463 3510 2533 μεγαλῳ.

2161 2552 2271 2606 Kal
2298 2550 2491 2604 τούτου
2521 2551 2811 2614 διαϐάντος
2838 2552 2903 2621 δὴ
2934 2553 3034 2622 τὴν
3064 2552 3247 2622 ἅλμην
3273 2553 3372 2623 τὴν
3399 2551 3494 2605 τοῦ
3524 2550 3664 2621 βίου,

2161 2642 2363 2713 Κριταὶ
2396 2644 2670 2712 κατῆρχον
2699 2643 2793 2696 τοῦ
2827 2643 2961 2698 λαοῦ
3002 2646 3096 2698 καὶ
3133 2645 3310 2699 πάντα
3343 2642 3667 2714 διεκόσμουν

2160 2734 2371 2803 Μέχρις
2411 2733 2557 2785 Ἠλεὶ
2590 2736 2681 2787 καὶ
2710 2735 2963 2804 Σαμουὴλ
2984 2736 3077 2790 τοῦ
3106 2736 3618 2807 προφητικωτάτου.

2160 2824 2306 2888 Ἕως
2331 2825 2430 2894 μὲν
2459 2821 2551 2878 οὖν
2579 2828 2833 2896 ἐνέμενον
2865 2831 2978 2891 τοῖς
3012 2828 3200 2898 νόμοις
3229 2829 3342 2891 τοῖς
3369 2826 3579 2891 ἐνθέοις

3409 2963 3566 3019 Vera.
3603 2943 3733 3019 lost

485 3087 556 3141 At
578 3084 675 3141 ubi
702 3085 871 3156 plaga:
904 3095 1234 3145 cessassem,
1272 3083 1440 3140 homo
1475 3083 1625 3139 dum
1656 3084 1886 3140 cervicis
1919 3092 2059 3139 erat.
2086 3052 2132 3113 (δ
2165 3072 2323 3130 Sicut
2345 3075 2527 3145 aquila
2557 3075 3741 3147 operuitpullosimplumes..Proficisceban-

486 3177 734 3234 Tandem
771 3176 920 3248 gravi
953 3176 1169 3245 ﬂagello
1207 3176 1533 3246 ceterisque
1566 3175 1815 3239 saeviore,
1855 3175 2062 3244 primo-

485 3264 797 3335 genitorum
849 3263 1111 3320 videlicet
1171 3272 1350 3319 morte
1396 3272 1709 3319 commotus
1750 3263 2062 3318 libertatem

488 3354 839 3409 llehrmorum
889 3354 1096 3408 nationi
1146 3353 1418 3409 concedit.
1454 3353 1560 3410 Sed
1599 3368 1794 3409 rursus
1830 3352 2059 3409 eosdem

483 3445 553 3499 ab
587 3445 783 3499 itinere
826 3454 1069 3511 revocat,
1096 3445 1437 3516 armatisque
1488 3445 1687 3501 validis
1731 3444 1908 3515 copiis
1946 3445 2063 3516 ipse

488 3546 689 3590 vectus
736 3550 904 3590 aurea
947 3534 1003 3589 in
1046 3535 1312 3606 quadriga
1355 3536 1702 3605 persequitur
1736 3536 2002 3591 abeuntes
2031 3549 2064 3588 a

482 3633 633 3696 tergo
668 3633 923 3695 tanquam
951 3624 1233 3695 fugitivos.
1290 3624 1421 3681 lude
1450 3625 1622 3680 Rubri
1665 3627 1834 3681 maris
1863 3623 2065 3680 accidit

480 3714 793 3769 verberatio
834 3723 892 3768 et
939 3729 1078 3769 nova
1109 3713 1481 3786 inusitataque
1506 3714 1729 3781 divisio,
1765 3715 2063 3785 populique

483 3806 751 3861 transitus
777 3814 1037 3877 tanquam
1066 3806 1247 3861 media
1281 3806 1336 3861 iu
1375 3816 1543 3872 terra,
1577 3815 1634 3862 et
1663 3806 1887 3874 superbi
1919 3806 2064 3861 Pha-

482 3896 669 3952 raonis
698 3895 901 3951 ducum
936 3896 1230 3959 demersio,
1281 3908 1729 3969 armatarumque
1775 3899 2060 3969 cupiarum

483 3990 540 4044 in
570 3990 729 4059 aquis
749 3998 981 4046 stratum
1012 3990 1352 4061 sepulcrum.
1399 3991 1546 4046 Facti
1578 4000 1706 4046 sunt
1737 4006 1862 4047 esca
1896 3992 2061 4061 pisci-

483 4082 587 4137 bus
617 4084 670 4138 in
698 4082 836 4138 mari
875 4084 1207 4139 viventibus.
1234 4084 1447 4139 Etenim
1474 4100 1545 4139 ne
1579 4084 1809 4138 nuntius
1841 4085 2060 4153 quidem

480 4175 653 4231 cladis
700 4184 987 4246 superstes
1042 4175 1168 4231 fuit.
1221 4176 1359 4231 Hinc
1396 4176 1663 4231 instituta;
1706 4184 1837 4230 sunt
1865 4174 2064 4229 trium-

487 4266 680 4336 pbales
722 4267 835 4323 Deo
888 4267 1123 4323 choreae.
1159 4266 1567 4322 Prmdicabatur
1594 4267 1761 4327 Deus,
1800 4281 1863 4322 ac
1887 4266 2062 4321 Muses

479 4357 915 4426 celebrabatur;
961 4356 1207 4414 Hebraeis
1246 4358 1446 4414 laetitia
1488 4356 1749 4427 splendor
1779 4358 2063 4414 illucesce-

482 4450 598 4513 liat,
640 4464 766 4503 cum
812 4448 1053 4521 Egyptii
1105 4448 1337 4520 caligine
1385 4448 1552 4504 densa
1593 4450 2061 4519 opprimerentur.

480 4538 735 4593 Israelita:
785 4545 968 4593 autem
995 4539 1089 4608 qui
1128 4538 1183 4592 id
1242 4538 1508 4607 temporis
1533 4553 1601 4593 ex
1633 4537 1867 4609 Egypto
1892 4538 2068 4610 fugie-

479 4628 634 4695 bant,
664 4641 821 4684 erant
852 4644 1087 4684 numero
1129 4639 1386 4685 sexcenta
1435 4628 1682 4685 virorum
1721 4630 1911 4694 millia,
1945 4631 2064 4685 sine

477 4719 699 4775 feminis
723 4732 779 4777 et
813 4718 1116 4775 infantibus
1149 4730 1205 4774 et
1250 4720 1598 4775 imberbibus
1634 4721 1839 4790 pueris.
1874 4719 2063 4775 Tantae

480 4811 647 4881 igitur
674 4810 1046 4866 multitudinis
1086 4810 1199 4865 dux
1224 4819 1344 4866 erat
1365 4810 1564 4874 Moses.
1587 4818 1644 4864 et
1674 4811 2060 4866 murmuratio-

480 4918 580 4956 nes
609 4904 887 4958 seditiosae
917 4902 1094 4959 turbae
1135 4902 1429 4967 tolerabat,
1465 4903 1902 4972 accrbitalesque
1928 4918 2058 4972 pro-

478 4991 651 5048 lectas
694 4993 763 5048 ab
810 4993 944 5063 ipsis
974 4993 1094 5048 miti
1142 4992 1307 5048 corde
1335 4992 1571 5048 ferebat.
1601 4992 1847 5047 Duce'bat
1871 5002 2056 5046 autem

475 5099 577 5141 eos
631 5084 807 5139 Moses
858 5100 957 5155 per
1000 5086 1329 5141 solitudines
1383 5083 1561 5138 invias
1606 5092 1663 5138 et
1732 5084 2066 5150 inacccssas,

484 5177 951 5245 quemadmodum
994 5178 1281 5232 mandarat
1315 5177 1460 5232 Deus
1503 5185 1559 5230 et
1603 5175 1867 5245 expedire
1892 5183 2069 5231 statu-

483 5277 626 5333 erat.
678 5269 891 5339 Aquam
937 5269 1183 5324 excussit
1229 5285 1259 5324 e
1296 5282 1453 5329 saxo,
1488 5266 1753 5322 carnibus
1778 5267 2068 5322 volucrum

490 5359 652 5430 pluit,
686 5373 887 5415 manna
914 5358 1070 5417 dedit
1089 5358 1191 5425 eis,
1221 5359 1539 5430 angelorum
1584 5357 1708 5413 cibo
1738 5373 1869 5413 suos
1899 5357 2067 5428 pavit.

2168 3175 2260 3220 tur
2299 3166 2467 3237 igitur
2506 3177 2654 3223 recta
2706 3169 2762 3222 ln
2810 3179 3012 3223 terram
3044 3168 3369 3239 promissam
3408 3167 3478 3223 ab
3508 3166 3742 3239 Egypto

2166 3273 2342 3329 usque
2372 3259 2439 3312 ad
2473 3259 2609 3313 fines
2638 3270 2798 3315 terra:
2830 3260 3152 3317 Paltestinte.
3208 3260 3365 3315 Totis
3390 3274 3524 3314 vero
3546 3260 3743 3314 solitu-

2164 3350 2352 3405 dinem
2378 3350 2540 3404 annis
2584 3351 2943 3421 quadiaginta
2996 3358 3379 3422 peragrarunt,
3411 3363 3741 3420 omnemque

2163 3442 2442 3495 nationem
2467 3440 2780 3496 bellicosam
2803 3457 2866 3496 ac
2883 3442 3182 3497 terribilem
3200 3450 3256 3497 et
3273 3450 3490 3512 gentem
3511 3455 3733 3497 omnem

2166 3531 2529 3602 alienigenam
2556 3541 2614 3586 et
2642 3532 2939 3602 impietatis
2979 3533 3193 3602 plenam
3241 3531 3492 3587 funditus
3528 3531 3744 3586 demes-

2166 3632 2418 3689 suerunt,
2455 3633 2517 3677 ιιι
2563 3634 2803 3694 segetem
2854 3638 3138 3680 messores
3170 3637 3419 3679 resecare
3442 3637 3744 3679 consueve-

2168 3722 2320 3766 ιἰιηι.

2236 3803 2478 3858 Tandem
2512 3804 2734 3861 divinus
2764 3805 2853 3861 ille
2885 3806 3061 3861 Moses
3081 3821 3112 3861 e
3142 3806 3255 3861 vita
3281 3806 3498 3876 migrat,
3543 3820 3740 3877 magno

2163 3896 2374 3952 nationi
2410 3896 2689 3953 desiderio
2719 3899 2801 3952 sui
2831 3899 3027 3954 relicto
3052 3915 3068 3966 ;
3102 3898 3339 3969 dataque
3369 3898 3478 3953 illis
3507 3899 3625 3969 lege
3655 3897 3740 3951 di-

2160 3990 2371 4044 vinitus
2401 3989 2602 4043 tabulis
2636 3988 2920 4060 inscripta,
2961 3990 3147 4045 diurni
3198 3989 3395 4045 sideris
3438 3989 3610 4045 instar
3637 3987 3740 4044 sub

2164 4091 2365 4135 terram
2407 4089 2490 4136 est
2545 4082 2875 4137 occultatus.
2928 4083 3060 4136 Post
3113 4082 3315 4137 Mosem
3358 4090 3539 4136 autem
3574 4081 3736 4137 Jesus

2160 4172 2321 4227 Navae
2352 4172 2497 4226 lilius
2528 4172 2906 4237 coullrmatur,
2936 4182 2998 4227 ut
3049 4172 3305 4227 tribunus
3348 4186 3413 4227 ac
3446 4171 3738 4242 praefectus

2161 4261 2514 4317 Hebraeorum
2545 4261 2786 4316 nationis
2812 4272 2978 4318 esset.
3004 4263 3099 4319 Hic
3133 4277 3232 4335 per
3265 4273 3465 4318 sortem
3494 4261 3575 4317 eis
3625 4270 3737 4315 ter-

2166 4369 2283 4408 ram
2340 4354 2681 4408 Palmstinam
2739 4354 3039 4420 distribuit,
3093 4369 3257 4425 quam
3296 4355 3441 4409 Deus
3484 4354 3735 4424 'ipsornm

2168 4446 2473 4514 majoribus
2526 4448 2877 4515 promiserat.
2935 4444 3221 4502 Concessit
3271 4456 3454 4501 autem
3507 4446 3737 4517 singulis

2164 4536 2422 4591 tribubus
2448 4547 2655 4606 partem
2687 4552 2864 4605 suam,
2914 4547 3143 4607 excepta
3186 4538 3313 4592 Levi
3361 4538 3505 4592 tribu
3555 4553 3569 4590 :
3612 4552 3735 4591 nam

2163 4626 2239 4682 illi
2268 4630 2434 4682 sortis
2460 4643 2574 4682 sua:
2618 4628 2741 4685 loco
2779 4643 2869 4684 res
2901 4630 3100 4684 divinae
3154 4645 3262 4684 una
3311 4643 3437 4683 cum
3483 4630 3601 4698 ipso
3626 4626 3737 4682 Deo

2162 4718 2502 4787 obtigerunt.
2555 4719 2656 4774 llic
2709 4728 2767 4773 et
2811 4719 3091 4790 principes
3131 4719 3468 4775 Chanauaeos
3512 4732 3568 4775 et
3614 4734 3735 4773 omo

2163 4825 2263 4865 nes
2335 4810 2634 4877 finitimos,
2692 4810 2799 4881 23
2864 4812 2932 4866 ab
2978 4812 3131 4884 .ipsis
3191 4827 3366 4883 usque
3423 4812 3733 4877 radicibus,

2163 4901 2290 4957 forti
2325 4902 2555 4958 brachio
2577 4904 2800 4958 evulsit.
2828 4902 2965 4958 Cum
2994 4913 3176 4959 autem
3206 4911 3262 4959 et
3289 4906 3409 4974 ipse
3431 4904 3557 4958 vita:
3575 4903 3737 4973 hujus

2165 5010 2316 5051 mare
2351 4996 2672 5066 traiecisset,
2704 4996 2921 5066 judices
2943 4997 3204 5067 pupulum
3241 4996 3517 5052 habebant
3547 4997 3600 5050 in
3637 5010 3739 5064 po-

2165 5093 2360 5140 testate
2388 5087 2682 5157 omniaque
2716 5088 3118 5158 gubernabant,
3148 5103 3322 5159 usque
3351 5089 3417 5142 ad
3443 5087 3525 5142 Eli
3554 5094 3611 5141 et
3635 5086 3737 5140 Sa-

2165 5176 2401 5232 muelem
2437 5186 2616 5233 vatem
2642 5179 2961 5234 maximum.
3010 5178 3186 5246 Quam
3216 5179 3438 5250 quidem
3468 5178 3563 5233 diu
3593 5175 3736 5231 divi-

2167 5268 2256 5323 nis
2283 5267 2499 5337 legibus
2528 5277 2847 5325 constanter
2878 5271 3221 5325 inhaerebant
3250 5271 3531 5339 Deumque
3553 5266 3735 5323 cordi-

2169 5357 2273 5414 bus
2299 5374 2409 5416 non
2461 5359 2732 5430 ambiguis
2774 5361 3199 5427 venerabantur,
3249 5361 3442 5432 quavis
3483 5370 3645 5432 gente
3667 5371 3731 5416 ac

1831 5479 2034 5541 Varia:
2068 5478 2401 5543 lectiones.

550 5597 600 5634 ³⁸
851 5601 1007 5674 ιω.-
1028 5603 1114 5674 _“
1150 5602 1460 5674 εὐφροσύνη
1493 5602 1559 5669 ll,
1592 5602 1931 5674 εύφρρσύνην
1959 5604 2023 5656 Δ.

484 5669 553 5729 Β.
630 5670 677 5702 ⁸⁹
699 5669 888 5740 γένους
926 5668 1090 5727 ΑΗΒ.
1156 5674 1202 5706 ⁸⁸
1228 5668 1321 5726 καὶ
1343 5668 1647 5746 τῷΪτεκαὶ
1667 5668 1788 5727 λιι.
1814 5668 2082 5746 utimini;
2104 5673 2127 5727 ἲ

2138 5605 2183 5636 ³⁸
2209 5603 2299 5659 ὑπ’
2325 5604 2439 5662 AR.

2533 5607 2577 5640 “
2608 5606 2852 5682 ἐθέριζον
2889 5607 3005 5667 RB.
3116 5611 3163 5645 ³⁸
3194 5628 3388 5685 προστ.
3407 5608 3735 5684 στρατηγεῖν
