4106 6206
327 211 439 278 Εἰὃὶ

336 320 449 373 Καὶ
481 336 572 370 τον
601 317 732 368 Θεὸν
761 318 1009 371 ἐσέϐοντο
1036 319 1284 390 καρδίαις
1310 319 1674 383 ἀδιστάκτοις,

350 411 569 470 ἰθνους
601 408 890 480 ὑπέρτεροι
916 409 1115 473 παντὸς
1138 411 1232 463 καὶ
1265 413 1456 478 γένους
1487 409 1802 482 ἐτηροῦντο,

345 503 446 554 Καὶ
480 499 619 554 κατὰ
643 500 772 570 ροῦν
802 501 1028 571 ἐφέρετο
1057 501 1266 565 τούτοις
1296 505 1324 554 6
1356 501 1469 571 βίος
1493 502 1662 567 ἄπας.

356 593 540 646 Ἠνίκα
573 592 619 644 δ’
639 593 961 663 ἐξεφέροντο
983 594 1121 664 πρὸς
1147 594 1594 664 εἰδωλολατρείαν

346 684 446 737 Καὶ
477 684 860 754 προσετίθεντο
891 685 1035 747 Θεοῖς
1067 685 1300 755 ἀψύχοις
1331 686 1424 738 καὶ
1462 685 1734 754 ματαίοις,

346 775 554 836 Εὐθέως
581 774 929 844 παρεδίδοντο
957 778 1071 838 τοῖς
1109 775 1400 846 δυσμενέσι
1423 775 1621 828 δοῦλοι.

344 865 514 934 Μέχρι
539 865 636 935 μὲν
660 861 752 919 οὖν
770 868 864 920 καὶ
887 868 1142 936 Σαμουὴλ
1165 869 1348 937 κριταὶ
1371 869 1577 922 τούτων
1601 870 1880 940 κατῆρχον
1896 887 1911 901 ⁸

343 955 490 1006 Μετὰ
518 954 575 1006 δὲ
603 953 778 1008 ταῦτα
809 954 1063 1022 βασιλεὺς
1097 957 1386 1026 αἰτήσασιν
1417 957 1576 1025 ἐδόθη

355 1044 480 1094 Ἀπὸ
502 1044 734 1112 φυλῆς⁴¹
775 1045 1038 1115 Βενιαμὶν
1065 1047 1240 1099 Σαοὺλ
1269 1047 1365 1099 τοῦ
1404 1049 1506 1110 Kl;
1535 1049 1564 1100 ὁ
1589 1049 1768 1116 γόνος.

347 1134 446 1184 Καὶ
484 1133 622 1200 μετὰ
648 1132 834 1187 τοῦτον
860 1137 887 1188 6
912 1136 1077 1188 Aa6‘t6
1099 1139 1127 1189 6
1153 1137 1329 1206 μέγας
1355 1138 1415 1189 ἐν
1440 1141 1743 1209 προφήταις
1762 1141 1808 1172 ⁸³

345 1223 442 1275 Τοῦ
463 1223 654 1291 γένους
679 1226 898 1298 κράτωρ
921 1227 1156 1295 γίνεται,
1184 1229 1478 1300 θρέμματα
1502 1231 1622 1283 τότε
1651 1232 1830 1302 νέμων
1846 1231 1911 1295 ⁸³,

344 1315 448 1368 Καὶ
480 1316 712 1387 καθεξῆς
738 1321 1088 1388 τρισκαίδεκα
1119 1321 1314 1392 μέχρις
1351 1323 1624 1394 Ἰεχονίου,

342 1406 454 1474 Ἐφ’
483 1403 544 1458 οῦ
575 1410 634 1460 τὸ
660 1409 842 1479 τρίτον
873 1411 1113 1464 ἐπελθὼν
1155 1416 1183 1466 6
1215 1414 1681 1484 Ναϐουχοδονόσορ

343 1497 447 1566 Τήν
477 1499 631 1551 πόλιν
659 1501 946 1571 ἐνεπύρισε
978 1501 1076 1554 καὶ
1097 1504 1189 1556 τὸν
1215 1505 1343 1556 ναδν
1371 1505 1464 1556 τὸν
1491 1504 1662 1566 θεῖον,

343 1590 446 1641 Καὶ
482 1589 573 1641 τὸν
600 1589 729 1643 λαὸν
763 1591 1066 1660 μετῴκισεν
1097 1597 1154 1648 ἐν
1185 1595 1337 1665 χώρα
1362 1595 1708 1650 Βαϐυλῶνος.

1473 215 1974 275 COMP’ENDIUM
2019 215 2497 276 CHRONICUM.

2019 411 2256 478 ’Έχουσα
2285 411 2415 478 γοῦν
2442 411 2583 463 κατὰ
2610 412 2848 482 γαστρὸς
2877 414 2969 466 καὶ
2999 414 3135 483 πρὸς
3155 414 3216 466 τὸ
3231 415 3438 470 τίκτειν
3461 413 3594 471 οῦσα

2012 501 2312 572 Φοϐήτροις
2346 503 2673 572 ἐκτεθρόητο
2703 505 2982 572 νυκτέρων
3013 504 3343 575 ὀνειράτων·

2015 595 2242 646 Βλέπειν
2265 594 2371 662 γὰρ
2399 593 2547 658 εδοξε
2570 590 2732 646 ’δαλὸν
2764 595 2992 664 φλόγεον
3023 596 3328 667 ἁνθρακίαν

2027 685 2121 738 Ἐκ
2137 687 2234 755 τῆς
2251 685 2432 748 αίδοῦς
2451 685 2842 754 προκόπτοντα
2861 686 3086 758 ταύτης,
3105 690 3198 740 καὶ
3218 691 3591 760 πυρπολοῦντα

2015 775 2127 845 Τὴν
2161 777 2312 828 πόλιν
2340 776 2558 830 ἃπασαν
2591 776 2729 846 ὁμοῦ
2762 777 2857 830 καὶ
2890 779 2990 840 τας
3020 779 3119 848 τῆς
3153 780 3299 849 Ἴδης
3329 781 3484 845 ὔλας.

2029 867 2238 920 Ἀκούει
2264 867 2421 919 τοῦτο
2458 868 2728 938 Πρίαμος,
2765 873 2879 932 τοῖς
2912 870 3140 939 μάντεσι
3174 872 3486 926 κοινοῦται·

2014 958 2290 1012 Μανθάνει
2317 960 2588 1029 χρήσιμον
2616 960 2764 1030 αὐτῷ
2793 961 3048 1029 γενέσθαι
3087 963 3184 1015 καὶ
3212 966 3277 1033 τῇ
3315 964 3488 1028 πόλει,

2015 1049 2114 1100 Ἂν
2142 1047 2204 1100 τὸ
2232 1049 2704 1118 γεννηθησόμενον
2749 1048 2960 1118 θηρίοις
2998 1050 3247 1122 ἐκτεθείη
3265 1050 3314 1083 ⁸⁸

2017 1139 2087 1190 Ἢ
2110 1139 2186 1206 τῷ
2219 1137 2350 1208 πυρί
2384 1138 2462 1208 τῷ
2492 1139 2774 1210 καυστικῷ
2815 1141 2947 1209 πρὸς
2981 1141 3205 1212 ὄλεθρον
3241 1143 3452 1213 ριφείη.

2013 1229 2168 1282 Μετὰ
2193 1230 2389 1299 μικρὸν
2417 1231 2461 1283 δ’
2501 1229 2855 1300 Ἀλέξανδρος
2881 1231 3132 1301 ἐξέθορεν
3169 1233 3250 1296 είς
3277 1233 3436 1302 φάος,

2013 1319 2221 1387 Χαρίεν
2253 1318 2533 1394 βρέιφοςδθ,
2570 1321 2868 1390 εὐπρεπὲς,
2901 1323 3116 1374 ἀστεῖον
3150 1323 3227 1392 τῷ
3255 1325 3552 1396 προσώπῳ.

2027 1407 2228 1477 Ἐχρῆν
2261 1408 2362 1476 μὲν
2403 1407 2494 1460 οῦν
2521 1409 2613 1461 τὸν
2654 1409 2899 1479 Πρίαμον
2935 1411 3282 1481 μελλήσαντα
3307 1414 3430 1484 μηδ’
3455 1416 3591 1479 ὅλως

2013 1497 2187 1559 Εὐθὺς
2216 1497 2502 1568 προκύψαν
2528 1501 2593 1552 ἐκ
2619 1501 2856 1570 γαστρὸς
2884 1501 2944 1552 τὸ
2974 1501 3172 1571 βρέφος
3195 1503 3484 1572 ἀφανίσαι,

2026 1588 2400 1658 Ἐξαφανίζειν
2431 1591 2706 1654 παντελῶς
2744 1594 2964 1645 ἃπασαν
2994 1592 3178 1664 χώραν
3212 1595 3400 1665 μέλλον
3419 1596 3498 1629 ⁸ο·

404 1677 517 1731 Τοῦ
553 1679 611 1732 δὲ
640 1680 804 1734 Acs-.8
833 1683 1202 1754 κατάρξαντος
1231 1686 1356 1754 ἄρτι
1391 1687 1497 1739 τῶν
1535 1687 1823 1756 ὀμςφύλων
1841 1688 1908 1754 δι’
1943 1674 1985 1728 Β
2027 1678 2086 1732 '0
2129 1679 2186 1730 δέ
2217 1682 2280 1748 τῇ
2314 1680 2473 1747 φύσει
2509 1682 2752 1751 νικηθεὶς
2783 1685 3024 1751 φείδεται
3049 1685 3143 1737 τοῦ
3172 1685 3479 1755 τεχθέντος.

348 1769 403 1822 Ὀ
429 1773 570 1840 πρὸς
600 1773 724 1834 τοὺς
747 1773 942 1842 Τρῶας
976 1774 1215 1844 πόλεμος
1251 1777 1510 1846 Ἕλλησιν
1539 1779 1834 1850 ἐκροτήθη,

337 1861 510 1931 Χάριν
545 1863 762 1932 Ἑλένης
793 1867 1040 1934 γαμετῆς
1071 1865 1237 1936 οὔσης
1268 1868 1364 1920 τοῦ
1401 1869 1698 1922 Μενελάου.

335 1952 552 2023 Ταύτην
591 1953 699 2021 ἐγὼ
728 1954 1051 2024 βουλόμενος
1088 1958 1188 2027 τὴν
1222 1959 1404 2028 μάχην
1447 1961 1733 2030 ἱστορῆσαι

336 2044 535 2108 Καθὼς
561 2048 671 2110 τοῖς
705 2049 1021 2119 ίστορήσασι
1059 2050 1329 2119 γράφεται
1364 2051 1493 2122 περὶ
1526 2052 1748 2122 ταύτης,

335 2139 439 2191 Καὶ
473 2139 686 2208 μέλλων
716 2141 895 2209 λέγειν
925 2143 984 2196 οὐ
1017 2143 1203 2208 καθὼς
1233 2146 1482 2216 ’Όμηρος
1511 2145 1906 2218 dampnat",

334 2229 677 2301 Συγγνώμην
709 2232 1063 2304 ἐξαιτήσομαι
1096 2240 1246 2306 παρὰ
1277 2238 1384 2290 τῶν
1413 2240 1799 2307 εὐγνωμόνων.

335 2320 484 2390 Ὅμη
497 2337 588 2390 ρος
611 2322 718 2391 γὰρ
737 2324 781 2354 δ⁶
802 2327 828 2376 ὁ
855 2325 1106 2396 μελιχρὸς
1131 2329 1231 2398 τὴν
1258 2329 1505 2396 γλῶτταν
1529 2331 1620 2384 καὶ
1640 2329 1910 2393 θελξίνους

329 2412 597 2476 Μεοόόοις
624 2415 902 2486 χρώμενος
932 2423 1122 2486 σοφαῖς
1153 2423 1430 2490 οἰκονομεῖ
1462 2423 1586 2486 τοὺς
1615 2423 1828 2492 λόγους,

341 2503 596 2573 Ἐνιαχοῦ
626 2505 681 2557 δὲ
704 2507 770 2558 τὰ
802 2507 971 2561 πολλὰ
999 2510 1221 2579 στρέφει
1252 2513 1347 2563 καὶ
1379 2513 1744 2582 μεταστρέφει
1768 2515 1836 2570 ⁸⁷.

343 2595 517 2648 Ἀλλὰ
536 2596 641 2668 γὰρ
667 2598 766 2668 ήδη
793 2617 884 2669 μοι
907 2600 1089 2654 λοιπὸν
1119 2601 1294 2655 ταῦτα
1317 2602 1624 2674 διηγητέον·

395 2687 499 2757 Τῷ
527 2689 891 2758 Λαομέδοντος
920 2692 1070 2746 παιδὶ
1092 2693 1168 2760 τῷ
1199 2693 1570 2764 φυλαρχοῦντι
1605 2696 1809 2766 Τρώων

325 2777 575 2850 Πριάμῳ
607 2780 837 2848 σύζυγος
867 2787 1032 2852 συνῆν
1078 2781 1284 2854 Ἑκάϐη
1311 2788 1440 2848 παῖς
1474 2787 1743 2853 Κισσέως,

2018 1769 2273 1838 Νομίζων
2296 1771 2352 1823 δὲ
2384 1772 2710 1838 σοφίσασθαι
2743 1774 2804 1826 τὸ
2837 1775 3128 1846 δραστικὸν
3166 1779 3262 1846 τῆς
3293 1777 3483 1846 τύχης,

2025 1858 2260 1921 ’Δλλοις
2289 1862 2770 1931 ἐκτραφησόμενον
2801 1866 3079 1935 ἐκτίθησιν
3099 1868 3178 1929 είς
3209 1868 3385 1938 χῶρον
3415 1870 3449 1906 ⁵¹

2017 1949 2122 2002 Τὸν
2149 1951 2245 2004 ἀπ’
2276 1952 2441 2005 αὐτοῦ
2466 1951 2561 2005 τοῦ
2591 1954 2824 2025 Πάριδος
2861 1956 3064 2025 Πάριον
3095 1957 3449 2028 κεκλημένον.

2021 2041 2288 2112 Ἔῤῥιπτο
2325 2043 2503 2096 τοίνυν
2537 2046 2774 2114 ἀμελῶς.
2816 2039 2990 2117 Εὗρον
3032 2048 3162 2100 αὐτὸ
3196 2049 3476 2116 ποιμένες,

2029 2130 2404 2201 ’ῼκτείρησαν,
2432 2132 2723 2212 ἀνείλοντο.
2764 2135 3037 2207 Κήδονται
3069 2137 3164 2190 τοῦ
3193 2137 3412 2208 νηπίου,

2019 2220 2126 2271 Καὶ
2157 2219 2430 2290 βρεφικῶς
2452 2224 2497 2253 δ’
2532 2225 2856 2294 ἐκτρέφουσι
2893 2227 3066 2298 Πάριν
3095 2229 3461 2298 ὠνομακότες.

2021 2309 2158 2378 Ἤδη
2191 2309 2235 2360 δ’
2264 2310 2427 2363 αὐτὸν
2467 2313 2763 2380 ἐγγίσαντα
2802 2315 3082 2386 μειράκων
3122 2317 3310 2388 ἡλικίᾳ

2030 2398 2088 2449 '0
2130 2399 2375 2467 Πρίαμος
2404 2402 2684 2454 συνέστιον
2714 2403 2878 2456 αὐτὸν
2905 2405 3345 2473 παραλαμϐάνει,

2017 2489 2263 2559 Νομίσας
2295 2492 2371 2553 ὡς
2406 2493 2713 2560 ἐκπέφευγε
2739 2493 2840 2563 τὴν
2871 2494 2967 2547 ἀπ’
3007 2496 3217 2548 ἐκείνου
3258 2496 3485 2568 βλάϐην.

2031 2578 2174 2632 ’Λλλ’
2206 2575 2348 2650 ἦσαν
2375 2581 2776 2649 ἀμετάκλωστα
2799 2582 2866 2635 τὰ
2896 2584 3114 2653 νήματα
3143 2587 3241 2655 τῆς
3262 2588 3451 2658 τύχης,

2018 2673 2129 2725 Kal.
2166 2673 2227 2724 τὸ
2255 2673 2514 2737 καθάπαξ
2543 2673 2789 2743 κυρωθὲν
2819 2675 2918 2729 οὔκ
2955 2670 3023 2746 ἦν
3059 2677 3414 2746 ἀναλυθῆναι.

2031 2764 2089 2816 '0
2128 2764 2235 2836 γὰρ
2280 2765 2628 2834 Ἀλέξανδρος
2657 2782 2777 2817 τινα
2804 2765 2914 2818 τῶν
2943 2767 3213 2836 ὁμογνίων
3245 2770 3482 2834 κτείνας,

3277 2879 3428 2934 Vers.
3459 2879 3594 2935 1H7

323 2973 565 3026 natione
621 2972 936 3043 superiores
979 2985 1135 3029 erant
1163 2975 1438 3046 vitamque
1483 2977 1792 3033 universam
1845 2997 1911 3036 ex

2019 2981 2120 3021 suo
2169 2966 2404 3020 liberum
2453 2977 2650 3022 mater.
2703 2965 2828 3021 Hzee
2873 2981 2997 3020 eum
3042 2982 3327 3037 praegnans
3354 2976 3502 3024 esset
3529 2985 3595 3023 ac

315 3066 504 3120 animi
547 3068 816 3120 sententia
872 3067 1263 3136 transigebant.
1331 3068 1555 3136 Quoties
1618 3081 1800 3126 autem
1845 3073 1912 3128 ad

316 3165 609 3211 astrorum
679 3158 884 3212 cultum
955 3160 1337 3214 exerbitabant
1415 3173 1469 3215 et
1534 3174 1773 3218 mentem
1848 3166 1914 3219 ad

315 3247 606 3301 inanimes
633 3264 910 3318 vanosque
938 3248 1071 3304 deos
1105 3250 1458 3320 adjiciebant,
1498 3254 1680 3307 statim
1715 3255 1912 3308 θαι-(ιτα

318 3341 494 3394 sariis
538 3340 592 3393 in
622 3341 943 3394 servitutem
991 3342 1376 3396 tradebantur.
1433 3343 1600 3412 igitur
1642 3361 1814 3413 usque
1849 3345 1916 3397 ad

320 3429 647 3485 Samuelem
700 3432 916 3501 judiccs
962 3432 1318 3500 imperarunt.
1380 3435 1646 3502 Deinceps
1695 3436 1776 3488 eis
1825 3449 1919 3487 rex

319 3522 500 3577 datus
527 3530 634 3586 est,
670 3521 749 3574 uti
783 3523 1077 3590 petierant,
1103 3521 1304 3575 Saulus
1332 3521 1442 3576 Cisi
1479 3522 1625 3576 ﬁlius
1671 3524 1738 3578 de
1769 3524 1918 3577 tribu

314 3609 651 3680 Benjamin.
676 3609 810 3662 Post
850 3608 1074 3661 Saulum
1121 3609 1314 3674 David,
1351 3626 1582 3680 magnus
1619 3612 1708 3666 ille
1745 3623 1915 3676 vates,

310 3701 524 3770 gentis
555 3698 612 3751 fit
639 3699 916 3769 princeps,
947 3698 1076 3754 dum
1108 3715 1240 3755 oves
1269 3702 1468 3771 pascit.
1520 3702 1918 3758 Suecesserunt

306 3789 537 3853 ordine
576 3787 837 3842 tredecim
870 3787 937 3842 ad
969 3786 1293 3844 Jechoniam
1327 3806 1528 3860 usque;
1584 3792 1740 3860 cujus
1782 3803 1918 3846 tem-

312 3895 466 3953 pore
526 3892 650 3932 cum
713 3878 1225 3936 Nabuchodonosor
1275 3890 1360 3936 ter
1405 3883 1668 3947 venisset,
1721 3882 1916 3938 urbem

312 3990 451 4030 cum
489 3971 685 4028 divino
719 3971 922 4041 templo
953 3972 1162 4028 exussit
1189 3981 1247 4028 et
1295 3974 1561 4043 populum
1596 3974 1650 4028 in
1685 3973 1916 4044 Babylo-

314 4069 482 4122 niam
519 4065 803 4135 regionem
836 4064 1138 4118 transtulit.

392 4156 619 4214 Davide
646 4164 830 4210 autem
863 4156 1076 4210 nationi
1108 4171 1222 4212 suae
1254 4155 1558 4227 imperante
1591 4157 1764 4214 Graeci
1797 4161 1915 4215 bel-

315 4249 439 4302 lum
485 4244 762 4300 adversus
811 4243 1082 4312 Troianos
1118 4253 1426 4298 moverunt.
1464 4245 1683 4301 lle-lena:
1730 4263 1916 4312 causa,

315 4352 448 4407 qua:
511 4333 751 4388 Menelai
783 4334 984 4404 oonqu
1031 4343 1170 4387 erat.
1223 4333 1336 4387 Hoc
1409 4334 1611 4389 bellum
1659 4337 1914 4404 equidem

1969 3052 1986 3072 ’
2019 3058 2197 3128 partui
2230 3058 2426 3123 vicina,
2459 3068 2856 3112 nocturnorum
2907 3059 3248 3113 somniorum
3291 3059 3578 3114 terricula-

2020 3151 2220 3203 mentis
2253 3150 2676 3219 percellebatur.
2731 3150 2866 3203 Nam
2913 3151 3100 3205 videre
3141 3150 3244 3204 sibi
3305 3151 3595 3206 videbatur

2019 3239 2190 3295 facem
2251 3241 2556 3295 flammeam
2608 3241 2989 3295 carbonariam
3035 3241 3400 3309 prodeuntem
3439 3257 3470 3296 e
3499 3257 3596 3295 νοτ

2020 3334 2206 3386 rendis
2252 3336 2368 3386 suis
2404 3343 2458 3388 et
2504 3340 2830 3388 exurentem
2867 3333 2990 3401 igne
3039 3332 3232 3384 urbem
3275 3333 3591 3386 universam

2022 3434 2128 3471 una
2157 3437 2280 3473 cum
2309 3423 2413 3476 Ida:
2438 3423 2610 3476 silvis.
2645 3421 2812 3475 Audit
2847 3422 2952 3475 hoe
2985 3422 3256 3488 Priamus,
3287 3437 3411 3477 cum
3458 3426 3599 3478 vati-

2022 3509 2125 3563 bus
2181 3513 2570 3566 communicat.
2625 3511 2882 3582 lntelligit
2937 3521 3044 3566 tam
3103 3513 3208 3567 sibi
3265 3529 3427 3582 quam
3475 3515 3597 3571 urbi

2021 3601 2156 3655 utile
2189 3601 2458 3663 futurum.
2501 3603 2546 3657 si
2592 3603 2737 3658 fetus
2771 3604 2859 3658 ille
2897 3604 3029 3659 feris
3066 3604 3259 3659 bestiis
3292 3613 3601 3674 exponatur

2020 3692 2105 3745 vel
2143 3693 2210 3746 ad
2266 3694 2548 3748 interitum
2595 3695 2880 3750 ardentem
2926 3696 2981 3750 in
3029 3695 3210 3767 ignem
3246 3697 3596 3769 conjiciatur.

2019 3785 2188 3840 Paulo
2219 3795 2342 3855 post
2367 3786 2674 3842 Alexander
2712 3790 2768 3842 in
2813 3789 2993 3843 lucem
3026 3789 3254 3859 prodiit,
3291 3789 3474 3844 infans
3501 3805 3600 3845 vc-

2019 3885 2234 3940 nustus,
2265 3877 2560 3943 formosus,
2597 3877 2734 3934 facie
2783 3879 2988 3950 lepida.
3032 3879 3278 3935 Debebat
3309 3880 3399 3935 hic
3439 3882 3601 3936 Pria-

2019 3983 2163 4031 mus,
2221 3969 2368 4022 nulla
2409 3970 2528 4040 ejus
2579 3970 2764 4024 habita
2821 3971 3055 4036 ratione,
3111 3970 3474 4040 prodeuntem
3531 3985 3600 4024 ex

2019 4056 2141 4108 alvo
2166 4055 2426 4110 infantem
2464 4059 2649 4112 statim
2683 4058 2913 4128 perdere
2940 4075 2954 4124 ;
3016 4073 3206 4111 verum
3233 4057 3413 4112 victus
3444 4073 3473 4111 a
3504 4073 3603 4112 na-

2021 4156 2145 4200 tura
2191 4146 2246 4199 in
2296 4147 2474 4201 lucem
2519 4148 2671 4202 edito
2719 4149 2915 4217 parcit.
2962 4146 3212 4217 Cumque
3264 4162 3324 4203 se
3377 4157 3600 4217 putaret

2021 4237 2280 4292 astutiam
2332 4238 2568 4292 fortuna:
2632 4238 3030 4308 deeepturum,
3080 4238 3305 4308 exponit
3357 4254 3483 4294 eum
3544 4239 3600 4294 in

2021 4343 2212 4398 agrum
2249 4327 2318 4380 ab
2354 4328 2476 4380 aliis
2517 4326 2887 4381 educandum.
2942 4327 3050 4399 24
3078 4327 3180 4394 Qui
3210 4343 3340 4398 ager
3377 4327 3447 4382 ab
3479 4328 3599 4397 ipso

316 4405 620 4482 memoria:
648 4424 970 4494 proditurus
1000 4423 1463 4494 quemadmodum
1497 4427 1565 4479 ab
1595 4428 1662 4480 iis
1701 4427 1913 4481 descri-
1951 4405 1990 4457 ί)
2017 4419 2216 4472 Paride
2259 4419 2453 4472 Parius
2500 4427 2582 4472 ρει
2612 4418 2937 4487 appellatus.
2979 4418 3238 4488 Abjcclus
3277 4427 3398 4472 erat
3427 4417 3598 4486 negli-

316 4521 480 4576 bitur
516 4519 618 4590 qui
651 4517 784 4572 illud
816 4517 1094 4582 viderunt,
1131 4501 1382 4586 adeoque
1421 4517 1672 4572 dicturus
1709 4519 1778 4573 ab
1808 4519 1912 4574 llo-

316 4627 487 4666 mero
525 4624 643 4664 non
675 4617 823 4663 recte
852 4608 1192 4677 descriptum
1232 4623 1380 4672 esse,
1426 4609 1644 4662 veniam
1679 4625 1708 4663 a
1747 4610 1917 4664 bene-

318 4701 472 4754 volis
530 4696 841 4752 lectoribus
888 4698 1201 4767 postulabo.
1241 4699 1375 4752 Nam
1432 4698 1702 4752 Homerus
1735 4699 1917 4769 lingua

317 4790 589 4842 mellitus
623 4794 680 4839 et
733 4785 1092 4840 illecebrosus
1135 4787 1480 4841 narrationes
1526 4788 1747 4857 quidem
1791 4804 1920 4844 suas

319 4877 610 4939 instituit,
644 4875 956 4930 rationibus
984 4874 1161 4930 doctis
1195 4887 1356 4932 utens
1404 4896 1416 4931 :
1475 4893 1671 4932 verum
1716 4879 1919 4934 alicubi

318 4969 596 5039 quaedam
631 4963 802 5020 ﬂectit
833 4974 888 5020 et
918 4966 1162 5020 invertit.
1210 4968 1281 5020 At
1309 4968 1458 5022 enim
1494 4969 1610 5039 ipsa
1651 4984 1740 5026 res
1788 4971 1922 5026 mihi

320 5058 831 5116 commemoranda
856 5059 1032 5112 venit.

395 5151 558 5206 Filio
595 5147 1006 5214 Laomedontis,
1035 5147 1284 5220 Trojame
1299 5152 1478 5222 gentis
1505 5151 1760 5223 principi,
1790 5170 1924 5209 eon-

322 5245 424 5313 jux
498 5249 634 5296 crat
677 5239 900 5296 Hecuba
940 5239 1110 5296 Cissei
1150 5241 1258 5296 filia
1286 5283 1301 5308 ,
1339 5244 1636 5298 multorum
1666 5261 1697 5300 e
1729 5247 1926 5301 marito

2018 4519 2250 4580 genter;
2286 4509 2611 4578 reperitura
2648 4510 2992 4578 pastoribus;
3068 4509 3278 4563 miserti
3321 4517 3470 4571 sunt,
3499 4508 3601 4559 tol-

2019 4591 2163 4664 lunt,
2197 4616 2387 4656 curam
2419 4600 2644 4654 infantis
2673 4601 2898 4667 habent,
2936 4600 3300 4668 Paridemque
3345 4608 3599 4651 vocatum

2021 4691 2293 4746 infantum
2349 4707 2498 4747 more
2537 4695 2790 4746 educant.
2837 4693 3086 4762 Cumque
3120 4692 3230 4760 jam
3279 4686 3602 4743 accessisset

2022 4785 2090 4838 ad
2117 4799 2293 4838 annos
2326 4784 2732 4850 adolescentiaz,
2771 4784 3020 4837 Priamus
3065 4798 3188 4835 cum
3216 4793 3344 4833 suas
3373 4779 3426 4830 in
3452 4777 3601 4832 a-des

2023 4877 2243 4948 recipit,
2282 4877 2580 4932 arbitratus
2610 4892 2668 4931 se
2696 4864 3041 4945 jam'vitasse
3078 4872 3337 4925 damnum
3379 4870 3448 4924 ab
3481 4869 3598 4939 ipso

2022 4970 2335 5027 imminens.
2370 4971 2574 5025 Verum
2621 4969 2741 5022 telae
2789 4967 3022 5021 fortunae
3068 4963 3277 5018 revolvi
3331 4979 3440 5017 non
3504 4977 3602 5031 po-

2023 5072 2227 5128 terant,
2257 5063 2514 5133 quodque
2549 5060 2718 5116 semel
2753 5059 3112 5114 constitutum
3157 5063 3275 5110 erat
3303 5095 3318 5120 ,
3349 5068 3460 5109 non
3495 5068 3598 5123 po-

2025 5162 2167 5209 terat
2215 5153 2462 5209 dissolvi.
2534 5152 2669 5207 Nam
2748 5163 2872 5205 cum
2941 5145 3251 5201 Alexander
3308 5152 3602 5214 cOgnatum

2023 5247 2316 5317 quemdam
2361 5244 2680 5308 occidisset,
2744 5256 2854 5297 non
2903 5239 2994 5294 ille
3051 5236 3274 5308 quidem
3323 5251 3393 5291 ex
3429 5231 3608 5294 animi

1703 5362 1903 5424 Variae
1942 5363 2274 5427 lectiones.

404 5470 451 5499 “
489 5463 677 5534 φυλῆς
724 5461 820 5516 τοῦ
855 5465 932 5534 Βεί
1019 5463 1114 5516 δ’ὁ
1145 5465 1429 5534 προφήτης
1481 5465 1594 5518 Att.

1695 5467 1740 5497 ⁸³
1770 5471 1948 5538 νέμων
1974 5473 2092 5525 τότε
2118 5472 2182 5525 Β.

2282 5471 2328 5499 ⁵⁵
2355 5467 2724 5538 κατάρχοντος
2911 5465 3034 5518 τότε
3155 5457 3612 5538 ἀλλοφύλων-θείς

325 5525 746 5609 δσμαντὶχράφει
780 5534 851 5609 Δ,
922 5533 967 5565 ⁸⁸
994 5535 1100 5609 μὲν
1139 5525 1237 5609 ΠΣ,
1266 5525 1328 5565 "5
1357 5525 1544 5609 τρέπει
1564 5537 1620 5609 R_
1641 5525 1972 5609 μετατρέπει
2003 5540 2116 5596 AR.
2196 5541 2240 5572 "
2268 5525 2517 5609 ἐκδοθείη
2539 5525 2611 5592 Ἠ.
2687 5525 2732 5569 δ”
2758 5536 2956 5606 βρέφος
2989 5536 3178 5608 χαρίεν
3208 5531 3271 5587 Β.
3298 5525 3358 5564 ’⁸⁸
3385 5543 3437 5587 v.
3472 5528 3612 5586 ΗΜ

328 5607 469 5663 add.
520 5604 602 5659 Β.
701 5605 744 5635 ⁸¹
785 5605 968 5674 χώραν
994 5603 1061 5658 Β.
1137 5605 1181 5635 ⁵⁸
1211 5602 1564 5674 βρεφοῦργῶς
1590 5602 1656 5660 Β.

3486 216 3592 280 Ξῖἓ
3701 260 3704 264 -

1951 327 2000 386 Α
2025 320 2137 373 Καὶ
2165 322 2350 391 μήτηρ
2376 319 2713 390 ἐχρημάτισε
2741 320 2948 374 πολλῶν
2979 323 3041 376 ἐκ
3067 322 3256 377 τούτου
3289 327 3519 384 παίδων.
