  <div class='ocr_page' id='page_1' title='image "/cluster/home/n/w/nwhite01/storage/ocr_20150623/127/hvd.32044073502411/138.png"; bbox 0 0 4106 6206; ppageno 0'>
   <div class='ocr_carea' id='block_1_1' title="bbox 376 150 518 236">
    <p class='ocr_par' dir='ltr' id='par_1_1' title="bbox 376 150 518 236">
     <span class='ocr_line' id='line_1_1' title="bbox 376 150 518 236; baseline 0 0"><span class='ocrx_word' id='word_1_1' title='bbox 376 174 484 236; x_wconf 68' lang='lat' dir='ltr'><strong>eos</strong></span> <span class='ocrx_word' id='word_1_2' title='bbox 511 150 518 174; x_wconf 87' lang='lat'><strong>‘</strong></span> 
     </span>
    </p>
   </div>
   <div class='ocr_carea' id='block_1_2' title="bbox 1523 170 2548 234">
    <p class='ocr_par' dir='ltr' id='par_1_2' title="bbox 1523 170 2548 234">
     <span class='ocr_line' id='line_1_2' title="bbox 1523 170 2548 234; baseline -0.002 -1"><span class='ocrx_word' id='word_1_3' title='bbox 1523 170 2031 233; x_wconf 79' lang='lat' dir='ltr'><strong>COMPENDIUM</strong></span> <span class='ocrx_word' id='word_1_4' title='bbox 2071 170 2548 234; x_wconf 82' lang='lat' dir='ltr'><strong>CHRONICUM.</strong></span> 
     </span>
    </p>
   </div>
   <div class='ocr_carea' id='block_1_3' title="bbox 3525 183 3634 246">
    <p class='ocr_par' dir='ltr' id='par_1_3' title="bbox 3525 183 3634 246">
     <span class='ocr_line' id='line_1_3' title="bbox 3525 183 3634 246; baseline 0 -1"><span class='ocrx_word' id='word_1_5' title='bbox 3525 183 3634 246; x_wconf 71' lang='lat'><strong>266</strong></span> 
     </span>
    </p>
   </div>
   <div class='ocr_carea' id='block_1_4' title="bbox 373 275 3634 358">
    <p class='ocr_par' dir='ltr' id='par_1_4' title="bbox 373 275 3634 358">
     <span class='ocr_line' id='line_1_4' title="bbox 373 275 3634 358; baseline -0.001 -14"><span class='ocrx_word' id='word_1_6' title='bbox 373 293 483 344; x_wconf 70' lang='lat' dir='ltr'><strong>bim</strong></span> <span class='ocrx_word' id='word_1_7' title='bbox 534 284 819 350; x_wconf 76' lang='grc' dir='ltr'>ἀποδώσω,</span> <span class='ocrx_word' id='word_1_8' title='bbox 878 283 979 338; x_wconf 72' lang='grc' dir='ltr'>κᾶν</span> <span class='ocrx_word' id='word_1_9' title='bbox 1032 285 1251 350; x_wconf 81' lang='grc' dir='ltr'>πολλαῖς</span> <span class='ocrx_word' id='word_1_10' title='bbox 1277 287 1342 318; x_wconf 68' lang='grc'><strong>⁵9⁸</strong></span> <span class='ocrx_word' id='word_1_11' title='bbox 1396 287 1576 357; x_wconf 70' lang='grc' dir='ltr'>χρήσῃ</span> <span class='ocrx_word' id='word_1_12' title='bbox 1631 287 1746 348; x_wconf 80' lang='grc' dir='ltr'>ταῖς</span> <span class='ocrx_word' id='word_1_13' title='bbox 1794 283 1952 335; x_wconf 82' lang='grc' dir='ltr'>κολα·</span> <span class='ocrx_word' id='word_1_14' title='bbox 1984 287 2029 342; x_wconf 73' lang='grc' dir='ltr'>Α</span> <span class='ocrx_word' id='word_1_15' title='bbox 2056 275 2238 334; x_wconf 80' lang='grc' dir='ltr'>Ἷῐσαν</span> <span class='ocrx_word' id='word_1_16' title='bbox 2280 283 2372 334; x_wconf 74' lang='grc' dir='ltr'>καὶ</span> <span class='ocrx_word' id='word_1_17' title='bbox 2417 282 2572 350; x_wconf 82' lang='grc' dir='ltr'>νῆσοι</span> <span class='ocrx_word' id='word_1_18' title='bbox 2615 282 2915 354; x_wconf 82' lang='grc' dir='ltr'>σύμμαχοι,</span> <span class='ocrx_word' id='word_1_19' title='bbox 2952 283 3161 356; x_wconf 81' lang='grc' dir='ltr'>Ἰθάκη,</span> <span class='ocrx_word' id='word_1_20' title='bbox 3200 285 3400 352; x_wconf 78' lang='grc' dir='ltr'>Ῥόδος,</span> <span class='ocrx_word' id='word_1_21' title='bbox 3428 289 3634 358; x_wconf 79' lang='grc' dir='ltr'>Σκῦρος</span> 
     </span>
    </p>
   </div>
   <div class='ocr_carea' id='block_1_5' title="bbox 1658 377 1875 448">
    <p class='ocr_par' dir='ltr' id='par_1_5' title="bbox 1658 377 1875 448">
     <span class='ocr_line' id='line_1_5' title="bbox 1658 377 1875 448; baseline 0 -19"><span class='ocrx_word' id='word_1_22' title='bbox 1658 377 1875 448; x_wconf 86' lang='grc' dir='ltr'>[κείαις,</span> 
     </span>
    </p>
   </div>
   <div class='ocr_carea' id='block_1_6' title="bbox 371 469 1944 542">
    <p class='ocr_par' dir='ltr' id='par_1_6' title="bbox 371 469 1944 542">
     <span class='ocr_line' id='line_1_6' title="bbox 371 469 1944 542; baseline -0.004 -16"><span class='ocrx_word' id='word_1_23' title='bbox 371 472 460 541; x_wconf 72' lang='grc' dir='ltr'>Τῷ</span> <span class='ocrx_word' id='word_1_24' title='bbox 495 471 540 524; x_wconf 77' lang='grc' dir='ltr'>δ’</span> <span class='ocrx_word' id='word_1_25' title='bbox 582 470 806 540; x_wconf 82' lang='grc' dir='ltr'>Ἕλληνι</span> <span class='ocrx_word' id='word_1_26' title='bbox 837 471 915 540; x_wconf 76' lang='grc' dir='ltr'>τῷ</span> <span class='ocrx_word' id='word_1_27' title='bbox 963 470 1116 542; x_wconf 86' lang='grc' dir='ltr'>παρὰ</span> <span class='ocrx_word' id='word_1_28' title='bbox 1149 469 1244 523; x_wconf 75' lang='grc' dir='ltr'>σοῦ</span> <span class='ocrx_word' id='word_1_29' title='bbox 1289 469 1539 540; x_wconf 74' lang='grc' dir='ltr'>βλαϐέντι</span> <span class='ocrx_word' id='word_1_30' title='bbox 1582 469 1908 538; x_wconf 86' lang='grc' dir='ltr'>συντηρήσω</span> <span class='ocrx_word' id='word_1_31' title='bbox 1931 483 1944 496; x_wconf 93' lang='grc'><strong>·</strong></span> 
     </span>
    </p>
   </div>
   <div class='ocr_carea' id='block_1_7' title="bbox 371 559 1942 633">
    <p class='ocr_par' dir='ltr' id='par_1_7' title="bbox 371 559 1942 633">
     <span class='ocr_line' id='line_1_7' title="bbox 371 559 1942 633; baseline -0.005 -16"><span class='ocrx_word' id='word_1_32' title='bbox 371 566 440 619; x_wconf 72' lang='grc' dir='ltr'><strong>Σὺ</strong></span> <span class='ocrx_word' id='word_1_33' title='bbox 453 563 572 628; x_wconf 76' lang='grc' dir='ltr'>δ’ἐξ</span> <span class='ocrx_word' id='word_1_34' title='bbox 593 563 762 632; x_wconf 75' lang='grc' dir='ltr'>αὐτῆς</span> <span class='ocrx_word' id='word_1_35' title='bbox 788 562 1056 633; x_wconf 86' lang='grc' dir='ltr'>ἀπόστηθι</span> <span class='ocrx_word' id='word_1_36' title='bbox 1075 565 1142 622; x_wconf 69' lang='grc' dir='ltr'><strong>⁸ο.</strong></span> <span class='ocrx_word' id='word_1_37' title='bbox 1168 565 1274 618; x_wconf 86' lang='grc' dir='ltr'><strong>κάκ</strong></span> <span class='ocrx_word' id='word_1_38' title='bbox 1301 562 1398 632; x_wconf 82' lang='grc' dir='ltr'><strong>τῆς</strong></span> <span class='ocrx_word' id='word_1_39' title='bbox 1417 561 1694 629; x_wconf 77' lang='grc' dir='ltr'><strong>Αἰγύπτου</strong></span> <span class='ocrx_word' id='word_1_40' title='bbox 1719 559 1906 628; x_wconf 80' lang='grc' dir='ltr'>φεῦγε.</span> <span class='ocrx_word' id='word_1_41' title='bbox 1924 578 1942 609; x_wconf 73' lang='grc' dir='ltr'><strong>ι</strong></span> 
     </span>
    </p>
   </div>
   <div class='ocr_carea' id='block_1_8' title="bbox 372 649 1942 725">
    <p class='ocr_par' dir='ltr' id='par_1_8' title="bbox 372 649 1942 725">
     <span class='ocr_line' id='line_1_8' title="bbox 372 649 1942 725; baseline -0.001 -19"><span class='ocrx_word' id='word_1_42' title='bbox 372 655 623 725; x_wconf 81' lang='grc' dir='ltr'>Πρωτεὺς</span> <span class='ocrx_word' id='word_1_43' title='bbox 657 656 757 723; x_wconf 82' lang='grc' dir='ltr'>μὲν</span> <span class='ocrx_word' id='word_1_44' title='bbox 783 649 875 707; x_wconf 76' lang='grc' dir='ltr'><strong>οὖν</strong></span> <span class='ocrx_word' id='word_1_45' title='bbox 912 655 1008 708; x_wconf 78' lang='grc' dir='ltr'><strong>σὺν</strong></span> <span class='ocrx_word' id='word_1_46' title='bbox 1032 654 1282 717; x_wconf 78' lang='grc' dir='ltr'><strong>ἀπειλαῖς</strong></span> <span class='ocrx_word' id='word_1_47' title='bbox 1313 653 1573 708; x_wconf 77' lang='grc' dir='ltr'><strong>ἀπώσατο</strong></span> <span class='ocrx_word' id='word_1_48' title='bbox 1606 653 1698 704; x_wconf 79' lang='grc' dir='ltr'>τὸν</span> <span class='ocrx_word' id='word_1_49' title='bbox 1732 652 1903 722; x_wconf 82' lang='grc' dir='ltr'>Πάριν</span> <span class='ocrx_word' id='word_1_50' title='bbox 1927 668 1942 683; x_wconf 89' lang='grc'><strong>·</strong></span> 
     </span>
    </p>
   </div>
   <div class='ocr_carea' id='block_1_9' title="bbox 385 743 1838 816">
    <p class='ocr_par' dir='ltr' id='par_1_9' title="bbox 385 743 1838 816">
     <span class='ocr_line' id='line_1_9' title="bbox 385 743 1838 816; baseline -0.001 -18"><span class='ocrx_word' id='word_1_51' title='bbox 385 745 529 798; x_wconf 77' lang='grc' dir='ltr'>Ὀοδὲ</span> <span class='ocrx_word' id='word_1_52' title='bbox 559 747 742 807; x_wconf 79' lang='grc' dir='ltr'>κεναῖς</span> <span class='ocrx_word' id='word_1_53' title='bbox 776 744 1082 815; x_wconf 73' lang='grc' dir='ltr'>ὑπέστρεψε</span> <span class='ocrx_word' id='word_1_54' title='bbox 1116 745 1276 816; x_wconf 81' lang='grc' dir='ltr'>χερσὶ</span> <span class='ocrx_word' id='word_1_55' title='bbox 1297 745 1433 816; x_wconf 82' lang='grc' dir='ltr'>πρὸς</span> <span class='ocrx_word' id='word_1_56' title='bbox 1460 744 1559 816; x_wconf 76' lang='grc' dir='ltr'>τὴν</span> <span class='ocrx_word' id='word_1_57' title='bbox 1583 743 1838 815; x_wconf 81' lang='grc' dir='ltr'><strong>πατρίδα,</strong></span> 
     </span>
    </p>
   </div>
   <div class='ocr_carea' id='block_1_10' title="bbox 369 835 1737 907">
    <p class='ocr_par' dir='ltr' id='par_1_10' title="bbox 369 835 1737 907">
     <span class='ocr_line' id='line_1_10' title="bbox 369 835 1737 907; baseline -0.001 -19"><span class='ocrx_word' id='word_1_58' title='bbox 369 837 477 904; x_wconf 81' lang='grc' dir='ltr'><strong>Τῆς</strong></span> <span class='ocrx_word' id='word_1_59' title='bbox 508 837 699 905; x_wconf 78' lang='grc' dir='ltr'><strong>ἡδονῆς</strong></span> <span class='ocrx_word' id='word_1_60' title='bbox 747 835 1085 905; x_wconf 79' lang='grc' dir='ltr'><strong>γευσάμενος</strong></span> <span class='ocrx_word' id='word_1_61' title='bbox 1109 837 1264 907; x_wconf 82' lang='grc' dir='ltr'>ἄκρῳ</span> <span class='ocrx_word' id='word_1_62' title='bbox 1289 836 1539 906; x_wconf 76' lang='grc' dir='ltr'>δακτύλῳ</span> <span class='ocrx_word' id='word_1_63' title='bbox 1569 837 1737 905; x_wconf 84' lang='grc' dir='ltr'>μόνῳ,</span> 
     </span>
    </p>
   </div>
   <div class='ocr_carea' id='block_1_11' title="bbox 368 929 1802 1001">
    <p class='ocr_par' dir='ltr' id='par_1_11' title="bbox 368 929 1802 1001">
     <span class='ocr_line' id='line_1_11' title="bbox 368 929 1802 1001; baseline 0 -18"><span class='ocrx_word' id='word_1_64' title='bbox 368 931 476 984; x_wconf 66' lang='grc' dir='ltr'>Καί</span> <span class='ocrx_word' id='word_1_65' title='bbox 503 930 640 1000; x_wconf 84' lang='grc' dir='ltr'>πρὸς</span> <span class='ocrx_word' id='word_1_66' title='bbox 685 930 880 1000; x_wconf 70' lang='grc' dir='ltr'>αἰθέρα</span> <span class='ocrx_word' id='word_1_67' title='bbox 917 929 1226 998; x_wconf 83' lang='grc' dir='ltr'>φθάνουσαν</span> <span class='ocrx_word' id='word_1_68' title='bbox 1261 930 1537 1001; x_wconf 84' lang='grc' dir='ltr'>πυρκαϊὰν</span> <span class='ocrx_word' id='word_1_69' title='bbox 1568 929 1802 999; x_wconf 53' lang='lat' dir='ltr'><strong>among.</strong></span> 
     </span>
    </p>
   </div>
   <div class='ocr_carea' id='block_1_12' title="bbox 437 1021 1944 1094">
    <p class='ocr_par' dir='ltr' id='par_1_12' title="bbox 437 1021 1944 1094">
     <span class='ocr_line' id='line_1_12' title="bbox 437 1021 1944 1094; baseline -0.003 -16"><span class='ocrx_word' id='word_1_70' title='bbox 437 1025 548 1078; x_wconf 79' lang='grc' dir='ltr'>Καὶ</span> <span class='ocrx_word' id='word_1_71' title='bbox 600 1024 792 1092; x_wconf 80' lang='grc' dir='ltr'><strong>γάρτοι</strong></span> <span class='ocrx_word' id='word_1_72' title='bbox 845 1024 984 1092; x_wconf 85' lang='grc' dir='ltr'><strong>μετά</strong></span> <span class='ocrx_word' id='word_1_73' title='bbox 1036 1023 1125 1076; x_wconf 85' lang='grc' dir='ltr'><strong>τὸν</strong></span> <span class='ocrx_word' id='word_1_74' title='bbox 1169 1023 1412 1094; x_wconf 75' lang='grc' dir='ltr'>δρασμὸν</span> <span class='ocrx_word' id='word_1_75' title='bbox 1458 1023 1650 1078; x_wconf 82' lang='grc' dir='ltr'>τούτου</span> <span class='ocrx_word' id='word_1_76' title='bbox 1696 1021 1788 1075; x_wconf 76' lang='grc' dir='ltr'>τὸν</span> <span class='ocrx_word' id='word_1_77' title='bbox 1837 1021 1944 1074; x_wconf 79' lang='grc' dir='ltr'><strong>ἀπὸ</strong></span> 
     </span>
    </p>
   </div>
   <div class='ocr_carea' id='block_1_13' title="bbox 1616 1114 1870 1184">
    <p class='ocr_par' dir='ltr' id='par_1_13' title="bbox 1616 1114 1870 1184">
     <span class='ocr_line' id='line_1_13' title="bbox 1616 1114 1870 1184; baseline 0 -18"><span class='ocrx_word' id='word_1_78' title='bbox 1616 1114 1870 1184; x_wconf 79' lang='grc' dir='ltr'>Σπάρτης</span> 
     </span>
    </p>
   </div>
   <div class='ocr_carea' id='block_1_14' title="bbox 367 1204 1764 1278">
    <p class='ocr_par' dir='ltr' id='par_1_14' title="bbox 367 1204 1764 1278">
     <span class='ocr_line' id='line_1_14' title="bbox 367 1204 1764 1278; baseline 0.001 -20"><span class='ocrx_word' id='word_1_79' title='bbox 367 1207 474 1258; x_wconf 73' lang='grc' dir='ltr'>Καὶ</span> <span class='ocrx_word' id='word_1_80' title='bbox 502 1204 602 1275; x_wconf 81' lang='grc' dir='ltr'>τὴν</span> <span class='ocrx_word' id='word_1_81' title='bbox 644 1204 863 1276; x_wconf 83' lang='grc' dir='ltr'>Ἑλένης</span> <span class='ocrx_word' id='word_1_82' title='bbox 895 1206 1156 1278; x_wconf 77' lang='grc' dir='ltr'>ἁρπαγὴν</span> <span class='ocrx_word' id='word_1_83' title='bbox 1187 1207 1366 1260; x_wconf 83' lang='grc' dir='ltr'>τοιάδε</span> <span class='ocrx_word' id='word_1_84' title='bbox 1402 1206 1764 1278; x_wconf 78' lang='grc' dir='ltr'>συμϐεϐήκει.</span> 
     </span>
    </p>
   </div>
   <div class='ocr_carea' id='block_1_15' title="bbox 378 1296 1540 1368">
    <p class='ocr_par' dir='ltr' id='par_1_15' title="bbox 378 1296 1540 1368">
     <span class='ocr_line' id='line_1_15' title="bbox 378 1296 1540 1368; baseline 0.003 -20"><span class='ocrx_word' id='word_1_85' title='bbox 378 1296 655 1350; x_wconf 86' lang='grc' dir='ltr'>Ἑπάνεισι</span> <span class='ocrx_word' id='word_1_86' title='bbox 685 1297 962 1359; x_wconf 76' lang='grc' dir='ltr'>Μενέλαος</span> <span class='ocrx_word' id='word_1_87' title='bbox 992 1299 1056 1350; x_wconf 87' lang='grc' dir='ltr'><strong>ἐκ</strong></span> <span class='ocrx_word' id='word_1_88' title='bbox 1078 1297 1176 1368; x_wconf 82' lang='grc' dir='ltr'>τῆς</span> <span class='ocrx_word' id='word_1_89' title='bbox 1205 1297 1540 1367; x_wconf 72' lang='grc' dir='ltr'>ἀποδημίας,</span> 
     </span>
    </p>
   </div>
   <div class='ocr_carea' id='block_1_16' title="bbox 365 1387 1722 1460">
    <p class='ocr_par' dir='ltr' id='par_1_16' title="bbox 365 1387 1722 1460">
     <span class='ocr_line' id='line_1_16' title="bbox 365 1387 1722 1460; baseline -0.001 -18"><span class='ocrx_word' id='word_1_90' title='bbox 365 1387 640 1442; x_wconf 74' lang='grc' dir='ltr'>Μανθάνει</span> <span class='ocrx_word' id='word_1_91' title='bbox 678 1389 739 1441; x_wconf 83' lang='grc' dir='ltr'><strong>τὸ</strong></span> <span class='ocrx_word' id='word_1_92' title='bbox 769 1389 1082 1458; x_wconf 82' lang='grc' dir='ltr'>γενόμενον,</span> <span class='ocrx_word' id='word_1_93' title='bbox 1116 1389 1343 1460; x_wconf 76' lang='grc' dir='ltr'>ῥηγνύει</span> <span class='ocrx_word' id='word_1_94' title='bbox 1367 1390 1466 1460; x_wconf 83' lang='grc' dir='ltr'><strong>τὴν</strong></span> <span class='ocrx_word' id='word_1_95' title='bbox 1495 1389 1722 1458; x_wconf 83' lang='grc' dir='ltr'>ἐσθῆτα,</span> 
     </span>
    </p>
   </div>
   <div class='ocr_carea' id='block_1_17' title="bbox 367 1480 1795 1554">
    <p class='ocr_par' dir='ltr' id='par_1_17' title="bbox 367 1480 1795 1554">
     <span class='ocr_line' id='line_1_17' title="bbox 367 1480 1795 1554; baseline 0.001 -23"><span class='ocrx_word' id='word_1_96' title='bbox 367 1481 474 1534; x_wconf 71' lang='grc' dir='ltr'><strong>Καὶ</strong></span> <span class='ocrx_word' id='word_1_97' title='bbox 506 1483 602 1534; x_wconf 76' lang='grc' dir='ltr'><strong>σὺν</strong></span> <span class='ocrx_word' id='word_1_98' title='bbox 629 1481 778 1550; x_wconf 86' lang='grc' dir='ltr'>αύτῷ</span> <span class='ocrx_word' id='word_1_99' title='bbox 807 1480 1124 1550; x_wconf 71' lang='grc' dir='ltr'>Τυνδάρειος</span> <span class='ocrx_word' id='word_1_100' title='bbox 1155 1481 1335 1554; x_wconf 83' lang='grc' dir='ltr'>πατὴρ</span> <span class='ocrx_word' id='word_1_101' title='bbox 1362 1483 1391 1535; x_wconf 84' lang='grc' dir='ltr'><strong>ὀ</strong></span> <span class='ocrx_word' id='word_1_102' title='bbox 1419 1483 1517 1553; x_wconf 84' lang='grc' dir='ltr'>τῆς</span> <span class='ocrx_word' id='word_1_103' title='bbox 1560 1480 1795 1551; x_wconf 77' lang='grc' dir='ltr'>Ἑλένης.</span> 
     </span>
    </p>
   </div>
   <div class='ocr_carea' id='block_1_18' title="bbox 365 1571 1938 1643">
    <p class='ocr_par' dir='ltr' id='par_1_18' title="bbox 365 1571 1938 1643">
     <span class='ocr_line' id='line_1_18' title="bbox 365 1571 1938 1643; baseline -0.001 -19"><span class='ocrx_word' id='word_1_104' title='bbox 365 1572 457 1636; x_wconf 80' lang='grc' dir='ltr'><strong>Εἰς</strong></span> <span class='ocrx_word' id='word_1_105' title='bbox 481 1573 682 1643; x_wconf 82' lang='grc' dir='ltr'>μέσους</span> <span class='ocrx_word' id='word_1_106' title='bbox 714 1572 1069 1643; x_wconf 72' lang='grc' dir='ltr'>ἀφικνοῦνται</span> <span class='ocrx_word' id='word_1_107' title='bbox 1103 1573 1160 1627; x_wconf 83' lang='grc' dir='ltr'>δὲ</span> <span class='ocrx_word' id='word_1_108' title='bbox 1188 1575 1314 1638; x_wconf 80' lang='grc' dir='ltr'>τοὺς</span> <span class='ocrx_word' id='word_1_109' title='bbox 1340 1575 1450 1629; x_wconf 90' lang='grc' dir='ltr'><strong>τῶν</strong></span> <span class='ocrx_word' id='word_1_110' title='bbox 1487 1573 1759 1643; x_wconf 76' lang='grc' dir='ltr'>Ἑλλήνων</span> <span class='ocrx_word' id='word_1_111' title='bbox 1788 1571 1938 1641; x_wconf 82' lang='grc' dir='ltr'>πρώ-</span> 
     </span>
    </p>
   </div>
   <div class='ocr_carea' id='block_1_19' title="bbox 1641 1663 1869 1736">
    <p class='ocr_par' dir='ltr' id='par_1_19' title="bbox 1641 1663 1869 1736">
     <span class='ocr_line' id='line_1_19' title="bbox 1641 1663 1869 1736; baseline -0.018 -17"><span class='ocrx_word' id='word_1_112' title='bbox 1641 1664 1790 1736; x_wconf 86' lang='grc' dir='ltr'>[τους</span> <span class='ocrx_word' id='word_1_113' title='bbox 1828 1663 1869 1693; x_wconf 81' lang='grc'>⁸¹</span> 
     </span>
    </p>
   </div>
   <div class='ocr_carea' id='block_1_20' title="bbox 376 1754 1760 1828">
    <p class='ocr_par' dir='ltr' id='par_1_20' title="bbox 376 1754 1760 1828">
     <span class='ocr_line' id='line_1_20' title="bbox 376 1754 1760 1828; baseline 0.002 -22"><span class='ocrx_word' id='word_1_114' title='bbox 376 1754 779 1826; x_wconf 79' lang='grc' dir='ltr'>Ἥσδολωμένοι</span> <span class='ocrx_word' id='word_1_115' title='bbox 801 1756 1067 1827; x_wconf 80' lang='grc' dir='ltr'>πρόσωπα</span> <span class='ocrx_word' id='word_1_116' title='bbox 1094 1758 1187 1811; x_wconf 81' lang='grc' dir='ltr'><strong>καὶ</strong></span> <span class='ocrx_word' id='word_1_117' title='bbox 1220 1757 1760 1828; x_wconf 61' lang='grc' dir='ltr'>μελανειμονῶντες,</span> 
     </span>
    </p>
   </div>
   <div class='ocr_carea' id='block_1_21' title="bbox 365 1849 1833 1920">
    <p class='ocr_par' dir='ltr' id='par_1_21' title="bbox 365 1849 1833 1920">
     <span class='ocr_line' id='line_1_21' title="bbox 365 1849 1833 1920; baseline 0.002 -20"><span class='ocrx_word' id='word_1_118' title='bbox 365 1850 588 1918; x_wconf 86' lang='grc' dir='ltr'>Ὄρκων</span> <span class='ocrx_word' id='word_1_119' title='bbox 622 1851 1100 1920; x_wconf 84' lang='grc' dir='ltr'>ἀναμιμνήσκουσι</span> <span class='ocrx_word' id='word_1_120' title='bbox 1131 1849 1240 1904; x_wconf 89' lang='grc' dir='ltr'><strong>τῶν</strong></span> <span class='ocrx_word' id='word_1_121' title='bbox 1274 1849 1561 1920; x_wconf 80' lang='grc' dir='ltr'>φρικωδῶν</span> <span class='ocrx_word' id='word_1_122' title='bbox 1590 1851 1833 1916; x_wconf 87' lang='grc' dir='ltr'>ἐκείνων,</span> 
     </span>
    </p>
   </div>
   <div class='ocr_carea' id='block_1_22' title="bbox 363 1937 1728 2012">
    <p class='ocr_par' dir='ltr' id='par_1_22' title="bbox 363 1937 1728 2012">
     <span class='ocr_line' id='line_1_22' title="bbox 363 1937 1728 2012; baseline 0.001 -19"><span class='ocrx_word' id='word_1_123' title='bbox 363 1940 475 2003; x_wconf 70' lang='grc' dir='ltr'>Οὓς</span> <span class='ocrx_word' id='word_1_124' title='bbox 500 1937 641 2010; x_wconf 81' lang='grc' dir='ltr'>ἦσαν</span> <span class='ocrx_word' id='word_1_125' title='bbox 669 1941 931 2012; x_wconf 83' lang='grc' dir='ltr'>Ἕλληνες</span> <span class='ocrx_word' id='word_1_126' title='bbox 959 1941 1096 2012; x_wconf 84' lang='grc' dir='ltr'>όμοῦ</span> <span class='ocrx_word' id='word_1_127' title='bbox 1128 1942 1328 2005; x_wconf 79' lang='grc' dir='ltr'>πάντες</span> <span class='ocrx_word' id='word_1_128' title='bbox 1354 1942 1728 2011; x_wconf 84' lang='grc' dir='ltr'>ὀμωμοκότες,</span> 
     </span>
    </p>
   </div>
   <div class='ocr_carea' id='block_1_23' title="bbox 373 2029 1748 2104">
    <p class='ocr_par' dir='ltr' id='par_1_23' title="bbox 373 2029 1748 2104">
     <span class='ocr_line' id='line_1_23' title="bbox 373 2029 1748 2104; baseline 0.001 -21"><span class='ocrx_word' id='word_1_129' title='bbox 373 2029 467 2095; x_wconf 79' lang='grc' dir='ltr'>Ὠς</span> <span class='ocrx_word' id='word_1_130' title='bbox 492 2033 541 2086; x_wconf 81' lang='grc' dir='ltr'><strong>εί</strong></span> <span class='ocrx_word' id='word_1_131' title='bbox 574 2032 757 2103; x_wconf 73' lang='grc' dir='ltr'>συμϐῇ</span> <span class='ocrx_word' id='word_1_132' title='bbox 783 2033 936 2103; x_wconf 83' lang='grc' dir='ltr'><strong>παρά</strong></span> <span class='ocrx_word' id='word_1_133' title='bbox 969 2049 1113 2096; x_wconf 88' lang='grc' dir='ltr'>τινος</span> <span class='ocrx_word' id='word_1_134' title='bbox 1160 2031 1380 2104; x_wconf 81' lang='grc' dir='ltr'>Ἑλένην</span> <span class='ocrx_word' id='word_1_135' title='bbox 1411 2033 1748 2103; x_wconf 84' lang='grc' dir='ltr'>ἁρπαγῆναι,</span> 
     </span>
    </p>
   </div>
   <div class='ocr_carea' id='block_1_24' title="bbox 361 2123 1726 2196">
    <p class='ocr_par' dir='ltr' id='par_1_24' title="bbox 361 2123 1726 2196">
     <span class='ocr_line' id='line_1_24' title="bbox 361 2123 1726 2196; baseline 0.001 -20"><span class='ocrx_word' id='word_1_136' title='bbox 361 2124 570 2188; x_wconf 77' lang='grc' dir='ltr'>Πάντες</span> <span class='ocrx_word' id='word_1_137' title='bbox 600 2125 748 2188; x_wconf 81' lang='grc' dir='ltr'>ἰδίοις</span> <span class='ocrx_word' id='word_1_138' title='bbox 789 2123 1036 2194; x_wconf 83' lang='grc' dir='ltr'>σώμασιν</span> <span class='ocrx_word' id='word_1_139' title='bbox 1061 2124 1231 2195; x_wconf 70' lang='grc' dir='ltr'>αὐτῆς</span> <span class='ocrx_word' id='word_1_140' title='bbox 1257 2125 1726 2196; x_wconf 79' lang='grc' dir='ltr'>ὑπερμαχοῦνται.</span> 
     </span>
    </p>
   </div>
   <div class='ocr_carea' id='block_1_25' title="bbox 360 2215 1800 2287">
    <p class='ocr_par' dir='ltr' id='par_1_25' title="bbox 360 2215 1800 2287">
     <span class='ocr_line' id='line_1_25' title="bbox 360 2215 1800 2287; baseline 0.001 -18"><span class='ocrx_word' id='word_1_141' title='bbox 360 2215 543 2270; x_wconf 74' lang='grc' dir='ltr'>Πολλὰ</span> <span class='ocrx_word' id='word_1_142' title='bbox 574 2216 706 2285; x_wconf 75' lang='grc' dir='ltr'>γοῦν</span> <span class='ocrx_word' id='word_1_143' title='bbox 737 2216 1117 2280; x_wconf 78' lang='grc' dir='ltr'>ἱκετεύσαντες</span> <span class='ocrx_word' id='word_1_144' title='bbox 1146 2217 1192 2249; x_wconf 76' lang='grc'><strong>⁸⁸</strong></span> <span class='ocrx_word' id='word_1_145' title='bbox 1229 2218 1322 2270; x_wconf 75' lang='grc' dir='ltr'><strong>καὶ</strong></span> <span class='ocrx_word' id='word_1_146' title='bbox 1349 2217 1800 2287; x_wconf 85' lang='grc' dir='ltr'>δεδυσωπηκότες</span> 
     </span>
    </p>
   </div>
   <div class='ocr_carea' id='block_1_26' title="bbox 361 2306 1942 2379">
    <p class='ocr_par' dir='ltr' id='par_1_26' title="bbox 361 2306 1942 2379">
     <span class='ocr_line' id='line_1_26' title="bbox 361 2306 1942 2379; baseline 0 -19"><span class='ocrx_word' id='word_1_147' title='bbox 361 2307 735 2378; x_wconf 86' lang='grc' dir='ltr'>Συμπείθουσι</span> <span class='ocrx_word' id='word_1_148' title='bbox 790 2308 918 2372; x_wconf 80' lang='grc' dir='ltr'>τοὺς</span> <span class='ocrx_word' id='word_1_149' title='bbox 965 2306 1236 2378; x_wconf 84' lang='grc' dir='ltr'>Ἕλληνας</span> <span class='ocrx_word' id='word_1_150' title='bbox 1308 2308 1638 2379; x_wconf 82' lang='grc' dir='ltr'>στρατεῦσαι</span> <span class='ocrx_word' id='word_1_151' title='bbox 1701 2309 1747 2339; x_wconf 75' lang='grc'><strong>⁸³</strong></span> <span class='ocrx_word' id='word_1_152' title='bbox 1799 2308 1942 2360; x_wconf 85' lang='grc' dir='ltr'><strong>κατά</strong></span> 
     </span>
    </p>
   </div>
   <div class='ocr_carea' id='block_1_27' title="bbox 1619 2398 1867 2470">
    <p class='ocr_par' dir='ltr' id='par_1_27' title="bbox 1619 2398 1867 2470">
     <span class='ocr_line' id='line_1_27' title="bbox 1619 2398 1867 2470; baseline 0.004 -19"><span class='ocrx_word' id='word_1_153' title='bbox 1619 2398 1867 2470; x_wconf 81' lang='grc' dir='ltr'><strong>[Τρώων.</strong></span> 
     </span>
    </p>
   </div>
   <div class='ocr_carea' id='block_1_28' title="bbox 359 2486 1938 2559">
    <p class='ocr_par' dir='ltr' id='par_1_28' title="bbox 359 2486 1938 2559">
     <span class='ocr_line' id='line_1_28' title="bbox 359 2486 1938 2559; baseline -0.001 -17"><span class='ocrx_word' id='word_1_154' title='bbox 359 2489 479 2542; x_wconf 74' lang='grc' dir='ltr'><strong>Καὶ</strong></span> <span class='ocrx_word' id='word_1_155' title='bbox 503 2487 568 2559; x_wconf 81' lang='grc' dir='ltr'>δὴ</span> <span class='ocrx_word' id='word_1_156' title='bbox 597 2486 779 2542; x_wconf 78' lang='grc' dir='ltr'>πολλοὶ</span> <span class='ocrx_word' id='word_1_157' title='bbox 803 2488 1186 2559; x_wconf 79' lang='grc' dir='ltr'>συντρέχουσιν</span> <span class='ocrx_word' id='word_1_158' title='bbox 1212 2489 1277 2542; x_wconf 84' lang='grc' dir='ltr'><strong>ἐκ</strong></span> <span class='ocrx_word' id='word_1_159' title='bbox 1305 2488 1506 2558; x_wconf 78' lang='grc' dir='ltr'>νήσων,</span> <span class='ocrx_word' id='word_1_160' title='bbox 1522 2488 1581 2555; x_wconf 78' lang='grc' dir='ltr'><strong>ἐξ</strong></span> <span class='ocrx_word' id='word_1_161' title='bbox 1605 2489 1848 2559; x_wconf 72' lang='grc' dir='ltr'>ἠπείρων</span> <span class='ocrx_word' id='word_1_162' title='bbox 1870 2487 1938 2554; x_wconf 70' lang='grc'><strong>⁵⁸,</strong></span> 
     </span>
    </p>
   </div>
   <div class='ocr_carea' id='block_1_29' title="bbox 360 2579 1796 2653">
    <p class='ocr_par' dir='ltr' id='par_1_29' title="bbox 360 2579 1796 2653">
     <span class='ocr_line' id='line_1_29' title="bbox 360 2579 1796 2653; baseline -0.001 -18"><span class='ocrx_word' id='word_1_163' title='bbox 360 2582 830 2653; x_wconf 84' lang='grc' dir='ltr'>ῐιαραθαλάσσιοι,</span> <span class='ocrx_word' id='word_1_164' title='bbox 865 2579 1089 2652; x_wconf 80' lang='grc' dir='ltr'>μακρὰν</span> <span class='ocrx_word' id='word_1_165' title='bbox 1119 2580 1219 2648; x_wconf 82' lang='grc' dir='ltr'>τῆς</span> <span class='ocrx_word' id='word_1_166' title='bbox 1250 2581 1429 2652; x_wconf 77' lang='grc' dir='ltr'>ἅλμης</span> <span class='ocrx_word' id='word_1_167' title='bbox 1461 2581 1796 2649; x_wconf 80' lang='grc' dir='ltr'>ἀφεστῶτες,</span> 
     </span>
    </p>
   </div>
   <div class='ocr_carea' id='block_1_30' title="bbox 374 2668 1799 2743">
    <p class='ocr_par' dir='ltr' id='par_1_30' title="bbox 374 2668 1799 2743">
     <span class='ocr_line' id='line_1_30' title="bbox 374 2668 1799 2743; baseline -0.002 -17"><span class='ocrx_word' id='word_1_168' title='bbox 374 2668 469 2737; x_wconf 79' lang='grc' dir='ltr'><strong>Ἐξ</strong></span> <span class='ocrx_word' id='word_1_169' title='bbox 498 2672 739 2743; x_wconf 78' lang='grc' dir='ltr'>Ἀθηνῶν</span> <span class='ocrx_word' id='word_1_170' title='bbox 759 2672 1084 2740; x_wconf 80' lang='grc' dir='ltr'>αὐθιγενεῖς,</span> <span class='ocrx_word' id='word_1_171' title='bbox 1116 2671 1180 2725; x_wconf 84' lang='grc' dir='ltr'>ὲκ</span> <span class='ocrx_word' id='word_1_172' title='bbox 1213 2671 1394 2740; x_wconf 90' lang='grc' dir='ltr'>πάσης</span> <span class='ocrx_word' id='word_1_173' title='bbox 1419 2670 1518 2740; x_wconf 77' lang='grc' dir='ltr'>τῆς</span> <span class='ocrx_word' id='word_1_174' title='bbox 1550 2670 1799 2734; x_wconf 75' lang='grc' dir='ltr'>Εὐϐοίας,</span> 
     </span>
    </p>
   </div>
   <div class='ocr_carea' id='block_1_31' title="bbox 369 2762 1936 2836">
    <p class='ocr_par' dir='ltr' id='par_1_31' title="bbox 369 2762 1936 2836">
     <span class='ocr_line' id='line_1_31' title="bbox 369 2762 1936 2836; baseline -0.004 -15"><span class='ocrx_word' id='word_1_175' title='bbox 369 2768 473 2821; x_wconf 87' lang='grc' dir='ltr'>Ἐκ</span> <span class='ocrx_word' id='word_1_176' title='bbox 496 2765 804 2832; x_wconf 83' lang='grc' dir='ltr'>Θετταλῶν,</span> <span class='ocrx_word' id='word_1_177' title='bbox 835 2764 898 2830; x_wconf 81' lang='grc' dir='ltr'><strong>ἐξ</strong></span> <span class='ocrx_word' id='word_1_178' title='bbox 937 2765 1193 2836; x_wconf 78' lang='grc' dir='ltr'>Ἀχαιῶν,</span> <span class='ocrx_word' id='word_1_179' title='bbox 1220 2766 1282 2817; x_wconf 83' lang='grc' dir='ltr'><strong>ἐκ</strong></span> <span class='ocrx_word' id='word_1_180' title='bbox 1319 2764 1497 2834; x_wconf 83' lang='grc' dir='ltr'>πάσης</span> <span class='ocrx_word' id='word_1_181' title='bbox 1532 2764 1631 2834; x_wconf 79' lang='grc' dir='ltr'>τῆς</span> <span class='ocrx_word' id='word_1_182' title='bbox 1667 2762 1936 2828; x_wconf 76' lang='grc' dir='ltr'>Ἑλλάδος.</span> 
     </span>
    </p>
   </div>
   <div class='ocr_carea' id='block_1_32' title="bbox 2060 373 3627 453">
    <p class='ocr_par' dir='ltr' id='par_1_32' title="bbox 2060 373 3627 453">
     <span class='ocr_line' id='line_1_32' title="bbox 2060 373 3627 453; baseline 0.007 -28"><span class='ocrx_word' id='word_1_183' title='bbox 2060 373 2163 426; x_wconf 79' lang='grc' dir='ltr'><strong>Καὶ</strong></span> <span class='ocrx_word' id='word_1_184' title='bbox 2186 375 2448 445; x_wconf 68' lang='grc' dir='ltr'>Σαλαμὶς,</span> <span class='ocrx_word' id='word_1_185' title='bbox 2475 377 2568 428; x_wconf 77' lang='grc' dir='ltr'>καὶ</span> <span class='ocrx_word' id='word_1_186' title='bbox 2599 379 2695 430; x_wconf 67' lang='grc' dir='ltr'><strong>σὺν</strong></span> <span class='ocrx_word' id='word_1_187' title='bbox 2723 379 2915 442; x_wconf 76' lang='grc' dir='ltr'>αὐταῖς</span> <span class='ocrx_word' id='word_1_188' title='bbox 2955 379 2986 449; x_wconf 84' lang='grc' dir='ltr'>ὴ</span> <span class='ocrx_word' id='word_1_189' title='bbox 3019 379 3379 452; x_wconf 85' lang='grc' dir='ltr'>τρισμεγίστη</span> <span class='ocrx_word' id='word_1_190' title='bbox 3412 383 3627 453; x_wconf 76' lang='grc' dir='ltr'>Κρήτη.</span> 
     </span>
    </p>
   </div>
   <div class='ocr_carea' id='block_1_33' title="bbox 2058 465 3315 540">
    <p class='ocr_par' dir='ltr' id='par_1_33' title="bbox 2058 465 3315 540">
     <span class='ocr_line' id='line_1_33' title="bbox 2058 465 3315 540; baseline 0.007 -25"><span class='ocrx_word' id='word_1_191' title='bbox 2058 465 2337 535; x_wconf 84' lang='grc' dir='ltr'>Κορίνθιοι</span> <span class='ocrx_word' id='word_1_192' title='bbox 2367 466 2656 537; x_wconf 82' lang='grc' dir='ltr'>συνῄεσαν,</span> <span class='ocrx_word' id='word_1_193' title='bbox 2684 469 2919 538; x_wconf 75' lang='grc' dir='ltr'>’Λργεῖοι</span> <span class='ocrx_word' id='word_1_194' title='bbox 2955 471 3315 540; x_wconf 82' lang='grc' dir='ltr'>συνεμάχουν,</span> 
     </span>
    </p>
   </div>
   <div class='ocr_carea' id='block_1_34' title="bbox 2055 546 3538 632">
    <p class='ocr_par' dir='ltr' id='par_1_34' title="bbox 2055 546 3538 632">
     <span class='ocr_line' id='line_1_34' title="bbox 2055 546 3538 632; baseline 0.005 -23"><span class='ocrx_word' id='word_1_195' title='bbox 2055 555 2160 610; x_wconf 72' lang='grc' dir='ltr'>Καὶ</span> <span class='ocrx_word' id='word_1_196' title='bbox 2192 557 2374 620; x_wconf 83' lang='grc' dir='ltr'>στόλος</span> <span class='ocrx_word' id='word_1_197' title='bbox 2407 558 2761 628; x_wconf 84' lang='grc' dir='ltr'>μυριόστολος</span> <span class='ocrx_word' id='word_1_198' title='bbox 2787 561 2968 614; x_wconf 81' lang='grc' dir='ltr'>αὐτῶν</span> <span class='ocrx_word' id='word_1_199' title='bbox 2995 562 3040 594; x_wconf 79' lang='grc'><strong>⁸⁸</strong></span> <span class='ocrx_word' id='word_1_200' title='bbox 3069 565 3465 632; x_wconf 82' lang='grc' dir='ltr'>συνεκροτεῖτο.</span> <span class='ocrx_word' id='word_1_201' title='bbox 3534 546 3538 549; x_wconf 11' lang='grc' dir='ltr'><strong>ξ</strong></span> 
     </span>
    </p>
   </div>
   <div class='ocr_carea' id='block_1_35' title="bbox 2055 645 3629 726">
    <p class='ocr_par' dir='ltr' id='par_1_35' title="bbox 2055 645 3629 726">
     <span class='ocr_line' id='line_1_35' title="bbox 2055 645 3629 726; baseline 0.004 -24"><span class='ocrx_word' id='word_1_202' title='bbox 2055 645 2162 702; x_wconf 81' lang='grc' dir='ltr'>Ἦν</span> <span class='ocrx_word' id='word_1_203' title='bbox 2207 649 2518 712; x_wconf 76' lang='grc' dir='ltr'>Μενεσθεὺς</span> <span class='ocrx_word' id='word_1_204' title='bbox 2576 649 2649 721; x_wconf 89' lang='lat' dir='ltr'><strong>(a)</strong></span> <span class='ocrx_word' id='word_1_205' title='bbox 2697 652 2754 718; x_wconf 78' lang='grc' dir='ltr'><strong>ἐξ</strong></span> <span class='ocrx_word' id='word_1_206' title='bbox 2789 653 3055 722; x_wconf 67' lang='grc' dir='ltr'>Ἀθηνῶν,</span> <span class='ocrx_word' id='word_1_207' title='bbox 3101 655 3328 724; x_wconf 85' lang='grc' dir='ltr'>Νέστωρ</span> <span class='ocrx_word' id='word_1_208' title='bbox 3374 655 3482 709; x_wconf 78' lang='grc' dir='ltr'><strong>ἀπὸ</strong></span> <span class='ocrx_word' id='word_1_209' title='bbox 3527 653 3629 726; x_wconf 79' lang='grc' dir='ltr'>τῆς</span> 
     </span>
    </p>
   </div>
   <div class='ocr_carea' id='block_1_36' title="bbox 3336 745 3559 818">
    <p class='ocr_par' dir='ltr' id='par_1_36' title="bbox 3336 745 3559 818">
     <span class='ocr_line' id='line_1_36' title="bbox 3336 745 3559 818; baseline -0.004 -19"><span class='ocrx_word' id='word_1_210' title='bbox 3336 745 3559 818; x_wconf 61' lang='lat' dir='ltr'><strong>“hilca,</strong></span> 
     </span>
    </p>
   </div>
   <div class='ocr_carea' id='block_1_37' title="bbox 2068 833 3485 907">
    <p class='ocr_par' dir='ltr' id='par_1_37' title="bbox 2068 833 3485 907">
     <span class='ocr_line' id='line_1_37' title="bbox 2068 833 3485 907; baseline 0.005 -21"><span class='ocrx_word' id='word_1_211' title='bbox 2068 834 2159 887; x_wconf 85' lang='grc' dir='ltr'>Ἐκ</span> <span class='ocrx_word' id='word_1_212' title='bbox 2185 835 2280 903; x_wconf 81' lang='grc' dir='ltr'>τῆς</span> <span class='ocrx_word' id='word_1_213' title='bbox 2307 833 2523 906; x_wconf 80' lang='grc' dir='ltr'>Ἰθάκης</span> <span class='ocrx_word' id='word_1_214' title='bbox 2551 835 2860 898; x_wconf 75' lang='grc' dir='ltr'>Ὀδυσσεὺς,</span> <span class='ocrx_word' id='word_1_215' title='bbox 2902 839 2964 890; x_wconf 81' lang='grc' dir='ltr'><strong>ἐκ</strong></span> <span class='ocrx_word' id='word_1_216' title='bbox 2995 837 3296 907; x_wconf 85' lang='grc' dir='ltr'>Σαλαμῖνος</span> <span class='ocrx_word' id='word_1_217' title='bbox 3331 840 3485 903; x_wconf 82' lang='grc' dir='ltr'>Αἴας,</span> 
     </span>
    </p>
   </div>
   <div class='ocr_carea' id='block_1_38' title="bbox 2065 923 3626 1000">
    <p class='ocr_par' dir='ltr' id='par_1_38' title="bbox 2065 923 3626 1000">
     <span class='ocr_line' id='line_1_38' title="bbox 2065 923 3626 1000; baseline 0.004 -22"><span class='ocrx_word' id='word_1_218' title='bbox 2065 925 2159 978; x_wconf 81' lang='grc' dir='ltr'>Ἐκ</span> <span class='ocrx_word' id='word_1_219' title='bbox 2189 926 2413 996; x_wconf 83' lang='grc' dir='ltr'>Κρήτης</span> <span class='ocrx_word' id='word_1_220' title='bbox 2436 923 2503 995; x_wconf 80' lang='grc' dir='ltr'>ἦν</span> <span class='ocrx_word' id='word_1_221' title='bbox 2532 927 2850 996; x_wconf 82' lang='grc' dir='ltr'>Ἰδομενεὺς,</span> <span class='ocrx_word' id='word_1_222' title='bbox 2883 929 3232 999; x_wconf 73' lang='grc' dir='ltr'>Τληπόλεμος</span> <span class='ocrx_word' id='word_1_223' title='bbox 3261 931 3305 962; x_wconf 77' lang='grc'>⁸⁸</span> <span class='ocrx_word' id='word_1_224' title='bbox 3327 933 3392 985; x_wconf 82' lang='grc' dir='ltr'><strong>ἐκ</strong></span> <span class='ocrx_word' id='word_1_225' title='bbox 3425 932 3626 1000; x_wconf 81' lang='grc' dir='ltr'>Ῥόδου,</span> 
     </span>
    </p>
   </div>
   <div class='ocr_carea' id='block_1_39' title="bbox 2055 1018 3459 1093">
    <p class='ocr_par' dir='ltr' id='par_1_39' title="bbox 2055 1018 3459 1093">
     <span class='ocr_line' id='line_1_39' title="bbox 2055 1018 3459 1093; baseline 0.006 -24"><span class='ocrx_word' id='word_1_226' title='bbox 2055 1018 2260 1080; x_wconf 82' lang='grc' dir='ltr'>Πάντες</span> <span class='ocrx_word' id='word_1_227' title='bbox 2281 1019 2340 1070; x_wconf 77' lang='grc' dir='ltr'>τὸ</span> <span class='ocrx_word' id='word_1_228' title='bbox 2371 1019 2526 1087; x_wconf 80' lang='grc' dir='ltr'>γένος</span> <span class='ocrx_word' id='word_1_229' title='bbox 2556 1019 2805 1082; x_wconf 71' lang='grc' dir='ltr'>ἕλκοντες</span> <span class='ocrx_word' id='word_1_230' title='bbox 2840 1019 2897 1084; x_wconf 84' lang='grc' dir='ltr'><strong>ἐξ</strong></span> <span class='ocrx_word' id='word_1_231' title='bbox 2923 1021 3158 1089; x_wconf 82' lang='grc' dir='ltr'>εὐγενῶν</span> <span class='ocrx_word' id='word_1_232' title='bbox 3187 1024 3459 1093; x_wconf 80' lang='grc' dir='ltr'>αἱμάτων,</span> 
     </span>
    </p>
   </div>
   <div class='ocr_carea' id='block_1_40' title="bbox 2067 1109 3328 1181">
    <p class='ocr_par' dir='ltr' id='par_1_40' title="bbox 2067 1109 3328 1181">
     <span class='ocr_line' id='line_1_40' title="bbox 2067 1109 3328 1181; baseline 0.005 -19"><span class='ocrx_word' id='word_1_233' title='bbox 2067 1109 2435 1180; x_wconf 81' lang='grc' dir='ltr'>Ἀριπρεπεῖς,</span> <span class='ocrx_word' id='word_1_234' title='bbox 2477 1112 2757 1179; x_wconf 74' lang='grc' dir='ltr'>διογενεῖς,</span> <span class='ocrx_word' id='word_1_235' title='bbox 2790 1114 3022 1181; x_wconf 75' lang='grc' dir='ltr'>ἀρεῖκοὶ,</span> <span class='ocrx_word' id='word_1_236' title='bbox 3052 1115 3328 1180; x_wconf 83' lang='grc' dir='ltr'>γεννάδαι.</span> 
     </span>
    </p>
   </div>
   <div class='ocr_carea' id='block_1_41' title="bbox 2051 1203 3483 1275">
    <p class='ocr_par' dir='ltr' id='par_1_41' title="bbox 2051 1203 3483 1275">
     <span class='ocr_line' id='line_1_41' title="bbox 2051 1203 3483 1275; baseline 0.006 -22"><span class='ocrx_word' id='word_1_237' title='bbox 2051 1203 2314 1268; x_wconf 85' lang='grc' dir='ltr'>Γενναῖοι,</span> <span class='ocrx_word' id='word_1_238' title='bbox 2344 1203 2718 1272; x_wconf 80' lang='grc' dir='ltr'>θυμολέοντες,</span> <span class='ocrx_word' id='word_1_239' title='bbox 2747 1203 2940 1272; x_wconf 83' lang='grc' dir='ltr'>ἄνδρες</span> <span class='ocrx_word' id='word_1_240' title='bbox 2973 1205 3226 1275; x_wconf 73' lang='grc' dir='ltr'>αἱμάτων</span> <span class='ocrx_word' id='word_1_241' title='bbox 3256 1206 3483 1271; x_wconf 85' lang='grc' dir='ltr'>πάντες.</span> 
     </span>
    </p>
   </div>
   <div class='ocr_carea' id='block_1_42' title="bbox 2059 1292 3483 1364">
    <p class='ocr_par' dir='ltr' id='par_1_42' title="bbox 2059 1292 3483 1364">
     <span class='ocr_line' id='line_1_42' title="bbox 2059 1292 3483 1364; baseline 0.004 -19"><span class='ocrx_word' id='word_1_242' title='bbox 2059 1294 2120 1345; x_wconf 81' lang='grc' dir='ltr'><strong>Ὀ</strong></span> <span class='ocrx_word' id='word_1_243' title='bbox 2149 1293 2203 1345; x_wconf 79' lang='grc' dir='ltr'>δὲ</span> <span class='ocrx_word' id='word_1_244' title='bbox 2225 1292 2471 1362; x_wconf 81' lang='grc' dir='ltr'>Φθιώτης</span> <span class='ocrx_word' id='word_1_245' title='bbox 2495 1292 2774 1362; x_wconf 80' lang='grc' dir='ltr'>’Λχιλλεὺς</span> <span class='ocrx_word' id='word_1_246' title='bbox 2809 1292 3053 1362; x_wconf 76' lang='grc' dir='ltr'>ἔλαμπεν</span> <span class='ocrx_word' id='word_1_247' title='bbox 3075 1295 3216 1364; x_wconf 76' lang='grc' dir='ltr'>ὑπὲρ</span> <span class='ocrx_word' id='word_1_248' title='bbox 3248 1297 3483 1363; x_wconf 85' lang='grc' dir='ltr'>πάντας,</span> 
     </span>
    </p>
   </div>
   <div class='ocr_carea' id='block_1_43' title="bbox 2055 1384 3482 1462">
    <p class='ocr_par' dir='ltr' id='par_1_43' title="bbox 2055 1384 3482 1462">
     <span class='ocr_line' id='line_1_43' title="bbox 2055 1384 3482 1462; baseline 0.005 -26"><span class='ocrx_word' id='word_1_249' title='bbox 2055 1384 2370 1454; x_wconf 71' lang='grc' dir='ltr'>Ἄνθρωπος</span> <span class='ocrx_word' id='word_1_250' title='bbox 2403 1385 2819 1456; x_wconf 74' lang='grc' dir='ltr'>πολεμόκλονος,</span> <span class='ocrx_word' id='word_1_251' title='bbox 2851 1387 3102 1457; x_wconf 80' lang='grc' dir='ltr'>ἄλκιμος,</span> <span class='ocrx_word' id='word_1_252' title='bbox 3140 1387 3482 1462; x_wconf 86' lang='grc' dir='ltr'>βριαρόχειρ.</span> 
     </span>
    </p>
   </div>
   <div class='ocr_carea' id='block_1_44' title="bbox 2050 1476 3498 1548">
    <p class='ocr_par' dir='ltr' id='par_1_44' title="bbox 2050 1476 3498 1548">
     <span class='ocr_line' id='line_1_44' title="bbox 2050 1476 3498 1548; baseline 0.001 -18"><span class='ocrx_word' id='word_1_253' title='bbox 2050 1476 2161 1530; x_wconf 78' lang='grc' dir='ltr'>Καὶ</span> <span class='ocrx_word' id='word_1_254' title='bbox 2185 1477 2363 1528; x_wconf 81' lang='grc' dir='ltr'>τοίνυν</span> <span class='ocrx_word' id='word_1_255' title='bbox 2392 1477 2785 1547; x_wconf 79' lang='grc' dir='ltr'>ἐξαρτύσαντες</span> <span class='ocrx_word' id='word_1_256' title='bbox 2817 1477 2905 1531; x_wconf 69' lang='grc' dir='ltr'><strong>τὸν</strong></span> <span class='ocrx_word' id='word_1_257' title='bbox 2938 1477 3211 1548; x_wconf 78' lang='grc' dir='ltr'>χιλιόναυν</span> <span class='ocrx_word' id='word_1_258' title='bbox 3236 1480 3279 1511; x_wconf 73' lang='grc'>⁸⁷</span> <span class='ocrx_word' id='word_1_259' title='bbox 3313 1479 3498 1533; x_wconf 85' lang='grc' dir='ltr'>στόλον</span> 
     </span>
    </p>
   </div>
   <div class='ocr_carea' id='block_1_45' title="bbox 2063 1567 3561 1642">
    <p class='ocr_par' dir='ltr' id='par_1_45' title="bbox 2063 1567 3561 1642">
     <span class='ocr_line' id='line_1_45' title="bbox 2063 1567 3561 1642; baseline 0.001 -20"><span class='ocrx_word' id='word_1_260' title='bbox 2063 1567 2303 1622; x_wconf 86' lang='grc' dir='ltr'>Ἱστῶσιν</span> <span class='ocrx_word' id='word_1_261' title='bbox 2327 1568 2708 1639; x_wconf 84' lang='grc' dir='ltr'>Ἀγαμέμνονα</span> <span class='ocrx_word' id='word_1_262' title='bbox 2738 1569 3040 1641; x_wconf 82' lang='grc' dir='ltr'>στολάρχην</span> <span class='ocrx_word' id='word_1_263' title='bbox 3071 1570 3164 1623; x_wconf 77' lang='grc' dir='ltr'>καὶ</span> <span class='ocrx_word' id='word_1_264' title='bbox 3196 1570 3561 1642; x_wconf 84' lang='grc' dir='ltr'>στρατάρχην,</span> 
     </span>
    </p>
   </div>
   <div class='ocr_carea' id='block_1_46' title="bbox 1975 1644 3423 1734">
    <p class='ocr_par' dir='ltr' id='par_1_46' title="bbox 1975 1644 3423 1734">
     <span class='ocr_line' id='line_1_46' title="bbox 1975 1644 3423 1734; baseline 0.003 -20"><span class='ocrx_word' id='word_1_265' title='bbox 1975 1644 2016 1698; x_wconf 79' lang='grc' dir='ltr'>Β</span> <span class='ocrx_word' id='word_1_266' title='bbox 2052 1661 2255 1732; x_wconf 73' lang='grc' dir='ltr'>’Ἄνδρα</span> <span class='ocrx_word' id='word_1_267' title='bbox 2281 1665 2528 1730; x_wconf 87' lang='grc' dir='ltr'>γενναῖον</span> <span class='ocrx_word' id='word_1_268' title='bbox 2572 1663 2667 1715; x_wconf 67' lang='grc' dir='ltr'>καὶ</span> <span class='ocrx_word' id='word_1_269' title='bbox 2697 1663 2884 1729; x_wconf 84' lang='grc' dir='ltr'>καλὸν,</span> <span class='ocrx_word' id='word_1_270' title='bbox 2919 1664 3078 1734; x_wconf 75' lang='grc' dir='ltr'>ἥρωα</span> <span class='ocrx_word' id='word_1_271' title='bbox 3117 1665 3423 1733; x_wconf 74' lang='grc' dir='ltr'>ῥωμαλέον,</span> 
     </span>
    </p>
   </div>
   <div class='ocr_carea' id='block_1_47' title="bbox 2046 1754 3518 1826">
    <p class='ocr_par' dir='ltr' id='par_1_47' title="bbox 2046 1754 3518 1826">
     <span class='ocr_line' id='line_1_47' title="bbox 2046 1754 3518 1826; baseline 0.001 -19"><span class='ocrx_word' id='word_1_272' title='bbox 2046 1755 2154 1807; x_wconf 67' lang='grc' dir='ltr'><strong>Καὶ</strong></span> <span class='ocrx_word' id='word_1_273' title='bbox 2181 1754 2366 1808; x_wconf 84' lang='grc' dir='ltr'>κάλλει</span> <span class='ocrx_word' id='word_1_274' title='bbox 2390 1755 2584 1825; x_wconf 86' lang='grc' dir='ltr'>διαπρέ</span> <span class='ocrx_word' id='word_1_275' title='bbox 2597 1773 2758 1808; x_wconf 85' lang='grc' dir='ltr'>ποντα</span> <span class='ocrx_word' id='word_1_276' title='bbox 2789 1755 2835 1786; x_wconf 73' lang='grc'>⁸⁸</span> <span class='ocrx_word' id='word_1_277' title='bbox 2866 1756 2960 1808; x_wconf 78' lang='grc' dir='ltr'>καὶ</span> <span class='ocrx_word' id='word_1_278' title='bbox 2991 1754 3290 1826; x_wconf 85' lang='grc' dir='ltr'>βραχιόνων</span> <span class='ocrx_word' id='word_1_279' title='bbox 3319 1757 3518 1810; x_wconf 82' lang='grc' dir='ltr'>σθένει.</span> 
     </span>
    </p>
   </div>
   <div class='ocr_carea' id='block_1_48' title="bbox 2047 1847 3476 1916">
    <p class='ocr_par' dir='ltr' id='par_1_48' title="bbox 2047 1847 3476 1916">
     <span class='ocr_line' id='line_1_48' title="bbox 2047 1847 3476 1916; baseline 0 -18"><span class='ocrx_word' id='word_1_280' title='bbox 2047 1847 2330 1915; x_wconf 80' lang='grc' dir='ltr'>Πατρίδων</span> <span class='ocrx_word' id='word_1_281' title='bbox 2361 1847 2458 1915; x_wconf 84' lang='grc' dir='ltr'>μὲν</span> <span class='ocrx_word' id='word_1_282' title='bbox 2487 1847 2782 1916; x_wconf 84' lang='grc' dir='ltr'>ἀπαίρουσι</span> <span class='ocrx_word' id='word_1_283' title='bbox 2811 1847 2906 1900; x_wconf 73' lang='grc' dir='ltr'><strong>καὶ</strong></span> <span class='ocrx_word' id='word_1_284' title='bbox 2933 1847 3105 1916; x_wconf 73' lang='grc' dir='ltr'>φίλων</span> <span class='ocrx_word' id='word_1_285' title='bbox 3132 1848 3225 1900; x_wconf 70' lang='grc' dir='ltr'>καὶ</span> <span class='ocrx_word' id='word_1_286' title='bbox 3247 1849 3476 1910; x_wconf 84' lang='grc' dir='ltr'>τοκέων,</span> 
     </span>
    </p>
   </div>
   <div class='ocr_carea' id='block_1_49' title="bbox 2057 1936 3485 2006">
    <p class='ocr_par' dir='ltr' id='par_1_49' title="bbox 2057 1936 3485 2006">
     <span class='ocr_line' id='line_1_49' title="bbox 2057 1936 3485 2006; baseline 0.002 -18"><span class='ocrx_word' id='word_1_287' title='bbox 2057 1936 2340 2006; x_wconf 73' lang='grc' dir='ltr'>Ἐκθύμως</span> <span class='ocrx_word' id='word_1_288' title='bbox 2362 1936 2778 1990; x_wconf 81' lang='grc' dir='ltr'>ναυστολοῦνται</span> <span class='ocrx_word' id='word_1_289' title='bbox 2803 1937 2860 1990; x_wconf 84' lang='grc' dir='ltr'>δὲ</span> <span class='ocrx_word' id='word_1_290' title='bbox 2892 1937 3034 1990; x_wconf 80' lang='grc' dir='ltr'>κατᾶ</span> <span class='ocrx_word' id='word_1_291' title='bbox 3060 1937 3159 2006; x_wconf 82' lang='grc' dir='ltr'><strong>τῆς</strong></span> <span class='ocrx_word' id='word_1_292' title='bbox 3195 1937 3485 2006; x_wconf 84' lang='grc' dir='ltr'>πολεμίας.</span> 
     </span>
    </p>
   </div>
   <div class='ocr_carea' id='block_1_50' title="bbox 2047 2024 3368 2099">
    <p class='ocr_par' dir='ltr' id='par_1_50' title="bbox 2047 2024 3368 2099">
     <span class='ocr_line' id='line_1_50' title="bbox 2047 2024 3368 2099; baseline 0 -19"><span class='ocrx_word' id='word_1_293' title='bbox 2047 2029 2214 2097; x_wconf 79' lang='grc' dir='ltr'>Κοινῇ</span> <span class='ocrx_word' id='word_1_294' title='bbox 2247 2027 2302 2081; x_wconf 84' lang='grc' dir='ltr'>δὲ</span> <span class='ocrx_word' id='word_1_295' title='bbox 2326 2027 2732 2098; x_wconf 76' lang='grc' dir='ltr'>συσκεψάμενοι</span> <span class='ocrx_word' id='word_1_296' title='bbox 2768 2027 3049 2099; x_wconf 89' lang='grc' dir='ltr'>κρίνουσιν</span> <span class='ocrx_word' id='word_1_297' title='bbox 3071 2024 3212 2081; x_wconf 76' lang='grc' dir='ltr'>εἶναι</span> <span class='ocrx_word' id='word_1_298' title='bbox 3248 2028 3368 2080; x_wconf 83' lang='grc' dir='ltr'>δέον</span> 
     </span>
    </p>
   </div>
   <div class='ocr_carea' id='block_1_51' title="bbox 2045 2117 3512 2191">
    <p class='ocr_par' dir='ltr' id='par_1_51' title="bbox 2045 2117 3512 2191">
     <span class='ocr_line' id='line_1_51' title="bbox 2045 2117 3512 2191; baseline 0 -20"><span class='ocrx_word' id='word_1_299' title='bbox 2045 2117 2341 2188; x_wconf 85' lang='grc' dir='ltr'>Λεηλατεῖν</span> <span class='ocrx_word' id='word_1_300' title='bbox 2367 2136 2424 2172; x_wconf 88' lang='grc' dir='ltr'><strong>τε</strong></span> <span class='ocrx_word' id='word_1_301' title='bbox 2446 2120 2546 2173; x_wconf 72' lang='grc' dir='ltr'><strong>καὶ</strong></span> <span class='ocrx_word' id='word_1_302' title='bbox 2577 2119 2798 2189; x_wconf 87' lang='grc' dir='ltr'>πορθεῖν</span> <span class='ocrx_word' id='word_1_303' title='bbox 2820 2120 2889 2173; x_wconf 81' lang='grc' dir='ltr'>τὰ</span> <span class='ocrx_word' id='word_1_304' title='bbox 2920 2120 3188 2191; x_wconf 85' lang='grc' dir='ltr'>πρόσοικα</span> <span class='ocrx_word' id='word_1_305' title='bbox 3211 2122 3277 2190; x_wconf 78' lang='grc' dir='ltr'>τῇ</span> <span class='ocrx_word' id='word_1_306' title='bbox 3319 2118 3512 2190; x_wconf 73' lang='grc' dir='ltr'>Τροίᾳ,</span> 
     </span>
    </p>
   </div>
   <div class='ocr_carea' id='block_1_52' title="bbox 2055 2209 3621 2280">
    <p class='ocr_par' dir='ltr' id='par_1_52' title="bbox 2055 2209 3621 2280">
     <span class='ocr_line' id='line_1_52' title="bbox 2055 2209 3621 2280; baseline 0 -18"><span class='ocrx_word' id='word_1_307' title='bbox 2055 2211 2140 2273; x_wconf 85' lang='grc' dir='ltr'>Ὠς</span> <span class='ocrx_word' id='word_1_308' title='bbox 2169 2209 2236 2265; x_wconf 79' lang='grc' dir='ltr'><strong>ἂν</strong></span> <span class='ocrx_word' id='word_1_309' title='bbox 2275 2211 2370 2265; x_wconf 74' lang='grc' dir='ltr'>καὶ</span> <span class='ocrx_word' id='word_1_310' title='bbox 2411 2211 2624 2275; x_wconf 83' lang='grc' dir='ltr'>τούτοις</span> <span class='ocrx_word' id='word_1_311' title='bbox 2653 2212 2866 2280; x_wconf 79' lang='grc' dir='ltr'>γένοιτο</span> <span class='ocrx_word' id='word_1_312' title='bbox 2892 2213 2938 2244; x_wconf 82' lang='grc'><strong>⁶⁹</strong></span> <span class='ocrx_word' id='word_1_313' title='bbox 2979 2211 3087 2265; x_wconf 93' lang='grc' dir='ltr'><strong>τῶν</strong></span> <span class='ocrx_word' id='word_1_314' title='bbox 3112 2211 3428 2279; x_wconf 86' lang='grc' dir='ltr'>ἀναγκαίων</span> <span class='ocrx_word' id='word_1_315' title='bbox 3456 2211 3621 2280; x_wconf 81' lang='grc' dir='ltr'>πόρος</span> 
     </span>
    </p>
   </div>
   <div class='ocr_carea' id='block_1_53' title="bbox 2045 2302 3619 2375">
    <p class='ocr_par' dir='ltr' id='par_1_53' title="bbox 2045 2302 3619 2375">
     <span class='ocr_line' id='line_1_53' title="bbox 2045 2302 3619 2375; baseline -0.001 -20"><span class='ocrx_word' id='word_1_316' title='bbox 2045 2303 2155 2355; x_wconf 81' lang='grc' dir='ltr'><strong>Καὶ</strong></span> <span class='ocrx_word' id='word_1_317' title='bbox 2200 2305 2313 2366; x_wconf 88' lang='grc' dir='ltr'>τοῖς</span> <span class='ocrx_word' id='word_1_318' title='bbox 2357 2303 2576 2374; x_wconf 73' lang='grc' dir='ltr'>Τρωσὶν</span> <span class='ocrx_word' id='word_1_319' title='bbox 2615 2305 2938 2356; x_wconf 79' lang='grc' dir='ltr'>ἐκκόπτοιτο</span> <span class='ocrx_word' id='word_1_320' title='bbox 2982 2302 3050 2356; x_wconf 79' lang='grc' dir='ltr'>τὰ</span> <span class='ocrx_word' id='word_1_321' title='bbox 3099 2302 3236 2373; x_wconf 80' lang='grc' dir='ltr'>πρὸς</span> <span class='ocrx_word' id='word_1_322' title='bbox 3264 2303 3366 2375; x_wconf 83' lang='grc' dir='ltr'>τὴν</span> <span class='ocrx_word' id='word_1_323' title='bbox 3399 2319 3619 2373; x_wconf 73' lang='grc' dir='ltr'>συμμαο</span> 
     </span>
    </p>
   </div>
   <div class='ocr_carea' id='block_1_54' title="bbox 2832 2393 3545 2465">
    <p class='ocr_par' dir='ltr' id='par_1_54' title="bbox 2832 2393 3545 2465">
     <span class='ocr_line' id='line_1_54' title="bbox 2832 2393 3545 2465; baseline 0.006 -21"><span class='ocrx_word' id='word_1_324' title='bbox 2832 2447 2840 2458; x_wconf 56' lang='grc'><strong>,</strong></span> <span class='ocrx_word' id='word_1_325' title='bbox 3380 2393 3545 2465; x_wconf 77' lang='grc' dir='ltr'>[χίαν.</span> 
     </span>
    </p>
   </div>
   <div class='ocr_carea' id='block_1_55' title="bbox 2045 2483 3616 2557">
    <p class='ocr_par' dir='ltr' id='par_1_55' title="bbox 2045 2483 3616 2557">
     <span class='ocr_line' id='line_1_55' title="bbox 2045 2483 3616 2557; baseline 0.002 -21"><span class='ocrx_word' id='word_1_326' title='bbox 2045 2483 2332 2538; x_wconf 80' lang='grc' dir='ltr'>Στέλλεται</span> <span class='ocrx_word' id='word_1_327' title='bbox 2361 2485 2544 2539; x_wconf 87' lang='grc' dir='ltr'>τοίνυν</span> <span class='ocrx_word' id='word_1_328' title='bbox 2580 2485 2860 2557; x_wconf 80' lang='grc' dir='ltr'>’Δχιλλεὺς</span> <span class='ocrx_word' id='word_1_329' title='bbox 2905 2486 3004 2539; x_wconf 80' lang='grc' dir='ltr'>καὶ</span> <span class='ocrx_word' id='word_1_330' title='bbox 3030 2485 3140 2538; x_wconf 89' lang='grc' dir='ltr'><strong>τῶν</strong></span> <span class='ocrx_word' id='word_1_331' title='bbox 3174 2485 3416 2556; x_wconf 88' lang='grc' dir='ltr'>ἀρίστων</span> <span class='ocrx_word' id='word_1_332' title='bbox 3445 2488 3616 2549; x_wconf 68' lang='grc' dir='ltr'>ἄλλοι,</span> 
     </span>
    </p>
   </div>
   <div class='ocr_carea' id='block_1_56' title="bbox 2043 2577 3490 2649">
    <p class='ocr_par' dir='ltr' id='par_1_56' title="bbox 2043 2577 3490 2649">
     <span class='ocr_line' id='line_1_56' title="bbox 2043 2577 3490 2649; baseline 0 -19"><span class='ocrx_word' id='word_1_333' title='bbox 2043 2577 2154 2630; x_wconf 76' lang='grc' dir='ltr'><strong>Καὶ</strong></span> <span class='ocrx_word' id='word_1_334' title='bbox 2183 2577 2366 2647; x_wconf 81' lang='grc' dir='ltr'>νήσοις</span> <span class='ocrx_word' id='word_1_335' title='bbox 2397 2577 2731 2631; x_wconf 79' lang='grc' dir='ltr'>ἐπιτίθενται</span> <span class='ocrx_word' id='word_1_336' title='bbox 2766 2578 2861 2631; x_wconf 66' lang='grc' dir='ltr'><strong>καὶ</strong></span> <span class='ocrx_word' id='word_1_337' title='bbox 2899 2577 3176 2649; x_wconf 88' lang='grc' dir='ltr'>κείρουσιν</span> <span class='ocrx_word' id='word_1_338' title='bbox 3205 2579 3490 2649; x_wconf 79' lang='grc' dir='ltr'>ἠπείρους,</span> 
     </span>
    </p>
   </div>
   <div class='ocr_carea' id='block_1_57' title="bbox 2044 2668 3335 2742">
    <p class='ocr_par' dir='ltr' id='par_1_57' title="bbox 2044 2668 3335 2742">
     <span class='ocr_line' id='line_1_57' title="bbox 2044 2668 3335 2742; baseline 0.004 -22"><span class='ocrx_word' id='word_1_339' title='bbox 2044 2668 2154 2721; x_wconf 76' lang='grc' dir='ltr'><strong>Καὶ</strong></span> <span class='ocrx_word' id='word_1_340' title='bbox 2183 2668 2364 2722; x_wconf 84' lang='grc' dir='ltr'>τέλεον</span> <span class='ocrx_word' id='word_1_341' title='bbox 2395 2669 2736 2742; x_wconf 79' lang='grc' dir='ltr'>ὲκτρίὸουσιν</span> <span class='ocrx_word' id='word_1_342' title='bbox 2759 2670 2858 2723; x_wconf 82' lang='grc' dir='ltr'><strong>ὅσα</strong></span> <span class='ocrx_word' id='word_1_343' title='bbox 2891 2670 2999 2723; x_wconf 89' lang='grc' dir='ltr'><strong>τῶν</strong></span> <span class='ocrx_word' id='word_1_344' title='bbox 3037 2669 3335 2740; x_wconf 86' lang='grc' dir='ltr'>πολεμίων.</span> 
     </span>
    </p>
   </div>
   <div class='ocr_carea' id='block_1_58' title="bbox 2046 2761 3472 2836">
    <p class='ocr_par' dir='ltr' id='par_1_58' title="bbox 2046 2761 3472 2836">
     <span class='ocr_line' id='line_1_58' title="bbox 2046 2761 3472 2836; baseline 0.001 -21"><span class='ocrx_word' id='word_1_345' title='bbox 2046 2761 2320 2815; x_wconf 85' lang='grc' dir='ltr'>Ἥκουστο</span> <span class='ocrx_word' id='word_1_346' title='bbox 2348 2763 2447 2833; x_wconf 84' lang='grc' dir='ltr'><strong>μὲν</strong></span> <span class='ocrx_word' id='word_1_347' title='bbox 2467 2762 2558 2816; x_wconf 78' lang='grc' dir='ltr'><strong>οὖν</strong></span> <span class='ocrx_word' id='word_1_348' title='bbox 2587 2762 2813 2835; x_wconf 85' lang='grc' dir='ltr'>Ἕλλησι</span> <span class='ocrx_word' id='word_1_349' title='bbox 2839 2763 2908 2817; x_wconf 76' lang='grc' dir='ltr'>τὰ</span> <span class='ocrx_word' id='word_1_350' title='bbox 2934 2781 2999 2816; x_wconf 82' lang='grc' dir='ltr'><strong>πε</strong></span> <span class='ocrx_word' id='word_1_351' title='bbox 3011 2765 3062 2836; x_wconf 73' lang='lat' dir='ltr'><strong>pl</strong></span> <span class='ocrx_word' id='word_1_352' title='bbox 3095 2763 3196 2834; x_wconf 84' lang='grc' dir='ltr'>τῆς</span> <span class='ocrx_word' id='word_1_353' title='bbox 3231 2763 3472 2835; x_wconf 84' lang='grc' dir='ltr'>Ἑλένης,</span> 
     </span>
    </p>
   </div>
   <div class='ocr_carea' id='block_1_59' title="bbox 3278 2856 3602 2912">
    <p class='ocr_par' dir='ltr' id='par_1_59' title="bbox 3278 2856 3602 2912">
     <span class='ocr_line' id='line_1_59' title="bbox 3278 2856 3602 2912; baseline -0.006 0"><span class='ocrx_word' id='word_1_354' title='bbox 3278 2856 3435 2912; x_wconf 80' lang='lat' dir='ltr'><strong>Vcrs.</strong></span> <span class='ocrx_word' id='word_1_355' title='bbox 3471 2856 3602 2910; x_wconf 76' lang='grc'><strong>1251</strong></span> 
     </span>
    </p>
   </div>
   <div class='ocr_carea' id='block_1_60' title="bbox 356 2987 1940 3079">
    <p class='ocr_par' dir='ltr' id='par_1_60' title="bbox 356 2988 1937 3050">
     <span class='ocr_line' id='line_1_60' title="bbox 356 2988 1937 3050; baseline -0.002 0"><span class='ocrx_word' id='word_1_356' title='bbox 356 2994 557 3050; x_wconf 88' lang='lat' dir='ltr'><strong>multis</strong></span> <span class='ocrx_word' id='word_1_357' title='bbox 603 2989 1072 3048; x_wconf 87' lang='lat' dir='ltr'><strong>assentationibus</strong></span> <span class='ocrx_word' id='word_1_358' title='bbox 1115 2997 1314 3047; x_wconf 84' lang='lat' dir='ltr'><strong>utare:</strong></span> <span class='ocrx_word' id='word_1_359' title='bbox 1361 2989 1460 3045; x_wconf 89' lang='lat' dir='ltr'><strong>sed</strong></span> <span class='ocrx_word' id='word_1_360' title='bbox 1507 2988 1696 3046; x_wconf 61' lang='lat' dir='ltr'><strong>Graeco</strong></span> <span class='ocrx_word' id='word_1_361' title='bbox 1738 2991 1839 3047; x_wconf 88' lang='lat' dir='ltr'><strong>abs</strong></span> <span class='ocrx_word' id='word_1_362' title='bbox 1885 3000 1937 3048; x_wconf 92' lang='lat' dir='ltr'><strong>te</strong></span> 
     </span>
    </p>
   </div>
   <div class='ocr_carea' id='block_1_61' title="bbox 2045 2987 3618 3079">
    <p class='ocr_par' dir='ltr' id='par_1_61' title="bbox 2045 3013 3618 3079">
     <span class='ocr_line' id='line_1_61' title="bbox 2045 3013 3618 3079; baseline -0.001 -8"><span class='ocrx_word' id='word_1_363' title='bbox 2045 3013 2301 3079; x_wconf 82' lang='lat' dir='ltr'><strong>Salamis,</strong></span> <span class='ocrx_word' id='word_1_364' title='bbox 2328 3023 2385 3070; x_wconf 92' lang='lat' dir='ltr'><strong>et</strong></span> <span class='ocrx_word' id='word_1_365' title='bbox 2414 3029 2539 3071; x_wconf 90' lang='lat' dir='ltr'><strong>cum</strong></span> <span class='ocrx_word' id='word_1_366' title='bbox 2562 3014 2652 3070; x_wconf 90' lang='lat' dir='ltr'><strong>his</strong></span> <span class='ocrx_word' id='word_1_367' title='bbox 2681 3015 2912 3070; x_wconf 83' lang='lat' dir='ltr'><strong>maxima</strong></span> <span class='ocrx_word' id='word_1_368' title='bbox 2936 3014 3026 3070; x_wconf 87' lang='lat' dir='ltr'><strong>illa</strong></span> <span class='ocrx_word' id='word_1_369' title='bbox 3056 3014 3240 3071; x_wconf 97' lang='lat' dir='ltr'><strong>Creta.</strong></span> <span class='ocrx_word' id='word_1_370' title='bbox 3266 3013 3481 3071; x_wconf 89' lang='lat' dir='ltr'><strong>ltabant</strong></span> <span class='ocrx_word' id='word_1_371' title='bbox 3510 3032 3618 3070; x_wconf 78' lang='lat' dir='ltr'><strong>una</strong></span> 
     </span>
    </p>
   </div>
   <div class='ocr_carea' id='block_1_62' title="bbox 355 3078 1939 3151">
    <p class='ocr_par' dir='ltr' id='par_1_62' title="bbox 355 3078 1939 3151">
     <span class='ocr_line' id='line_1_62' title="bbox 355 3078 1939 3151; baseline -0.002 -11"><span class='ocrx_word' id='word_1_372' title='bbox 355 3087 496 3140; x_wconf 62' lang='lat' dir='ltr'><strong>Iaaso</strong></span> <span class='ocrx_word' id='word_1_373' title='bbox 521 3098 586 3138; x_wconf 89' lang='lat' dir='ltr'><strong>ea</strong></span> <span class='ocrx_word' id='word_1_374' title='bbox 617 3082 870 3138; x_wconf 84' lang='lat' dir='ltr'><strong>servabo.</strong></span> <span class='ocrx_word' id='word_1_375' title='bbox 899 3081 980 3135; x_wconf 90' lang='lat' dir='ltr'><strong>Tu</strong></span> <span class='ocrx_word' id='word_1_376' title='bbox 1013 3089 1198 3135; x_wconf 90' lang='lat' dir='ltr'><strong>autem</strong></span> <span class='ocrx_word' id='word_1_377' title='bbox 1237 3094 1304 3133; x_wconf 81' lang='lat' dir='ltr'><strong>ex</strong></span> <span class='ocrx_word' id='word_1_378' title='bbox 1337 3078 1572 3151; x_wconf 62' lang='lat' dir='ltr'><strong>[Egypto</strong></span> <span class='ocrx_word' id='word_1_379' title='bbox 1601 3079 1728 3151; x_wconf 87' lang='lat' dir='ltr'><strong>fuga</strong></span> <span class='ocrx_word' id='word_1_380' title='bbox 1757 3081 1939 3137; x_wconf 89' lang='lat' dir='ltr'><strong>disce-</strong></span> 
     </span>
    </p>
   </div>
   <div class='ocr_carea' id='block_1_63' title="bbox 352 3171 1940 3242">
    <p class='ocr_par' dir='ltr' id='par_1_63' title="bbox 352 3171 1940 3242">
     <span class='ocr_line' id='line_1_63' title="bbox 352 3171 1940 3242; baseline -0.003 -11"><span class='ocrx_word' id='word_1_381' title='bbox 352 3179 501 3231; x_wconf 88' lang='lat' dir='ltr'><strong>dito.</strong></span> <span class='ocrx_word' id='word_1_382' title='bbox 543 3183 563 3228; x_wconf 74' lang='lat' dir='ltr'><strong>i‘</strong></span> <span class='ocrx_word' id='word_1_383' title='bbox 601 3173 693 3230; x_wconf 86' lang='lat' dir='ltr'><strong>Sic</strong></span> <span class='ocrx_word' id='word_1_384' title='bbox 723 3176 957 3230; x_wconf 86' lang='lat' dir='ltr'><strong>Proteus</strong></span> <span class='ocrx_word' id='word_1_385' title='bbox 986 3188 1110 3227; x_wconf 90' lang='lat' dir='ltr'><strong>cum</strong></span> <span class='ocrx_word' id='word_1_386' title='bbox 1147 3172 1312 3227; x_wconf 82' lang='lat' dir='ltr'><strong>minis</strong></span> <span class='ocrx_word' id='word_1_387' title='bbox 1338 3171 1591 3226; x_wconf 91' lang='lat' dir='ltr'><strong>Paridem</strong></span> <span class='ocrx_word' id='word_1_388' title='bbox 1615 3171 1820 3242; x_wconf 85' lang='lat' dir='ltr'><strong>abegit,</strong></span> <span class='ocrx_word' id='word_1_389' title='bbox 1844 3173 1940 3242; x_wconf 88' lang='lat' dir='ltr'><strong>qui</strong></span> 
     </span>
    </p>
   </div>
   <div class='ocr_carea' id='block_1_64' title="bbox 353 3264 1942 3334">
    <p class='ocr_par' dir='ltr' id='par_1_64' title="bbox 353 3264 1942 3334">
     <span class='ocr_line' id='line_1_64' title="bbox 353 3264 1942 3334; baseline -0.003 -10"><span class='ocrx_word' id='word_1_390' title='bbox 353 3268 619 3324; x_wconf 85' lang='lat' dir='ltr'><strong>manibus</strong></span> <span class='ocrx_word' id='word_1_391' title='bbox 645 3267 832 3322; x_wconf 81' lang='lat' dir='ltr'><strong>vacuis</strong></span> <span class='ocrx_word' id='word_1_392' title='bbox 872 3265 926 3319; x_wconf 92' lang='lat' dir='ltr'><strong>in</strong></span> <span class='ocrx_word' id='word_1_393' title='bbox 954 3264 1189 3334; x_wconf 87' lang='lat' dir='ltr'><strong>patriam</strong></span> <span class='ocrx_word' id='word_1_394' title='bbox 1223 3278 1479 3319; x_wconf 82' lang='lat' dir='ltr'><strong>reversus</strong></span> <span class='ocrx_word' id='word_1_395' title='bbox 1504 3272 1607 3329; x_wconf 87' lang='lat' dir='ltr'><strong>est,</strong></span> <span class='ocrx_word' id='word_1_396' title='bbox 1636 3279 1761 3319; x_wconf 90' lang='lat' dir='ltr'><strong>cum</strong></span> <span class='ocrx_word' id='word_1_397' title='bbox 1785 3264 1942 3319; x_wconf 86' lang='lat' dir='ltr'><strong>volu-</strong></span> 
     </span>
    </p>
   </div>
   <div class='ocr_carea' id='block_1_65' title="bbox 350 3356 1941 3434">
    <p class='ocr_par' dir='ltr' id='par_1_65' title="bbox 350 3356 1941 3434">
     <span class='ocr_line' id='line_1_65' title="bbox 350 3356 1941 3434; baseline -0.003 -17"><span class='ocrx_word' id='word_1_398' title='bbox 350 3373 574 3434; x_wconf 86' lang='lat' dir='ltr'><strong>ptatem</strong></span> <span class='ocrx_word' id='word_1_399' title='bbox 609 3369 859 3416; x_wconf 82' lang='lat' dir='ltr'><strong>extremo</strong></span> <span class='ocrx_word' id='word_1_400' title='bbox 895 3367 1108 3413; x_wconf 86' lang='lat' dir='ltr'><strong>tantum</strong></span> <span class='ocrx_word' id='word_1_401' title='bbox 1143 3356 1316 3426; x_wconf 88' lang='lat' dir='ltr'><strong>digito</strong></span> <span class='ocrx_word' id='word_1_402' title='bbox 1350 3365 1624 3426; x_wconf 70' lang='lat' dir='ltr'><strong>gustasset</strong></span> <span class='ocrx_word' id='word_1_403' title='bbox 1660 3364 1716 3411; x_wconf 91' lang='lat' dir='ltr'><strong>et</strong></span> <span class='ocrx_word' id='word_1_404' title='bbox 1749 3371 1941 3427; x_wconf 80' lang='lat' dir='ltr'><strong>rogum</strong></span> 
     </span>
    </p>
   </div>
   <div class='ocr_carea' id='block_1_66' title="bbox 347 3447 1558 3517">
    <p class='ocr_par' dir='ltr' id='par_1_66' title="bbox 347 3447 1558 3517">
     <span class='ocr_line' id='line_1_66' title="bbox 347 3447 1558 3517; baseline -0.007 -7"><span class='ocrx_word' id='word_1_405' title='bbox 347 3453 715 3511; x_wconf 84' lang='lat' dir='ltr'><strong>accendisset</strong></span> <span class='ocrx_word' id='word_1_406' title='bbox 742 3451 944 3505; x_wconf 75' lang='lat' dir='ltr'><strong>cmlum</strong></span> <span class='ocrx_word' id='word_1_407' title='bbox 975 3449 1156 3517; x_wconf 87' lang='lat' dir='ltr'><strong>ipsum</strong></span> <span class='ocrx_word' id='word_1_408' title='bbox 1183 3447 1558 3517; x_wconf 85' lang='lat' dir='ltr'><strong>attingentem.</strong></span> 
     </span>
    </p>
   </div>
   <div class='ocr_carea' id='block_1_67' title="bbox 431 3537 1941 3610">
    <p class='ocr_par' dir='ltr' id='par_1_67' title="bbox 431 3537 1941 3610">
     <span class='ocr_line' id='line_1_67' title="bbox 431 3537 1941 3610; baseline -0.002 -13"><span class='ocrx_word' id='word_1_409' title='bbox 431 3543 558 3597; x_wconf 80' lang='lat' dir='ltr'><strong>lloc</strong></span> <span class='ocrx_word' id='word_1_410' title='bbox 607 3540 771 3594; x_wconf 87' lang='lat' dir='ltr'><strong>modo</strong></span> <span class='ocrx_word' id='word_1_411' title='bbox 819 3540 948 3610; x_wconf 82' lang='lat' dir='ltr'><strong>fuga</strong></span> <span class='ocrx_word' id='word_1_412' title='bbox 1004 3537 1219 3593; x_wconf 89' lang='lat' dir='ltr'><strong>Paridis</strong></span> <span class='ocrx_word' id='word_1_413' title='bbox 1277 3554 1308 3594; x_wconf 89' lang='lat' dir='ltr'><strong>e</strong></span> <span class='ocrx_word' id='word_1_414' title='bbox 1363 3537 1556 3607; x_wconf 88' lang='lat' dir='ltr'><strong>Sparta</strong></span> <span class='ocrx_word' id='word_1_415' title='bbox 1614 3538 1941 3610; x_wconf 69' lang='lat' dir='ltr'><strong>IIeIenzeque</strong></span> 
     </span>
    </p>
   </div>
   <div class='ocr_carea' id='block_1_68' title="bbox 345 3630 1942 3706">
    <p class='ocr_par' dir='ltr' id='par_1_68' title="bbox 345 3630 1942 3706">
     <span class='ocr_line' id='line_1_68' title="bbox 345 3630 1942 3706; baseline -0.004 -15"><span class='ocrx_word' id='word_1_416' title='bbox 345 3645 564 3706; x_wconf 86' lang='lat' dir='ltr'><strong>raptus</strong></span> <span class='ocrx_word' id='word_1_417' title='bbox 590 3631 811 3687; x_wconf 89' lang='lat' dir='ltr'><strong>accidit.</strong></span> <span class='ocrx_word' id='word_1_418' title='bbox 845 3630 1165 3685; x_wconf 80' lang='lat' dir='ltr'><strong>Revertitur</strong></span> <span class='ocrx_word' id='word_1_419' title='bbox 1191 3644 1257 3685; x_wconf 77' lang='lat' dir='ltr'><strong>ex</strong></span> <span class='ocrx_word' id='word_1_420' title='bbox 1286 3630 1724 3700; x_wconf 77' lang='lat' dir='ltr'><strong>peregrinatione</strong></span> <span class='ocrx_word' id='word_1_421' title='bbox 1755 3630 1942 3685; x_wconf 82' lang='lat' dir='ltr'><strong>Mene-</strong></span> 
     </span>
    </p>
   </div>
   <div class='ocr_carea' id='block_1_69' title="bbox 345 3721 1944 3797">
    <p class='ocr_par' dir='ltr' id='par_1_69' title="bbox 345 3721 1944 3797">
     <span class='ocr_line' id='line_1_69' title="bbox 345 3721 1944 3797; baseline -0.006 -10"><span class='ocrx_word' id='word_1_422' title='bbox 345 3726 683 3797; x_wconf 88' lang='lat' dir='ltr'><strong>laus:quid</strong></span> <span class='ocrx_word' id='word_1_423' title='bbox 725 3726 1019 3788; x_wconf 89' lang='lat' dir='ltr'><strong>evenisset,</strong></span> <span class='ocrx_word' id='word_1_424' title='bbox 1070 3721 1290 3794; x_wconf 89' lang='lat' dir='ltr'><strong>accipit.</strong></span> <span class='ocrx_word' id='word_1_425' title='bbox 1332 3722 1551 3777; x_wconf 78' lang='lat' dir='ltr'><strong>Vestem</strong></span> <span class='ocrx_word' id='word_1_426' title='bbox 1596 3723 1841 3788; x_wconf 87' lang='lat' dir='ltr'><strong>lacerat,</strong></span> <span class='ocrx_word' id='word_1_427' title='bbox 1886 3731 1944 3778; x_wconf 89' lang='lat' dir='ltr'><strong>et</strong></span> 
     </span>
    </p>
   </div>
   <div class='ocr_carea' id='block_1_70' title="bbox 348 3813 1940 3888">
    <p class='ocr_par' dir='ltr' id='par_1_70' title="bbox 348 3813 1940 3888">
     <span class='ocr_line' id='line_1_70' title="bbox 348 3813 1940 3888; baseline -0.005 -12"><span class='ocrx_word' id='word_1_428' title='bbox 348 3835 493 3876; x_wconf 88' lang='lat' dir='ltr'><strong>cum</strong></span> <span class='ocrx_word' id='word_1_429' title='bbox 530 3818 650 3888; x_wconf 90' lang='lat' dir='ltr'><strong>ipso</strong></span> <span class='ocrx_word' id='word_1_430' title='bbox 680 3815 1002 3887; x_wconf 75' lang='lat' dir='ltr'><strong>Tyndareus</strong></span> <span class='ocrx_word' id='word_1_431' title='bbox 1028 3813 1244 3869; x_wconf 71' lang='lat' dir='ltr'><strong>Helena:</strong></span> <span class='ocrx_word' id='word_1_432' title='bbox 1272 3823 1432 3884; x_wconf 89' lang='lat' dir='ltr'><strong>pater</strong></span> <span class='ocrx_word' id='word_1_433' title='bbox 1463 3815 1609 3868; x_wconf 89' lang='lat' dir='ltr'><strong>idem</strong></span> <span class='ocrx_word' id='word_1_434' title='bbox 1639 3813 1790 3869; x_wconf 82' lang='lat' dir='ltr'><strong>facit.</strong></span> <span class='ocrx_word' id='word_1_435' title='bbox 1825 3814 1940 3870; x_wconf 88' lang='lat' dir='ltr'><strong>Una</strong></span> 
     </span>
    </p>
   </div>
   <div class='ocr_carea' id='block_1_71' title="bbox 351 3905 1944 3983">
    <p class='ocr_par' dir='ltr' id='par_1_71' title="bbox 351 3905 1944 3983">
     <span class='ocr_line' id='line_1_71' title="bbox 351 3905 1944 3983; baseline -0.004 -16"><span class='ocrx_word' id='word_1_436' title='bbox 351 3911 678 3983; x_wconf 85' lang='lat' dir='ltr'><strong>principum</strong></span> <span class='ocrx_word' id='word_1_437' title='bbox 731 3907 1044 3963; x_wconf 65' lang='lat' dir='ltr'><strong>Graecorum</strong></span> <span class='ocrx_word' id='word_1_438' title='bbox 1095 3914 1298 3962; x_wconf 79' lang='lat' dir='ltr'><strong>emtum</strong></span> <span class='ocrx_word' id='word_1_439' title='bbox 1349 3907 1590 3969; x_wconf 87' lang='lat' dir='ltr'><strong>adeunt,</strong></span> <span class='ocrx_word' id='word_1_440' title='bbox 1644 3905 1944 3976; x_wconf 86' lang='lat' dir='ltr'><strong>denigratis</strong></span> 
     </span>
    </p>
   </div>
   <div class='ocr_carea' id='block_1_72' title="bbox 350 3997 1946 4071">
    <p class='ocr_par' dir='ltr' id='par_1_72' title="bbox 350 3997 1946 4071">
     <span class='ocr_line' id='line_1_72' title="bbox 350 3997 1946 4071; baseline -0.005 -11"><span class='ocrx_word' id='word_1_441' title='bbox 350 4004 637 4068; x_wconf 76' lang='lat' dir='ltr'><strong>vultibus,</strong></span> <span class='ocrx_word' id='word_1_442' title='bbox 657 4011 950 4071; x_wconf 83' lang='lat' dir='ltr'><strong>vestesque</strong></span> <span class='ocrx_word' id='word_1_443' title='bbox 976 4000 1154 4071; x_wconf 91' lang='lat' dir='ltr'><strong>pullas</strong></span> <span class='ocrx_word' id='word_1_444' title='bbox 1183 3997 1770 4068; x_wconf 83' lang='lat' dir='ltr'><strong>induti.Jurisjurandi</strong></span> <span class='ocrx_word' id='word_1_445' title='bbox 1797 3998 1946 4052; x_wconf 91' lang='lat' dir='ltr'><strong>illius</strong></span> 
     </span>
    </p>
   </div>
   <div class='ocr_carea' id='block_1_73' title="bbox 350 4090 1944 4163">
    <p class='ocr_par' dir='ltr' id='par_1_73' title="bbox 350 4090 1944 4163">
     <span class='ocr_line' id='line_1_73' title="bbox 350 4090 1944 4163; baseline -0.008 -8"><span class='ocrx_word' id='word_1_446' title='bbox 350 4098 628 4155; x_wconf 84' lang='lat' dir='ltr'><strong>horrendi</strong></span> <span class='ocrx_word' id='word_1_447' title='bbox 650 4095 1170 4158; x_wconf 85' lang='lat' dir='ltr'><strong>commonefaciunt,</strong></span> <span class='ocrx_word' id='word_1_448' title='bbox 1199 4093 1345 4163; x_wconf 91' lang='lat' dir='ltr'><strong>quod</strong></span> <span class='ocrx_word' id='word_1_449' title='bbox 1370 4092 1544 4149; x_wconf 77' lang='lat' dir='ltr'><strong>Graeci</strong></span> <span class='ocrx_word' id='word_1_450' title='bbox 1575 4105 1765 4147; x_wconf 89' lang='lat' dir='ltr'><strong>omnes</strong></span> <span class='ocrx_word' id='word_1_451' title='bbox 1780 4090 1944 4145; x_wconf 87' lang='lat' dir='ltr'><strong>simul</strong></span> 
     </span>
    </p>
   </div>
   <div class='ocr_carea' id='block_1_74' title="bbox 346 4184 1944 4265">
    <p class='ocr_par' dir='ltr' id='par_1_74' title="bbox 346 4184 1944 4265">
     <span class='ocr_line' id='line_1_74' title="bbox 346 4184 1944 4265; baseline -0.007 -17"><span class='ocrx_word' id='word_1_452' title='bbox 346 4196 700 4265; x_wconf 67' lang='lat' dir='ltr'><strong>iuraverant,</strong></span> <span class='ocrx_word' id='word_1_453' title='bbox 751 4199 812 4244; x_wconf 91' lang='lat' dir='ltr'><strong>ut</strong></span> <span class='ocrx_word' id='word_1_454' title='bbox 861 4189 907 4243; x_wconf 89' lang='lat' dir='ltr'><strong>si</strong></span> <span class='ocrx_word' id='word_1_455' title='bbox 956 4187 1302 4257; x_wconf 75' lang='lat' dir='ltr'><strong>contingeret</strong></span> <span class='ocrx_word' id='word_1_456' title='bbox 1348 4186 1610 4241; x_wconf 81' lang='lat' dir='ltr'><strong>Helenam</strong></span> <span class='ocrx_word' id='word_1_457' title='bbox 1661 4187 1730 4240; x_wconf 90' lang='lat' dir='ltr'><strong>ab</strong></span> <span class='ocrx_word' id='word_1_458' title='bbox 1757 4184 1944 4254; x_wconf 90' lang='lat' dir='ltr'><strong>aliquo</strong></span> 
     </span>
    </p>
   </div>
   <div class='ocr_carea' id='block_1_75' title="bbox 2041 3103 3620 3176">
    <p class='ocr_par' dir='ltr' id='par_1_75' title="bbox 2041 3103 3620 3176">
     <span class='ocr_line' id='line_1_75' title="bbox 2041 3103 3620 3176; baseline 0.001 -16"><span class='ocrx_word' id='word_1_459' title='bbox 2041 3103 2316 3160; x_wconf 87' lang='lat' dir='ltr'><strong>Corinthii</strong></span> <span class='ocrx_word' id='word_1_460' title='bbox 2358 3123 2371 3158; x_wconf 90' lang='lat'><strong>:</strong></span> <span class='ocrx_word' id='word_1_461' title='bbox 2405 3104 2540 3160; x_wconf 90' lang='lat' dir='ltr'><strong>socii</strong></span> <span class='ocrx_word' id='word_1_462' title='bbox 2573 3113 2732 3159; x_wconf 87' lang='lat' dir='ltr'><strong>erant</strong></span> <span class='ocrx_word' id='word_1_463' title='bbox 2755 3105 2967 3176; x_wconf 79' lang='lat' dir='ltr'><strong>Argivi.</strong></span> <span class='ocrx_word' id='word_1_464' title='bbox 3000 3103 3147 3158; x_wconf 80' lang='lat' dir='ltr'><strong>Mille</strong></span> <span class='ocrx_word' id='word_1_465' title='bbox 3176 3104 3396 3159; x_wconf 88' lang='lat' dir='ltr'><strong>navium</strong></span> <span class='ocrx_word' id='word_1_466' title='bbox 3424 3104 3620 3161; x_wconf 84' lang='lat' dir='ltr'><strong>classis</strong></span> 
     </span>
    </p>
   </div>
   <div class='ocr_carea' id='block_1_76' title="bbox 2041 3192 3618 3264">
    <p class='ocr_par' dir='ltr' id='par_1_76' title="bbox 2041 3192 3618 3264">
     <span class='ocr_line' id='line_1_76' title="bbox 2041 3192 3618 3264; baseline -0.001 -16"><span class='ocrx_word' id='word_1_467' title='bbox 2041 3203 2128 3248; x_wconf 87' lang='lat' dir='ltr'><strong>est</strong></span> <span class='ocrx_word' id='word_1_468' title='bbox 2157 3193 2226 3248; x_wconf 87' lang='lat' dir='ltr'><strong>ab</strong></span> <span class='ocrx_word' id='word_1_469' title='bbox 2257 3193 2391 3264; x_wconf 91' lang='lat' dir='ltr'><strong>ipsis</strong></span> <span class='ocrx_word' id='word_1_470' title='bbox 2425 3202 2634 3248; x_wconf 90' lang='lat' dir='ltr'><strong>coacta.</strong></span> <span class='ocrx_word' id='word_1_471' title='bbox 2667 3193 2876 3248; x_wconf 83' lang='lat' dir='ltr'><strong>Aderat</strong></span> <span class='ocrx_word' id='word_1_472' title='bbox 2925 3192 3276 3247; x_wconf 87' lang='lat' dir='ltr'><strong>Menestheus</strong></span> <span class='ocrx_word' id='word_1_473' title='bbox 3311 3193 3618 3247; x_wconf 79' lang='lat' dir='ltr'><strong>Athenien-</strong></span> 
     </span>
    </p>
   </div>
   <div class='ocr_carea' id='block_1_77' title="bbox 2043 3280 3616 3353">
    <p class='ocr_par' dir='ltr' id='par_1_77' title="bbox 2043 3280 3616 3353">
     <span class='ocr_line' id='line_1_77' title="bbox 2043 3280 3616 3353; baseline 0 -17"><span class='ocrx_word' id='word_1_474' title='bbox 2043 3281 2140 3346; x_wconf 87' lang='lat' dir='ltr'><strong>sis,</strong></span> <span class='ocrx_word' id='word_1_475' title='bbox 2170 3281 2368 3336; x_wconf 85' lang='lat' dir='ltr'><strong>Nestor</strong></span> <span class='ocrx_word' id='word_1_476' title='bbox 2401 3283 2607 3353; x_wconf 74' lang='lat' dir='ltr'><strong>Pylius,</strong></span> <span class='ocrx_word' id='word_1_477' title='bbox 2639 3282 2859 3352; x_wconf 84' lang='lat' dir='ltr'><strong>Ulysses</strong></span> <span class='ocrx_word' id='word_1_478' title='bbox 2889 3296 2956 3334; x_wconf 80' lang='lat' dir='ltr'><strong>ex</strong></span> <span class='ocrx_word' id='word_1_479' title='bbox 2987 3281 3198 3346; x_wconf 81' lang='lat' dir='ltr'><strong>Ithaca,</strong></span> <span class='ocrx_word' id='word_1_480' title='bbox 3237 3297 3304 3336; x_wconf 85' lang='lat' dir='ltr'><strong>ex</strong></span> <span class='ocrx_word' id='word_1_481' title='bbox 3339 3280 3616 3336; x_wconf 90' lang='lat' dir='ltr'><strong>Salamine</strong></span> 
     </span>
    </p>
   </div>
   <div class='ocr_carea' id='block_1_78' title="bbox 2043 3370 3614 3442">
    <p class='ocr_par' dir='ltr' id='par_1_78' title="bbox 2043 3370 3614 3442">
     <span class='ocr_line' id='line_1_78' title="bbox 2043 3370 3614 3442; baseline 0.001 -18"><span class='ocrx_word' id='word_1_482' title='bbox 2043 3372 2194 3442; x_wconf 76' lang='lat' dir='ltr'><strong>Ajax,</strong></span> <span class='ocrx_word' id='word_1_483' title='bbox 2234 3372 2566 3428; x_wconf 89' lang='lat' dir='ltr'><strong>Idomeneus</strong></span> <span class='ocrx_word' id='word_1_484' title='bbox 2624 3386 2656 3426; x_wconf 91' lang='lat' dir='ltr'><strong>c</strong></span> <span class='ocrx_word' id='word_1_485' title='bbox 2706 3370 2890 3437; x_wconf 85' lang='lat' dir='ltr'><strong>Creta,</strong></span> <span class='ocrx_word' id='word_1_486' title='bbox 2923 3387 2954 3426; x_wconf 91' lang='lat' dir='ltr'><strong>e</strong></span> <span class='ocrx_word' id='word_1_487' title='bbox 2994 3371 3189 3426; x_wconf 84' lang='lat' dir='ltr'><strong>Rhodo</strong></span> <span class='ocrx_word' id='word_1_488' title='bbox 3245 3372 3614 3441; x_wconf 74' lang='lat' dir='ltr'><strong>Tlepolemus,</strong></span> 
     </span>
    </p>
   </div>
   <div class='ocr_carea' id='block_1_79' title="bbox 2042 3463 3616 3534">
    <p class='ocr_par' dir='ltr' id='par_1_79' title="bbox 2042 3463 3616 3534">
     <span class='ocr_line' id='line_1_79' title="bbox 2042 3463 3616 3534; baseline 0 -15"><span class='ocrx_word' id='word_1_489' title='bbox 2042 3479 2239 3519; x_wconf 87' lang='lat' dir='ltr'><strong>omnes</strong></span> <span class='ocrx_word' id='word_1_490' title='bbox 2257 3463 2525 3532; x_wconf 79' lang='lat' dir='ltr'><strong>originem</strong></span> <span class='ocrx_word' id='word_1_491' title='bbox 2549 3463 2768 3534; x_wconf 88' lang='lat' dir='ltr'><strong>generis</strong></span> <span class='ocrx_word' id='word_1_492' title='bbox 2794 3463 3060 3518; x_wconf 85' lang='lat' dir='ltr'><strong>habentes</strong></span> <span class='ocrx_word' id='word_1_493' title='bbox 3079 3477 3109 3518; x_wconf 91' lang='lat' dir='ltr'><strong>e</strong></span> <span class='ocrx_word' id='word_1_494' title='bbox 3132 3463 3304 3519; x_wconf 90' lang='lat' dir='ltr'><strong>nobili</strong></span> <span class='ocrx_word' id='word_1_495' title='bbox 3329 3465 3616 3534; x_wconf 86' lang='lat' dir='ltr'><strong>sanguine,</strong></span> 
     </span>
    </p>
   </div>
   <div class='ocr_carea' id='block_1_80' title="bbox 2046 3554 3617 3626">
    <p class='ocr_par' dir='ltr' id='par_1_80' title="bbox 2046 3554 3617 3626">
     <span class='ocr_line' id='line_1_80' title="bbox 2046 3554 3617 3626; baseline 0.001 -18"><span class='ocrx_word' id='word_1_496' title='bbox 2046 3554 2307 3622; x_wconf 82' lang='lat' dir='ltr'><strong>insignes,</strong></span> <span class='ocrx_word' id='word_1_497' title='bbox 2355 3556 2460 3609; x_wconf 89' lang='lat' dir='ltr'><strong>orti</strong></span> <span class='ocrx_word' id='word_1_498' title='bbox 2487 3554 2646 3617; x_wconf 87' lang='lat' dir='ltr'><strong>Jove,</strong></span> <span class='ocrx_word' id='word_1_499' title='bbox 2671 3554 2942 3619; x_wconf 84' lang='lat' dir='ltr'><strong>Mavortii,</strong></span> <span class='ocrx_word' id='word_1_500' title='bbox 2975 3555 3165 3620; x_wconf 82' lang='lat' dir='ltr'><strong>fortes,</strong></span> <span class='ocrx_word' id='word_1_501' title='bbox 3196 3557 3468 3626; x_wconf 88' lang='lat' dir='ltr'><strong>generosi,</strong></span> <span class='ocrx_word' id='word_1_502' title='bbox 3499 3557 3617 3612; x_wconf 92' lang='lat' dir='ltr'><strong>leo-</strong></span> 
     </span>
    </p>
   </div>
   <div class='ocr_carea' id='block_1_81' title="bbox 2045 3646 3616 3716">
    <p class='ocr_par' dir='ltr' id='par_1_81' title="bbox 2045 3646 3616 3716">
     <span class='ocr_line' id='line_1_81' title="bbox 2045 3646 3616 3716; baseline 0.003 -16"><span class='ocrx_word' id='word_1_503' title='bbox 2045 3646 2191 3702; x_wconf 89' lang='lat' dir='ltr'><strong>ninis</strong></span> <span class='ocrx_word' id='word_1_504' title='bbox 2219 3646 2416 3702; x_wconf 89' lang='lat' dir='ltr'><strong>animis</strong></span> <span class='ocrx_word' id='word_1_505' title='bbox 2438 3646 2670 3716; x_wconf 71' lang='lat' dir='ltr'><strong>praediti.</strong></span> <span class='ocrx_word' id='word_1_506' title='bbox 2691 3647 2865 3716; x_wconf 86' lang='lat' dir='ltr'><strong>Supra</strong></span> <span class='ocrx_word' id='word_1_507' title='bbox 2893 3661 3084 3702; x_wconf 91' lang='lat' dir='ltr'><strong>omnes</strong></span> <span class='ocrx_word' id='word_1_508' title='bbox 3108 3647 3350 3704; x_wconf 85' lang='lat' dir='ltr'><strong>Achilles</strong></span> <span class='ocrx_word' id='word_1_509' title='bbox 3370 3663 3401 3703; x_wconf 90' lang='lat' dir='ltr'><strong>e</strong></span> <span class='ocrx_word' id='word_1_510' title='bbox 3422 3649 3616 3704; x_wconf 79' lang='lat' dir='ltr'><strong>Phthia</strong></span> 
     </span>
    </p>
   </div>
   <div class='ocr_carea' id='block_1_82' title="bbox 2044 3737 3618 3809">
    <p class='ocr_par' dir='ltr' id='par_1_82' title="bbox 2044 3737 3618 3809">
     <span class='ocr_line' id='line_1_82' title="bbox 2044 3737 3618 3809; baseline 0.002 -18"><span class='ocrx_word' id='word_1_511' title='bbox 2044 3737 2283 3804; x_wconf 84' lang='lat' dir='ltr'><strong>lucebat,</strong></span> <span class='ocrx_word' id='word_1_512' title='bbox 2315 3738 2424 3809; x_wconf 74' lang='grc'><strong>26</strong></span> <span class='ocrx_word' id='word_1_513' title='bbox 2447 3737 2530 3792; x_wconf 89' lang='lat' dir='ltr'><strong>vir</strong></span> <span class='ocrx_word' id='word_1_514' title='bbox 2576 3737 2892 3801; x_wconf 86' lang='lat' dir='ltr'><strong>bellicosus,</strong></span> <span class='ocrx_word' id='word_1_515' title='bbox 2928 3737 3109 3801; x_wconf 91' lang='lat' dir='ltr'><strong>fortis,</strong></span> <span class='ocrx_word' id='word_1_516' title='bbox 3161 3739 3402 3794; x_wconf 89' lang='lat' dir='ltr'><strong>robustis</strong></span> <span class='ocrx_word' id='word_1_517' title='bbox 3443 3741 3618 3794; x_wconf 83' lang='lat' dir='ltr'><strong>mani-</strong></span> 
     </span>
    </p>
   </div>
   <div class='ocr_carea' id='block_1_83' title="bbox 2045 3829 3612 3900">
    <p class='ocr_par' dir='ltr' id='par_1_83' title="bbox 2045 3829 3612 3900">
     <span class='ocr_line' id='line_1_83' title="bbox 2045 3829 3612 3900; baseline -0.001 -14"><span class='ocrx_word' id='word_1_518' title='bbox 2045 3831 2168 3886; x_wconf 88' lang='lat' dir='ltr'><strong>bus.</strong></span> <span class='ocrx_word' id='word_1_519' title='bbox 2194 3831 2488 3886; x_wconf 88' lang='lat' dir='ltr'><strong>Enimvero</strong></span> <span class='ocrx_word' id='word_1_520' title='bbox 2528 3829 2793 3885; x_wconf 91' lang='lat' dir='ltr'><strong>instructa</strong></span> <span class='ocrx_word' id='word_1_521' title='bbox 2822 3830 2971 3885; x_wconf 89' lang='lat' dir='ltr'><strong>mille</strong></span> <span class='ocrx_word' id='word_1_522' title='bbox 2995 3831 3216 3884; x_wconf 86' lang='lat' dir='ltr'><strong>navium</strong></span> <span class='ocrx_word' id='word_1_523' title='bbox 3243 3830 3442 3893; x_wconf 89' lang='lat' dir='ltr'><strong>classe,</strong></span> <span class='ocrx_word' id='word_1_524' title='bbox 3469 3831 3612 3900; x_wconf 82' lang='lat' dir='ltr'><strong>Aga-</strong></span> 
     </span>
    </p>
   </div>
   <div class='ocr_carea' id='block_1_84' title="bbox 2046 3922 3618 3992">
    <p class='ocr_par' dir='ltr' id='par_1_84' title="bbox 2046 3922 3618 3992">
     <span class='ocr_line' id='line_1_84' title="bbox 2046 3922 3618 3992; baseline -0.001 -14"><span class='ocrx_word' id='word_1_525' title='bbox 2046 3938 2392 3978; x_wconf 87' lang='lat' dir='ltr'><strong>memnonem</strong></span> <span class='ocrx_word' id='word_1_526' title='bbox 2425 3923 2619 3978; x_wconf 89' lang='lat' dir='ltr'><strong>classis</strong></span> <span class='ocrx_word' id='word_1_527' title='bbox 2641 3932 2700 3978; x_wconf 89' lang='lat' dir='ltr'><strong>et</strong></span> <span class='ocrx_word' id='word_1_528' title='bbox 2732 3922 3011 3978; x_wconf 85' lang='lat' dir='ltr'><strong>exercitus</strong></span> <span class='ocrx_word' id='word_1_529' title='bbox 3055 3922 3440 3992; x_wconf 83' lang='lat' dir='ltr'><strong>imperatorem</strong></span> <span class='ocrx_word' id='word_1_530' title='bbox 3485 3939 3618 3977; x_wconf 84' lang='lat' dir='ltr'><strong>con-</strong></span> 
     </span>
    </p>
   </div>
   <div class='ocr_carea' id='block_1_85' title="bbox 2046 4013 3615 4084">
    <p class='ocr_par' dir='ltr' id='par_1_85' title="bbox 2046 4013 3615 4084">
     <span class='ocr_line' id='line_1_85' title="bbox 2046 4013 3615 4084; baseline 0 -16"><span class='ocrx_word' id='word_1_531' title='bbox 2046 4016 2326 4080; x_wconf 92' lang='lat' dir='ltr'><strong>stituunt,</strong></span> <span class='ocrx_word' id='word_1_532' title='bbox 2376 4015 2558 4068; x_wconf 86' lang='lat' dir='ltr'><strong>virum</strong></span> <span class='ocrx_word' id='word_1_533' title='bbox 2623 4028 2949 4084; x_wconf 87' lang='lat' dir='ltr'><strong>generosum</strong></span> <span class='ocrx_word' id='word_1_534' title='bbox 3012 4027 3077 4067; x_wconf 89' lang='lat' dir='ltr'><strong>ac</strong></span> <span class='ocrx_word' id='word_1_535' title='bbox 3133 4013 3380 4078; x_wconf 90' lang='lat' dir='ltr'><strong>bonum,</strong></span> <span class='ocrx_word' id='word_1_536' title='bbox 3445 4014 3615 4069; x_wconf 88' lang='lat' dir='ltr'><strong>heroa</strong></span> 
     </span>
    </p>
   </div>
   <div class='ocr_carea' id='block_1_86' title="bbox 2046 4103 3612 4174">
    <p class='ocr_par' dir='ltr' id='par_1_86' title="bbox 2046 4103 3612 4174">
     <span class='ocr_line' id='line_1_86' title="bbox 2046 4103 3612 4174; baseline -0.001 -15"><span class='ocrx_word' id='word_1_537' title='bbox 2046 4105 2355 4172; x_wconf 88' lang='lat' dir='ltr'><strong>robustum,</strong></span> <span class='ocrx_word' id='word_1_538' title='bbox 2407 4113 2753 4174; x_wconf 66' lang='lat' dir='ltr'><strong>praestantem</strong></span> <span class='ocrx_word' id='word_1_539' title='bbox 2806 4103 2979 4158; x_wconf 88' lang='lat' dir='ltr'><strong>forma</strong></span> <span class='ocrx_word' id='word_1_540' title='bbox 3021 4111 3078 4158; x_wconf 90' lang='lat' dir='ltr'><strong>et</strong></span> <span class='ocrx_word' id='word_1_541' title='bbox 3130 4103 3182 4158; x_wconf 75' lang='lat' dir='ltr'><strong>vi</strong></span> <span class='ocrx_word' id='word_1_542' title='bbox 3238 4103 3612 4159; x_wconf 86' lang='lat' dir='ltr'><strong>brachiorum.</strong></span> 
     </span>
    </p>
   </div>
   <div class='ocr_carea' id='block_1_87' title="bbox 2049 4193 3619 4264">
    <p class='ocr_par' dir='ltr' id='par_1_87' title="bbox 2049 4193 3619 4264">
     <span class='ocr_line' id='line_1_87' title="bbox 2049 4193 3619 4264; baseline 0 -14"><span class='ocrx_word' id='word_1_543' title='bbox 2049 4196 2347 4250; x_wconf 90' lang='lat' dir='ltr'><strong>Discedunt</strong></span> <span class='ocrx_word' id='word_1_544' title='bbox 2374 4209 2404 4248; x_wconf 90' lang='lat' dir='ltr'><strong>a</strong></span> <span class='ocrx_word' id='word_1_545' title='bbox 2432 4193 2609 4263; x_wconf 88' lang='lat' dir='ltr'><strong>patria</strong></span> <span class='ocrx_word' id='word_1_546' title='bbox 2636 4202 2692 4248; x_wconf 91' lang='lat' dir='ltr'><strong>et</strong></span> <span class='ocrx_word' id='word_1_547' title='bbox 2722 4193 2918 4248; x_wconf 89' lang='lat' dir='ltr'><strong>amicis</strong></span> <span class='ocrx_word' id='word_1_548' title='bbox 2955 4201 3012 4247; x_wconf 93' lang='lat' dir='ltr'><strong>et</strong></span> <span class='ocrx_word' id='word_1_549' title='bbox 3039 4194 3377 4264; x_wconf 87' lang='lat' dir='ltr'><strong>parentibus,</strong></span> <span class='ocrx_word' id='word_1_550' title='bbox 3406 4195 3619 4250; x_wconf 88' lang='lat' dir='ltr'><strong>animo-</strong></span> 
     </span>
    </p>
   </div>
   <div class='ocr_carea' id='block_1_88' title="bbox 354 4269 1940 4357">
    <p class='ocr_par' dir='ltr' id='par_1_88' title="bbox 354 4276 1934 4356">
     <span class='ocr_line' id='line_1_88' title="bbox 354 4276 1934 4356; baseline -0.006 -16"><span class='ocrx_word' id='word_1_551' title='bbox 354 4285 507 4356; x_wconf 87' lang='lat' dir='ltr'><strong>rapi,</strong></span> <span class='ocrx_word' id='word_1_552' title='bbox 553 4298 746 4338; x_wconf 89' lang='lat' dir='ltr'><strong>omnes</strong></span> <span class='ocrx_word' id='word_1_553' title='bbox 777 4279 895 4334; x_wconf 88' lang='lat' dir='ltr'><strong>suis</strong></span> <span class='ocrx_word' id='word_1_554' title='bbox 944 4293 1070 4332; x_wconf 90' lang='lat' dir='ltr'><strong>cum</strong></span> <span class='ocrx_word' id='word_1_555' title='bbox 1101 4276 1424 4345; x_wconf 89' lang='lat' dir='ltr'><strong>corporibus</strong></span> <span class='ocrx_word' id='word_1_556' title='bbox 1473 4291 1574 4345; x_wconf 91' lang='lat' dir='ltr'><strong>pro</strong></span> <span class='ocrx_word' id='word_1_557' title='bbox 1617 4291 1682 4331; x_wconf 90' lang='lat' dir='ltr'><strong>ea</strong></span> <span class='ocrx_word' id='word_1_558' title='bbox 1724 4293 1934 4348; x_wconf 86' lang='lat' dir='ltr'><strong>pugna-</strong></span> 
     </span>
    </p>
   </div>
   <div class='ocr_carea' id='block_1_89' title="bbox 2045 4269 3612 4357">
    <p class='ocr_par' dir='ltr' id='par_1_89' title="bbox 2046 4286 3612 4357">
     <span class='ocr_line' id='line_1_89' title="bbox 2046 4286 3612 4357; baseline -0.002 -15"><span class='ocrx_word' id='word_1_559' title='bbox 2046 4303 2153 4356; x_wconf 90' lang='lat' dir='ltr'><strong>que</strong></span> <span class='ocrx_word' id='word_1_560' title='bbox 2182 4287 2312 4343; x_wconf 91' lang='lat' dir='ltr'><strong>forti</strong></span> <span class='ocrx_word' id='word_1_561' title='bbox 2345 4302 2537 4342; x_wconf 89' lang='lat' dir='ltr'><strong>versus</strong></span> <span class='ocrx_word' id='word_1_562' title='bbox 2566 4286 2838 4340; x_wconf 89' lang='lat' dir='ltr'><strong>hosticum</strong></span> <span class='ocrx_word' id='word_1_563' title='bbox 2869 4287 3046 4340; x_wconf 89' lang='lat' dir='ltr'><strong>solum</strong></span> <span class='ocrx_word' id='word_1_564' title='bbox 3087 4287 3316 4341; x_wconf 87' lang='lat' dir='ltr'><strong>classem</strong></span> <span class='ocrx_word' id='word_1_565' title='bbox 3346 4288 3612 4357; x_wconf 80' lang='lat' dir='ltr'><strong>dirigunt.</strong></span> 
     </span>
    </p>
   </div>
   <div class='ocr_carea' id='block_1_90' title="bbox 354 4369 1939 4442">
    <p class='ocr_par' dir='ltr' id='par_1_90' title="bbox 354 4369 1939 4442">
     <span class='ocr_line' id='line_1_90' title="bbox 354 4369 1939 4442; baseline -0.006 -8"><span class='ocrx_word' id='word_1_566' title='bbox 354 4389 512 4434; x_wconf 86' lang='lat' dir='ltr'><strong>rent.</strong></span> <span class='ocrx_word' id='word_1_567' title='bbox 549 4376 780 4430; x_wconf 74' lang='lat' dir='ltr'><strong>Multum</strong></span> <span class='ocrx_word' id='word_1_568' title='bbox 809 4387 942 4442; x_wconf 83' lang='lat' dir='ltr'><strong>ergo</strong></span> <span class='ocrx_word' id='word_1_569' title='bbox 986 4385 1110 4424; x_wconf 90' lang='lat' dir='ltr'><strong>cum</strong></span> <span class='ocrx_word' id='word_1_570' title='bbox 1145 4369 1545 4438; x_wconf 80' lang='lat' dir='ltr'><strong>supplicassem</strong></span> <span class='ocrx_word' id='word_1_571' title='bbox 1573 4386 1636 4425; x_wconf 91' lang='lat' dir='ltr'><strong>ac</strong></span> <span class='ocrx_word' id='word_1_572' title='bbox 1674 4370 1939 4440; x_wconf 90' lang='lat' dir='ltr'><strong>pudorem</strong></span> 
     </span>
    </p>
   </div>
   <div class='ocr_carea' id='block_1_91' title="bbox 353 4458 1942 4538">
    <p class='ocr_par' dir='ltr' id='par_1_91' title="bbox 353 4458 1942 4538">
     <span class='ocr_line' id='line_1_91' title="bbox 353 4458 1942 4538; baseline -0.005 -16"><span class='ocrx_word' id='word_1_573' title='bbox 353 4465 706 4538; x_wconf 68' lang='lat' dir='ltr'><strong>iniecissent,</strong></span> <span class='ocrx_word' id='word_1_574' title='bbox 743 4459 1080 4532; x_wconf 84' lang='lat' dir='ltr'><strong>persuadent</strong></span> <span class='ocrx_word' id='word_1_575' title='bbox 1104 4458 1312 4512; x_wconf 72' lang='lat' dir='ltr'><strong>Graecis</strong></span> <span class='ocrx_word' id='word_1_576' title='bbox 1338 4467 1398 4511; x_wconf 92' lang='lat' dir='ltr'><strong>ut</strong></span> <span class='ocrx_word' id='word_1_577' title='bbox 1432 4459 1637 4512; x_wconf 88' lang='lat' dir='ltr'><strong>bellum</strong></span> <span class='ocrx_word' id='word_1_578' title='bbox 1669 4460 1942 4514; x_wconf 84' lang='lat' dir='ltr'><strong>adversus</strong></span> 
     </span>
    </p>
   </div>
   <div class='ocr_carea' id='block_1_92' title="bbox 357 4551 1944 4628">
    <p class='ocr_par' dir='ltr' id='par_1_92' title="bbox 357 4551 1944 4628">
     <span class='ocr_line' id='line_1_92' title="bbox 357 4551 1944 4628; baseline -0.004 -14"><span class='ocrx_word' id='word_1_579' title='bbox 357 4559 638 4628; x_wconf 70' lang='lat' dir='ltr'><strong>Troianos</strong></span> <span class='ocrx_word' id='word_1_580' title='bbox 667 4556 930 4609; x_wconf 86' lang='lat' dir='ltr'><strong>facerent.</strong></span> <span class='ocrx_word' id='word_1_581' title='bbox 962 4552 1152 4621; x_wconf 90' lang='lat' dir='ltr'><strong>Itaque</strong></span> <span class='ocrx_word' id='word_1_582' title='bbox 1188 4551 1344 4605; x_wconf 91' lang='lat' dir='ltr'><strong>multi</strong></span> <span class='ocrx_word' id='word_1_583' title='bbox 1379 4551 1446 4605; x_wconf 90' lang='lat' dir='ltr'><strong>de</strong></span> <span class='ocrx_word' id='word_1_584' title='bbox 1470 4551 1664 4607; x_wconf 85' lang='lat' dir='ltr'><strong>insulis</strong></span> <span class='ocrx_word' id='word_1_585' title='bbox 1695 4567 1758 4606; x_wconf 88' lang='lat' dir='ltr'><strong>ac</strong></span> <span class='ocrx_word' id='word_1_586' title='bbox 1779 4553 1944 4607; x_wconf 88' lang='lat' dir='ltr'><strong>terris</strong></span> 
     </span>
    </p>
   </div>
   <div class='ocr_carea' id='block_1_93' title="bbox 356 4643 1942 4714">
    <p class='ocr_par' dir='ltr' id='par_1_93' title="bbox 356 4643 1942 4714">
     <span class='ocr_line' id='line_1_93' title="bbox 356 4643 1942 4714; baseline -0.003 -9"><span class='ocrx_word' id='word_1_587' title='bbox 356 4649 782 4706; x_wconf 86' lang='lat' dir='ltr'><strong>continentibus</strong></span> <span class='ocrx_word' id='word_1_588' title='bbox 839 4652 1221 4708; x_wconf 81' lang='lat' dir='ltr'><strong>concurrunt,</strong></span> <span class='ocrx_word' id='word_1_589' title='bbox 1277 4643 1536 4697; x_wconf 89' lang='lat' dir='ltr'><strong>maritimi</strong></span> <span class='ocrx_word' id='word_1_590' title='bbox 1589 4653 1646 4698; x_wconf 90' lang='lat' dir='ltr'><strong>et</strong></span> <span class='ocrx_word' id='word_1_591' title='bbox 1700 4645 1858 4714; x_wconf 84' lang='lat' dir='ltr'><strong>longe</strong></span> <span class='ocrx_word' id='word_1_592' title='bbox 1911 4661 1942 4700; x_wconf 90' lang='lat' dir='ltr'><strong>a</strong></span> 
     </span>
    </p>
   </div>
   <div class='ocr_carea' id='block_1_94' title="bbox 2041 4378 3617 4444">
    <p class='ocr_par' dir='ltr' id='par_1_94' title="bbox 2041 4378 3617 4444">
     <span class='ocr_line' id='line_1_94' title="bbox 2041 4378 3617 4444; baseline 0 -10"><span class='ocrx_word' id='word_1_593' title='bbox 2041 4379 2122 4434; x_wconf 82' lang='lat' dir='ltr'><strong>Re</strong></span> <span class='ocrx_word' id='word_1_594' title='bbox 2155 4378 2520 4433; x_wconf 87' lang='lat' dir='ltr'><strong>communiter</strong></span> <span class='ocrx_word' id='word_1_595' title='bbox 2559 4378 2881 4444; x_wconf 88' lang='lat' dir='ltr'><strong>deliberata,</strong></span> <span class='ocrx_word' id='word_1_596' title='bbox 2935 4385 3184 4432; x_wconf 87' lang='lat' dir='ltr'><strong>statuunt</strong></span> <span class='ocrx_word' id='word_1_597' title='bbox 3212 4394 3333 4433; x_wconf 87' lang='lat' dir='ltr'><strong>esse</strong></span> <span class='ocrx_word' id='word_1_598' title='bbox 3366 4396 3617 4434; x_wconf 84' lang='lat' dir='ltr'><strong>ncccssa-</strong></span> 
     </span>
    </p>
   </div>
   <div class='ocr_carea' id='block_1_95' title="bbox 2041 4468 3613 4540">
    <p class='ocr_par' dir='ltr' id='par_1_95' title="bbox 2041 4468 3613 4540">
     <span class='ocr_line' id='line_1_95' title="bbox 2041 4468 3613 4540; baseline -0.001 -16"><span class='ocrx_word' id='word_1_599' title='bbox 2041 4469 2182 4524; x_wconf 87' lang='lat' dir='ltr'><strong>rium</strong></span> <span class='ocrx_word' id='word_1_600' title='bbox 2208 4481 2266 4524; x_wconf 93' lang='lat' dir='ltr'><strong>ut</strong></span> <span class='ocrx_word' id='word_1_601' title='bbox 2298 4470 2603 4540; x_wconf 88' lang='lat' dir='ltr'><strong>diriperent</strong></span> <span class='ocrx_word' id='word_1_602' title='bbox 2629 4485 2693 4526; x_wconf 87' lang='lat' dir='ltr'><strong>ac</strong></span> <span class='ocrx_word' id='word_1_603' title='bbox 2721 4468 3111 4525; x_wconf 82' lang='lat' dir='ltr'><strong>exscinderent</strong></span> <span class='ocrx_word' id='word_1_604' title='bbox 3136 4469 3312 4540; x_wconf 72' lang='lat' dir='ltr'><strong>Troia:</strong></span> <span class='ocrx_word' id='word_1_605' title='bbox 3337 4471 3613 4536; x_wconf 74' lang='lat' dir='ltr'><strong>viciniam,</strong></span> 
     </span>
    </p>
   </div>
   <div class='ocr_carea' id='block_1_96' title="bbox 2042 4561 3616 4632">
    <p class='ocr_par' dir='ltr' id='par_1_96' title="bbox 2042 4561 3616 4632">
     <span class='ocr_line' id='line_1_96' title="bbox 2042 4561 3616 4632; baseline 0.001 -17"><span class='ocrx_word' id='word_1_606' title='bbox 2042 4571 2103 4615; x_wconf 92' lang='lat' dir='ltr'><strong>ut</strong></span> <span class='ocrx_word' id='word_1_607' title='bbox 2136 4562 2237 4631; x_wconf 91' lang='lat' dir='ltr'><strong>ipsi</strong></span> <span class='ocrx_word' id='word_1_608' title='bbox 2280 4562 2494 4632; x_wconf 89' lang='lat' dir='ltr'><strong>copiam</strong></span> <span class='ocrx_word' id='word_1_609' title='bbox 2527 4572 2866 4618; x_wconf 88' lang='lat' dir='ltr'><strong>commeatus</strong></span> <span class='ocrx_word' id='word_1_610' title='bbox 2890 4561 3244 4632; x_wconf 85' lang='lat' dir='ltr'><strong>acquirerent</strong></span> <span class='ocrx_word' id='word_1_611' title='bbox 3272 4569 3329 4615; x_wconf 91' lang='lat' dir='ltr'><strong>et</strong></span> <span class='ocrx_word' id='word_1_612' title='bbox 3362 4561 3616 4631; x_wconf 85' lang='lat' dir='ltr'><strong>Trojanis</strong></span> 
     </span>
    </p>
   </div>
   <div class='ocr_carea' id='block_1_97' title="bbox 2042 4651 3616 4724">
    <p class='ocr_par' dir='ltr' id='par_1_97' title="bbox 2042 4651 3616 4724">
     <span class='ocr_line' id='line_1_97' title="bbox 2042 4651 3616 4724; baseline -0.003 -15"><span class='ocrx_word' id='word_1_613' title='bbox 2042 4653 2316 4708; x_wconf 83' lang='lat' dir='ltr'><strong>sociorum</strong></span> <span class='ocrx_word' id='word_1_614' title='bbox 2345 4655 2490 4707; x_wconf 88' lang='lat' dir='ltr'><strong>vires</strong></span> <span class='ocrx_word' id='word_1_615' title='bbox 2519 4653 2922 4724; x_wconf 81' lang='lat' dir='ltr'><strong>frangerentur.</strong></span> <span class='ocrx_word' id='word_1_616' title='bbox 2949 4653 3139 4720; x_wconf 89' lang='lat' dir='ltr'><strong>Itaque</strong></span> <span class='ocrx_word' id='word_1_617' title='bbox 3168 4651 3407 4705; x_wconf 89' lang='lat' dir='ltr'><strong>mittitur</strong></span> <span class='ocrx_word' id='word_1_618' title='bbox 3432 4651 3616 4706; x_wconf 82' lang='lat' dir='ltr'><strong>Achil-</strong></span> 
     </span>
    </p>
   </div>
   <div class='ocr_carea' id='block_1_98' title="bbox 357 4736 3612 4814">
    <p class='ocr_par' dir='ltr' id='par_1_98' title="bbox 357 4736 3612 4814">
     <span class='ocr_line' id='line_1_98' title="bbox 357 4736 3612 4814; baseline -0.003 -9"><span class='ocrx_word' id='word_1_619' title='bbox 357 4743 506 4796; x_wconf 74' lang='lat' dir='ltr'><strong>mari</strong></span> <span class='ocrx_word' id='word_1_620' title='bbox 545 4740 835 4801; x_wconf 75' lang='lat' dir='ltr'><strong>diSlalllcs.</strong></span> <span class='ocrx_word' id='word_1_621' title='bbox 876 4736 1105 4791; x_wconf 56' lang='lat' dir='ltr'><strong>Athenis</strong></span> <span class='ocrx_word' id='word_1_622' title='bbox 1148 4736 1529 4800; x_wconf 70' lang='grc' dir='ltr'><strong>Αιιὶειιίοηεθει</strong></span> <span class='ocrx_word' id='word_1_623' title='bbox 1578 4737 1820 4806; x_wconf 76' lang='lat' dir='ltr'><strong>itemque</strong></span> <span class='ocrx_word' id='word_1_624' title='bbox 1869 4737 1937 4791; x_wconf 80' lang='lat' dir='ltr'><strong>dc</strong></span> <span class='ocrx_word' id='word_1_625' title='bbox 2035 4747 2115 4801; x_wconf 90' lang='lat' dir='ltr'><strong>les</strong></span> <span class='ocrx_word' id='word_1_626' title='bbox 2143 4761 2267 4799; x_wconf 89' lang='lat' dir='ltr'><strong>cum</strong></span> <span class='ocrx_word' id='word_1_627' title='bbox 2292 4747 2417 4799; x_wconf 85' lang='lat' dir='ltr'><strong>aliis</strong></span> <span class='ocrx_word' id='word_1_628' title='bbox 2445 4745 2577 4799; x_wconf 89' lang='lat' dir='ltr'><strong>viris</strong></span> <span class='ocrx_word' id='word_1_629' title='bbox 2611 4743 3114 4814; x_wconf 63' lang='lat' dir='ltr'><strong>praestantissimis,</strong></span> <span class='ocrx_word' id='word_1_630' title='bbox 3157 4743 3251 4811; x_wconf 90' lang='lat' dir='ltr'><strong>qui</strong></span> <span class='ocrx_word' id='word_1_631' title='bbox 3291 4743 3500 4797; x_wconf 86' lang='lat' dir='ltr'><strong>insulas</strong></span> <span class='ocrx_word' id='word_1_632' title='bbox 3526 4744 3612 4796; x_wconf 88' lang='lat' dir='ltr'><strong>in-</strong></span> 
     </span>
    </p>
   </div>
   <div class='ocr_carea' id='block_1_99' title="bbox 359 4828 1936 4892">
    <p class='ocr_par' dir='ltr' id='par_1_99' title="bbox 359 4828 1936 4892">
     <span class='ocr_line' id='line_1_99' title="bbox 359 4828 1936 4892; baseline -0.005 -2"><span class='ocrx_word' id='word_1_633' title='bbox 359 4845 480 4890; x_wconf 88' lang='lat' dir='ltr'><strong>tota</strong></span> <span class='ocrx_word' id='word_1_634' title='bbox 519 4834 724 4888; x_wconf 72' lang='lat' dir='ltr'><strong>Eubma</strong></span> <span class='ocrx_word' id='word_1_635' title='bbox 762 4847 828 4885; x_wconf 78' lang='lat' dir='ltr'><strong>ex</strong></span> <span class='ocrx_word' id='word_1_636' title='bbox 858 4828 1165 4892; x_wconf 82' lang='lat' dir='ltr'><strong>Thessalia,</strong></span> <span class='ocrx_word' id='word_1_637' title='bbox 1196 4842 1262 4881; x_wconf 81' lang='lat' dir='ltr'><strong>ex</strong></span> <span class='ocrx_word' id='word_1_638' title='bbox 1288 4828 1512 4890; x_wconf 81' lang='lat' dir='ltr'><strong>Achaia,</strong></span> <span class='ocrx_word' id='word_1_639' title='bbox 1539 4844 1604 4882; x_wconf 82' lang='lat' dir='ltr'><strong>ex</strong></span> <span class='ocrx_word' id='word_1_640' title='bbox 1635 4838 1745 4883; x_wconf 86' lang='lat' dir='ltr'><strong>tota</strong></span> <span class='ocrx_word' id='word_1_641' title='bbox 1783 4829 1936 4884; x_wconf 72' lang='lat' dir='ltr'><strong>Cra:-</strong></span> 
     </span>
    </p>
   </div>
   <div class='ocr_carea' id='block_1_100' title="bbox 357 4921 1935 4992">
    <p class='ocr_par' dir='ltr' id='par_1_100' title="bbox 357 4921 1935 4992">
     <span class='ocr_line' id='line_1_100' title="bbox 357 4921 1935 4992; baseline -0.003 -10"><span class='ocrx_word' id='word_1_642' title='bbox 357 4931 468 4982; x_wconf 87' lang='lat' dir='ltr'><strong>cia.</strong></span> <span class='ocrx_word' id='word_1_643' title='bbox 503 4927 672 4980; x_wconf 85' lang='lat' dir='ltr'><strong>Erant</strong></span> <span class='ocrx_word' id='word_1_644' title='bbox 703 4933 757 4978; x_wconf 90' lang='lat' dir='ltr'><strong>ct</strong></span> <span class='ocrx_word' id='word_1_645' title='bbox 786 4924 976 4978; x_wconf 75' lang='lat' dir='ltr'><strong>insula:</strong></span> <span class='ocrx_word' id='word_1_646' title='bbox 1000 4921 1178 4986; x_wconf 67' lang='lat' dir='ltr'><strong>socite,</strong></span> <span class='ocrx_word' id='word_1_647' title='bbox 1208 4921 1457 4986; x_wconf 82' lang='lat' dir='ltr'><strong>Rhodus,</strong></span> <span class='ocrx_word' id='word_1_648' title='bbox 1481 4921 1685 4986; x_wconf 90' lang='lat' dir='ltr'><strong>Ithaca,</strong></span> <span class='ocrx_word' id='word_1_649' title='bbox 1715 4921 1935 4992; x_wconf 75' lang='lat' dir='ltr'><strong>Scyrus,</strong></span> 
     </span>
    </p>
   </div>
   <div class='ocr_carea' id='block_1_101' title="bbox 2037 4835 3614 4905">
    <p class='ocr_par' dir='ltr' id='par_1_101' title="bbox 2037 4835 3614 4905">
     <span class='ocr_line' id='line_1_101' title="bbox 2037 4835 3614 4905; baseline 0.001 -15"><span class='ocrx_word' id='word_1_650' title='bbox 2037 4838 2243 4892; x_wconf 73' lang='lat' dir='ltr'><strong>vadunt</strong></span> <span class='ocrx_word' id='word_1_651' title='bbox 2268 4846 2324 4892; x_wconf 91' lang='lat' dir='ltr'><strong>et</strong></span> <span class='ocrx_word' id='word_1_652' title='bbox 2357 4837 2707 4892; x_wconf 91' lang='lat' dir='ltr'><strong>continentes</strong></span> <span class='ocrx_word' id='word_1_653' title='bbox 2743 4835 3152 4905; x_wconf 70' lang='lat' dir='ltr'><strong>depraedantur,</strong></span> <span class='ocrx_word' id='word_1_654' title='bbox 3184 4849 3248 4888; x_wconf 92' lang='lat' dir='ltr'><strong>ac</strong></span> <span class='ocrx_word' id='word_1_655' title='bbox 3277 4835 3494 4890; x_wconf 86' lang='lat' dir='ltr'><strong>tandem</strong></span> <span class='ocrx_word' id='word_1_656' title='bbox 3529 4852 3614 4891; x_wconf 81' lang='lat' dir='ltr'><strong>res</strong></span> 
     </span>
    </p>
   </div>
   <div class='ocr_carea' id='block_1_102' title="bbox 2038 4923 3613 4998">
    <p class='ocr_par' dir='ltr' id='par_1_102' title="bbox 2038 4923 3613 4998">
     <span class='ocr_line' id='line_1_102' title="bbox 2038 4923 3613 4998; baseline -0.001 -16"><span class='ocrx_word' id='word_1_657' title='bbox 2038 4929 2280 4983; x_wconf 84' lang='lat' dir='ltr'><strong>hostium</strong></span> <span class='ocrx_word' id='word_1_658' title='bbox 2307 4942 2530 4998; x_wconf 89' lang='lat' dir='ltr'><strong>prorsus</strong></span> <span class='ocrx_word' id='word_1_659' title='bbox 2549 4935 2815 4982; x_wconf 85' lang='lat' dir='ltr'><strong>atterunt.</strong></span> <span class='ocrx_word' id='word_1_660' title='bbox 2840 4925 3145 4979; x_wconf 85' lang='lat' dir='ltr'><strong>Audierant</strong></span> <span class='ocrx_word' id='word_1_661' title='bbox 3167 4923 3387 4993; x_wconf 82' lang='lat' dir='ltr'><strong>quidem</strong></span> <span class='ocrx_word' id='word_1_662' title='bbox 3416 4925 3613 4993; x_wconf 66' lang='lat' dir='ltr'><strong>Cra-ci,</strong></span> 
     </span>
    </p>
   </div>
   <div class='ocr_carea' id='block_1_103' title="bbox 1560 5055 2440 5123">
    <p class='ocr_par' dir='ltr' id='par_1_103' title="bbox 1560 5055 2440 5123">
     <span class='ocr_line' id='line_1_103' title="bbox 1560 5055 2440 5123; baseline 0.003 -7"><span class='ocrx_word' id='word_1_663' title='bbox 1560 5055 1758 5118; x_wconf 65' lang='lat' dir='ltr'><strong>Varia:</strong></span> <span class='ocrx_word' id='word_1_664' title='bbox 1789 5059 2098 5123; x_wconf 88' lang='lat' dir='ltr'><strong>lectiones</strong></span> <span class='ocrx_word' id='word_1_665' title='bbox 2144 5070 2206 5122; x_wconf 89' lang='lat' dir='ltr'><strong>et</strong></span> <span class='ocrx_word' id='word_1_666' title='bbox 2249 5066 2440 5121; x_wconf 69' lang='lat' dir='ltr'><strong>notae.</strong></span> 
     </span>
    </p>
   </div>
   <div class='ocr_carea' id='block_1_104' title="bbox 433 5185 1890 5260">
    <p class='ocr_par' dir='ltr' id='par_1_104' title="bbox 433 5185 1890 5260">
     <span class='ocr_line' id='line_1_104' title="bbox 433 5185 1890 5260; baseline 0.01 -30"><span class='ocrx_word' id='word_1_667' title='bbox 433 5196 497 5230; x_wconf 68' lang='grc' dir='ltr'><strong>σο·</strong></span> <span class='ocrx_word' id='word_1_668' title='bbox 537 5189 779 5260; x_wconf 73' lang='grc' dir='ltr'>μυρίαις,</span> <span class='ocrx_word' id='word_1_669' title='bbox 979 5185 1265 5260; x_wconf 24' lang='grc' dir='ltr'>ἁπόσᾼτειλε</span> <span class='ocrx_word' id='word_1_670' title='bbox 1317 5187 1432 5260; x_wconf 70' lang='lat' dir='ltr'><strong>A_._</strong></span> <span class='ocrx_word' id='word_1_671' title='bbox 1482 5188 1770 5260; x_wconf 57' lang='lat' dir='ltr'><strong>“pavos;</strong></span> <span class='ocrx_word' id='word_1_672' title='bbox 1826 5193 1890 5246; x_wconf 83' lang='lat' dir='ltr'><strong>A.</strong></span> 
     </span>
    </p>
   </div>
   <div class='ocr_carea' id='block_1_105' title="bbox 361 5260 770 5324">
    <p class='ocr_par' dir='ltr' id='par_1_105' title="bbox 361 5260 770 5324">
     <span class='ocr_line' id='line_1_105' title="bbox 361 5260 770 5324; baseline -0.017 -6"><span class='ocrx_word' id='word_1_673' title='bbox 361 5268 410 5300; x_wconf 80' lang='lat'><strong>&quot;</strong></span> <span class='ocrx_word' id='word_1_674' title='bbox 442 5266 622 5324; x_wconf 74' lang='grc' dir='ltr'>αὐτοῖς</span> <span class='ocrx_word' id='word_1_675' title='bbox 641 5260 770 5313; x_wconf 65' lang='grc' dir='ltr'><strong>ΒΚ.</strong></span> 
     </span>
    </p>
   </div>
   <div class='ocr_carea' id='block_1_106' title="bbox 439 5394 1933 5473">
    <p class='ocr_par' dir='ltr' id='par_1_106' title="bbox 439 5394 1933 5473">
     <span class='ocr_line' id='line_1_106' title="bbox 439 5394 1933 5473; baseline -0.009 -17"><span class='ocrx_word' id='word_1_676' title='bbox 439 5404 516 5473; x_wconf 82' lang='lat' dir='ltr'><strong>(a)</strong></span> <span class='ocrx_word' id='word_1_677' title='bbox 556 5395 930 5453; x_wconf 83' lang='lat' dir='ltr'><strong>Menesthcum</strong></span> <span class='ocrx_word' id='word_1_678' title='bbox 967 5394 1424 5473; x_wconf 2' lang='lat' dir='ltr'><strong>Athenisgcontra</strong></span> <span class='ocrx_word' id='word_1_679' title='bbox 1458 5398 1724 5473; x_wconf 83' lang='lat' dir='ltr'><strong>Troja_nos</strong></span> <span class='ocrx_word' id='word_1_680' title='bbox 1752 5401 1933 5469; x_wconf 73' lang='lat' dir='ltr'><strong>profe-</strong></span> 
     </span>
    </p>
   </div>
   <div class='ocr_carea' id='block_1_107' title="bbox 357 5469 1934 5533">
    <p class='ocr_par' dir='ltr' id='par_1_107' title="bbox 357 5469 1934 5533">
     <span class='ocr_line' id='line_1_107' title="bbox 357 5469 1934 5533; baseline 0.001 -8"><span class='ocrx_word' id='word_1_681' title='bbox 357 5469 537 5533; x_wconf 72' lang='lat' dir='ltr'><strong>clunt,</strong></span> <span class='ocrx_word' id='word_1_682' title='bbox 574 5479 762 5523; x_wconf 82' lang='lat' dir='ltr'><strong>nulum</strong></span> <span class='ocrx_word' id='word_1_683' title='bbox 792 5481 858 5518; x_wconf 77' lang='lat' dir='ltr'><strong>cx</strong></span> <span class='ocrx_word' id='word_1_684' title='bbox 891 5471 1258 5520; x_wconf 69' lang='lat' dir='ltr'><strong>monumentis</strong></span> <span class='ocrx_word' id='word_1_685' title='bbox 1289 5478 1556 5520; x_wconf 82' lang='lat' dir='ltr'><strong>veterum.</strong></span> <span class='ocrx_word' id='word_1_686' title='bbox 1597 5469 1804 5524; x_wconf 72' lang='lat' dir='ltr'><strong>Tamen</strong></span> <span class='ocrx_word' id='word_1_687' title='bbox 1833 5473 1934 5526; x_wconf 86' lang='lat' dir='ltr'><strong>hoc</strong></span> 
     </span>
    </p>
   </div>
   <div class='ocr_carea' id='block_1_108' title="bbox 362 5537 1930 5609">
    <p class='ocr_par' dir='ltr' id='par_1_108' title="bbox 362 5537 1930 5609">
     <span class='ocr_line' id='line_1_108' title="bbox 362 5537 1930 5609; baseline -0.001 -11"><span class='ocrx_word' id='word_1_688' title='bbox 362 5547 588 5598; x_wconf 78' lang='lat' dir='ltr'><strong>nurnine</strong></span> <span class='ocrx_word' id='word_1_689' title='bbox 619 5537 886 5593; x_wconf 80' lang='lat' dir='ltr'><strong>mendacii</strong></span> <span class='ocrx_word' id='word_1_690' title='bbox 921 5537 1050 5588; x_wconf 81' lang='lat' dir='ltr'><strong>oliin</strong></span> <span class='ocrx_word' id='word_1_691' title='bbox 1079 5537 1257 5604; x_wconf 82' lang='lat' dir='ltr'><strong>arguit</strong></span> <span class='ocrx_word' id='word_1_692' title='bbox 1309 5537 1603 5592; x_wconf 85' lang='lat' dir='ltr'><strong>Homerum</strong></span> <span class='ocrx_word' id='word_1_693' title='bbox 1638 5541 1930 5609; x_wconf 86' lang='lat' dir='ltr'><strong>Uaphidas,</strong></span> 
     </span>
    </p>
   </div>
   <div class='ocr_carea' id='block_1_109' title="bbox 695 5629 1457 5692">
    <p class='ocr_par' dir='ltr' id='par_1_109' title="bbox 695 5629 1457 5692">
     <span class='ocr_line' id='line_1_109' title="bbox 695 5629 1457 5692; baseline -0.003 -3"><span class='ocrx_word' id='word_1_694' title='bbox 695 5634 962 5692; x_wconf 76' lang='lat' dir='ltr'><strong>I‘ATROL.</strong></span> <span class='ocrx_word' id='word_1_695' title='bbox 1009 5636 1122 5690; x_wconf 81' lang='lat' dir='ltr'><strong>Gn.</strong></span> <span class='ocrx_word' id='word_1_696' title='bbox 1171 5629 1457 5689; x_wconf 76' lang='lat' dir='ltr'><strong>CXXVII.</strong></span> 
     </span>
    </p>
   </div>
   <div class='ocr_carea' id='block_1_110' title="bbox 1995 5191 2414 5229">
    <p class='ocr_par' dir='ltr' id='par_1_110' title="bbox 1995 5191 2414 5229">
     <span class='ocr_line' id='line_1_110' title="bbox 1995 5191 2414 5229; baseline 0 0"><span class='ocrx_word' id='word_1_697' title='bbox 1995 5193 2040 5223; x_wconf 64' lang='grc' dir='ltr'>θ’</span> <span class='ocrx_word' id='word_1_698' title='bbox 2083 5191 2379 5229; x_wconf 60' lang='grc' dir='ltr'>ἷνσειειῖῆυφσ</span> <span class='ocrx_word' id='word_1_699' title='bbox 2395 5208 2414 5220; x_wconf 69' lang='grc' dir='ltr'><em>α</em></span> 
     </span>
    </p>
   </div>
   <div class='ocr_carea' id='block_1_111' title="bbox 876 5190 1940 5331">
    <p class='ocr_par' dir='ltr' id='par_1_111' title="bbox 876 5190 1918 5330">
     <span class='ocr_line' id='line_1_111' title="bbox 887 5190 1890 5257; baseline 0.025 -26"><span class='ocrx_word' id='word_1_700' title='bbox 887 5190 930 5216; x_wconf 76' lang='grc' dir='ltr'><strong>⁸ο</strong></span> <span class='ocrx_word' id='word_1_701' title='bbox 979 5190 1265 5238; x_wconf 79' lang='grc' dir='ltr'>ἁπόστειλε</span> <span class='ocrx_word' id='word_1_702' title='bbox 1317 5190 1380 5238; x_wconf 82' lang='grc' dir='ltr'>Α.</span> <span class='ocrx_word' id='word_1_703' title='bbox 1482 5190 1523 5219; x_wconf 69' lang='grc'><strong>⁸³</strong></span> <span class='ocrx_word' id='word_1_704' title='bbox 1565 5190 1770 5257; x_wconf 71' lang='grc' dir='ltr'>μάγους</span> <span class='ocrx_word' id='word_1_705' title='bbox 1826 5193 1890 5246; x_wconf 79' lang='grc' dir='ltr'><strong>Α·</strong></span> 
     </span>
     <span class='ocr_line' id='line_1_112' title="bbox 876 5255 1918 5330; baseline 0.028 -44"><span class='ocrx_word' id='word_1_706' title='bbox 876 5255 922 5287; x_wconf 78' lang='lat' dir='ltr'><strong><em>u</em></strong></span> <span class='ocrx_word' id='word_1_707' title='bbox 953 5257 1279 5326; x_wconf 72' lang='grc' dir='ltr'>τριπάλεμος</span> <span class='ocrx_word' id='word_1_708' title='bbox 1303 5255 1464 5314; x_wconf 78' lang='lat' dir='ltr'><strong>ARR.</strong></span> <span class='ocrx_word' id='word_1_709' title='bbox 1542 5257 1585 5290; x_wconf 76' lang='grc'><strong>⁸⁷</strong></span> <span class='ocrx_word' id='word_1_710' title='bbox 1621 5263 1918 5330; x_wconf 88' lang='grc' dir='ltr'>μυριόναυν</span> 
     </span>
    </p>
   </div>
   <div class='ocr_carea' id='block_1_112' title="bbox 2045 5190 3109 5331">
    <p class='ocr_par' dir='ltr' id='par_1_112' title="bbox 2083 5190 3109 5331">
     <span class='ocr_line' id='line_1_113' title="bbox 2083 5190 3109 5254; baseline 0.003 -12"><span class='ocrx_word' id='word_1_711' title='bbox 2083 5191 2414 5254; x_wconf 83' lang='grc' dir='ltr'>ἱκετεύοντες</span> <span class='ocrx_word' id='word_1_712' title='bbox 2467 5190 2531 5244; x_wconf 79' lang='lat' dir='ltr'><strong>R.</strong></span> <span class='ocrx_word' id='word_1_713' title='bbox 2637 5191 2681 5221; x_wconf 72' lang='grc'>⁸³</span> <span class='ocrx_word' id='word_1_714' title='bbox 2717 5190 3014 5242; x_wconf 59' lang='grc' dir='ltr'>ἐκπλεῦσαι</span> <span class='ocrx_word' id='word_1_715' title='bbox 3049 5190 3109 5245; x_wconf 81' lang='lat' dir='ltr'><strong>R.</strong></span> 
     </span>
     <span class='ocr_line' id='line_1_114' title="bbox 2094 5259 3109 5331; baseline 0.001 -18"><span class='ocrx_word' id='word_1_716' title='bbox 2094 5261 2138 5292; x_wconf 76' lang='grc'><strong>⁵⁸</strong></span> <span class='ocrx_word' id='word_1_717' title='bbox 2169 5262 2541 5331; x_wconf 79' lang='grc' dir='ltr'>διαλάμποντα</span> <span class='ocrx_word' id='word_1_718' title='bbox 2581 5261 2644 5313; x_wconf 80' lang='grc' dir='ltr'>Δ.</span> <span class='ocrx_word' id='word_1_719' title='bbox 2723 5260 2766 5290; x_wconf 69' lang='grc' dir='ltr'><strong>δ’</strong></span> <span class='ocrx_word' id='word_1_720' title='bbox 2806 5259 3005 5328; x_wconf 82' lang='grc' dir='ltr'>γίνοιτο</span> <span class='ocrx_word' id='word_1_721' title='bbox 3045 5261 3109 5315; x_wconf 71' lang='grc' dir='ltr'>Β.</span> 
     </span>
    </p>
   </div>
   <div class='ocr_carea' id='block_1_113' title="bbox 2637 5187 3611 5262">
    <p class='ocr_par' dir='ltr' id='par_1_113' title="bbox 2637 5187 3611 5262">
     <span class='ocr_line' id='line_1_115' title="bbox 2637 5187 3611 5262; baseline 0.031 -42"><span class='ocrx_word' id='word_1_722' title='bbox 2637 5191 2681 5221; x_wconf 77' lang='lat' dir='ltr'><strong>ss</strong></span> <span class='ocrx_word' id='word_1_723' title='bbox 2717 5187 3014 5262; x_wconf 49' lang='grc' dir='ltr'><strong>ἐκπλεῦσχι</strong></span> <span class='ocrx_word' id='word_1_724' title='bbox 3215 5191 3261 5223; x_wconf 66' lang='grc'><strong>⁸⁸</strong></span> <span class='ocrx_word' id='word_1_725' title='bbox 3289 5191 3519 5262; x_wconf 70' lang='grc' dir='ltr'>ἠπείρου</span> <span class='ocrx_word' id='word_1_726' title='bbox 3550 5196 3611 5252; x_wconf 82' lang='grc' dir='ltr'>Α.</span> 
     </span>
    </p>
   </div>
   <div class='ocr_carea' id='block_1_114' title="bbox 2043 5402 3617 5473">
    <p class='ocr_par' dir='ltr' id='par_1_114' title="bbox 2043 5402 3617 5473">
     <span class='ocr_line' id='line_1_116' title="bbox 2043 5402 3617 5473; baseline 0.003 -16"><span class='ocrx_word' id='word_1_727' title='bbox 2043 5420 2250 5473; x_wconf 79' lang='lat' dir='ltr'><strong>negans</strong></span> <span class='ocrx_word' id='word_1_728' title='bbox 2282 5404 2646 5458; x_wconf 82' lang='lat' dir='ltr'><strong>Athenienses</strong></span> <span class='ocrx_word' id='word_1_729' title='bbox 2687 5403 2753 5457; x_wconf 89' lang='lat' dir='ltr'><strong>ad</strong></span> <span class='ocrx_word' id='word_1_730' title='bbox 2791 5402 2951 5456; x_wconf 91' lang='lat' dir='ltr'><strong>Ilium</strong></span> <span class='ocrx_word' id='word_1_731' title='bbox 2990 5404 3272 5460; x_wconf 88' lang='lat' dir='ltr'><strong>militasse.</strong></span> <span class='ocrx_word' id='word_1_732' title='bbox 3317 5407 3449 5462; x_wconf 79' lang='lat' dir='ltr'><strong>Vide</strong></span> <span class='ocrx_word' id='word_1_733' title='bbox 3495 5410 3617 5462; x_wconf 87' lang='lat' dir='ltr'><strong>Sui-</strong></span> 
     </span>
    </p>
   </div>
   <div class='ocr_carea' id='block_1_115' title="bbox 2043 5475 2537 5544">
    <p class='ocr_par' dir='ltr' id='par_1_115' title="bbox 2043 5475 2537 5544">
     <span class='ocr_line' id='line_1_117' title="bbox 2043 5475 2537 5544; baseline -0.002 -16"><span class='ocrx_word' id='word_1_734' title='bbox 2043 5475 2166 5529; x_wconf 82' lang='lat' dir='ltr'><strong>dam</strong></span> <span class='ocrx_word' id='word_1_735' title='bbox 2200 5476 2254 5528; x_wconf 89' lang='lat' dir='ltr'><strong>in</strong></span> <span class='ocrx_word' id='word_1_736' title='bbox 2283 5476 2537 5544; x_wconf 81' lang='grc' dir='ltr'>Δαφίδας.</span> 
     </span>
    </p>
   </div>
   <div class='ocr_carea' id='block_1_116' title="bbox 3242 5631 3281 5692">
    <p class='ocr_par' dir='ltr' id='par_1_116' title="bbox 3242 5631 3281 5692">
     <span class='ocr_line' id='line_1_118' title="bbox 3242 5631 3281 5692; baseline 0 0"><span class='ocrx_word' id='word_1_737' title='bbox 3242 5631 3281 5692; x_wconf 87' lang='lat'><strong>9</strong></span> 
     </span>
    </p>
   </div>
  </div>
