4080 6206
436 262 546 329 971

509 370 916 441 ’Λναιρεθέντος
955 369 999 422 δ’
1036 369 1298 440 Ἕκτορος
1330 366 1421 420 τοῦ
1452 368 1920 440 τολμηροκαρδῖου

438 462 838 518 Μετακαλεῖται
862 461 1114 533 ’Πρίαμος
1146 461 1467 531 συμμάχους
1497 463 1801 532 Ἀμαζόνας
1828 479 1840 492 ·

342 580 345 587 ·
440 555 552 608 Καὶ
590 554 752 607 πάλιν
784 551 931 623 μάχη
961 550 1205 622 καρτερά
1226 552 1293 614 ⁸⁸,
1318 553 1411 605 καί
1445 550 1802 606 θανατοῦνται
1824 553 2021 605 πᾶσαι.

440 647 537 700 Ἐκ
564 647 779 700 πάντων
808 640 901 698 οὖν
923 644 1228 715 ἀπορηθεὶς
1258 646 1284 697 6
1313 643 1643 716 Δαρδανίδης
1672 646 1852 715 γέρων

440 739 535 802 Εἰς
557 738 603 771 ⁹⁰
633 737 724 790 τὸν
749 734 914 789 Δαεὶδ
938 735 1032 788 τὸν
1064 731 1277 791 ἄνακτα
1308 736 1408 805 τῆς
1434 736 1700 799 Ἰουδαίας
1735 737 1968 807 πέμπει,

439 829 710 899 Παλάμην
736 825 1117 897 ἐξαιτούμενος
1146 827 1504 898 συμμαχικὴν
1537 828 1768 882 ἐκεῖθεν.

439 920 579 976 Ἀλλ’
606 922 634 972 6
662 919 830 973 Δαϐὶδ
860 921 920 972 οὔ
953 918 1191 986 δίδωσιν,
1229 918 1340 972 εἴτε
1367 919 1432 971 τᾶ
1453 918 1757 989 τηνικαῦτα

440 1012 1074 1084 Ἀντιπαρατασσόμενος
1106 1013 1149 1044 ⁰¹
1182 1010 1393 1066 ἔθνεσιν
1424 1011 1846 1081 ἀλλογλώσσοις,

440 1107 565 1159 Elea
596 1107 691 1159 καὶ
721 1107 1131 1175 μυσαττόμενος
1155 1105 1422 1175 ’Έλληνας
1449 1107 1545 1160 καῖ
1574 1105 1897 1176 Βαρϐἀρους

454 1196 544 1259 Ὠς
573 1195 648 1266 μὴ
675 1196 806 1249 Θεὸν
836 1195 1208 1265 γινώσκοντας
1231 1195 1347 1249 ἀλλ’
1373 1195 1919 1266 είδωλολατροῦντας,

442 1289 553 1341 Kal
581 1289 767 1351 δεδιὼς
803 1289 877 1361 μὴ
906 1288 1132 1361 ρἐαιεν
1155 1290 1208 1321 ⁹¹
1239 1289 1320 1353 εἰς
1352 1289 1564 1358 πλάνην
1594 1287 1866 1350 Ἰουδαῖοι,

446 1381 508 1434 Εἰ
534 1382 665 1454 παρ’
686 1381 854 1436 αὑτοῦ
889 1381 1300 1452 πεμφθήσονται
1334 1380 1611 1451 σύμμαχοι
1628 1382 1735 1441 τοῖς
1760 1381 1816 1431 ἐν
1836 1378 2029 1450 Τροία,

446 1474 591 1545 Πρὸς
618 1474 717 1546 τὴν
750 1473 949 1528 κακίαν
973 1474 1189 1543 ἔχοντες
1219 1474 1562 1544 εὑεπιφόρως
1597 1472 1780 1542 φύσει.

447 1567 553 1619 Τὸν
575 1561 668 1619 οὖν
695 1564 977 1634 Ταντάνην
1005 1564 1117 1616 τῶν
1144 1563 1322 1617 Ἰνδῶν
1357 1563 1606 1633 Πρίαμος
1639 1561 1901 1626 ἱκετεύει,

448 1661 561 1715 Kal
593 1660 729 1731 μετά
764 1659 1001 1731 πλήθους
1031 1659 1310 1712 στέλλεται
1338 1659 1578 1729 Μέμνων
1598 1657 2029 1728 ἀπειραρίθμου.

459 1752 519 1805 Ὀ
543 1751 601 1805 δὲ
636 1752 860 1824 στρατὸς
887 1746 1029 1822 ἦσαν
1066 1752 1220 1805 Ἰνδοὶ
1255 1753 1457 1814 πάντες
1495 1750 1910 1820 μελανοχρῶτες
1931 1765 1945 1779 ⁸

448 1843 673 1913 ϐὓσπερ
705 1843 904 1907 ἰδόντες
925 1842 1189 1911 ’Έλληνες
1215 1843 1272 1894 ἐν
1302 1841 1576 1911 ἀλλοκότῳ
1611 1840 1731 1909 θέᾳ,

447 1937 558 1990 Kal
587 1935 956 1998 δειλιάσαντες
987 1934 1170 1988 αὐτῶν
1203 1933 1422 2004 μορφὴν
1462 1935 1556 1988 καὶ
1596 1933 1924 2000 πανοπλίαν,

448 2028 560 2082 Καὶ
599 2027 717 2096 ζῷα
752 2027 1183 2098 περιτρέσαντες
1223 2027 1368 2098 ἅπερ
1394 2028 1557 2081 Ἰνδία
1587 2028 1802 2097 τρέφει,

448 2122 687 2192 Νύκτωρ
712 2123 904 2190 φυγεῖν
924 2120 1250 2174 ἐσκέπτοντο
1270 2120 1363 2173 καὶ
1385 2119 1669 2191 προλιπεῖν
1687 2120 1785 2191 τὴν
1811 2120 2034 2191 Τροίαν.

449 2211 591 2267 Ἀλλ’
617 2213 768 2283 ὅμως
821 2209 1190 2277 ἀντετάξαντο
1222 2212 1267 2243 ³³
1309 2211 1445 2284 πρὸς
1490 2213 1617 2276 τοὺς
1665 2211 2039 2283 μελαινοχρῶ-

1754 2301 1875 2375 [τας
1899 2304 1966 2368 οι,

449 2399 563 2453 Kal
594 2397 703 2451 τῶν
751 2395 926 2449 Ἰνδῶν
954 2398 1065 2459 τοῖς
1094 2395 1324 2466 αἴμασιν
1358 2394 1685 2465 ἠρΰθρωταν
1707 2393 1972 2466 ἀρούρας,

451 2494 562 2547 Kal
581 2491 677 2546 τοῦ
698 2481 1058 2562 Σκαμάνδρου
1086 2491 1186 2552 τὰς
1205 2487 1335 2557 ροἀς
1361 2488 1635 2557 ἐφοξνιξαν
1650 2489 1761 2552 τοῖς
1795 2487 2037 2558 λύθροις.

546 2586 617 2638 Εν
643 2585 853 2647 τούτοις
882 2578 976 2637 οὖν
1005 2583 1051 2616 ⁸⁵
1100 2580 1403 2636 κατέλαϐεν
1432 2582 1464 2651 ἡ
1497 2581 1605 2633 τῶν
1643 2578 2010 2650 ἀναθημάτων

460 2679 587 2743 Τοῖς
614 2677 842 2747 Ἕλλησι
869 2676 1203 2747 πανήγυρις,
1235 2674 1371 2729 ἀλλὰ
1392 2673 1485 2727 καὶ
1511 2676 1623 2736 τοῖς
1650 2671 1957 2744 Βαρϐάροις
1973 2670 2039 2739 ³⁸,

453 2773 565 2827 Καὶ
596 2771 765 2825 πᾶσιν
796 2763 865 2840 ἦν
900 2768 1160 2840 ἀνακωχὴ
1186 2768 1437 2839 πολέμων
1466 2769 1559 2822 καὶ
1614 2765 1895 2840 καμάτων.

458 2980 650 3045 corde,
686 2978 940 3035 Priamus
968 2977 1278 3033 Amazonas
1308 2976 1376 3032 ad
1422 2976 1549 3033 belli
1598 2978 1920 3035 societatem
1954 2996 2042 3034 ar-

1563 257 2079 321 CONSTANTINI
2124 259 2498 321 MANASSIS

3602 254 3706 320 2ἷῖ

2055 369 2102 429 Α
2135 368 2243 419 Kal
2273 367 2339 436 δὴ
2373 369 2603 439 στρατὸς
2636 366 2911 438 Ἑλλήνιος
2937 369 3029 421 καὶ
3060 369 3119 422 τὸ
3149 368 3255 421 τῶν
3274 365 3477 438 Τρώων
3509 369 3709 438 σμῆνος

2142 459 2419 528 Ἀλλήλοις
2452 460 2818 530 ἐπεμίγνυντο
2852 461 3056 532 πρᾶξαι
3084 460 3253 530 μηδὲν
3285 459 3593 528 τολμῶντες
3618 462 3684 515 ⁸⁷.

2128 548 2307 606 *Πνδέ
2335 554 2460 615 ναὸς
2487 553 2592 623 πρὸ
2617 553 2723 605 τῶν
2747 552 2944 622 τειχῶν
2972 553 3067 622 τῆς
3096 551 3472 619 καλλιπύργου
3490 553 3710 623 Τροίας,

2132 645 2305 701 Ἔνθα
2339 644 2584 717 θαμίζων
2626 644 2903 715 Ἀχιλλεὺς
2939 641 3046 697 εἶδε
3065 645 3164 717 τὴν
3196 642 3508 714 Πολυξένην

2127 738 2343 792 Καὶτδν
2374 738 2582 808 πυρσὸν
2614 738 2709 790 τοῦ
2734 737 2870 806 πρὸς
2894 737 3066 807 αὐτὴν
3096 738 3298 807 ἔρωτος
3332 734 3613 807 ἐπανῆψεν
3641 736 3708 767 ⁸⁸⁸

2140 830 2230 883 Ἐν
2257 827 2477 901 λύτροις
2517 830 2624 899 γὰρ
2654 833 2768 894 τοῖς
2802 832 3066 900 Ἕκτορος
3098 829 3271 901 αὐτὴν
3305 830 3674 907 προεωράκει,

2129 924 2244 977 Kal
2278 925 2577 993 κατασχεῖν
2611 923 2909 994 δυνάμενος
2933 924 3082 993 ὅμως
3111 922 3210 975 οὐκ
3242 922 3534 995 ἐϐουλήθη.

2130 1015 2268 1068 Τότε
2299 1015 2344 1068 δ’
2380 1016 2455 1079 ὡς
2488 1011 2629 1067 εἶδεν
2657 1014 2847 1080 ἔπαθε,
2890 1018 2982 1068 καὶ
3014 1015 3093 1086 τῷ
3119 1015 3290 1085 πατρὶ
3324 1015 3557 1083 Πριάμῳ

2130 1110 2342 1178 Λόγους
2372 1109 2657 1163 ἐπέστειλε
2676 1112 2722 1149 ὀ
2760 1110 2941 1181 ζητῶν
2982 1111 3060 1176 εἰς
3101 1111 3277 1181 γάμον
3310 1108 3635 1178 Πολυξένην.

2147 1200 2205 1254 ’0
2235 1200 2290 1255 δέ
2326 1200 2826 1270 συγκατατίθεσθαι
2851 1202 3011 1273 δῆθεν
3036 1204 3435 1270 προσεποιεῖτο,

2135 1294 2247 1348 Kal
2274 1293 2447 1349 ταῦτα
2476 1295 2650 1358 δόλοις
2686 1294 2957 1366 ἔπραττον
2984 1295 3251 1367 Δηΐφοϐος
3274 1297 3369 1349 xal
3406 1295 3599 1366 Πάρις.

2147 1385 2236 1449 Ὠς
2266 1383 2360 1440 οὖν
2389 1387 2640 1456 εἰσῆλθον
2666 1388 2747 1452 είς
2774 1388 2901 1440 ναὸν
2940 1387 3279 1452 ’Λπόλλωνος
3323 1387 3576 1440 ’Δὶσαίου

2137 1478 2368 1549 Ὀρκοις
2401 1478 2956 1550 κατεμπεδὼσοντες¹
2993 1480 3061 1532 τὰ
3093 1480 3223 1551 περὶ
3254 1478 3578 1548 Πολυξένης,

2149 1569 2211 1625 '0
2249 1574 2346 1642 μὲν
2382 1554 2653 1641 Δηΐφοϐος
2682 1574 2933 1641 προσφὺς
2967 1571 3143 1639 ἐφίλει
3183 1571 3273 1623 τὸν
3308 1571 3552 1641 Πηλέως,

2137 1664 2304 1734 Φίλης
2334 1664 2569 1734 νυμφίον
2593 1666 2613 1695 ¹
2644 1664 2884 1734 ἀδελφῆς
2916 1664 3078 1716 αὑτὸν
3111 1664 3533 1733 κατονομάζων·

2153 1756 2353 1826 Ἐγγὺς
2380 1759 2436 1811 δὲ
2467 1760 2597 1823 στάς
2640 1758 2995 1830 Ἀλέξανδρος
3022 1759 3296 1829 ἐπήνεγκε
3325 1760 3566 1831 καιρίαν,

2140 1850 2254 1904 Kal
2284 1850 2493 1920 πλήξας
2524 1850 2836 1919 ὑπεξέφυγε
2873 1854 3014 1921 μετά
3050 1852 3141 1904 τοῦ
3175 1852 3468 1921 Δηϊφόϐου.

2155 1943 2212 1997 '0
2231 1942 2274 1996 δ’
2325 1942 2601 2014 Ἀχιλλεὺς
2626 1943 2977 2014 κατενεχθεὶς
3014 1946 3205 2008 πνοαῖς
3239 1939 3306 2014 ἦν
3329 1946 3386 1997 ἐν
3410 1944 3690 2015 ἐσχάταις.

2145 2033 2381 2105 ’ᾙσθετο
2413 2034 2620 2088 τούτων
2664 2034 2973 2100 Ὀδυσσεὺς,
3000 2035 3285 2090 συνείπετο
3314 2035 3422 2106 γὰρ
3454 2035 3649 2107 τούτῳ,

2142 2126 2255 2180 Kal
2279 2128 2377 2180 σὺν
2403 2125 2551 2197 αὐτῷ
2581 2126 2828 2197 διογενὴς
2856 2125 2987 2190 Αἶας
3023 2126 3051 2179 6
3080 2125 3427 2196 Τελαμῶνος.

2146 2217 2350 2287 Ἀμφω
2377 2218 2569 2291 τοίγαρ
2592 2219 2673 2279 είς
2705 2217 2795 2271 τὸν
2818 2217 2945 2271 ναὸν
2976 2219 3546 2290 συνεισπεπηδηκότες

2144 2301 2321 2377 Εὗρον
2351 2307 2441 2361 τὸν
2462 2308 2582 2379 ἥρω
2614 2309 2869 2380 κείμενον
2896 2309 3093 2378 αἵμασι
3120 2311 3538 2384 ³·πεφυρμένον,

2172 2400 2499 2469 Απεσϐηκὺς
2531 2403 2863 2472 ἐμπνέοντα,
2898 2403 3057 2472 μόγις
3076 2403 3095 2434 ⁸
3128 2404 3380 2458 κινοῦντα
3410 2406 3658 2474 γλῶσσαν
3678 2409 3701 2439 ⁵

2146 2491 2258 2545 Kal
2290 2492 2553 2561 μέλλοντα
2588 2492 2965 2546 καλύπτεσθαι
2993 2493 3062 2546 τὰ
3096 2492 3342 2564 βλέφαρα
3364 2494 3441 2566 τῷ
3475 2498 3654 2549 σκότει
3678 2498 3721 2550 ⁸.

2158 2585 2245 2648 Ὠς
2273 2580 2417 2639 εἶδον
2454 2583 2549 2639 οὖν
2577 2585 2872 2653 ὠλόλυξαν,
2904 2587 3000 2640 καὶ
3034 2588 3363 2659 προσπεσὼν
3396 2588 3472 2660 τῷ
3505 2590 3695 2662 στήθει

2146 2676 2283 2738 Δῖας
2304 2676 2332 2728 6
2357 2677 2530 2746 μέγας
2564 2678 2621 2730 ἐν
2654 2675 2918 2748 κλαυθμῷ
2938 2676 3073 2748 πρὸς
3098 2676 3190 2729 τὸν
3223 2679 3448 2748 Πηλέως
3472 2675 3646 2736 εἶπεν.
3688 2714 3696 2723 η

2150 2786 2171 2820 ι
2207 2762 2317 2824 ’Ἧν
2360 2771 2489 2841 ἀρα,
2525 2771 2647 2824 πολε
2661 2770 2889 2841 μόκλονε
2916 2771 3008 2824 καὶ
3039 2769 3170 2839 γίγα
3209 2771 3544 2846 βριαρόχειρ,

3398 2866 3549 2920 Vcrs.
3591 2866 3728 2923 Ht'ﬁ

2147 2994 2295 3051 libus
2324 2995 2637 3051 Graacorum
2666 3008 2723 3053 et
2750 2998 3111 3070 Trojanorum
3158 3002 3327 3072 copiae
3383 3003 3727 3058 ostentabant

458 3072 646 3130 cessit.
679 3069 865 3141 Itaque
906 3085 1124 3125 rursum
1176 3079 1470 3140 pugnatur,
1507 3081 1563 3124 et
1605 3086 1799 3126 omnes
1833 3087 2037 3127 necan-

2141 3103 2201 3143 se
2231 3088 2454 3158 quidem
2476 3099 2690 3155 mutuo,
2712 3091 2805 3145 sed
2836 3092 2971 3147 nihil
3000 3094 3179 3148 moliri
3204 3104 3394 3150 contra
3414 3110 3472 3151 se
3496 3097 3729 3151 invicem

461 3176 576 3220 tur.
604 3165 719 3220 Hoc
766 3163 929 3219 modo
955 3178 1125 3219 senex
1169 3163 1260 3218 ille
1301 3163 1642 3219 Dardanides
1672 3165 1741 3220 ab
1776 3165 2033 3220 onmihus

452 3258 776 3324 destitutus,
817 3257 883 3312 ad
931 3256 1189 3312 Davidem
1216 3254 1417 3311 Iudaeae
1447 3271 1628 3327 regem
1662 3271 1794 3312 suos
1843 3256 2030 3321 mittit,

453 3351 550 3423 qui
596 3350 666 3407 ab
697 3366 763 3407 eo
815 3365 1039 3405 manum
1088 3349 1411 3428 auxiliarem
1461 3357 1771 3419 poscerent.
1827 3349 2031 3405 Verum

452 3444 620 3500 David
651 3444 798 3504 illam
827 3442 973 3497 haud
1007 3442 1271 3512 porrexit,
1299 3442 1415 3496 sive
1439 3442 1493 3496 id
1528 3443 1791 3513 temporis
1826 3442 2031 3498 bellum

451 3535 678 3607 gerebat
727 3533 995 3587 adversus
1032 3534 1283 3588 nationes
1324 3542 1634 3597 extraneas,
1677 3535 1793 3589 sive
1833 3535 2033 3589 abhor-

454 3640 583 3678 rens
611 3640 639 3676 a
670 3622 873 3675 Grarcis
906 3622 1071 3676 simul
1101 3632 1158 3676 et
1201 3622 1476 3688 barbaris,
1508 3634 1562 3677 et
1589 3625 1682 3692 qui
1723 3625 1892 3678 Deum
1923 3641 2032 3679 non

452 3718 874 3782 cognoscerent,
903 3708 1001 3764 sed
1032 3710 1284 3765 deastros
1315 3711 1597 3778 colerent,
1625 3727 1689 3767 ac
1718 3714 1928 3769 veritus
1964 3730 2034 3769 ne

448 3796 627 3859 Judaei
651 3801 719 3857 ad
756 3815 1004 3856 errorem
1036 3800 1483 3873 prolaberentur,
1512 3802 1558 3857 si
1590 3803 1659 3857 ab
1685 3803 1805 3873 ipso
1838 3804 2035 3876 Troja-

452 3892 543 3946 nis
573 3890 871 3946 auxiliares
925 3891 1098 3960 copiae
1134 3890 1506 3956 mitterentur,
1543 3905 1668 3946 cum
1704 3880 1841 3946 alias
1875 3907 1904 3946 a
1937 3909 2037 3948 na-

455 3995 577 4039 tura
605 3982 878 4053 proclivcs
910 3981 976 4036 ad
1007 3981 1199 4036 vitium
1236 3981 1434 4037 forent.
1472 3982 1643 4054 Igitur
1666 4000 1846 4054 regem
1880 3983 2040 4040 Indo-

454 4090 576 4130 rum
622 4075 925 4129 Tantanem
976 4073 1226 4128 Priamus
1279 4073 1346 4128 ad
1386 4089 1549 4144 opem
1589 4074 1694 4129 sibi
1742 4074 2031 4130 ferendam

455 4168 781 4238 suppliciter
828 4166 1060 4229 invitat,
1119 4174 1177 4221 et
1239 4164 1452 4220 inﬁnita
1502 4182 1629 4222 cum
1682 4166 2035 4224 multitudine

455 4259 712 4314 Memnon
762 4259 1021 4313 mittitur.
1066 4257 1354 4314 Exercitus
1398 4269 1517 4314 erat
1568 4258 1810 4326 Indicus,
1843 4275 2036 4316 omnes

456 4354 643 4408 colore
679 4352 853 4422 nigro.
913 4350 1061 4418 Quos
1094 4366 1218 4406 cum
1262 4352 1612 4420 aspexissent
1650 4351 1826 4408 Graeci
1876 4369 2037 4423 perc-

454 4442 616 4512 grino
656 4443 839 4497 colore
881 4442 1163 4513 praeditos,
1216 4442 1449 4498 formam
1488 4458 1682 4499 eorum
1713 4454 1770 4500 et
1798 4456 2045 4501 armatu-

458 4552 573 4589 ram
605 4535 787 4600 veriti,
816 4535 1094 4603 simulque
1123 4534 1331 4591 bestias
1357 4534 1480 4591 illas
1514 4535 1875 4592 formidantes
1905 4551 2043 4609 quas

457 4629 555 4682 alit
576 4629 754 4693 India,
780 4628 966 4700 fugere
996 4636 1166 4684 noctu
1191 4622 1522 4700 Troiamque
1548 4631 1862 4702 relinquere
1900 4631 2046 4703 cogi-

459 4721 666 4776 tabant.
702 4721 809 4777 Sed
842 4732 1023 4776 tamen
1057 4722 1231 4792 nigris
1259 4723 1483 4779 demum
1524 4724 1842 4781 hominibus
1865 4727 2041 4783 aciem

457 4821 882 4882 opposuerunt,
920 4812 1295 4883 Indorumque
1331 4814 1592 4886 sanguine
1627 4825 1833 4871 terram
1866 4817 2043 4873 tinxe-

459 4912 609 4968 runt,
665 4914 828 4958 utea
876 4904 1102 4959 ruberet
1151 4920 1215 4960 ac
1264 4905 1381 4976 ipsa
1431 4905 1661 4962 ﬂumina
1713 4906 2039 4964 Scamandri

459 5011 625 5049 cruor
656 5013 936 5067 purpurea
972 4997 1251 5053 redderet.

528 5090 608 5145 Eo
640 5099 884 5161 tempore
922 5092 1121 5147 festum
1154 5091 1509 5148 denariorum
1550 5095 1862 5165 appetebat,
1896 5096 2045 5166 quod

460 5192 568 5235 tam
593 5181 766 5237 Graeci
791 5200 956 5254 quam
990 5184 1218 5240 Barbari
1252 5186 1626 5243 celebrabant.
1665 5188 1853 5260 Itaque
1885 5190 2043 5246 factae

462 5284 584 5327 sunt
619 5275 854 5329 inducize
884 5277 1156 5332 bellorum
1185 5294 1251 5334 ac
1275 5279 1547 5347 laborum,
1580 5282 1786 5351 quibus
1829 5282 2038 5339 duran-

2140 3180 2435 3236 audebant.
2479 3181 2767 3252 Templum
2797 3198 2932 3239 vero
2975 3185 3250 3255 quoddam
3284 3196 3403 3242 erat
3432 3197 3558 3243 ante
3590 3187 3715 3242 Tro-

2133 3279 2247 3349 jam
2285 3274 2531 3344 pulchris
2585 3286 2841 3331 ornatum
2878 3278 3144 3346 turribus,
3182 3279 3234 3334 in
3264 3296 3372 3351 quo
3413 3281 3726 3351 frequenter

2140 3379 2366 3421 versans
2378 3365 2615 3423 Achilles
2629 3368 2952 3439 Polyxenam
2967 3370 3105 3426 vidit
3119 3380 3173 3427 et
3186 3372 3399 3427 ardenti
3413 3373 3530 3444 ejus
3548 3388 3731 3432 amore

2140 3468 2433 3528 correptus
2463 3468 2568 3515 est.
2598 3459 2708 3530 29
2740 3459 2954 3531 Quippe
2982 3473 3346 3533 conspexerat
3371 3479 3514 3527 eam,
3555 3466 3722 3535 prius-

2141 3566 2303 3620 quam
2346 3552 2547 3607 [lector
2573 3554 2975 3621 redimeretur;
3014 3555 3107 3610 ubi
3157 3571 3279 3610 cum
3310 3557 3454 3610 illam
3493 3557 3732 3612 retinere

2141 3646 2434 3714 potuisset,
2468 3656 2790 3711 non.tamen
2820 3647 2872 3701 id
2904 3648 3085 3704 facere
3116 3650 3311 3705 voluit.
3346 3652 3417 3704 At
3453 3650 3545 3705 ubi
3599 3661 3732 3706 tunc

2141 3751 2261 3792 eam
2298 3739 2531 3808 aspexit,
2564 3738 2701 3793 allici
2733 3739 2920 3810 coepit,
2968 3740 3296 3810 Priamoque
3328 3743 3464 3811 patri
3515 3742 3723 3796 denun-

2143 3825 2293 3880 tiavit
2325 3841 2385 3883 se
2410 3827 2736 3899 Polyxenam
2758 3843 2981 3882 uxorem
3004 3844 3250 3898 poscere.
3277 3830 3525 3886 Priamus
3549 3847 3734 3887 assen-

2143 3918 2234 3972 tiri
2265 3933 2323 3973 se
2350 3920 2665 3982 simulabat,
2690 3919 2975 3990 Deiphobo
3007 3929 3065 3975 et
3089 3921 3284 3976 Paride
3313 3920 3535 3976 fraudes
3562 3922 3734 3978 hasce

2143 4010 2605 4066 macninantibus.
2642 4010 2822 4078 Quare
2857 4027 2982 4067 cum
3028 4012 3452 4082 ingrederentur
3483 4012 3538 4067 in
3563 4012 3734 4083 Apol-

2142 4101 2272 4156 linis
2299 4100 2506 4171 Alphazi
2560 4102 2775 4171 fanum,
2822 4104 3182 4176 jurejurando
3213 4121 3272 4161 se
3305 4105 3623 4161 obstricturi
3677 4106 3732 4160 in

2142 4208 2307 4249 causa
2339 4194 2646 4266 Polyxena.
2681 4196 3002 4266 Deiphobus
3034 4198 3181 4252 Pelei
3209 4197 3382 4252 ﬁlium
3413 4199 3733 4269 complexus

2143 4285 2516 4351 osculabatur,
2561 4302 2701 4342 carae
2717 4290 2926 4343 sororis
2939 4289 3089 4343 illum
3107 4304 3367 4357 sponsum
3386 4290 3729 4360 appellando,

2143 4377 2452 4432 Alexander
2467 4386 2648 4433 autem
2675 4395 2844 4450 prope
2862 4391 3044 4435 astans
3061 4381 3262 4436 lethale
3278 4382 3367 4435 vul
3376 4398 3479 4436 nus
3498 4380 3693 4435 inflixit
3713 4399 3728 4447 ;

2076 4472 2121 4531 ι)
2149 4473 2267 4539 quo‘
2292 4469 2443 4525 illato
2468 4486 2574 4524 una
2597 4486 2722 4526 cum
2752 4472 3037 4542 Deiphobo
3064 4472 3119 4526 in
3143 4472 3324 4543 fugam
3344 4489 3414 4535 ,se
3435 4475 3729 4544 proripuit.

2138 4559 2387 4615 Achilles
2458 4561 2735 4632 collapsus
2785 4571 3088 4618 extremam
3127 4564 3323 4634 agebat
3361 4564 3619 4619 animam.
3672 4565 3733 4619 Id

2141 4650 2365 4722 Ulysses
2400 4652 2896 4719 animadvertebat,
2932 4655 3338 4725 quicomitatus
3374 4672 3501 4711 eum
3527 4656 3730 4722 fuerat,

2141 4761 2249 4800 una
2275 4761 2399 4802 cum
2431 4746 2595 4815 Ajace
2618 4746 2931 4802 Telamonis
2970 4747 3105 4812 lilio,
3134 4747 3267 4803 Jove
3300 4758 3440 4803 sato.
3484 4747 3733 4818 Quapro-

2140 4836 2339 4907 ptcrin
2364 4836 2552 4891 fanum
2591 4845 2825 4908 uterque
2853 4838 3016 4893 simul
3068 4854 3191 4894 cum
3227 4839 3575 4909 irrupisseut,
3629 4843 3731 4896 he-

2146 4945 2296 4984 roem
2335 4930 2487 4985 illum
2526 4932 2798 5001 jacentem
2829 4931 3180 4997 invenerunt,
3211 4948 3409 4988 cruore
3442 4933 3727 4998 findatum,

2141 5032 2419 5077 extremos
2451 5023 2745 5088 ducentem
2768 5024 3015 5093 spiritus,
3043 5026 3131 5079 vix
3161 5025 3398 5097 linguam
3421 5035 3728 5081 moventem

2138 5121 2195 5166 et
2223 5112 2334 5183 jam
2362 5113 2583 5184 jamque
2614 5115 2879 5170 cernendi
2924 5131 3083 5170 usum
3143 5118 3497 5172 amissurum.
3542 5118 3731 5187 Itaque

2140 5202 2236 5258 illo
2270 5216 2568 5275 conspecto
2595 5207 2907 5274 ululabant,
2939 5216 2996 5263 et
3025 5208 3094 5263 ad
3123 5219 3316 5279 pectus
3341 5212 3461 5279 ejus
3491 5211 3732 5280 allapsus

2139 5297 2271 5369 Ajax
2325 5297 2677 5355 Telamonius
2724 5315 2848 5355 cum
2885 5300 3125 5357 lamento
3152 5302 3416 5358 Achillem
3456 5303 3731 5358 allocutus

1663 5430 1869 5492 Varia:
1917 5434 2224 5499 lectiones
2268 5445 2329 5500 et
2368 5446 2559 5502 110183.

608 5542 853 5615 κρατερὰ
886 5540 949 5615 ll.

463 5685 477 5715 ⁸
523 5684 1044 5752 κατεμπεδὼσαντες
1084 5684 1243 5740 ABR.
1326 5690 1346 5720 ³
1377 5684 1601 5764 εὑνέεην
1633 5684 1694 5747 Π.

543 5544 573 5622 “.9
608 5543 853 5626 κρατερὰ
970 5614 1010 5626 u
1029 5543 1344 5626 "humili.
1371 5618 1394 5626 _
1422 5548 1480 5626 "_
1501 5551 2105 5626 ἀντιπαραταττόμενος
2135 5558 2201 5615 Β.

459 5614 675 5693 χρῶτας
705 5612 835 5693 Λιι.⁸
897 5614 1021 5667 εδει
1061 5612 1215 5693 περ*
1254 5619 1300 5650 π
1327 5618 1437 5693 τῶν
1468 5612 1758 5693 βαρϐάρων
1809 5612 1973 5681 Altu‘.

2137 5612 2420 5693 τελοῦντες

2305 5562 2349 5591 ’⁸
2382 5559 2780 5636 ρειξςῖαιενΒ-Β.
2938 5564 3311 5636 παρετάξαντο
3336 5567 3401 5620 ll.
3477 5566 3524 5599 ἰ
3558 5567 3727 5636 μελαορ

2624 5634 2668 5664 ⁸⁸
2700 5632 2982 5703 ὑπανῆψεν
3027 5634 3090 5688 Β.
3197 5638 3243 5669 νο
3288 5632 3577 5691 ἐπέστελλε
3611 5638 3726 5693 1ιῆ.

1776 5696 1793 5728 ³
1816 5699 2007 5767 αἵματι
2034 5699 2099 5753 A.
2177 5704 2198 5731 ³
2227 5702 2378 5769 μόλις
2408 5701 2521 5759 ΑΒ,
2599 5702 2620 5733 ⁸
2660 5696 2904 5767 γλῶττῦ
2936 5702 3000 5758 Π.
3080 5705 3099 5734 ⁸
3137 5706 3310 5772 σκότῳ
3344 5705 3459 5764 Illl.
