4080 6206
378 267 489 331 273

387 380 726 445 '0;dvsl«5i’v
758 380 992 451 ἠδύνατο
1012 382 1104 438 τὸν
1140 383 1475 455 θυμολέοντά
1500 404 1583 442 σε.
1633 409 1651 440 ι

392 475 455 529 Ὃ
484 476 530 529 δ’
555 475 804 545 ἀμαυρὸν
829 475 1080 546 ἐφώνησε
1112 477 1208 531 καὶ
1235 484 1753 551 παρακεκομμένονο

389 586 411 620 ι
453 567 691 621 ’Δνεῖλόν
710 568 737 599 τ’
770 586 837 638 με
867 569 1139 639 Δηΐφοϐος
1169 572 1264 626 καὶ
1292 573 1467 643 Πάρις
1502 575 1643 644 μετὰ
1666 575 1839 629 δόλου.
1889 594 1908 629 ι

384 661 496 714 Καὶ
522 659 677 712 ταῦτ’
704 659 879 714 εἰπὼν
902 660 1232 727 ἐξέπνευσεν
1255 664 1284 717 ό
1310 664 1635 735 τηλικοῦτος
1661 667 1837 738 ἥρως.

380 755 516 815 Αἶας
545 754 591 806 δ’
625 755 716 806 ἐπ’
747 754 918 823 ὤμων
944 755 1175 826 θέμενος
1213 758 1274 811 τὸ
1315 760 1512 829 σκῆνος
1532 760 1554 793 ⁸
1584 760 1875 830 Ἀχιλλέως
1950 752 1955 759 ’

383 845 604 913 nupti);
634 846 731 898 ἐπὶ
763 847 857 899 τὸν
886 847 1238 920 ναύσταθμον
1269 852 1478 920 ἤγαγεν
1503 851 1798 917 όλολύξων.

450 938 627 1001 Εὐθὺς
662 940 723 992 δὲ
757 941 1181 1017 μετεπέμψαντο
1209 944 1423 1015 Πύρρον
1456 944 1549 999 τὸν
1587 944 1878 1017 Ἀχιλλέως

381 1032 484 1083 Τὸν
512 1034 604 1082 καὶ
633 1031 1039 1103 Νεοπτόλεμον,
1067 1013 1157 1088 τδν
1182 1013 1309 1088 νάπδ
1334 1013 1696 1107 ἽΔηῖδαμείαςξ

381 1124 493 1176 Καὶ
528 1124 694 1177 πάλιν
721 1125 874 1193 φόνοι
905 1127 999 1178 καὶ
1023 1128 1253 1197 σφαγαὶ,
1296 1127 1460 1182 πάλιν
1489 1130 1899 1201 ἀνδροκτασίαι,

380 1217 493 1268 Καὶ
517 1216 683 1270 πάλιν
716 1218 1120 1288 αἰματόερυρτοι
1156 1221 1358 1291 Τροίας
1398 1222 1454 1275 αἱ
1494 1222 1746 1287 πεδιάδες
1773 1223 1817 1287 ⁹,

381 1308 491 1360 Kal
519 1309 684 1361 πάλιν
713 1310 1094 1381 αἱμοφόρυκτα
1127 1312 1197 1366 τὰ
1226 1313 1320 1367 τοῦ
1357 1316 1710 1388 Σκαμάνδρου
1732 1318 1950 1390 ῥεῖθρα,

383 1401 530 1463 Ἐως
548 1401 660 1455 τῶν
693 1404 944 1472 μάντεων
972 1404 1158 1468 αὐτοῖς
1189 1408 1475 1477 χρησμοὺς
1509 1410 1961 1479 ἑκφοιδασάντων

390 1493 480 1555 Ὧς
506 1494 570 1546 οῦ
602 1485 782 1563 χρεών
801 1495 951 1548 ἐστιν
976 1496 1117 1548 ἑλεῖν
1147 1496 1190 1527 ⁸⁸
1212 1496 1319 1551 ἀπὸ
1358 1499 1599 1569 πολέμου
1623 1500 1827 1571 Τροίαν

323 1595 336 1606 '
381 1586 506 1640 Οὐδ’
537 1588 603 1639 ἐοι
633 1586 835 1657 χειρῶν
864 1586 972 1640 οὐδ’
994 1589 1058 1640 ἐκ
1092 1588 1283 1657 ξιφῶν,
1319 1589 1436 1642 ἀλλ’
1459 1590 1570 1643 ἀπὸ
1585 1590 1737 1644 δόλου
1772 1592 1937 1662 μόνου

381 1678 485 1731 Τὸν
516 1677 688 1730 ἵππον
719 1680 1081 1749 ἐτεκτήναντο
1116 1679 1208 1733 τὸν
1244 1678 1453 1745 ξύλινον
1482 1682 1710 1748 ἐκεῖνον,

381 1768 491 1821 Καὶ
518 1769 946 1838 καταφράκτους
975 1770 1056 1833 εἰς
1084 1769 1247 1823 αὐτὸν
1274 1770 1475 1842 ἄνδρας
1499 1773 1906 1841 εῖσενεγκόντες

379 1859 670 1930 ’Ᾱπαέρειν
697 1859 863 1928 δῆθεν
897 1858 1086 1927 ἔδοξαν
1125 1860 1263 1931 πρὸς
1296 1861 1394 1925 τὰς
1420 1864 1815 1934 ὲνεγκαμένας.

381 1950 597 2003 Kal.th
613 1951 712 2018 μὲν
733 1951 898 2004 ἵππον
914 1951 1104 2005 εἴασαν
1121 1951 1287 2006 αὐτοῦ
1306 1954 1442 2025 πρὸς
1461 1954 1538 2025 τῷ
1553 1954 1792 2009 ναυστάθ
1802 1958 1907 2026 μῳ¹
1920 1957 1958 2020 ³,

380 2042 547 2095 Αὐτοὶ
580 2042 628 2096 δ’
655 2042 955 2113 ὑφώρμουν
978 2046 1100 2105 ταῖς
1128 2046 1321 2098 ναυσὶν
1362 2048 1420 2098 ἐν
1445 2049 1509 2117 τῇ
1543 2046 1752 2119 Τενέδῳ
1783 2049 1954 2120 νήσῳ.

382 2130 535 2187 Εἶδον
569 2134 619 2186 οἱ
651 2134 842 2206 Τρῶες
868 2135 931 2188 τδ
963 2135 1200 2206 συμϐὰν,
1232 2131 1373 2189 εἶδον
1398 2138 1643 2207 ἐρήμους
1673 2138 1901 2208 ὅρμους.

380 2227 487 2278 Τὸν
521 2226 692 2279 ἵππον
719 2227 882 2296 μόνον
907 2228 1199 2299 βλέποντες
1228 2230 1497 2300 ἠπόρουν,
1522 2229 1868 2301 ἐθαμϐοῦντο
1892 2234 1958 2287 ’³.

385 2317 497 2370 Καὶ
527 2318 723 2388 πρῶτα
762 2319 861 2389 μὲν
891 2321 1206 2389 νομίζοντες
1235 2319 1375 2374 εἶναι
1407 2321 1467 2373 τὸ
1488 2323 1593 2376 πᾶν
1629 2323 1851 2395 ἀπάτην

378 2411 629 2482 Φθεῑρειν
654 2413 743 2466 τὸν
773 2415 940 2469 ἵππον
967 2415 1245 2485 ὥρμηντο,
1281 2416 1413 2485 πυρὶ
1430 2418 1784 2486 παραδιδόναι

384 2503 458 2555 Ἦ
492 2504 583 2555 καὶ
622 2505 837 2573 ῥιπτεῖν
870 2505 1010 2557 κατὰ
1041 2506 1257 2576 πετρῶν
1294 2505 1437 2559 κατὰ
1459 2505 1622 2576 βυθοῦ
1651 2507 1923 2580 Θαλάσσης
1945 2526 1959 2541 ο

384 2591 516 2648 Εἶτα
556 2595 674 2663 (καὶ⁵
719 2596 825 2665 γὰρ
853 2597 1137 2666 κεκύρωτο
1181 2598 1382 2668 Τροίαν
1414 2598 1614 2652 ἁλῶναι
1642 2600 1785 2665 τότε)

385 2688 670 2756 Προσῆκον
698 2688 874 2754 ἔδοξεν
906 2690 1093 2753 αὐτοῖς
1125 2691 1461 2759 εἰσενεγκεῖν
1488 2690 1578 2744 τόν
1618 2691 1788 2744 ἵππον

394 2778 483 2841 Ὠς
521 2779 745 2850 ἄγαλμα
769 2781 865 2833 καὶ
890 2780 1133 2853 λάφυρον
1165 2783 1273 2836 ἀπὸ
1295 2782 1404 2835 τῶν
1432 2782 1720 2837 ἐναντίων.

1525 272 2036 335 COMPENDIUM
2077 275 2555 342 CHRONICUM.

3541 294 3650 359 274

2000 390 2052 449 Δ
2079 393 2143 447 Oi
2179 395 2279 463 μὲν
2308 396 2470 448 αὐτὸν
2501 397 2848 466 εἰσήνεγκαν,
2888 400 2980 453 καὶ
3014 399 3199 465 πότοις
3228 404 3321 458 καὶ
3351 408 3591 475 χορείαις

2072 489 2278 551 Αὐτοὺς
2304 490 2348 522 ⁸³
2373 490 2622 553 ἐκδόντες
2649 489 2932 546 ὓπνωττον
2962 493 3134 563 βαθὺν
3156 496 3425 566 νήγρετον
3453 499 3646 555 ὕπνον·

2071 580 2134 631 Oi
2150 579 2194 631 δ’
2214 580 2405 648 ἄνδρες
2421 581 2469 633 οῖ
2496 581 2888 650 κρυπτόμενοι,
2919 584 3167 651 καὶπρὸς
3186 587 3337 657 αὐτῷ
3360 588 3650 660 λοχῶντες,

2081 670 2497 736 ’Υπεξελθόντες
2524 676 2701 745 σιωπῇ
2739 677 3065 746 φρυκτωρὸν
3099 674 3243 748 ἦραν
3273 684 3465 749 μέγαν.

2073 761 2251 832 Ὅπερ
2282 762 2482 824 ἰδόντες
2511 762 2775 833 Ἕλληνες
2812 766 2860 817 οῖ
2886 769 3436 834 προεκπεπλευκότες

2067 852 2274 908 Θᾶττον
2309 854 2343 925 ἦ
2370 854 2528 922 λόγος
2555 858 2613 909 έν
2642 856 2803 909 ναυσλ¹
2845 858 3094 928 κατῆραν
3128 863 3267 933 πρὸς
3296 864 3395 934 τὴν
3424 867 3648 936 Τροίαν,

2068 944 2204 1009 Καὶ,
2221 944 2329 998 τῶν
2350 944 2539 1000 πυλῶν
2558 946 2885 1016 άνοιγεισῶν
2900 952 3051 1022 παρὰ
3079 953 3188 1006 τῶν
3224 972 3357 1025 apo:
3368 956 3646 1025 μ6άντων,

2077 1040 2169 1105 Ὠς
2208 1040 2352 1111 ὕδωρ
2379 1043 2737 1116 εἰσεχύθησαν
2768 1045 2987 1119 λάϐρως
3016 1048 3058 1082 ιθ
3086 1051 3246 1105 ποθὲν
3283 1054 3649 1128 πλημμύραν.

2120 1134 2233 1202 Τῆς
2251 1137 2661 1206 στερῤοπύργου
2677 1138 2965 1207 τοιγαροῦν
2977 1141 3118 1196 οὕτω
3137 1144 3437 1218 ληφθείσης
3453 1149 3654 1220 Τροίας

2073 1229 2333 1292 Γυναῖκες
2365 1224 2757 1300 ἁφηρπάξοντο
2787 1233 3076 1287 παστάδων
3099 1237 3440 1305 νεοπήκτων,

2078 1319 2142 1371 Ἡ
2173 1319 2243 1388 γῆ
2281 1320 2710 1390 κατελιμνάζετο
2732 1324 2844 1387 τοῖς
2876 1324 3059 1392 φόνοις
3091 1326 3199 1380 τῶν
3236 1331 3546 1385 πιπτόντων
3577 1332 3646 1399 ’⁸,

2067 1412 2274 1482 Βρέφος
2310 1412 2701 1481 ὑπαγκαλίδιον
2729 1416 3035 1486 ἐρρήγνυτο
3070 1418 3150 1490 τῷ
3179 1420 3346 1491 τοίχῳ
3377 1423 3444 1475 ίθ.

2078 1502 2294 1567 ’Λπλῶς
2324 1505 2499 1557 εἰπεῖν
2539 1504 2616 1570 ὡς
2651 1509 2708 1558 ἐν
2733 1508 2946 1579 βραχεῖ,
2966 1510 3093 1577 γόος
3119 1515 3342 1581 κατεῖχε
3373 1514 3418 1545 ¹⁷
3443 1514 3646 1581 πάντα,

2069 1596 2178 1649 Kal
2207 1597 2315 1649 πᾶν
2342 1596 2516 1650 δεινὸν
2543 1600 2640 1653 καὶ
2662 1601 2771 1653 πᾶν
2790 1602 2987 1672 πικρὸν
3018 1603 3323 1666 κατέκλυζε
3345 1605 3443 1676 τὴν
3470 1606 3647 1662 πόλιν.

1993 1732 2033 1787 Β
2068 1688 2133 1741 Αἱ
2167 1689 2347 1758 χεῖρες
2384 1688 2869 1757 λυθροστάλακτοι,
2905 1694 3220 1760 φονόϐαπτα
3250 1695 3318 1749 τὰ
3348 1688 3513 1768 ξίφηξέ

2066 1779 2138 1831 Τὸ
2168 1778 2398 1832 δάπεδον
2435 1780 2743 1852 ὴρύθρωτο,
2777 1783 3177 1840 συνεπατοῦντο
3221 1786 3420 1858 βρέφη.

2077 1869 2164 1933 Ὠς
2192 1871 2248 1924 δέ
2277 1872 2395 1923 ποτ’
2412 1872 2786 1942 ἐκορέσθησαν
2825 1874 3193 1945 ἁρπάζοντες,
3230 1879 3571 1948 κτιννύντες,

2062 1961 2207 2032 Πυρὶ
2237 1961 2615 2032 παραδιδόασι,
2653 1964 2974 2034 πιμπρῶσιν
2998 1966 3107 2019 ἀπὸ
3144 1966 3363 2037 βάθρων

2065 2054 2178 2121 Τὴν
2213 2054 2341 2125 πρὶν
2372 2055 2429 2106 ὲν
2459 2054 2647 2108 πόλεσι
2682 2057 2964 2127 λαμπρὰν,
3006 2057 3107 2126 τὴν
3154 2058 3646 2128 περιλαλουμένην.

2138 2145 2180 2197 Τ
2184 2145 2217 2197 ὰ
2243 2144 2342 2214 μὲν
2366 2146 2508 2198 κατὰ
2540 2145 2628 2200 τὸν
2664 2149 2899 2217 πόλεμον
2929 2149 3169 2202 τοιοῦτον
3200 2150 3325 2220 ἔσχε
3356 2152 3555 2224 τρόπον
3579 2153 3645 2189 η·

2076 2236 2142 2287 Ἦ
2173 2235 2313 2304 τύχη
2339 2235 2383 2288 δ’
2420 2237 2770 2306 ὲγκοτήσασα
2802 2237 3057 2304 καθάπαξ
3088 2240 3354 2312 Μενελάῳ

2069 2327 2285 2389 Ἀλλοις
2313 2329 2520 2389 καινοῖς
2539 2327 2631 2382 τὸν
2662 2328 2871 2382 τάλανα
2906 2331 3230 2394 καταπιέζει
3261 2332 3503 2404 μόχθοις.

2071 2420 2183 2474 Kal
2218 2419 2383 2473 πάλιν
2412 2418 2581 2483 πλοῦς
2614 2421 2979 2492 μακρότερος,
3004 2425 3364 2495 ναυστόλησις
3400 2425 3589 2498 ἑτέρα,

2066 2511 2177 2564 Kal
2205 2510 2358 2563 πόνοι
2380 2510 2716 2580 διαδέχονται
2740 2512 2866 2574 τοὺς
2899 2513 3265 2584 παλαιτέρους
3299 2515 3409 2569 νέοι

2067 2604 2177 2658 Καὶ
2207 2603 2375 2657 πλοῦν
2397 2602 2491 2656 τὸν
2529 2603 2950 2674 Ἑλλησπόντιον
2982 2605 3259 2673 Αἰγύπτια
3287 2607 3526 2680 πελάγη.

2068 2697 2318 2767 ’Δπαίρει
2342 2694 2477 2767 πρὸς
2501 2694 2916 2766 τὴνΛῖγυπτον,
2932 2697 3114 2761 δεινὰς
3134 2700 3329 2768 μετρεῖ
3352 2698 3650 2765 θαλάσσας,

2069 2789 2178 2842 Kal
2206 2788 2530 2860 χειμασθεὶς
2561 2788 2655 2840 καὶ
2693 2787 2993 2859 κυμανθεὶς
3022 2789 3245 2866 ἀνέμοις
3272 2789 3599 2862 βαρυθρόοις

3310 2880 3467 2938 Vers.
3514 2883 3655 2939 H39

381 3061 466 3108 est
498 3071 512 3108 :
554 3053 629 3109 «Ο
652 3056 739 3108 vir
761 3057 1048 3122 mavortie,
1079 3057 1321 3114 robustis
1344 3059 1601 3114 manibus
1618 3059 1959 3131 gigas,quis-
1991 3048 2043 3121 (ἶ
2064 3059 2173 3129 3o
2200 3069 2456 3128 tanquam
2486 3058 2843 3114 simulacrum
2878 3060 3152 3130 quoddam
3181 3069 3237 3115 et
3257 3060 3492 3130 spolium
3546 3059 3650 3112 ho—

372 3161 510 3200 nam
537 3157 589 3201 te
619 3148 841 3203 leonino
878 3150 1044 3205 corde
1088 3149 1381 3218 przeditum
1411 3150 1663 3205 occidere
1705 3151 1917 3220 potuit?
1941 3170 1958 3201 ι

382 3238 478 3292 Ille
538 3239 876 3307 perobscure
924 3240 1258 3310 conciseque
1304 3254 1494 3295 vocem
1559 3240 1700 3296 hanc
1740 3239 1963 3294 edidit:

388 3330 793 3386 «Fraudulente
827 3333 1142 3403 Deiphobus
1170 3342 1336 3402 atque.
1368 3332 1523 3387 Paris
1559 3348 1646 3387 me
1675 3330 1969 3388 interfece-

386 3434 570 3478 runt.»
607 3425 744 3489 Quae
783 3425 981 3481 etlatus
1032 3424 1262 3496 insignis
1290 3425 1459 3480 heros
1487 3424 1803 3494 exspiravit.
1831 3423 1968 3490 Ajax

381 3530 517 3570 vero
537 3531 741 3585 corpus
766 3517 991 3571 Achillis
1011 3515 1255 3570 humeris
1282 3515 1592 3585 impositum
1613 3513 1814 3568 acerbo
1840 3528 1968 3567 cum

380 3608 591 3678 ejulatu
622 3608 689 3661 ad
723 3618 939 3678 portum
968 3609 1185 3664 detulit.

465 3698 584 3752 llo:
629 3699 897 3771 Pyrrhum
941 3700 1170 3755 Achillis
1207 3699 1378 3754 filium
1428 3706 1735 3764 arcessunt,
1766 3713 1970 3769 cogno-

386 3800 576 3844 mento
632 3791 1073 3861 Neoptolemum,
1146 3790 1472 3846 Deiodamea
1523 3800 1696 3846 matre
1752 3798 1966 3844 natum.

386 3881 638 3939 Rursum
665 3882 863 3945 aedes,
885 3880 1266 3945 mactationes,
1291 3879 1584 3935 homicidia
1606 3878 1964 3943 exoriuntur;

384 3990 607 4030 rursum
658 3973 836 4041 campi
873 3972 1095 4043 Trojani
1147 3986 1345 4025 cruore
1395 3970 1736 4034 imbuuntur,
1794 3954 1970 4023 donec

387 4067 608 4121 vatibus
657 4065 882 4120 oracula
935 4063 1444 4134 pronuntiantibus,
1498 4061 1665 4117 fatale
1700 4078 1811 4117 nou
1847 4078 1970 4126 esse

386 4158 534 4211 bello
556 4156 776 4226 Troj‘am
805 4155 1085 4224 occupari,
1119 4169 1221 4210 nec
1239 4154 1492 4209 manibus
1514 4169 1615 4209 nec
1634 4154 1853 4225 gladiis,
1874 4153 1969 4209 sed

388 4258 607 4304 tantum
645 4247 859 4312 fraude.
891 4247 1130 4318 ligneum
1161 4261 1365 4316 equum
1397 4245 1571 4301 (ἓτωοί
1599 4244 1969 4308 fabricarum.

385 4351 447 4395 et
466 4341 521 4395 in
556 4355 684 4395 cum
718 4338 1094 4394 virisarmatis
1117 4337 1392 4406 impositis
1422 4351 1480 4392 se
1506 4352 1701 4392 versus
1730 4337 1969 4406 patrium

387 4435 570 4491 solum
600 4432 815 4488 solvere
851 4431 1198 4487 simularunt.
1229 4430 1293 4487 Et
1318 4444 1521 4499 equum
1565 4430 1790 4499 quidem
1852 4429 1976 4484 istic

384 4528 545 4597 juxta
568 4521 791 4594 portum
822 4522 1222 4592 relinquebant,
1260 4520 1362 4590 ipsi
1413 4535 1546 4574 vero
1567 4535 1694 4576 eum
1741 4519 1975 4574 navibus

388 4617 463 4672 ad
486 4615 775 4671 Tenedum
804 4614 1038 4669 insulam
1064 4614 1431 4684 appellehant.
1461 4612 1728 4668 Videbunt
1752 4611 1975 4682 Troiani

392 4708 542 4779 quod
579 4706 893 4772 acciderat;
928 4714 1122 4777 portus
1152 4706 1489 4776 aspiciebant
1536 4720 1760 4769 vacuos,
1795 4705 1974 4760 solum

391 4814 601 4868 equum
628 4800 909 4853 intuentes
952 4796 1280 4851 dubitabant
1305 4795 1861 4865 etobstupeseebant.
1898 4798 1977 4851 Ac

394 4889 578 4959 primo
602 4889 824 4960 quidem
840 4888 1219 4944 existimantes
1233 4888 1460 4944 subesse
1479 4886 1749 4952 fraudem,
1769 4902 1972 4956 equum

395 4979 620 5033 abolere
652 4978 984 5034 festinabant
1012 4977 1125 5049 igni
1154 4976 1415 5032 traditum
1445 4977 1530 5031 vel
1554 4976 1622 5031 de
1654 4976 1894 5045 scopulis
1918 4976 1976 5030 in

362 5072 377 5082 '
398 5067 829 5137 profunditatem
861 5068 1028 5123 maris
1053 5068 1347 5137 abiectum.
1390 5065 1601 5122 Deinde
1629 5068 1774 5136 (nam
1805 5075 1980 5121 statu-

397 5168 517 5213 tum
561 5168 685 5213 erat
732 5158 1002 5214 divinitus
1030 5159 1250 5226 Trojam
1290 5167 1420 5214 tunc
1460 5173 1585 5214 esse
1634 5157 1977 5227 capiendam)

2068 3150 2247 3205 stibus
2280 3149 2620 3219 ademptum.
2668 3149 3016 3221 Quapropter
3062 3165 3186 3205 eum
3220 3150 3276 3205 in
3307 3151 3497 3205 urbem
3530 3165 3651 3204 cum

2071 3242 2442 3311 potationibus
2463 3251 2520 3298 et
2558 3241 2778 3297 choreis
2807 3242 3136 3308 intulerunt,
3168 3256 3346 3312 seque
3393 3242 3657 3311 deinceps

2071 3346 2262 3386 somno
2287 3332 2438 3402 gravi
2465 3331 2801 3386 inexcitabili
2826 3332 3116 3385 dederunt.
3149 3331 3219 3385 At
3250 3332 3327 3385 illi
3384 3331 3477 3400 qui
3528 3330 3657 3386 abs-

2071 3423 2278 3478 conditi
2309 3424 2553 3478 latebant
2581 3423 2638 3476 in
2669 3437 2738 3476 eo
2768 3437 2868 3491 per
2896 3421 3148 3486 insidias,
3184 3421 3415 3476 silenter
3440 3422 3649 3491 egressi

2072 3528 2328 3583 magnum
2357 3513 2536 3582 ignem
2566 3514 2927 3567 suscitarunt.
2950 3511 3108 3579 Quod
3136 3512 3438 3582 conspicati
3463 3511 3645 3567 Graeci

2072 3605 2166 3674 qui
2196 3603 2351 3673 prius
2379 3604 2772 3667 discesserant,
2804 3604 2952 3659 dicto
2980 3604 3149 3660 citius
3184 3620 3308 3660 cum
3330 3605 3563 3675 navigiis
3583 3605 3651 3659 ad

2073 3695 2288 3767 Trojam
2306 3695 2712 3766 applicuerunt.
2732 3695 2982 3766 Cumque
3000 3705 3172 3766 porta:
3192 3694 3426 3750 fuissent
3450 3705 3656 3766 apertae

2071 3787 2225 3841 abiis
2260 3787 2354 3856 qui
2399 3795 2557 3841 erant
2590 3788 2745 3857 prius
2787 3788 3042 3859 ingressi,
3093 3788 3404 3843 clanculum
3436 3790 3491 3844 in
3532 3804 3656 3845 eam

2072 3877 2240 3932 infusi
2278 3886 2409 3931 sunt
2446 3876 2620 3931 instar
2650 3877 2982 3933 exundantis
3009 3893 3184 3948 aquae.

2143 3969 2261 4025 Hoc
2276 3970 2441 4025 modo
2456 3984 2581 4024 cum
2598 3969 2783 4042 Troja,
2808 3970 3199 4027 ﬁrmismunita
3223 3973 3491 4039 turribus,
3510 3981 3658 4029 esset

2072 4074 2249 4136 capta,
2269 4065 2484 4121 feminae
2513 4065 2868 4135 rapiebantur
2900 4080 2931 4121 e
2956 4066 3114 4121 lectis
3138 4065 3476 4133 recentibus,
3512 4076 3657 4122 terra

2074 4171 2172 4225 per
2209 4156 2390 4211 ezedes
2418 4155 2733 4211 cadentium
2774 4155 3080 4228 stagnabat.
3109 4153 3293 4210 Infans
3346 4157 3441 4226 qui
3471 4164 3656 4227 gesta-

2072 4248 2237 4303 batur
2265 4246 2320 4301 in
2348 4247 2517 4311 ulnis,
2550 4246 2617 4301 ad
2652 4246 2917 4317 parietem
2951 4245 3302 4301 allidebatur.
3336 4246 3406 4302 Ut
3434 4248 3653 4318 simpli.

2075 4339 2215 4393 citer
2234 4352 2299 4392 ac
2320 4337 2566 4393 breviter
2598 4338 2801 4402 dicam,
2820 4338 3029 4409 ejulatu
3054 4348 3250 4393 cuncta
3270 4337 3651 4408 repiebantur,

2009 4417 2049 4471 υ
2077 4430 2258 4489 omnis
2285 4429 2588 4492 calamitas,
2605 4429 2787 4484 omnis
2813 4429 3085 4485 acerbitas
3112 4430 3306 4485 urbem
3341 4429 3655 4484 invadebat.

2071 4521 2264 4576 Manus
2279 4535 2480 4575 cruore
2495 4519 2795 4585 stillabant,
2818 4520 2983 4591 gladii
3003 4522 3271 4592 sanguine
3296 4521 3450 4576 tineti
3472 4527 3653 4583 erant,

2072 4611 2446 4682 pavimentum
2476 4611 2745 4667 rubedine
2780 4611 3072 4685 infectum,
3097 4612 3334 4667 infantes
3363 4611 3655 4681 proculca-

2075 4705 2297 4758 bantur.
2336 4702 2582 4759 Tandem
2607 4718 2732 4758 cum
2768 4704 2975 4774 rapinis
2992 4712 3048 4760 et
3082 4702 3325 4775 caedibus
3347 4711 3535 4757 essent
3570 4716 3657 4756 sa-

2077 4794 2220 4859 tiati,
2254 4794 2446 4849 urbem
2472 4794 2579 4865 igni
2613 4795 2837 4849 tradunt
2858 4803 2916 4850 et
2943 4809 2973 4849 a
3001 4793 3373 4850 fundamentis
3391 4800 3654 4853 exurunt.

2072 4886 2229 4957 prius
2261 4886 2405 4940 inter
2430 4887 2565 4941 alias
2585 4886 2927 4957 splendidam
2962 4896 3019 4942 et
3047 4886 3247 4956 passim
3279 4885 3582 4940 celebrem.

2148 4977 2265 5032 Hoc
2293 4978 2458 5033 modo
2475 4979 2675 5033 bellum
2710 4979 2855 5033 istud
2884 4986 2966 5033 est
2995 4986 3229 5049 gestum.
3250 4976 3520 5033 Caeterum
3543 4975 3658 5031 for—

2079 5075 2211 5122 tuna
2263 5067 2687 5123 Menelaosemel
2720 5068 3001 5140 indignata
3032 5068 3194 5123 novis
3233 5067 3355 5122 aliis
3388 5067 3654 5122 miserum

2078 5159 2366 5215 laboribus
2396 5161 2679 5231 opprimit.
2712 5161 2951 5215 Rursum
3002 5160 3257 5230 navigare
3307 5169 3533 5215 coactus
3574 5165 3659 5214 est

393 5250 575 5307 visum
620 5259 710 5308 est
747 5251 831 5308 eis
862 5267 1067 5322 equum
1103 5252 1156 5306 in
1187 5251 1381 5307 urbem
1419 5251 1818 5307 traducendum
1860 5266 1983 5307 esse
2080 5251 2257 5306 multo
2284 5254 2553 5306 remotius
2588 5271 2601 5305 :
2643 5251 2762 5307 alia:
2782 5252 3047 5306 molestiae
3070 5250 3181 5323 jam
3216 5260 3343 5307 ante
3374 5250 3658 5306 infelicem

1581 5410 1780 5472 νοτία)
1797 5408 2110 5472 lectiones
2154 5416 2213 5472 et
2258 5416 2426 5474 notae

476 5579 499 5611 '
520 5580 699 5636 ἀνεῖλέ
724 5583 792 5636 ιι.

894 5583 917 5615 ⁸
942 5582 1002 5637 τὸ
1026 5580 1316 5652 τηλικοῦτο
1352 5583 1546 5652 σκῆνος
1580 5581 1645 5634 Β.

395 5649 564 5705 ARR.

1746 5582 1782 5655 ’_
1811 5580 2409 5655 tﬁgfl‘poiagfmata'tﬁs;

639 5653 688 5723 ξ’
725 5650 1116 5723 ἐκθαμϐοῦντο.
1200 5654 1243 5684 ³³
1273 5650 1532 5707 αὐτὸνῐὶ.
1612 5651 1657 5683 ³⁵
1686 5650 1883 5723 λαῦρον
1912 5650 1993 5723 RQ
2057 5651 2099 5683 ¹⁵

2617 5582 2661 5614 ⁸⁸
2693 5582 2875 5635 λαϐεῖν
2900 5583 2963 5637 li.

2595 5654 2637 5734 ῗ⁶
2667 5654 2756 5733 κέιὶ
2789 5652 2988 5736 βρέφος
3022 5649 3424 5736 ῥπαγιξαλισεδν
3457 5648 3657 5720 sese“.

3070 5583 3109 5614 ¹¹
3146 5579 3254 5635 τῶν
3298 5576 3534 5634 ναυστάο
3544 5566 3661 5644 μων

2136 5651 2426 5722 βνρΐάρων
2449 5651 2513 5706 R.

403 5734 529 5773 τετο
568 5721 706 5793 πρὸς
736 5720 908 5794 τεῖχος
931 5722 1002 5777 ἢ.
1031 5725 1167 5795 πρδς
1210 5725 1387 5792 τεῖχος
1413 5722 1575 5778 etiam
1613 5723 1677 5775 A.
1761 5720 1803 5752 "7
1830 5722 1890 5774 τὸ
1921 5722 2027 5776 πᾶν
2060 5720 2276 5792 καττέχε
2312 5722 2475 5777 Αιιιι.
2556 5724 2596 5756 ⁸⁸
2628 5720 2957 5792 τοῦτονέσχε
2987 5725 3079 5777 τὸν
3104 5723 3303 5791 τρόπον
3335 5720 3398 5772 Α.
