4080 6206
389 327 497 382 Τὸν
530 327 628 397 μὲν
659 325 773 380 υἱον
795 323 1170 394 προσαναιρεῖ,
1210 321 1309 391 τὴν
1339 320 1392 372 δέ
1425 335 1486 388 γε
1519 320 1794 392 θυγατέρα
1822 325 1866 356 ⁸⁸

403 419 632 491 ’ίέρειαν
680 418 946 487 πεποίηκε
981 415 1110 470 ναοῦ
1135 415 1230 467 τοῦ
1265 417 1364 484 τῆς
1411 414 1648 476 Ἑστίας.

387 510 802 581 Νενομοθέτητο
831 508 876 561 δ’
900 505 1070 575 ἁγνὰς
1107 505 1206 570 τὰς
1242 504 1446 576 ίῖρείας
1471 504 1676 574 μένειν,

391 601 731 672 Παρθενικάς
764 600 856 652 καὶ
900 597 1147 667 καθαρὰς
1171 595 1261 649 καὶ
1295 595 1488 665 γάμων
1513 593 1868 664 ἀπειράτους.

387 692 606 762 Ταύτην
633 691 759 746 ποτὲ
790 690 924 759 πρὸς
963 691 1157 759 "Apso;
1184 687 1346 750 ἄλσος
1372 685 1745 758 πορευομὲιην

387 783 630 848 Φυλάξας
662 801 745 848 τις
773 782 1018 845 ἐπέθετο,
1051 783 1143 834 καὶ
1196 779 1538 850 συμφθαρεὶς
1580 780 1644 847 τῇ
1680 777 1815 846 κόρῃ

399 875 707 947 Ἐγκύμονα
735 875 1055 943 πεποίηκεν.
1097 872 1186 935 Ὠς
1213 872 1255 924 δ’
1289 869 1611 940 ἐπεγνώσθη
1649 867 1805 922 τοῦτο

387 967 478 1039 Τ
500 951 860 1037 πατραδέλφῳ
893 965 1122 1034 βασιλεῖ,
1155 963 1278 1016 τότε
1313 963 1412 1032 μὲν
1444 962 1692 1032 ἐτηρεῖτο

387 1061 594 1131 Μέχρις
624 1059 828 1112 ώδίνων
858 1059 953 1112 καὶ
985 1055 1180 1126 καιροῦ
1207 1054 1301 1107 τοῦ
1331 1054 1433 1123 τῆς
1459 1052 1816 1125 βρεφοτοκίας
1840 1068 1856 1083 ο

400 1149 551 1202 Ἐπεὶ
588 1147 632 1202 δ’
665 1149 692 1201 ό
728 1148 917 1218 χρόνος
950 1147 1177 1209 ἐπιστὰς
1201 1146 1258 1198 ὃν
1283 1144 1479 1216 ὥρισεν
1586 1142 1746 1212 φύσις

389 1242 626 1312 Γαστρὶς
662 1242 721 1294 τὸ
764 1241 928 1309 βάρος
952 1239 1127 1301 ἔλυσε,
1161 1238 1356 1306 δίδυμα
1383 1237 1428 1289 δ’
1461 1233 1528 1306 ἦν
1553 1237 1620 1290 τὰ
1651 1234 1849 1306 βρέφη,

389 1332 501 1401 Τὴν
537 1333 635 1401 μὲν
669 1331 961 1402 καθείρξας
985 1329 1242 1398 ἀσφαλῶς
1273 1331 1300 1381 ό
1330 1327 1581 1397 βασιλεὺς
1610 1329 1852 1396 κατεῖχεν

388 1423 510 1478 Τῶν
545 1423 589 1476 δ’
617 1424 919 1494 ἀρτιτόκων
951 1422 1181 1474 θάνατον
1223 1421 1470 1485 κατέγνω
1508 1417 1867 1487 βρεφυλλίωθ,

387 1516 495 1566 Καὶ
524 1514 708 1567 δίδωσι
747 1513 815 1566 τά
841 1513 1075 1582 δύστηνα
1104 1514 1327 1583 ῥιφῆναι
1360 1511 1482 1564 καθ’
1515 1511 1744 1563 ὑδάτων.

391 1606 658 1677 Ἐρῤιπτο
691 1607 754 1676 δὴ
787 1606 854 1658 τὰ
883 1604 1124 1674 δυστυχῆ
1149 1604 1362 1672 σκάφης
1391 1601 1540 1664 ὲντξς
1569 1599 1816 1654 τεθέντα.

399 1695 683 1759 Ἐνταῦθα,
715 1695 834 1748 θεία
879 1696 1133 1766 Πρόνοια,
1167 1693 1469 1763 κατάδηλος
1496 1690 1737 1762 ὑπῆρξεν

399 1789 462 1841 'll
497 1789 762 1858 δραστική
797 1805 890 1840 σου
913 1788 1162 1856 δύναμις,
1191 1789 1250 1838 τὸ
1279 1787 1377 1855 τῆς
1406 1785 1586 1855 χειρός
1617 1801 1710 1836 σου
1735 1783 1956 1853 κράτος.

398 1875 464 1928 Ἠ
495 1878 676 1944 σκάφη
713 1877 1131 1946 περιτρέπεται,
1172 1878 1445 1944 ριπτείται
1480 1875 1572 1926 καὶ
1600 1873 1666 1926 τὰ
1715 1871 1916 1942 βρέφηο

390 1967 610 2020 Ἐκειτο
629 1967 687 2019 δὲ
719 1965 1058 2034 κνυζούμενα
1090 1965 1184 2018 καὶ
1207 1963 1688 2034 τετελματωμένα.

385 2059 640 2112 Φαίνεται
673 2058 902 2113 λύκαινά
933 2058 1098 2110 ποθεν
1140 2057 1447 2125 σπαργῶσα
1476 2057 1744 2118 νεοτόκος,

387 2151 739 2222 Βαρυνομὲνη
776 2152 903 2213 τοὺς
948 2150 1186 2222 μαστοὺς
1224 2149 1318 2202 τοῦ
1352 2147 1626 2216 γάλακτος
1676 2148 1790 2209 τοῖς
1840 2145 1956 2216 ῥεί-

1759 2236 1954 2309 [θροις.

391 2334 502 2388 Καὶ
557 2334 658 2398 τὰς
723 2334 890 2404 θηλὰς
950 2337 1064 2398 τοῖς
1123 2333 1355 2404 στόμασι
1412 2333 1524 2395 τοῖς
1567 2331 1687 2383 -τῶν
1742 2329 1958 2400 βρεφῶν

1667 2423 1955 2497 [προσῆγε.

383 2521 494 2576 Καὶ
526 2521 617 2575 τὸν
655 2520 829 2591 πηλδν
856 2521 1113 2592 άπέλειχε
1146 2523 1212 2592 τῇ
1251 2519 1474 2593 γλώσσῃ
1503 2514 1902 2589 φιλανθρώπως
1938 2533 1952 2548 ο

382 2608 565 2666 *Ησαν
580 2615 687 2684 γὰρ
709 2614 860 2684 σφῶν
883 2611 1170 2684 κατάπηλα
1197 2611 1266 2666 τὰ
1289 2611 1464 2681 κάλλη
1493 2609 1602 2663 τῶν
1624 2609 1954 2682 προσώπων.

385 2704 582 2760 Βλέπει
612 2723 700 2760 ποι
711 2705 818 2779 μὴν
841 2707 901 2760 τδ
931 2705 1180 2775 γεγονὸς,
1209 2705 1277 2759 τά
1297 2704 1472 2776 βρέφη
1509 2702 1829 2774 περισώζει,

383 2926 476 2998 qui
499 2927 769 2982 Numitori
783 2937 999 2998 sceptra
1028 2928 1329 2998 eripuerat,
1351 2927 1503 2982 fratri
1521 2942 1620 2982 suo
1637 2927 1830 2998 majori
1862 2943 1958 2982 na-

385 3029 464 3074 tu.
479 3017 726 3088 Cumque
743 3030 959 3089 gentem
980 3019 1155 3090 ipsius
1184 3019 1495 3075 universam
1529 3018 1752 3074 abolere
1769 3018 1954 3084 vellet,

384 3109 496 3164 lilio
527 3086 710 3164 fratris
737 3086 1030 3166 interfecto
1067 3109 1235 3165 filiam
1271 3109 1381 3164 fani
1413 3109 1588 3165 Vestae
1615 3106 1954 3162 sacerdotem
1984 3086 2026 3143 ο

384 3203 534 3260 fecit.
562 3205 696 3260 Erat
721 3215 904 3259 autem
934 3202 1314 3274 praescriptum
1343 3201 1558 3272 legibus
1586 3209 1645 3254 ut
1685 3198 1956 3270 ejusmodi

381 3293 698 3349 sacerdotes
728 3293 961 3349 vestales
993 3291 1313 3362 pudicitiam
1339 3290 1762 3360 castitatemque
1801 3304 1956 3343 suam

383 3397 772 3442 conservarcnt
791 3395 845 3442 et
869 3385 1104 3457 virgines
1125 3383 1354 3440 Veneris
1373 3391 1627 3453 expertes
1650 3384 1955 3436 manerent.

383 3479 555 3549 igitur
600 3477 800 3532 accidit
842 3475 1138 3545 aliquando
1162 3485 1224 3530 ut
1257 3474 1404 3528 illam
1442 3474 1511 3528 ad
1558 3473 1736 3530 lucem
1775 3471 1959 3527 Martis

385 3567 757 3623 ambulantem
819 3565 1042 3633 quidam
1120 3565 1408 3620 invaderet
1466 3563 1711 3632 vitioque
1765 3562 1959 3630 puella:

383 3657 569 3716 oblato
597 3653 876 3725 gravidam
903 3653 1178 3708 redderet.
1208 3655 1284 3709 Ea
1307 3670 1364 3708 re
1387 3654 1603 3722 cognita
1641 3667 1732 3704 rex
1763 3652 1958 3720 puella:

385 3753 614 3814 patruus
663 3743 811 3797 illam
867 3743 1132 3797 custodiri
1187 3743 1424 3808 curavit,
1469 3741 1645 3797 donec
1707 3739 1956 3810 pariendi

389 3846 606 3904 tempus
654 3833 995 3904 appetiisset.
1036 3833 1094 3888 ld
1127 3849 1251 3888 cum
1279 3835 1346 3889 de
1393 3843 1601 3890 natura:
1633 3835 1958 3902 pr:escrip:o

389 3923 627 3991 adesset,
664 3923 926 3995 gemellos
983 3924 1072 3979 illa
1109 3924 1344 3994 peperit.
1397 3922 1516 3990 Quo
1560 3921 1706 3976 facto
1734 3931 1955 3990 neptem

387 4033 540 4072 suam
572 4033 667 4091 rex
704 4017 970 4072 inclusam
1001 4027 1148 4072 arcta
1186 4017 1242 4072 in
1288 4016 1537 4072 custodia
1580 4015 1838 4080 detinuit,
1871 4017 1954 4069 in-

385 4108 628 4165 fantibus
645 4109 710 4163 ad
735 4116 964 4163 mortem
997 4108 1308 4174 destinatis,
1335 4107 1601 4164 mandans
1620 4116 1678 4163 ut
1707 4107 1760 4161 in
1785 4124 1958 4178 aquas

384 4201 582 4270 abjecti
606 4210 953 4256 necarentur.
986 4201 1091 4272 33
1124 4202 1308 4270 Itaque
1343 4201 1538 4256 miselli
1567 4203 1859 4272 quamdam
1900 4201 1954 4254 in

383 4292 640 4364 scapham
672 4291 912 4362 impositi
938 4293 1293 4364 abjiciuntur.
1337 4293 1442 4349 Sed
1477 4294 1660 4349 divina
1692 4293 1785 4349 hic
1819 4294 1954 4350 Pro-

386 4381 627 4437 videntia
673 4391 966 4452 conspecta
1021 4394 1126 4450 est,
1169 4385 1401 4456 ejusque
1442 4401 1638 4441 manus
1670 4396 1726 4441 et
1767 4385 1953 4440 etlicax

385 4473 609 4529 omnino
654 4474 737 4530 vis
785 4473 1085 4532 declarata.
1129 4476 1267 4531 Nam
1313 4491 1506 4531 eversa
1552 4477 1755 4545 scapha
1796 4479 1953 4546 pueri

385 4583 604 4638 quoque
635 4567 859 4623 fuerunt
896 4569 1078 4638 ejecti.
1102 4567 1347 4639 Cumque
1372 4569 1594 4624 roderet
1624 4585 1720 4625 eos
1758 4571 1958 4624 humor

383 4671 696 4725 etcoenum,
733 4661 787 4716 in
811 4677 920 4732 quo
937 4661 1217 4732 jacebant,
1246 4661 1452 4716 accidit
1480 4670 1538 4716 ut
1576 4662 1833 4717 alicunde
1864 4677 1958 4716 ve-

383 4753 540 4826 niens
567 4753 693 4822 lupa
721 4753 862 4809 lacte
893 4761 1137 4823 turgens,
1167 4767 1289 4821 qua:
1311 4767 1418 4807 non
1453 4753 1525 4808 ita
1556 4753 1768 4824 pridem
1795 4769 1958 4823 βορε-

384 4855 554 4910 rerat,
580 4845 812 4916 ideoque
834 4846 994 4900 lactis
1014 4845 1168 4914 copia
1193 4845 1546 4914 gravabatur,
1576 4846 1742 4901 ubera
1777 4848 1956 4901 infan-

384 4947 498 4996 tum
528 4938 718 4994 oribus
744 4939 1079 5006 admoveret,
1099 4939 1387 5008 ipsumque
1409 4939 1582 4993 lutum
1616 4939 1951 5010 perbeni‘gue

384 5029 706 5104 ablingeret,
755 5045 865 5101 quo
913 5039 1070 5086 erant
1124 5031 1344 5087 illorum
1407 5048 1502 5087 ora
1545 5031 1848 5087 deformata
1896 5041 1951 5086 et

386 5121 578 5176 oblita.
623 5122 784 5177 Forte
825 5131 1013 5193 pastor
1046 5123 1272 5193 quidam
1315 5125 1416 5178 hac
1446 5137 1504 5177 re
1535 5131 1832 5192 conspecta
1867 5124 1953 5177 in-

383 5211 593 5266 fantum
611 5214 773 5268 saluti
802 5215 1058 5280 consulit,
1085 5215 1150 5270 ad
1185 5232 1410 5283 uxorem
1438 5231 1534 5270 eos
1569 5231 1724 5270 suam
1749 5215 1951 5278 defert,

385 5319 547 5372 quam
587 5320 730 5370 aegro
786 5305 1033 5361 affectam
1081 5308 1266 5362 animo
1312 5308 1545 5379 reperit,
1583 5307 1730 5377 quod
1779 5307 1954 5360 infan-

392 5407 503 5452 tcm
535 5405 810 5451 mortuum
833 5398 1116 5454 edidisset.
1156 5398 1304 5456 lianc
1333 5400 1452 5454 e'us
1475 5400 1846 5454 calamitatem
1872 5400 1953 5452 in-

1483 211 1963 275 CONSTANTIN
1976 217 1998 274 Ι
2037 215 2409 275 MANASSIS

1987 331 2032 386 Α
2079 325 2308 390 ’Δπάγει
2341 325 2474 391 πρὸς
2509 322 2604 393 τὴν
2637 321 2906 393 γαμετὴν,
2938 322 3180 392 εὑρίσκει
3217 320 3600 390 δυσθυμοῦσαν

3527 205 3631 274 980

2067 419 2188 469 ’Ότι
2219 417 2410 483 νεκρὶν
2442 417 2694 480 ἁπέτεκε,
2722 413 3142 486 παραμυθοῦται
3177 412 3224 442 ⁸ο
3266 411 3500 474 τούτοις,

2065 510 2173 562 Καὶ
2201 508 2413 562 δίδωσιν
2439 509 2512 572 ὡς
2551 508 2657 561 ἴδια
2683 506 2851 560 ταῦτα
2877 507 2942 559 τὲ
2978 505 3151 574 βρέφη
3183 503 3406 575 τρέφειν
3437 505 3503 556 ⁵¹.

2067 602 2302 670 ’Ἑτρεφε
2335 600 2504 654 ταῦτα
2539 600 2821 671 μητρικώς
2853 601 3037 666 ἐκείνη
3070 598 3162 650 καὶ
3194 598 3454 666 γνησίως,

2066 693 2173 744 Καὶ
2205 693 2334 762 παρ’
2367 692 2586 754 ἐλπίδας
2614 693 2660 723 ⁸¹
2689 694 2872 760 μήτηρ
2909 687 2975 760 ἦν
3015 689 3250 758 διδύμων
3293 689 3633 759 βρεφυλλίων

2078 783 2140 836 Ἢ
2167 784 2269 853 πρδ
2303 783 2500 852 μικροῦ
2544 783 2664 854 μηδ’
2695 784 2777 850 ἐφ’
2809 783 2890 835 ἑνὶ
2913 781 3073 833 τοῦτο
3119 781 3558 851 συγχωρηθεῖσα.

2069 874 2252 928 Ἀλλοι
2296 875 2339 928 δ’
2362 877 2421 928 οὑ
2452 873 2711 927 λύκαινάν
2757 891 2921 942 φασιν
2956 873 3219 942 ἐκθρέψαι
3251 873 3316 925 τὰ
3351 872 3560 933 παιδία,

2065 967 2240 1038 Αύτὴν
2259 968 2314 1020 δὲ
2346 967 2442 1037 τὴν
2468 968 2794 1036 ὁμόλεκτρον
2823 968 3132 1020 Φαυστύλου
3167 966 3258 1020 τοῦ
3281 967 3558 1034 ποιμένος.

2064 1061 2224 1124 ’Ἢτις
2254 1059 2430 1114 κοινὸν
2462 1060 2553 1113 τοῦ
2586 1058 2834 1129 σώματος
2869 1060 2928 1112 τὸ
2957 1060 3150 1122 κάλλος
3176 1058 3475 1124 ποιουμένη

2065 1152 2254 1208 Λοῦπα
2287 1151 2703 1222 κατωνομάζετο
2723 1153 2768 1184 ⁸³
2802 1155 2865 1222 τῇ
2897 1151 3110 1221 γλώττῃ
3141 1154 3203 1222 τῇ
3242 1152 3456 1221 πατρίῳ

2067 1243 2223 1294 Ἤτοι
2256 1241 2398 1295 κατὰ
2421 1241 2700 1294 διάλεκτον
2744 1240 3062 1310 Ἑλληνικὴν
3102 1240 3291 1311 ἑταίρα
3321 1257 3336 1273 ο

2075 1331 2226 1382 Ἐπεὶ
2255 1331 2311 1383 δὲ
2341 1330 2434 1383 καὶ
2465 1332 2564 1401 τὴν
2591 1330 2853 1384 λύκαιναν
2890 1328 3121 1400 σύνηθες
3159 1329 3367 1382 λοῦπαν
3394 1329 3573 1397 λέγειν

2062 1420 2174 1490 Τὴν
2203 1419 2361 1490 ὑὸριν
2390 1421 2486 1490 τὴν
2513 1422 2612 1492 τῆς
2643 1421 2901 1490 γυναικός
2941 1439 3088 1480 τινες
3134 1421 3454 1491 ἐγνοηκότες

2063 1511 2336 1564 Λύκαιναν
2358 1508 2508 1564 εἷπον
2534 1514 2645 1575 τοῖς
2681 1512 2908 1580 μασθοίς
2947 1511 3013 1564 ’τὰ
3036 1511 3210 1582 βρέφη
3243 1512 3555 1582 διαθρέψαι.

2077 1603 2164 1666 Ὠς
2191 1603 2234 1656 δ’
2256 1599 2350 1656 οὖν
2377 1603 2472 1656 καὶ
2503 1603 2892 1674 διετράφησαν,
2915 1603 3049 1662 τέως
3079 1605 3158 1666 είς
3185 1603 3356 1674 αὑξην
3390 1599 3555 1674 ἦλθον

2066 1695 2174 1747 Καὶ
2218 1693 2429 1764 Ῥῶμος
2456 1693 2852 1763 ὠνομάσθησαν
2882 1695 2932 1746 οἱ
2965 1695 3151 1757 παῖδες
3190 1695 3286 1748 καὶ
3332 1695 3632 1763 Ῥωμύλος,

2066 1785 2175 1837 Καὶ
2207 1783 2319 1853 βίον
2349 1780 2495 1854 εἶχον
2527 1785 2814 1855 συφορϐῶν
2843 1785 3120 1856 ἀγροίκων
3149 1785 3242 1838 καὶ
3268 1785 3557 1855 βουκόλων.

2072 1867 2293 1947 ’Λγνοίᾳ
2316 1877 2369 1930 δὲ
2399 1876 2721 1950 Νεμέτωρος
2752 1877 3142 1947 μανδρεύματα
3173 1876 3489 1941 κακοῦντες,

2068 1971 2163 2022 Ὃν
2186 1970 2323 2039 ἔφθη
2349 1969 2743 2041 μητροπάτορα
2770 1968 2975 2023 τούτων
3001 1969 3170 2022 εἰπὼν
3193 1971 3221 2022 ό
3247 1968 3425 2038 λόγος,

2073 2063 2348 2116 Ἑάλωσαν
2373 2061 2747 2134 λῃστεύοντες,
2775 2060 2934 2114 τινῶν
2966 2061 3417 2132 ἐνεδρευσάντων.

2060 2153 2150 2224 Τῷ
2174 2155 2383 2225 πάππῳ
2421 2153 2830 2226 προσαχθέντες
2861 2153 2919 2207 δὲ
2963 2155 3056 2207 καὶ
3085 2153 3304 2223 γνόντες
3339 2151 3433 2205 καὶ
3482 2167 3627 2218 γνω-

3319 2241 3560 2313 [σθέντες

2061 2339 2174 2408 Τῆς
2203 2337 2486 2408 βασιλείας
2525 2335 2798 2391 Ἀλϐανῶν
2844 2336 3130 2408 Ἀμούλιον
3159 2335 3484 2406 γυμνοῦσιν,

2061 2431 2172 2484 Καὶ
2208 2429 2350 2497 ξίφει
2385 2426 2855 2496 κατασφάττουσιν
2894 2427 3204 2498 ἀφύλακτον
3235 2413 3509 2497 εὑρόντες,

2061 2521 2152 2591 Τῷ
2181 2521 2329 2589 σφῶν
2354 2519 2412 2572 δὲ
2437 2519 2815 2592 μητροπάτορι
2850 2520 3170 2592 χαρίζονται
3205 2519 3274 2572 τὰ
3303 2519 3580 2590 σκῆπτρα.

2060 2614 2282 2677 Τούτοις
2305 2615 2333 2666 ό
2363 2612 2588 2677 πάππος
2613 2611 2862 2677 δεδωκὼς
2901 2613 3201 2684 χρημάτων
3225 2611 3489 2680 ἀφθονίαν

2061 2708 2170 2762 Καὶ
2199 2707 2307 2760 πᾶν
2327 2704 2387 2760 τδ
2409 2703 2855 2776 συμϐαλλόμενον
2896 2706 3104 2777 πέμπει
3126 2705 3263 2778 πρὸς
3289 2703 3564 2759 auom-ra».

3311 2795 3466 2852 Vcrs.
3498 2793 3633 2851 lGl9

2059 2940 2306 2996 fantibus
2336 2939 2489 2995 hisce
2521 2939 2722 2994 oblatis
2768 2938 3000 3000 solatur,
3044 2951 3186 3006 quos
3221 2950 3447 2989 suorum
3484 2933 3627 2987 libe-

2061 3049 2181 3088 rum
2207 3033 2328 3088 loco
2355 3031 2634 3088 educaret.
2667 3029 2759 3084 Illa
2784 3044 2912 3084 vero
2949 3035 3194 3083 materna
3228 3025 3464 3096 quadam
3509 3025 3634 3079 illos

2061 3123 2265 3192 pietate
2302 3121 2588 3192 complexa
2617 3121 2878 3190 deinceps
2909 3118 3063 3185 aluit,
3095 3134 3219 3173 cum
3256 3124 3452 3187 praater
3480 3129 3630 3184 spem

2059 3214 2418 3284 gemellorum
2471 3213 2613 3269 facta
2653 3229 2854 3282 parens
2897 3212 3112 3276 fuisset,
3149 3225 3268 3280 qua:
3320 3225 3425 3264 non
3460 3208 3634 3262 multo

2059 3315 2186 3361 ante
2210 3305 2314 3361 hoc
2338 3305 2579 3360 nominis
2607 3321 2676 3360 ne
2715 3306 2768 3359 in
2817 3319 2927 3359 uno
2970 3304 3195 3374 quidem
3235 3301 3501 3373 consequi
3529 3316 3630 3370 po-

2059 3404 2258 3449 tuerat.
2298 3394 2403 3448 Alii
2443 3393 2665 3448 tradunt
2691 3408 2799 3448 non
2825 3393 3010 3462 lupam
3037 3393 3137 3446 hos
3177 3391 3416 3446 infantes
3452 3390 3634 3444 nutri-

2059 3488 2228 3550 visse,
2257 3487 2352 3543 sed
2389 3488 2564 3556 ipsam
2596 3485 2842 3541 Faustuli
2888 3483 3124 3554 pastoris
3163 3485 3476 3554 conjugem,
3513 3496 3634 3550 qua:

2058 3588 2347 3646 propterea
2379 3579 2525 3648 quod
2563 3578 2811 3648 corporis
2850 3578 2932 3632 sui
2977 3577 3206 3630 formam
3235 3577 3397 3644 vulgo
3428 3573 3630 3644 prosti-

2062 3675 2262 3731 tueret,
2317 3677 2545 3737 paterna
2593 3668 2850 3738 gentibus
2901 3667 3011 3722 illis
3051 3666 3234 3735 lingua
3290 3665 3415 3734 lupa
3470 3663 3636 3716 fuerit

2059 3757 2353 3824 appellata,
2395 3772 2501 3826 qua
2544 3771 2678 3811 voce
2708 3765 2890 3810 scorta
2931 3755 3238 3823 nuncupari
3282 3753 3631 3816 consuerint,

2057 3857 2113 3901 et
2137 3847 2279 3916 lupa:
2312 3847 2591 3912 similiter,
2631 3848 2888 3918 ambigua
2913 3847 3171 3901 nimirum
3205 3845 3632 3916 significatione.

2058 3937 2340 4001 Nonnulli,
2380 3938 2525 4007 quod
2569 3937 2786 3993 femina:
2813 3939 3172 4008 petulantiam
3225 3935 3498 4006 cognitam
3533 3937 3632 3988 lia-

2060 4029 2326 4086 buissent.
2358 4029 2543 4098 lupam
2575 4029 2837 4084 uberibus
2869 4030 2985 4083 suis
3028 4029 3268 4082 infantes
3301 4028 3402 4082 hos
3431 4028 3634 4082 aluisse

2063 4121 2446 4190 prodiderunt.
2488 4121 2852 4191 Posteaquam
2893 4120 3113 4175 educati
3149 4120 3399 4174 nonnihil
3442 4121 3634 4174 adole-

2064 4213 2292 4274 vissent,
2327 4212 2503 4266 indita
2547 4223 2676 4268 sunt
2705 4213 2786 4267 eis
2822 4213 2975 4267 Remi
3010 4211 3343 4280 Romulique
3389 4211 3633 4272 nomina,

2059 4305 2224 4357 vitam
2253 4303 2610 4358 subulcorum
2632 4312 2689 4358 et
2717 4303 3081 4358 bubulcorum
3118 4311 3389 4373 agrestem
3419 4301 3637 4372 agenti-

1987 4395 2182 4483 Dbus.
2230 4393 2478 4464 Cumque
2525 4411 2622 4465 per
2669 4395 3036 4466 ignorantiam
3092 4394 3398 4450 Numitoris
3451 4394 3636 4448 caulas

2059 4485 2374 4542 aﬂ‘ecissent
2399 4486 2755 4551 detrimento,
2787 4502 2953 4556 quem
2981 4488 3090 4556 jam
3132 4501 3320 4540 rumor
3339 4493 3456 4540 erat
3487 4486 3634 4554 ipso-

2058 4591 2178 4630 rum
2213 4591 2374 4630 avum
2411 4587 2722 4632 maternum
2754 4591 2898 4639 esse,
2929 4576 2982 4630 in
3013 4576 3121 4628 illis
3155 4574 3460 4628 latrociniis
3485 4574 3631 4642 capti

2055 4677 2183 4722 sunt
2227 4684 2256 4722 a
2296 4669 2598 4733 nonnullis,
2645 4669 2739 4736 qui
2785 4670 2868 4724 eis
2905 4668 3134 4723 insidias
3175 4674 3515 4721 struxerant.
3548 4666 3629 4719 Ad

2054 4774 2216 4814 avum
2241 4759 2514 4827 perducti.
2545 4770 2601 4814 et
2634 4760 2781 4813 ultro
2808 4758 3058 4827 citroque
3089 4757 3314 4825 cogniti,
3352 4755 3629 4808 Amulium

2055 4865 2164 4904 non
2199 4860 2407 4904 tantum
2434 4853 2644 4906 Albano
2681 4867 2847 4921 regno
2870 4851 3129 4919 spoliant,
3165 4847 3262 4903 sed
3293 4847 3458 4901 etiam
3489 4845 3633 4898 ferro

2059 4941 2383 4994 destitutum
2418 4959 2446 4996 a
2479 4941 2811 4996 satellitibus
2859 4939 3215 5000 obtruncant,
3266 4952 3479 5005 suoque
3529 4951 3633 4988 avo

2059 5044 2310 5090 materno
2339 5047 2553 5106 sceptra
2581 5035 2900 5090 restituunt.
2929 5032 2980 5088 ls
3003 5048 3132 5087 vero
3152 5047 3274 5086 cum
3303 5043 3527 5098 magnus
3550 5027 3633 5080 eis

2057 5143 2190 5196 opes
2244 5136 2407 5196 atque
2460 5127 2722 5197 pecunias
2777 5126 3008 5194 largitus
3063 5123 3278 5183 fuisset,
3330 5122 3632 5174 instructos

2055 5219 2271 5273 cunctis
2296 5219 2460 5273 rebus
2496 5218 2823 5272 necessariis
2847 5216 2915 5270 ad
2948 5213 3326 5268 deducendam
3356 5210 3628 5264 coloniam

2057 5307 2289 5379 ablegat.
2335 5308 2513 5374 Quare
2541 5309 2754 5362 delatus
2793 5305 2862 5373 ad
2906 5303 3170 5375 Oppidum
3205 5302 3483 5373 quoddam
3517 5299 3629 5352 lto-

2057 5401 2258 5467 mulus,
2291 5401 2378 5457 cui
2409 5401 2600 5455 Palatii
2633 5416 2832 5455 nomen
2855 5405 3005 5454 esset
3033 5397 3102 5452 ab
3131 5402 3355 5452 auctore
3374 5393 3624 5456 Palantc,

1568 5513 1770 5575 Variae
1799 5513 2103 5577 lectiones
2145 5525 2206 5578 et
2253 5523 2440 5578 notae.

465 5627 516 5666 ⁸³
543 5629 844 5708 θυγατέροιν
879 5638 946 5694 Α.
1022 5640 1064 5670 ³⁸
1099 5637 1546 5712 παραμυθεῖταιῗ
1620 5639 1662 5668 ⁵¹
1736 5639 1920 5710 φέρειν
1951 5642 2012 5692 Α.
2091 5641 2133 5670 ³²
2167 5638 2353 5692 ἐλπίδα
2387 5639 2448 5693 Β.
2528 5639 2572 5672 ⁸³
2605 5635 3031 5708 μετονομάςεται
3056 5637 3120 5690 A.
