4106 6206
346 241 447 306 281

357 364 417 415 '0
446 357 578 428 γοῦν
623 355 900 424 Ῥωμύλος
935 353 1220 426 παρελθὼν
1244 355 1337 408 ὲπί
1376 373 1499 408 τινα
1530 355 1791 425 πολίχνην

359 451 492 507 ’Δπδ
519 448 616 502 τοῦ
639 447 862 501 κτίστου
888 447 1165 509 Πάλαντος
1197 446 1466 499 Παλάτιον
1498 447 1794 515 κληθεῖσαν

347 546 424 598 Τὸ
457 544 645 612 σχῆμα
671 540 732 592 τὸ
767 541 863 609 τῆς
893 539 1101 601 πόλεως
1135 541 1315 592 ἐκεῖσε
1344 539 1660 608 διαγράφει,

349 637 593 706 Ἀρρενα
632 631 838 700 ταῦρον
881 631 1152 700 καρτερὸν
1188 632 1281 683 καὶ
1332 629 1564 699 δάμαλιν
1606 628 1891 695 συζεύξας,

344 721 447 780 Ὧν
477 728 506 778 ὀ
541 723 643 794 μὲν
668 722 873 791 ταῦρος
914 723 1100 775 ἔνευεν
1154 722 1259 786 ἔξω
1287 723 1423 792 πρὸς
1454 723 1515 774 τὸ
1543 722 1748 783 πεδίον,

356 817 424 871 Ἦ
449 817 625 886 τούτῳ
661 815 975 882 συζυγοῦσα
1008 813 1064 867 δὲ
1096 814 1330 882 δάμαλις
1365 813 1504 883 πρὸς
1536 814 1635 884 τὴν
1676 814 1854 868 πόλιν.

344 906 703 978 Συμϐολικῶς
730 905 774 958 δ’
811 904 1085 974 ἑπηύχετο
1127 904 1407 974 Ῥωμύλος
1433 906 1523 959 διὰ
1547 907 1755 961 τούτων

343 1001 486 1063 Τοὺς
513 999 714 1070 ἄνδρας
747 998 848 1065 μὲν
872 999 985 1058 τοῖς
1005 996 1207 1061 ἔξωθεν
1237 997 1484 1066 γίνεσθαι
1514 998 1561 1032 ⁸⁸
1581 1000 1930 1068 φρικαλέους,

344 1091 459 1154 Τὰς
509 1090 565 1143 δὲ
595 1091 868 1156 γυναῖκας
901 1086 1104 1142 ἔσωθεν
1139 1087 1402 1159 γονίμους
1440 1090 1826 1160 χρηματίζειν,

345 1184 551 1244 Πιστάς
581 1180 873 1250 μενούσας,
909 1179 1197 1251 οἰκουροὺς
1226 1180 1320 1234 καὶ
1359 1181 1609 1251 φύλακας
1632 1184 1741 1239 τῶν
1762 1184 1930 1240 ἔνδυνε

349 1273 583 1326 Ἔπειτα
615 1270 787 1342 βῶλον
812 1273 878 1342 τῇ
910 1272 1059 1343 χειρὶ
1084 1271 1269 1325 λαϐὼν
1301 1272 1410 1326 ἀπὺ
1436 1272 1545 1326 τῶν
1574 1273 1680 1340 ἔξω

348 1363 540 1417 Ἐνδον
570 1363 754 1433 ῥιπτεῖ
781 1361 882 1432 τῆς
910 1362 1141 1427 πόλεως,
1172 1362 1470 1432 εὐχόμενος
1503 1365 1764 1430 ὲπαύξειν

353 1453 439 1509 Τὰ
464 1455 772 1526 πράγματα
795 1454 895 1524 τῆς
925 1453 1133 1513 πόλεως
1159 1454 1269 1507 ἀπὸ
1293 1456 1402 1508 τῶν
1430 1455 1752 1524 ἀλλοτρίων.

347 1546 461 1599 Kal
488 1546 663 1599 ταῦτα
691 1544 1013 1615 διαθέμενος
1046 1547 1104 1598 ὲν
1133 1546 1396 1615 σάλπιγγι
1430 1549 1691 1619 σημαίνει

345 1640 461 1709 Τὴν
509 1637 707 1707 κλῆσιν
745 1636 846 1709 τὴν
885 1638 990 1707 τῆς
1019 1638 1248 1704 πόλεως,
1281 1641 1379 1694 καὶ
1412 1639 1630 1713 Ῥώμην
1654 1644 1929 1715 ὀνομάζει.

343 1731 458 1785 Kal
485 1728 693 1801 πλῆθος
726 1727 1123 1799 συλλεξάμενος
1149 1730 1257 1785 άπὸ
1284 1731 1383 1802 τῆς
1408 1733 1745 1806 περιχώρου,

348 1821 606 1893 ’Δνδρας,
627 1823 923 1890 γυναῖκας,
951 1819 1249 1892 μείρακας,
1269 1823 1649 1895 τριγέροντας,
1672 1826 1931 1897 ἐφήϐους,

355 1914 695 1976 ’ἰσοπολίτας
728 1912 912 1984 τίθησι
947 1916 1043 1966 καὶ⁵
1074 1913 1382 1977 κατοικίζει
1414 1916 1644 1981 πάντας.

414 2006 526 2058 Καὶ
550 2004 768 2077 πρῶτος
784 1998 938 2068 οὗτος
969 2005 1228 2075 βασιλεὺς
1256 2007 1585 2062 καθίσταται
1616 2008 1931 2080 Ῥωμαίων,

344 2099 457 2150 Kal
485 2099 627 2169 μετᾶ
653 2097 846 2151 τοῦτον
866 2099 892 2152 ὁ
916 2099 1166 2168 Νουμᾶς,
1191 2098 1288 2153 καὶ
1323 2101 1464 2169 μετὰ
1486 2100 1680 2156 τοῦτον
1703 2103 1932 2171 Τύλλος,

340 2186 455 2238 Kal
481 2187 598 2256 μετ’
634 2186 829 2250 αὐτοὺς
855 2186 884 2239 ὁ
918 2188 1170 2256 Μάρκιος
1204 2190 1409 2257 Ἀγκος
1436 2191 1832 2263 ὠνομασμένος

346 2276 486 2351 (Τὴν
524 2279 635 2348 γάρ
666 2279 912 2350 ἀγκύλην
940 2279 1036 2333 τοῦ
1065 2282 1224 2347 ποδδς
1243 2279 1359 2354 εἶχε
1390 2288 1843 2358 πεπηρωμένην),

350 2372 462 2451 Kal
497 2375 618 2443 μετ’
650 2373 817 2427 αὐτὸν
837 2373 1144 2445 Ταρκύνιος
1177 2377 1435 2447 πέμπτος
1469 2379 1577 2433 ἀπὸ
1623 2380 1930 2452 Ῥωμύλου,

346 2466 531 2537 Μηδὲν
564 2465 712 2539 αύτῷ
763 2460 1148 2540 προσήκουσαν
1170 2469 1355 2525 λαϐὼν
1391 2473 1492 2542 τὴν
1531 2472 1821 2543 βασιλείαν
1842 2491 1857 2507 ⁸

346 2559 476 2621 Τοῖς
499 2560 613 2630 γὰρ
646 2560 836 2613 παισὶν
862 2561 1126 2631 ὠφείλετο
1153 2563 1407 2633 Μαρκίου
1441 2563 1733 2634 βασιλέως.

346 2650 605 2721 Γαμϐρὸς
632 2650 726 2704 τοῦ
764 2653 1083 2722 Ταρκυνίου
1122 2654 1179 2706 δὲ
1214 2653 1442 2719 Τύλλιος
1471 2658 1591 2725 μετ’
1624 2659 1855 2723 ἐκεῖνον,

351 2743 451 2804 ὐς
481 2744 593 2797 ἀπὸ
621 2743 880 2813 βρέφους,
909 2742 985 2809 ὥς
1008 2761 1164 2813 φασι,
1196 2746 1305 2799 κάκ
1349 2745 1574 2818 πρώτης
1606 2749 1823 2818 ήλικίας

357 2832 757 2904 Ἐπωνομάσθη
787 2834 1012 2908 Σέρϐιος
1045 2836 1123 2899 ὠς
1153 2835 1404 2906 γεγο“.ὼς
1434 2839 1480 2871 ⁸⁸
1510 2842 1575 2893 ἐκ
1600 2839 1814 2912 δούλης

346 2924 581 2980 Δύναται
615 2928 723 2998 γάρ
750 2928 811 2982 τὸ
835 2929 1051 2996 σέρϐιος
1074 2929 1262 2984 δοῦλον
1297 2930 1450 3002 παρὰ
1502 2931 1819 3003 Ῥωμαίοις.

1417 241 1664 300 COMPE
1676 240 1719 299 Ν
1729 242 1925 302 DlUM
1975 241 2073 300 Cll
2088 240 2235 301 RON
2250 232 2461 304 lCUM.

1963 365 2004 418 Α
2036 349 2207 419 Οὗτος
2242 355 2449 423 συνῆψε
2475 353 2573 415 τὰς
2606 351 2770 406 αὐτοῦ
2804 351 2939 424 πρδς
2970 350 3149 420 γάμον
3181 349 3490 420 θυγατέρας

3503 233 3615 302 282

2039 450 2164 511 Τοῖς
2197 447 2462 517 βασιλέως
2499 446 2714 508 υἱωνοῖς
2748 444 2977 497 Λευκίου
3014 444 3350 513 Ταρκυνίου,

2033 534 2244 609 *Ωνπερ
2274 540 2401 608 μιᾶς
2432 537 2695 606 ἐπιϐουλῇ
2717 537 2764 570 ⁸⁸
2791 537 2886 588 καὶ
2919 537 3107 605 τρόπῳ
3136 535 3407 604 μιαιφόνῳ

2004 634 2007 639 ⁷
2037 630 2148 681 Καὶ
2180 629 2279 697 τῆς
2311 628 2457 697 ζωῆς
2482 628 2578 680 καὶ
2606 626 2709 692 τῆς
2733 627 2906 697 ἀρχῆς
2938 627 2966 677 ὁ
2994 625 3164 688 τάλας
3199 624 3470 694 ἐστερήθη

2035 719 2145 773 Kal
2182 719 2301 787 μετ’
2340 716 2503 771 αὐτὸν
2528 716 2832 786 Ταρκύνιος
2858 717 2886 768 ὁ
2913 714 3229 786 Σούπερϐος
3262 715 3556 784 κατῆρξεν,

2039 811 2136 874 Ὃς
2160 812 2607 881 προσφερόμενος
2638 810 2805 881 ὠμῶς
2835 811 2931 863 καὶ
2954 808 3422 879 φιλυπερηφάνως

2034 903 2147 957 Kal
2177 906 2244 974 τῇ
2279 903 2441 973 βουλῇ
2470 904 2565 957 καὶ
2595 903 2672 973 τῷ
2705 901 2871 970 κοινῷ
2906 901 3079 954 Σούπε
3093 902 3217 971 ρϐος
3245 901 3528 973 ἐπεκλήθη
3553 902 3618 939 ³⁷⁸

2035 996 2140 1049 Τὸν
2168 996 2213 1049 δ’
2236 996 2475 1061 ἀλαζόνα
2510 996 2639 1065 παρ’
2673 995 2860 1059 αὐτοῖς
2888 996 2922 1065 ή
2949 994 3097 1058 λέξις
3124 995 3445 1064 ἑρμηνεύει.

2036 1088 2180 1157 Πρδς
2227 1088 2417 1141 τοῦτον
2446 1088 2540 1141 τὸν
2572 1086 2880 1159 Ταρκύνιον
2919 1086 3149 1156 ἀφίκετο
3175 1086 3310 1152 γυνή
3343 1103 3427 1147 τις

2037 1181 2261 1243 Βίϐλους
2288 1180 2442 1232 ὲννέα
2470 1180 2712 1250 φέρουσα
2734 1179 3002 1250 χρησμῶν
3023 1179 3134 1231 τῶν
3159 1177 3406 1229 Σιϐυλλεί
3415 1194 3513 1238 ων,

2050 1272 2469 1343 ’Δπεμπολῆσαι
2496 1272 2543 1325 δ’
2575 1271 2734 1343 ήθελε
2763 1270 2841 1341 τῷ
2870 1271 3084 1337 βασιλεῖ
3110 1270 3205 1329 τὰς
3251 1268 3490 1336 βίϐλους.

2036 1366 2193 1419 Ἐπεὶ
2222 1367 2278 1418 δὲ
2310 1365 2371 1418 τὸ
2398 1364 2737 1435 ζητούμενον
2768 1365 2976 1423 ἐκεῖνος
3002 1362 3105 1413 οὐκ
3141 1359 3337 1421 ἐδίδου,

2039 1458 2179 1530 Πυρὶ
2215 1457 2316 1520 τὰς
2339 1460 2490 1528 τρεῖς
2523 1457 2848 1525 κατέφλεξε,
2885 1454 2983 1507 καὶ
3012 1453 3175 1506 πάλιν
3211 1449 3587 1522 προσελθοῦσα

2038 1546 2218 1616 Τιμῆς
2249 1546 2450 1600 ὲπώλει
2473 1546 2573 1615 τῆς
2605 1545 2779 1614 αὐτῆς
2808 1545 2908 1608 τὰς
2941 1540 3478 1609 καταλελειμμένας.

2051 1638 2192 1691 Ἀλλ’
2215 1637 2391 1703 ἔδοξεν
2418 1637 2675 1700 ἀσύνετος
2703 1640 2761 1689 ὲν
2788 1636 2963 1707 τούτῳ
3000 1637 3110 1695 τοῖς
3138 1632 3432 1702 παροῦσιν,

1968 1706 2009 1762 Β
2038 1727 2147 1780 Καὶ
2176 1725 2344 1779 πάλιν
2370 1728 2521 1795 τρεῖς
2562 1725 2922 1796 πυριφλεγεῖς
2971 1723 3221 1790 ὲγένοντο
3252 1721 3360 1773 τῶν
3397 1706 3619 1790 βίϐλων.

2034 1812 2241 1870 Ἦλθεν
2265 1817 2331 1869 ὲκ
2359 1815 2544 1885 τρίτου
2572 1816 2707 1886 πρὸς
2732 1814 2917 1877 αὐτὸν,
2946 1812 3040 1864 καὶ
3064 1812 3160 1879 τῆς
3187 1811 3353 1879 τιμῆς
3378 1810 3476 1877 τῆς
3499 1808 3622 1873 ἴσης

2036 1905 2146 1971 Τὰς
2202 1909 2352 1979 τρεῖς
2406 1906 2582 1961 ἐδίδου
2628 1905 2730 1969 τὰς
2789 1903 3011 1965 λοιπάς.
3085 1902 3390 1971 Θαυμάσας
3432 1898 3477 1951 δ’
3530 1896 3626 1948 ἐπὶ

3306 1990 3545 2063 [τούτοις

2045 2096 2107 2149 '0
2137 2093 2412 2166 βασιλεὺς,
2443 2091 2541 2146 καὶ
2574 2090 2823 2159 μάντεων
2857 2087 3165 2158 πυθόμενος
3195 2082 3462 2154 ὠκίμων,

2047 2187 2334 2239 Ἐκέλευσε
2364 2188 2431 2254 τῇ
2464 2184 2691 2253 γυναικὶ
2718 2184 2937 2254 δοθῆναι
2963 2182 3024 2234 τὸ
3052 2178 3277 2249 χρυσίον
3296 2215 3311 2229 .

2035 2279 2147 2353 Τὴν
2169 2280 2225 2333 δὲ
2260 2278 2532 2333 λαϐοῦσαν
2562 2277 2623 2329 τδ
2647 2276 2820 2335 δοθὲν,
2848 2266 3091 2341 καὶῂιετ*
3125 2267 3450 2338 ἐπιμελείας

2035 2370 2237 2443 Τηρεῖν
2266 2371 2364 2433 τὰς
2394 2368 2610 2440 βίϐλους
2643 2367 2955 2436 φράσασαν,
2988 2359 3130 2416 εἶδεν
3163 2360 3342 2423 οὐδεὶς
3384 2355 3574 2412 οὐκέτι
3606 2370 3622 2386 ⁶

2034 2467 2101 2518 Δί
2128 2463 2304 2533 βίϐλοι
2336 2464 2395 2517 δὲ
2446 2461 2705 2531 γεγόνασι
2734 2459 3000 2527 σωτήριοι
3025 2457 3090 2526 τῇ
3126 2453 3301 2506 πόλει.

2034 2556 2241 2613 Τούτου
2268 2556 2397 2610 ναὸν
2418 2553 2732 2621 οἰκοδομεῖν
2761 2550 2819 2604 ὲν
2868 2548 3057 2619 Ῥώμῃ
3085 2546 3446 2617 βουληθέντος

2036 2649 2331 2719 Βόθρευμα
2370 2646 2470 2717 μὲν
2491 2643 2776 2714 ὠρύσσετο
2810 2638 3092 2709 θεμέθλων
3116 2637 3400 2704 ὑπογαίων
3426 2633 3476 2667 ⁸⁸

2036 2739 2158 2809 Ti};
2186 2739 2232 2793 δ’
2262 2736 2471 2809 ὀρυγῆς
2496 2736 2591 2789 ἐπὶ
2621 2734 2759 2787 πολὺ
2787 2732 2849 2785 τὸ
2876 2730 3038 2801 βάθος
3070 2727 3378 2799 προῖούσης

2039 2832 2255 2901 Εὑρέθη
2291 2830 2446 2884 κάτω
2477 2827 2694 2896 κεφαλὴ
2722 2824 3058 2892 νεοσφαγοῦς
3092 2819 3414 2892 ἀνθρώπου,

2034 2924 2183 3000 Αἷμα
2216 2925 2418 2997 θερμὸν
2445 2923 2543 2977 καὶ
2573 2920 2768 2993 νεαρὸν
2804 2919 3066 2990 χεόμενον
3103 2916 3384 2978 δεικνῦσα,

3288 3005 3445 3062 Vers.
3482 3003 3629 3062 {676

349 3147 577 3219 figuram
621 3151 777 3206 urbis
809 3150 884 3207 ibi
920 3151 1184 3217 deliueat,
1214 3154 1424 3225 junctis
1477 3142 1626 3211 mare
1679 3165 1837 3212 tauro
1877 3159 2002 3221 etC
2035 3158 2176 3228 cipia
2222 3154 2369 3211 servi
2423 3153 2568 3224 apud
2612 3152 2891 3206 Romanos
2933 3146 3220 3200 dicuntur.
3270 3144 3439 3198 Filias
3497 3157 3631 3199 suas

343 3243 599 3312 juvenea.
628 3243 847 3300 Taurus
886 3245 1035 3301 foras
1063 3261 1319 3316 campum
1362 3264 1562 3303 versus
1604 3250 1931 3317 spectabat:

344 3332 580 3401 juvenca
605 3350 731 3389 vero
760 3335 863 3389 sub
886 3351 1062 3389 unum
1094 3352 1220 3390 cum
1248 3352 1316 3391 eo
1340 3338 1532 3406 jugum
1572 3336 1821 3401 redacta,
1845 3352 1935 3389 re-

347 3423 620 3493 spi'ciebat
647 3427 862 3481 urbem.
888 3426 1005 3492 Qua
1030 3428 1268 3496 pictura,
1286 3443 1385 3482 ceu
1414 3426 1561 3480 notis
1582 3426 1935 3493 quibusdam,

350 3512 621 3569 innuebat
648 3524 843 3582 optare
871 3529 929 3568 se
956 3515 1227 3568 Romulus
1264 3522 1325 3570 ut
1367 3513 1653 3569 extraneis
1684 3512 1793 3566 viri
1826 3512 1937 3567 for-

345 3604 647 3658 midabiles
692 3613 901 3670 essent,
944 3604 1166 3660 femina:
1199 3620 1331 3659 vero
1372 3604 1524 3660 domi
1560 3605 1810 3661 fecundae
1851 3605 1933 3661 fo-

345 3703 496 3758 rent,
524 3694 634 3767 35,
665 3695 785 3751 suis
826 3696 1039 3762 maritis
1089 3695 1231 3762 fidae,
1266 3696 1678 3753 observatrices
1709 3699 1934 3763 aedium,

345 3804 654 3859 earumque
705 3790 1199 3845 rerum-custodes
1241 3806 1365 3860 qua:
1410 3806 1499 3845 res
1543 3791 1758 3847 aedibus
1790 3793 1938 3847 exsi-

349 3889 527 3936 stunt.
576 3880 708 3936 Post
759 3880 878 3936 bzec
909 3881 1123 3951 glebam
1172 3881 1523 3937 extrinsecus
1550 3883 1829 3953 jacentem
1878 3885 1935 3939 in

350 3988 575 4028 manum
599 3984 872 4042 sumptam
903 3974 958 4028 in
987 3973 1182 4028 urbem
1213 3974 1473 4045 conjecit,
1503 3983 1633 4030 voto
1666 3986 1937 4045 concepto

352 4076 416 4119 ut
444 4080 509 4118 ex
533 4064 730 4119 alienis
763 4063 882 4119 haec
921 4079 1011 4119 res
1036 4064 1260 4134 publica
1302 4065 1710 4121 incrementum
1740 4082 1934 4121 sume-

354 4165 459 4212 ret.
504 4157 719 4224 Quibus
762 4157 836 4213 ita
884 4158 1145 4229 peractis,
1184 4160 1344 4229 signo
1374 4160 1507 4214 tuba
1560 4159 1691 4215 dato
1736 4175 1937 4214 nomen

350 4249 511 4304 urbis
553 4249 757 4313 edidit,
792 4260 855 4304 ut
886 4250 1058 4303 Roma
1094 4260 1533 4321 nuncuparetur.
1582 4251 1838 4322 Cumque
1869 4250 1939 4305 de

353 4342 607 4397 finitimis
665 4343 988 4414 regionibus
1043 4343 1335 4398 hominum
1393 4339 1638 4409 turbam,
1690 4344 1939 4399 virorum

350 4442 589 4505 scilicet,
612 4442 933 4502 mulierum,
959 4440 1397 4505 adolescentium,
1427 4456 1622 4496 senum
1642 4442 1941 4512 juvenum-

1965 4483 2019 4542 D

2036 3251 2102 3306 L.
2145 3248 2434 3318 Tarquinii
2467 3246 2612 3316 regis
2638 3242 2937 3311 nepotibus
2962 3249 3194 3307 nuptum
3220 3235 3394 3289 dedit.
3425 3236 3628 3288 Earum

2041 3345 2206 3397 unius
2227 3340 2442 3395 insidiis
2471 3348 2528 3392 et
2552 3343 2789 3391 cruento
2830 3331 3066 3387 consilio
3096 3331 3268 3381 miser
3298 3326 3469 3379 vitam
3500 3340 3626 3378 eum

2042 3450 2209 3505 regno
2242 3433 2449 3486 amisit.
2489 3430 2726 3484 Secutus
2755 3433 2840 3480 est
2874 3438 3004 3477 eum
3049 3418 3391 3488 Tarquinius
3422 3416 3632 3485 Super-

2040 3527 2147 3581 bus
2176 3525 2230 3579 in
2274 3521 2530 3592 imperio,
2553 3519 2648 3589 qui
2681 3526 3108 3587 cognomentum
3137 3514 3242 3566 hoc
3268 3507 3509 3578 Superbi
3544 3514 3631 3561 tu-

2038 3619 2105 3675 lit
2126 3635 2195 3673 ex
2228 3632 2296 3672 eo
2326 3614 2474 3685 quod
2506 3612 2811 3668 crudeliter
2849 3618 2904 3663 et
2946 3609 3187 3677 superbe
3222 3616 3330 3661 tam
3378 3618 3507 3672 erga
3543 3615 3632 3655 se-

2039 3719 2230 3764 natum
2267 3722 2430 3777 quam
2476 3705 2694 3774 plebem
2746 3716 2866 3756 sese
2909 3706 3129 3770 gereret
3170 3716 3183 3751 :
3219 3710 3346 3750 nam
3402 3688 3631 3761 superbi

2037 3800 2183 3870 apud
2232 3800 2511 3853 Romanos
2549 3795 2922 3866 appellantur,
2969 3791 3062 3862 qui
3106 3797 3240 3845 sunt
3287 3791 3630 3855 arrogantes.

2037 3892 2285 3948 Accessit
2317 3890 2620 3961 aliquando
2654 3888 2856 3947 mulier
2891 3886 3166 3955 quaedam.
3213 3895 3413 3935 novem
3458 3877 3633 3930 libros

2038 3981 2438 4054 Sibyllinorum
2483 3979 2840 4035 oraculorum
2899 3975 3161 4035 afferens,
3221 3983 3364 4038 quos
3409 3965 3524 4035 regi
3573 3980 3633 4018 se

2038 4074 2391 4129 venditurum
2420 4072 2656 4125 diceret.
2686 4069 2824 4124 Cum
2852 4076 3037 4120 autem
3068 4064 3159 4117 ille
3196 4058 3440 4129 pretium
3465 4056 3536 4110 ab
3564 4070 3631 4110 ea

2038 4165 2376 4236 postulatum
2405 4178 2518 4217 non
2550 4163 2731 4222 daret,
2771 4160 2897 4229 igne
2932 4156 3115 4211 tribus
3131 4153 3367 4216 exustis,
3402 4162 3631 4205 rursum

2041 4272 2169 4328 rege
2195 4263 2469 4312 convento
2495 4253 2665 4324 priori
2693 4252 2998 4307 :estimatos
3040 4247 3223 4318 pretio
3265 4244 3514 4315 reliquos
3547 4240 3633 4295 ei-

2042 4348 2165 4403 dem
2194 4345 2482 4402 oﬂ‘erebat.
2513 4343 2763 4413 Cumque
2792 4355 2988 4410 parum
3025 4339 3229 4393 mentis
3254 4350 3483 4405 compos
3510 4347 3634 4388 esse

2042 4441 2326 4497 videretur
2369 4438 2440 4493 iis
2480 4436 2577 4508 qui
2622 4435 2879 4495 aderant,
2923 4420 3289 4488 iterum'tres
3346 4446 3417 4483 ex
3455 4429 3524 4482 iis
3576 4426 3633 4479 in

350 4549 464 4603 que
501 4534 840 4605 collegisset,
892 4548 1086 4589 omnes
1131 4533 1328 4589 eodem
1371 4531 1619 4587 civitatis
1679 4533 1761 4587 uti
1807 4534 1937 4604 jure
1965 4518 2019 4542 ν
2045 4535 2225 4604 ignem
2259 4530 2543 4600 conjectos
2579 4525 2911 4595 absumpsit.
2939 4524 3056 4578 Hoc
3089 4520 3254 4574 modo
3282 4518 3508 4573 tertium
3537 4531 3629 4569 re-

352 4626 609 4696 permisit
627 4634 684 4682 et
717 4627 775 4680 iu
797 4626 1073 4681 coloniam
1109 4624 1341 4694 recepit.

426 4718 543 4773 lloc
563 4718 728 4774 modo
751 4717 966 4789 primus
991 4716 1261 4772 Romulus
1286 4731 1383 4770 rex
1405 4716 1783 4770 Romanorum
1816 4711 1938 4767 fuit.

356 4813 423 4866 Ei
450 4810 632 4866 Numa
660 4810 954 4875 successit,
986 4808 1180 4866 Numae
1223 4806 1442 4871 Tullus,
1476 4805 1639 4860 Tullo
1681 4803 1940 4866 Marcius,

2037 4636 2162 4693 gem
2186 4620 2323 4685 adit,
2351 4629 2409 4675 et
2436 4630 2549 4674 tres
2571 4619 2719 4674 solos
2750 4618 2978 4673 relictos
3016 4614 3067 4670 ei
3095 4628 3194 4683 pro
3220 4610 3416 4665 eodem
3450 4607 3632 4677 pretio

2040 4727 2242 4768 venum
2263 4710 2512 4781 exponit.
2557 4710 2632 4765 Ea
2661 4725 2751 4764 res
2772 4706 3041 4777 cumregi
3069 4698 3423 4758 admirationi
3461 4705 3631 4756 esset.

2042 4803 2305 4875 probatos
2334 4811 2490 4857 vates
2524 4810 2749 4857 secutus
2782 4814 2977 4854 aurum
3015 4791 3370 4851 adnumerari
3406 4787 3631 4843 mulieri

357 4908 546 4961 Ancus
589 4912 979 4976 cognomento,
1024 4901 1174 4974 quod
1215 4911 1572 4956 curvaturam
1618 4898 1795 4968 pedis,
1823 4911 1948 4967 quae
2040 4894 2221 4966 jubet.
2254 4893 2377 4961 Quo
2408 4893 2501 4947 illa
2548 4901 2795 4961 recepto,
2825 4904 2951 4944 cum
2990 4886 3296 4940 monuisset
3335 4898 3432 4937 eos
3460 4882 3632 4936 libros

357 4998 552 5069 ancyle
598 4972 811 5053 Grecis
852 5005 958 5059 est,
997 4972 1315 5049 mutilatum
1355 4992 1605 5046 haberet.
1640 4991 1772 5045 Post
1803 4989 1954 5045 hunc
2047 4985 2346 5054 diligenter
2391 4984 2757 5039 asservandus
2796 4995 2942 5042 esse,
3007 4977 3269 5045 deinceps
3320 4991 3348 5028 a
3411 4972 3631 5027 nemine

358 5088 609 5158 regnavit
638 5088 868 5159 quintus
897 5103 927 5142 a
954 5085 1193 5142 Romulo
1214 5084 1572 5154 Tarquinius,
1601 5083 1812 5152 potitus
1839 5082 1946 5136 im-

2048 5080 2365 5136 mortalium
2401 5086 2696 5146 couspecta
2716 5083 2820 5129 est.
2854 5072 3005 5128 Libri
3037 5080 3221 5125 autem
3248 5069 3334 5123 isti
3364 5067 3634 5122 salutares

356 5180 516 5249 perio
551 5180 687 5235 nihil
730 5179 799 5234 ad
844 5193 904 5235 se
946 5178 1261 5255 pertinente
1288 5192 1307 5231 :
1353 5189 1479 5229 nam
1526 5173 1713 5229 Marcii
1755 5173 1945 5229 liberis
2050 5172 2174 5227 urbi
2231 5172 2477 5226 fuerunt.
2550 5168 2699 5223 Idem
2764 5166 3102 5235 Tarquinius
3162 5178 3286 5217 cum
3342 5168 3632 5214 exstruere

358 5271 495 5355 illud
530 5270 856 5327 debebatur.
889 5269 1194 5342 Tarquinio
1216 5268 1676 5339 suecessitgeuer
1704 5266 1942 5329 Tullius,

2052 5264 2315 5334 templum
2372 5261 2564 5317 Roma:
2608 5259 2796 5322 vellet,
2832 5259 3059 5329 jamque
3100 5272 3199 5327 pro
3254 5250 3632 5310 Subterrat-eis

355 5348 454 5432 qui
487 5379 517 5418 a
543 5380 736 5435 puero,
762 5379 865 5419 ceu
891 5341 1209 5434 perhibent,
1240 5377 1307 5418 ac
1340 5360 1520 5432 prima
1560 5366 1723 5416 aetate
1761 5358 1943 5415 Servii
2051 5354 2430 5411 fundamentis
2472 5366 2721 5422 magnam
2763 5349 2832 5404 ad
2879 5348 3315 5420 profunditatem
3368 5341 3630 5399 fodiendo

360 5468 561 5509 nomen
590 5452 787 5509 habuit
808 5461 1069 5524 tanquam
1098 5468 1131 5509 e
1160 5467 1321 5508 serva
1344 5461 1528 5516 natus,
1554 5451 1760 5522 quippe
1784 5465 1943 5505 man-

2049 5454 2380 5518 perventum
2423 5442 2590 5507 foret,
2622 5442 2727 5497 sub
2760 5451 2906 5497 terra
2955 5448 3123 5512 caput
3162 5438 3405 5495 hominis
3435 5444 3628 5492 reetns

1556 5591 1762 5655 Varias
1796 5589 2105 5656 lectiones
2153 5593 2213 5650 et
2258 5593 2446 5649 noue.

431 5696 477 5727 “
505 5695 840 5767 γενέσθαιΔ.
863 5694 960 5785 ’ψη
991 5695 1272 5768 γεννηθεὶς
1303 5695 1368 5752 Il.
1446 5695 1489 5728 "
1529 5694 1720 5767 γνώμῃ
1748 5692 1859 5749 AR.
1938 5692 1983 5727 "
2014 5688 2311 5761 ὠνομάσθη
2341 5689 2403 5747 ῐὶ.
2487 5690 2532 5723 ⁸⁸
2566 5686 2832 5755 ὑπογείων
2855 5686 2923 5741 Ρι.
