4080 6206
443 185 554 248 933

451 302 562 358 Καὶ
586 301 876 375 πρόσωπον
908 303 1262 374 παρεμφερὲς
1292 304 1491 374 ἔχουσα
1515 309 1623 365 τοῖς
1649 307 1933 371 ὲμπνόοις.

450 395 632 466 Ὅπερ
654 395 841 466 μαθὼν
870 396 927 448 ὲν
955 393 1257 466 Τυρρηνοῖς
1287 397 1510 466 δόκιμος
1535 400 1879 460 τερασκόπος

456 487 600 557 Ἔφη
631 486 726 555 τὴν
766 485 919 539 πόλιν
950 485 1195 556 κεφαλὴν
1227 487 1441 540 πολλῶν
1466 487 1638 540 ἐθνῶν
1667 488 1947 557 γενέσθαι,

453 576 599 647 Πλὴν
617 576 705 630 διὰ
725 576 911 645 ξίφους
933 577 1029 630 καὶ⁸
1047 577 1272 647 σφαγῶν
1287 579 1381 631 καὶ
1398 579 1602 648 λιμνασ
1610 577 1727 647 μῶν
1748 579 1802 631 αἱ
1814 578 2018 646 μάτων.

469 668 801 722 Ἐντεῦθεν-ὁ
826 668 1105 739 Ταρπήίος
1135 668 1528 740 μετωνομάσθη
1559 670 1723 737 λόφος

464 761 559 813 Ἐκ
585 761 683 829 τῆς
708 759 971 830 φανείσης
1000 760 1245 831 κεφαλῆς
1277 761 1658 824 Καπιτωλῖνος
1686 762 1851 831 λόφος
1876 777 1890 790 °

450 850 681 906 Κάπουτ
714 850 824 920 γὰρ
851 853 883 921 ἡ
913 852 1126 920 κεφαλὴ
1157 853 1295 905 κατὰ
1335 852 1623 921 Ῥωμαίων
1654 851 1927 919 γλῶσσαν.

523 941 749 1011 Χρόνοις
774 940 872 1009 μὲν
889 940 981 994 οὖν
1003 941 1089 1009 ἐφ’
1104 943 1308 1004 ἱκανοῖς
1328 943 1361 1010 ἠ
1392 942 1499 993 τῶν
1530 940 1820 1010 Ῥωμαίων
1847 940 2023 1003 πόλις,

458 1031 619 1093 Πόλις
651 1031 683 1100 ἠ
714 1030 1105 1101 μεγαλόπολις,
1135 1027 1204 1102 ἦν
1236 1030 1342 1084 ὑπὸ
1370 1029 1681 1098 βασιλεῦσιν
1706 1046 1722 1062 ⁸

465 1123 621 1176 Ἐπεὶ
648 1122 704 1176 δὲ
732 1122 1123 1193 παρηνόμησεν
1145 1125 1173 1176 ὁ
1203 1125 1334 1186 παῖς
1360 1124 1454 1176 τοῦ
1489 1122 1796 1194 Ταρκυνίου

457 1214 566 1266 Καὶ
591 1212 937 1283 Λουκρητίαν
962 1212 1162 1282 ᾔσχυνε
1199 1212 1298 1282 τὴν
1331 1213 1851 1281 σωφρονικωτάτην,

458 1300 571 1371 Τὴν
602 1300 902 1356 Κολατίνου
932 1301 1181 1371 γαμετὴν
1223 1301 1414 1370 ἀνδρὸς
1441 1301 1855 1369 εὐγενεστάτου,

459 1392 594 1447 Τότε
618 1394 683 1461 δὴ
721 1395 919 1458 πάντες
946 1395 1025 1458 είς
1058 1393 1221 1447 ταὺτὸ
1253 1393 1513 1464 Ῥωμαῖοι
1547 1395 1892 1459 συνελθόντες

460 1485 772 1539 Κατάλυσιν
804 1485 1132 1556 ψηφίζονται
1160 1483 1254 1537 τοῦ
1285 1483 1559 1554 βασιλείου
1595 1487 1852 1556 κράτους,

450 1577 703 1657 1Κυροῦσι
723 1577 780 1630 δὲ
799 1575 1202 1648 προϐάλλεσθαι
1238 1576 1361 1629 κατ’
1389 1576 1509 1640 ἔτος
1542 1579 1885 1641 κονσυλίους,

1536 188 1813 251 (ΣΟΝδΤὲ
1827 188 1930 249 NT
1941 190 1955 246 Ι
1966 189 2017 249 Ν
2024 189 2047 249 Ι
2088 191 2144 249 Μ
2152 189 2464 251 ANASSIS

3580 187 3684 251 28i

2044 307 2092 363 A
2120 305 2290 357 Λᾷτον
2325 306 2421 372 μὲν
2456 305 2599 372 ξίφει
2633 303 2834 368 δίδωσι,
2867 303 2961 356 καὶ
2997 304 3095 356 σὺν
3122 302 3272 373 αὖτῷ
3305 302 3398 355 τὸν
3429 304 3615 368 πεῖδα,

2122 395 2370 447 Γενναῖον
2393 395 2524 448 ὄντα
2554 398 2647 447 καὶ
2681 395 2846 448 καλὸν
2874 395 2976 448 καὶ
3003 392 3253 462 ζηλωτὸν
3292 395 3351 446 ὲν
3382 396 3545 448 πᾶσιν

2122 486 2231 539 Καὶ
2258 487 2523 554 φαίνοντα
2554 486 2599 516 ⁶⁰
2642 486 2978 555 παράστημα
3011 485 3191 554 ψυχῆς
3218 486 3634 554 ἁνδροκαρδίου,

2126 577 2241 631 Κᾶν
2270 579 2319 630 εί
2352 577 2429 648 τῷ
2473 577 2574 646 βίῳ
2609 577 2808 644 περιῆν
2837 574 2940 628 οὐκ
2970 574 3037 627 ἂν
3069 576 3450 644 ὑπομενοῦντα

2124 671 2215 738 Μὴ
2240 669 2556 740 τιμωρῆσαι
2582 668 2658 737 τῷ
2684 668 2856 738 πατρὶ
2884 668 3027 721 κατὰ
3052 668 3161 720 τῶν
3193 668 3512 722 ἀνελόντων.

2123 758 2296 811 Αὑτὸν
2328 758 2424 827 μὲν
2454 755 2549 811 οῦν
2577 757 2668 809 τὸν
2692 756 2941 827 Μάρκιον
2969 754 3277 825 Ταρκύνιος
3313 756 3573 822 κτιννύει,

2126 849 2230 903 Τὸν
2254 848 2302 901 δ’
2322 848 2478 901 ὄλϐον
2509 847 2863 919 μετατίθησιν
2896 848 2955 900 ὲν
2984 846 3170 918 δόμοις
3204 846 3522 916 βασιλείοις.

2137 942 2195 994 '0
2228 939 2462 1011 Βροῦτος
2489 934 2645 1002 οὗτος
2670 939 2960 1011 τοιγαροῦν
2981 940 3107 1001 παῖς
3130 938 3391 1009 ὑπάρχων
3419 941 3690 1008 Μαρκίου),

2128 1034 2238 1087 Καὶ
2266 1032 2498 1088 κατιδὼν
2520 1032 2616 1102 τὴν
2642 1031 2736 1085 τοῦ
2769 1031 2974 1102 πατρὸς
3006 1031 3220 1101 σφαγὴν
3250 1031 3611 1101 ἀδικωτάτην,

2131 1126 2239 1177 Καὶ
2272 1121 2500 1176 συνιδὼν
2527 1124 2601 1186 ὡς
2629 1123 2885 1192 νουνεχὴς
2919 1123 3002 1175 ὄτι
3039 1121 3451 1189 συγκιδυνεύσει

2130 1217 2234 1270 Σὺν
2265 1215 2308 1246 ⁸⁸
2341 1215 2417 1285 τῷ
2459 1217 2627 1284 πατρὶ
2662 1213 2758 1268 καὶ
2795 1212 3051 1280 τάδελφῷ
3085 1212 3179 1266 καὶ
3219 1212 3694 1277 συναποθανεῖται,

2130 1307 2334 1375 Βουλὴν
2363 1305 2676 1376 βουλεύεται
2705 1304 2880 1373 καλήν
2901 1320 2915 1335 ·
2938 1304 3238 1356 πλάττεται
3272 1302 3382 1373 γάρ
3410 1301 3624 1372 μωρίαν

2132 1399 2241 1451 Καὶ
2269 1397 2564 1450 σκέπτεται
2592 1395 2923 1466 παράνοιαν,
2952 1392 3248 1447 κάντεῦθεν
3270 1392 3578 1462 ἀποφεύγει

2133 1487 2207 1541 Τὸ
2231 1486 2678 1556 προσδοκώμενον
2703 1486 2892 1549 κακὸν,
2920 1485 3013 1538 τὸν
3043 1487 3107 1538 ὲκ
3135 1485 3229 1538 τοῦ
3251 1484 3444 1555 ξίφους
3468 1487 3696 1554 πότμον.

2149 1578 2426 1634 Ἐντεῦθεν
2451 1577 2844 1648 κατωνόμαστο
2863 1580 2977 1641 τοῖς
2998 1577 3256 1643 ἀγνοοῦσι
3282 1577 3540 1648 Βροῦτος

369 1709 376 1715 .
450 1636 646 1738 ¹Ὅπερ
676 1666 828 1740 δηλοῖ
844 1636 978 1721 ’καθ’
1029 1666 1299 1735 Ἕλληνας
1347 1636 1683 1737 συμϐούλους
1722 1671 1752 1741 ἢ
1800 1636 2032 1742 πράξω.
2070 1636 2107 1690 Β
2136 1667 2357 1737 Δηλοίδ⁹
2390 1670 2420 1738 ὴ
2450 1668 2503 1720 λέ
2517 1667 2593 1732 ξιξ
2615 1636 2704 1720 τόν
2732 1667 2913 1738 μωρὸν
2950 1636 3277 1736 καιφρὲνας
3297 1636 3694 1737 βεϐλαμμένον.

1890 1762 2030 1825 λους.

1891 1780 1949 1815 ιο

460 1849 568 1913 Οὓς
600 1849 859 1918 Ἕλληνες
877 1851 1169 1922 ὠνόμασαν
1219 1852 1459 1917 ὑπάτους
1489 1853 1629 1923 μετὰ
1661 1853 1857 1916 ταῦτα.
1951 1780 2010 1827 υς

461 1941 537 1996 Τὸ
564 1942 856 2011 μεγαλεῖον
885 1944 985 2010 τῆς
1020 1942 1200 1995 αὐτῶν
1233 1942 1388 2007 ἀξίας
1422 1945 1759 2008 κατιδόντες.

471 2031 886 2085 Ἀπελαθέντων
916 2032 1207 2101 τοιγαροῦν
1249 2035 1312 2087 ἐκ
1355 2033 1576 2104 Ῥώμης
1599 2035 1707 2089 τῶν
1735 2037 2033 2107 τυράννων,

460 2122 673 2192 Πρῶτοι
702 2120 812 2175 τῶν
850 2122 1027 2176 ἄλλων
1052 2122 1243 2177 ἔλαϐον
1271 2126 1544 2196 ὑπατικὴν
1571 2126 1732 2192 ἀξίαν

459 2210 759 2280 Ταρκύνιός
780 2228 839 2264 τε
873 2212 1127 2279 Λεύκιος,
1158 2216 1297 2283 ἀνὴρ
1331 2216 1430 2285 τῆς
1455 2217 1821 2288 Λουκρητίας,

462 2303 573 2357 Καὶ
603 2302 835 2366 Λεύκιος
876 2296 1198 2370 Ἰούνιος,νῷ
1233 2307 1468 2378 Βροῦτον
1492 2309 1814 2364 ἐπεκάλουν.

472 2394 635 2449 Ἀλλά
662 2396 951 2466 διηγητέον
976 2415 1066 2467 μοι
1087 2399 1182 2452 καὶ
1213 2401 1280 2453 τὰ
1312 2417 1377 2452 πε
1388 2402 1439 2470 pl
1470 2401 1566 2453 τοῦ
1612 2402 1874 2470 Βρούτου.

534 2489 783 2561 Μάρκιος
814 2486 883 2561 ἦν
913 2508 997 2555 τις
1024 2492 1252 2562 εὐγενὴς
1278 2494 1415 2565 ἀνὴρ
1440 2495 1592 2563 παρὰ
1627 2494 1943 2565 Ῥωμαίοις,

464 2579 578 2634 Καὶ
606 2581 823 2653 πλούτῳ
852 2583 1055 2654 βρίθων
1083 2585 1324 2656 περιττῷ
1350 2587 1444 2639 καὶ
1458 2586 1524 2657 δὴ
1548 2588 1591 2621 ⁵⁸
1609 2592 1741 2659 τιμῇ
1764 2590 2028 2661 προέχων.

462 2672 649 2744 Τούτῳ
678 2672 959 2746 βαακήνας
996 2678 1025 2731 ό
1057 2676 1231 2741 δεινὸς
1265 2676 1572 2751 Ταρκύνιος
1598 2680 1693 2735 τοῦ
1729 2681 1961 2736 πλούτου

461 2894 736 2952 interfecti
760 2910 1037 2967 repertum
1058 2906 1167 2963 est,
1202 2899 1258 2953 in
1287 2914 1401 2969 quo
1432 2899 1644 2956 calidus
1674 2902 1900 2974 jamque
1921 2903 2033 2973 pri-

461 2992 613 3041 tum
644 2987 852 3042 eﬂ‘usus
880 2989 1104 3058 sanguis
1130 2992 1577 3060 conSpiceretur,
1610 3000 1666 3047 et
1695 2992 1863 3047 facies
1892 2995 2032 3049 vivae
2061 2976 2103 3034 θ

462 3076 680 3131 similis.
717 3077 823 3149 35
857 3079 970 3134 Hoc
1001 3094 1125 3134 cum
1169 3080 1510 3151 prodigiator
1544 3082 1689 3152 apud
1717 3082 2037 3153 Tyrrhenos

461 3167 704 3225 celebris
726 3171 1051 3240 accepisset,
1077 3171 1267 3227 urbem
1297 3173 1523 3228 Romam
1544 3184 1712 3245 caput
1738 3176 2034 3230 multarum

463 3263 706 3334 gentium
734 3262 971 3318 futuram
1001 3263 1273 3334 praedixit,
1306 3264 1399 3319 sed
1420 3249 1641 3322 nonnisi
1675 3284 1774 3339 per
1792 3270 2026 3341 gladios,

463 3352 642 3409 caedes
661 3360 716 3408 et
744 3354 1030 3426 sanguinis
1054 3354 1379 3420 effusiones.
1426 3358 1564 3414 lline
1607 3357 1814 3415 factum
1844 3372 1906 3417 ut
1929 3364 2038 3419 col-

467 3444 559 3511 lis,
591 3447 686 3515 qui
733 3457 891 3499 antea
933 3445 1207 3516 Tarpeius
1255 3447 1570 3516 dicebatur,
1620 3450 1689 3506 ab
1721 3451 1816 3506 illo
1858 3455 2038 3525 capite

461 3534 727 3603 deinceps
749 3534 1080 3604 Capitolium
1110 3548 1422 3592 vocaretur.

532 3616 662 3679 Fuit
697 3633 881 3678 autem
937 3625 1128 3693 ingens
1159 3626 1274 3681 bam
1307 3629 1845 3699 Romanorumurbs
1878 3632 2041 3701 longo

465 3723 714 3785 tempore
754 3715 858 3770 sub
905 3731 1093 3786 regum
1144 3717 1451 3772 dominatu.
1504 3720 1864 3787 Posteaquam
1912 3737 2041 3776 vero

466 3804 753 3877 Tarquinii
791 3806 935 3861 filius
978 3807 1228 3878 improbe
1274 3824 1331 3864 sc
1370 3810 1558 3880 gessit,
1589 3822 1645 3865 et
1675 3811 2039 3868 castissimum

467 3898 616 3954 illam
660 3899 996 3965 Lucretiam,
1046 3899 1300 3956 Collatini
1339 3901 1669 3957 nobilissimi
1710 3902 1816 3957 viri
1846 3905 2040 3974 conju-

466 4008 612 4063 gcm,
657 3993 905 4058 violavit,
952 3993 1183 4048 Romani
1230 3995 1435 4050 coactis
1479 3996 1722 4050 omnium
1785 3995 2039 4057 ordinum

467 4081 784 4139 hominibus
833 4085 1054 4150 regibus
1105 4100 1261 4139 suam
1310 4094 1633 4156 potestatem
1680 4087 2037 4158 abrogarunt,

468 4173 689 4228 decreto
733 4174 875 4230 facto
911 4183 970 4229 ut
1007 4176 1060 4230 in
1085 4192 1257 4232 annos
1292 4178 1537 4249 singulos
1580 4178 1838 4233 consules
1866 4178 1934 4234 ab
1975 4195 2041 4233 co

472 4276 716 4335 tempore
754 4268 1195 4339 designarentur.
1242 4270 1318 4324 Ea
1347 4287 1451 4326 vox
1481 4281 1691 4327 tantum
1722 4274 1867 4328 valet
1896 4289 1959 4327 ac
1993 4274 2039 4328 si

2135 1760 2377 1827 Μετάγει
2413 1760 2458 1789 ⁶¹
2492 1759 2532 1811 δ’
2562 1757 2653 1811 οῦν
2684 1757 2985 1828 Ταρκύνιος
3018 1759 3206 1811 τοῦτον
3249 1760 3308 1811 ὲν
3355 1760 3695 1827 ἀνακτόροις,

2138 1852 2409 1920 Κήδεσθαι
2437 1850 2532 1918 μὲν
2551 1850 2627 1911 ὡς
2652 1849 2946 1917 συγγενοῦς
2977 1852 3084 1904 κὰκ
3109 1849 3216 1902 τῶν
3246 1850 3427 1902 αὐτῶν
3452 1852 3702 1920 αἱμάτων

2135 1943 2241 1997 Τσῦ
2302 1942 2538 2014 Βρούτου
2595 1940 3065 2013 προσποιούμενος
3121 1940 3219 1994 καὶ
3282 1940 3448 2010 δῆθεν
3510 1958 3700 1995 κατοίσ-

2378 2054 2383 2057 ·
3411 2031 3694 2103 [κτεῐρων.

2135 2124 2207 2180 Τδ
2241 2124 2287 2179 δ’
2316 2122 2514 2193 ἀληθὲς
2549 2121 2874 2193 βουλόμενος
2899 2121 3286 2192 συμπαίστορα
3316 2124 3426 2184 τοῖς
3453 2123 3663 2185 τέκνοις

2134 2217 2260 2279 Τοῖς
2302 2214 2496 2268 ἑαυτοῦ
2536 2210 2860 2284 χαρίζεσθαι
2890 2211 3247 2281 ψυχαγωγίας
3278 2212 3461 2281 χάριν,

2134 2304 2228 2370 Οἷς
2264 2309 2359 2361 καὶ
2402 2290 2576 2359 συνὼν
2598 2305 2958 2374 γελοιασμοὺς
2985 2304 3078 2357 καὶ
3111 2302 3329 2366 παιδιὰς
3357 2296 3661 2373 προυξένει.

2147 2399 2587 2454 ’Λποσταλέντων
2621 2397 2676 2452 δέ
2700 2414 2829 2450 ποτε
2868 2396 2977 2448 τῶν
3007 2396 3215 2450 παίδων
3250 2395 3554 2464 Ταρκυνίου

2145 2494 2268 2546 Ἐπὶ
2294 2492 2529 2560 Δελφοὺς
2557 2491 2631 2553 ὡς
2664 2489 2958 2542 πεύσαιντο
2993 2489 3123 2558 περὶ
3152 2487 3454 2557 λοιμώδους
3486 2490 3665 2552 νόσου,

2136 2586 2243 2639 Καὶ
2267 2581 2502 2654 Βροῦτος
2528 2582 2910 2650 συνεπέμπετο
2934 2580 3152 2651 τέρψων
3183 2581 3383 2644 αὐτοὺς
3406 2584 3696 2649 παιγνίοις.

2134 2673 2198 2726 Οἱ
2225 2672 2322 2742 μὲν
2346 2670 2438 2724 οὖν
2460 2670 2552 2724 τὸν
2593 2670 2902 2723 Ἀπόλλωνα
2919 2669 3111 2741 δώροις
3140 2668 3464 2736 ἐδεξιοῦντο,

3364 2760 3515 2819 Vcrs.
3558 2765 3697 2818 1727

2135 2903 2388 2976 pulchro.
2411 2900 2554 2972 apud
2587 2915 2784 2956 omnes
2823 2901 3069 2964 amabili,
3101 2902 3324 2972 jamque
3365 2903 3704 2957 fortitudinis

2137 2996 2302 3050 animi
2340 3003 2491 3049 certa
2520 2993 2767 3062 quaedam
2806 2993 3007 3048 indicia
3031 2994 3099 3048 de
3130 3010 3188 3048 se
3226 2995 3541 3062 pra-beate;
3579 3012 3703 3062 quae

2137 3084 2253 3154 ipsa
2290 3099 2379 3139 res
2404 3084 2455 3137 ei
2495 3092 2725 3137 mortem
2766 3084 3044 3147 attulerat,
3093 3094 3371 3138 metuente
3403 3085 3704 3154 Tarquinio

2136 3191 2226 3238 ne,
2268 3175 2310 3229 si
2350 3184 2629 3245 superstes
2668 3174 3099 3243 relinqueretur,
3130 3175 3559 3245 haudquaquam
3595 3176 3701 3229 sibi

2137 3273 2471 3331 temperaret
2500 3264 2795 3335 quominus
2825 3280 2883 3320 se
2920 3265 2987 3320 de
3032 3267 3205 3335 patris
3254 3266 3709 3320 interfectoribus

2138 3359 2517 3414 ulcisceretur.
2552 3358 2667 3412 lloc
2712 3365 2871 3427 pacto
2902 3373 3025 3412 cum
3062 3359 3320 3413 Marcium
3373 3359 3709 3428 Tarquinius

2137 3465 2168 3504 e
2193 3447 2374 3502 medio
2406 3446 2740 3511 sustulisset,
2769 3462 2902 3517 opes
2923 3448 3040 3517 ejus
3064 3447 3116 3501 in
3151 3447 3297 3502 :cdes
3325 3450 3499 3520 regias
3527 3459 3702 3502 trans-

2139 3538 2264 3593 fert.
2308 3538 2552 3592 Habebat
2586 3549 2768 3592 autem
2827 3538 3065 3592 Marcius
3108 3538 3339 3591 alterum
3384 3554 3599 3606 quoque
3642 3537 3708 3591 ti-

2139 3624 2275 3679 lium
2316 3624 2569 3689 Brutum,
2600 3625 2696 3695 qui
2740 3624 2887 3680 czede
2926 3625 3098 3694 patris
3134 3626 3491 3696 injustissima
3523 3629 3711 3681 consi-

2140 3713 2350 3775 derata.
2395 3714 2669 3779 simulque
2706 3715 2984 3783 sapienter
3022 3716 3404 3771 animadverso
3460 3717 3709 3774 futurum

2143 3812 2203 3858 ut
2233 3803 2376 3858 idem
2409 3819 2533 3859 cum
2561 3814 2715 3873 patre
2743 3821 2807 3859 ac
2826 3804 3001 3860 fratre
3037 3807 3231 3861 mortis
3266 3807 3567 3875 periculum
3596 3809 3714 3864 adi-

2141 3903 2249 3957 ret,
2307 3893 2597 3949 consilium
2647 3894 2807 3965 longe
2865 3895 3300 3965 pulcherrimum
3354 3898 3520 3965 Capit.
3574 3898 3712 3953 Nam

2143 3987 2375 4043 stultitia
2408 3981 2741 4058 vésaniaque
2763 3987 3043 4052 simulata,
3065 3991 3213 4059 quod
3238 3991 3554 4047 imminebat
3590 4010 3679 4049 ma
3697 4023 3715 4034 -

2142 4079 2280 4143 lum,
2314 4079 2518 4134 evadit.
2548 4079 2685 4135 Hinc
2718 4081 2861 4151 apud
2903 4081 3123 4151 ignaros
3158 4083 3365 4139 Brutus
3395 4087 3711 4155 appellaba-

2145 4177 2253 4233 tur,
2295 4183 2418 4237 quae
2447 4182 2549 4222 vox
2583 4165 2812 4222 stultum
2855 4177 2911 4224 et
2936 4182 3209 4227 amentem
3244 4174 3530 4243 significat.
3569 4173 3707 4229 Eum

2145 4258 2477 4327 Tarquinius
2520 4259 2574 4313 in
2626 4258 2830 4330 regiam
2881 4259 2949 4314 ad
2991 4278 3050 4317 se
3096 4263 3397 4327 transtulit,
3442 4265 3712 4319 simulans

471 4358 819 4413 consultores
866 4360 949 4415 vel
1004 4361 1321 4430 provisores
1372 4363 1542 4418 dicas.
1593 4363 1766 4419 Graeci
1814 4364 2035 4434 quidem
2064 4343 2118 4403 D
2143 4348 2365 4419 Qnidem
2397 4365 2456 4405 3°
2478 4349 2631 4404 Βτυίί
2666 4365 2855 4407 curam
2886 4369 3098 4423 εοτετθν
3135 4355 3291 4425 cuius
3335 4356 3512 4425 ipsum
3547 4359 3715 4411 "1359'

470 4445 593 4501 illos
621 4446 881 4518 deinceps
910 4450 1156 4520 hypatas.
1175 4451 1278 4506 hoc
1299 4461 1385 4505 est
1411 4467 1717 4522 supremos,
1749 4464 2033 4518 vocarunt,

469 4539 832 4608 amplitudine
882 4540 1161 4609 dignitatis
1205 4558 1398 4597 eorum
1438 4543 1805 4599 considerata.
1860 4546 2037 4601 Pulsis

387 4686 394 4693 ,
470 4626 638 4701 igitur
665 4645 732 4684 ex
753 4628 889 4684 urbe
916 4631 1184 4701 tyrannis,
1217 4632 1377 4702 primi
1405 4633 1749 4688 consularem
1790 4633 2031 4705 dignita-

467 4727 636 4779 tatem
678 4721 961 4778 consecuti
992 4732 1121 4778 sunt
1150 4722 1213 4778 L.
1247 4723 1579 4795 Tarquinius
1619 4724 1889 4782 Lucretia:
1923 4743 2037 4782 ma-

467 4811 635 4873 ritus.
684 4821 741 4868 ct
782 4813 842 4868 L.
895 4813 1094 4870 Junius
1139 4826 1502 4886 cognomento
1530 4816 1767 4882 Brutus;
1819 4818 1886 4873 de
1930 4833 2040 4888 quo

468 4904 607 4958 mihi
636 4904 884 4973 quaedam
911 4906 1389 4961 commemoranda
1423 4917 1572 4963 sunt.

544 4995 780 5051 Marcius
814 4996 1036 5066 quidam
1071 4998 1254 5053 Romae
1286 4998 1370 5052 vir
1397 4998 1599 5054 nobilis
1624 5008 1765 5063 erat,
1788 5010 1895 5055 tam
1928 5002 2046 5071 cpi-

474 5085 578 5141 bus
625 5104 787 5157 quam
846 5090 1110 5160 dignitate
1150 5102 1436 5160 praestans.
1491 5093 1552 5147 Ei
1601 5108 1725 5147 cum
1771 5109 1898 5147 acer
1953 5094 2045 5148 ille

474 5176 806 5246 Tarquinius
831 5179 903 5234 ob
934 5179 1252 5234 facultatum
1299 5180 1715 5249 amplitudinem
1752 5180 2041 5243 invideret,

471 5267 752 5330 hominem
803 5284 907 5323 una
944 5285 1068 5325 cum
1108 5270 1219 5326 filio
1263 5273 1502 5341 perimit,
1532 5272 1733 5343 juvene
1756 5286 2042 5342 generoso,

2149 4450 2387 4495 resceret
2438 4441 2510 4497 ob
2553 4442 2769 4514 generis
2819 4444 3283 4514 propinquitatem
3334 4449 3513 4516 (erant
3561 4450 3710 4502 enim

2144 4532 2338 4587 eodem
2383 4533 2489 4588 orti
2532 4535 2839 4605 sanguine),
2882 4550 3075 4606 reapse
3122 4552 3255 4591 vero
3299 4538 3554 4606 cupiebat
3581 4556 3711 4592 ριιηι

2145 4626 2273 4682 filiis
2303 4628 2416 4683 suis
2449 4626 2778 4682 collusorem
2814 4625 2969 4693 dare,
3014 4626 3082 4681 de
3116 4628 3273 4697 cujus
3311 4629 3714 4683 consuetudine

2142 4719 2476 4790 voluptatem
2503 4726 2783 4788 caperent.
2824 4718 3013 4788 Itaque
3041 4719 3365 4773 versabatur
3398 4719 3544 4774 inter
3569 4719 3716 4774 libu-

2146 4820 2238 4885 ro‘s
2288 4806 2488 4877 regios,
2529 4806 2719 4876 eisque
2776 4805 3002 4861 ludendi
3048 4815 3103 4861 et
3148 4807 3367 4862 ridendi
3416 4810 3709 4863 materiam

2146 4897 2552 4968 suppeditabat.
2576 4896 2712 4952 Cum
2743 4905 2926 4952 autem
2967 4898 3265 4969 aliquando
3290 4899 3389 4953 filii
3419 4899 3708 4969 Tarquinii

2146 4989 2383 5059 Delphos
2437 4988 2822 5059 ablegarentur
2877 5003 2906 5043 a
2965 4997 3148 5059 patre,
3207 4989 3317 5060 36
3371 4990 3710 5045 sciscitatum

2145 5078 2414 5148 Apollinis
2449 5079 2733 5134 oraculum
2761 5080 2829 5133 de
2876 5079 3069 5135 morbo
3105 5081 3418 5149 pestilentc,
3465 5081 3557 5150 qui
3592 5091 3708 5133 tum

2144 5172 2516 5243 grassabatur,
2565 5171 2729 5228 etiam
2778 5173 2978 5228 Brutus
3024 5172 3107 5229 eis
3158 5173 3453 5244 adjunctus
3477 5182 3581 5238 est,
3617 5174 3716 5241 qui

2148 5264 2392 5319 ridiculis
2456 5263 2604 5334 ipsos
2650 5262 3004 5320 exbilararet.
3062 5263 3145 5319 Illi
3184 5264 3430 5334 Delphos
3482 5259 3721 5334 ingressi

1661 5410 1859 5473 Variae
1890 5409 2192 5471 lectiones
2220 5416 2294 5470 et
2339 5414 2525 5503 notae.

540 5573 684 5654 θ’τῇ
714 5576 826 5633 RR.
904 5579 946 5611 ⁶⁰
972 5579 1203 5649 φέροντα
1244 5580 1306 5635 R.
1386 5583 1426 5614 θ’
1467 5580 1556 5630 σὺν
1612 5581 1704 5631 καὶ
1733 5580 1794 5633 ll.

1880 5581 1920 5608 “
1955 5580 2146 5649 ἐπάγει.
2178 5580 2221 5635 li
