4080 6206
500 324 699 404 διππος
723 342 924 413 βοείαις
954 342 1013 394 έν
1061 340 1251 410 χηλαῖς
1278 338 1402 401 τοὺς
1437 336 1600 399 πέδας
1629 336 2014 412 ὡπλισμένων

496 439 674 491 Μόνον
703 436 747 490 δ’
775 436 937 490 αὑτὸν
970 434 1182 502 ἐδέχετο
1211 433 1371 485 Γάϊον
1401 431 1702 500 ἀναϐάτην,

496 529 764 595 Καθάπερ
786 527 874 578 τὸν
896 523 1250 593 Ἀλέξανδρον
1274 524 1439 585 ἵππος
1466 525 1493 576 ό
1515 521 1887 605 Βουκεφάλας.

563 616 747 681 Τούτῳ
771 614 846 683 τῷ
876 614 1115 685 Καίσαρι
1135 610 1320 666 καινὸν
1346 612 1585 666 τοιοῦτόν
1608 629 1660 665 τι
1682 613 1902 683 συνέϐη.

493 684 630 773 Γυνή
663 720 746 765 τις
773 703 1131 773 ἐπαφρόδιτος
1163 702 1487 767 συνέζευκτο
1516 704 1752 774 γαμέτῃ·

489 795 681 866 Νέρων
710 797 737 847 ὁ
760 794 960 865 ταύτης
987 790 1055 864 ἦν
1081 794 1438 866 άνὴρ,ἐκείνη
1467 795 1525 849 δὲ
1567 795 1781 851 Ἰουλία.

491 885 706 954 Ταύτην
728 885 995 938 τεκοῦσαν
1014 886 1230 956 Νέρωνι
1264 884 1343 955 τῷ
1372 886 1709 940 συνοικοῦντι
1741 887 1907 941 παῖδα

492 976 599 1027 Καὶ
617 975 778 1030 πάλιν
796 977 1030 1045 σχοῦσαν
1047 977 1104 1029 ἐν
1126 978 1323 1046 γαστρὶ
1336 977 1430 1030 καὶ
1446 975 1543 1049 τὴν
1554 978 1718 1048 νηδὺν
1731 979 1838 1044 πλη
1846 979 2066 1035 σθεῖσαν

489 1066 598 1117 Καὶ
626 1065 725 1134 τῆς
754 1068 1178 1138 ἐγκυμονήσεως
1208 1067 1449 1136 ἄγουσαν
1479 1068 1639 1122 ἕκτον
1670 1070 1816 1140 μῆνα

498 1157 557 1209 '0
587 1159 801 1227 Καῖσαρ
829 1158 988 1229 ἦθελε
1021 1160 1204 1214 λαϐεῖν
1234 1161 1316 1222 είς
1345 1161 1526 1229 γάμου
1564 1162 1873 1227 κοινωνίαν,

489 1248 598 1301 Καὶ
631 1248 860 1317 Νέρωνα
896 1251 1231 1320 κατήπειγεν
1256 1251 1404 1322 αὐτῷ
1436 1254 1812 1325 κατεγγυῆσαι

486 1331 597 1398 Τὴν
641 1336 888 1405 γαμετὴν
917 1337 1011 1389 καὶ
1053 1338 1338 1407 πατρικῶς
1356 1339 1562 1411 ταύτην
1592 1344 2058 1416 νυμφοστολῆσαι.

486 1423 740 1477 Πείθεται
768 1426 978 1496 Νέρων,
998 1429 1096 1499 οὐχ
1121 1428 1265 1482 ἑκὼν
1279 1430 1463 1485 δίδωσι
1484 1431 1584 1503 τὴν
1610 1436 1867 1501 γυναῖκα.

494 1512 559 1566 Ἦ
592 1513 638 1568 δ’
660 1516 979 1580 ἐπιστάντος
1010 1518 1105 1571 τοῦ
1129 1520 1322 1589 καιροῦ
1348 1521 1521 1576 τίκτει
1552 1522 1766 1576 παιδίον
1783 1525 1971 1595 άῤῥεν.

485 1606 791 1660 Κάντεῦθεν
816 1609 1131 1680 ἐξενήνεκτο
1150 1610 1406 1683 δημώδης
1434 1613 1727 1685 παροιμία.

1587 223 2105 285 CONSTANTINI
2142 221 2520 283 MANASSIS

2095 339 2143 397 Α
2170 332 2337 385 Φασὶν
2362 332 2439 395 ὡς
2461 330 2651 384 τούτου
2684 331 2988 402 προσγενὴς
3025 334 3119 384 τοῦ
3148 332 3424 403 Καίσαρος
3448 334 3613 403 Γαΐου

3636 223 3744 287 est
3778 184 3783 197 ’

2171 430 2566 500 Τρισαριστεὺς
2597 431 2913 499 ἀναφανεὶς,
2938 432 3027 483 ὅτε
3053 432 3447 502 Καρχηδονίοις
3488 474 3495 487 .

2180 522 2441 591 Ῥωμαῖοι
2466 523 2879 584 συνεπλέκοντο,
2909 524 3002 576 καὶ
3022 523 3207 595 δόρατι
3239 526 3467 594 καιρίως

2170 614 2356 668 Βαλὼν
2373 615 2463 668 τὸν
2480 616 2889 685 ἀνταγωνιστὴν
2912 616 3006 667 καὶ
3029 633 3311 687 κατατραυ
3322 620 3556 687 ματίσας

2183 707 2501 774 Ἐλέφαντος
2527 707 2823 778 ὀχούμενον
2854 709 3061 762 ἄνωθεν
3086 710 3449 780 εὐρυστέρνου

2167 797 2323 866 Αύτῷ
2356 799 2491 867 πρὸς
2520 798 2626 868 γῆν
2656 799 2993 869 κατήνεγκεν
3016 800 3059 841 “-
3084 799 3354 867 ἐλέφαντι,
3378 800 3679 855 κάντεῦθεν

2172 888 2369 958 Ἔσχεν
2394 888 2571 959 ἀρχὴν
2607 888 2706 957 τὴν
2734 888 3009 957 Καίσαρος
3034 888 3294 958 λαμπρλν
3334 892 3745 961 προσωνυμίαν,

2167 979 2445 1048 Καίσαρες
2465 980 2574 1048 γάρ
2602 979 2893 1048 ἐλέφαντες
2924 982 3035 1043 τοῖς
3059 978 3257 1042 Φοίνιξι
3293 982 3601 1035 καλοῦνται.

2179 1067 2273 1119 Ἐκ
2302 1066 2394 1119 τοῦ
2426 1067 2693 1135 προγόνου
2720 1069 3013 1136 τοιγαροῦν
3035 1069 3128 1122 τοῦ
3160 1074 3652 1140 προηριστευκότος

2167 1157 2445 1229 Καίσαρες
2468 1158 2847 1229 ἐπεκλήθησαν
2868 1161 2918 1212 οἱ
2951 1163 3271 1230 προσγενεῖς
3300 1163 3515 1231 ἐκείνῳ,

2165 1248 2345 1319 Τιμὴν
2381 1251 2645 1318 μεγίστην
2673 1250 2884 1313 ἑαυτοῖς
2913 1250 3166 1305 ἐντεῦθεν
3196 1251 3601 1323 προξενοῦντες.

2235 1342 2370 1412 Περὶ
2400 1343 2496 1405 μὲν
2524 1343 2730 1396 τούτων
2760 1344 2964 1407 ἱκανῶς
2982 1360 2997 1375 ⁸
3018 1347 3150 1414 ἡμῖν
3179 1346 3223 1398 δ’
3248 1346 3537 1400 ἐπανιτέον

2178 1432 2304 1485 Ἐπὶ
2322 1431 2416 1485 τοῦ
2441 1433 2603 1501 λόγου
2619 1434 2711 1487 τδν
2732 1435 2946 1505 είρμόν.
2973 1435 3276 1498 Μέλλοντος
3299 1437 3403 1508 γὰρ
3422 1437 3748 1509 ἐκονήσκειν

2165 1520 2273 1575 Τοῦ
2300 1521 2617 1575 καλλινίκου
2645 1522 2925 1593 Καίσαρος
2951 1523 3047 1577 τοῦ
3068 1525 3537 1596 τολμηροκαρδίου
3569 1530 3638 1593 ⁷⁸,

2168 1612 2354 1679 Ἔδοξε
2386 1611 2604 1683 βλέπειν
2632 1615 2665 1683 ἡ
2693 1614 2831 1684 γυνὴ
2858 1613 3049 1668 τούτου
3085 1616 3225 1668 κατά
3246 1618 3371 1681 τοὺς
3399 1616 3608 1684 ὕπνους

490 1714 507 1749 t
534 1697 664 1762 Τοῖς
684 1698 969 1770 εῦτυχοῦσι
997 1704 1092 1755 καὶ
1119 1703 1391 1775 λαμπροῖς
1412 1706 1506 1760 καὶ
1525 1707 1765 1779 τρίμηνα
1791 1709 2001 1763 παιδία.
2033 1729 2054 1763 ι
2093 1687 2132 1745 Β
2162 1705 2319 1758 Κατὰ
2344 1705 2441 1774 τῆς
2464 1705 2656 1760 τούτου
2686 1707 2928 1778 κεφαλῆς
2955 1708 3231 1763 πεσοῦσαν
3251 1713 3349 1781 τὴν
3370 1711 3568 1778 οἰκίαν.

553 1789 676 1842 Τῶν
704 1791 835 1858 γοῦν
855 1792 997 1847 κατὰ
1021 1795 1111 1848 τὸν
1132 1796 1388 1869 Καίσαρα
1414 1798 1605 1853 τοῦτον
1628 1800 2023 1873 ἱστορηθέντων

479 1881 682 1933 Λοιπὸν
706 1881 992 1954 διηγητέον
1028 1904 1118 1957 μοι
1148 1888 1311 1942 πόοεν
1337 1890 1539 1962 ἐκλήθη
1572 1893 1815 1964 Καῖσαρ.

479 1971 544 2023 Οἱ
572 1970 675 2041 μέν
699 1991 862 2042 φασιν
887 1976 960 2040 ὡς
983 1977 1080 2049 τῆς
1111 1981 1318 2052 μητρὸς
1342 1985 1480 2038 κατὰ
1505 1985 1741 2056 γαστρὸς
1763 1986 1995 2057 ἐχούσης

481 2063 591 2117 Καὶ
621 2064 694 2134 μὴ
727 2066 1012 2139 φθασάσης
1037 2072 1302 2138 ἐκτεκεῖν,
1327 2075 1466 2131 ἀλλὰ
1490 2077 1966 2151 προαπελθούσης,

493 2154 780 2224 ’Λνέτεμον
808 2159 856 2211 οί
885 2166 1208 2238 προσγενείς
1240 2166 1458 2239 ἐκείνης
1486 2168 1585 2241 τὴν
1608 2171 1880 2242 γαστέρα,

480 2245 589 2297 Καὶ
618 2245 726 2310 ζῶν
750 2248 957 2303 ἐκεῖθεν
982 2250 1222 2323 ἔμϐρυον
1245 2256 1339 2309 καὶ
1370 2258 1532 2312 πνέον
1556 2258 1835 2324 ἐξελόντες

479 2336 735 2407 Καίσαρα
756 2342 1152 2411 κατωνόμασαν
1173 2345 1250 2409 ὡς
1272 2347 1550 2419 ἁνατετμη
1560 2348 1746 2418 μένον.

484 2425 668 2480 ’Ἄλλοι
694 2430 750 2482 δέ
773 2430 933 2483 πάλιν
960 2432 1182 2501 λέγουσι
1202 2437 1301 2507 τῆς
1321 2439 1564 2509 κεφαλῆς
1591 2441 1691 2510 τὴν
1716 2440 1895 2512 κόμην

2159 1793 2264 1845 Τὸν
2293 1793 2463 1865 ἄνδρα
2489 1794 2546 1849 δὲ
2578 1797 2919 1867 κατάρρυτον
2943 1797 3139 1867 αἵμασι
3168 1800 3432 1867 γεγονότα

2158 1885 2498 1956 Οίκτρότατα
2532 1891 2865 1941 καταπεσεῖν
2892 1890 2986 1943 ἐπὶ
3019 1891 3144 1954 τοὺς
3170 1892 3374 1962 ταύτης
3400 1893 3655 1957 κόλπους.

2170 1974 2414 2046 Ἐσφάγη
2445 1977 2579 2040 γοῦν
2601 1978 2850 2041 ἐλεεινῶς
2871 1980 2970 2050 τῆς
3003 1981 3208 2051 ἀγορᾶς
3238 1984 3297 2036 ἐν
3326 1984 3497 2052 μέσῳ,

2156 2065 2532 2138 Ἐπιθεμὲνων
2557 2070 2793 2141 δολερῶς
2812 2072 3020 2126 Κασίου
3053 2091 3111 2127 τε
3137 2076 3231 2127 καὶ
3271 2073 3529 2144 Βρούτου.

2229 2160 2389 2214 Γαΐου
2413 2161 2591 2215 τοίνυν
2625 2164 2901 2233 Καίσαρος
2919 2164 3093 2229 οὕτως
3114 2167 3452 2230 ἀπολωλότος

2169 2251 2505 2319 Ἀδελφιδοῦς
2522 2255 2831 2323 εἰσποίητος
2849 2256 2964 2320 υίὸς
2988 2257 3222 2323 ἐκείνου,
3246 2259 3463 2327 Καῖσαρ

2168 2342 2227 2397 ὐ
2257 2343 2520 2409 σεϐαστός
2546 2346 2884 2417 ἐπικληθεὶς,
2904 2347 3127 2403 ἐλάϐετο
3148 2351 3258 2402 τῶν
3283 2351 3601 2422 σκήπτρων,

2156 2435 2230 2488 Τὸ
2262 2435 2362 2506 μὲν
2405 2437 2690 2502 Ὀκτάϐιος
2717 2440 2900 2509 αὐχῶν
2934 2442 3008 2501 ὡς
3038 2442 3223 2512 κύριον
3250 2445 3313 2501 ἐκ
3339 2443 3594 2512 βρέφους.

490 2519 799 2590 Ῥωμαίους
826 2522 1007 2592 λέγειν
1036 2527 1312 2597 καίσαριν’
1358 2531 1576 2601 Καῖσαρ
1618 2532 1750 2600 γοῦν
1776 2531 2052 2604 ἐπεκλήθη
2146 2525 2461 2594 Αὔγουττος
2493 2530 2630 2599 μετὰ
2652 2531 2819 2583 ταῦτα
2841 2532 2897 2584 δὲ
2921 2532 3142 2603 κληθεῖς
3164 2534 3241 2597 ὡς
3264 2536 3592 2606 ηὐξημένος.

479 2609 636 2676 Γάϊος
659 2611 730 2676 ῶς
757 2615 1156 2690 εύπλόκαμοςῆ
1189 2621 1386 2690 μᾶλλον
1413 2622 1488 2686 ὡς
1519 2623 1799 2696 δασύθριξ.

478 2701 694 2773 ’Έτεροι
729 2704 786 2758 δὲ
817 2705 1130 2778 Ῥωμαϊκὰς
1151 2712 1462 2783 γράψαντες
1495 2715 1738 2787 ἱστορίας

2156 2610 2326 2681 Οὗτος
2364 2619 2570 2690 ὑπῆρξε
2600 2620 2868 2692 μόναρχος
2893 2624 2972 2685 είς
2994 2624 3155 2677 πλέον
3176 2627 3499 2696 ἐκταθείσης

2155 2708 2264 2763 Καὶ
2287 2710 2384 2780 τῆς
2400 2710 2546 2782 ζωῆς
2566 2714 2661 2766 καὶ
2675 2713 2771 2785 τῆς
2790 2714 2966 2786 ἀρχῆς
2982 2718 3059 2780 είς
3083 2717 3229 2788 ἄκρα
3253 2719 3298 2751 ⁷⁸
3318 2720 3419 2789 γῆς
3438 2720 3742 2787 φθασάσης.

2811 2835 2814 2839 ’
3410 2809 3561 2866 Vers.
3600 2812 3740 2866 1837

477 2962 571 3003 sus
600 2957 684 3004 est
716 2950 818 3004 sibi
848 2967 950 3021 per
990 2954 1230 3022 quietem
1279 2956 1485 3026 aliquid
1514 2958 1723 3027 videre,
1753 2976 1863 3032 quo
1891 2976 2054 3018 secu-
2091 3028 2124 3037 -
2156 2973 2355 3014 nomen
2404 2959 2661 3021 habuisse
2681 3002 2696 3025 ,
2728 2962 2874 3032 quod
2923 2964 3151 3034 pulchra
3188 2966 3469 3037 densaque
3519 2970 3745 3025 caesarie

478 3047 637 3093 turus
688 3041 776 3095 hic
822 3054 1052 3100 eventus
1097 3046 1461 3115 iudicaretur,
1503 3028 1788 3106 nimirum—
1812 3068 1872 3108 se
1915 3053 2057 3114 citra
2083 3028 2127 3086 θ
2160 3050 2422 3118 praeditus
2449 3062 2617 3108 esset.
2652 3054 2900 3124 Denique
2928 3057 3178 3111 nonnulli
3214 3068 3342 3113 sunt
3392 3076 3573 3115 rerum
3627 3062 3740 3116 Ro-

478 3131 740 3200 pudorem
788 3134 956 3189 ullum
1004 3138 1196 3193 matris
1247 3141 1591 3210 amplexibus
1645 3157 1804 3197 usum
1861 3142 2052 3200 fuisse.

370 3246 372 3249 -
480 3221 743 3279 Praeterea
774 3235 960 3280 natum
990 3238 1074 3284 est
1104 3229 1157 3283 in
1187 3232 1306 3301 ejus
1338 3233 1508 3303 equlli
1542 3233 1872 3306 prodigium,
1902 3236 2057 3291 vide-

477 3314 607 3371 licet
636 3333 832 3388 equus,
866 3320 1025 3391 cujus
1052 3322 1222 3391 pedes
1253 3325 1469 3395 ungula:
1499 3325 1721 3386 bubula:
1753 3329 2053 3394 munirent,

474 3418 531 3462 et
564 3409 657 3479 qui
685 3412 861 3473 solum
909 3413 1175 3470 Ctesarem
1209 3426 1485 3473 vectorem
1514 3419 1826 3491 acciperet,
1859 3437 2055 3491 quem.

362 3544 367 3545 κ
476 3499 769 3568 admodum
817 3503 1161 3575 Bucephalus
1209 3509 1384 3564 solum
1435 3510 1806 3569 Alexandrum
1854 3513 2057 3568 admit-

479 3590 648 3647 lebat.

545 3681 736 3735 Eidem
761 3680 959 3738 Caesari
991 3702 1190 3742 novum
1216 3691 1474 3758 quiddam
1499 3693 1812 3763 hujnsmodi
1837 3696 2056 3751 accidit.

474 3770 607 3838 Erat
629 3784 857 3829 venusta
887 3778 1085 3832 mulier
1106 3779 1249 3835 Julia
1270 3797 1394 3838 cum
1417 3775 1611 3841 marito
1628 3786 1843 3842 Nerone
1866 3798 2056 3858 nupta,

475 3863 564 3918 cui
595 3872 947 3935 posteaquam
979 3868 1185 3954 liberos
1224 3872 1437 3942 aliquos
1480 3877 1782 3946 peperisset
1822 3894 1887 3935 ac
1932 3897 2059 3934 rur~

473 3970 567 4012 sus
613 3965 831 4013 uterum
876 3969 1031 4015 sexto
1070 3961 1183 4032 jam
1237 3979 1422 4021 mense
1461 3965 1666 4031 ferret,
1707 3968 1888 4041 Caesar
1937 3987 2057 4026 eam

473 4048 577 4105 sibi
602 4050 886 4122 conjugem
914 4053 1189 4122 poscebat,
1216 4066 1272 4111 et
1294 4057 1567 4114 Neronem
1592 4056 1818 4129 urg’ebat
1843 4070 1899 4115 ut
1928 4079 2061 4120 uxo-

474 4156 589 4194 rem
620 4156 772 4196 suam
814 4142 949 4211 ipsi,
980 4154 1236 4216 tanquam
1269 4148 1312 4202 si
1349 4162 1503 4219 pater
1535 4162 1678 4206 esset
1700 4193 1713 4214 ,
1743 4153 2057 4224 desponde-

476 4242 579 4287 ret.
609 4233 769 4292 Paret
805 4234 1011 4293 invitus
1038 4237 1237 4294 Caesari
1280 4241 1446 4308 Nero,
1481 4244 1767 4316 coniugem
1803 4248 1855 4302 ei
1902 4263 2055 4325 suam

473 4321 679 4389 tradit;
715 4339 837 4393 quae
860 4326 951 4381 ubi
979 4328 1228 4397 pariendi
1262 4338 1478 4401 tempus
1501 4335 1843 4404 appetiisset,
1874 4321 2044 4392 tilium
2073 4361 2128 4421 υ

472 4427 678 4468 marem
715 4415 906 4470 edidit.
942 4418 1092 4476 Unde
1124 4421 1286 4492 vulgo
1313 4424 1499 4478 tritum
1532 4425 1664 4479 illud
1695 4429 2044 4495 proverbium

470 4515 659 4561 natum
692 4517 816 4562 est:
855 4527 875 4562 (
904 4510 1192 4570 Nobilibus
1233 4523 1290 4568 et
1331 4516 1633 4584 Splendidis
1664 4517 1828 4572 etiam
1871 4536 2056 4579 mense

471 4596 635 4652 tertio
675 4598 835 4653 liberi
874 4612 1193 4661 nascuntur.
1228 4623 1246 4655 ι
1498 4682 1501 4683 ν

539 4687 693 4745 Licet
722 4699 905 4744 autent
957 4692 1044 4747 his
1075 4693 1144 4750 de
1187 4694 1402 4753 Caesare
1453 4702 1685 4768 proditis
1716 4705 1849 4762 illud
1885 4709 2051 4763 etiam

469 4776 800 4858 adjungcre’,
846 4782 991 4839 unde
1051 4783 1282 4842 Caesaris
1334 4805 1534 4846 nomen
1584 4794 1860 4852 habuerit.
1914 4800 2054 4856 Sunt

468 4871 563 4953 qui
598 4871 815 4925 tradant
861 4876 981 4945 ejus
1008 4886 1234 4932 matrem
1280 4881 1557 4950 gravidam
1601 4885 1736 4942 eniti
1787 4905 1897 4945 non
1947 4907 2046 4959 pc-

469 4959 662 5023 tuisse.
694 4962 789 5017 sed
816 4962 983 5020 fuisse
1014 4977 1137 5023 ante
1168 4980 1380 5039 partum
1413 4975 1773 5044 exstinctam;
1819 4995 1930 5049 quo
1967 4981 2047 5036 fa-

469 5056 616 5103 ctum
648 5049 720 5105 sit
754 5060 813 5105 ut
846 5054 965 5123 ejus
991 5060 1787 5130 propinquijuberentuterum
1813 5070 2042 5139 aperiri.

467 5138 545 5203 De
574 5154 684 5209 quo
711 5157 836 5197 cum
873 5142 1015 5201 fetus
1038 5146 1196 5202 vivus
1223 5152 1536 5219 prodiisset.
1559 5154 1826 5213 Ctesarcm
1850 5138 2042 5216 dixere

444 5225 726 5298 'tanquam
757 5233 1021 5290 excisum.
1056 5237 1159 5293 Alii
1194 5242 1386 5297 volunt
1419 5259 1628 5301 comam
1658 5251 1853 5319 capitis
1898 5252 2043 5321 apud

471 5320 745 5379 Romanos
790 5327 1065 5383 caesariem
1113 5333 1410 5401 appellari,
1462 5338 1764 5410 Gaiumque
1815 5320 2044 5400 Caesaris

2156 3156 2440 3199 manarum
2502 3145 2835 3215 scriptores,
2883 3148 2978 3218 qui
3039 3151 3320 3207 memoriae
3376 3153 3741 3222 prodiderunt

2159 3234 2327 3296 fuisse
2360 3236 2650 3306 quemdam
2679 3237 3046 3296 CaiiCaesaris
3064 3243 3347 3312 gentilem,
3379 3247 3471 3315 qui
3511 3248 3741 3316 praecla-

2159 3326 2238 3382 ris
2275 3327 2611 3387 facinoribus
2655 3330 2818 3385 editis
2861 3347 2928 3386 eo
2974 3342 3219 3403 tempore
3264 3351 3375 3405 quo
3425 3336 3655 3392 Romani
3686 3349 3745 3394 et

2157 3417 2618 3489 Carthaginienses
2654 3420 2861 3477 bellum
2913 3424 3055 3479 inter
3087 3441 3146 3480 se
3209 3427 3517 3498 gerebant,
3571 3431 3738 3483 etiam

2159 3509 2347 3565 lethali
2378 3511 2547 3565 hasta:
2578 3512 2806 3568 vulnere
2840 3514 3221 3571 adversarium
3269 3519 3566 3587 elephanto
3602 3520 3740 3574 insi-

2159 3605 2381 3662 dentem
2410 3624 2517 3664 una
2560 3622 2684 3664 cum
2732 3610 2847 3680 ipsa
2876 3611 3054 3666 bellua
3084 3612 3138 3666 in
3174 3621 3373 3670 terram
3426 3626 3740 3685 prostrave-

2163 3695 2252 3759 l'it,
2289 3697 2527 3768 indeque
2558 3699 2855 3770 gloriosum
2875 3700 3108 3757 Ctesaris
3126 3714 3547 3774 cognomentum
3579 3722 3742 3763 acce-

2161 3789 2304 3858 perit
2341 3807 2354 3843 :
2388 3780 2514 3845 nam
2545 3806 2613 3847 eo
2644 3792 2914 3847 vocabulo
2956 3795 3141 3849 Ptcnis
3175 3797 3497 3866 elephantos
3550 3801 3740 3869 appelo

2159 3878 2281 3931 lari.
2314 3878 2397 3934 Ab
2428 3880 2532 3935 hoc
2572 3880 2740 3951 igitur
2772 3893 3002 3939 cancros
3030 3886 3264 3955 gentiles
3289 3896 3453 3958 atque
3487 3900 3742 3959 pustcrns

2161 3966 2333 4034 ipsius
2360 3966 2603 4025 Caesares
2631 3970 2800 4026 fuisse
2819 3972 3013 4039 dictos,
3044 3974 3271 4033 honoris
3292 3978 3361 4032 ab
3391 3992 3584 4034 eouem
3628 3997 3738 4036 non

2161 4074 2352 4129 parum
2384 4071 2733 4118 consecutos.

2231 4153 2308 4206 Ac
2332 4153 2398 4208 de
2427 4154 2511 4209 his
2539 4154 2761 4225 quidem
2794 4156 3003 4214 dictum
3035 4161 3169 4216 satis
3202 4178 3216 4215 :
3247 4178 3393 4219 nunc
3421 4164 3489 4219 ad
3527 4167 3739 4220 oratio-

2160 4242 2247 4298 nis
2272 4244 2467 4298 seriem
2498 4245 2807 4302 redeamus.
2839 4248 2975 4304 Cnm
3000 4253 3165 4307 morti
3213 4255 3431 4311 vicinus
3462 4267 3610 4312 esset
3654 4259 3741 4312 vi-

2161 4336 2435 4391 ctoriosus
2454 4337 2545 4393 ille
2578 4337 2845 4411 fortisque
2876 4341 3079 4409 Caesar,
3115 4361 3255 4400 uxor
3286 4348 3405 4417 ejus
3444 4364 3542 4418 per
3570 4351 3734 4419 quie-

2153 4438 2262 4485 tem
2307 4431 2497 4487 videre
2538 4433 2656 4489 visa
2692 4445 2775 4491 est
2804 4437 3044 4508 gladium
3093 4440 3206 4511 38
3256 4442 3311 4496 in
3357 4454 3526 4512 caput
3563 4445 3741 4515 ipsius

2153 4521 2534 4589 dclabentem,
2571 4526 2832 4583 maritum
2881 4546 3014 4586 vero
3045 4534 3311 4603 sanguine
3353 4536 3636 4604 perfusum
3680 4539 3735 4593 in

2151 4614 2332 4668 sinum
2358 4616 2546 4672 uxoris
2572 4618 2880 4676 miserrime
2901 4637 2958 4678 se
2985 4622 3389 4681 demittentem.
3417 4626 3735 4683 Secundn'm

2151 4704 2269 4760 haec
2298 4706 2352 4761 in
2380 4708 2563 4764 medio
2592 4709 2711 4766 foro
2741 4712 3129 4770 miserabiliter
3166 4732 3339 4771 caesus
3362 4728 3447 4774 est
3469 4759 3484 4786 ,
3519 4720 3735 4777 insidiis

2149 4811 2180 4851 a
2214 4796 2405 4852 Cassio
2431 4798 2711 4871 Brutoque
2741 4806 2988 4860 structis.

2222 4888 2338 4945 Hoc
2367 4891 2530 4947 modo
2556 4906 2679 4946 cum
2704 4892 2873 4950 Gaius
2895 4895 3075 4952 Caesar
3101 4899 3423 4963 interiisset.
3447 4901 3590 4957 ﬁlius
3614 4904 3736 4973 ejus

2152 4979 2462 5062 adoptivus;
2510 4982 2789 5053 Augustus
2815 4986 2995 5043 Ctesar
3018 5006 3049 5045 e
3084 4989 3203 5045 Caii
3233 5007 3421 5048 sorore
3450 5004 3635 5057 natus,
3677 4997 3730 5048 in

2151 5071 2383 5141 imperio
2408 5076 2712 5142 successit;
2741 5078 2836 5147 qui
2874 5094 2998 5133 cum
3024 5096 3053 5134 a
3087 5098 3258 5150 puero
3287 5099 3487 5139 nomen
3516 5085 3728 5141 Octavii

2152 5172 2410 5233 tanquam
2438 5166 2544 5222 sibi
2572 5170 2857 5239 proprium
2889 5172 3204 5239 habuisset,
3231 5175 3495 5247 deinceps
3545 5181 3734 5249 Angu-

2151 5264 2241 5310 tus
2265 5256 2447 5313 dictus
2479 5269 2564 5315 est
2594 5262 2744 5317 velut
2777 5272 2992 5320 auctus.
3024 5264 3188 5322 Solus
3212 5268 3495 5325 dominatu
3522 5270 3732 5339 potitus

2150 5355 2234 5401 est
2277 5347 2334 5402 in
2383 5348 2493 5404 vita
2526 5351 2768 5421 longaeva
2807 5363 2863 5408 et
2894 5356 3126 5426 imperio
3158 5360 3226 5415 ad
3259 5370 3536 5420 extremos
3566 5374 3730 5420 terra:

1657 5500 1857 5563 Variae
1891 5502 2198 5567 lectiones
2238 5512 2299 5568 et
2342 5514 2534 5570 noue.

541 5620 587 5654 ⁶⁹
611 5624 943 5697 κατέρραξεν
968 5629 1033 5688 Β.
1112 5634 1156 5667 ’⁷ο
1181 5641 1639 5711 καρτεροκαρδίον
1675 5644 1836 5699 AltR.
1917 5648 1956 5679 ⁷⁸
1993 5630 2167 5719 ἀρχῆς
2197 5652 2290 5705 καὶ
2310 5654 2407 5721 τῆς
2435 5652 2578 5723 ζωῆς
2604 5655 2680 5720 είς
2714 5654 2879 5725 ἄκρον
2911 5655 2975 5711 Β.
