4106 6206
372 331 572 385 Τοῦτον
599 329 631 398 ἡ
666 329 849 399 μήτηρ
876 328 1081 383 κύουσα
1109 330 1353 384 κατεῖδεν
1386 331 1443 383 ἐν
1465 333 1695 402 ὀνείροις

372 423 695 491 Σπλάγχνον
726 421 897 489 αὐτῆς
918 423 996 484 είς
1022 421 1251 492 οὐρανὸν
1273 421 1348 484 ὡς
1382 423 1627 493 ἁρπαγὲν
1650 422 1876 491 ἀνέπτη.

378 514 537 581 ’Λρτι
556 509 601 561 δ’
618 507 983 572 ἐκκύπτοντος
1006 511 1050 541 ⁷²
1076 510 1257 579 ὑγρῶν
1279 512 1342 564 ὲκ
1366 512 1646 582 μητρικῶν
1667 512 1946 583 θαλάμων,

377 603 561 668 Ἔδοξε
589 600 809 671 βλέπειν
831 603 859 653 ὁ
888 601 1065 672 πατὴρ
1086 603 1252 655 αὐτοῦ
1276 604 1417 657 κατᾶ
1437 604 1565 667 τοὺς
1594 604 1803 667 ὕπνους

383 693 472 756 Ὠς
499 695 563 744 ἐκ
594 691 701 745 τῶν
728 692 942 744 κόλπων
964 691 1167 762 ἔφαυσε
1187 694 1285 761 τῆς
1311 694 1485 764 τούτῳ
1515 694 1872 765 συνοικούσης

376 784 566 844 ἸΙλιος
597 783 625 833 ὁ
650 779 1045 850 τερψιμϐροτος
1069 782 1098 834 ὁ
1134 782 1304 851 μέγας
1331 781 1674 853 ήμεράρχης.

387 877 477 938 Ὠς
506 877 561 928 δὲ
596 875 831 945 προῆλθε
865 874 1084 944 βράδιον
1107 876 1171 928 ὲκ
1197 877 1293 945 τῆς
1315 877 1494 938 οἰκίας
1523 875 1666 940 τότε,

387 966 804 1037 Ἀστεροσκόπῳ
824 966 875 996 ’³
900 963 1137 1035 ἐντυχὼν
1169 966 1332 1036 ἤρετο
1360 968 1457 1036 τὴν
1483 967 1682 1020 αἰτίαν.

386 1057 630 1111 Ἐκείνου
657 1054 713 1107 δὲ
736 1056 833 1124 τὴν
855 1054 1107 1123 γέννησιν
1137 1055 1230 1109 τοῦ
1261 1055 1495 1127 βρέφους
1524 1058 1841 1118 ἐπειπόντος

376 1148 490 1201 Kal
510 1147 576 1199 τὰ
603 1144 811 1215 μεγάλα
836 1146 1172 1215 φράσσοντος
1192 1145 1341 1217 αύτῷ
1361 1147 1470 1203 τῶν
1490 1149 1806 1220 ὀνειράτων,

376 1237 808 1309 Βαρυπενθήσας
836 1239 864 1290 ὁ
889 1237 1057 1302 πολὺς
1073 1239 1281 1303 ἐκεῖνος
1305 1240 1658 1310 ἀστρολόγος,

381 1349 403 1381 ι
439 1328 751 1398 Ἄνθρωπε,
782 1326 835 1379 τί
865 1325 1204 1397 πεποίηκας;
1254 1318 1610 1398 ι’ἀνέκραγεν
1632 1332 1698 1383 ἐκ
1724 1328 1942 1400 βάθους·

380 1442 401 1473 ε
428 1420 705 1488 Δεσπότην
732 1417 1052 1486 ἀπεκύησας
1073 1419 1205 1488 ἡμῖν
1227 1419 1322 1472 καὶ
1347 1420 1593 1488 βασιλέα.
1639 1440 1658 1471 ι

375 1512 486 1565 Τοῦ
513 1512 570 1565 δὲ
596 1510 784 1574 παιδὸς
810 1510 1124 1573 ἐλαύνοντος
1147 1511 1227 1573 εἰς
1248 1511 1417 1582 αὔξην
1442 1512 1681 1582 ἡλικίας,

380 1604 499 1657 Κάν
528 1604 642 1666 τοῖς
669 1603 858 1674 ἀγροῖς
902 1600 1178 1668 διάγοντος
1214 1602 1313 1656 σὺν
1337 1605 1450 1667 τοῖς
1471 1602 1638 1657 αὑτοῦ
1668 1602 1943 1666 τοκεῦσιν,

378 1695 490 1747 Kal
519 1695 856 1765 τερπομένου
880 1694 1157 1764 θερισταῖς
1180 1694 1275 1748 καὶ
1299 1698 1407 1759 τοῖς
1433 1696 1819 1765 ἀμαλλοδέταις
1838 1736 1852 1760 ,

377 1788 490 1840 Kal
514 1788 635 1839 ταῖν
656 1786 836 1854 χεροῖν
866 1783 1198 1855 ὲμφέροντος
1225 1785 1389 1855 ἄρτον
1414 1786 1508 1839 καὶ
1536 1786 1789 1856 σιτουμέν
1806 1805 1877 1852 .υ,

381 1878 571 1945 ’Δφνω
590 1876 845 1946 ροιζήσας
865 1876 1021 1939 ἀετὸς
1050 1877 1348 1948 ἁφήρπασε
1379 1877 1470 1929 τὸν
1492 1878 1656 1946 ἄρτον
1674 1916 1687 1941 ,

378 1971 491 2023 Kal
513 1967 835 2039 πτερυχθεὶς
860 1968 905 1999 ⁷⁵
928 1970 1221 2037 μετάρσιος
1244 1967 1449 2038 ἐπῆρτο
1476 1970 1614 2039 πρὸς
1645 1970 1808 2041 ἀέρα,

378 2064 491 2116 Kal
514 2062 674 2115 πάλιν
698 2060 1076 2122 ὲπικαταπτάς
1102 2058 1355 2112 ἀπέδωκε
1383 2058 1473 2111 τὸν
1495 2060 1682 2129 ἄρτον.

392 2155 545 2207 Ἐπεὶ
567 2153 625 2206 δὲ
651 2153 785 2224 πρὸς
807 2151 1085 2222 βασίλειον
1116 2148 1245 2219 ὕψος
1268 2150 1624 2220 ἀναϐεϐήκει,

378 2243 645 2314 Θυμώδης
672 2238 760 2313 ἦν,
778 2241 1094 2313 ἀκράχολος,
1114 2241 1350 2310 ὀργίλος,
1367 2241 1657 2311 ὁρμητίας,

380 2330 495 2381 Kal
520 2329 681 2381 πάλιν
708 2329 1080 2400 εὐμετάιρορος
1101 2328 1310 2397 ἐγίνετο
1340 2330 1435 2381 καὶ
1472 2330 1667 2398 πρᾶος.

394 2418 483 2481 Ὧς
509 2414 603 2472 οὖν
631 2419 866 2489 ἔκάθητό
892 2436 1018 2472 ποτε
1040 2418 1332 2471 δικοθετῶν
1355 2420 1448 2473 καί⁵
1476 2419 1678 2489 κρίνων

385 2509 495 2563 Kal
525 2510 732 2581 πότμον
755 2512 1070 2583 ἀπεφήνατο
1095 2512 1237 2566 κατὰ
1263 2512 1471 2567 πολλῶν
1500 2511 1825 2584 ἀνθρώπων,

395 2600 562 2673 ’Δνὴρ
593 2604 842 2672 Μηκίνης
867 2620 951 2667 τις
979 2604 1141 2672 σοφὸς
1168 2603 1244 2673 μὴ
1276 2603 1481 2657 σθένων
1507 2604 1809 2674 πλησιάσαι

384 2694 498 2747 Kal
526 2694 844 2766 νουθετῆσαι
877 2695 1134 2766 Καίσαρα
1162 2695 1267 2767 μτδ
1311 2696 1515 2765 πλῆθος
1555 2696 1664 2768 γὰρ
1691 2697 1947 2769 ἀπεῖργε)

383 2907 522 2961 fznes
554 2914 863 2975 prorogato.
894 2904 1030 2960 Cum
1063 2913 1234 2959 mater
1261 2918 1329 2959 eo
1356 2901 1577 2974 gravida
1603 2901 1743 2957 foret
1768 2942 1783 2967 ,
1813 2902 1951 2957 vidit

1431 218 1937 279 COMPENDIUM
1971 217 2448 280 CHRONICUM.

3511 223 3616 290 290

1982 343 2024 396 Α
2055 334 2244 403 Χάρτῃ
2273 332 2515 385 πιστεύει
2544 333 3137 403 γράμματαβςραγῖδι
3172 335 3513 405 σημειοῦται.

2055 421 2251 488 Ἔλεγε
2285 420 2341 473 δὲ
2366 421 2433 472 τὰ
2463 422 2769 491 γράμματα
2793 439 2807 454 ·
2842 441 2858 473 ι
2889 424 3080 493 Δήμιε,
3106 424 3310 478 παῦσαι
3338 425 3557 495 κρίνων.
3593 446 3615 479 ν

2051 510 2532 580 Καταστοχάζεται
2562 511 2766 576 καλῶς,
2792 514 2882 565 τὸν
2904 515 3110 583 χάρτην
3136 516 3434 579 ἀκοντίζει.

2049 600 2160 652 Kal
2182 601 2391 668 Καῖσαρ
2415 599 2603 652 τοῦτον
2626 600 2859 653 κατιδὼν
2875 602 2970 672 τὴν
2986 603 3167 656 δέλτον
3194 604 3239 635 ⁷⁵
3261 605 3618 669 ἀναπτύσσει,

2049 689 2160 742 Kal
2179 693 2294 753 τοῖς
2335 693 2625 761 γραφεῖσιν
2668 691 2907 762 ἐντυχὼν
2945 694 3232 747 ἀνίσταται
3275 695 3371 748 τοῦ
3405 696 3619 768 θρόνου,

2048 779 2159 832 Kal
2185 779 2400 848 τίθησιν
2425 780 2686 848 ἀκύρωτα
2716 781 2894 835 πάντα
2925 784 2992 834 τὰ
3020 783 3385 852 ψηφισθέντα.

2113 871 2301 941 Τούτῳ
2333 873 2502 940 συνῆν
2530 872 2845 938 διδάσκαλος
2886 872 3267 946 ’Λλεξανδρεὺς
3299 878 3357 930 τὸ
3380 878 3558 946 γένος,

2048 962 2159 1031 Τὴν
2187 962 2379 1030 κλῆσιν
2416 962 3003 1035 Ἀθηνὸδωρος,πό.σης
3035 968 3230 1035 σοφίας
3264 969 3505 1038 πλήρης.

2049 1052 2158 1105 Kal
2185 1051 2421 1122 τρόπους
2450 1052 2778 1119 ἱκανώτατος
2813 1056 3097 1127 ῥυθμίζειν
3123 1060 3217 1111 καὶ
3247 1060 3546 1113 παιδεύειν.

2048 1135 2217 1205 Οὗτος
2247 1143 2697 1214 ἑρωτοκράτητον
2726 1147 2816 1198 τὸν
2845 1147 3103 1217 Καίσαρα
3128 1149 3409 1216 γινώσκων

2049 1234 2158 1287 Kal
2178 1233 2238 1288 τὺ
2265 1234 2365 1304 μὲν
2389 1233 2511 1288 ὅλον
2536 1237 2813 1306 πορνικὸν,
2833 1239 2894 1289 τὸ
2916 1238 2971 1292 δὲ
2990 1241 3096 1292 τῶν
3113 1241 3286 1293 ἄλλων
3310 1245 3514 1311 χεῖρον,

2061 1322 2427 1393 Ὀρεκτιῶντα
2456 1324 2730 1392 γυναικῶν
2748 1324 3004 1396 ἀνδράσιν
3034 1328 3399 1396 ἐζευγμένων,

2046 1415 2158 1467 Kal
2179 1413 2302 1478 τοὺς
2328 1414 2603 1484 ὀμόζυγας
2620 1416 2800 1468 αὐτῶν
2832 1418 3125 1486 ὑπηρετεῖν
3149 1419 3225 1488 τῷ
3252 1420 3415 1489 μύσει
3442 1421 3489 1453 ⁷⁸

2047 1506 2389 1567 Δεσποτικῶς
2420 1510 2827 1577 προστάττοντα
2857 1510 2952 1562 καὶ
2980 1514 3490 1580 τυραννικωτέρως,

2060 1596 2317 1665 Ἀπάγειν
2336 1596 2525 1650 τοῦτον
2551 1596 2778 1651 ἔσπευδε
2805 1600 2903 1668 τῆς
2925 1600 3126 1669 λύσσης
3151 1603 3252 1670 τῆς
3273 1602 3365 1655 τοῦ
3390 1603 3616 1670 πάθους.

1977 1674 2021 1732 Β
2061 1688 2210 1739 Ἐπεὶ
2232 1686 2276 1739 δ’
2300 1687 2360 1739 οὐ
2386 1688 2696 1757 μετετίθετο
2733 1690 2949 1758 Καῖσαρ
2980 1689 3073 1742 τοῦ
3098 1691 3299 1758 φαύλου
3337 1693 3477 1761 βίου,

2062 1777 2120 1829 Ὀ
2151 1778 2458 1846 θαυμαστὸς
2487 1778 2805 1849 καθηγητὴς
2833 1781 3073 1833 τοιοῦτόν
3094 1800 3146 1835 τι
3174 1786 3453 1853 τεχνᾶται.

2061 1868 2207 1922 Ἰδὼν
2223 1869 2619 1937 ὀλοφυρόμενον
2638 1870 2926 1941 ἄνθρωπον
2957 1872 3054 1924 καὶ
3081 1873 3619 1947 θρηνοῦντσ[στέρων

2049 1961 2171 2015 Τῶν
2212 1962 2309 2031 τῆς
2344 1962 2650 2032 συγκλήτου
2695 1962 2788 2015 καὶ
2822 1965 3093 2035 λαμπρῶν
3121 1969 3214 2019 καὶ
3246 1970 3354 2020 τῶν
3394 1971 3620 2041 εὐτυχε-

2050 2053 2183 2120 (Kal
2210 2052 2319 2123 γὰρ
2347 2053 2495 2124 αὐτῷ
2526 2055 2901 2124 προστέτακτο
2931 2057 3134 2127 φορείῳ
3160 2060 3480 2130 καταστέγῳ

2049 2144 2161 2213 Τὴν
2185 2145 2430 2215 γαμετὴν
2446 2146 2834 2209 ἐγκλείσασθαι
2852 2148 2946 2200 καὶ
2963 2147 3038 2217 τῷ
3062 2150 3354 2214 κρατοῦντι
3382 2154 3618 2226 πέμψαι)

2050 2234 2436 2301 Παρεγγυᾶται
2464 2233 2540 2305 μὴ
2566 2235 2779 2289 πενθεῖν
2808 2236 2944 2306 μηδὲ
2971 2237 3185 2307 βαρέως
3215 2240 3423 2310 φέρειν,

2047 2322 2225 2377 Αὑτὸν
2251 2324 2295 2377 δ’
2321 2325 2447 2377 ἀντὶ
2468 2326 2565 2393 τῆς
2595 2327 2852 2393 γυναικὸς
2877 2327 3159 2394 ἐγκλεῖσαι
3181 2331 3258 2401 τῷ
3280 2333 3482 2402 φορείῳ

2052 2413 2158 2464 Kal
2178 2413 2381 2465 στεῖλαι
2395 2414 2529 2484 πρὸς
2543 2415 2634 2467 τὸν
2651 2414 2901 2485 Καίσαρα
2919 2433 2930 2447 ·
2951 2416 3112 2470 τοῦτο
3132 2420 3239 2491 γὰρ
3256 2421 3372 2474 δέον
3395 2420 3536 2476 εἶναι
3550 2425 3619 2478 ⁷⁷.

2050 2505 2158 2557 Kal
2175 2505 2326 2574 μόλις
2347 2506 2467 2574 μὲν,
2486 2506 2777 2574 συμπείθει
2794 2507 2836 2559 δ’
2855 2505 2967 2561 οὖν.
2983 2510 3120 2562 Τίνα
3134 2511 3201 2563 τὰ
3222 2512 3529 2579 μετὰτοῦτο
3541 2517 3586 2547 ⁷⁸
3600 2555 3621 2584 ,

2050 2595 2289 2649 Εῖσεισιν
2321 2597 2709 2668 Ἀθηνόδωρος,
2736 2600 2929 2651 εἴσεισι
2961 2600 3112 2669 ξίφος
3141 2602 3341 2673 φέρων.

2051 2687 2335 2759 Πέμπεται
2367 2690 2503 2760 πρὶς
2524 2689 2611 2742 τὸν
2641 2689 2893 2761 Καίσαρα
2922 2692 3250 2761 σημειωθεὶς
3274 2696 3525 2766 σφραγῖδι

3279 2786 3430 2841 Vera.
3478 2787 3614 2843 1891

2053 2912 2363 2984 huiusmodi
2415 2913 2739 2969 obtinebat:
2808 2930 2826 2965 ι
2875 2912 3069 2968 Desine
3135 2912 3375 2982 indicem
3439 2931 3621 2986 agere,

384 2996 443 3051 in
469 2998 676 3051 somnis
696 3012 875 3051 Viscus
900 3010 1059 3050 suum
1093 2995 1146 3049 in
1172 2995 1370 3051 coelum
1401 3005 1614 3063 raptum
1640 2994 1946 3050 subvolarc.
1980 3002 2018 3059 ε
2053 3004 2316 3061 carnifex,
2354 3024 2372 3056 ,
2413 3005 2563 3061 Hanc
2593 3006 2837 3060 clm-iam
2870 3003 3082 3059 direcio
3120 3005 3174 3059 in
3215 3004 3481 3060 casam...
3507 3008 3626 3075 cia-

385 3086 593 3142 Deinde
641 3087 734 3141 illo
779 3088 898 3157 ipso
956 3096 1234 3142 momento
1269 3102 1378 3157 quo
1428 3102 1497 3141 ex
1549 3087 1670 3141 alvo
1709 3096 1954 3140 materna

385 3181 675 3249 prodibat,
720 3190 878 3250 pater
914 3180 1100 3235 videre
1143 3170 1294 3235 visus
1336 3187 1421 3233 est
1470 3194 1501 3233 e
1555 3178 1677 3233 sinu
1710 3177 1957 3247 conjugis

385 3269 558 3324 solem
587 3279 768 3324 ortum
805 3270 1007 3324 lucere.
1041 3268 1288 3337 Cumque
1318 3268 1531 3322 tardius
1559 3268 1650 3322 illo
1678 3268 1767 3321 die
1795 3267 1957 3319 domo

383 3357 585 3423 exiret,
618 3358 840 3428 quidam
872 3358 1177 3426 astrologus
1211 3356 1429 3411 obviam
1458 3356 1632 3409 factus
1655 3369 1755 3408 cur
1781 3353 1960 3407 serius

382 3449 637 3520 prodiret
683 3447 1054 3516 interrogabat
1086 3466 1099 3500 :
1131 3461 1242 3515 quo
1286 3445 1564 3499 indicante
1607 3452 1796 3499 natum
1841 3457 1961 3497 esse

384 3541 494 3596 sibi
532 3540 725 3602 lilium,
757 3538 994 3607 graviter
1018 3538 1297 3604 suSpirans
1323 3535 1659 3605 astrologus,
1688 3534 1821 3588 artis
1849 3548 1959 3587 sum

382 3627 591 3699 peritia
622 3625 879 3692 celebris,
923 3644 941 3676 ι
974 3624 1113 3691 Quid
1170 3625 1273 3680 hoc
1321 3624 1403 3679 rei
1454 3624 1588 3678 est?
1623 3642 1642 3675 ι
1675 3623 1956 3678 exclamat.

388 3740 411 3773 ι
449 3718 739 3774 Dominum
764 3726 928 3787 atque
951 3732 1133 3786 regem
1159 3716 1321 3771 nobis
1346 3715 1604 3787 genuisti.
1639 3738 1657 3767 ι
1687 3715 1805 3769 Jam
1832 3728 1957 3770 eum

384 3824 532 3881 puer
586 3808 938 3870 adolevisset,
972 3821 1037 3861 ae
1095 3808 1150 3861 in
1201 3807 1421 3877 praediis
1466 3805 1708 3876 paternis
1755 3804 1961 3876 degens

389 3899 728 3957 messoribus
751 3908 807 3954 et
836 3898 1240 3969 manipulorum
1274 3897 1684 3970 colligatoribus
1714 3896 1958 3951 oblecta-

390 4004 565 4057 retur,
600 3991 848 4062 forteque
876 4007 1072 4060 panem
1102 3990 1398 4061 aliquando
1433 3989 1689 4045 manibus
1721 3997 1961 4059 gestaret

391 4098 566 4152 eoque
593 4091 927 4147 vesceretur,
959 4097 1196 4152 superne
1224 4082 1402 4138 delata
1441 4076 1497 4136 in
1538 4081 1717 4151 ipsum
1764 4096 1961 4151 magno

390 4190 516 4229 cum
556 4175 786 4245 strepitu
821 4174 1000 4243 aquila
1031 4189 1225 4244 panem
1255 4175 1491 4244 eripuit,
1525 4188 1766 4243 moxque
1804 4188 1955 4228 com-

389 4266 559 4336 plosis
591 4266 694 4320 alis
727 4268 781 4319 in
815 4280 942 4320 aera
978 4265 1227 4319 sublimis
1263 4264 1531 4333 avolavit,
1562 4264 1760 4320 deinde
1795 4264 1961 4319 vicis-

2056 3098 2291 3159 culatur,
2324 3113 2429 3167 qua
2457 3110 2747 3167 conspecta
2778 3105 2834 3152 et
2861 3099 3151 3168 resignata,
3182 3097 3472 3165 verbisque
3500 3113 3624 3167 per—

2057 3189 2279 3257 scriptis
2317 3189 2371 3242 in
2415 3203 2479 3243 ea
2529 3189 2716 3251 lectis,
2747 3188 2816 3242 de
2866 3190 3126 3243 tribunali
3159 3187 3366 3258 surgit.
3395 3204 3626 3263 quaeque

2058 3277 2210 3346 prius
2253 3285 2414 3332 erant
2450 3278 2692 3341 decreta,
2721 3286 2980 3347 tanquam
3019 3278 3172 3333 irrita
3208 3290 3446 3333 revocat.

2131 3365 2378 3419 Habebat
2422 3365 2567 3418 idem
2614 3365 2796 3420 Caesar
2835 3365 3155 3433 magistrum
3194 3368 3488 3435 quemdam
3537 3384 3628 3424 se-

2060 3466 2208 3515 cum,
2238 3453 2669 3509 Alexandrinum
2708 3456 2905 3525 patria,
2938 3460 3159 3513 nomine
3188 3460 3625 3528 Athenodorum,

2059 3542 2209 3597 omni
2252 3543 2521 3613 sapientia
2565 3552 2622 3600 et
2654 3544 2904 3603 doctrina
2951 3549 3268 3617 excultum,
3310 3551 3629 3608 formando—

2063 3647 2296 3703 rumque
2320 3649 2531 3688 urorum
2558 3634 2716 3707 longe
2739 3637 3270 3706 peritissimumﬂic
3298 3656 3422 3696 cum
3452 3646 3630 3699 anim-

2059 3722 2373 3779 adverteret
2414 3722 2682 3780 Cmsarem
2739 3726 2810 3795 {in
2856 3727 3116 3785 libidines
3160 3738 3218 3785 et
3268 3734 3630 3790 sean-utiones

2061 3828 2394 3883 propensum
2424 3829 2565 3877 esse,
2589 3830 2653 3870 ac
2676 3818 2976 3886 praesertim
3007 3819 3061 3872 in
3087 3821 3257 3891 pejori
3285 3821 3627 3891 delinquere,

2062 3905 2171 3977 39
2203 3906 2349 3976 quod
2390 3908 2649 3963 mulieres
2692 3910 2973 3965 tnaritalas
3002 3920 3305 3979 appeteret,
3332 3927 3630 3981 earumque

2060 3998 2320 4068 conjuges
2368 4006 2591 4067 cogeret
2637 4007 2696 4051 ut
2734 3998 2863 4053 huic
2906 4000 3155 4068 improbo
3212 4000 3440 4054 facinori
3494 4002 3627 4056 sub—

2061 4087 2363 4150 servirent,
2401 4102 2511 4140 non
2546 4086 2793 4141 beriliter
2836 4086 2917 4142 eis
2952 4097 3162 4142 tantum
3208 4089 3505 4159 imperans,
3532 4106 3627 4146 seu

2062 4177 2227 4232 etiam
2266 4192 2418 4231 more
2458 4177 2770 4246 tyrannico,
2800 4186 2947 4231 totus
3001 4180 3056 4232 in
3104 4180 3209 4234 hoc
3241 4191 3359 4236 erat
3398 4191 3457 4235 ut
3516 4184 3628 4237 Au-

2064 4272 2280 4336 gustum
2314 4265 2383 4318 ab
2418 4278 2485 4319 eo
2520 4264 2709 4319 furore
2740 4264 2981 4335 vitioque
3028 4280 3329 4325 revocaret.
3362 4270 3496 4325 Cum
3533 4289 3631 4326 au-

390 4358 496 4412 sim
521 4373 639 4413 sese
662 4358 957 4413 demittens
976 4352 1174 4427 panem
1202 4356 1253 4411 ei
1278 4357 1533 4412 reddidit.
1557 4359 1638 4412 Ad
1670 4356 1960 4428 imperium
1996 4371 2037 4426 D
2069 4368 2175 4412 tem
2208 4355 2387 4411 Caesar
2424 4355 2591 4409 vitam
2631 4355 2950 4411 sceleratam
2998 4358 3217 4413 missam
3248 4376 3355 4416 non
3407 4364 3627 4427 taceret,

395 4452 488 4505 ubi
518 4452 876 4519 pervenisset,
906 4450 1201 4505 iracundus
1227 4449 1521 4504 admodum
1550 4459 1689 4514 erat,
1714 4450 1964 4511 biliosus,

392 4550 449 4597 et
476 4542 626 4610 justo
674 4542 897 4612 quidem
946 4540 1272 4596 concitatior
1317 4557 1331 4594 :
1380 4540 1472 4594 sed
1506 4555 1697 4594 rursus
1742 4540 1809 4593 ad
1850 4552 1969 4593 sese

396 4633 554 4689 facile
589 4634 802 4688 redibat
834 4643 891 4689 et
924 4634 1267 4690 mitescebat.
1307 4633 1486 4699 Quare
1523 4647 1647 4685 eum
1677 4630 1969 4700 aliquando

398 4739 497 4792 pro
549 4724 810 4777 tribunali
868 4725 1084 4778 sederet
1135 4736 1437 4791 causasque
1498 4727 1855 4790 cognosceret
1906 4731 1969 4772 ac

398 4816 599 4869 niultos
628 4816 884 4869 mortales
920 4815 1115 4884 capitis
1156 4816 1475 4878 damnaret,
1508 4814 1593 4867 vir
1621 4810 1842 4880 quidam
1873 4825 1961 4864 sa-

396 4904 581 4973 piens,
618 4903 705 4957 cui
735 4903 1041 4958 Maecenatis
1072 4912 1219 4957 esset
1263 4918 1501 4968 nomen,
1532 4901 1760 4972 propius
1802 4912 1962 4953 acce-

398 4994 560 5049 dendi
595 5003 917 5064 potestatem
952 5010 1061 5048 non
1101 4994 1309 5049 habens
1340 5004 1398 5049 ut
1421 4994 1689 5049 Cresarem
1718 4998 1967 5046 moneret

401 5090 557 5155 (nam
610 5085 1008 5140 exeludebatur
1054 5086 1121 5140 ab
1152 5086 1355 5155 ingenti
1397 5086 1679 5139 hominum
1714 5083 1965 5139 multitu-

398 5178 558 5247 dine)
601 5176 814 5231 litteras
870 5177 1135 5247 quasdam
1206 5178 1262 5230 in
1330 5177 1574 5231 chartam
1637 5174 1962 5245 perscribit,

397 5283 628 5339 eamque
662 5269 920 5340 deinceps
965 5269 1236 5339 obsignat.
1289 5268 1379 5323 Eae
1406 5269 1603 5331 littera:
1636 5266 1965 5323 sententiam

2064 4445 2369 4502 admirandi
2414 4453 2717 4515 prwceptor
2763 4447 2966 4517 ingenii
3018 4449 3275 4518 quiddam
3319 4454 3423 4506 tale
3471 4455 3629 4507 muli-

2067 4547 2176 4593 tur.
2214 4539 2377 4594 Forte
2407 4540 2714 4609 plorantem
2747 4554 2811 4594 ae
2842 4539 3230 4595 lamentantem
3263 4544 3631 4612 conspicietat

2066 4631 2341 4685 hominem
2364 4630 2722 4694 senatorium,
2749 4630 2896 4685 lauta
2919 4632 3155 4696 fortuna,
3176 4630 3400 4685 clarum.
3422 4634 3630 4701 ριιίιψο

2074 4722 2391 4777 mandatum
2439 4722 2489 4776 ei
2527 4721 2703 4775 fuerat
2739 4730 2798 4775 ut
2850 4721 2903 4775 in
2942 4732 3132 4790 operta
3174 4721 3367 4775 lectica
3408 4727 3631 4775 conclu-

2067 4831 2181 4871 sam
2208 4829 2431 4870 uxorem
2458 4813 2772 4883 imperatori
2801 4813 3059 4867 mitteret.
3089 4810 3223 4865 Eum
3250 4807 3631 4869 Athenodorus

2072 4905 2279 4961 hortari
2328 4920 2397 4960 ne
2438 4905 2678 4975 ploraret
2726 4918 2865 4958 neve
2920 4918 3033 4956 rem
3083 4902 3227 4955 illam
3274 4919 3418 4973 aegro
3466 4903 3633 4960 ferret

2074 4998 2258 5051 animo
2292 5014 2306 5062 ;
2341 5012 2398 5050 se
2431 5004 2640 5049 tantum
2675 4994 2859 5049 uxoris
2908 4994 3028 5047 loco
3077 4994 3282 5048 lecticae
3329 4995 3632 5052 includeret

2068 5083 2377 5154 Ctesarique
2426 5098 2527 5152 pro
2554 5085 2673 5153 ejus
2702 5082 2930 5145 imperio
2957 5082 3214 5149 mitteret.
3245 5082 3341 5136 Vix
3367 5082 3472 5137 hoc
3506 5084 3629 5153 qni-

2071 5177 2196 5231 dem
2248 5174 2480 5238 homini,
2508 5173 2604 5228 sed
2654 5181 2831 5227 tamen
2867 5171 3176 5241 persuadet.
3217 5172 3357 5238 Quid
3399 5172 3523 5227 inde
3548 5174 3633 5228 fac

2073 5267 2265 5322 etum?
2293 5264 2567 5321 Lecticam
2597 5262 2983 5319 Athenodorus
3043 5264 3346 5335 ingreditur
3391 5265 3632 5334 gladium

1587 5404 1784 5467 Varia:
1820 5403 2124 5467 lectiones
2168 5409 2229 5465 et
2274 5411 2460 5465 noue.

474 5548 519 5578 "
561 5549 617 5602 δὲ
656 5552 951 5614 κύπτοντος
983 5552 1047 5612 Δ,
1081 5549 1127 5603 δ’
1158 5549 1513 5609 ἐκπίπτοντος
1547 5545 1614 5601 R.

401 5618 601 5688 πράξει
642 5620 707 5674 Ιὶο
783 5617 977 5674 "slva:
1008 5624 1130 5673 δεον
1161 5622 1275 5674 All.
1351 5622 1394 5651 ⁷⁵
1421 5617 1587 5671 sci-Tim

1709 5546 1754 5579 ⁷⁸
1784 5543 2184 5616 ἀστεροσκόπος
2207 5544 2231 5596 ?
2327 5543 2347 5573 ⁸
2375 5535 2698 5611 πτερυσθεὶς
2723 5539 2786 5592 Δ.

2887 5536 2934 5569 ’³
2970 5535 3061 5591 τὸν
3093 5537 3299 5609 χάρτην
3327 5533 3393 5590 [ι.
3486 5531 3537 5567 ’⁸
3564 5533 3631 5605 τῇ
