4106 6206
416 272 519 338 9.31

436 387 496 439 Ὀ
525 386 742 452 Καῖσαρ
779 380 1124 451 ὑποδέχεται,
1153 380 1381 449 ῥήγνυσι
1410 376 1506 440 τὰς
1540 376 1861 446 σφραγῖδας.

425 478 667 542 Ἕξειτιν
711 473 1073 542 ’Λθηνὸδωρος
1090 472 1150 524 τὺ
1178 471 1330 539 ξίφος
1359 469 1633 532 ἐπισείων,

429 568 726 638 Θαμῧείται
760 567 973 634 Καῖσαρ
997 562 1251 626 κατιδὼν,
1273 562 1351 632 τῷ
1377 561 1485 613 δέει
1506 555 1960 630 κρυσταλλοῦται·

433 659 655 726 Ὅρκοις
685 655 846 709 αὑτὸν
875 653 1209 722 καταδεσμεῖ
1234 653 1432 722 μηκέτι
1461 649 1622 703 τοῦτο
1649 649 1856 720 πρᾶξαι

429 750 567 818 Μηδ⁹
586 747 892 817 ἀλλοτρίαις
909 747 1004 800 τοῦ
1023 745 1212 798 λοιποῦ
1237 743 1682 815 καταχρανθῆναι
1705 741 1933 805 κοίταις.

515 837 688 904 Οὗτος
718 843 886 894 πολὺν
917 840 994 906 τῷ
1017 839 1258 908 Καίσαρι
1291 835 1679 908 συνδιατρίψας
1711 835 1928 905 χρόνον,

431 942 537 991 Καὶ
573 938 783 1008 μέλλων
833 934 1277 990 ἀπαλλάττεσθαι
1312 933 1448 1002 πρὸς
1479 930 1579 1000 τὴν
1610 925 2006 996 ὲνεγκαμένην,

437 1031 700 1098 Ὶίπείπερ
727 1025 833 1080 εἶδε
864 1027 1122 1097 Καίσαρα
1145 1026 1406 1094 δύσοργον
1430 1022 1524 1075 καὶ
1555 1018 1780 1088 θυμώδη

428 1123 537 1174 Καὶ
569 1121 754 1190 τάχιον
777 1118 1084 1189 ἐκφέροντα
1111 1118 1208 1178 τὰς
1240 1112 1576 1178 κολαζούςας
1606 1111 1840 1181 ψήφους,

427 1213 648 1281 Ταχέως
675 1212 732 1264 δὲ
756 1212 854 1279 τὴν
881 1209 974 1262 τοῦ
998 1207 1174 1277 Θυμοῦ
1212 1204 1490 1277 πυρκαϊὰν
1513 1201 1811 1256 σϐεννύντα

429 1304 539 1355 Καὶ
565 1301 802 1374 τρόπους
831 1299 1243 1367 μεταπίπτοντα
1274 1296 1410 1364 πρὸς
1435 1291 2005 1362 φιλανθρωποτέρους,

428 1393 621 1460 Κύψας
653 1392 818 1445 αὐτοῦ
839 1391 975 1461 πρὸς
1006 1391 1176 1452 ἀκοὰς
1203 1388 1278 1451 ὡς
1301 1389 1364 1455 δὴ
1385 1387 1430 1418 "
1461 1385 1877 1454 καταφιλήσων·

435 1503 452 1535 ι
475 1481 544 1536 τΩ
564 1485 802 1552 Καῖσαρ,
829 1501 847 1534 ι
871 1481 998 1550 ἔφη,
1029 1501 1046 1532 ι
1077 1479 1330 1542 σεϐαστὲ,
1348 1477 1506 1531 τοῦτό
1527 1494 1608 1529 σοι
1623 1476 1796 1528 λείπει
1828 1475 2007 1544 μόνον’

425 1578 518 1646 Μὴ
550 1577 678 1647 πρὶν
690 1575 787 1638 τὰς
811 1574 1026 1644 ψήφους
1047 1573 1247 1641 ἔκφερε
1264 1572 1390 1642 πρὶν
1410 1572 1466 1623 ἐν
1492 1568 1674 1637 σαυτῷ
1695 1565 1744 1599 ⁸⁸⁵
1759 1566 2004 1637 λαλήσῃς

426 1671 535 1722 Τὸν
559 1669 665 1721 τῶν
696 1668 1042 1738 γραμμάτων
1067 1665 1298 1735 ἀριθμὸν
1319 1664 1428 1716 τῶν
1450 1663 1622 1716 εἴκοσι
1644 1660 1948 1731 τεσσάρων.
1987 1678 2006 1709 ι

443 1759 504 1814 Ὀ
534 1761 589 1812 δὲ
615 1759 876 1824 στενάξας
905 1757 1085 1826 βύθιον
1114 1757 1207 1821 καὶ
1229 1755 1365 1825 πρὸς
1391 1755 1600 1806 ἐκεῖνον
1632 1750 1856 1822 βλέψας,

433 1871 455 1902 ς
503 1851 630 1904 Ἔτι
663 1869 756 1904 σου
785 1848 972 1922 χρῄζω
990 1849 1090 1917 τῆς
1117 1847 1312 1916 καλῆς,
1346 1867 1364 1896 ι
1397 1845 1524 1914 ἔφη,
1559 1862 1578 1895 ‹
1613 1842 2014 1910 παιδαγωγίας.

428 1943 543 1996 Καὶ
575 1942 736 1995 πάλιν
763 1941 915 1993 Eoo“
957 1940 1054 1991 σὺν
1092 1939 1235 2008 ἐμοὶ,
1264 1937 1356 1992 καί
1401 1935 1590 2004 Ῥώμη
1617 1952 1677 1988 σε
1714 1933 1963 1999 καθέξει.
1991 1951 2010 1985 ι

502 2027 670 2097 οὗτος
695 2035 723 2085 ὀ
759 2034 977 2102 Καῖσαρ
1004 2031 1203 2102 ἤλαυνε
1231 2030 1354 2087 τοὺς
1380 2026 1848 2098 μετεωρολέσχας,

430 2125 649 2188 Μόνους
671 2123 940 2178 κυδαίνων
973 2122 1092 2184 τοὺς
1115 2120 1312 2190 σοφοὺς
1332 2119 1517 2188 τιμαῖς
1548 2119 1669 2180 ταῖς
1706 2114 2022 2188 προσηκού-

1779 2205 1946 2280 [σαις.

443 2305 710 2359 Τοσοῦτον
726 2305 779 2357 δὲ
798 2303 1064 2374 πεφίλητο
1087 2303 1236 2372 παρὰ
1257 2301 1364 2354 τῶν
1388 2301 1665 2368 ὑπηκόων,

434 2396 606 2448 Ὥστε
623 2396 712 2447 τὸν
740 2395 854 2464 βίον
875 2392 1148 2446 ἐκλείπειν
1175 2392 1383 2462 μέλλων
1406 2392 1544 2464 ἀνὴρ
1579 2391 1846 2461 Ῥωμαῖος

459 2487 763 2558 Ἐπέτρεψε
793 2486 904 2546 τοῖς
924 2482 1116 2536 ἑαυτοῦ
1141 2485 1299 2537 παισὶ
1317 2486 1410 2536 καὶ
1431 2483 1696 2552 διαδόχοις

444 2577 850 2649 Χαριστηρίους
881 2577 986 2638 τοῖς
1016 2573 1157 2637 ίλεοῖς
1183 2577 1572 2644 προσενεγκεῖν
1589 2575 1634 2606 ⁸³
1657 2573 1868 2641 θυσίας,

433 2671 587 2735 ’⁸οτι,
612 2669 766 2738 φησὶ,
789 2668 877 2721 τὸν
901 2666 1159 2720 σεϐαστδν
1185 2665 1362 2730 ζῶντα
1392 2666 1808 2738 καταλιμπάνω.

517 2763 608 2825 Ὡς
631 2761 687 2814 δὲ
712 2761 805 2815 καὶ
838 2762 1056 2814 Καῖσαρ
1081 2758 1303 2830 ἔμελλεν
1334 2759 1592 2830 ἀπαίρειν
1610 2759 1717 2814 τῶν
1738 2758 1945 2823 ἐνθάδε,

433 2983 667 3039 tenens,
701 2974 880 3045 sigillo
943 2974 1263 3040 obsignattts
1317 2973 1384 3027 ad
1431 2972 1700 3028 Caesarem
1747 2973 2026 3034 mittitur:

424 3064 618 3120 Caesar
657 3065 906 3119 lecticam
940 3065 1140 3132 accipit
1167 3104 1182 3128 ,
1219 3063 1395 3133 sigilla
1429 3064 1685 3129 revellit;
1717 3064 1831 3119 exit
1858 3064 2028 3119 Athe-

439 3158 685 3211 nodorus
739 3157 980 3226 gladium
1043 3156 1336 3225 quatiens;
1378 3154 1560 3209 Caesar
1607 3170 1674 3210 eo
1731 3164 2025 3224 compecto

439 3262 553 3301 non
583 3256 798 3304 tantum
824 3247 1187 3317 obstupescit,
1216 3261 1406 3301 verum
1437 3246 1605 3301 etiam
1653 3255 1804 3301 metu
1832 3261 2033 3317 conge-

439 3339 598 3394 lascit
635 3357 648 3395 :
686 3341 1045 3398 sacramentis
1079 3348 1255 3395 semet
1289 3338 1622 3409 obstringit,
1653 3339 1858 3408 quibus
1893 3339 2055 3394 nihil.

435 3431 713 3502 ejusmodi
767 3443 842 3487 se
874 3432 1137 3502 deinceps
1179 3431 1603 3487 commissurum
1651 3431 2030 3501 pollicebatur,

439 3536 544 3576 nec
597 3531 746 3576 toros
789 3523 1000 3576 alienos
1050 3521 1285 3589 amplius
1318 3520 1848 3574 contaminaturum.

509 3611 646 3666 Cum
687 3620 871 3663 autem
904 3610 1070 3678 longo
1115 3619 1363 3678 tempore
1403 3610 1630 3664 vixisset
1679 3609 1822 3679 apud
1855 3610 2036 3664 Cursa-

440 3715 558 3754 rem
591 3698 1020 3760 Athenodorus,
1047 3698 1268 3768 jamque
1320 3713 1644 3753 reversurus
1685 3698 1743 3752 in
1802 3701 2036 3768 patriam

441 3799 628 3854 esset,
671 3787 801 3858 quia
832 3787 1063 3842 Caesaris
1109 3787 1450 3842 iracundiam
1507 3789 1785 3858 bilemque
1836 3797 2036 3854 norat,

442 3877 700 3949 quodque
762 3877 1019 3933 celeriter
1073 3876 1370 3931 admodum
1429 3876 1734 3933 sententias
1794 3886 2039 3947 pcenates

443 3970 619 4030 ferret
639 3987 704 4026 ac
725 3970 967 4026 vicissim
991 3967 1260 4023 exstincto
1285 3967 1580 4022 iracundiae
1607 3981 1737 4038 rogo
1760 3967 1828 4020 ad
1861 3980 2042 4021 mores

442 4063 799 4118 humaniores
840 4060 1082 4124 rediret,
1139 4060 1360 4115 admoto
1408 4061 1527 4131 ejus
1596 4060 1824 4115 auribus
1865 4060 2043 4130 capite

441 4166 704 4225 tanquam
742 4155 921 4224 ipsum
946 4153 1403 4231 deosculaturus:
1437 4172 1455 4205 ι
1487 4155 1730 4223 Auguste
1755 4152 1964 4220 Caesar,
2014 4171 2035 4204 ι

445 4247 649 4315 inquit,
689 4265 707 4298 ι
746 4260 918 4299 unum
971 4244 1136 4300 modo
1169 4245 1271 4300 tibi
1321 4247 1497 4301 deest.
1532 4242 1676 4300 Cave
1722 4244 1878 4314 prius
1920 4258 2044 4300 sen-

449 4338 649 4392 tentias
697 4337 908 4401 tuleris,
940 4352 1105 4406 quam
1151 4338 1219 4392 25
1266 4337 1573 4396 litterarum
1606 4339 1830 4394 nomina
1860 4347 2039 4394 tecum

1518 259 2038 326 CONSTANTINI
2077 255 2464 320 MANASSIS

2036 377 2082 434 Α
2112 367 2609 440 Παραστησάμενος
2630 363 2778 432 αὗτῷ
2802 361 3042 431 δημότας
3070 358 3163 412 σξην
3189 358 3446 424 ὑπάτοις,

3581 242 3692 310 292

2113 482 2132 514 ι
2147 461 2406 532 Πηλίνην,
2421 479 2437 509 ι
2459 459 2684 527 ἔφησεν,
2709 475 2726 505 ι
2754 454 2930 524 εὑρὼν
2942 454 3038 523 τὴν
3048 451 3158 504 τῶν
3173 450 3466 521 Ῥωμαίων
3477 450 3690 506 πόλιν⁸³

2106 553 2495 621 Καλλίπυργον
2523 544 3076 617 πεποίηκας-λιθίνην,
3117 544 3470 617 στερεμνίανο

2120 646 2272 701 ,Επεὶ
2288 645 2344 699 δὲ
2368 644 2463 698 καὶ
2487 641 2819 712 μεθίσταμαι
2860 639 2960 706 τῆς
2983 635 3188 709 τύρϐης
3205 635 3313 690 τῶν
3326 636 3690 708 πραγμάτων,

2109 736 2393 806 Κροτῆσαι
2425 733 2688 804 βούλομαι
2710 729 2940 793 πολλοὺς
2969 728 3062 781 ἐπὶ
3092 731 3161 799 τῇ
3190 727 3417 799 τελευτῇ
3444 746 3548 800 μου

2109 830 2219 882 Kal
2241 825 2550 899 χρήσασθαι
2580 823 2928 892 γελοιασμοίς
2951 820 3047 874 καὶ
3077 820 3400 889 κροταλίσαι
3426 824 3617 892 χεῖρας

2119 921 2208 981 Ὠς
2238 921 2330 972 ἐπὶ
2352 918 2520 989 μίμου
2553 915 2780 984 τελευτῇ
2804 911 3121 982 γελοιαστοῦ
3155 913 3251 967 καλ⁸
3281 913 3538 967 παίκτου.
3563 931 3583 966 ι

2111 1012 2223 1065 Καὶ
2249 1011 2427 1064 ταῦτα
2465 1007 2750 1072 διετάξατο
2774 1005 2819 1038 ⁸⁸
2836 1005 2927 1058 τοῦ
2956 1004 3071 1075 βίου
3102 1005 3475 1070 καταπαίζων.

2120 1105 2238 1173 Ἐφ’
2259 1102 2401 1165 ὅλοις
2424 1102 2469 1135 ⁸⁸
2489 1101 2546 1154 δὲ
2573 1101 2913 1171 πεντήκοντα
2936 1099 3031 1151 σὺν
3057 1097 3117 1163 ἒξ
3141 1098 3420 1168 κρατήσας
3439 1098 3654 1168 χρόνοις

2111 1197 2223 1263 Τὴν
2248 1193 2468 1264 ὀφειλὴν
2489 1193 2736 1270 ἀπέδοτο,
2762 1189 3028 1244 κατέϐαλε
3060 1189 3120 1241 τὺ
3147 1189 3325 1259 χρέος.

2112 1285 2314 1339 Τούτου
2328 1283 2423 1338 τοῦ
2439 1285 2718 1354 Καίσαρος
2734 1282 2912 1352 ἀρχῆς
2930 1283 3044 1344 τοῖς
3064 1281 3363 1358 σκήπτροις
3383 1281 3687 1350 ἐφεστῶτος

2125 1377 2212 1428 Ἐν
2243 1374 2352 1428 ἔτει
2381 1373 2810 1444 τεσσαρακοστῴ
2849 1373 2938 1425 ναὶ
2957 1373 3075 1443 ιμὴν
3103 1372 3235 1440 πρὸς
3267 1371 3341 1442 τῷ
3365 1373 3606 1444 δευτέρῳ
3646 1373 3692 1403 ³⁸

2125 1463 2184 1518 Ὅ
2211 1465 2480 1524 συναϊδιος
2500 1464 2671 1534 πατρὶ
2695 1463 2791 1516 καὶ
2817 1462 3233 1532 κοσμοκτίστωρ
3250 1463 3443 1530 Λόγος,

2114 1557 2312 1617 Είσδῦς
2334 1555 2497 1624 νηδὺν
2517 1554 2614 1626 τὴν
2636 1553 2886 1625 καθαρὰν
2918 1551 3160 1616 νεάνιδος
3187 1552 3445 1623 ἀφθόρου,

2115 1647 2227 1717 Τὴν
2261 1647 2440 1718 σάρκα
2470 1645 2815 1718 συνεπήξατο
2838 1643 3045 1715 ταύτης
3071 1645 3134 1697 ὲκ
3155 1645 3265 1697 τῶν
3291 1631 3564 1715 αἱμάτων,

2121 1740 2229 1792 Καὶ
2251 1738 2349 1791 σὺν
2371 1737 2508 1808 αὐτῇ
2534 1736 2629 1791 καὶ
2658 1737 2777 1806 μετ’
2797 1736 2966 1805 αὐτῆς
2989 1737 3284 1804 ἒπέφαινεν
3299 1736 3342 1766 ⁸⁷
3364 1737 3692 1808 ἀνθρώποις,

2119 1830 2346 1898 Θεότητι
2376 1830 2693 1892 παντέλειος
2723 1827 2819 1881 καὶ
2847 1827 3004 1896 φύσει
3035 1827 3321 1906 βροτησίᾳ.

2190 1920 2298 1972 Τοῦ
2329 1919 2588 1972 σεδαστοῦ
2618 1920 2674 1972 δὲ
2701 1920 2979 1989 Καίσαρος
3007 1920 3097 1972 τὸν
3130 1920 3243 1992 βίον
3264 1919 3580 1984 ἐκλιπόντος

2133 2011 2455 2081 Ἀρχηγετεῖ
2473 2009 2748 2081 Τιϐέριος,
2767 2010 2831 2072 ὃς
2859 2009 2926 2062 τὰ
2955 2009 3056 2080 μὲν
3087 2009 3283 2080 πρῶτα
3313 2012 3490 2082 πρᾶος

2132 2103 2377 2174 ’Υπῆρχε
2397 2103 2492 2156 καὶ⁵
2523 2103 2788 2173 μειλίχιος
2819 2103 2913 2156 καὶ
2937 2101 3142 2172 τρόπου
3168 2103 3498 2173 φιλοδὼρου,

2138 2195 2278 2249 Ἀλλ’
2305 2194 2533 2265 ὕστερον
2566 2194 2855 2260 ἐξώκειλεν
2888 2197 2967 2259 είς
2995 2191 3126 2266 ἦθος
3157 2196 3445 2267 μιαιφόνον

2124 2288 2235 2342 Καὶ
2261 2286 2487 2358 γνώμην
2505 2286 2886 2357 ὑπομόχθηρον
2907 2288 3003 2346 καὶ
3021 2289 3454 2360 ρυπαροψυχίαν,

2131 2380 2291 2450 Ἀρτι
2321 2379 2380 2432 δὲ
2408 2379 2546 2442 τέως
2575 2362 2861 2448 παρελθὼν
2883 2379 2976 2438 ἐπὶ
2993 2381 3092 2448 τὴν
3121 2379 3400 2450 βασιλείαν

2127 2471 2313 2533 Οὕτως
2345 2471 2757 2540 ὑπερπεφίλητο
2787 2473 2899 2534 τοῖς
2933 2470 3036 2524 ὑπὸ
3065 2474 3224 2545 χεῖρα
3256 2473 3425 2526 πᾶσιν

2139 2565 2226 2626 Ὠς
2257 2562 2504 2632 φυλακῆς
2552 2580 2612 2616 τε
2651 2565 2744 2615 καὶ
2785 2564 3028 2633 φρουρᾶς
3077 2565 3171 2616 καὶ
3219 2563 3532 2636 δορυφόρων
3559 2564 3693 2637 ἄτερ

2125 2656 2373 2721 Βαδίζειν
2396 2656 2532 2709 ὅπου
2559 2655 2621 2724 δή
2650 2647 2782 2708 ποτε
2817 2654 3032 2726 νύκτωρ
3057 2655 3151 2712 καὶ
3180 2656 3302 2727 μεθ’
3327 2657 3562 2728 ἡμέραν.

2127 2748 2190 2801 Εἰ
2225 2746 2284 2802 δέ
2305 2763 2444 2801 τισιν
2463 2745 2731 2817 ἐπέτρεψε
2776 2745 2985 2810 πόλεως
3013 2746 3354 2818 στρατηγίαν

3381 2839 3533 2896 Vcrs.
3571 2841 3707 2897 1944

2130 2973 2337 3032 criticis
2395 2975 2504 3032 diis
2556 2973 2842 3040 olIerrcnt,
2898 2975 3045 3044 quod
3103 2973 3346 3032 moriens
3403 2974 3707 3046 Augustum

2130 3064 2463 3126 incolumem
2512 3074 2635 3138 post
2665 3081 2723 3122 se
2769 3067 3129 3138 relinqueret.

2200 3159 2383 3218 Caesar
2426 3159 2543 3230 ipse
2613 3159 2682 3215 de
2730 3160 2839 3216 vita
2887 3160 3220 3231 migraturus
3252 3159 3558 3216 astantibus
3605 3158 3711 3214 sibi

2129 3249 2454 3306 consulibus
2478 3259 2535 3306 et
2562 3250 2795 3321 plebeis,
2835 3270 2853 3302 ι
2876 3250 3048 3318 Quam
3075 3252 3278 3306 luteam
3315 3269 3334 3304 ι
3361 3252 3546 3322 inquit
3581 3271 3599 3304 ι
3632 3251 3714 3308 in-

2133 3340 2261 3396 veni
2301 3341 2606 3398 Romanam
2657 3341 2872 3408 urbem,
2905 3356 3022 3397 eam
3088 3341 3337 3412 pulchris
3389 3353 3708 3398 exornatam

2135 3433 2384 3489 turribus
2413 3433 2682 3506 lapideam
2719 3431 3040 3502 firmamque
3068 3433 3305 3488 reddidi.
3338 3433 3404 3490 Et
3444 3434 3705 3503 quoniam

2134 3523 2268 3577 mihi
2307 3539 2456 3578 nunc
2497 3538 2528 3578 e
2575 3523 2734 3578 turba
2784 3539 2968 3578 rerum
3013 3522 3377 3579 humanarum
3407 3522 3515 3578 erit
3554 3539 3711 3589 exce-

2134 3613 2401 3678 dendum,
2437 3614 2640 3668 multos
2667 3614 2722 3668 in
2754 3613 2907 3668 obitu
2942 3629 3064 3670 meo
3105 3613 3357 3683 plausum
3387 3614 3552 3669 edere
3585 3615 3712 3670 volo

2138 3718 2201 3757 ac
2255 3703 2416 3758 ludos
2481 3705 2660 3763 facere
2730 3713 2986 3775 tanquam
3033 3705 3090 3758 in
3135 3705 3289 3760 mimi
3360 3715 3418 3768 et
3471 3705 3712 3766 ludionis

2141 3793 2313 3848 obitu.
2354 3813 2373 3847 ι
2401 3795 2511 3868 ω
2543 3796 2674 3866 Qua:
2696 3798 2920 3867 quidem
2947 3797 3264 3868 proferebat
3300 3806 3560 3869 tanquam
3589 3800 3712 3854 vita:

2141 3887 2452 3942 mortalium
2503 3889 2761 3946 illudens.
2802 3889 2940 3945 Cum
2986 3900 3170 3945 autem
3237 3897 3382 3950 totos
3426 3891 3494 3947 56
3541 3907 3714 3954 annos

2139 3975 2484 4048 imperasset,
2517 3990 2725 4040 natura:
2779 3981 3026 4036 debitum
3066 3981 3348 4049 persolvit.

2211 4069 2414 4125 Eodem
2463 4071 2679 4128 Ctesare
2723 4074 2966 4142 potiente
3027 4089 3215 4130 rerum
3254 4084 3556 4132 coaeternus
3623 4076 3713 4131 ille

2141 4160 2281 4230 patri
2317 4159 2532 4228 Sermo,
2564 4163 2820 4226 conditor
2873 4165 3088 4232 mundi,
3128 4175 3334 4222 castam
3386 4165 3716 4236 incorruptze

2137 4252 2444 4323 juveucula:
2487 4252 2670 4308 alvum
2712 4253 2990 4324 ingressus
3030 4270 3098 4314 ex
3138 4255 3262 4326 ejus
3300 4253 3562 4324 sanguine
3589 4269 3713 4308 car-

2146 4359 2267 4397 nem
2305 4342 2596 4414 compegit,
2623 4360 2748 4398 eum
2779 4361 2885 4416 qua
2921 4346 3063 4401 inter
3107 4345 3358 4405 homines
3390 4354 3716 4418 conspectus

451 4429 571 4500 ipse
617 4429 958 4483 recitaveris.
1001 4449 1019 4482 ι
1070 4429 1210 4486 Tum
1246 4430 1358 4496 ille,
1383 4431 1588 4502 gemitu
1630 4447 1697 4486 ex
1738 4431 1848 4485 imo
1876 4431 2040 4488 corde
2075 4446 2115 4501 ι)
2144 4437 2248 4495 est,
2281 4437 2386 4489 tam
2419 4429 2708 4486 divinitate
2732 4447 2895 4492 quam
2929 4433 3164 4492 humana
3195 4442 3390 4491 natura
3413 4433 3572 4504 plane
3593 4450 3717 4504 per.-

449 4521 621 4576 ducto
647 4520 1064 4574 Athenodorum
1095 4521 1329 4576 intuitus
1365 4539 1379 4576 :
1418 4541 1436 4573 ‹
1468 4522 1661 4578 Adhuc
1697 4542 1715 4574 ι
1751 4523 1848 4588 ait,
1879 4543 1896 4574 ι
1937 4533 2042 4580 tuae

453 4613 729 4684 praeclara:
794 4611 1160 4666 institutionis
1198 4627 1354 4682 egeo.
1402 4611 1748 4683 QuaprOpter
1806 4613 2043 4683 amplius

451 4705 602 4774 apud
686 4719 773 4759 me
842 4704 941 4758 tibi
990 4702 1284 4758 vivendum
1366 4703 1660 4775 Romaeque
1716 4702 2039 4760 haerendum

451 4796 579 4852 erit.
620 4813 638 4846 ι

527 4886 626 4942 ilic
652 4886 833 4944 Caesar
880 4901 976 4943 eos
1008 4886 1306 4958 proﬂigans
1347 4895 1404 4942 et
1444 4886 1669 4958 eiiciens
1695 4889 1789 4960 qui
1834 4887 1903 4944 de
1948 4904 2038 4944 res

457 4977 561 5031 bus
585 4978 916 5034 sublimibus
947 4989 1002 5034 et
1031 4978 1352 5034 cmlestibus
1374 4990 1696 5049 arroganter
1741 4991 2040 5051 nugantur,

456 5069 604 5122 solos
646 5068 796 5124 viros
839 5070 1120 5140 sapientes
1165 5083 1230 5123 ac
1259 5068 1455 5124 doctos
1497 5069 1804 5125 honoribus
1833 5071 2037 5126 allicie-

461 5160 575 5215 bat.
617 5160 750 5214 Tatn
801 5160 1002 5216 Charus
1048 5169 1229 5216 autem
1271 5161 1511 5218 subditis
1543 5171 1697 5229 erat,
1731 5172 1792 5217 ut
1838 5163 2037 5218 Roma-

458 5268 564 5307 nus
605 5252 826 5322 quidam
873 5254 924 5305 in
957 5253 1063 5308 fata
1095 5270 1460 5311 concessurus
1489 5255 1681 5312 liberis
1717 5256 1833 5310 suis
1871 5268 2036 5328 atque

457 5343 694 5412 posteris
741 5341 1027 5398 mandaret
1068 5353 1127 5398 ut
1157 5346 1454 5416 gratiarum
1500 5346 1734 5403 actionis
1779 5363 1910 5418 ergo
1950 5363 2038 5402 sa-

2143 4518 2338 4576 fectus.

2217 4611 2578 4681 Posteaquam
2611 4627 2742 4668 vero
2769 4612 2951 4669 Caesar
2985 4613 3264 4683 Augustus
3296 4627 3328 4668 e
3357 4611 3497 4670 vivis
3524 4627 3716 4668 exces-

2143 4703 2324 4766 sisset,
2358 4702 2615 4760 Tiberius
2649 4704 2717 4759 ad
2751 4705 3042 4774 imperium
3076 4704 3358 4774 pervenit;
3390 4705 3482 4776 qui
3513 4705 3581 4758 ab
3608 4705 3715 4761 ini-

2143 4794 2220 4849 tio
2251 4795 2475 4865 quidem
2508 4797 2657 4852 mitis
2688 4796 2944 4860 blandus,
2970 4795 3213 4852 liberalis
3258 4804 3396 4860 erat,
3431 4795 3527 4850 sed
3561 4796 3716 4850 dein-

2143 4903 2273 4958 ceps
2317 4887 2384 4943 ad
2439 4887 2820 4958 sauguinarios
2871 4901 3076 4950 mores,
3114 4887 3519 4956 improbitatem
3554 4897 3716 4955 atque

2145 4979 2338 5036 sordes
2391 4979 2746 5035 exorbitavit.
2799 4979 3008 5036 Recens
3061 4988 3242 5032 autem
3303 4977 3368 5034 ad
3428 4979 3714 5047 imperium

2143 5082 2367 5129 evectus
2395 5072 2532 5126 adeo
2563 5071 2800 5126 subditis
2829 5070 3086 5127 omnibus
3113 5069 3314 5124 charus
3340 5082 3476 5134 erat,
3499 5081 3558 5123 ut
3589 5072 3715 5123 abs-

2145 5179 2254 5234 que
2319 5163 2580 5224 satellitio
2645 5161 3004 5230 custodiaque
3071 5161 3323 5233 corporis
3383 5169 3490 5216 tam
3556 5176 3715 5216 nocu

2145 5270 2306 5325 quant
2339 5253 2604 5318 interdiu,
2627 5266 2957 5321 quocunque
2980 5251 3162 5313 vellet,
3187 5250 3310 5304 iret.
3330 5251 3476 5316 Quos
3501 5253 3717 5304 urbium

2145 5357 2410 5417 praetores
2437 5345 2520 5398 vel
2553 5344 2885 5398 tributorum
2916 5352 3201 5398 exactores
3229 5345 3616 5404 constituebat,
3651 5346 3719 5395 ah

1613 5458 1812 5520 Variae
1857 5459 2162 5520 lectiones
2207 5465 2268 5518 et
2312 5466 2477 5518 noue

531 5561 576 5593 ’θ
600 5559 675 5620 ὡς
819 5558 992 5635 ῥῆθεν
1019 5560 1083 5616 R.
1159 5564 1205 5596 ⁸⁸
1237 5565 1422 5635 ταύτῷ
1447 5569 1511 5619 Α.
1588 5566 1632 5596 δι
1661 5564 1839 5635 ἕσῃΔ.
1918 5561 1964 5593 ⁸⁸
1995 5566 2309 5635 ἐπενεγκεῖν
2327 5561 2408 5635 _ll.

2521 5561 2566 5594 ⁸³
2599 5561 2698 5629 τὴν
2724 5561 2879 5615 πόλιν
2909 5561 3017 5613 τῶν
3059 5559 3345 5630 Ῥωμαίων
3375 5557 3440 5613 R.
3539 5558 3585 5588 ⁸³
3610 5558 3721 5608 διε-

457 5629 684 5703 ἐᾀῖτεῖο
719 5627 890 5681 AR“.
959 5631 1003 5665 ⁸⁵
1036 5635 1189 5691 llunc
1213 5627 1429 5691 versum
1467 5650 1590 5690 cum
1626 5627 1872 5703 sequenti
1909 5647 2020 5687 om.
2058 5627 2181 5686 ιιιις
2249 5633 2295 5664 ⁸⁸
2325 5631 2391 5685 Ει
2420 5633 2570 5688 hunc
2607 5627 2826 5687 versum
2859 5633 3118 5686 omittunt
3161 5627 3320 5686 codd.
3355 5630 3494 5700 lteg.
3535 5631 3714 5683 ambo.

462 5699 508 5731 ⁸⁷
540 5697 833 5770 ἐπέφανεν.
