4106 6206
388 244 600 328 '295

490 373 612 426 ’Ότι
638 371 697 424 τδ
731 371 837 425 πᾶν
860 371 1129 424 κεκένωτο
1151 368 1241 423 τοῦ
1279 368 1555 440 θησαυροῦ
1579 370 1823 437 χρυσίον,

500 463 827 528 Ἐξαναστάς
858 462 1144 514 ἐκέλευσεν
1174 460 1563 532 ὲκθερισθῆναι
1599 458 1741 528 ξῐςκι

490 555 722 617 Πολλοὺς
765 552 972 624 χρυσίῳ
1000 552 1305 622 βρίθοντας,
1335 550 1767 624 εὐθηνουμένους
1816 551 2052 623 πλούτῳ.

499 646 733 700 Ἐκεῖθεν
761 640 853 698 οὖν
891 643 1258 715 μετήντλησεν
1284 644 1410 706 ὅλας
1441 643 1665 714 χρυσίου
1695 642 1912 711 λίμνας.

487 733 652 801 Οὗτος
688 735 806 789 ίδὼν
852 753 982 789 ποτε
1016 734 1185 805 πηλὸν
1218 738 1278 790 ὲν
1310 734 1573 807 στενωπῷ
1599 734 1699 805 τῆς
1746 733 1968 806 Ῥώμης
2007 735 2053 767 ³⁵

488 830 723 892 Κόλποις
749 827 1163 881 Οὐεσπασιανοῦ
1195 827 1290 880 τοῦ
1322 829 1841 898 στρατηγικωτάτου

488 919 860 991 Βληθήσεσθαι
880 919 1246 990 προσέταξεν·
1271 914 1338 989 ἦν
1368 918 1476 990 γὰρ
1505 920 1871 990 ἀγορανόμος.

432 1018 439 1023 ’
570 1013 657 1074 Ὦς
684 1011 729 1064 δ’
758 1012 1055 1081 ἀπεσφάγη
1088 1012 1247 1075 Γάϊος
1275 1012 1334 1065 ὲν
1364 1010 1550 1081 μέσοις
1581 1011 1904 1080 tivam-39m;
1943 1011 2010 1075 θ’,

496 1103 700 1166 Ίθύνας
716 1104 773 1154 τὸ
798 1101 1063 1171 βασίλειον
1087 1102 1347 1173 τέσσαρσι
1376 1102 1591 1171 χρόνοις
1623 1101 1844 1171 κράτοζ,

496 1196 554 1247 Ὀ
578 1195 843 1258 Κλαύδιος
866 1196 1110 1266 ἡγήσατο
1143 1194 1477 1266 παραλαδὼν
1497 1195 1558 1248 τδ
1582 1196 1783 1266 κράτος
1804 1209 1820 1223 ’

494 1287 595 1345 Ὃς
622 1284 763 1337 οὓτω
788 1284 1154 1355 δειλοκάρδιος
1182 1286 1275 1337 καὶ
1299 1301 1465 1354 τρομε
1476 1285 1565 1355 pb;
1584 1284 1830 1354 ὑπῆρχεν

486 1376 583 1440 Ὠς
612 1376 736 1440 τοὺς
781 1375 1083 1446 φοιτῶντας
1132 1376 1262 1445 παρ’
1294 1376 1311 1407 ¹
1343 1375 1504 1429 αὐτὸν
1538 1374 1836 1446 ἁνερευνᾷν
1882 1388 2053 1441 προσ-

1724 1465 1980 1538 [τάττειν,

482 1560 695 1632 Μήπως
713 1558 1080 1613 ἔπικολπίδιον
1110 1558 1265 1629 τύχοι
1291 1576 1374 1622 τις
1402 1558 1658 1631 κρύπτων
1705 1557 1877 1629 ξίφος.

483 1654 547 1705 Εἰ
575 1652 634 1706 δέ
657 1669 785 1706 ποτε
813 1652 1116 1722 συμπόσιον
1148 1652 1450 1721 γηθόσυνον
1493 1652 1743 1722 συνίστη,

482 1746 916 1815 Περιεστήκεσαν
963 1745 1124 1798 αὑτὸν
1150 1744 1365 1799 ὁπλῖται
1392 1744 1700 1815 διρυιῖόροι.

482 1837 779 1906 Κρατήσας
810 1835 866 1889 δὲ
898 1835 1254 1905 τρισκαίδεκα
1278 1835 1375 1903 τῆς
1408 1835 1681 1904 βασιλείας
1715 1832 1811 1904 ἐτη
1838 1836 1858 1867 ³

481 1924 749 1984 Κλαύδ.ος
779 1928 805 1977 ὁ
832 1924 1136 1986 δειλότατος
1175 1923 1487 1991 φαρμάκοις
1516 1924 1839 1994 ἀναιρεῖται.

552 2014 818 2066 Κλαυδίου
842 2013 1252 2084 φαρμαχθέντος
1277 2015 1332 2066 δὲ
1363 2014 1411 2065 Ν
1418 2013 1557 2083 ἐρων
1581 2014 1610 2065 ὁ
1639 2014 2005 2084 μητροκτόνος

482 2105 564 2165 Πα
573 2104 907 2175 ρεισεὶρθάρη
927 2106 1164 2158 κάκιστα
1176 2106 1287 2167 τοῖς
1304 2104 1411 2157 τῶν
1433 2104 1576 2174 Ῥωμ
1587 2104 1717 2158 αίων
1732 2107 2050 2175 σκήπτροις.

475 2191 585 2248 Ἦν
611 2195 655 2247 δ’
684 2195 918 2266 ἀσελγὴς
949 2195 1041 2249 καὶ
1072 2196 1326 2267 βδελυρὸς
1360 2196 1456 2250 καὶ
1506 2196 1726 2267 πλήρης
1757 2197 2051 2260 ἁσωτείας,

482 2287 698 2341 Ἢττων
712 2288 947 2359 γαστρὸς
964 2287 1060 2342 καὶ
1077 2288 1188 2341 τῶν
1214 2288 1474 2359 γαστρὸς,
1494 2288 2053 2358 φίλοινος,φι).οπότης

482 2373 651 2441 Οὗτος
696 2378 922 2443 πολλοὺς
954 2379 1206 2448 ὑπήγαγε
1237 2379 1489 2442 θανάτοις
1518 2379 1892 2446 πικροτάτοις,

479 2472 590 2524 Καὶ
623 2470 722 2541 τὴν
758 2471 974 2542 μητέρα
1004 2471 1101 2524 σὺν
1135 2471 1321 2535 αὐτοῖς
1351 2471 1393 2526 ³.
1423 2470 1582 2523 Είποι
1610 2487 1694 2532 τις
1730 2471 1797 2524 ἂν
1826 2469 2050 2535 δικαίως

480 2563 602 2616 Ὅτι
634 2560 800 2615 κακὸν
831 2564 1117 2633 εἰσήνεγκε
1137 2561 1378 2615 τοιοῦτον
1402 2563 1513 2626 τοῖς
1545 2561 1603 2614 ἐν
1632 2561 1754 2631 βίῳ.

497 2651 891 2706 Ἐπικατέθυσε
917 2652 963 2705 δ’
981 2652 1118 2724 αὐτῇ
1141 2651 1163 2682 ⁸
1186 2653 1281 2705 καὶ
1310 2652 1409 2723 τὴν
1434 2651 1828 2723 ὀμοζυγοΰσαν.

478 2740 743 2810 Κακοϊςδ⁹
773 2741 1028 2807 ἑκαύξων
1058 2741 1128 2797 τά
1158 2743 1325 2809 κακὰ,
1346 2741 1442 2797 καὶ
1476 2740 1799 2814 προστιθεὶς
1842 2739 2043 2808 κακίω,

477 2943 691 2999 tristem
720 2941 953 3009 videret,
973 2943 1257 2999 exhaustis
1280 2943 1539 2999 omnibus
1568 2942 1625 2998 in
1655 2942 1851 3000 aerario
1880 2958 2047 3015 pecu-

1590 259 2101 321 CONSTANTINI
2144 257 2518 320 MANASSIS

2083 373 2130 432 Α
2161 367 2412 438 Εὐνούχῳ
2446 367 2466 397 ⁸
2516 365 2938 437 προσηρμόσατο
2991 364 3127 437 πρὸς
3154 362 3344 436 λέχους
3367 367 3387 399 ⁶
3427 370 3735 436 κοινωνίαν,

3629 259 3735 321 296

2169 460 2397 528 Ἔχαιρε
2427 459 2483 510 δὲ
2503 457 2824 529 κιθαρῳδοῖς
2853 457 2947 510 καὶ
2972 457 3187 525 γυναιξὶ
3216 459 3559 530 παιστρίαις,

2156 550 2268 605 Kal
2301 551 2406 602 πᾶν
2437 549 2606 603 κακὸν
2630 547 2724 601 καὶ
2756 548 2864 601 πᾶν
2891 547 3117 619 αίσχρδν
3144 548 3544 620 ἁῤῥητουργῶν
3569 550 3734 624 ὲπλήα

3497 637 3617 712 [ρου
3647 641 3669 672 '

2156 728 2260 780 Σὺν
2279 728 2596 798 ὀρχησταῖς,
2622 725 3202 797 γελοιασταῖς,μίμοις,
3230 728 3729 803 ἀρματοστρὸφοις.

2157 821 2291 873 Τότε
2323 820 2416 874 καὶ
2451 819 2656 889 Πάρθοι
2680 819 2778 888 τὴν
2808 817 2983 888 ἀρχὴν
3007 818 3108 886 τῆς
3140 819 3414 890 Περσικῆς
3440 822 3627 892 ἰσχύος

2156 912 2249 975 Εἰς
2270 911 2495 975 ἑαυτοὺς
2525 911 2910 982 παρέσπασαν,
2947 909 3163 981 Πέρσας
3186 911 3573 980 δεδουλωκότες

2167 1002 2253 1065 Ὦς
2287 1002 2345 1055 δὲ
2376 1002 2604 1065 πολλοὺς
2634 1003 2661 1054 ὀ
2694 1002 2938 1072 μυσαρδς
2965 1000 2987 1032 ⁸
3015 999 3205 1070 Νέρων
3236 1001 3407 1056 ἐδίδου
3453 1003 3621 1074 ξίφει,

2167 1093 2255 1154 Ὠς
2282 1091 2599 1163 ἀκροχάλιξ,
2630 1089 2705 1157 ὡς
2741 1089 2907 1161 ὑγρὸς
2946 1092 3130 1161 χοῖρος
3157 1093 3566 1165 ἀκρατοπότης,

2169 1181 2310 1233 Ὑπὸ
2356 1181 2553 1243 παντὸς
2602 1180 2872 1250 μεμίσητο
2920 1180 3016 1233 τοῦ
3065 1180 3303 1250 πλήθους
3339 1187 3495 1253 μῖσος
3543 1186 3730 1257 ἄκρον,
3842 1240 3861 1249 ι

2161 1271 2270 1324 Kal
2298 1270 2499 1335 πάντες
2528 1271 2937 1342 ἀπεστρέφοντο
2971 1273 3066 1324 καὶ
3085 1271 3184 1342 τὴν
3214 1273 3428 1326 ἐκείνου
3460 1275 3588 1329 θέαν
3606 1293 3621 1306 ·

2157 1361 2391 1433 Αἰσχρδν
2430 1361 2539 1432 γὰρ
2569 1352 2790 1432 σύμπαν
2819 1362 2840 1393 ³
2867 1361 3135 1434 ἔπραττεν
3164 1365 3223 1416 ὲν
3250 1363 3438 1434 μέσοις
3465 1369 3574 1430 τοῖς
3606 1367 3733 1421 θεά·

2364 1506 2369 1509 ,
3461 1460 3655 1534 [τροις.

2159 1553 2253 1622 Μὴ
2287 1554 2466 1605 τοίνυν
2492 1552 2812 1622 ἀνεχόμενοι
2846 1552 3111 1624 Ῥωμαῖοι
3135 1554 3310 1608 ταῦτα
3335 1554 3577 1625 βλέπειν,

2160 1643 2312 1714 Μηδὲ
2335 1641 2607 1696 δουλεύειν
2655 1643 2913 1712 φέροντες
2941 1645 3289 1715 ἡνιοστρόφῳ
3344 1644 3517 1716 μίμῳ,

2082 1713 2128 1772 Β
2168 1713 2429 1803 Ἐπῆλθον
2460 1734 2868 1805 ἀναιρήσοντες.
2895 1735 3065 1788 Τοῦτο
3090 1713 3147 1788 δε
3187 1713 3354 1804 γνοὺς
3380 1713 3625 1806 ὁ-Νέρων

2158 1825 2333 1879 Αὑτὸν
2358 1824 2739 1896 διεχειρίσατο,
2768 1824 2914 1879 τοῦτ’
2946 1826 3188 1879 ἐπειπὼν
3213 1829 3272 1880 ἐν
3309 1827 3485 1881 τέλει·

2160 1934 2178 1968 t
2215 1911 2361 1981 Οἷον,
2390 1911 2435 1970 ὦ
2467 1917 2593 1981 Ζεῦ,
2622 1916 2922 1988 κιθαρῳδὸν
2953 1920 2979 1970 δ
3013 1918 3128 1988 βίος
3155 1917 3485 1989 ζημιοῦταιί
3518 1938 3536 1970 ι

2165 2008 2302 2076 Ἕτη
2328 2010 2611 2080 κρατήσας
2632 2011 2872 2080 τέσσαρα
2907 2010 3045 2081 πρὸς
3074 2011 3474 2079 πληρεστάτοις
3493 2012 3624 2065 δέκα
3661 2011 3724 2066 ⁸⁸³.

2159 2100 2367 2163 Γάλϐας
2394 2099 2631 2171 κατῆρξε
2661 2101 2781 2171 μετ’
2815 2101 2998 2163 αὐτὸν.
3034 2102 3128 2155 καὶ
3158 2104 3277 2172 μετ’
3299 2105 3506 2157 ἐκεῖνον
3529 2103 3728 2167 Ὄθων,

2165 2190 2229 2242 '0
2271 2191 2369 2259 μὲν
2403 2190 2545 2243 ἑπτὰ
2577 2192 2913 2263 γευσάμενος
2942 2194 3116 2263 μῆνας
3153 2193 3254 2247 ’τοῦ
3284 2194 3516 2265 κράτους
3547 2194 3727 2265 μόνον,

2163 2280 2227 2336 Ὀ
2253 2282 2300 2335 δ’
2321 2282 2440 2336 οὐδὲ
2464 2282 2624 2337 πλέον
2642 2283 2750 2337 τῶν
2767 2284 2932 2355 τριῶν
2955 2285 3142 2356 μηνῶν
3170 2288 3724 2357 σκηπτροκρατήσας.

2151 2374 2262 2426 Kal
2300 2372 2418 2443 μετ’
2452 2374 2638 2428 αὐτῶν
2665 2375 2705 2406 ¹¹
2748 2375 3044 2441 Βιτέλλιος,
3078 2377 3136 2441 ὃς
3169 2380 3282 2441 τοῖς
3311 2378 3728 2449 ἀστερολέσχαις

2150 2463 2497 2535 Κηρύγματα
2531 2466 2887 2537 προστέθεικε
2914 2467 3140 2537 φεύγειν
3174 2468 3233 2533 ἐξ
3275 2469 3507 2532 Ἰταλίας
3532 2484 3546 2498 ⁸

2150 2555 2214 2607 Ol
2247 2554 2292 2607 δ’
2322 2555 2851 2624 ἀντιπροτεθείκασι·
2880 2575 2899 2609 t
2934 2557 3105 2627 Φεῦγε
3134 2558 3229 2612 τοῦ
3258 2559 3394 2629 βίου,
3427 2560 3666 2629 Καῖσαρ,
3700 2578 3719 2612 ι

2150 2642 2263 2695 Kal
2290 2642 2390 2714 τὴν
2427 2645 2643 2716 ἡμέραν
2701 2647 3013 2718 γράψαντες
3044 2648 3168 2703 καθ’
3212 2651 3279 2722 ἢν
3314 2650 3683 2719 ἀποκτανθείη
3710 2664 3723 2678 ³

2147 2734 2339 2806 Μῆνας
2370 2734 2515 2790 ὀκτὼ
2545 2738 2825 2809 κρατήσας
2848 2740 2959 2811 γὰρ
2987 2739 3150 2812 ἔργον
3169 2742 3447 2815 μαχαίρας
3475 2742 3633 2813 ὤφθη
3659 2744 3724 2797 ".

3396 2832 3548 2891 Vers.
3585 2833 3719 2890 20'“

2145 2960 2440 3034 quemdam
2463 2976 2625 3018 suum
2660 2963 2918 3035 eonjugio
2946 2964 3052 3021 sibi
3079 2965 3382 3036 copulavit.
3408 2965 3727 3021 Delectaba-

478 3036 605 3101 niis,
630 3036 698 3091 de
723 3035 976 3091 convivio
1007 3050 1239 3106 surgens
1263 3034 1499 3103 interfici
1529 3033 1794 3106 quosdam
1819 3036 2046 3120 opulen-

2153 3033 2245 3106 tttr
2283 3060 2340 3106 et
2381 3051 2723 3118 citharmdis,
2766 3033 2952 3123 iisque
3004 3033 3346 3110 mulierculis
3392 3071 3515 3126 qua:
3556 3056 3724 3110 risum

478 3135 565 3183 tos
590 3125 777 3197 jussit,
800 3139 976 3196 eoque
1010 3136 1172 3195 pacto
1198 3134 1410 3182 tantum
1444 3141 1554 3181 non
1579 3134 1768 3197 stagna
1796 3126 2044 3195 quaedam

476 3217 599 3275 auri
629 3226 958 3273 consecutus
985 3225 1088 3272 est.
1117 3216 1363 3284 Quodam
1388 3227 1634 3289 tempore
1650 3219 1827 3276 lutum
1863 3219 2046 3276 Rome

474 3309 533 3362 in
593 3308 880 3378 angiporto
936 3306 1288 3377 conspicatus
1346 3308 1628 3363 mandavit
1683 3317 1743 3364 ut
1795 3308 1931 3364 illud
1989 3309 2045 3362 in

474 3396 960 3480 vespasianiuqui
1013 3407 1129 3454 tum
1173 3397 1350 3454 aditis
1393 3410 1549 3466 erat,
1595 3400 1777 3455 sinum
1803 3400 2069 3472 eonjice-.

472 3501 649 3548 retur.

544 3583 842 3639 Interfecto
870 3590 1056 3637 autem
1084 3582 1141 3637 in
1172 3581 1320 3655 regia
1342 3581 1479 3640 Gaio
1506 3592 1632 3653 post
1660 3597 1864 3638 annum
1894 3585 2044 3656 regni

473 3683 753 3743 quartum,
779 3671 1042 3728 Claudius
1069 3671 1301 3742 sceptris
1327 3672 1385 3727 in
1418 3688 1477 3728 se
1507 3674 1785 3729 translatis
1814 3676 2045 3745 imperio

474 3761 685 3831 potitus
720 3774 830 3817 εει.
861 3760 994 3815 Erat
1024 3760 1075 3816 is
1100 3760 1238 3816 adeo
1271 3760 1659 3819 formidolosus
1681 3774 1843 3834 atque
1874 3765 2044 3836 trepi-

472 3851 600 3918 dus,
629 3861 689 3907 ut
721 3851 1048 3908 accedentes
1082 3851 1150 3909 ad
1193 3867 1251 3908 sc
1290 3853 1539 3924 perquiri
1569 3853 1737 3910 vellet
1761 3870 1892 3909 num
1920 3853 2045 3923 quis

471 3942 614 3999 forte
659 3943 899 4014 gladium
949 3942 1006 3998 in
1055 3944 1181 3999 sinu
1233 3944 1479 4000 abditum
1528 3952 1784 4016 gestaret.
1812 3944 1968 4011 Quod
1996 3947 2043 4001 si

472 4034 787 4088 convivium
820 4033 1106 4089 celebrare
1142 4034 1228 4089 sui
1267 4033 1610 4090 exhilarandi
1659 4049 1823 4089 causa
1857 4035 2039 4102 vellet,

471 4127 668 4182 armati
699 4127 901 4182 milites
930 4136 988 4182 et
1012 4128 1277 4183 satellites
1307 4126 1758 4183 circumstabant.
1782 4126 1920 4184 Cum
1947 4142 2045 4182 au-

474 4229 582 4273 tem
613 4233 789 4273 annos
812 4218 1074 4274 tredecim
1099 4217 1371 4289 exegisset
1403 4217 1460 4271 in
1493 4216 1749 4288 imperio,
1782 4215 1867 4272 vir
1895 4216 2045 4273 timi-

474 4308 739 4363 dissimus
772 4323 990 4364 veneno
1019 4309 1267 4364 sublatus
1300 4315 1405 4364 est.

2153 3141 2453 3208 concitant,
2479 3151 2685 3198 etcum
2732 3144 3109 3210 saltatoribus,
3137 3145 3475 3218 ludionibns,
3512 3145 3723 3206 mimis.

2152 3231 2473 3287 cantoribus
2520 3247 2685 3289 omne
2734 3234 2949 3291 facinus
2999 3236 3311 3306 improbum
3357 3236 3724 3307 perpetrabat,

2152 3339 2255 3378 nec
2303 3324 2373 3379 ab
2420 3324 2528 3379 ulla
2576 3326 2918 3396 turpitudine
2966 3328 3298 3384 abstinebat.
3353 3328 3408 3382 ld
3463 3327 3728 3399 temporis

2151 3415 2316 3470 etiam
2345 3415 2534 3470 Parthi
2565 3417 2847 3473 Persicum
2890 3434 3114 3489 regnum
3154 3421 3221 3475 ad
3253 3436 3311 3475 se
3338 3420 3722 3487 traduxerunt,

2152 3506 2335 3561 Persis
2365 3507 2420 3562 in
2454 3509 2777 3563 servitutem
2811 3510 3068 3566 redactis.
3098 3509 3234 3566 Cum
3262 3522 3444 3566 autem
3476 3512 3725 3585 impurus

2153 3597 2243 3652 hic
2269 3598 2416 3654 Nero
2447 3600 2652 3655 multos
2676 3599 2855 3670 gladio
2882 3602 3224 3667 sustulisset,
3267 3602 3430 3658 homo
3457 3602 3722 3658 nimirum

2151 3702 2322 3757 porco
2349 3689 2546 3744 similis
2573 3699 2633 3744 et
2658 3706 2870 3746 merum
2898 3692 3331 3763 intemperanter
3362 3694 3723 3765 ingurgitans,

2152 3780 2480 3833 acerrimum
2512 3781 2759 3834 omnium
2788 3781 3044 3837 ordinum
3077 3784 3266 3839 odium
3293 3792 3484 3839 contra
3509 3799 3569 3840 se
3596 3799 3727 3840 con-

2151 3866 2373 3934 citavit,
2422 3869 2559 3923 adeo
2589 3869 2810 3938 quidem
2846 3879 2907 3925 ut
2951 3872 3073 3943 ejus
3119 3883 3470 3943 conspectum
3504 3889 3725 3946 quoque

2151 3974 2315 4013 nemo
2365 3974 2475 4013 non
2526 3970 2899 4019 aversaretur.
2956 3963 3090 4019 Nam
3140 3964 3440 4021 fmdissima
3493 3982 3724 4037 quaeque

2152 4048 2332 4104 media
2363 4049 2416 4103 in
2448 4050 2570 4105 aula
2598 4050 2943 4124 designabat.
2973 4054 3315 4126 Quapropter
3341 4057 3596 4125 Romani,
3629 4058 3724 4129 qui

2152 4135 2269 4192 hac
2308 4138 2545 4208 amplius
2583 4139 2789 4197 intueri
2838 4158 2947 4198 non
2999 4155 3219 4214 possent
3266 4162 3370 4202 nec
3410 4148 3617 4219 auriga:
3659 4163 3726 4203 ac

2150 4229 2322 4284 mimo
2350 4230 2561 4286 servire
2589 4231 2826 4299 vellent,
2868 4234 3133 4290 invadunt
3157 4236 3435 4293 hominem
3463 4248 3721 4309 tanquam

2154 4319 2543 4389 interfecturi;
2585 4338 2695 4394 quo
2732 4324 2825 4380 ille
2862 4326 3086 4396 cognito
3125 4344 3319 4385 manus
3354 4329 3584 4401 ipsemet
3616 4331 3718 4387 sib’

543 4402 724 4469 Atque
770 4398 845 4454 ila
887 4399 1118 4455 Claudio
1167 4416 1264 4470 per
1310 4400 1642 4457 VeneﬁCium
1689 4402 2044 4471 ἱηιεΐῦωρῐον
2078 4404 2122 4460 D
2151 4412 2372 4477 attulit,
2434 4411 2523 4469 his
2576 4413 2642 4468 ad
2700 4425 3010 4472 extremum
3072 4419 3255 4475 verbis
3311 4398 3676 4490 pronuntiatis
3703 4438 3723 4478 ;

470 4492 616 4547 Nero
644 4490 918 4561 parricida
949 4490 1287 4562 nequissime
1318 4491 1628 4546 Romanum
1666 4491 1960 4562 imperium
1993 4490 2050 4546 in

473 4597 533 4638 se
564 4582 864 4637 transtulit.
900 4582 1031 4636 Erat
1061 4581 1151 4636 ille
1190 4581 1463 4647 lascivus,
1498 4584 1749 4652 impurus
1770 4622 1786 4647 ,
1822 4582 2052 4637 luxuriae

470 4675 665 4744 plenus
688 4715 703 4740 ,
748 4674 887 4746 gula:
944 4672 1234 4741 ventrique
1277 4671 1499 4728 deditus
1520 4712 1536 4738 ,
1571 4673 1820 4729 vinosus.
1850 4672 2052 4728 Multos

470 4766 844 4822 acerbissimis
873 4764 1160 4835 suppliciis
1191 4764 1409 4831 allecit,
1443 4766 1588 4821 inter
1612 4780 1754 4835 quos
1790 4775 1846 4820 et
1876 4772 2051 4820 mater

477 4857 653 4928 ipsius
682 4858 821 4924 fuit;
851 4871 1013 4926 quam
1049 4855 1282 4911 fortasse
1311 4857 1436 4927 quis
1474 4872 1583 4911 non
1624 4857 1900 4911 immerito
1941 4870 2050 4911 ca:-

469 4964 586 5004 sam
619 4947 842 5013 dixerit,
871 4947 1019 5019 quod
1053 4957 1160 5002 tam
1194 4947 1501 5019 improbum
1532 4948 1857 5003 mortalibus
1888 4948 2039 5016 prin-

469 5040 647 5110 cipem
681 5040 841 5096 enixa
870 5040 1053 5096 fuerit.
1082 5041 1384 5096 Parricidia
1409 5050 1589 5096 autem
1622 5041 1870 5112 conjugis
1899 5056 2040 5110 quo-

468 5148 577 5203 que
613 5132 1000 5188 mactationcm
1036 5133 1254 5205 adjecit.
1285 5133 1392 5206 42
1427 5136 1674 5206 Cumque
1708 5135 1849 5190 mala
1884 5135 2041 5189 malis

467 5232 523 5278 et
587 5223 810 5294 quidem
852 5223 1196 5280 .fmdioribus
1249 5227 1591 5290 cumularet,
1640 5224 2038 5281 cubicularium

2156 4518 2175 4553 ι
2203 4502 2452 4645 Qualem,
2489 4517 2523 4559 ο
2558 4504 2796 4576 Jupiter,
2846 4507 3225 4566 cithartedum.
3251 4513 3511 4569 mortales
3560 4513 3722 4570 amit-

2156 4599 2268 4645 tunt
2352 4610 2373 4644 ι

2148 4599 2268 4645 tum
2300 4599 2314 4645 ι
2352 4610 2373 4644 ι

2218 4681 2349 4737 Post
2380 4682 2655 4739 Neronem
2701 4684 2872 4742 Galba
2909 4690 3143 4760 imperio
3192 4696 3402 4762 potitus
3446 4702 3550 4760 est,
3596 4702 3722 4764 post

2146 4770 2372 4827 Galbam
2406 4772 2571 4841 Otho,
2608 4785 2731 4846 post
2764 4788 3059 4851 utrumque
3087 4782 3369 4851 Vitellius;
3401 4786 3494 4855 qui
3524 4785 3720 4840 edictis

2148 4866 2446 4933 propositis
2470 4869 2775 4940 astrologos
2799 4870 2950 4926 italia
2979 4874 3144 4944 jussit
3173 4875 3459 4931 excedere.
3485 4876 3566 4931 Illi
3589 4892 3719 4931 vero

2148 4952 2372 5022 scriptis
2395 4956 2637 5012 vicissim
2662 4961 2958 5029 propositis
2983 4965 3418 5034 responderunt:
3450 4967 3568 5021 «Tu
3586 4966 3715 5032 vita,

2145 5040 2349 5110 Caesar,
2381 5047 2654 5103 excedito.
2688 5069 2706 5101 ι
2763 5050 2936 5106 Simul
2988 5053 3166 5123 ipsum
3220 5056 3364 5126 diem
3409 5056 3718 5112 indicarunt

2147 5149 2258 5204 quo
2294 5136 2714 5196 interliciendus
2752 5152 2919 5198 esset.
2951 5144 3138 5215 Itaque
3170 5148 3452 5203 mensibus
3480 5158 3606 5203 octo
3634 5163 3719 5202 re-

2149 5244 2270 5282 rum
2300 5230 2505 5300 potitus
2532 5232 2711 5303 gladio
2740 5249 2913 5290 cmsus
2945 5236 3129 5306 periit.

1622 5338 1822 5401 Varias
1865 5337 2176 5401 lectiones
2220 5349 2282 5404 et
2325 5351 2515 5406 noue.

540 5451 590 5486 σε
627 5455 804 5486 λήμα..

540 5455 590 5486 ’³
625 5455 804 5525 ῥύμης
839 5457 904 5512 ll.
1001 5460 1048 5493 θ’
1079 5461 1235 5516 llunc
1263 5479 1477 5518 versum
1503 5481 1627 5520 cum
1660 5460 1909 5537 sequenti
1935 5483 1968 5523 ο

465 5524 607 5596 cgdd
696 5526 857 5595 ιιι-μ..
887 5540 1204 5596 sequentem
1236 5535 1419 5588 ambo.
1488 5536 1829 5593 δισκαίδεκα.
1872 5539 1938 5594 ιι.
1968 5591 1973 5594 _

464 5590 628 5666 Alllt.
733 5590 1057 5666 «moon.
1154 5602 1566 5658 τετέλειΑιιιι.

465 5662 661 5726 αὐτοὺς
692 5666 752 5717 Α.
785 5662 793 5665 ⁷
834 5662 874 5698 ’⁵
906 5667 1063 5724 llune
1100 5685 1318 5726 versum
1358 5688 1469 5729 om.
1500 5673 1615 5729 RR.

1001 5460 1048 5545 ’ξ
1079 5461 1235 5545 illunc
1263 5479 1477 5545 versum
1492 5481 1627 5545 _cum
1658 5460 1909 5545 sequenti
1935 5471 2265 5545 omncodda
2285 5471 2432 5545 Reg.
2499 5476 2515 5504 ί
2545 5475 2682 5545 πρὸς
2710 5475 2824 5532 AR.
2897 5480 2918 5511 ⁸
2939 5477 3097 5535 Hunc
3122 5495 3334 5537 versum
3366 5497 3474 5539 om.
3507 5498 3647 5537 unus
3684 5498 3716 5536 e

2053 5541 2191 5622 ξτὴν
2210 5541 2376 5622 αξ.τοῦ
2401 5542 2470 5622 Ιεζ
2539 5541 2722 5622 {fatal
2749 5548 3046 5605 κατέθυσεν
3075 5551 3245 5622 αὐτὴν
3272 5552 3336 5606 lt.
3411 5554 3432 5585 '
3460 5552 3714 5622 εὐνοῦχον

1661 5610 1683 5639 ⁸
1718 5611 1959 5681 ὁυπαρὸς
1990 5609 2100 5665 AR.

2210 5613 2231 5643 ’
2255 5612 2402 5667 ᾶπαν
2431 5611 2496 5667 Β.
2576 5615 2619 5647 ¹⁰
2653 5614 2809 5674 llunc
2844 5634 2986 5677 vers.
3024 5637 3133 5677 om.
3164 5611 3227 5676 [ι’.
3330 5625 3370 5655 ⁸³
3398 5621 3565 5677 αὑτοῦ
3600 5611 3711 5677 illi.
