4080 6206
350 222 459 287 997

1497 216 2003 279 COMPENDIUM
2044 217 2526 297 CIIRONICUM.

3507 230 3615 297 998

426 338 646 392 Τούτων
672 335 936 387 λιπόντων
964 333 1061 398 τὴν
1082 332 1124 397 ,ἅ
1137 349 1164 402 ρ
1170 332 1265 404 χὴν
1294 332 1389 385 καὶ
1420 334 1515 386 σὺν
1538 334 1671 403 αὐτῇ
1695 336 1782 385 τδν
1818 331 1934 402 βίον
1965 360 2011 411 Α
2040 334 2157 388 Κᾶν
2184 331 2325 405 ἦσαν
2356 335 2513 390 ἄλλαι
2542 335 2786 401 πλείονες
2814 337 2983 409 ἀρχαὶ
3018 341 3113 394 καὶ
3148 340 3439 411 Suadam”

355 430 591 500 Στρατδς
620 423 1015 494 Οὐεσπασιανῷ
1064 423 1363 493 ψηφίζεται
1386 427 1443 477 τὸ
1475 426 1693 495 κράτος,

355 524 432 577 Τὸ
457 520 648 583 κάλλος
692 516 1065 588 περικείρονται
1093 517 1191 585 τῆς
1242 516 1505 578 Ἰουδαίας
1534 516 1679 570 τότε,

357 616 628 676 Κάκεῖνος
663 612 764 680 μὲν
800 609 1054 680 ἀπῴχετο
1087 609 1473 679 ναυστοληθεὶς
1502 610 1638 677 πρὸς
1685 608 1926 682 Ῥώμην,

355 708 459 761 Τὸν
480 707 537 760 δὲ
561 703 1008 775 γενναιοκάρδιον
1043 702 1157 754 υἱὸν
1191 701 1354 754 αύτοῦ
1390 700 1482 755 τὸν
1512 702 1669 755 Τῖτον

363 793 721 867 Ἰερουσαλὴμ
752 793 1065 863 πολιορκεῖν
1095 790 1275 859 ἀφῆκε
1307 791 1404 844 σὺν
1436 790 1688 861 δυνάμει,

368 887 765 959 ’Λναγορεύσας
797 884 1053 953 Καίσαρα
1082 882 1324 951 διάδοχον
1354 880 1447 935 τοῦ
1476 883 1713 953 κράτους
1735 897 1750 912 ⁸

356 984 457 1044 Ὃς
481 980 625 1051 μετά
665 975 896 1048 μόχθους
930 973 1148 1035 ἱκανοὺς
1178 973 1272 1024 καὶ
1303 971 1400 1035 τὰς
1426 973 1825 1043 ἀνδροκτασίας

356 1075 467 1127 Καὶ
496 1071 594 1134 τὰς
641 1069 915 1126 θαλάσσας
967 1063 1076 1118 τῶν
1120 1061 1328 1134 συχνῶν
1380 1062 1628 1133 αἱμάτων
1666 1062 1762 1117 καὶ
1804 1063 1929 1125 τοὺς

1684 1152 1929 1225 [edito-ag,

367 1255 489 1324 Ὑφ’
515 1248 592 1307 ὧν
627 1250 1137 1322 κατηρυθρώθησαν
1163 1248 1306 1301 Σιὼν
1331 1249 1386 1301 αἱ
1419 1246 1667 1310 πεδιάδες

356 1346 466 1401 Καὶ
482 1345 682 1414 δόρατα
707 1341 963 1410 γεγόνασι
989 1340 1339 1411 λυθρόςςυρτα
1376 1338 1418 1369 ⁸³
1446 1339 1541 1391 καὶ
1566 1336 1718 1408 ξίφη,

370 1436 615 1498 ἐλισπίδες
646 1434 1073 1503 αἱμοφόρυκτοι,
1100 1432 1451 1501 φονοσταγεῖς
1470 1429 1739 1499 παλάμαι,

354 1529 519 1590 Τέλος
550 1524 975 1595 περιγενόμενος
1013 1522 1224 1584 πόλεως
1257 1522 1354 1589 τῆς
1387 1519 1571 1583 ὀλϐίας

353 1620 460 1680 Tit;
484 1617 689 1687 ὀχυρὰς
710 1613 997 1683 οἰκοδομὰς
1031 1612 1128 1665 καὶ
1161 1612 1405 1682 πύργους
1437 1612 1563 1673 τοὺς
1615 1609 1926 1680 εὐπύργους

356 1709 717 1777 Πυριφλεγεῖς
749 1706 1014 1773 πεποίηκε
1049 1704 1146 1757 καὶ
1178 1703 1268 1755 τὸν
1297 1701 1421 1755 ναὸν
1449 1701 1689 1765 καθεῖλε,

353 1801 529 1855 Πολλά
552 1797 811 1860 πολλάκις
838 1798 923 1849 ἐπ’
946 1795 1095 1865 αὐτῷ
1126 1794 1386 1861 στενάξας
1428 1795 1522 1847 καὶ
1556 1792 1854 1862 δακρύσας,

353 1893 460 1946 Καὶ
489 1892 643 1946 πόλιν
673 1890 773 1958 τὴν
794 1887 1097 1958 περικαλλῆ
1121 1886 1218 1956 τὴν
1259 1885 1769 1955 μυριανδρουμένην
1804 1884 1849 1914 ⁸⁸

374 1981 798 2051 Ἦσεολωμένην
826 1978 1064 2043 τέθεικε,
1089 1977 1280 2047 καπνῷ
1306 1978 1752 2048 μεμορυγμένην,

363 2077 448 2139 Ὡς
472 2076 796 2143 περιστῆναι
827 2072 925 2141 τὴν
954 2069 1155 2140 πολλὴν
1177 2070 1396 2138 ἐκείνην
1429 2067 1720 2138 εὐανδρίαν

349 2162 445 2222 Et;
474 2162 679 2230 ἄπορον
710 2159 807 2211 καὶ
851 2156 1148 2227 Σκυθικὴν,
1185 2159 1212 2210 ὃ
1243 2172 1425 2224 φασιν,
1458 2156 1714 2227 ἐρημίαν.

354 2252 595 2323 Ιιαρέτου
626 2249 921 2320 γενομένου
954 2250 1008 2302 δὲ
1030 2248 1123 2301 τοῦ
1154 2250 1420 2319 κράτορος
1451 2251 1515 2301 ὲκ
1544 2248 1753 2317 γήρους

354 2345 462 2395 Καὶ
498 2343 639 2411 νόσῳ
672 2340 1080 2402 καταλύσαντος
1104 2339 1195 2391 τὸν
1230 2339 1345 2408 βίον
1374 2339 1470 2392 καὶ
1496 2337 1557 2391 τὸ
1579 2337 1805 2409 κράτος,

358 2434 541 2487 "Erae:
559 2432 979 2504 βασιλεύσαντος
1001 2432 1063 2485 οὐ
1099 2430 1272 2484 πλείω
1293 2430 1402 2483 τῶν
1431 2430 1608 2495 ἐννέα,

355 2528 514 2590 Τῖτος
554 2524 838 2596 παρῆλθεν
868 2525 946 2586 εἰς
975 2524 1130 2587 αὐτὸ,
1162 2524 1305 2585 θεῖος
1335 2523 1475 2593 ἀνὴρ
1505 2523 1599 2575 καὶ
1625 2523 1821 2593 πρᾶος,

354 2619 517 2689 Ἀνὴρ
559 2617 1010 2687 φιλοδωρότατος,
1046 2614 1337 2685 προετικδς
1380 2613 1682 2685 χρημάτων
1717 2615 1782 2679 ³⁸»

358 2711 466 2764 Καὶ
487 2710 588 2781 τῆς
612 2709 787 2779 ἀρχῆς
809 2707 1064 2772 κατάξιος
1093 2708 1187 2760 καὶ
1204 2706 1300 2776 τῆς
1333 2706 1433 2775 ήγε
1443 2705 1652 2776 μονίας,

427 2959 788 3028 Posteaquam
837 2957 893 3011 lti
938 2966 995 3012 et
1042 2955 1349 3026 imperandi
1391 2964 1449 3013 et
1500 2954 1719 3011 vivendi
1767 2956 1931 3011 linem

2045 427 2158 479 Καὶ
2187 427 2389 492 ταύτας
2412 426 2487 480 ὢν
2516 428 2739 492 ὲπάξιος
2762 428 2974 483 διέπειν
3004 432 3100 485 καὶ
3130 433 3392 503 συνέχειν.

2041 518 2243 573 Τούτου
2276 520 2335 572 τὸ
2366 519 2727 591 περιλάλητον
2749 521 2843 575 καὶ
2873 521 3187 591 θαυμαστὶν
3218 526 3398 578 ἐκεῖνο

2048 627 2068 661 ι
2107 612 2221 663 Οὔκ
2251 610 2519 680 ἐγενόμην
2542 610 2794 680 βασιλεὺς
2825 613 3067 684 τήμερον
3104 615 3147 645 ⁸⁸
3190 615 3310 668 οὐδὲ
3342 616 3562 689 κράτωρ
3598 632 3615 651 ·

2041 702 2242 756 Οὐδένα
2271 702 2379 776 γὰρ
2400 703 2749 774 κατήθτλησα
2782 705 3020 774 ῥείθροις
3043 707 3392 778 εὐεργεσίας.
3447 728 3465 760 ι

2040 792 2244 845 Τούτου
2275 793 2335 846 τὸ
2368 793 2746 864 πολυύμνητον
2776 796 2953 848 ἐκεῖνο
2986 797 3080 848 καὶ
3110 801 3389 865 γενναῖον*

2046 904 2064 937 ι
2099 885 2173 937 Οὐ
2202 885 2306 955 χρὴ
2330 885 2420 938 τὸν
2449 885 2791 957 θεασάμενον
2814 887 3108 958 πρόσωπον
3145 890 3413 959 βασιλέως

2040 974 2420 1030 Παλιννοστεῖν
2448 977 2745 1047 περίλυπον
2776 979 2833 1032 ὲν
2857 981 3199 1051 σκυθρωποῖς
3224 984 3556 1052 προσώποις.
3586 1002 3609 1038 ο

2056 1067 2182 1120 Λλλ*
2214 1065 2352 1136 ἔφθη
2385 1070 2792 1138 προαρπάσασα
2824 1069 2977 1134 νόσος
3011 1071 3044 1141 ἡ
3086 1071 3403 1142 παλαμναία

2039 1160 2151 1230 Πρδ
2180 1160 2371 1231 χρόνου
2399 1161 2489 1213 τὸν
2536 1150 2840 1228 πανδέξιον,
2876 1163 3209 1234 κρατήσαντ*
3229 1164 3323 1235 ἔτη
3352 1164 3467 1221 δύο.

2038 1253 2244 1326 Τροχοῦ
2275 1253 2318 1307 δ’
2345 1253 2625 1323 ὴᾶστατος
2666 1255 2805 1324 φορὰ
2828 1254 2922 1306 καὶ
2955 1256 2983 1307 ὁ
3007 1253 3199 1318 πεττὺς
3224 1259 3322 1326 τῆς
3342 1256 3515 1329 τύχης

2038 1346 2239 1409 Κακῶς
2268 1344 2343 1416 τῷ
2373 1345 2687 1415 Δομετιανῴ
2709 1345 2769 1398 τὸ
2792 1344 2994 1415 κράτος
3024 1346 3343 1416 ἐγχειρίζει,

2035 1434 2223 1487 Φυέντι
2261 1434 2360 1504 μὲν
2392 1436 2455 1487 ἐκ
2485 1436 2593 1488 τῶν
2630 1435 2807 1487 αὐτῶν
2829 1433 3165 1504 σπερμάτων
3197 1435 3254 1499 ἐξ
3288 1430 3363 1489 ὧν
3417 1438 3601 1505 Τῖτος,

2039 1525 2205 1578 Οὐδὲν
2235 1526 2290 1579 δὲ
2329 1526 2550 1596 φέροντι
2584 1524 2763 1579 κοινὸν
2792 1526 2903 1579 οὐδ’
2928 1524 3156 1595 ἀδελφὸν
3187 1522 3232 1557 ¹⁴¹
3264 1528 3403 1599 πρὸς
3431 1530 3615 1597 Τῖτον,

2049 1618 2135 1681 Ὠς
2157 1614 2381 1672 εἶναιτὸ
2412 1618 2778 1689 θρυλούμενον
2807 1617 3116 1689 πανάληθες
3147 1622 3323 1672 ἐκεῖνο
3356 1621 3397 1652 ³⁸
3427 1637 3441 1651 ·

1963 1724 2001 1777 Β
2040 1730 2058 1762 ι
2094 1711 2254 1780 Ἀμὶς
2274 1712 2369 1763 καὶ
2386 1712 2736 1781 ποτιστήριον
2768 1710 2831 1763 ἐκ
2861 1711 2961 1781 τῆς
2991 1711 3164 1782 αὐτῆς
3204 1709 3384 1776 ὑέλου,
3517 1740 3540 1771 ι

2033 1803 2367 1872 Ποδονιπτὴρ
2388 1803 2480 1854 καὶ
2506 1800 2772 1854 κύπελλον
2792 1804 2854 1855 ὲκ
2873 1803 2981 1855 τῶν
3000 1803 3180 1855 αὐτῶν
3194 1805 3467 1873 χωμάτων
3495 1805 3560 1858 ⁸⁸.
3584 1823 3606 1856 ι

2030 1889 2140 1947 Ἦν
2157 1894 2266 1963 γάρ
2289 1895 2735 1965 ἐρασιχρήματος
2756 1893 2825 1959 ⁸⁸⁵,
2848 1894 3092 1962 κάπηλος
3113 1890 3222 1946 τῶν
3243 1897 3610 1965 πραγμάτων,

2029 1985 2209 2054 Διψῶν
2226 1986 2474 2055 αἱμάτων
2495 1986 2591 2040 καὶ
2609 1985 2856 2055 σφαγῶν,
2879 1985 3139 2056 μάγειρος
3157 1985 3264 2038 τῶν
3283 1986 3611 2057 ἀνθρώπων,

2030 2075 2369 2146 Κρεανομῶν
2394 2076 2756 2145 ἀσυμπαθῶς,
2787 2074 3141 2145 βρυχώμενος
3167 2075 3243 2138 ὡς
3274 2076 3429 2130 λέων.

2031 2167 2221 2238 Τούτῳ
2249 2168 2480 2238 προεῖπέ
2507 2186 2589 2231 τις
2615 2168 2776 2236 σοφὸς
2811 2169 2952 2237 ἀνὴρ
2989 2168 3033 2197 ³³
3062 2166 3460 2240 ἀστερολέσχης

2032 2257 2167 2310 Πότε
2196 2258 2289 2310 καὶ
2312 2257 2427 2322 πῶς
2458 2257 2797 2321 τεθνήξεται,
2834 2257 2917 2320 τίς
2952 2255 3069 2326 μετ’
3111 2256 3275 2309 αὑτὸν
3304 2260 3566 2331 κατάρξει
3591 2275 3609 2294 ο

2042 2347 2103 2400 Ὀ
2126 2347 2181 2400 δὲ
2208 2348 2707 2418 παραστησάμενος
2743 2349 2911 2415 ἐγγὺς
2937 2348 3027 2400 τὸν
3063 2351 3412 2420 ἀστρολόγον,

2035 2460 2054 2493 ι
2089 2440 2178 2494 Σοὶ
2197 2441 2263 2506 δ’,
2297 2440 2420 2512 ἔφη,
2454 2441 2637 2507 πόσος,
2661 2440 3091 2512 ἄνθρωπε,ζωῆς
3106 2443 3252 2498 ἐστιν
3268 2447 3313 2477 ³³
3341 2446 3368 2497 ό
3385 2447 3609 2517 χρόνοςς

2029 2534 2139 2588 Καὶ
2161 2534 2275 2597 πῶς
2295 2534 2391 2586 καὶ
2424 2533 2554 2586 πότε
2573 2533 2854 2604 τελευτᾷς,
2886 2535 2979 2586 καὶ
2999 2535 3154 2587 ποῖόν
3175 2553 3256 2589 σοι
3278 2539 3336 2590 τὸ
3364 2539 3514 2603 τέλος
3534 2555 3550 2607 ;
3582 2559 3604 2592 ο

2028 2627 2271 2681 Ἐκείνου
2307 2626 2361 2680 δὲ
2380 2625 2714 2695 λαλήσαντος
2742 2627 2952 2694 τρανῶς
2982 2629 3075 2680 καὶ
3107 2629 3422 2700 φιλαλήθως

2032 2718 2212 2788 "Amp
2234 2715 2395 2770 αὐτὸν
2412 2715 2690 2770 ἐδίδασκεν
2721 2717 2749 2769 ὁ
2782 2715 2890 2771 τῶν
2921 2717 3167 2789 ἀστέρων
3201 2718 3398 2790 δρόμος
3432 2718 3501 2785 ’³,

3284 2808 3439 2865 Vet‘s.
3466 2808 3610 2864 2l05

2032 2985 2141 3025 non
2173 2969 2273 3036 l'ui,
2312 2969 2439 3040 quia
2479 2968 2756 3025 neminem
2788 2969 3054 3025 beneficio
3081 2969 3260 3027 aﬂ‘eci.
3293 2990 3311 3023 ι
3351 2970 3611 3040 Eiusdem

361 3052 636 3115 ίεοῖεεεηιν
676 3053 953 3105 “melius
985 3049 1381 3119 Vespasianum
1415 3048 1803 3117 imperatorem
1844 3063 1931 3101 τίδ’
1958 3078 2001 3136 ς,
2034 3072 2091 3117 ct
2117 3062 2286 3116 altera
2310 3076 2415 3117 vox
2437 3062 2596 3117 valde
2624 3062 2847 3117 laudata
2870 3063 3104 3133 vi'roqne
3136 3076 3402 3134 generoso
3423 3062 3611 3133 digna,

360 3149 699 3210 nuntiarunt,
732 3145 823 3214 qui
859 3151 971 3196 tum
1005 3139 1526 3211 temporisJudaeam
1556 3139 1928 3195 exscindcbat.

357 3239 539 3308 itaque
569 3236 796 3290 Romam
847 3232 933 3286 ille
982 3246 1105 3286 cum
1158 3230 1332 3285 classe
1369 3230 1652 3301 profeCtus
1680 3239 1785 3295 est,
1818 3243 1933 3282 ma-

358 3330 612 3401 gnanimo
642 3327 754 3381 lilio
784 3342 884 3381 suo
907 3324 1033 3378 Tito
1064 3339 1187 3378 cum
1215 3323 1388 3392 capiis
1417 3324 1483 3378 ad
1513 3322 1928 3394 expugnandam

358 3422 786 3491 Hierosolymam
840 3417 1065 3480 reiicto,
1114 3431 1239 3470 cum
1284 3414 1553 3470 Caesarem
1604 3429 1668 3469 ac
1716 3412 1941 3483 imperii

359 3526 729 3568 successorem
762 3509 915 3563 illum
952 3507 1313 3578 designasset.
1344 3505 1427 3561 Ab
1459 3520 1526 3561 eo
1556 3514 1678 3574 post
1709 3519 1935 3574 magnos

360 3607 593 3671 labores,
630 3603 809 3659 caedes
855 3601 1121 3671 quasique
1171 3600 1343 3677 maris
1376 3600 1431 3653 in
1470 3614 1681 3653 morem
1730 3597 1935 3653 eiTusos

360 3714 606 3763 cruores,
635 3697 837 3766 quibus
863 3711 1039 3764 campi
1073 3694 1256 3750 Sionis
1287 3692 1549 3748 rubefacti
1576 3701 1725 3757 sunt,
1750 3691 1936 3745 basta-

360 3807 476 3844 tum
509 3790 927 3860 gladiorumque
959 3784 1360 3841 vibrationibus
1408 3783 1680 3852 respersi,
1714 3783 1933 3837 tandem

363 3883 493 3936 urbs
542 3882 804 3950 opulenta
837 3881 1106 3947 beateque
1133 3876 1188 3930 in
1224 3884 1548 3945 potestatem
1576 3874 1797 3928 redacta
1826 3882 1931 3938 est,

359 3974 567 4029 munita
597 3971 853 4033 :edilicia,
876 3985 1001 4024 cum
1024 3968 1273 4022 turribus
1292 3966 1524 4038 egregiis
1552 3965 1674 4040 igne
1704 3978 1933 4019 concre-

362 4075 526 4127 mata,
565 4063 828 4131 templum
861 4061 1041 4130 ipsum
1085 4059 1362 4120 deletum;
1401 4058 1557 4128 cujus
1588 4055 1807 4110 nomine
1835 4069 1935 4109 sa:-

361 4172 659 4229 penumero
693 4156 854 4209 Titus
887 4150 1279 4222 ingemiscehat
1310 4158 1366 4205 et
1389 4148 1780 4219 illacrymabat.
1820 4145 1934 4201 Iloc

363 4251 524 4305 modo
548 4249 740 4304 urbem
761 4246 1192 4317 pulcherrimam
1209 4253 1262 4298 et
1278 4241 1753 4313 pepulosissimam
1771 4238 1827 4292 in
1846 4238 1933 4291 fu-

361 4359 506 4397 mutn
528 4352 695 4410 atque
714 4343 929 4395 cineres
946 4334 1172 4405 redegit,
1189 4334 1264 4387 ita
1282 4343 1343 4387 ut
1364 4332 1763 4387 habitatoribus
1776 4338 1934 4384 antea

2041 3167 2164 3208 cum
2195 3151 2400 3206 diceret
2428 3167 2552 3207 cum
2581 3152 2677 3222 qui
2705 3152 2898 3207 faciem
2928 3153 3276 3222 imperatoris
3306 3154 3608 3217 intueatur,

2044 3240 2184 3296 tristi
2216 3240 2368 3295 vultu
2402 3240 2471 3293 ab
2499 3256 2565 3295 eo
2590 3240 2873 3295 discedere
2907 3256 3015 3295 non
3047 3241 3270 3296 debere.
3309 3241 3415 3295 Sed
3462 3243 3613 3295 enim

2041 3332 2267 3386 morbus
2334 3331 2555 3386 lethalis
2609 3340 2736 3384 ante
2801 3330 3077 3384 hominem
3145 3331 3612 3400 elegantissimum
3662 3383 3666 3388 .

2040 3422 2281 3491 abripuit
2308 3438 2470 3491 quam
2506 3420 2790 3474 biennium
2837 3421 3184 3489 imperasset;
3235 3436 3300 3474 ac
3340 3422 3615 3479 instabili:

2041 3520 2173 3566 rota:
2200 3526 2396 3565 cursus
2423 3526 2548 3565 cum
2575 3510 2691 3564 alea
2719 3509 2953 3564 fortuna:
2982 3509 3289 3565 Domitiano
3317 3511 3610 3582 imperium

2040 3604 2182 3658 male
2215 3601 2431 3656 detulit.
2463 3602 2593 3656 Erat
2623 3601 2669 3655 is
2702 3601 2923 3670 quidem
2952 3610 3115 3656 natus
3144 3602 3336 3657 iisdem
3369 3605 3616 3674 parenti.

2041 3692 2145 3748 bus
2171 3695 2372 3764 quibus
2398 3703 2455 3749 et
2479 3694 2639 3748 Titus
2668 3710 2682 3745 :
2720 3694 2814 3748 sed
2846 3694 2985 3748 nihil
3013 3709 3138 3749 cum
3171 3694 3295 3750 Tito
3321 3711 3614 3753 commune

2039 3799 2105 3839 ac
2148 3799 2467 3855 germanum
2511 3784 2769 3839 habebat.
2821 3783 2941 3851 Quo
3010 3786 3213 3839 factum
3270 3795 3331 3840 ut
3381 3787 3610 3841 verbum

2039 3875 2175 3931 illud
2200 3877 2362 3947 vulgo
2392 3876 2581 3932 tritum
2617 3876 2672 3931 in
2705 3876 2790 3931 his
2819 3891 3007 3930 verum
3057 3885 3207 3932 esset
3255 3895 3275 3929 ι
3303 3881 3507 3933 matula
3552 3888 3614 3933 et

2039 3968 2298 4038 poculum
2327 3983 2393 4022 ex
2418 3968 2612 4024 eodem
2643 3968 2804 4023 vitro.
2829 3987 2848 4019 ›
2882 3967 3094 4037 Quippe
3123 3968 3465 4027 Domitianus
3488 3984 3615 4023 ava-

2041 4074 2135 4113 rus
2164 4067 2281 4113 erat
2317 4068 2374 4114 et
2409 4058 2564 4128 quasi
2594 4073 2771 4127 caupo
2804 4056 3025 4126 quidam
3061 4059 3441 4126 pecuniarum,
3469 4073 3615 4113 sun--

2041 4151 2223 4219 guinis
2249 4160 2305 4204 et
2339 4152 2566 4205 caedium
2616 4149 2844 4216 avidus,
2876 4149 3163 4203 hominum
3206 4163 3438 4219 coquus,
3471 4149 3611 4206 citra

2042 4243 2574 4297 eommiserationem
2642 4241 2906 4297 carnibus
2966 4239 3222 4295 humanis
3280 4241 3614 4296 dilaniandis

2042 4333 2282 4397 deditus,
2315 4333 2492 4388 leonis
2522 4334 2576 4387 in
2607 4348 2814 4387 rnorem
2847 4333 3091 4402 rugiens.
3123 4332 3380 4387 Praedixit
3407 4333 3459 4387 ei
3485 4334 3615 4402 qui.

360 4432 617 4501 frequens
633 4427 964 4495 deincepsin
980 4421 1933 4492 miseramtristemquesolitudinem
1967 4441 2008 4494 [ι
2040 4426 2165 4480 dam
2196 4427 2283 4479 vir
2309 4426 2504 4481 doctus
2532 4435 2588 4481 et
2618 4441 2812 4480 cursus
2849 4424 3093 4479 siderum
3130 4425 3361 4493 peritus,
3393 4424 3613 4494 quando

362 4532 813 4576 commutaretur.
848 4521 986 4574 Cum
1032 4527 1215 4571 autem
1246 4516 1605 4584 Vespasianus
1638 4515 1934 4584 imperator

362 4615 513 4667 senio
542 4611 843 4679 morboque
878 4612 1161 4664 conleclus
1193 4623 1224 4662 c
1264 4608 1427 4661 rebus
1465 4606 1714 4661 humanis
1746 4622 1934 4660 exces-

360 4709 537 4766 sisset,
558 4705 719 4758 annis
754 4705 810 4757 in
843 4702 1075 4771 imperio
1098 4714 1203 4753 non
1227 4699 1462 4768 amplius
1482 4713 1675 4753 novem
1705 4697 1932 4764 exactis,

360 4796 462 4867 43
489 4799 759 4852 successit
779 4799 831 4853 ei
858 4798 1014 4852 Titus
1034 4794 1200 4859 ﬁlius,
1219 4792 1301 4846 \ir
1324 4791 1483 4860 plane
1506 4790 1744 4853 divinus,
1763 4790 1930 4854 mitis,

363 4888 800 4955 liberalissimus,
849 4903 1016 4959 opum
1067 4885 1385 4954 dissipator,
1433 4882 1662 4950 imperio
1715 4882 1935 4949 dignus,

364 4978 473 5036 imo
506 4981 708 5051 dignus
759 4981 852 5051 qui
900 4981 1055 5050 plura
1101 4979 1267 5033 etiam
1322 4975 1570 5044 imperia,
1623 4974 1665 5028 si
1713 4972 1934 5042 quidem

2040 4527 2095 4572 et
2126 4533 2235 4587 quo
2266 4526 2422 4586 pacto
2452 4517 2732 4587 periturus
2756 4524 2982 4571 essetet
3008 4516 3133 4584 quis
3156 4515 3205 4569 ei
3232 4529 3609 4572 successurus.

2039 4610 2134 4665 Ille
2169 4625 2302 4663 vero
2337 4610 2598 4665 arcessito
2628 4611 2692 4664 ad
2724 4625 2782 4664 se
2811 4609 3116 4677 aStrologo:
3156 4625 3174 4655 ι
3205 4608 3274 4659 At
3308 4606 3428 4672 tibi,
3456 4625 3474 4657 ι
3511 4606 3609 4668 ait,

2046 4721 2064 4752 ι
2095 4711 2362 4771 quantum
2419 4710 2627 4756 restare
2673 4701 2933 4769 temporis
2980 4701 3046 4754 ad
3088 4698 3380 4753 vivendum
3419 4697 3614 4752 existi-

2042 4811 2187 4859 mas,
2226 4794 2436 4848 homo?
2469 4808 2658 4862 'quove
2707 4800 2900 4861 pacto,
2952 4802 3007 4845 ct
3050 4788 3271 4858 quando
3316 4787 3614 4841 morieris?

2040 4903 2202 4957 quem
2231 4886 2459 4942 habebis
2487 4887 2693 4940 exitum
2723 4883 2891 4938 vitae?
2920 4902 2937 4934 ι
2977 4882 3053 4935 De
3098 4882 3301 4950 quibus
3344 4881 3433 4935 ille
3483 4895 3610 4935 cum

2042 4986 2188 5032 recte
2233 4993 2297 5031 ac
2341 4993 2470 5032 vere
2518 4974 2866 5030 disseruisset
2915 4981 2975 5027 ut
3019 4987 3087 5027 ex
3131 4980 3404 5027 astrorum
3455 4980 3609 5027 motu

364 5073 727 5138 exstitissent,
777 5072 1188 5127 administraret
1233 5083 1299 5123 ac
1350 5075 1641 5122 tutaretur.
1680 5065 1813 5135 Ejus
1857 5073 1940 5118 cst
2039 5068 2268 5125 edoctus
2306 5078 2454 5132 erat,
2495 5068 2794 5135 imperator
2841 5064 3120 5119 hominem
3152 5066 3478 5120 convincere
3506 5079 3609 5119 vo-

366 5179 468 5219 vox
497 5166 590 5220 illa
621 5164 859 5219 celebris
895 5175 953 5221 et
990 5161 1310 5218 admiranda
1341 5180 1354 5215 :
1400 5179 1418 5211 ι
1447 5159 1748 5229 Imperator
1775 5157 1939 5213 hodie

2042 5159 2162 5213 lens
2189 5166 2447 5227 tanquam
2478 5157 2852 5225 impostorem,
2873 5171 3063 5226 rogum
3084 5172 3149 5211 ex
3175 5156 3400 5211 materie
3423 5156 3610 5228 pingui

1714 5274 1915 5335 Varia)
1961 5272 2290 5335 lectiones.

435 5378 479 5411 ³⁸
507 5380 894 5452 λιθόστρακτα.
979 5380 1023 5413 ’δ
1052 5381 1150 5451 τὴν
1185 5381 1270 5452 μ.]
1297 5382 1392 5433 καὶ
1430 5397 1487 5448 μ.
1514 5374 1628 5431 AR.

366 5450 404 5480 ³⁷
428 5457 605 5504 κοινὸν
633 5443 924 5517 ἀδελφικὸν
948 5452 1017 5508 Β.
1094 5443 1137 5484 ¹’⁸
1168 5443 1324 5505 ιἰυῑω
1358 5443 1575 5504 vei-sum
1608 5462 1733 5502 eum
1763 5461 1929 5514 seque

2053 5444 2200 5517 apud
2232 5443 2547 5517 Michaelem
2579 5443 2800 5517 Glycani
2840 5446 2941 5517 legi

747 5514 790 5554 ιδ
833 5522 1152 5577 lluncvers.
1189 5537 1298 5573 om.
1352 5518 1469 5572 BR.
1545 5518 1932 5588 "ipazoxpﬁu

2036 5533 2055 5576 ς
2090 5514 2169 5588 χιι.
2202 5584 2212 5588 _
2245 5514 2288 5545 ³¹
2316 5514 2453 5588 ἀνὴρ
2490 5514 2652 5583 σοφὸς
2679 5515 2746 5569 Β.

370 5519 667 5576 Meursius.

1707 5376 1749 5407 ³⁸
1779 5376 1935 5430 llnnc
1979 5390 2194 5447 versum
2227 5390 2349 5447 orn.
2379 5372 2662 5447 hlettrsins.
2705 5374 3033 5447 παρεκτικδς
3063 5373 3124 5429 [ἶ.

3207 5373 3249 5405 ¹⁶
3276 5373 3514 5442 σήμερον
3539 5370 3607 5425 Β.

2995 5445 3072 5513 (p.
3105 5445 3212 5498 445
3235 5444 3389 5512 Ξθοί)
3427 5451 3611 5513 monet

2859 5510 2968 5569 ’ἴδ’
2997 5510 3251 5585 ἄνθρωπε
3278 5510 3410 5583 φησι
3447 5510 3611 5575 πόσος

366 5591 388 5642 ἐ
413 5594 498 5643 στὶ
522 5592 668 5662 ζωῆς
700 5589 767 5645 R.
843 5593 889 5623 ³³
914 5595 943 5645 ό
974 5591 1173 5662 δρόμος
1202 5589 1308 5643 τῶν
1333 5591 1578 5671 ἀστέρων
1603 5584 1669 5652 li,
1692 5588 1720 5639 6
1750 5584 1935 5657 χρόνος
1956 5587 2062 5641 τῶν
2085 5584 2328 5654 ἀστέρων
2355 5586 2420 5639 Α.

684 5690 955 5750 ΡΑτιιοι.
1003 5688 1092 5749 Gn
1107 5731 1121 5749 .
1173 5671 1485 5753 CXXVII.

3216 5681 3288 5738 10
