  <div class='ocr_page' id='page_1' title='image "/cluster/home/n/w/nwhite01/storage/ocr_20150623/127/hvd.32044073502411/155.png"; bbox 0 0 4080 6206; ppageno 0'>
   <div class='ocr_carea' id='block_1_1' title="bbox 434 258 539 325">
    <p class='ocr_par' dir='ltr' id='par_1_1' title="bbox 434 258 539 325">
     <span class='ocr_line' id='line_1_1' title="bbox 434 258 539 325; baseline 0.019 -3"><span class='ocrx_word' id='word_1_1' title='bbox 434 258 539 325; x_wconf 79' lang='lat'><strong>299</strong></span> 
     </span>
    </p>
   </div>
   <div class='ocr_carea' id='block_1_2' title="bbox 445 365 1795 439">
    <p class='ocr_par' dir='ltr' id='par_1_2' title="bbox 445 365 1795 439">
     <span class='ocr_line' id='line_1_2' title="bbox 445 365 1795 439; baseline 0 -17"><span class='ocrx_word' id='word_1_2' title='bbox 445 368 508 422; x_wconf 80' lang='lat'><strong>&#39;0</strong></span> <span class='ocrx_word' id='word_1_3' title='bbox 544 365 796 439; x_wconf 75' lang='grc' dir='ltr'>βασιλεὺς</span> <span class='ocrx_word' id='word_1_4' title='bbox 827 367 1154 437; x_wconf 78' lang='grc' dir='ltr'>φενακιστὴν</span> <span class='ocrx_word' id='word_1_5' title='bbox 1194 367 1363 422; x_wconf 88' lang='grc' dir='ltr'>θέλων</span> <span class='ocrx_word' id='word_1_6' title='bbox 1381 368 1543 422; x_wconf 73' lang='grc' dir='ltr'>αὐτὸν</span> <span class='ocrx_word' id='word_1_7' title='bbox 1576 369 1795 438; x_wconf 77' lang='grc' dir='ltr'><strong>ἐλέγξαι</strong></span> 
     </span>
    </p>
   </div>
   <div class='ocr_carea' id='block_1_3' title="bbox 435 458 1795 534">
    <p class='ocr_par' dir='ltr' id='par_1_3' title="bbox 435 458 1795 534">
     <span class='ocr_line' id='line_1_3' title="bbox 435 458 1795 534; baseline 0 -20"><span class='ocrx_word' id='word_1_8' title='bbox 435 460 625 531; x_wconf 78' lang='grc' dir='ltr'>ίῐυρὰν</span> <span class='ocrx_word' id='word_1_9' title='bbox 650 458 859 512; x_wconf 79' lang='grc' dir='ltr'><strong>κελεύει</strong></span> <span class='ocrx_word' id='word_1_10' title='bbox 886 459 1121 530; x_wconf 79' lang='grc' dir='ltr'>λιπαρᾶς</span> <span class='ocrx_word' id='word_1_11' title='bbox 1151 459 1198 492; x_wconf 71' lang='grc'><strong>’⁸</strong></span> <span class='ocrx_word' id='word_1_12' title='bbox 1220 458 1279 525; x_wconf 80' lang='grc' dir='ltr'>ἐξ</span> <span class='ocrx_word' id='word_1_13' title='bbox 1306 461 1439 532; x_wconf 73' lang='grc' dir='ltr'>ὕλης</span> <span class='ocrx_word' id='word_1_14' title='bbox 1467 462 1795 534; x_wconf 80' lang='grc' dir='ltr'><strong>ἀναφθῆναι,</strong></span> 
     </span>
    </p>
   </div>
   <div class='ocr_carea' id='block_1_4' title="bbox 441 550 1793 624">
    <p class='ocr_par' dir='ltr' id='par_1_4' title="bbox 441 550 1793 624">
     <span class='ocr_line' id='line_1_4' title="bbox 441 550 1793 624; baseline 0 -18"><span class='ocrx_word' id='word_1_15' title='bbox 441 554 546 606; x_wconf 77' lang='grc' dir='ltr'><strong>Καὶ</strong></span> <span class='ocrx_word' id='word_1_16' title='bbox 581 551 884 622; x_wconf 87' lang='grc' dir='ltr'>πεδηθέντα</span> <span class='ocrx_word' id='word_1_17' title='bbox 915 550 1191 623; x_wconf 71' lang='grc' dir='ltr'>κραταιῶς</span> <span class='ocrx_word' id='word_1_18' title='bbox 1219 551 1310 606; x_wconf 76' lang='grc' dir='ltr'>τὸν</span> <span class='ocrx_word' id='word_1_19' title='bbox 1348 553 1793 624; x_wconf 82' lang='grc' dir='ltr'>μέτεωρολέσχην</span> 
     </span>
    </p>
   </div>
   <div class='ocr_carea' id='block_1_5' title="bbox 448 641 1794 716">
    <p class='ocr_par' dir='ltr' id='par_1_5' title="bbox 448 641 1794 716">
     <span class='ocr_line' id='line_1_5' title="bbox 448 641 1794 716; baseline 0.001 -19"><span class='ocrx_word' id='word_1_20' title='bbox 448 641 857 708; x_wconf 79' lang='grc' dir='ltr'>’Δκοντισθῆναι</span> <span class='ocrx_word' id='word_1_21' title='bbox 877 644 998 708; x_wconf 88' lang='grc' dir='ltr'>κατ’</span> <span class='ocrx_word' id='word_1_22' title='bbox 1023 642 1196 714; x_wconf 80' lang='grc' dir='ltr'>αὐτῆς</span> <span class='ocrx_word' id='word_1_23' title='bbox 1226 645 1794 716; x_wconf 84' lang='grc' dir='ltr'>περιηγκωνισμένον.</span> 
     </span>
    </p>
   </div>
   <div class='ocr_carea' id='block_1_6' title="bbox 436 733 1639 807">
    <p class='ocr_par' dir='ltr' id='par_1_6' title="bbox 436 733 1639 807">
     <span class='ocr_line' id='line_1_6' title="bbox 436 733 1639 807; baseline 0.002 -20"><span class='ocrx_word' id='word_1_24' title='bbox 436 735 673 805; x_wconf 78' lang='grc' dir='ltr'>Ἀνῆπτο</span> <span class='ocrx_word' id='word_1_25' title='bbox 699 733 798 802; x_wconf 82' lang='grc' dir='ltr'>μὲν</span> <span class='ocrx_word' id='word_1_26' title='bbox 827 734 861 802; x_wconf 80' lang='grc' dir='ltr'>ἡ</span> <span class='ocrx_word' id='word_1_27' title='bbox 895 734 1146 801; x_wconf 75' lang='grc' dir='ltr'><strong>κάμινος,</strong></span> <span class='ocrx_word' id='word_1_28' title='bbox 1179 734 1343 805; x_wconf 73' lang='grc' dir='ltr'>ᾔρετο</span> <span class='ocrx_word' id='word_1_29' title='bbox 1366 737 1639 807; x_wconf 85' lang='grc' dir='ltr'>μεταρσία</span> 
     </span>
    </p>
   </div>
   <div class='ocr_carea' id='block_1_7' title="bbox 443 821 1931 901">
    <p class='ocr_par' dir='ltr' id='par_1_7' title="bbox 443 821 1931 901">
     <span class='ocr_line' id='line_1_7' title="bbox 443 821 1931 901; baseline 0.005 -25"><span class='ocrx_word' id='word_1_30' title='bbox 443 824 511 876; x_wconf 85' lang='grc' dir='ltr'><strong>Ἦ</strong></span> <span class='ocrx_word' id='word_1_31' title='bbox 531 821 681 892; x_wconf 76' lang='grc' dir='ltr'>φλὸξ,</span> <span class='ocrx_word' id='word_1_32' title='bbox 703 822 914 892; x_wconf 74' lang='grc' dir='ltr'>ἠπείλει</span> <span class='ocrx_word' id='word_1_33' title='bbox 946 824 1197 893; x_wconf 78' lang='grc' dir='ltr'>φοϐερὸν,</span> <span class='ocrx_word' id='word_1_34' title='bbox 1233 824 1418 893; x_wconf 82' lang='grc' dir='ltr'>ἐφόϐει</span> <span class='ocrx_word' id='word_1_35' title='bbox 1454 827 1550 880; x_wconf 79' lang='grc' dir='ltr'><strong>καὶ</strong></span> <span class='ocrx_word' id='word_1_36' title='bbox 1613 829 1888 901; x_wconf 75' lang='grc' dir='ltr'>μακρόθεν</span> <span class='ocrx_word' id='word_1_37' title='bbox 1916 847 1931 862; x_wconf 74' lang='grc' dir='ltr'><strong><em>ο</em></strong></span> 
     </span>
    </p>
   </div>
   <div class='ocr_carea' id='block_1_8' title="bbox 432 912 1653 988">
    <p class='ocr_par' dir='ltr' id='par_1_8' title="bbox 432 912 1653 988">
     <span class='ocr_line' id='line_1_8' title="bbox 432 912 1653 988; baseline 0.005 -22"><span class='ocrx_word' id='word_1_38' title='bbox 432 913 702 982; x_wconf 79' lang='grc' dir='ltr'>Φρικῶδες</span> <span class='ocrx_word' id='word_1_39' title='bbox 729 912 930 983; x_wconf 77' lang='grc' dir='ltr'>έϐρεμε</span> <span class='ocrx_word' id='word_1_40' title='bbox 950 913 1009 966; x_wconf 84' lang='grc' dir='ltr'>τὸ</span> <span class='ocrx_word' id='word_1_41' title='bbox 1038 914 1324 986; x_wconf 80' lang='grc' dir='ltr'>πῦρ,ἀέρα</span> <span class='ocrx_word' id='word_1_42' title='bbox 1356 919 1607 988; x_wconf 84' lang='grc' dir='ltr'>περιήχει</span> <span class='ocrx_word' id='word_1_43' title='bbox 1637 934 1653 950; x_wconf 84' lang='grc'>⁶</span> 
     </span>
    </p>
   </div>
   <div class='ocr_carea' id='block_1_9' title="bbox 441 1003 1936 1081">
    <p class='ocr_par' dir='ltr' id='par_1_9' title="bbox 441 1003 1936 1081">
     <span class='ocr_line' id='line_1_9' title="bbox 441 1003 1936 1081; baseline 0.004 -24"><span class='ocrx_word' id='word_1_44' title='bbox 441 1003 501 1057; x_wconf 80' lang='grc' dir='ltr'>Ὀ</span> <span class='ocrx_word' id='word_1_45' title='bbox 522 1003 569 1056; x_wconf 81' lang='grc' dir='ltr'>δ’</span> <span class='ocrx_word' id='word_1_46' title='bbox 592 1004 919 1073; x_wconf 81' lang='grc' dir='ltr'><strong>ἀστρολόγος</strong></span> <span class='ocrx_word' id='word_1_47' title='bbox 952 1005 1204 1073; x_wconf 72' lang='grc' dir='ltr'>πεδηθεὶς</span> <span class='ocrx_word' id='word_1_48' title='bbox 1234 1006 1413 1060; x_wconf 79' lang='grc' dir='ltr'>ἔκειτο</span> <span class='ocrx_word' id='word_1_49' title='bbox 1445 1010 1611 1079; x_wconf 82' lang='grc' dir='ltr'>μηδὲν</span> <span class='ocrx_word' id='word_1_50' title='bbox 1647 1010 1858 1081; x_wconf 82' lang='grc' dir='ltr'>πτήξας</span> <span class='ocrx_word' id='word_1_51' title='bbox 1889 1012 1936 1043; x_wconf 77' lang='grc'><strong>’⁵</strong></span> 
     </span>
    </p>
   </div>
   <div class='ocr_carea' id='block_1_10' title="bbox 431 1095 1929 1170">
    <p class='ocr_par' dir='ltr' id='par_1_10' title="bbox 431 1095 1929 1170">
     <span class='ocr_line' id='line_1_10' title="bbox 431 1095 1929 1170; baseline 0.005 -21"><span class='ocrx_word' id='word_1_52' title='bbox 431 1097 496 1149; x_wconf 84' lang='grc' dir='ltr'>Τί</span> <span class='ocrx_word' id='word_1_53' title='bbox 531 1096 670 1165; x_wconf 78' lang='grc' dir='ltr'>μετὰ</span> <span class='ocrx_word' id='word_1_54' title='bbox 698 1097 871 1150; x_wconf 76' lang='grc' dir='ltr'>ταῦτα</span> <span class='ocrx_word' id='word_1_55' title='bbox 905 1095 964 1148; x_wconf 73' lang='grc' dir='ltr'><strong>τὸ</strong></span> <span class='ocrx_word' id='word_1_56' title='bbox 998 1096 1248 1166; x_wconf 79' lang='grc' dir='ltr'>συμϐάνς</span> <span class='ocrx_word' id='word_1_57' title='bbox 1295 1098 1538 1170; x_wconf 83' lang='grc' dir='ltr'>Ἐπήρθη</span> <span class='ocrx_word' id='word_1_58' title='bbox 1564 1102 1725 1155; x_wconf 62' lang='grc' dir='ltr'>ποθὲν</span> <span class='ocrx_word' id='word_1_59' title='bbox 1752 1103 1929 1170; x_wconf 77' lang='grc' dir='ltr'>νέφος,</span> 
     </span>
    </p>
   </div>
   <div class='ocr_carea' id='block_1_11' title="bbox 430 1186 1644 1262">
    <p class='ocr_par' dir='ltr' id='par_1_11' title="bbox 430 1186 1644 1262">
     <span class='ocr_line' id='line_1_11' title="bbox 430 1186 1644 1262; baseline 0.003 -22"><span class='ocrx_word' id='word_1_60' title='bbox 430 1187 534 1240; x_wconf 71' lang='grc' dir='ltr'><strong>Τὸν</strong></span> <span class='ocrx_word' id='word_1_61' title='bbox 554 1187 779 1258; x_wconf 74' lang='grc' dir='ltr'>οὐρανὸν</span> <span class='ocrx_word' id='word_1_62' title='bbox 800 1186 1151 1258; x_wconf 73' lang='grc' dir='ltr'>ἠμαύρωσεν,</span> <span class='ocrx_word' id='word_1_63' title='bbox 1189 1189 1469 1259; x_wconf 84' lang='grc' dir='ltr'>ήχλύωσεν</span> <span class='ocrx_word' id='word_1_64' title='bbox 1486 1191 1644 1262; x_wconf 84' lang='grc' dir='ltr'>ἀέρα.</span> 
     </span>
    </p>
   </div>
   <div class='ocr_carea' id='block_1_12' title="bbox 430 1273 1929 1356">
    <p class='ocr_par' dir='ltr' id='par_1_12' title="bbox 430 1273 1929 1356">
     <span class='ocr_line' id='line_1_12' title="bbox 430 1273 1929 1356; baseline 0.007 -27"><span class='ocrx_word' id='word_1_65' title='bbox 430 1277 672 1345; x_wconf 64' lang='grc' dir='ltr'>Ζοφῶδες</span> <span class='ocrx_word' id='word_1_66' title='bbox 701 1273 790 1347; x_wconf 74' lang='grc' dir='ltr'>ἦν,</span> <span class='ocrx_word' id='word_1_67' title='bbox 827 1278 1177 1349; x_wconf 82' lang='grc' dir='ltr'>μελάντερον,</span> <span class='ocrx_word' id='word_1_68' title='bbox 1216 1281 1512 1352; x_wconf 77' lang='grc' dir='ltr'>κάθυγρον,</span> <span class='ocrx_word' id='word_1_69' title='bbox 1539 1282 1882 1356; x_wconf 81' lang='grc' dir='ltr'>ὁμϐροφόρον</span> <span class='ocrx_word' id='word_1_70' title='bbox 1913 1302 1929 1319; x_wconf 79' lang='grc' dir='ltr'><strong>ο</strong></span> 
     </span>
    </p>
   </div>
   <div class='ocr_carea' id='block_1_13' title="bbox 434 1365 1782 1438">
    <p class='ocr_par' dir='ltr' id='par_1_13' title="bbox 434 1365 1782 1438">
     <span class='ocr_line' id='line_1_13' title="bbox 434 1365 1782 1438; baseline 0.007 -21"><span class='ocrx_word' id='word_1_71' title='bbox 434 1365 661 1420; x_wconf 76' lang='grc' dir='ltr'>Εἵκασεν</span> <span class='ocrx_word' id='word_1_72' title='bbox 693 1365 758 1419; x_wconf 80' lang='grc' dir='ltr'>ἄν</span> <span class='ocrx_word' id='word_1_73' title='bbox 786 1383 869 1429; x_wconf 88' lang='grc' dir='ltr'><strong>τις</strong></span> <span class='ocrx_word' id='word_1_74' title='bbox 897 1368 1175 1436; x_wconf 72' lang='grc' dir='ltr'>ποταμοὺς</span> <span class='ocrx_word' id='word_1_75' title='bbox 1206 1369 1529 1438; x_wconf 86' lang='grc' dir='ltr'>ἐγκυμονεῖν</span> <span class='ocrx_word' id='word_1_76' title='bbox 1554 1370 1782 1427; x_wconf 80' lang='grc' dir='ltr'><strong>ὑδάτων.</strong></span> 
     </span>
    </p>
   </div>
   <div class='ocr_carea' id='block_1_14' title="bbox 430 1455 1918 1532">
    <p class='ocr_par' dir='ltr' id='par_1_14' title="bbox 430 1455 1918 1532">
     <span class='ocr_line' id='line_1_14' title="bbox 430 1455 1918 1532; baseline 0.006 -24"><span class='ocrx_word' id='word_1_77' title='bbox 430 1455 710 1510; x_wconf 76' lang='grc' dir='ltr'><strong>Ἐντεῦθεν</strong></span> <span class='ocrx_word' id='word_1_78' title='bbox 736 1456 998 1528; x_wconf 75' lang='grc' dir='ltr'>ῥήγνυται</span> <span class='ocrx_word' id='word_1_79' title='bbox 1022 1456 1218 1527; x_wconf 82' lang='grc' dir='ltr'>βροντὴ</span> <span class='ocrx_word' id='word_1_80' title='bbox 1246 1459 1340 1510; x_wconf 76' lang='grc' dir='ltr'>καὶ</span> <span class='ocrx_word' id='word_1_81' title='bbox 1370 1460 1657 1531; x_wconf 80' lang='grc' dir='ltr'>μυκηθμὸς</span> <span class='ocrx_word' id='word_1_82' title='bbox 1686 1462 1918 1532; x_wconf 74' lang='grc' dir='ltr'>ἠχεῖται,</span> 
     </span>
    </p>
   </div>
   <div class='ocr_carea' id='block_1_15' title="bbox 432 1543 1862 1623">
    <p class='ocr_par' dir='ltr' id='par_1_15' title="bbox 432 1543 1862 1623">
     <span class='ocr_line' id='line_1_15' title="bbox 432 1543 1862 1623; baseline 0.005 -23"><span class='ocrx_word' id='word_1_83' title='bbox 432 1549 540 1600; x_wconf 82' lang='lat' dir='ltr'><strong>Kal</strong></span> <span class='ocrx_word' id='word_1_84' title='bbox 562 1549 766 1610; x_wconf 84' lang='grc' dir='ltr'>πάντες</span> <span class='ocrx_word' id='word_1_85' title='bbox 792 1543 932 1617; x_wconf 79' lang='grc' dir='ltr'>ἦσαν</span> <span class='ocrx_word' id='word_1_86' title='bbox 955 1546 1222 1614; x_wconf 86' lang='grc' dir='ltr'>ἐκποδὼν,</span> <span class='ocrx_word' id='word_1_87' title='bbox 1241 1547 1471 1617; x_wconf 75' lang='grc' dir='ltr'>ἔφευγον</span> <span class='ocrx_word' id='word_1_88' title='bbox 1505 1550 1610 1604; x_wconf 83' lang='grc' dir='ltr'><strong>ἀνὰ</strong></span> <span class='ocrx_word' id='word_1_89' title='bbox 1640 1552 1862 1623; x_wconf 88' lang='grc' dir='ltr'>κράτος,</span> 
     </span>
    </p>
   </div>
   <div class='ocr_carea' id='block_1_16' title="bbox 442 1637 1777 1713">
    <p class='ocr_par' dir='ltr' id='par_1_16' title="bbox 442 1637 1777 1713">
     <span class='ocr_line' id='line_1_16' title="bbox 442 1637 1777 1713; baseline 0.002 -21"><span class='ocrx_word' id='word_1_90' title='bbox 442 1638 500 1691; x_wconf 81' lang='lat'><strong>&#39;0</strong></span> <span class='ocrx_word' id='word_1_91' title='bbox 533 1637 810 1709; x_wconf 81' lang='grc' dir='ltr'>βασιλεὺς,</span> <span class='ocrx_word' id='word_1_92' title='bbox 851 1638 902 1691; x_wconf 92' lang='grc' dir='ltr'><strong>οί</strong></span> <span class='ocrx_word' id='word_1_93' title='bbox 933 1637 1146 1702; x_wconf 73' lang='grc' dir='ltr'>θεαταὶ,</span> <span class='ocrx_word' id='word_1_94' title='bbox 1179 1638 1435 1709; x_wconf 83' lang='grc' dir='ltr'>δημόται,</span> <span class='ocrx_word' id='word_1_95' title='bbox 1466 1640 1777 1713; x_wconf 80' lang='grc' dir='ltr'>δορυφόροι,</span> 
     </span>
    </p>
   </div>
   <div class='ocr_carea' id='block_1_17' title="bbox 430 1730 1833 1805">
    <p class='ocr_par' dir='ltr' id='par_1_17' title="bbox 430 1730 1833 1805">
     <span class='ocr_line' id='line_1_17' title="bbox 430 1730 1833 1805; baseline 0.004 -23"><span class='ocrx_word' id='word_1_96' title='bbox 430 1732 472 1782; x_wconf 88' lang='grc' dir='ltr'><strong>Τ</strong></span> <span class='ocrx_word' id='word_1_97' title='bbox 476 1730 543 1801; x_wconf 83' lang='grc' dir='ltr'>ὴν</span> <span class='ocrx_word' id='word_1_98' title='bbox 574 1730 804 1800; x_wconf 80' lang='grc' dir='ltr'>κάμινον</span> <span class='ocrx_word' id='word_1_99' title='bbox 825 1731 873 1782; x_wconf 82' lang='grc' dir='ltr'>οἱ</span> <span class='ocrx_word' id='word_1_100' title='bbox 912 1735 1206 1805; x_wconf 81' lang='grc' dir='ltr'>τρέφοντες</span> <span class='ocrx_word' id='word_1_101' title='bbox 1223 1730 1273 1783; x_wconf 89' lang='grc' dir='ltr'><strong>οί</strong></span> <span class='ocrx_word' id='word_1_102' title='bbox 1294 1730 1499 1801; x_wconf 84' lang='grc' dir='ltr'>δήμιοι.</span> <span class='ocrx_word' id='word_1_103' title='bbox 1537 1733 1648 1787; x_wconf 86' lang='lat' dir='ltr'><strong>Kal</strong></span> <span class='ocrx_word' id='word_1_104' title='bbox 1681 1733 1833 1799; x_wconf 92' lang='grc' dir='ltr'>τέλος</span> 
     </span>
    </p>
   </div>
   <div class='ocr_carea' id='block_1_18' title="bbox 434 1821 1924 1893">
    <p class='ocr_par' dir='ltr' id='par_1_18' title="bbox 434 1821 1924 1893">
     <span class='ocr_line' id='line_1_18' title="bbox 434 1821 1924 1893; baseline -0.001 -19"><span class='ocrx_word' id='word_1_105' title='bbox 434 1821 678 1892; x_wconf 85' lang='grc' dir='ltr'>Ὄμϐρος</span> <span class='ocrx_word' id='word_1_106' title='bbox 708 1821 874 1883; x_wconf 81' lang='grc' dir='ltr'>πολὺς</span> <span class='ocrx_word' id='word_1_107' title='bbox 899 1822 1278 1892; x_wconf 72' lang='grc' dir='ltr'>καταρραγεὶς</span> <span class='ocrx_word' id='word_1_108' title='bbox 1311 1823 1371 1874; x_wconf 84' lang='grc' dir='ltr'>τὸ</span> <span class='ocrx_word' id='word_1_109' title='bbox 1408 1824 1518 1893; x_wconf 85' lang='grc' dir='ltr'><strong>πῦρ</strong></span> <span class='ocrx_word' id='word_1_110' title='bbox 1548 1823 1924 1888; x_wconf 75' lang='grc' dir='ltr'>άποσϐεννύει,</span> 
     </span>
    </p>
   </div>
   <div class='ocr_carea' id='block_1_19' title="bbox 431 1910 1998 1983">
    <p class='ocr_par' dir='ltr' id='par_1_19' title="bbox 431 1910 1998 1983">
     <span class='ocr_line' id='line_1_19' title="bbox 431 1910 1998 1983; baseline 0 -17"><span class='ocrx_word' id='word_1_111' title='bbox 431 1913 541 1966; x_wconf 84' lang='lat' dir='ltr'><strong>Kal</strong></span> <span class='ocrx_word' id='word_1_112' title='bbox 582 1910 745 1974; x_wconf 87' lang='grc' dir='ltr'>κύνες</span> <span class='ocrx_word' id='word_1_113' title='bbox 783 1910 1150 1974; x_wconf 76' lang='grc' dir='ltr'>ἐπελάσαντες</span> <span class='ocrx_word' id='word_1_114' title='bbox 1188 1911 1432 1975; x_wconf 74' lang='grc' dir='ltr'>καὶτοὺς</span> <span class='ocrx_word' id='word_1_115' title='bbox 1464 1914 1698 1983; x_wconf 82' lang='grc' dir='ltr'>δεσμοὺς</span> <span class='ocrx_word' id='word_1_116' title='bbox 1735 1916 1998 1983; x_wconf 77' lang='grc' dir='ltr'>φαγόντες</span> 
     </span>
    </p>
   </div>
   <div class='ocr_carea' id='block_1_20' title="bbox 344 2000 1820 2073">
    <p class='ocr_par' dir='ltr' id='par_1_20' title="bbox 344 2000 1820 2073">
     <span class='ocr_line' id='line_1_20' title="bbox 344 2000 1820 2073; baseline 0.001 -17"><span class='ocrx_word' id='word_1_117' title='bbox 344 2034 346 2037; x_wconf 88' lang='lat'><strong><em>-</em></strong></span> <span class='ocrx_word' id='word_1_118' title='bbox 429 2003 533 2057; x_wconf 85' lang='grc' dir='ltr'><strong>Τὸν</strong></span> <span class='ocrx_word' id='word_1_119' title='bbox 561 2002 931 2073; x_wconf 85' lang='grc' dir='ltr'>άστρολέσχην</span> <span class='ocrx_word' id='word_1_120' title='bbox 970 2000 1157 2054; x_wconf 80' lang='grc' dir='ltr'>λύουσι</span> <span class='ocrx_word' id='word_1_121' title='bbox 1190 2002 1360 2057; x_wconf 79' lang='grc' dir='ltr'>πολλὰ</span> <span class='ocrx_word' id='word_1_122' title='bbox 1408 2003 1820 2059; x_wconf 79' lang='grc' dir='ltr'>θεοκλυτοῦντα.</span> 
     </span>
    </p>
   </div>
   <div class='ocr_carea' id='block_1_21' title="bbox 430 2092 1919 2165">
    <p class='ocr_par' dir='ltr' id='par_1_21' title="bbox 430 2092 1919 2165">
     <span class='ocr_line' id='line_1_21' title="bbox 430 2092 1919 2165; baseline 0.002 -18"><span class='ocrx_word' id='word_1_123' title='bbox 430 2094 537 2147; x_wconf 85' lang='lat' dir='ltr'><strong>Kal</strong></span> <span class='ocrx_word' id='word_1_124' title='bbox 565 2092 740 2147; x_wconf 81' lang='grc' dir='ltr'>ταῦτα</span> <span class='ocrx_word' id='word_1_125' title='bbox 764 2092 867 2162; x_wconf 76' lang='grc' dir='ltr'>μὲν</span> <span class='ocrx_word' id='word_1_126' title='bbox 896 2092 1181 2145; x_wconf 80' lang='grc' dir='ltr'>τετέλεστο</span> <span class='ocrx_word' id='word_1_127' title='bbox 1211 2094 1341 2164; x_wconf 68' lang='grc' dir='ltr'>περὶ</span> <span class='ocrx_word' id='word_1_128' title='bbox 1362 2093 1452 2146; x_wconf 85' lang='grc' dir='ltr'>τὸν</span> <span class='ocrx_word' id='word_1_129' title='bbox 1476 2094 1645 2165; x_wconf 79' lang='grc' dir='ltr'>ἄνδρα</span> <span class='ocrx_word' id='word_1_130' title='bbox 1674 2094 1864 2150; x_wconf 81' lang='grc' dir='ltr'>τοῦτον</span> <span class='ocrx_word' id='word_1_131' title='bbox 1904 2113 1919 2129; x_wconf 76' lang='grc' dir='ltr'><strong>ο</strong></span> 
     </span>
    </p>
   </div>
   <div class='ocr_carea' id='block_1_22' title="bbox 424 2182 1739 2255">
    <p class='ocr_par' dir='ltr' id='par_1_22' title="bbox 424 2182 1739 2255">
     <span class='ocr_line' id='line_1_22' title="bbox 424 2182 1739 2255; baseline 0.001 -17"><span class='ocrx_word' id='word_1_132' title='bbox 424 2184 594 2249; x_wconf 74' lang='grc' dir='ltr'>Αὐτὸς</span> <span class='ocrx_word' id='word_1_133' title='bbox 622 2183 678 2237; x_wconf 85' lang='grc' dir='ltr'><strong>δέ</strong></span> <span class='ocrx_word' id='word_1_134' title='bbox 707 2182 919 2252; x_wconf 80' lang='grc' dir='ltr'>μέλλων</span> <span class='ocrx_word' id='word_1_135' title='bbox 945 2182 1207 2255; x_wconf 78' lang='grc' dir='ltr'>τελευτᾷν</span> <span class='ocrx_word' id='word_1_136' title='bbox 1235 2185 1261 2236; x_wconf 86' lang='grc' dir='ltr'>ὀ</span> <span class='ocrx_word' id='word_1_137' title='bbox 1286 2184 1389 2255; x_wconf 84' lang='grc' dir='ltr'>θὴρ</span> <span class='ocrx_word' id='word_1_138' title='bbox 1406 2183 1432 2237; x_wconf 87' lang='grc' dir='ltr'>ὁ</span> <span class='ocrx_word' id='word_1_139' title='bbox 1464 2184 1739 2255; x_wconf 80' lang='grc' dir='ltr'>θυμολέων</span> 
     </span>
    </p>
   </div>
   <div class='ocr_carea' id='block_1_23' title="bbox 426 2271 1833 2346">
    <p class='ocr_par' dir='ltr' id='par_1_23' title="bbox 426 2271 1833 2346">
     <span class='ocr_line' id='line_1_23' title="bbox 426 2271 1833 2346; baseline 0 -18"><span class='ocrx_word' id='word_1_140' title='bbox 426 2275 516 2328; x_wconf 83' lang='grc' dir='ltr'>Ἐν</span> <span class='ocrx_word' id='word_1_141' title='bbox 535 2272 721 2338; x_wconf 79' lang='grc' dir='ltr'>ὕπνοις</span> <span class='ocrx_word' id='word_1_142' title='bbox 755 2271 973 2344; x_wconf 77' lang='grc' dir='ltr'>βλέπειν</span> <span class='ocrx_word' id='word_1_143' title='bbox 1001 2272 1181 2338; x_wconf 75' lang='grc' dir='ltr'>ἔδοξεν</span> <span class='ocrx_word' id='word_1_144' title='bbox 1210 2272 1285 2338; x_wconf 83' lang='grc' dir='ltr'>ὡς</span> <span class='ocrx_word' id='word_1_145' title='bbox 1308 2272 1476 2327; x_wconf 81' lang='grc' dir='ltr'>ἵππου</span> <span class='ocrx_word' id='word_1_146' title='bbox 1502 2274 1833 2346; x_wconf 86' lang='grc' dir='ltr'>μελαντέρου</span> 
     </span>
    </p>
   </div>
   <div class='ocr_carea' id='block_1_24' title="bbox 426 2362 1769 2435">
    <p class='ocr_par' dir='ltr' id='par_1_24' title="bbox 426 2362 1769 2435">
     <span class='ocr_line' id='line_1_24' title="bbox 426 2362 1769 2435; baseline 0 -16"><span class='ocrx_word' id='word_1_147' title='bbox 426 2362 728 2428; x_wconf 76' lang='grc' dir='ltr'>Βασιλικῶς</span> <span class='ocrx_word' id='word_1_148' title='bbox 755 2362 1009 2418; x_wconf 78' lang='grc' dir='ltr'>ἐπέϐαινε</span> <span class='ocrx_word' id='word_1_149' title='bbox 1041 2366 1429 2435; x_wconf 73' lang='grc' dir='ltr'>κατάφρακτος</span> <span class='ocrx_word' id='word_1_150' title='bbox 1459 2364 1535 2418; x_wconf 83' lang='grc' dir='ltr'>ὢν</span> <span class='ocrx_word' id='word_1_151' title='bbox 1559 2366 1769 2434; x_wconf 81' lang='grc' dir='ltr'>ὅπλοις,</span> 
     </span>
    </p>
   </div>
   <div class='ocr_carea' id='block_1_25' title="bbox 424 2452 1994 2530">
    <p class='ocr_par' dir='ltr' id='par_1_25' title="bbox 424 2452 1994 2530">
     <span class='ocr_line' id='line_1_25' title="bbox 424 2452 1994 2530; baseline 0.003 -22"><span class='ocrx_word' id='word_1_152' title='bbox 424 2454 834 2527; x_wconf 75' lang='grc' dir='ltr'>Ἀπορρυέντων</span> <span class='ocrx_word' id='word_1_153' title='bbox 863 2455 908 2508; x_wconf 83' lang='grc' dir='ltr'>δ’</span> <span class='ocrx_word' id='word_1_154' title='bbox 941 2452 1037 2507; x_wconf 84' lang='grc' dir='ltr'><strong>ἀπ’</strong></span> <span class='ocrx_word' id='word_1_155' title='bbox 1071 2453 1237 2507; x_wconf 81' lang='grc' dir='ltr'>αὐτοῦ</span> <span class='ocrx_word' id='word_1_156' title='bbox 1285 2454 1395 2509; x_wconf 90' lang='grc' dir='ltr'><strong>τῶν</strong></span> <span class='ocrx_word' id='word_1_157' title='bbox 1439 2456 1620 2510; x_wconf 82' lang='grc' dir='ltr'>ὅπλων</span> <span class='ocrx_word' id='word_1_158' title='bbox 1673 2457 1994 2530; x_wconf 76' lang='grc' dir='ltr'>αὐτομάτως</span> 
     </span>
    </p>
   </div>
   <div class='ocr_carea' id='block_1_26' title="bbox 424 2544 1797 2621">
    <p class='ocr_par' dir='ltr' id='par_1_26' title="bbox 424 2544 1797 2621">
     <span class='ocr_line' id='line_1_26' title="bbox 424 2544 1797 2621; baseline 0.004 -23"><span class='ocrx_word' id='word_1_159' title='bbox 424 2546 517 2609; x_wconf 84' lang='grc' dir='ltr'><strong>Είς</strong></span> <span class='ocrx_word' id='word_1_160' title='bbox 535 2546 726 2617; x_wconf 86' lang='grc' dir='ltr'>’χάσμα</span> <span class='ocrx_word' id='word_1_161' title='bbox 752 2546 854 2617; x_wconf 79' lang='grc' dir='ltr'>γῆς</span> <span class='ocrx_word' id='word_1_162' title='bbox 885 2546 985 2600; x_wconf 57' lang='grc' dir='ltr'><strong>καὶ⁹</strong></span> <span class='ocrx_word' id='word_1_163' title='bbox 1013 2544 1243 2617; x_wconf 83' lang='grc' dir='ltr'>βόθυνον</span> <span class='ocrx_word' id='word_1_164' title='bbox 1267 2546 1463 2611; x_wconf 78' lang='grc' dir='ltr'>ἀθλίως</span> <span class='ocrx_word' id='word_1_165' title='bbox 1492 2549 1797 2621; x_wconf 83' lang='grc' dir='ltr'>κατηνέχθη</span> 
     </span>
    </p>
   </div>
   <div class='ocr_carea' id='block_1_27' title="bbox 421 2635 1855 2712">
    <p class='ocr_par' dir='ltr' id='par_1_27' title="bbox 421 2635 1855 2712">
     <span class='ocr_line' id='line_1_27' title="bbox 421 2635 1855 2712; baseline 0.003 -22"><span class='ocrx_word' id='word_1_166' title='bbox 421 2635 579 2706; x_wconf 77' lang='grc' dir='ltr'>Αὐτῷ</span> <span class='ocrx_word' id='word_1_167' title='bbox 618 2636 715 2689; x_wconf 72' lang='grc' dir='ltr'>σὺν</span> <span class='ocrx_word' id='word_1_168' title='bbox 737 2636 886 2706; x_wconf 81' lang='grc' dir='ltr'>ἵππῳ</span> <span class='ocrx_word' id='word_1_169' title='bbox 912 2635 1006 2688; x_wconf 81' lang='grc' dir='ltr'>καὶ</span> <span class='ocrx_word' id='word_1_170' title='bbox 1033 2635 1215 2708; x_wconf 83' lang='grc' dir='ltr'>στολῇ,</span> <span class='ocrx_word' id='word_1_171' title='bbox 1236 2636 1332 2691; x_wconf 71' lang='grc' dir='ltr'>καὶ</span> <span class='ocrx_word' id='word_1_172' title='bbox 1354 2637 1506 2703; x_wconf 81' lang='grc' dir='ltr'>τέλος</span> <span class='ocrx_word' id='word_1_173' title='bbox 1539 2638 1855 2712; x_wconf 82' lang='grc' dir='ltr'>ὴφαντώθη.</span> 
     </span>
    </p>
   </div>
   <div class='ocr_carea' id='block_1_28' title="bbox 511 2724 1941 2801">
    <p class='ocr_par' dir='ltr' id='par_1_28' title="bbox 511 2724 1941 2801">
     <span class='ocr_line' id='line_1_28' title="bbox 511 2724 1941 2801; baseline 0.004 -22"><span class='ocrx_word' id='word_1_174' title='bbox 511 2726 624 2779; x_wconf 87' lang='lat' dir='ltr'><strong>Kal</strong></span> <span class='ocrx_word' id='word_1_175' title='bbox 644 2724 822 2779; x_wconf 89' lang='grc' dir='ltr'>τοίνυν</span> <span class='ocrx_word' id='word_1_176' title='bbox 843 2725 1035 2779; x_wconf 87' lang='grc' dir='ltr'>τούτου</span> <span class='ocrx_word' id='word_1_177' title='bbox 1063 2726 1162 2796; x_wconf 78' lang='grc' dir='ltr'>τὴν</span> <span class='ocrx_word' id='word_1_178' title='bbox 1187 2726 1365 2798; x_wconf 68' lang='grc' dir='ltr'>ψυχὴν</span> <span class='ocrx_word' id='word_1_179' title='bbox 1384 2728 1711 2800; x_wconf 78' lang='grc' dir='ltr'>ἐκρήξαντος</span> <span class='ocrx_word' id='word_1_180' title='bbox 1733 2730 1941 2801; x_wconf 71' lang='grc' dir='ltr'>βιαίως,</span> 
     </span>
    </p>
   </div>
   <div class='ocr_carea' id='block_1_29' title="bbox 416 2814 1797 2888">
    <p class='ocr_par' dir='ltr' id='par_1_29' title="bbox 416 2814 1797 2888">
     <span class='ocr_line' id='line_1_29' title="bbox 416 2814 1797 2888; baseline 0.004 -20"><span class='ocrx_word' id='word_1_181' title='bbox 416 2815 525 2869; x_wconf 83' lang='grc' dir='ltr'>Ἔν</span> <span class='ocrx_word' id='word_1_182' title='bbox 554 2814 701 2869; x_wconf 65' lang='grc' dir='ltr'>ἔτεσι</span> <span class='ocrx_word' id='word_1_183' title='bbox 729 2815 1103 2888; x_wconf 74' lang='grc' dir='ltr'>κρατήσαντος</span> <span class='ocrx_word' id='word_1_184' title='bbox 1136 2816 1296 2871; x_wconf 85' lang='grc' dir='ltr'>πέντε</span> <span class='ocrx_word' id='word_1_185' title='bbox 1329 2817 1427 2872; x_wconf 80' lang='grc' dir='ltr'>σὺν</span> <span class='ocrx_word' id='word_1_186' title='bbox 1454 2816 1632 2883; x_wconf 79' lang='grc' dir='ltr'>ἄλλοις</span> <span class='ocrx_word' id='word_1_187' title='bbox 1664 2820 1797 2875; x_wconf 83' lang='grc' dir='ltr'>δέκα</span> 
     </span>
    </p>
   </div>
   <div class='ocr_carea' id='block_1_30' title="bbox 421 3019 1989 3093">
    <p class='ocr_par' dir='ltr' id='par_1_30' title="bbox 421 3019 1989 3093">
     <span class='ocr_line' id='line_1_30' title="bbox 421 3019 1989 3093; baseline 0.001 -15"><span class='ocrx_word' id='word_1_188' title='bbox 421 3027 691 3078; x_wconf 80' lang='lat' dir='ltr'><strong>structum</strong></span> <span class='ocrx_word' id='word_1_189' title='bbox 745 3019 970 3075; x_wconf 80' lang='lat' dir='ltr'><strong>accendi</strong></span> <span class='ocrx_word' id='word_1_190' title='bbox 1024 3019 1218 3091; x_wconf 87' lang='lat' dir='ltr'><strong>jubet,</strong></span> <span class='ocrx_word' id='word_1_191' title='bbox 1267 3020 1710 3093; x_wconf 83' lang='lat' dir='ltr'><strong>astrologumque</strong></span> <span class='ocrx_word' id='word_1_192' title='bbox 1759 3021 1989 3080; x_wconf 84' lang='lat' dir='ltr'><strong>ﬁrmiter</strong></span> 
     </span>
    </p>
   </div>
   <div class='ocr_carea' id='block_1_31' title="bbox 423 3110 1994 3187">
    <p class='ocr_par' dir='ltr' id='par_1_31' title="bbox 423 3110 1994 3187">
     <span class='ocr_line' id='line_1_31' title="bbox 423 3110 1994 3187; baseline 0.003 -21"><span class='ocrx_word' id='word_1_193' title='bbox 423 3111 741 3182; x_wconf 75' lang='lat' dir='ltr'><strong>colligatum</strong></span> <span class='ocrx_word' id='word_1_194' title='bbox 764 3110 1080 3166; x_wconf 85' lang='lat' dir='ltr'><strong>constrictis</strong></span> <span class='ocrx_word' id='word_1_195' title='bbox 1105 3110 1345 3168; x_wconf 78' lang='lat' dir='ltr'><strong>brachiis</strong></span> <span class='ocrx_word' id='word_1_196' title='bbox 1376 3112 1433 3167; x_wconf 91' lang='lat' dir='ltr'><strong>in</strong></span> <span class='ocrx_word' id='word_1_197' title='bbox 1463 3113 1617 3168; x_wconf 86' lang='lat' dir='ltr'><strong>illum</strong></span> <span class='ocrx_word' id='word_1_198' title='bbox 1636 3114 1817 3187; x_wconf 87' lang='lat' dir='ltr'><strong>abjiei.</strong></span> <span class='ocrx_word' id='word_1_199' title='bbox 1838 3116 1994 3171; x_wconf 87' lang='lat' dir='ltr'><strong>Post-</strong></span> 
     </span>
    </p>
   </div>
   <div class='ocr_carea' id='block_1_32' title="bbox 421 3202 1997 3276">
    <p class='ocr_par' dir='ltr' id='par_1_32' title="bbox 421 3202 1997 3276">
     <span class='ocr_line' id='line_1_32' title="bbox 421 3202 1997 3276; baseline 0.004 -19"><span class='ocrx_word' id='word_1_200' title='bbox 421 3217 652 3272; x_wconf 87' lang='lat' dir='ltr'><strong>eaquam</strong></span> <span class='ocrx_word' id='word_1_201' title='bbox 700 3218 832 3274; x_wconf 87' lang='lat' dir='ltr'><strong>rogo</strong></span> <span class='ocrx_word' id='word_1_202' title='bbox 875 3202 1156 3274; x_wconf 75' lang='lat' dir='ltr'><strong>subjectus</strong></span> <span class='ocrx_word' id='word_1_203' title='bbox 1196 3202 1393 3259; x_wconf 80' lang='lat' dir='ltr'><strong>fuisset</strong></span> <span class='ocrx_word' id='word_1_204' title='bbox 1431 3204 1574 3275; x_wconf 85' lang='lat' dir='ltr'><strong>ignis</strong></span> <span class='ocrx_word' id='word_1_205' title='bbox 1612 3206 1835 3276; x_wconf 84' lang='lat' dir='ltr'><strong>jamque</strong></span> <span class='ocrx_word' id='word_1_206' title='bbox 1872 3224 1997 3263; x_wconf 88' lang='lat' dir='ltr'><strong>sur-</strong></span> 
     </span>
    </p>
   </div>
   <div class='ocr_carea' id='block_1_33' title="bbox 422 3295 1997 3366">
    <p class='ocr_par' dir='ltr' id='par_1_33' title="bbox 422 3295 1997 3366">
     <span class='ocr_line' id='line_1_33' title="bbox 422 3295 1997 3366; baseline 0.004 -16"><span class='ocrx_word' id='word_1_207' title='bbox 422 3309 542 3350; x_wconf 85' lang='lat' dir='ltr'><strong>sum</strong></span> <span class='ocrx_word' id='word_1_208' title='bbox 568 3295 614 3350; x_wconf 89' lang='lat' dir='ltr'><strong>is</strong></span> <span class='ocrx_word' id='word_1_209' title='bbox 641 3310 700 3351; x_wconf 89' lang='lat' dir='ltr'><strong>se</strong></span> <span class='ocrx_word' id='word_1_210' title='bbox 725 3295 961 3360; x_wconf 87' lang='lat' dir='ltr'><strong>tolleret,</strong></span> <span class='ocrx_word' id='word_1_211' title='bbox 987 3295 1230 3351; x_wconf 89' lang='lat' dir='ltr'><strong>terribile</strong></span> <span class='ocrx_word' id='word_1_212' title='bbox 1254 3296 1515 3366; x_wconf 86' lang='lat' dir='ltr'><strong>quiddam</strong></span> <span class='ocrx_word' id='word_1_213' title='bbox 1544 3298 1753 3354; x_wconf 83' lang='lat' dir='ltr'><strong>homini</strong></span> <span class='ocrx_word' id='word_1_214' title='bbox 1781 3301 1997 3356; x_wconf 90' lang='lat' dir='ltr'><strong>ﬂamma</strong></span> 
     </span>
    </p>
   </div>
   <div class='ocr_carea' id='block_1_34' title="bbox 422 3385 1996 3463">
    <p class='ocr_par' dir='ltr' id='par_1_34' title="bbox 422 3385 1996 3463">
     <span class='ocr_line' id='line_1_34' title="bbox 422 3385 1996 3463; baseline 0.005 -23"><span class='ocrx_word' id='word_1_215' title='bbox 422 3385 738 3442; x_wconf 82' lang='lat' dir='ltr'><strong>minabatur</strong></span> <span class='ocrx_word' id='word_1_216' title='bbox 766 3402 833 3463; x_wconf 83' lang='lat' dir='ltr'><strong>ex</strong></span> <span class='ocrx_word' id='word_1_217' title='bbox 862 3387 1026 3459; x_wconf 87' lang='lat' dir='ltr'><strong>longo</strong></span> <span class='ocrx_word' id='word_1_218' title='bbox 1054 3387 1219 3443; x_wconf 86' lang='lat' dir='ltr'><strong>etiam</strong></span> <span class='ocrx_word' id='word_1_219' title='bbox 1269 3387 1596 3456; x_wconf 89' lang='lat' dir='ltr'><strong>intervallo;</strong></span> <span class='ocrx_word' id='word_1_220' title='bbox 1630 3388 1996 3447; x_wconf 79' lang='lat' dir='ltr'><strong>formidabili-</strong></span> 
     </span>
    </p>
   </div>
   <div class='ocr_carea' id='block_1_35' title="bbox 421 3478 1996 3555">
    <p class='ocr_par' dir='ltr' id='par_1_35' title="bbox 421 3478 1996 3555">
     <span class='ocr_line' id='line_1_35' title="bbox 421 3478 1996 3555; baseline 0.004 -20"><span class='ocrx_word' id='word_1_221' title='bbox 421 3488 505 3535; x_wconf 71' lang='grc' dir='ltr'><strong>εθι-</strong></span> <span class='ocrx_word' id='word_1_222' title='bbox 534 3478 680 3549; x_wconf 83' lang='lat' dir='ltr'><strong>ignis</strong></span> <span class='ocrx_word' id='word_1_223' title='bbox 703 3479 1029 3550; x_wconf 76' lang='lat' dir='ltr'><strong>erepitabat,</strong></span> <span class='ocrx_word' id='word_1_224' title='bbox 1070 3487 1128 3535; x_wconf 88' lang='lat' dir='ltr'><strong>et</strong></span> <span class='ocrx_word' id='word_1_225' title='bbox 1169 3494 1297 3534; x_wconf 89' lang='lat' dir='ltr'><strong>aera</strong></span> <span class='ocrx_word' id='word_1_226' title='bbox 1332 3480 1693 3538; x_wconf 82' lang='lat' dir='ltr'><strong>collustrabat</strong></span> <span class='ocrx_word' id='word_1_227' title='bbox 1728 3484 1996 3555; x_wconf 79' lang='lat' dir='ltr'><strong>undique,</strong></span> 
     </span>
    </p>
   </div>
   <div class='ocr_carea' id='block_1_36' title="bbox 420 3570 1992 3643">
    <p class='ocr_par' dir='ltr' id='par_1_36' title="bbox 420 3570 1992 3643">
     <span class='ocr_line' id='line_1_36' title="bbox 420 3570 1992 3643; baseline 0.003 -16"><span class='ocrx_word' id='word_1_228' title='bbox 420 3585 547 3627; x_wconf 91' lang='lat' dir='ltr'><strong>cum</strong></span> <span class='ocrx_word' id='word_1_229' title='bbox 580 3570 806 3626; x_wconf 86' lang='lat' dir='ltr'><strong>interim</strong></span> <span class='ocrx_word' id='word_1_230' title='bbox 834 3572 1144 3642; x_wconf 77' lang='lat' dir='ltr'><strong>astrologus</strong></span> <span class='ocrx_word' id='word_1_231' title='bbox 1173 3572 1247 3626; x_wconf 83' lang='lat' dir='ltr'><strong>ita</strong></span> <span class='ocrx_word' id='word_1_232' title='bbox 1275 3572 1602 3643; x_wconf 81' lang='lat' dir='ltr'><strong>colligatus,</strong></span> <span class='ocrx_word' id='word_1_233' title='bbox 1637 3583 1701 3629; x_wconf 92' lang='lat' dir='ltr'><strong>ut</strong></span> <span class='ocrx_word' id='word_1_234' title='bbox 1737 3573 1992 3641; x_wconf 81' lang='lat' dir='ltr'><strong>diximus,</strong></span> 
     </span>
    </p>
   </div>
   <div class='ocr_carea' id='block_1_37' title="bbox 417 3660 1997 3734">
    <p class='ocr_par' dir='ltr' id='par_1_37' title="bbox 417 3660 1997 3734">
     <span class='ocr_line' id='line_1_37' title="bbox 417 3660 1997 3734; baseline 0.005 -21"><span class='ocrx_word' id='word_1_235' title='bbox 417 3661 473 3714; x_wconf 88' lang='lat' dir='ltr'><strong>in</strong></span> <span class='ocrx_word' id='word_1_236' title='bbox 492 3674 684 3729; x_wconf 84' lang='lat' dir='ltr'><strong>magna</strong></span> <span class='ocrx_word' id='word_1_237' title='bbox 705 3660 1147 3715; x_wconf 81' lang='lat' dir='ltr'><strong>consternatione</strong></span> <span class='ocrx_word' id='word_1_238' title='bbox 1168 3662 1395 3731; x_wconf 87' lang='lat' dir='ltr'><strong>jaceret.</strong></span> <span class='ocrx_word' id='word_1_239' title='bbox 1421 3661 1584 3730; x_wconf 87' lang='lat' dir='ltr'><strong>Quid,</strong></span> <span class='ocrx_word' id='word_1_240' title='bbox 1606 3680 1814 3734; x_wconf 71' lang='lat' dir='ltr'><strong>quazso,</strong></span> <span class='ocrx_word' id='word_1_241' title='bbox 1840 3667 1997 3721; x_wconf 86' lang='lat' dir='ltr'><strong>dein-</strong></span> 
     </span>
    </p>
   </div>
   <div class='ocr_carea' id='block_1_38' title="bbox 414 3748 1993 3821">
    <p class='ocr_par' dir='ltr' id='par_1_38' title="bbox 414 3748 1993 3821">
     <span class='ocr_line' id='line_1_38' title="bbox 414 3748 1993 3821; baseline 0.009 -21"><span class='ocrx_word' id='word_1_242' title='bbox 414 3764 550 3819; x_wconf 76' lang='lat' dir='ltr'><strong>crps</strong></span> <span class='ocrx_word' id='word_1_243' title='bbox 574 3748 814 3803; x_wconf 86' lang='lat' dir='ltr'><strong>accidit?</strong></span> <span class='ocrx_word' id='word_1_244' title='bbox 850 3748 1038 3804; x_wconf 87' lang='lat' dir='ltr'><strong>Nubes</strong></span> <span class='ocrx_word' id='word_1_245' title='bbox 1074 3750 1328 3806; x_wconf 84' lang='lat' dir='ltr'><strong>alicunde</strong></span> <span class='ocrx_word' id='word_1_246' title='bbox 1359 3753 1608 3821; x_wconf 88' lang='lat' dir='ltr'><strong>quaedam</strong></span> <span class='ocrx_word' id='word_1_247' title='bbox 1638 3764 1761 3809; x_wconf 88' lang='lat' dir='ltr'><strong>orta</strong></span> <span class='ocrx_word' id='word_1_248' title='bbox 1792 3759 1993 3813; x_wconf 65' lang='lat' dir='ltr'><strong>coelum</strong></span> 
     </span>
    </p>
   </div>
   <div class='ocr_carea' id='block_1_39' title="bbox 421 3837 1993 3905">
    <p class='ocr_par' dir='ltr' id='par_1_39' title="bbox 421 3837 1993 3905">
     <span class='ocr_line' id='line_1_39' title="bbox 421 3837 1993 3905; baseline 0.007 -12"><span class='ocrx_word' id='word_1_249' title='bbox 421 3837 654 3899; x_wconf 80' lang='lat' dir='ltr'><strong>obduxit</strong></span> <span class='ocrx_word' id='word_1_250' title='bbox 698 3846 756 3895; x_wconf 91' lang='lat' dir='ltr'><strong>et</strong></span> <span class='ocrx_word' id='word_1_251' title='bbox 802 3852 932 3894; x_wconf 86' lang='lat' dir='ltr'><strong>aera</strong></span> <span class='ocrx_word' id='word_1_252' title='bbox 976 3846 1150 3893; x_wconf 83' lang='lat' dir='ltr'><strong>totum</strong></span> <span class='ocrx_word' id='word_1_253' title='bbox 1193 3840 1528 3897; x_wconf 86' lang='lat' dir='ltr'><strong>obscuravit.</strong></span> <span class='ocrx_word' id='word_1_254' title='bbox 1565 3844 1697 3900; x_wconf 82' lang='lat' dir='ltr'><strong>Erat</strong></span> <span class='ocrx_word' id='word_1_255' title='bbox 1719 3848 1869 3901; x_wconf 90' lang='lat' dir='ltr'><strong>enim</strong></span> <span class='ocrx_word' id='word_1_256' title='bbox 1902 3849 1993 3905; x_wconf 88' lang='lat' dir='ltr'><strong>illa</strong></span> 
     </span>
    </p>
   </div>
   <div class='ocr_carea' id='block_1_40' title="bbox 423 3926 1994 4002">
    <p class='ocr_par' dir='ltr' id='par_1_40' title="bbox 423 3926 1994 4002">
     <span class='ocr_line' id='line_1_40' title="bbox 423 3926 1994 4002; baseline 0.009 -21"><span class='ocrx_word' id='word_1_257' title='bbox 423 3926 747 3996; x_wconf 83' lang='lat' dir='ltr'><strong>caliginosa,</strong></span> <span class='ocrx_word' id='word_1_258' title='bbox 776 3926 953 3999; x_wconf 85' lang='lat' dir='ltr'><strong>nigra,</strong></span> <span class='ocrx_word' id='word_1_259' title='bbox 985 3927 1230 3996; x_wconf 90' lang='lat' dir='ltr'><strong>humida,</strong></span> <span class='ocrx_word' id='word_1_260' title='bbox 1265 3930 1605 4002; x_wconf 88' lang='lat' dir='ltr'><strong>imbremqne</strong></span> <span class='ocrx_word' id='word_1_261' title='bbox 1633 3948 1818 3989; x_wconf 87' lang='lat' dir='ltr'><strong>secum</strong></span> <span class='ocrx_word' id='word_1_262' title='bbox 1847 3937 1994 3995; x_wconf 82' lang='lat' dir='ltr'><strong>fere-</strong></span> 
     </span>
    </p>
   </div>
   <div class='ocr_carea' id='block_1_41' title="bbox 423 4018 1994 4099">
    <p class='ocr_par' dir='ltr' id='par_1_41' title="bbox 423 4018 1994 4099">
     <span class='ocr_line' id='line_1_41' title="bbox 423 4018 1994 4099; baseline 0.008 -26"><span class='ocrx_word' id='word_1_263' title='bbox 423 4019 517 4074; x_wconf 87' lang='lat' dir='ltr'><strong>bat</strong></span> <span class='ocrx_word' id='word_1_264' title='bbox 541 4035 554 4072; x_wconf 91' lang='lat'><strong>:</strong></span> <span class='ocrx_word' id='word_1_265' title='bbox 582 4018 954 4076; x_wconf 77' lang='lat' dir='ltr'><strong>existimasset</strong></span> <span class='ocrx_word' id='word_1_266' title='bbox 983 4020 1184 4090; x_wconf 85' lang='lat' dir='ltr'><strong>aliquis</strong></span> <span class='ocrx_word' id='word_1_267' title='bbox 1213 4036 1336 4075; x_wconf 90' lang='lat' dir='ltr'><strong>eam</strong></span> <span class='ocrx_word' id='word_1_268' title='bbox 1366 4024 1522 4092; x_wconf 88' lang='lat' dir='ltr'><strong>quasi</strong></span> <span class='ocrx_word' id='word_1_269' title='bbox 1557 4025 1803 4094; x_wconf 79' lang='lat' dir='ltr'><strong>quaedam</strong></span> <span class='ocrx_word' id='word_1_270' title='bbox 1831 4044 1994 4099; x_wconf 89' lang='lat' dir='ltr'><strong>aqua-</strong></span> 
     </span>
    </p>
   </div>
   <div class='ocr_carea' id='block_1_42' title="bbox 422 4106 1993 4183">
    <p class='ocr_par' dir='ltr' id='par_1_42' title="bbox 422 4106 1993 4183">
     <span class='ocr_line' id='line_1_42' title="bbox 422 4106 1993 4183; baseline 0.008 -21"><span class='ocrx_word' id='word_1_271' title='bbox 422 4124 545 4162; x_wconf 82' lang='lat' dir='ltr'><strong>rum</strong></span> <span class='ocrx_word' id='word_1_272' title='bbox 585 4106 813 4164; x_wconf 89' lang='lat' dir='ltr'><strong>ﬂumina</strong></span> <span class='ocrx_word' id='word_1_273' title='bbox 858 4110 1152 4179; x_wconf 86' lang='lat' dir='ltr'><strong>parturire.</strong></span> <span class='ocrx_word' id='word_1_274' title='bbox 1199 4109 1401 4167; x_wconf 86' lang='lat' dir='ltr'><strong>Secuta</strong></span> <span class='ocrx_word' id='word_1_275' title='bbox 1444 4123 1575 4169; x_wconf 89' lang='lat' dir='ltr'><strong>sunt</strong></span> <span class='ocrx_word' id='word_1_276' title='bbox 1624 4117 1885 4183; x_wconf 87' lang='lat' dir='ltr'><strong>tonitrua,</strong></span> <span class='ocrx_word' id='word_1_277' title='bbox 1937 4129 1993 4175; x_wconf 90' lang='lat' dir='ltr'><strong>et</strong></span> 
     </span>
    </p>
   </div>
   <div class='ocr_carea' id='block_1_43' title="bbox 416 4200 1989 4272">
    <p class='ocr_par' dir='ltr' id='par_1_43' title="bbox 416 4200 1989 4272">
     <span class='ocr_line' id='line_1_43' title="bbox 416 4200 1989 4272; baseline 0.01 -18"><span class='ocrx_word' id='word_1_278' title='bbox 416 4200 666 4270; x_wconf 79' lang='lat' dir='ltr'><strong>mugitus</strong></span> <span class='ocrx_word' id='word_1_279' title='bbox 710 4201 934 4272; x_wconf 92' lang='lat' dir='ltr'><strong>quidam</strong></span> <span class='ocrx_word' id='word_1_280' title='bbox 974 4203 1199 4260; x_wconf 89' lang='lat' dir='ltr'><strong>auditus</strong></span> <span class='ocrx_word' id='word_1_281' title='bbox 1248 4214 1352 4260; x_wconf 90' lang='lat' dir='ltr'><strong>est.</strong></span> <span class='ocrx_word' id='word_1_282' title='bbox 1386 4207 1525 4264; x_wconf 87' lang='lat' dir='ltr'><strong>Tum</strong></span> <span class='ocrx_word' id='word_1_283' title='bbox 1568 4225 1704 4266; x_wconf 89' lang='lat' dir='ltr'><strong>vero</strong></span> <span class='ocrx_word' id='word_1_284' title='bbox 1749 4212 1989 4270; x_wconf 86' lang='lat' dir='ltr'><strong>universi</strong></span> 
     </span>
    </p>
   </div>
   <div class='ocr_carea' id='block_1_44' title="bbox 416 4293 1986 4373">
    <p class='ocr_par' dir='ltr' id='par_1_44' title="bbox 416 4293 1986 4373">
     <span class='ocr_line' id='line_1_44' title="bbox 416 4293 1986 4373; baseline 0.008 -25"><span class='ocrx_word' id='word_1_285' title='bbox 416 4301 594 4348; x_wconf 80' lang='lat' dir='ltr'><strong>semet</strong></span> <span class='ocrx_word' id='word_1_286' title='bbox 628 4295 683 4349; x_wconf 90' lang='lat' dir='ltr'><strong>in</strong></span> <span class='ocrx_word' id='word_1_287' title='bbox 722 4293 906 4364; x_wconf 76' lang='lat' dir='ltr'><strong>fugam</strong></span> <span class='ocrx_word' id='word_1_288' title='bbox 950 4297 1245 4366; x_wconf 83' lang='lat' dir='ltr'><strong>conjicere,</strong></span> <span class='ocrx_word' id='word_1_289' title='bbox 1282 4300 1599 4369; x_wconf 84' lang='lat' dir='ltr'><strong>imperator,</strong></span> <span class='ocrx_word' id='word_1_290' title='bbox 1630 4313 1986 4373; x_wconf 86' lang='lat' dir='ltr'><strong>spectatores,</strong></span> 
     </span>
    </p>
   </div>
   <div class='ocr_carea' id='block_1_45' title="bbox 1599 259 2527 323">
    <p class='ocr_par' dir='ltr' id='par_1_45' title="bbox 1599 259 2527 323">
     <span class='ocr_line' id='line_1_45' title="bbox 1599 259 2527 323; baseline 0.001 -3"><span class='ocrx_word' id='word_1_291' title='bbox 1599 259 2119 322; x_wconf 78' lang='lat' dir='ltr'><strong>CONSTANTINI.</strong></span> <span class='ocrx_word' id='word_1_292' title='bbox 2150 261 2527 323; x_wconf 87' lang='lat' dir='ltr'><strong>MANASSIS</strong></span> 
     </span>
    </p>
   </div>
   <div class='ocr_carea' id='block_1_46' title="bbox 2035 370 3557 448">
    <p class='ocr_par' dir='ltr' id='par_1_46' title="bbox 2035 370 3557 448">
     <span class='ocr_line' id='line_1_46' title="bbox 2035 370 3557 448; baseline 0.007 -25"><span class='ocrx_word' id='word_1_293' title='bbox 2035 383 2078 435; x_wconf 73' lang='grc' dir='ltr'><strong>Α</strong></span> <span class='ocrx_word' id='word_1_294' title='bbox 2111 371 2355 442; x_wconf 85' lang='grc' dir='ltr'>Νερούας</span> <span class='ocrx_word' id='word_1_295' title='bbox 2382 372 2428 403; x_wconf 76' lang='grc'><strong>³⁸</strong></span> <span class='ocrx_word' id='word_1_296' title='bbox 2457 373 2528 424; x_wconf 83' lang='grc' dir='ltr'>τὰ</span> <span class='ocrx_word' id='word_1_297' title='bbox 2555 370 2803 441; x_wconf 84' lang='grc' dir='ltr'>βασίλεια</span> <span class='ocrx_word' id='word_1_298' title='bbox 2827 372 3081 445; x_wconf 82' lang='grc' dir='ltr'>σκῆπτρα</span> <span class='ocrx_word' id='word_1_299' title='bbox 3111 376 3557 448; x_wconf 87' lang='grc' dir='ltr'>παραλαμϐάνει,</span> 
     </span>
    </p>
   </div>
   <div class='ocr_carea' id='block_1_47' title="bbox 3568 274 3677 340">
    <p class='ocr_par' dir='ltr' id='par_1_47' title="bbox 3568 274 3677 340">
     <span class='ocr_line' id='line_1_47' title="bbox 3568 274 3677 340; baseline 0.018 -2"><span class='ocrx_word' id='word_1_300' title='bbox 3568 274 3677 340; x_wconf 82' lang='lat'><strong>300</strong></span> 
     </span>
    </p>
   </div>
   <div class='ocr_carea' id='block_1_48' title="bbox 2105 462 3726 544">
    <p class='ocr_par' dir='ltr' id='par_1_48' title="bbox 2105 462 3726 544">
     <span class='ocr_line' id='line_1_48' title="bbox 2105 462 3726 544; baseline 0.007 -29"><span class='ocrx_word' id='word_1_301' title='bbox 2105 462 2354 533; x_wconf 78' lang='grc' dir='ltr'>Χρηστὺς</span> <span class='ocrx_word' id='word_1_302' title='bbox 2391 462 2553 533; x_wconf 81' lang='grc' dir='ltr'>ἀνὴρ,</span> <span class='ocrx_word' id='word_1_303' title='bbox 2589 462 2863 532; x_wconf 77' lang='grc' dir='ltr'>ἐπιεικὴς,</span> <span class='ocrx_word' id='word_1_304' title='bbox 2891 464 3064 532; x_wconf 72' lang='grc' dir='ltr'>κῆπος</span> <span class='ocrx_word' id='word_1_305' title='bbox 3093 466 3308 522; x_wconf 83' lang='grc' dir='ltr'>πολλῶν</span> <span class='ocrx_word' id='word_1_306' title='bbox 3330 470 3592 539; x_wconf 82' lang='grc' dir='ltr'>χαρίτων,</span> <span class='ocrx_word' id='word_1_307' title='bbox 3720 538 3726 544; x_wconf 88' lang='lat'><strong>_</strong></span> 
     </span>
    </p>
   </div>
   <div class='ocr_carea' id='block_1_49' title="bbox 2109 551 3678 633">
    <p class='ocr_par' dir='ltr' id='par_1_49' title="bbox 2109 551 3678 633">
     <span class='ocr_line' id='line_1_49' title="bbox 2109 551 3678 633; baseline 0.006 -29"><span class='ocrx_word' id='word_1_308' title='bbox 2109 553 2209 616; x_wconf 88' lang='grc' dir='ltr'>Ὃς</span> <span class='ocrx_word' id='word_1_309' title='bbox 2244 552 2543 622; x_wconf 81' lang='grc' dir='ltr'>μυσαχθεὶς</span> <span class='ocrx_word' id='word_1_310' title='bbox 2567 551 2666 624; x_wconf 82' lang='grc' dir='ltr'>τὴν</span> <span class='ocrx_word' id='word_1_311' title='bbox 2697 554 2937 625; x_wconf 81' lang='grc' dir='ltr'>ἐκτομὴν</span> <span class='ocrx_word' id='word_1_312' title='bbox 2965 555 3074 608; x_wconf 89' lang='grc' dir='ltr'><strong>τῶν</strong></span> <span class='ocrx_word' id='word_1_313' title='bbox 3093 556 3363 628; x_wconf 82' lang='grc' dir='ltr'>ἀνδρικῶν</span> <span class='ocrx_word' id='word_1_314' title='bbox 3382 560 3678 633; x_wconf 82' lang='grc' dir='ltr'>κυλίνδρων</span> 
     </span>
    </p>
   </div>
   <div class='ocr_carea' id='block_1_50' title="bbox 2105 643 3466 719">
    <p class='ocr_par' dir='ltr' id='par_1_50' title="bbox 2105 643 3466 719">
     <span class='ocr_line' id='line_1_50' title="bbox 2105 643 3466 719; baseline 0.004 -22"><span class='ocrx_word' id='word_1_315' title='bbox 2105 644 2182 697; x_wconf 79' lang='grc' dir='ltr'><strong>Οὐ</strong></span> <span class='ocrx_word' id='word_1_316' title='bbox 2222 643 2523 715; x_wconf 81' lang='grc' dir='ltr'>συνεχώρει</span> <span class='ocrx_word' id='word_1_317' title='bbox 2555 643 2802 712; x_wconf 87' lang='grc' dir='ltr'>γίνεσθαι</span> <span class='ocrx_word' id='word_1_318' title='bbox 2848 645 3152 715; x_wconf 84' lang='grc' dir='ltr'>Ῥωμαίους</span> <span class='ocrx_word' id='word_1_319' title='bbox 3180 649 3466 719; x_wconf 83' lang='grc' dir='ltr'>ἐκτομίας,</span> 
     </span>
    </p>
   </div>
   <div class='ocr_carea' id='block_1_51' title="bbox 2116 733 3594 815">
    <p class='ocr_par' dir='ltr' id='par_1_51' title="bbox 2116 733 3594 815">
     <span class='ocr_line' id='line_1_51' title="bbox 2116 733 3594 815; baseline 0.007 -28"><span class='ocrx_word' id='word_1_320' title='bbox 2116 733 2277 788; x_wconf 81' lang='grc' dir='ltr'>Ἀλλά</span> <span class='ocrx_word' id='word_1_321' title='bbox 2313 734 2412 789; x_wconf 80' lang='grc' dir='ltr'>καὶ</span> <span class='ocrx_word' id='word_1_322' title='bbox 2440 733 2569 799; x_wconf 79' lang='grc' dir='ltr'>τοὺς</span> <span class='ocrx_word' id='word_1_323' title='bbox 2608 735 2977 804; x_wconf 80' lang='grc' dir='ltr'>ἐκτέμνοντας</span> <span class='ocrx_word' id='word_1_324' title='bbox 3012 737 3294 808; x_wconf 83' lang='grc' dir='ltr'>ἀπήλαυνε</span> <span class='ocrx_word' id='word_1_325' title='bbox 3326 741 3594 815; x_wconf 69' lang='grc' dir='ltr'>κολάζων.</span> 
     </span>
    </p>
   </div>
   <div class='ocr_carea' id='block_1_52' title="bbox 2102 825 3492 903">
    <p class='ocr_par' dir='ltr' id='par_1_52' title="bbox 2102 825 3492 903">
     <span class='ocr_line' id='line_1_52' title="bbox 2102 825 3492 903; baseline 0.005 -25"><span class='ocrx_word' id='word_1_326' title='bbox 2102 825 2214 879; x_wconf 80' lang='grc' dir='ltr'><strong>Καὶ</strong></span> <span class='ocrx_word' id='word_1_327' title='bbox 2244 827 2356 889; x_wconf 82' lang='grc' dir='ltr'>τοῖς</span> <span class='ocrx_word' id='word_1_328' title='bbox 2387 827 2447 880; x_wconf 87' lang='grc' dir='ltr'><strong>ἐν</strong></span> <span class='ocrx_word' id='word_1_329' title='bbox 2472 826 2618 879; x_wconf 88' lang='grc' dir='ltr'>τέλει</span> <span class='ocrx_word' id='word_1_330' title='bbox 2653 826 2896 897; x_wconf 88' lang='grc' dir='ltr'>συνεχῶς</span> <span class='ocrx_word' id='word_1_331' title='bbox 2929 827 3100 881; x_wconf 83' lang='grc' dir='ltr'>ἐδίδου</span> <span class='ocrx_word' id='word_1_332' title='bbox 3128 832 3316 898; x_wconf 85' lang='grc' dir='ltr'>γυμνά</span> <span class='ocrx_word' id='word_1_333' title='bbox 3340 832 3492 903; x_wconf 76' lang='grc' dir='ltr'>ξίφη,</span> 
     </span>
    </p>
   </div>
   <div class='ocr_carea' id='block_1_53' title="bbox 2103 907 3675 995">
    <p class='ocr_par' dir='ltr' id='par_1_53' title="bbox 2103 907 3675 995">
     <span class='ocr_line' id='line_1_53' title="bbox 2103 907 3675 995; baseline 0.006 -24"><span class='ocrx_word' id='word_1_334' title='bbox 2103 920 2177 972; x_wconf 75' lang='grc' dir='ltr'><strong>Τὸ</strong></span> <span class='ocrx_word' id='word_1_335' title='bbox 2203 919 2302 988; x_wconf 78' lang='grc' dir='ltr'>μὲν</span> <span class='ocrx_word' id='word_1_336' title='bbox 2327 919 2527 984; x_wconf 86' lang='grc' dir='ltr'>δοκεῖν,</span> <span class='ocrx_word' id='word_1_337' title='bbox 2557 919 2632 983; x_wconf 82' lang='grc' dir='ltr'><strong>ὡς</strong></span> <span class='ocrx_word' id='word_1_338' title='bbox 2663 919 2916 989; x_wconf 70' lang='grc' dir='ltr'>βλέψαιεν</span> <span class='ocrx_word' id='word_1_339' title='bbox 2954 907 3007 953; x_wconf 69' lang='grc'><strong>¹⁷’</strong></span> <span class='ocrx_word' id='word_1_340' title='bbox 3049 922 3098 975; x_wconf 87' lang='grc' dir='ltr'><strong>εί</strong></span> <span class='ocrx_word' id='word_1_341' title='bbox 3151 924 3396 992; x_wconf 74' lang='grc' dir='ltr'>τμητικὰ</span> <span class='ocrx_word' id='word_1_342' title='bbox 3424 926 3492 979; x_wconf 75' lang='grc' dir='ltr'><strong>τά</strong></span> <span class='ocrx_word' id='word_1_343' title='bbox 3525 926 3675 995; x_wconf 77' lang='grc' dir='ltr'>ξίφη,</span> 
     </span>
    </p>
   </div>
   <div class='ocr_carea' id='block_1_54' title="bbox 2103 1007 3673 1088">
    <p class='ocr_par' dir='ltr' id='par_1_54' title="bbox 2103 1007 3673 1088">
     <span class='ocr_line' id='line_1_54' title="bbox 2103 1007 3673 1088; baseline 0.004 -28"><span class='ocrx_word' id='word_1_344' title='bbox 2103 1007 2176 1060; x_wconf 82' lang='grc' dir='ltr'>Τὸ</span> <span class='ocrx_word' id='word_1_345' title='bbox 2201 1009 2246 1061; x_wconf 88' lang='grc' dir='ltr'>δ’</span> <span class='ocrx_word' id='word_1_346' title='bbox 2291 1008 2513 1078; x_wconf 80' lang='grc' dir='ltr'>ἀληθὲς,</span> <span class='ocrx_word' id='word_1_347' title='bbox 2555 1007 2630 1078; x_wconf 79' lang='grc' dir='ltr'>μὴ</span> <span class='ocrx_word' id='word_1_348' title='bbox 2668 1008 2920 1073; x_wconf 84' lang='grc' dir='ltr'>δεδοικὼς</span> <span class='ocrx_word' id='word_1_349' title='bbox 2961 1010 3028 1064; x_wconf 85' lang='grc' dir='ltr'>ἂν</span> <span class='ocrx_word' id='word_1_350' title='bbox 3072 1014 3391 1082; x_wconf 80' lang='grc' dir='ltr'>παραυτίκα</span> <span class='ocrx_word' id='word_1_351' title='bbox 3420 1015 3556 1088; x_wconf 82' lang='grc' dir='ltr'>θάνῃ</span> <span class='ocrx_word' id='word_1_352' title='bbox 3585 1019 3633 1047; x_wconf 70' lang='grc'><strong>’⁸</strong></span> <span class='ocrx_word' id='word_1_353' title='bbox 3660 1034 3673 1048; x_wconf 79' lang='grc' dir='ltr'><strong><em>ο</em></strong></span> 
     </span>
    </p>
   </div>
   <div class='ocr_carea' id='block_1_55' title="bbox 2103 1099 3408 1170">
    <p class='ocr_par' dir='ltr' id='par_1_55' title="bbox 2103 1099 3408 1170">
     <span class='ocr_line' id='line_1_55' title="bbox 2103 1099 3408 1170; baseline 0.007 -19"><span class='ocrx_word' id='word_1_354' title='bbox 2103 1099 2268 1152; x_wconf 77' lang='grc' dir='ltr'>Οὐδὲν</span> <span class='ocrx_word' id='word_1_355' title='bbox 2297 1099 2403 1170; x_wconf 84' lang='grc' dir='ltr'><strong>γὰρ</strong></span> <span class='ocrx_word' id='word_1_356' title='bbox 2432 1099 2586 1167; x_wconf 71' lang='grc' dir='ltr'>ἔλεγε</span> <span class='ocrx_word' id='word_1_357' title='bbox 2610 1100 2780 1154; x_wconf 82' lang='grc' dir='ltr'>κακὸν</span> <span class='ocrx_word' id='word_1_358' title='bbox 2812 1099 2962 1170; x_wconf 76' lang='grc' dir='ltr'>αὐτῷ</span> <span class='ocrx_word' id='word_1_359' title='bbox 2991 1104 3408 1169; x_wconf 81' lang='grc' dir='ltr'>συνεγνωκέναι.</span> 
     </span>
    </p>
   </div>
   <div class='ocr_carea' id='block_1_56' title="bbox 2184 1188 3569 1265">
    <p class='ocr_par' dir='ltr' id='par_1_56' title="bbox 2184 1188 3569 1265">
     <span class='ocr_line' id='line_1_56' title="bbox 2184 1188 3569 1265; baseline 0.004 -23"><span class='ocrx_word' id='word_1_360' title='bbox 2184 1188 2345 1242; x_wconf 79' lang='grc' dir='ltr'>Ἀλλὰ</span> <span class='ocrx_word' id='word_1_361' title='bbox 2375 1190 2472 1242; x_wconf 78' lang='grc' dir='ltr'>καὶ</span> <span class='ocrx_word' id='word_1_362' title='bbox 2499 1189 2689 1243; x_wconf 79' lang='grc' dir='ltr'>τοῦτον</span> <span class='ocrx_word' id='word_1_363' title='bbox 2723 1190 2954 1254; x_wconf 84' lang='grc' dir='ltr'>θάνατος</span> <span class='ocrx_word' id='word_1_364' title='bbox 2989 1192 3201 1263; x_wconf 85' lang='grc' dir='ltr'>ταχέως</span> <span class='ocrx_word' id='word_1_365' title='bbox 3219 1195 3569 1265; x_wconf 76' lang='grc' dir='ltr'>ἀφαρπάσας,</span> 
     </span>
    </p>
   </div>
   <div class='ocr_carea' id='block_1_57' title="bbox 2101 1281 3583 1355">
    <p class='ocr_par' dir='ltr' id='par_1_57' title="bbox 2101 1281 3583 1355">
     <span class='ocr_line' id='line_1_57' title="bbox 2101 1281 3583 1355; baseline 0.005 -23"><span class='ocrx_word' id='word_1_366' title='bbox 2101 1281 2464 1352; x_wconf 74' lang='grc' dir='ltr'>Κρατήσαντα</span> <span class='ocrx_word' id='word_1_367' title='bbox 2497 1281 2633 1352; x_wconf 78' lang='grc' dir='ltr'>πρὸς</span> <span class='ocrx_word' id='word_1_368' title='bbox 2666 1283 2932 1352; x_wconf 87' lang='grc' dir='ltr'>τέσσαρσι</span> <span class='ocrx_word' id='word_1_369' title='bbox 2959 1284 3096 1354; x_wconf 69' lang='grc' dir='ltr'>μησὶ</span> <span class='ocrx_word' id='word_1_370' title='bbox 3125 1285 3217 1337; x_wconf 83' lang='grc' dir='ltr'>καὶ</span> <span class='ocrx_word' id='word_1_371' title='bbox 3248 1286 3441 1355; x_wconf 86' lang='grc' dir='ltr'>χρόνον</span> <span class='ocrx_word' id='word_1_372' title='bbox 3468 1288 3583 1353; x_wconf 74' lang='grc' dir='ltr'>ἕνα,</span> 
     </span>
    </p>
   </div>
   <div class='ocr_carea' id='block_1_58' title="bbox 2101 1373 3348 1447">
    <p class='ocr_par' dir='ltr' id='par_1_58' title="bbox 2101 1373 3348 1447">
     <span class='ocr_line' id='line_1_58' title="bbox 2101 1373 3348 1447; baseline 0.002 -23"><span class='ocrx_word' id='word_1_373' title='bbox 2101 1373 2370 1443; x_wconf 81' lang='grc' dir='ltr'>Τραϊανὸν</span> <span class='ocrx_word' id='word_1_374' title='bbox 2396 1373 2443 1405; x_wconf 81' lang='grc'><strong>¹⁹</strong></span> <span class='ocrx_word' id='word_1_375' title='bbox 2472 1374 2813 1445; x_wconf 79' lang='grc' dir='ltr'>κατέστησεν</span> <span class='ocrx_word' id='word_1_376' title='bbox 2838 1374 2895 1427; x_wconf 84' lang='grc' dir='ltr'><strong>ἐν</strong></span> <span class='ocrx_word' id='word_1_377' title='bbox 2920 1374 3348 1447; x_wconf 79' lang='grc' dir='ltr'>αὐτοκρατορίᾳ,</span> 
     </span>
    </p>
   </div>
   <div class='ocr_carea' id='block_1_59' title="bbox 2104 1465 3421 1539">
    <p class='ocr_par' dir='ltr' id='par_1_59' title="bbox 2104 1465 3421 1539">
     <span class='ocr_line' id='line_1_59' title="bbox 2104 1465 3421 1539; baseline 0.003 -23"><span class='ocrx_word' id='word_1_378' title='bbox 2104 1465 2307 1535; x_wconf 84' lang='grc' dir='ltr'>Ἀνδρα</span> <span class='ocrx_word' id='word_1_379' title='bbox 2353 1466 2894 1538; x_wconf 74' lang='grc' dir='ltr'>στρατηγικῴτατον,</span> <span class='ocrx_word' id='word_1_380' title='bbox 2934 1468 3421 1539; x_wconf 75' lang='grc' dir='ltr'>μυριονικηφόρον,</span> 
     </span>
    </p>
   </div>
   <div class='ocr_carea' id='block_1_60' title="bbox 2101 1555 3557 1631">
    <p class='ocr_par' dir='ltr' id='par_1_60' title="bbox 2101 1555 3557 1631">
     <span class='ocr_line' id='line_1_60' title="bbox 2101 1555 3557 1631; baseline 0.004 -24"><span class='ocrx_word' id='word_1_381' title='bbox 2101 1555 2467 1628; x_wconf 74' lang='grc' dir='ltr'>Καρτερικὺν,</span> <span class='ocrx_word' id='word_1_382' title='bbox 2489 1556 2801 1627; x_wconf 86' lang='grc' dir='ltr'>εύκάρδιον,</span> <span class='ocrx_word' id='word_1_383' title='bbox 2839 1562 3112 1626; x_wconf 84' lang='grc' dir='ltr'>γενναῖον,</span> <span class='ocrx_word' id='word_1_384' title='bbox 3149 1561 3460 1631; x_wconf 86' lang='grc' dir='ltr'>μενεμάχον</span> <span class='ocrx_word' id='word_1_385' title='bbox 3491 1563 3557 1628; x_wconf 81' lang='grc'><strong>³⁸,</strong></span> 
     </span>
    </p>
   </div>
   <div class='ocr_carea' id='block_1_61' title="bbox 2103 1647 3570 1724">
    <p class='ocr_par' dir='ltr' id='par_1_61' title="bbox 2103 1647 3570 1724">
     <span class='ocr_line' id='line_1_61' title="bbox 2103 1647 3570 1724; baseline 0.007 -26"><span class='ocrx_word' id='word_1_386' title='bbox 2103 1647 2214 1711; x_wconf 80' lang='grc' dir='ltr'>Τάς</span> <span class='ocrx_word' id='word_1_387' title='bbox 2242 1648 2285 1679; x_wconf 77' lang='grc'>⁸⁸</span> <span class='ocrx_word' id='word_1_388' title='bbox 2326 1648 2538 1721; x_wconf 83' lang='grc' dir='ltr'>κρίσεις</span> <span class='ocrx_word' id='word_1_389' title='bbox 2569 1649 2982 1719; x_wconf 77' lang='grc' dir='ltr'>άρῤεπέστατον</span> <span class='ocrx_word' id='word_1_390' title='bbox 3007 1649 3172 1720; x_wconf 79' lang='grc' dir='ltr'>ζυγὸν</span> <span class='ocrx_word' id='word_1_391' title='bbox 3201 1652 3570 1724; x_wconf 77' lang='grc' dir='ltr'>δικαιοσύνης.</span> 
     </span>
    </p>
   </div>
   <div class='ocr_carea' id='block_1_62' title="bbox 2026 1712 3673 1816">
    <p class='ocr_par' dir='ltr' id='par_1_62' title="bbox 2026 1712 3673 1816">
     <span class='ocr_line' id='line_1_62' title="bbox 2026 1712 3673 1816; baseline 0.003 -21"><span class='ocrx_word' id='word_1_392' title='bbox 2026 1712 2075 1771; x_wconf 74' lang='grc' dir='ltr'><em>Β</em></span> <span class='ocrx_word' id='word_1_393' title='bbox 2106 1733 2275 1805; x_wconf 76' lang='grc' dir='ltr'>Οὗτος</span> <span class='ocrx_word' id='word_1_394' title='bbox 2295 1712 2514 1796; x_wconf 79' lang='grc' dir='ltr'>Κελτῶν</span> <span class='ocrx_word' id='word_1_395' title='bbox 2528 1743 2573 1774; x_wconf 73' lang='grc'><strong>³⁸</strong></span> <span class='ocrx_word' id='word_1_396' title='bbox 2592 1712 2909 1811; x_wconf 81' lang='grc' dir='ltr'>συνέκαμψε</span> <span class='ocrx_word' id='word_1_397' title='bbox 2924 1712 3048 1806; x_wconf 83' lang='grc' dir='ltr'>τοὺς</span> <span class='ocrx_word' id='word_1_398' title='bbox 3060 1712 3337 1813; x_wconf 65' lang='grc' dir='ltr'>άκαμπεῖς</span> <span class='ocrx_word' id='word_1_399' title='bbox 3352 1712 3673 1816; x_wconf 75' lang='grc' dir='ltr'>τραχήλους,</span> 
     </span>
    </p>
   </div>
   <div class='ocr_carea' id='block_1_63' title="bbox 2106 1826 3431 1908">
    <p class='ocr_par' dir='ltr' id='par_1_63' title="bbox 2106 1826 3431 1908">
     <span class='ocr_line' id='line_1_63' title="bbox 2106 1826 3431 1908; baseline 0.005 -23"><span class='ocrx_word' id='word_1_400' title='bbox 2106 1826 2274 1896; x_wconf 74' lang='grc' dir='ltr'>Οὗτος</span> <span class='ocrx_word' id='word_1_401' title='bbox 2289 1831 2467 1903; x_wconf 83' lang='grc' dir='ltr'>ὁρμάς</span> <span class='ocrx_word' id='word_1_402' title='bbox 2494 1832 2727 1902; x_wconf 72' lang='grc' dir='ltr'>ἀνέκοψε</span> <span class='ocrx_word' id='word_1_403' title='bbox 2761 1834 2995 1904; x_wconf 87' lang='grc' dir='ltr'>Πάρθων</span> <span class='ocrx_word' id='word_1_404' title='bbox 3031 1835 3431 1908; x_wconf 67' lang='grc' dir='ltr'>φιλιπολέμων.</span> 
     </span>
    </p>
   </div>
   <div class='ocr_carea' id='block_1_64' title="bbox 2105 1923 3499 1996">
    <p class='ocr_par' dir='ltr' id='par_1_64' title="bbox 2105 1923 3499 1996">
     <span class='ocr_line' id='line_1_64' title="bbox 2105 1923 3499 1996; baseline 0.006 -21"><span class='ocrx_word' id='word_1_405' title='bbox 2105 1924 2238 1977; x_wconf 87' lang='grc' dir='ltr'>Τότε</span> <span class='ocrx_word' id='word_1_406' title='bbox 2269 1924 2364 1976; x_wconf 77' lang='grc' dir='ltr'>καὶ</span> <span class='ocrx_word' id='word_1_407' title='bbox 2397 1923 2507 1995; x_wconf 79' lang='grc' dir='ltr'><strong>γὰρ</strong></span> <span class='ocrx_word' id='word_1_408' title='bbox 2545 1924 2626 1988; x_wconf 87' lang='grc' dir='ltr'><strong>είς</strong></span> <span class='ocrx_word' id='word_1_409' title='bbox 2657 1923 2974 1996; x_wconf 82' lang='grc' dir='ltr'>πλατυσμὸν</span> <span class='ocrx_word' id='word_1_410' title='bbox 3001 1926 3324 1992; x_wconf 75' lang='grc' dir='ltr'>ἐληλακότες</span> <span class='ocrx_word' id='word_1_411' title='bbox 3352 1923 3499 1983; x_wconf 73' lang='grc' dir='ltr'>οὗτοι</span> 
     </span>
    </p>
   </div>
   <div class='ocr_carea' id='block_1_65' title="bbox 2105 2014 3517 2090">
    <p class='ocr_par' dir='ltr' id='par_1_65' title="bbox 2105 2014 3517 2090">
     <span class='ocr_line' id='line_1_65' title="bbox 2105 2014 3517 2090; baseline 0.004 -22"><span class='ocrx_word' id='word_1_412' title='bbox 2105 2014 2318 2078; x_wconf 86' lang='grc' dir='ltr'>Πάντας</span> <span class='ocrx_word' id='word_1_413' title='bbox 2345 2015 2791 2086; x_wconf 81' lang='grc' dir='ltr'>κατενεμήσαντο</span> <span class='ocrx_word' id='word_1_414' title='bbox 2815 2017 2941 2081; x_wconf 78' lang='grc' dir='ltr'>τοὺς</span> <span class='ocrx_word' id='word_1_415' title='bbox 2973 2016 3071 2086; x_wconf 84' lang='grc' dir='ltr'>τῆς</span> <span class='ocrx_word' id='word_1_416' title='bbox 3113 2017 3297 2082; x_wconf 82' lang='grc' dir='ltr'>’Δσίας</span> <span class='ocrx_word' id='word_1_417' title='bbox 3332 2020 3517 2090; x_wconf 81' lang='grc' dir='ltr'>ὅρους,</span> 
     </span>
    </p>
   </div>
   <div class='ocr_carea' id='block_1_66' title="bbox 2104 2109 3675 2185">
    <p class='ocr_par' dir='ltr' id='par_1_66' title="bbox 2104 2109 3675 2185">
     <span class='ocr_line' id='line_1_66' title="bbox 2104 2109 3675 2185; baseline 0.005 -23"><span class='ocrx_word' id='word_1_418' title='bbox 2104 2110 2213 2163; x_wconf 89' lang='lat' dir='ltr'><strong>Kal</strong></span> <span class='ocrx_word' id='word_1_419' title='bbox 2231 2109 2409 2181; x_wconf 81' lang='grc' dir='ltr'>πάσης</span> <span class='ocrx_word' id='word_1_420' title='bbox 2434 2111 2538 2180; x_wconf 82' lang='grc' dir='ltr'>γῆς</span> <span class='ocrx_word' id='word_1_421' title='bbox 2556 2112 2897 2182; x_wconf 85' lang='grc' dir='ltr'>κατέδραμον</span> <span class='ocrx_word' id='word_1_422' title='bbox 2921 2112 3221 2173; x_wconf 79' lang='grc' dir='ltr'>κτείνοντες</span> <span class='ocrx_word' id='word_1_423' title='bbox 3253 2131 3325 2167; x_wconf 87' lang='grc' dir='ltr'><strong>πυ</strong></span> <span class='ocrx_word' id='word_1_424' title='bbox 3334 2115 3675 2185; x_wconf 76' lang='grc' dir='ltr'>ρπολοῦντες,</span> 
     </span>
    </p>
   </div>
   <div class='ocr_carea' id='block_1_67' title="bbox 2103 2201 3557 2282">
    <p class='ocr_par' dir='ltr' id='par_1_67' title="bbox 2103 2201 3557 2282">
     <span class='ocr_line' id='line_1_67' title="bbox 2103 2201 3557 2282; baseline 0.008 -28"><span class='ocrx_word' id='word_1_425' title='bbox 2103 2201 2213 2254; x_wconf 89' lang='lat' dir='ltr'><strong>Kal</strong></span> <span class='ocrx_word' id='word_1_426' title='bbox 2242 2202 2339 2266; x_wconf 78' lang='grc' dir='ltr'><strong>τὰς</strong></span> <span class='ocrx_word' id='word_1_427' title='bbox 2368 2202 2597 2267; x_wconf 79' lang='grc' dir='ltr'>αὐλαίας</span> <span class='ocrx_word' id='word_1_428' title='bbox 2619 2203 2830 2273; x_wconf 72' lang='grc' dir='ltr'>ἔπηξαν</span> <span class='ocrx_word' id='word_1_429' title='bbox 2861 2204 2966 2269; x_wconf 63' lang='grc' dir='ltr'><strong>ἐως</strong></span> <span class='ocrx_word' id='word_1_430' title='bbox 2989 2206 3275 2278; x_wconf 79' lang='grc' dir='ltr'>Εὐφράτου</span> <span class='ocrx_word' id='word_1_431' title='bbox 3303 2209 3557 2282; x_wconf 75' lang='grc' dir='ltr'>ῥείθρων.</span> 
     </span>
    </p>
   </div>
   <div class='ocr_carea' id='block_1_68' title="bbox 2102 2293 3444 2371">
    <p class='ocr_par' dir='ltr' id='par_1_68' title="bbox 2102 2293 3444 2371">
     <span class='ocr_line' id='line_1_68' title="bbox 2102 2293 3444 2371; baseline 0.006 -25"><span class='ocrx_word' id='word_1_432' title='bbox 2102 2293 2285 2347; x_wconf 83' lang='grc' dir='ltr'>Ταῦτα</span> <span class='ocrx_word' id='word_1_433' title='bbox 2312 2294 2368 2347; x_wconf 81' lang='grc' dir='ltr'>δὲ</span> <span class='ocrx_word' id='word_1_434' title='bbox 2398 2296 2559 2364; x_wconf 80' lang='grc' dir='ltr'>γνοὺς</span> <span class='ocrx_word' id='word_1_435' title='bbox 2593 2295 2862 2366; x_wconf 73' lang='grc' dir='ltr'>Τραϊανὸς</span> <span class='ocrx_word' id='word_1_436' title='bbox 2899 2296 3024 2369; x_wconf 78' lang='grc' dir='ltr'>ἄρτι</span> <span class='ocrx_word' id='word_1_437' title='bbox 3046 2297 3444 2371; x_wconf 75' lang='grc' dir='ltr'>τετολμημένα,</span> 
     </span>
    </p>
   </div>
   <div class='ocr_carea' id='block_1_69' title="bbox 2102 2382 3673 2465">
    <p class='ocr_par' dir='ltr' id='par_1_69' title="bbox 2102 2382 3673 2465">
     <span class='ocr_line' id='line_1_69' title="bbox 2102 2382 3673 2465; baseline 0.007 -30"><span class='ocrx_word' id='word_1_438' title='bbox 2102 2382 2215 2436; x_wconf 90' lang='lat' dir='ltr'><strong>Kal</strong></span> <span class='ocrx_word' id='word_1_439' title='bbox 2239 2383 2341 2453; x_wconf 82' lang='grc' dir='ltr'>τῆς</span> <span class='ocrx_word' id='word_1_440' title='bbox 2377 2386 2555 2456; x_wconf 81' lang='grc' dir='ltr'>ὁρμῆς</span> <span class='ocrx_word' id='word_1_441' title='bbox 2588 2388 2689 2456; x_wconf 83' lang='grc' dir='ltr'>τῆς</span> <span class='ocrx_word' id='word_1_442' title='bbox 2726 2386 3010 2459; x_wconf 82' lang='grc' dir='ltr'>Παρθικῆς</span> <span class='ocrx_word' id='word_1_443' title='bbox 3031 2388 3330 2460; x_wconf 84' lang='grc' dir='ltr'>ἀναμαθὼν</span> <span class='ocrx_word' id='word_1_444' title='bbox 3362 2391 3424 2445; x_wconf 72' lang='grc' dir='ltr'>τὸ</span> <span class='ocrx_word' id='word_1_445' title='bbox 3455 2391 3673 2465; x_wconf 84' lang='grc' dir='ltr'>θράσος,</span> 
     </span>
    </p>
   </div>
   <div class='ocr_carea' id='block_1_70' title="bbox 2113 2473 3555 2553">
    <p class='ocr_par' dir='ltr' id='par_1_70' title="bbox 2113 2473 3555 2553">
     <span class='ocr_line' id='line_1_70' title="bbox 2113 2473 3555 2553; baseline 0.007 -27"><span class='ocrx_word' id='word_1_446' title='bbox 2113 2473 2231 2527; x_wconf 80' lang='grc' dir='ltr'><strong>Ἀπ’</strong></span> <span class='ocrx_word' id='word_1_447' title='bbox 2258 2473 2444 2544; x_wconf 73' lang='grc' dir='ltr'>ἄκρων</span> <span class='ocrx_word' id='word_1_448' title='bbox 2467 2475 2571 2546; x_wconf 84' lang='grc' dir='ltr'>γῆς</span> <span class='ocrx_word' id='word_1_449' title='bbox 2599 2477 2679 2540; x_wconf 87' lang='grc' dir='ltr'><strong>είς</strong></span> <span class='ocrx_word' id='word_1_450' title='bbox 2706 2475 2855 2548; x_wconf 80' lang='grc' dir='ltr'>ἄκρα</span> <span class='ocrx_word' id='word_1_451' title='bbox 2892 2479 2995 2550; x_wconf 83' lang='grc' dir='ltr'>γῆς</span> <span class='ocrx_word' id='word_1_452' title='bbox 3019 2479 3189 2548; x_wconf 78' lang='grc' dir='ltr'>ὀξέως</span> <span class='ocrx_word' id='word_1_453' title='bbox 3218 2482 3555 2553; x_wconf 85' lang='grc' dir='ltr'>μεταϐαίνει,</span> 
     </span>
    </p>
   </div>
   <div class='ocr_carea' id='block_1_71' title="bbox 2100 2568 3663 2652">
    <p class='ocr_par' dir='ltr' id='par_1_71' title="bbox 2100 2568 3663 2652">
     <span class='ocr_line' id='line_1_71' title="bbox 2100 2568 3663 2652; baseline 0.009 -31"><span class='ocrx_word' id='word_1_454' title='bbox 2100 2570 2211 2622; x_wconf 86' lang='lat' dir='ltr'><strong>Kal</strong></span> <span class='ocrx_word' id='word_1_455' title='bbox 2236 2568 2585 2640; x_wconf 69' lang='grc' dir='ltr'>συμπλακεὶς</span> <span class='ocrx_word' id='word_1_456' title='bbox 2605 2572 2814 2638; x_wconf 79' lang='grc' dir='ltr'>καὶτὰς</span> <span class='ocrx_word' id='word_1_457' title='bbox 2838 2574 3017 2628; x_wconf 85' lang='grc' dir='ltr'>αὐτῶν</span> <span class='ocrx_word' id='word_1_458' title='bbox 3035 2575 3205 2647; x_wconf 78' lang='grc' dir='ltr'>ῥήξας</span> <span class='ocrx_word' id='word_1_459' title='bbox 3223 2578 3663 2652; x_wconf 81' lang='grc' dir='ltr'>φαλαγγαρχίας,</span> 
     </span>
    </p>
   </div>
   <div class='ocr_carea' id='block_1_72' title="bbox 2100 2660 3532 2741">
    <p class='ocr_par' dir='ltr' id='par_1_72' title="bbox 2100 2660 3532 2741">
     <span class='ocr_line' id='line_1_72' title="bbox 2100 2660 3532 2741; baseline 0.008 -28"><span class='ocrx_word' id='word_1_460' title='bbox 2100 2660 2210 2715; x_wconf 88' lang='lat' dir='ltr'><strong>Kal</strong></span> <span class='ocrx_word' id='word_1_461' title='bbox 2241 2660 2495 2725; x_wconf 84' lang='grc' dir='ltr'>πεδιάδας</span> <span class='ocrx_word' id='word_1_462' title='bbox 2525 2662 2621 2727; x_wconf 76' lang='grc' dir='ltr'><strong>τὰς</strong></span> <span class='ocrx_word' id='word_1_463' title='bbox 2646 2664 2765 2717; x_wconf 78' lang='grc' dir='ltr'>ἐκεῖ</span> <span class='ocrx_word' id='word_1_464' title='bbox 2790 2663 2971 2730; x_wconf 77' lang='grc' dir='ltr'>δείξας</span> <span class='ocrx_word' id='word_1_465' title='bbox 3009 2670 3532 2741; x_wconf 86' lang='grc' dir='ltr'>σωματοστρὼτους,</span> 
     </span>
    </p>
   </div>
   <div class='ocr_carea' id='block_1_73' title="bbox 2098 2751 3508 2829">
    <p class='ocr_par' dir='ltr' id='par_1_73' title="bbox 2098 2751 3508 2829">
     <span class='ocr_line' id='line_1_73' title="bbox 2098 2751 3508 2829; baseline 0.009 -25"><span class='ocrx_word' id='word_1_466' title='bbox 2098 2751 2223 2816; x_wconf 86' lang='grc' dir='ltr'>Τοῖς</span> <span class='ocrx_word' id='word_1_467' title='bbox 2259 2754 2407 2822; x_wconf 81' lang='grc' dir='ltr'>ὅροις</span> <span class='ocrx_word' id='word_1_468' title='bbox 2429 2754 2853 2824; x_wconf 86' lang='grc' dir='ltr'>κατηνάγκασεν</span> <span class='ocrx_word' id='word_1_469' title='bbox 2885 2757 3149 2829; x_wconf 85' lang='grc' dir='ltr'>ἐμμένειν</span> <span class='ocrx_word' id='word_1_470' title='bbox 3179 2762 3293 2825; x_wconf 80' lang='grc' dir='ltr'>τοϊς</span> <span class='ocrx_word' id='word_1_471' title='bbox 3333 2762 3508 2828; x_wconf 80' lang='grc' dir='ltr'>ίδίοις,</span> 
     </span>
    </p>
   </div>
   <div class='ocr_carea' id='block_1_74' title="bbox 2105 2843 3673 2920">
    <p class='ocr_par' dir='ltr' id='par_1_74' title="bbox 2105 2843 3673 2920">
     <span class='ocr_line' id='line_1_74' title="bbox 2105 2843 3673 2920; baseline 0.008 -24"><span class='ocrx_word' id='word_1_472' title='bbox 2105 2843 2218 2896; x_wconf 86' lang='lat' dir='ltr'><strong>Kal</strong></span> <span class='ocrx_word' id='word_1_473' title='bbox 2243 2845 2476 2916; x_wconf 89' lang='grc' dir='ltr'>Πάρθων</span> <span class='ocrx_word' id='word_1_474' title='bbox 2507 2844 2576 2899; x_wconf 80' lang='grc' dir='ltr'>τὰ</span> <span class='ocrx_word' id='word_1_475' title='bbox 2599 2847 2956 2920; x_wconf 82' lang='grc' dir='ltr'>σχοινίσματα</span> <span class='ocrx_word' id='word_1_476' title='bbox 2978 2850 3263 2917; x_wconf 88' lang='grc' dir='ltr'>συστείλας</span> <span class='ocrx_word' id='word_1_477' title='bbox 3286 2856 3380 2908; x_wconf 73' lang='grc' dir='ltr'>καὶ</span> <span class='ocrx_word' id='word_1_478' title='bbox 3403 2853 3673 2919; x_wconf 84' lang='grc' dir='ltr'>στενώσας</span> 
     </span>
    </p>
   </div>
   <div class='ocr_carea' id='block_1_75' title="bbox 3352 2943 3668 3001">
    <p class='ocr_par' dir='ltr' id='par_1_75' title="bbox 3352 2943 3668 3001">
     <span class='ocr_line' id='line_1_75' title="bbox 3352 2943 3668 3001; baseline 0.019 -6"><span class='ocrx_word' id='word_1_479' title='bbox 3352 2943 3504 3001; x_wconf 74' lang='lat' dir='ltr'><strong>Vers.</strong></span> <span class='ocrx_word' id='word_1_480' title='bbox 3532 2947 3668 3001; x_wconf 64' lang='lat'><strong>9161</strong></span> 
     </span>
    </p>
   </div>
   <div class='ocr_carea' id='block_1_76' title="bbox 2020 3048 3672 3126">
    <p class='ocr_par' dir='ltr' id='par_1_76' title="bbox 2020 3048 3672 3126">
     <span class='ocr_line' id='line_1_76' title="bbox 2020 3048 3672 3126; baseline 0.008 -25"><span class='ocrx_word' id='word_1_481' title='bbox 2020 3067 2062 3126; x_wconf 68' lang='grc' dir='ltr'>α</span> <span class='ocrx_word' id='word_1_482' title='bbox 2095 3060 2239 3116; x_wconf 88' lang='lat' dir='ltr'><strong>equo</strong></span> <span class='ocrx_word' id='word_1_483' title='bbox 2287 3056 2343 3103; x_wconf 92' lang='lat' dir='ltr'><strong>et</strong></span> <span class='ocrx_word' id='word_1_484' title='bbox 2393 3048 2630 3117; x_wconf 84' lang='lat' dir='ltr'><strong>amictu,</strong></span> <span class='ocrx_word' id='word_1_485' title='bbox 2690 3050 3032 3122; x_wconf 78' lang='lat' dir='ltr'><strong>tandemque</strong></span> <span class='ocrx_word' id='word_1_486' title='bbox 3068 3069 3294 3123; x_wconf 89' lang='lat' dir='ltr'><strong>prorsus</strong></span> <span class='ocrx_word' id='word_1_487' title='bbox 3321 3072 3672 3116; x_wconf 85' lang='lat' dir='ltr'><strong>evanescere.</strong></span> 
     </span>
    </p>
   </div>
   <div class='ocr_carea' id='block_1_77' title="bbox 2167 3138 3672 3209">
    <p class='ocr_par' dir='ltr' id='par_1_77' title="bbox 2167 3138 3672 3209">
     <span class='ocr_line' id='line_1_77' title="bbox 2167 3138 3672 3209; baseline 0.009 -17"><span class='ocrx_word' id='word_1_488' title='bbox 2167 3138 2525 3209; x_wconf 81' lang='lat' dir='ltr'><strong>Posteaquam</strong></span> <span class='ocrx_word' id='word_1_489' title='bbox 2551 3141 2895 3200; x_wconf 88' lang='lat' dir='ltr'><strong>Domitianus</strong></span> <span class='ocrx_word' id='word_1_490' title='bbox 2932 3156 3108 3202; x_wconf 88' lang='lat' dir='ltr'><strong>morte</strong></span> <span class='ocrx_word' id='word_1_491' title='bbox 3129 3147 3371 3204; x_wconf 88' lang='lat' dir='ltr'><strong>violenta</strong></span> <span class='ocrx_word' id='word_1_492' title='bbox 3402 3150 3672 3206; x_wconf 82' lang='lat' dir='ltr'><strong>decessis-</strong></span> 
     </span>
    </p>
   </div>
   <div class='ocr_carea' id='block_1_78' title="bbox 2099 3231 3674 3313">
    <p class='ocr_par' dir='ltr' id='par_1_78' title="bbox 2099 3231 3674 3313">
     <span class='ocr_line' id='line_1_78' title="bbox 2099 3231 3674 3313; baseline 0.009 -30"><span class='ocrx_word' id='word_1_493' title='bbox 2099 3236 2204 3294; x_wconf 91' lang='lat' dir='ltr'><strong>set,</strong></span> <span class='ocrx_word' id='word_1_494' title='bbox 2242 3231 2447 3286; x_wconf 82' lang='lat' dir='ltr'><strong>exactis</strong></span> <span class='ocrx_word' id='word_1_495' title='bbox 2495 3233 2549 3286; x_wconf 92' lang='lat' dir='ltr'><strong>in</strong></span> <span class='ocrx_word' id='word_1_496' title='bbox 2605 3234 2838 3304; x_wconf 91' lang='lat' dir='ltr'><strong>imperio</strong></span> <span class='ocrx_word' id='word_1_497' title='bbox 2888 3236 2954 3291; x_wconf 81' lang='lat' dir='ltr'><strong>l5</strong></span> <span class='ocrx_word' id='word_1_498' title='bbox 3000 3237 3193 3305; x_wconf 90' lang='lat' dir='ltr'><strong>annis,</strong></span> <span class='ocrx_word' id='word_1_499' title='bbox 3228 3239 3406 3295; x_wconf 83' lang='lat' dir='ltr'><strong>Nerva</strong></span> <span class='ocrx_word' id='word_1_500' title='bbox 3443 3243 3674 3313; x_wconf 84' lang='lat' dir='ltr'><strong>sceptris</strong></span> 
     </span>
    </p>
   </div>
   <div class='ocr_carea' id='block_1_79' title="bbox 2096 3322 3670 3403">
    <p class='ocr_par' dir='ltr' id='par_1_79' title="bbox 2096 3322 3670 3403">
     <span class='ocr_line' id='line_1_79' title="bbox 2096 3322 3670 3403; baseline 0.008 -27"><span class='ocrx_word' id='word_1_501' title='bbox 2096 3322 2308 3391; x_wconf 89' lang='lat' dir='ltr'><strong>potitus</strong></span> <span class='ocrx_word' id='word_1_502' title='bbox 2336 3333 2440 3390; x_wconf 87' lang='lat' dir='ltr'><strong>est,</strong></span> <span class='ocrx_word' id='word_1_503' title='bbox 2472 3323 2558 3378; x_wconf 87' lang='lat' dir='ltr'><strong>vir</strong></span> <span class='ocrx_word' id='word_1_504' title='bbox 2589 3324 2789 3391; x_wconf 89' lang='lat' dir='ltr'><strong>bonus,</strong></span> <span class='ocrx_word' id='word_1_505' title='bbox 2828 3327 2979 3384; x_wconf 89' lang='lat' dir='ltr'><strong>mitis</strong></span> <span class='ocrx_word' id='word_1_506' title='bbox 3000 3369 3014 3391; x_wconf 92' lang='lat'><strong>,</strong></span> <span class='ocrx_word' id='word_1_507' title='bbox 3051 3331 3345 3386; x_wconf 89' lang='lat' dir='ltr'><strong>multarum</strong></span> <span class='ocrx_word' id='word_1_508' title='bbox 3371 3334 3670 3403; x_wconf 89' lang='lat' dir='ltr'><strong>gratiarum</strong></span> 
     </span>
    </p>
   </div>
   <div class='ocr_carea' id='block_1_80' title="bbox 2098 3414 3671 3484">
    <p class='ocr_par' dir='ltr' id='par_1_80' title="bbox 2098 3414 3671 3484">
     <span class='ocr_line' id='line_1_80' title="bbox 2098 3414 3671 3484; baseline 0.009 -18"><span class='ocrx_word' id='word_1_509' title='bbox 2098 3414 2254 3483; x_wconf 90' lang='lat' dir='ltr'><strong>quasi</strong></span> <span class='ocrx_word' id='word_1_510' title='bbox 2281 3415 2505 3484; x_wconf 85' lang='lat' dir='ltr'><strong>quidam</strong></span> <span class='ocrx_word' id='word_1_511' title='bbox 2539 3415 2754 3473; x_wconf 87' lang='lat' dir='ltr'><strong>hortus.</strong></span> <span class='ocrx_word' id='word_1_512' title='bbox 2806 3418 2858 3473; x_wconf 89' lang='lat' dir='ltr'><strong>Is</strong></span> <span class='ocrx_word' id='word_1_513' title='bbox 2902 3435 3028 3474; x_wconf 89' lang='lat' dir='ltr'><strong>cum</strong></span> <span class='ocrx_word' id='word_1_514' title='bbox 3071 3421 3423 3478; x_wconf 86' lang='lat' dir='ltr'><strong>vehementer</strong></span> <span class='ocrx_word' id='word_1_515' title='bbox 3463 3423 3671 3480; x_wconf 88' lang='lat' dir='ltr'><strong>odisset</strong></span> 
     </span>
    </p>
   </div>
   <div class='ocr_carea' id='block_1_81' title="bbox 2097 3505 3669 3574">
    <p class='ocr_par' dir='ltr' id='par_1_81' title="bbox 2097 3505 3669 3574">
     <span class='ocr_line' id='line_1_81' title="bbox 2097 3505 3669 3574; baseline 0.008 -16"><span class='ocrx_word' id='word_1_516' title='bbox 2097 3505 2461 3561; x_wconf 86' lang='lat' dir='ltr'><strong>castrationes</strong></span> <span class='ocrx_word' id='word_1_517' title='bbox 2508 3506 2828 3574; x_wconf 86' lang='lat' dir='ltr'><strong>hominum,</strong></span> <span class='ocrx_word' id='word_1_518' title='bbox 2886 3510 3149 3567; x_wconf 81' lang='lat' dir='ltr'><strong>Romanis</strong></span> <span class='ocrx_word' id='word_1_519' title='bbox 3204 3521 3367 3568; x_wconf 87' lang='lat' dir='ltr'><strong>testes</strong></span> <span class='ocrx_word' id='word_1_520' title='bbox 3420 3515 3669 3570; x_wconf 78' lang='lat' dir='ltr'><strong>exscindi</strong></span> 
     </span>
    </p>
   </div>
   <div class='ocr_carea' id='block_1_82' title="bbox 2097 3595 3666 3678">
    <p class='ocr_par' dir='ltr' id='par_1_82' title="bbox 2097 3595 3666 3678">
     <span class='ocr_line' id='line_1_82' title="bbox 2097 3595 3666 3678; baseline 0.008 -30"><span class='ocrx_word' id='word_1_521' title='bbox 2097 3595 2271 3649; x_wconf 90' lang='lat' dir='ltr'><strong>vetuit</strong></span> <span class='ocrx_word' id='word_1_522' title='bbox 2310 3605 2367 3650; x_wconf 91' lang='lat' dir='ltr'><strong>et</strong></span> <span class='ocrx_word' id='word_1_523' title='bbox 2405 3597 2794 3654; x_wconf 80' lang='lat' dir='ltr'><strong>exscindentes</strong></span> <span class='ocrx_word' id='word_1_524' title='bbox 2829 3601 3086 3658; x_wconf 89' lang='lat' dir='ltr'><strong>multatos</strong></span> <span class='ocrx_word' id='word_1_525' title='bbox 3135 3602 3190 3657; x_wconf 89' lang='lat' dir='ltr'><strong>in</strong></span> <span class='ocrx_word' id='word_1_526' title='bbox 3240 3604 3491 3659; x_wconf 85' lang='lat' dir='ltr'><strong>exsilium</strong></span> <span class='ocrx_word' id='word_1_527' title='bbox 3533 3606 3666 3678; x_wconf 84' lang='lat' dir='ltr'><strong>egit.</strong></span> 
     </span>
    </p>
   </div>
   <div class='ocr_carea' id='block_1_83' title="bbox 2093 3683 3667 3769">
    <p class='ocr_par' dir='ltr' id='par_1_83' title="bbox 2093 3683 3667 3769">
     <span class='ocr_line' id='line_1_83' title="bbox 2093 3683 3667 3769; baseline 0.009 -29"><span class='ocrx_word' id='word_1_528' title='bbox 2093 3683 2485 3755; x_wconf 83' lang='lat' dir='ltr'><strong>Saepenumero</strong></span> <span class='ocrx_word' id='word_1_529' title='bbox 2516 3689 2924 3760; x_wconf 85' lang='lat' dir='ltr'><strong>magistratibus</strong></span> <span class='ocrx_word' id='word_1_530' title='bbox 2949 3708 3111 3749; x_wconf 89' lang='lat' dir='ltr'><strong>enses</strong></span> <span class='ocrx_word' id='word_1_531' title='bbox 3124 3696 3313 3751; x_wconf 80' lang='lat' dir='ltr'><strong>‘nudos</strong></span> <span class='ocrx_word' id='word_1_532' title='bbox 3334 3698 3667 3769; x_wconf 80' lang='lat' dir='ltr'><strong>porrigebat,</strong></span> 
     </span>
    </p>
   </div>
   <div class='ocr_carea' id='block_1_84' title="bbox 2094 3776 3668 3855">
    <p class='ocr_par' dir='ltr' id='par_1_84' title="bbox 2094 3776 3668 3855">
     <span class='ocr_line' id='line_1_84' title="bbox 2094 3776 3668 3855; baseline 0.008 -24"><span class='ocrx_word' id='word_1_533' title='bbox 2094 3776 2150 3831; x_wconf 92' lang='lat' dir='ltr'><strong>in</strong></span> <span class='ocrx_word' id='word_1_534' title='bbox 2185 3780 2424 3846; x_wconf 84' lang='lat' dir='ltr'><strong>speciem</strong></span> <span class='ocrx_word' id='word_1_535' title='bbox 2463 3780 2685 3850; x_wconf 83' lang='lat' dir='ltr'><strong>quidem</strong></span> <span class='ocrx_word' id='word_1_536' title='bbox 2719 3791 2779 3837; x_wconf 90' lang='lat' dir='ltr'><strong>ut</strong></span> <span class='ocrx_word' id='word_1_537' title='bbox 2805 3787 3159 3855; x_wconf 84' lang='lat' dir='ltr'><strong>explorarent</strong></span> <span class='ocrx_word' id='word_1_538' title='bbox 3187 3802 3378 3843; x_wconf 91' lang='lat' dir='ltr'><strong>eorum</strong></span> <span class='ocrx_word' id='word_1_539' title='bbox 3415 3805 3668 3853; x_wconf 87' lang='lat' dir='ltr'><strong>acumen,</strong></span> 
     </span>
    </p>
   </div>
   <div class='ocr_carea' id='block_1_85' title="bbox 2094 3868 3667 3950">
    <p class='ocr_par' dir='ltr' id='par_1_85' title="bbox 2094 3868 3667 3950">
     <span class='ocr_line' id='line_1_85' title="bbox 2094 3868 3667 3950; baseline 0.007 -27"><span class='ocrx_word' id='word_1_540' title='bbox 2094 3868 2189 3924; x_wconf 90' lang='lat' dir='ltr'><strong>sed</strong></span> <span class='ocrx_word' id='word_1_541' title='bbox 2230 3885 2418 3926; x_wconf 88' lang='lat' dir='ltr'><strong>revera</strong></span> <span class='ocrx_word' id='word_1_542' title='bbox 2460 3881 2519 3926; x_wconf 90' lang='lat' dir='ltr'><strong>ut</strong></span> <span class='ocrx_word' id='word_1_543' title='bbox 2556 3872 2967 3932; x_wconf 87' lang='lat' dir='ltr'><strong>demonstraret</strong></span> <span class='ocrx_word' id='word_1_544' title='bbox 2998 3893 3343 3950; x_wconf 87' lang='lat' dir='ltr'><strong>nequaquant</strong></span> <span class='ocrx_word' id='word_1_545' title='bbox 3381 3895 3441 3937; x_wconf 89' lang='lat' dir='ltr'><strong>se</strong></span> <span class='ocrx_word' id='word_1_546' title='bbox 3478 3882 3667 3936; x_wconf 82' lang='lat' dir='ltr'><strong>formi-</strong></span> 
     </span>
    </p>
   </div>
   <div class='ocr_carea' id='block_1_86' title="bbox 2092 3958 3665 4041">
    <p class='ocr_par' dir='ltr' id='par_1_86' title="bbox 2092 3958 3665 4041">
     <span class='ocr_line' id='line_1_86' title="bbox 2092 3958 3665 4041; baseline 0.01 -28"><span class='ocrx_word' id='word_1_547' title='bbox 2092 3958 2225 4015; x_wconf 88' lang='lat' dir='ltr'><strong>dare</strong></span> <span class='ocrx_word' id='word_1_548' title='bbox 2261 3976 2331 4023; x_wconf 84' lang='lat' dir='ltr'><strong>ne</strong></span> <span class='ocrx_word' id='word_1_549' title='bbox 2370 3962 2555 4017; x_wconf 89' lang='lat' dir='ltr'><strong>subito</strong></span> <span class='ocrx_word' id='word_1_550' title='bbox 2594 3963 3019 4034; x_wconf 75' lang='lat' dir='ltr'><strong>interficeretur,</strong></span> <span class='ocrx_word' id='word_1_551' title='bbox 3074 3985 3202 4024; x_wconf 90' lang='lat' dir='ltr'><strong>eum</strong></span> <span class='ocrx_word' id='word_1_552' title='bbox 3256 3972 3477 4041; x_wconf 87' lang='lat' dir='ltr'><strong>quidem</strong></span> <span class='ocrx_word' id='word_1_553' title='bbox 3517 3974 3665 4029; x_wconf 51' lang='lat' dir='ltr'><strong>dice-</strong></span> 
     </span>
    </p>
   </div>
   <div class='ocr_carea' id='block_1_87' title="bbox 2090 4051 3531 4117">
    <p class='ocr_par' dir='ltr' id='par_1_87' title="bbox 2090 4051 3531 4117">
     <span class='ocr_line' id='line_1_87' title="bbox 2090 4051 3531 4117; baseline 0.01 -15"><span class='ocrx_word' id='word_1_554' title='bbox 2090 4058 2176 4104; x_wconf 87' lang='lat' dir='ltr'><strong>ret</strong></span> <span class='ocrx_word' id='word_1_555' title='bbox 2224 4051 2435 4106; x_wconf 85' lang='lat' dir='ltr'><strong>nullius</strong></span> <span class='ocrx_word' id='word_1_556' title='bbox 2482 4067 2541 4108; x_wconf 91' lang='lat' dir='ltr'><strong>se</strong></span> <span class='ocrx_word' id='word_1_557' title='bbox 2594 4053 2699 4108; x_wconf 89' lang='lat' dir='ltr'><strong>sibi</strong></span> <span class='ocrx_word' id='word_1_558' title='bbox 2751 4054 3009 4113; x_wconf 77' lang='lat' dir='ltr'><strong>facinoris</strong></span> <span class='ocrx_word' id='word_1_559' title='bbox 3058 4075 3180 4115; x_wconf 82' lang='lat' dir='ltr'><strong>esse</strong></span> <span class='ocrx_word' id='word_1_560' title='bbox 3228 4063 3531 4117; x_wconf 88' lang='lat' dir='ltr'><strong>conscium.</strong></span> 
     </span>
    </p>
   </div>
   <div class='ocr_carea' id='block_1_88' title="bbox 2158 4140 3661 4223">
    <p class='ocr_par' dir='ltr' id='par_1_88' title="bbox 2158 4140 3661 4223">
     <span class='ocr_line' id='line_1_88' title="bbox 2158 4140 3661 4223; baseline 0.008 -27"><span class='ocrx_word' id='word_1_561' title='bbox 2158 4140 2261 4196; x_wconf 88' lang='lat' dir='ltr'><strong>Ubi</strong></span> <span class='ocrx_word' id='word_1_562' title='bbox 2296 4158 2442 4198; x_wconf 91' lang='lat' dir='ltr'><strong>mors</strong></span> <span class='ocrx_word' id='word_1_563' title='bbox 2466 4143 2612 4199; x_wconf 90' lang='lat' dir='ltr'><strong>hunc</strong></span> <span class='ocrx_word' id='word_1_564' title='bbox 2641 4160 2860 4216; x_wconf 89' lang='lat' dir='ltr'><strong>quoque</strong></span> <span class='ocrx_word' id='word_1_565' title='bbox 2892 4150 3146 4204; x_wconf 89' lang='lat' dir='ltr'><strong>celeriter</strong></span> <span class='ocrx_word' id='word_1_566' title='bbox 3170 4151 3506 4222; x_wconf 84' lang='lat' dir='ltr'><strong>abripuisset</strong></span> <span class='ocrx_word' id='word_1_567' title='bbox 3533 4162 3661 4223; x_wconf 89' lang='lat' dir='ltr'><strong>post</strong></span> 
     </span>
    </p>
   </div>
   <div class='ocr_carea' id='block_1_89' title="bbox 2088 4225 3667 4314">
    <p class='ocr_par' dir='ltr' id='par_1_89' title="bbox 2088 4225 3667 4314">
     <span class='ocr_line' id='line_1_89' title="bbox 2088 4225 3667 4314; baseline 0.008 -28"><span class='ocrx_word' id='word_1_568' title='bbox 2088 4247 2290 4287; x_wconf 87' lang='lat' dir='ltr'><strong>annum</strong></span> <span class='ocrx_word' id='word_1_569' title='bbox 2321 4225 2536 4305; x_wconf 86' lang='lat' dir='ltr'><strong>imperii</strong></span> <span class='ocrx_word' id='word_1_570' title='bbox 2552 4245 2786 4306; x_wconf 84' lang='lat' dir='ltr'><strong>primum</strong></span> <span class='ocrx_word' id='word_1_571' title='bbox 2810 4254 2866 4294; x_wconf 86' lang='lat' dir='ltr'><strong>et</strong></span> <span class='ocrx_word' id='word_1_572' title='bbox 2892 4255 3108 4295; x_wconf 84' lang='lat' dir='ltr'><strong>menses</strong></span> <span class='ocrx_word' id='word_1_573' title='bbox 3131 4243 3667 4314; x_wconf 81' lang='lat' dir='ltr'><strong>quatuor,Trajanus</strong></span> 
     </span>
    </p>
   </div>
   <div class='ocr_carea' id='block_1_90' title="bbox 2088 4323 3664 4403">
    <p class='ocr_par' dir='ltr' id='par_1_90' title="bbox 2088 4323 3664 4403">
     <span class='ocr_line' id='line_1_90' title="bbox 2088 4323 3664 4403; baseline 0.007 -25"><span class='ocrx_word' id='word_1_574' title='bbox 2088 4323 2266 4378; x_wconf 90' lang='lat' dir='ltr'><strong>eidem</strong></span> <span class='ocrx_word' id='word_1_575' title='bbox 2302 4328 2583 4393; x_wconf 88' lang='lat' dir='ltr'><strong>successit,</strong></span> <span class='ocrx_word' id='word_1_576' title='bbox 2617 4331 2703 4384; x_wconf 89' lang='lat' dir='ltr'><strong>vir</strong></span> <span class='ocrx_word' id='word_1_577' title='bbox 2728 4331 2806 4384; x_wconf 90' lang='lat' dir='ltr'><strong>rei</strong></span> <span class='ocrx_word' id='word_1_578' title='bbox 2833 4331 3088 4385; x_wconf 88' lang='lat' dir='ltr'><strong>militaris</strong></span> <span class='ocrx_word' id='word_1_579' title='bbox 3116 4333 3504 4403; x_wconf 86' lang='lat' dir='ltr'><strong>peritissimus,</strong></span> <span class='ocrx_word' id='word_1_580' title='bbox 3536 4350 3664 4389; x_wconf 84' lang='lat' dir='ltr'><strong>sex-</strong></span> 
     </span>
    </p>
   </div>
   <div class='ocr_carea' id='block_1_91' title="bbox 420 4386 1990 4495">
    <p class='ocr_par' dir='ltr' id='par_1_91' title="bbox 420 4386 1986 4461">
     <span class='ocr_line' id='line_1_91' title="bbox 420 4386 1986 4461; baseline 0.009 -22"><span class='ocrx_word' id='word_1_581' title='bbox 420 4386 618 4456; x_wconf 76' lang='lat' dir='ltr'><strong>vulgus</strong></span> <span class='ocrx_word' id='word_1_582' title='bbox 646 4386 957 4455; x_wconf 89' lang='lat' dir='ltr'><strong>hominum,</strong></span> <span class='ocrx_word' id='word_1_583' title='bbox 990 4390 1272 4456; x_wconf 84' lang='lat' dir='ltr'><strong>satellites,</strong></span> <span class='ocrx_word' id='word_1_584' title='bbox 1309 4392 1347 4445; x_wconf 92' lang='lat' dir='ltr'><strong>ii</strong></span> <span class='ocrx_word' id='word_1_585' title='bbox 1378 4393 1472 4461; x_wconf 93' lang='lat' dir='ltr'><strong>qui</strong></span> <span class='ocrx_word' id='word_1_586' title='bbox 1503 4396 1777 4449; x_wconf 89' lang='lat' dir='ltr'><strong>caminum</strong></span> <span class='ocrx_word' id='word_1_587' title='bbox 1813 4406 1986 4453; x_wconf 86' lang='lat' dir='ltr'><strong>mate-</strong></span> 
     </span>
    </p>
   </div>
   <div class='ocr_carea' id='block_1_92' title="bbox 2091 4386 3666 4495">
    <p class='ocr_par' dir='ltr' id='par_1_92' title="bbox 2093 4415 3666 4495">
     <span class='ocr_line' id='line_1_92' title="bbox 2093 4415 3666 4495; baseline 0.008 -28"><span class='ocrx_word' id='word_1_588' title='bbox 2093 4415 2485 4485; x_wconf 86' lang='lat' dir='ltr'><strong>centispotitus</strong></span> <span class='ocrx_word' id='word_1_589' title='bbox 2500 4418 2768 4485; x_wconf 76' lang='lat' dir='ltr'><strong>victoriis,</strong></span> <span class='ocrx_word' id='word_1_590' title='bbox 2786 4419 2962 4485; x_wconf 82' lang='lat' dir='ltr'><strong>fortis,</strong></span> <span class='ocrx_word' id='word_1_591' title='bbox 2996 4425 3398 4493; x_wconf 87' lang='lat' dir='ltr'><strong>magnanimus,</strong></span> <span class='ocrx_word' id='word_1_592' title='bbox 3432 4439 3666 4495; x_wconf 89' lang='lat' dir='ltr'><strong>genero-</strong></span> 
     </span>
    </p>
   </div>
   <div class='ocr_carea' id='block_1_93' title="bbox 421 4477 1986 4554">
    <p class='ocr_par' dir='ltr' id='par_1_93' title="bbox 421 4477 1986 4554">
     <span class='ocr_line' id='line_1_93' title="bbox 421 4477 1986 4554; baseline 0.008 -22"><span class='ocrx_word' id='word_1_593' title='bbox 421 4477 504 4532; x_wconf 75' lang='lat' dir='ltr'><strong>nie</strong></span> <span class='ocrx_word' id='word_1_594' title='bbox 535 4484 788 4549; x_wconf 80' lang='lat' dir='ltr'><strong>suggesta</strong></span> <span class='ocrx_word' id='word_1_595' title='bbox 812 4477 1245 4546; x_wconf 82' lang='lat' dir='ltr'><strong>inﬂammabant,</strong></span> <span class='ocrx_word' id='word_1_596' title='bbox 1279 4482 1383 4550; x_wconf 90' lang='lat' dir='ltr'><strong>ipsi</strong></span> <span class='ocrx_word' id='word_1_597' title='bbox 1412 4484 1649 4554; x_wconf 84' lang='lat' dir='ltr'><strong>denique</strong></span> <span class='ocrx_word' id='word_1_598' title='bbox 1682 4488 1986 4545; x_wconf 83' lang='lat' dir='ltr'><strong>carniﬁces.</strong></span> 
     </span>
    </p>
   </div>
   <div class='ocr_carea' id='block_1_94' title="bbox 418 4566 1988 4648">
    <p class='ocr_par' dir='ltr' id='par_1_94' title="bbox 418 4566 1988 4648">
     <span class='ocr_line' id='line_1_94' title="bbox 418 4566 1988 4648; baseline 0.008 -27"><span class='ocrx_word' id='word_1_599' title='bbox 418 4566 502 4622; x_wconf 83' lang='lat' dir='ltr'><strong>Ad</strong></span> <span class='ocrx_word' id='word_1_600' title='bbox 528 4576 834 4623; x_wconf 75' lang='lat' dir='ltr'><strong>extremum</strong></span> <span class='ocrx_word' id='word_1_601' title='bbox 862 4568 1038 4624; x_wconf 87' lang='lat' dir='ltr'><strong>imber</strong></span> <span class='ocrx_word' id='word_1_602' title='bbox 1058 4571 1329 4625; x_wconf 77' lang='lat' dir='ltr'><strong>maximus</strong></span> <span class='ocrx_word' id='word_1_603' title='bbox 1349 4571 1417 4626; x_wconf 93' lang='lat' dir='ltr'><strong>de</strong></span> <span class='ocrx_word' id='word_1_604' title='bbox 1440 4574 1580 4628; x_wconf 84' lang='lat' dir='ltr'><strong>coelo</strong></span> <span class='ocrx_word' id='word_1_605' title='bbox 1603 4574 1790 4645; x_wconf 89' lang='lat' dir='ltr'><strong>lapsus</strong></span> <span class='ocrx_word' id='word_1_606' title='bbox 1810 4577 1988 4648; x_wconf 87' lang='lat' dir='ltr'><strong>ignem</strong></span> 
     </span>
    </p>
   </div>
   <div class='ocr_carea' id='block_1_95' title="bbox 406 4657 1991 4737">
    <p class='ocr_par' dir='ltr' id='par_1_95' title="bbox 406 4657 1991 4737">
     <span class='ocr_line' id='line_1_95' title="bbox 406 4657 1991 4737; baseline 0.007 -24"><span class='ocrx_word' id='word_1_607' title='bbox 406 4657 699 4724; x_wconf 67' lang='lat' dir='ltr'><strong>exstinxit,</strong></span> <span class='ocrx_word' id='word_1_608' title='bbox 725 4674 1002 4729; x_wconf 87' lang='lat' dir='ltr'><strong>canesque</strong></span> <span class='ocrx_word' id='word_1_609' title='bbox 1029 4660 1485 4730; x_wconf 86' lang='lat' dir='ltr'><strong>supervenientes</strong></span> <span class='ocrx_word' id='word_1_610' title='bbox 1501 4664 1612 4737; x_wconf 66' lang='grc'><strong>44</strong></span> <span class='ocrx_word' id='word_1_611' title='bbox 1636 4668 1842 4723; x_wconf 81' lang='lat' dir='ltr'><strong>arrosis</strong></span> <span class='ocrx_word' id='word_1_612' title='bbox 1870 4671 1991 4724; x_wconf 89' lang='lat' dir='ltr'><strong>vin-</strong></span> 
     </span>
    </p>
   </div>
   <div class='ocr_carea' id='block_1_96' title="bbox 408 4738 1988 4829">
    <p class='ocr_par' dir='ltr' id='par_1_96' title="bbox 408 4738 1988 4829">
     <span class='ocr_line' id='line_1_96' title="bbox 408 4738 1988 4829; baseline 0.006 -24"><span class='ocrx_word' id='word_1_613' title='bbox 408 4748 562 4805; x_wconf 81' lang='lat' dir='ltr'><strong>culis</strong></span> <span class='ocrx_word' id='word_1_614' title='bbox 589 4738 918 4822; x_wconf 86' lang='lat' dir='ltr'><strong>astrologum</strong></span> <span class='ocrx_word' id='word_1_615' title='bbox 945 4764 1106 4819; x_wconf 89' lang='lat' dir='ltr'><strong>opem</strong></span> <span class='ocrx_word' id='word_1_616' title='bbox 1132 4750 1374 4807; x_wconf 88' lang='lat' dir='ltr'><strong>divinam</strong></span> <span class='ocrx_word' id='word_1_617' title='bbox 1420 4756 1642 4811; x_wconf 82' lang='lat' dir='ltr'><strong>assiduo</strong></span> <span class='ocrx_word' id='word_1_618' title='bbox 1686 4757 1988 4829; x_wconf 85' lang='lat' dir='ltr'><strong>imploran-</strong></span> 
     </span>
    </p>
   </div>
   <div class='ocr_carea' id='block_1_97' title="bbox 418 4840 1981 4914">
    <p class='ocr_par' dir='ltr' id='par_1_97' title="bbox 418 4840 1981 4914">
     <span class='ocr_line' id='line_1_97' title="bbox 418 4840 1981 4914; baseline 0.009 -21"><span class='ocrx_word' id='word_1_619' title='bbox 418 4848 529 4896; x_wconf 86' lang='lat' dir='ltr'><strong>tem</strong></span> <span class='ocrx_word' id='word_1_620' title='bbox 560 4840 889 4896; x_wconf 89' lang='lat' dir='ltr'><strong>liberarunt.</strong></span> <span class='ocrx_word' id='word_1_621' title='bbox 921 4841 1201 4912; x_wconf 74' lang='lat' dir='ltr'><strong>Ejusmodi</strong></span> <span class='ocrx_word' id='word_1_622' title='bbox 1247 4844 1506 4914; x_wconf 86' lang='lat' dir='ltr'><strong>quiddam</strong></span> <span class='ocrx_word' id='word_1_623' title='bbox 1547 4847 1675 4903; x_wconf 86' lang='lat' dir='ltr'><strong>huic</strong></span> <span class='ocrx_word' id='word_1_624' title='bbox 1703 4850 1822 4904; x_wconf 84' lang='lat' dir='ltr'><strong>viro</strong></span> <span class='ocrx_word' id='word_1_625' title='bbox 1855 4866 1981 4908; x_wconf 86' lang='lat' dir='ltr'><strong>con-</strong></span> 
     </span>
    </p>
   </div>
   <div class='ocr_carea' id='block_1_98' title="bbox 421 4928 1980 5008">
    <p class='ocr_par' dir='ltr' id='par_1_98' title="bbox 421 4928 1980 5008">
     <span class='ocr_line' id='line_1_98' title="bbox 421 4928 1980 5008; baseline 0.008 -25"><span class='ocrx_word' id='word_1_626' title='bbox 421 4928 562 4998; x_wconf 87' lang='lat' dir='ltr'><strong>tigit.</strong></span> <span class='ocrx_word' id='word_1_627' title='bbox 610 4928 733 4998; x_wconf 86' lang='lat' dir='ltr'><strong>Ipsa</strong></span> <span class='ocrx_word' id='word_1_628' title='bbox 771 4944 903 4984; x_wconf 87' lang='lat' dir='ltr'><strong>vero</strong></span> <span class='ocrx_word' id='word_1_629' title='bbox 943 4929 1157 4996; x_wconf 88' lang='lat' dir='ltr'><strong>bellua,</strong></span> <span class='ocrx_word' id='word_1_630' title='bbox 1211 4932 1429 4989; x_wconf 88' lang='lat' dir='ltr'><strong>leonina</strong></span> <span class='ocrx_word' id='word_1_631' title='bbox 1474 4935 1680 4992; x_wconf 78' lang='lat' dir='ltr'><strong>ferocia</strong></span> <span class='ocrx_word' id='word_1_632' title='bbox 1731 4940 1980 5008; x_wconf 67' lang='lat' dir='ltr'><strong>prmdita,</strong></span> 
     </span>
    </p>
   </div>
   <div class='ocr_carea' id='block_1_99' title="bbox 410 5019 1985 5099">
    <p class='ocr_par' dir='ltr' id='par_1_99' title="bbox 410 5019 1985 5099">
     <span class='ocr_line' id='line_1_99' title="bbox 410 5019 1985 5099; baseline 0.008 -24"><span class='ocrx_word' id='word_1_633' title='bbox 410 5036 546 5075; x_wconf 79' lang='lat' dir='ltr'><strong>cum</strong></span> <span class='ocrx_word' id='word_1_634' title='bbox 578 5019 798 5077; x_wconf 83' lang='lat' dir='ltr'><strong>vivendi</strong></span> <span class='ocrx_word' id='word_1_635' title='bbox 829 5021 991 5076; x_wconf 81' lang='lat' dir='ltr'><strong>linem</strong></span> <span class='ocrx_word' id='word_1_636' title='bbox 1018 5021 1227 5078; x_wconf 83' lang='lat' dir='ltr'><strong>factura</strong></span> <span class='ocrx_word' id='word_1_637' title='bbox 1253 5034 1433 5089; x_wconf 87' lang='lat' dir='ltr'><strong>esset,</strong></span> <span class='ocrx_word' id='word_1_638' title='bbox 1478 5042 1578 5096; x_wconf 89' lang='lat' dir='ltr'><strong>per</strong></span> <span class='ocrx_word' id='word_1_639' title='bbox 1621 5030 1863 5099; x_wconf 88' lang='lat' dir='ltr'><strong>quietem</strong></span> <span class='ocrx_word' id='word_1_640' title='bbox 1903 5032 1985 5086; x_wconf 87' lang='lat' dir='ltr'><strong>vi-</strong></span> 
     </span>
    </p>
   </div>
   <div class='ocr_carea' id='block_1_100' title="bbox 412 5111 1982 5183">
    <p class='ocr_par' dir='ltr' id='par_1_100' title="bbox 412 5111 1982 5183">
     <span class='ocr_line' id='line_1_100' title="bbox 412 5111 1982 5183; baseline 0.01 -20"><span class='ocrx_word' id='word_1_641' title='bbox 412 5111 550 5165; x_wconf 87' lang='lat' dir='ltr'><strong>dere</strong></span> <span class='ocrx_word' id='word_1_642' title='bbox 571 5111 688 5164; x_wconf 81' lang='lat' dir='ltr'><strong>visa</strong></span> <span class='ocrx_word' id='word_1_643' title='bbox 710 5118 794 5165; x_wconf 87' lang='lat' dir='ltr'><strong>est</strong></span> <span class='ocrx_word' id='word_1_644' title='bbox 827 5125 887 5166; x_wconf 85' lang='lat' dir='ltr'><strong>se</strong></span> <span class='ocrx_word' id='word_1_645' title='bbox 913 5123 1112 5167; x_wconf 84' lang='lat' dir='ltr'><strong>ornatu</strong></span> <span class='ocrx_word' id='word_1_646' title='bbox 1140 5113 1492 5183; x_wconf 88' lang='lat' dir='ltr'><strong>imperatorio</strong></span> <span class='ocrx_word' id='word_1_647' title='bbox 1519 5123 1771 5175; x_wconf 87' lang='lat' dir='ltr'><strong>vestitam</strong></span> <span class='ocrx_word' id='word_1_648' title='bbox 1797 5137 1982 5177; x_wconf 86' lang='lat' dir='ltr'><strong>ascen-</strong></span> 
     </span>
    </p>
   </div>
   <div class='ocr_carea' id='block_1_101' title="bbox 408 5200 1986 5280">
    <p class='ocr_par' dir='ltr' id='par_1_101' title="bbox 408 5200 1986 5280">
     <span class='ocr_line' id='line_1_101' title="bbox 408 5200 1986 5280; baseline 0.008 -25"><span class='ocrx_word' id='word_1_649' title='bbox 408 5201 549 5257; x_wconf 80' lang='lat' dir='ltr'><strong>dere</strong></span> <span class='ocrx_word' id='word_1_650' title='bbox 597 5202 812 5271; x_wconf 88' lang='lat' dir='ltr'><strong>nigrum</strong></span> <span class='ocrx_word' id='word_1_651' title='bbox 868 5200 923 5258; x_wconf 88' lang='lat' dir='ltr'><strong>in</strong></span> <span class='ocrx_word' id='word_1_652' title='bbox 984 5218 1221 5272; x_wconf 85' lang='lat' dir='ltr'><strong>equum,</strong></span> <span class='ocrx_word' id='word_1_653' title='bbox 1291 5207 1458 5262; x_wconf 88' lang='lat' dir='ltr'><strong>armis</strong></span> <span class='ocrx_word' id='word_1_654' title='bbox 1505 5209 1744 5280; x_wconf 89' lang='lat' dir='ltr'><strong>undique</strong></span> <span class='ocrx_word' id='word_1_655' title='bbox 1800 5214 1986 5268; x_wconf 90' lang='lat' dir='ltr'><strong>muni-</strong></span> 
     </span>
    </p>
   </div>
   <div class='ocr_carea' id='block_1_102' title="bbox 416 5297 1987 5367">
    <p class='ocr_par' dir='ltr' id='par_1_102' title="bbox 416 5297 1987 5367">
     <span class='ocr_line' id='line_1_102' title="bbox 416 5297 1987 5367; baseline 0.01 -21"><span class='ocrx_word' id='word_1_656' title='bbox 416 5302 560 5356; x_wconf 84' lang='lat' dir='ltr'><strong>tam,</strong></span> <span class='ocrx_word' id='word_1_657' title='bbox 599 5307 720 5362; x_wconf 68' lang='lat' dir='ltr'><strong>qua:</strong></span> <span class='ocrx_word' id='word_1_658' title='bbox 768 5308 891 5347; x_wconf 89' lang='lat' dir='ltr'><strong>cum</strong></span> <span class='ocrx_word' id='word_1_659' title='bbox 944 5309 1072 5348; x_wconf 88' lang='lat' dir='ltr'><strong>casu</strong></span> <span class='ocrx_word' id='word_1_660' title='bbox 1125 5297 1363 5364; x_wconf 87' lang='lat' dir='ltr'><strong>quodam</strong></span> <span class='ocrx_word' id='word_1_661' title='bbox 1410 5300 1703 5367; x_wconf 87' lang='lat' dir='ltr'><strong>amisisset,</strong></span> <span class='ocrx_word' id='word_1_662' title='bbox 1741 5304 1795 5358; x_wconf 91' lang='lat' dir='ltr'><strong>iu</strong></span> <span class='ocrx_word' id='word_1_663' title='bbox 1835 5305 1987 5361; x_wconf 90' lang='lat' dir='ltr'><strong>hiatu</strong></span> 
     </span>
    </p>
   </div>
   <div class='ocr_carea' id='block_1_103' title="bbox 420 5373 1988 5458">
    <p class='ocr_par' dir='ltr' id='par_1_103' title="bbox 420 5373 1988 5458">
     <span class='ocr_line' id='line_1_103' title="bbox 420 5373 1988 5458; baseline 0.01 -23"><span class='ocrx_word' id='word_1_664' title='bbox 420 5391 578 5435; x_wconf 70' lang='lat' dir='ltr'><strong>terrae</strong></span> <span class='ocrx_word' id='word_1_665' title='bbox 632 5381 960 5451; x_wconf 61' lang='lat' dir='ltr'><strong>praecipitari</strong></span> <span class='ocrx_word' id='word_1_666' title='bbox 1012 5398 1071 5438; x_wconf 90' lang='lat' dir='ltr'><strong>se</strong></span> <span class='ocrx_word' id='word_1_667' title='bbox 1140 5373 1337 5442; x_wconf 82' lang='lat' dir='ltr'><strong>misere</strong></span> <span class='ocrx_word' id='word_1_668' title='bbox 1405 5390 1630 5458; x_wconf 79' lang='lat' dir='ltr'><strong>putabat</strong></span> <span class='ocrx_word' id='word_1_669' title='bbox 1703 5408 1809 5448; x_wconf 92' lang='lat' dir='ltr'><strong>una</strong></span> <span class='ocrx_word' id='word_1_670' title='bbox 1863 5413 1988 5451; x_wconf 92' lang='lat' dir='ltr'><strong>cum</strong></span> 
     </span>
    </p>
   </div>
   <div class='ocr_carea' id='block_1_104' title="bbox 2096 4505 3661 4584">
    <p class='ocr_par' dir='ltr' id='par_1_104' title="bbox 2096 4505 3661 4584">
     <span class='ocr_line' id='line_1_104' title="bbox 2096 4505 3661 4584; baseline 0.007 -26"><span class='ocrx_word' id='word_1_671' title='bbox 2096 4519 2209 4567; x_wconf 87' lang='lat' dir='ltr'><strong>sus,</strong></span> <span class='ocrx_word' id='word_1_672' title='bbox 2244 4505 2449 4563; x_wconf 89' lang='lat' dir='ltr'><strong>duellis</strong></span> <span class='ocrx_word' id='word_1_673' title='bbox 2492 4524 2660 4566; x_wconf 89' lang='lat' dir='ltr'><strong>ausus</strong></span> <span class='ocrx_word' id='word_1_674' title='bbox 2692 4526 2816 4566; x_wconf 90' lang='lat' dir='ltr'><strong>cum</strong></span> <span class='ocrx_word' id='word_1_675' title='bbox 2848 4512 3003 4567; x_wconf 88' lang='lat' dir='ltr'><strong>hoste</strong></span> <span class='ocrx_word' id='word_1_676' title='bbox 3034 4515 3312 4584; x_wconf 90' lang='lat' dir='ltr'><strong>congredi,</strong></span> <span class='ocrx_word' id='word_1_677' title='bbox 3346 4516 3661 4583; x_wconf 86' lang='lat' dir='ltr'><strong>incorrupta</strong></span> 
     </span>
    </p>
   </div>
   <div class='ocr_carea' id='block_1_105' title="bbox 2090 4591 3657 4670">
    <p class='ocr_par' dir='ltr' id='par_1_105' title="bbox 2090 4591 3657 4670">
     <span class='ocr_line' id='line_1_105' title="bbox 2090 4591 3657 4670; baseline 0.008 -25"><span class='ocrx_word' id='word_1_678' title='bbox 2090 4591 2145 4646; x_wconf 92' lang='lat' dir='ltr'><strong>in</strong></span> <span class='ocrx_word' id='word_1_679' title='bbox 2179 4593 2406 4664; x_wconf 81' lang='lat' dir='ltr'><strong>judiciis</strong></span> <span class='ocrx_word' id='word_1_680' title='bbox 2435 4607 2642 4653; x_wconf 85' lang='lat' dir='ltr'><strong>statera</strong></span> <span class='ocrx_word' id='word_1_681' title='bbox 2667 4600 2914 4670; x_wconf 66' lang='lat' dir='ltr'><strong>justitiaa.</strong></span> <span class='ocrx_word' id='word_1_682' title='bbox 2953 4603 3048 4657; x_wconf 88' lang='lat' dir='ltr'><strong>llic</strong></span> <span class='ocrx_word' id='word_1_683' title='bbox 3089 4605 3330 4659; x_wconf 89' lang='lat' dir='ltr'><strong>cervices</strong></span> <span class='ocrx_word' id='word_1_684' title='bbox 3359 4602 3657 4668; x_wconf 86' lang='lat' dir='ltr'><strong>Celtarum,</strong></span> 
     </span>
    </p>
   </div>
   <div class='ocr_carea' id='block_1_106' title="bbox 2089 4686 3654 4762">
    <p class='ocr_par' dir='ltr' id='par_1_106' title="bbox 2089 4686 3654 4762">
     <span class='ocr_line' id='line_1_106' title="bbox 2089 4686 3654 4762; baseline 0.01 -27"><span class='ocrx_word' id='word_1_685' title='bbox 2089 4697 2213 4751; x_wconf 62' lang='lat' dir='ltr'><strong>quae</strong></span> <span class='ocrx_word' id='word_1_686' title='bbox 2240 4693 2398 4739; x_wconf 89' lang='lat' dir='ltr'><strong>antea</strong></span> <span class='ocrx_word' id='word_1_687' title='bbox 2438 4686 2585 4743; x_wconf 89' lang='lat' dir='ltr'><strong>ﬂecti</strong></span> <span class='ocrx_word' id='word_1_688' title='bbox 2632 4705 2742 4744; x_wconf 87' lang='lat' dir='ltr'><strong>non</strong></span> <span class='ocrx_word' id='word_1_689' title='bbox 2779 4702 3056 4762; x_wconf 89' lang='lat' dir='ltr'><strong>poterant,</strong></span> <span class='ocrx_word' id='word_1_690' title='bbox 3087 4692 3277 4747; x_wconf 75' lang='lat' dir='ltr'><strong>ﬂexit:</strong></span> <span class='ocrx_word' id='word_1_691' title='bbox 3314 4693 3401 4748; x_wconf 90' lang='lat' dir='ltr'><strong>hic</strong></span> <span class='ocrx_word' id='word_1_692' title='bbox 3435 4692 3654 4749; x_wconf 76' lang='lat' dir='ltr'><strong>bellico~</strong></span> 
     </span>
    </p>
   </div>
   <div class='ocr_carea' id='block_1_107' title="bbox 2092 4778 3632 4853">
    <p class='ocr_par' dir='ltr' id='par_1_107' title="bbox 2092 4778 3632 4853">
     <span class='ocr_line' id='line_1_107' title="bbox 2092 4778 3632 4853; baseline 0.006 -24"><span class='ocrx_word' id='word_1_693' title='bbox 2092 4787 2278 4831; x_wconf 88' lang='lat' dir='ltr'><strong>sorum</strong></span> <span class='ocrx_word' id='word_1_694' title='bbox 2318 4778 2647 4835; x_wconf 89' lang='lat' dir='ltr'><strong>Parthorum</strong></span> <span class='ocrx_word' id='word_1_695' title='bbox 2681 4781 2917 4851; x_wconf 89' lang='lat' dir='ltr'><strong>impetus</strong></span> <span class='ocrx_word' id='word_1_696' title='bbox 2957 4783 3235 4853; x_wconf 86' lang='lat' dir='ltr'><strong>repressit,</strong></span> <span class='ocrx_word' id='word_1_697' title='bbox 3267 4784 3361 4853; x_wconf 91' lang='lat' dir='ltr'><strong>qui</strong></span> <span class='ocrx_word' id='word_1_698' title='bbox 3388 4783 3490 4838; x_wconf 82' lang='lat' dir='ltr'><strong>hoc</strong></span> <span class='ocrx_word' id='word_1_699' title='bbox 3523 4793 3632 4839; x_wconf 91' lang='lat' dir='ltr'><strong>tem</strong></span> 
     </span>
    </p>
   </div>
   <div class='ocr_carea' id='block_1_108' title="bbox 2090 4868 3665 4942">
    <p class='ocr_par' dir='ltr' id='par_1_108' title="bbox 2090 4868 3665 4942">
     <span class='ocr_line' id='line_1_108' title="bbox 2090 4868 3665 4942; baseline 0.008 -22"><span class='ocrx_word' id='word_1_700' title='bbox 2090 4882 2224 4935; x_wconf 91' lang='lat' dir='ltr'><strong>pore</strong></span> <span class='ocrx_word' id='word_1_701' title='bbox 2263 4868 2422 4940; x_wconf 89' lang='lat' dir='ltr'><strong>longe</strong></span> <span class='ocrx_word' id='word_1_702' title='bbox 2469 4870 2687 4942; x_wconf 88' lang='lat' dir='ltr'><strong>lateque</strong></span> <span class='ocrx_word' id='word_1_703' title='bbox 2759 4873 2943 4929; x_wconf 81' lang='lat' dir='ltr'><strong>diﬂ‘usi</strong></span> <span class='ocrx_word' id='word_1_704' title='bbox 2995 4874 3278 4929; x_wconf 89' lang='lat' dir='ltr'><strong>universos</strong></span> <span class='ocrx_word' id='word_1_705' title='bbox 3326 4874 3466 4931; x_wconf 76' lang='lat' dir='ltr'><strong>Asia:</strong></span> <span class='ocrx_word' id='word_1_706' title='bbox 3524 4876 3665 4932; x_wconf 85' lang='lat' dir='ltr'><strong>ﬁnes</strong></span> 
     </span>
    </p>
   </div>
   <div class='ocr_carea' id='block_1_109' title="bbox 2092 4961 3662 5038">
    <p class='ocr_par' dir='ltr' id='par_1_109' title="bbox 2092 4961 3662 5038">
     <span class='ocr_line' id='line_1_109' title="bbox 2092 4961 3662 5038; baseline 0.007 -25"><span class='ocrx_word' id='word_1_707' title='bbox 2092 4961 2517 5029; x_wconf 87' lang='lat' dir='ltr'><strong>populabantur,</strong></span> <span class='ocrx_word' id='word_1_708' title='bbox 2552 4966 2919 5021; x_wconf 79' lang='lat' dir='ltr'><strong>excurrebant</strong></span> <span class='ocrx_word' id='word_1_709' title='bbox 2956 4966 3217 5035; x_wconf 88' lang='lat' dir='ltr'><strong>undique,</strong></span> <span class='ocrx_word' id='word_1_710' title='bbox 3250 4968 3427 5023; x_wconf 69' lang='lat' dir='ltr'><strong>caedes</strong></span> <span class='ocrx_word' id='word_1_711' title='bbox 3465 4983 3662 5038; x_wconf 83' lang='lat' dir='ltr'><strong>perpe-</strong></span> 
     </span>
    </p>
   </div>
   <div class='ocr_carea' id='block_1_110' title="bbox 2093 5050 3662 5126">
    <p class='ocr_par' dir='ltr' id='par_1_110' title="bbox 2093 5050 3662 5126">
     <span class='ocr_line' id='line_1_110' title="bbox 2093 5050 3662 5126; baseline 0.006 -24"><span class='ocrx_word' id='word_1_712' title='bbox 2093 5050 2331 5113; x_wconf 88' lang='lat' dir='ltr'><strong>trabant,</strong></span> <span class='ocrx_word' id='word_1_713' title='bbox 2363 5050 2601 5108; x_wconf 83' lang='lat' dir='ltr'><strong>ﬂammis</strong></span> <span class='ocrx_word' id='word_1_714' title='bbox 2633 5054 2994 5110; x_wconf 87' lang='lat' dir='ltr'><strong>absumebant</strong></span> <span class='ocrx_word' id='word_1_715' title='bbox 3020 5056 3224 5121; x_wconf 84' lang='lat' dir='ltr'><strong>omnia,</strong></span> <span class='ocrx_word' id='word_1_716' title='bbox 3257 5058 3452 5111; x_wconf 85' lang='lat' dir='ltr'><strong>castris</strong></span> <span class='ocrx_word' id='word_1_717' title='bbox 3485 5057 3552 5111; x_wconf 89' lang='lat' dir='ltr'><strong>ad</strong></span> <span class='ocrx_word' id='word_1_718' title='bbox 3584 5058 3662 5126; x_wconf 81' lang='lat' dir='ltr'><strong>ip-</strong></span> 
     </span>
    </p>
   </div>
   <div class='ocr_carea' id='block_1_111' title="bbox 2091 5141 3657 5216">
    <p class='ocr_par' dir='ltr' id='par_1_111' title="bbox 2091 5141 3657 5216">
     <span class='ocr_line' id='line_1_111' title="bbox 2091 5141 3657 5216; baseline 0.003 -22"><span class='ocrx_word' id='word_1_719' title='bbox 2091 5156 2212 5194; x_wconf 90' lang='lat' dir='ltr'><strong>sum</strong></span> <span class='ocrx_word' id='word_1_720' title='bbox 2252 5141 2586 5211; x_wconf 85' lang='lat' dir='ltr'><strong>Euphratem</strong></span> <span class='ocrx_word' id='word_1_721' title='bbox 2638 5147 2922 5213; x_wconf 87' lang='lat' dir='ltr'><strong>promotis.</strong></span> <span class='ocrx_word' id='word_1_722' title='bbox 2955 5146 3030 5200; x_wconf 86' lang='lat' dir='ltr'><strong>Ea</strong></span> <span class='ocrx_word' id='word_1_723' title='bbox 3078 5161 3202 5200; x_wconf 92' lang='lat' dir='ltr'><strong>cum</strong></span> <span class='ocrx_word' id='word_1_724' title='bbox 3248 5147 3318 5201; x_wconf 86' lang='lat' dir='ltr'><strong>ab</strong></span> <span class='ocrx_word' id='word_1_725' title='bbox 3349 5146 3482 5216; x_wconf 84' lang='lat' dir='ltr'><strong>ipsis</strong></span> <span class='ocrx_word' id='word_1_726' title='bbox 3509 5148 3657 5202; x_wconf 89' lang='lat' dir='ltr'><strong>desi-</strong></span> 
     </span>
    </p>
   </div>
   <div class='ocr_carea' id='block_1_112' title="bbox 2088 5228 3658 5303">
    <p class='ocr_par' dir='ltr' id='par_1_112' title="bbox 2088 5228 3658 5303">
     <span class='ocr_line' id='line_1_112' title="bbox 2088 5228 3658 5303; baseline 0.004 -23"><span class='ocrx_word' id='word_1_727' title='bbox 2088 5235 2246 5296; x_wconf 85' lang='lat' dir='ltr'><strong>gnata</strong></span> <span class='ocrx_word' id='word_1_728' title='bbox 2276 5228 2543 5296; x_wconf 85' lang='lat' dir='ltr'><strong>Trajanus</strong></span> <span class='ocrx_word' id='word_1_729' title='bbox 2592 5232 2917 5300; x_wconf 86' lang='lat' dir='ltr'><strong>accepisset,</strong></span> <span class='ocrx_word' id='word_1_730' title='bbox 2950 5249 3182 5303; x_wconf 72' lang='lat' dir='ltr'><strong>quaeque</strong></span> <span class='ocrx_word' id='word_1_731' title='bbox 3224 5234 3369 5290; x_wconf 77' lang='lat' dir='ltr'><strong>foret</strong></span> <span class='ocrx_word' id='word_1_732' title='bbox 3423 5235 3658 5302; x_wconf 87' lang='lat' dir='ltr'><strong>impetus</strong></span> 
     </span>
    </p>
   </div>
   <div class='ocr_carea' id='block_1_113' title="bbox 2089 5318 3657 5392">
    <p class='ocr_par' dir='ltr' id='par_1_113' title="bbox 2089 5318 3657 5392">
     <span class='ocr_line' id='line_1_113' title="bbox 2089 5318 3657 5392; baseline 0.003 -21"><span class='ocrx_word' id='word_1_733' title='bbox 2089 5318 2325 5372; x_wconf 73' lang='lat' dir='ltr'><strong>l‘arthici</strong></span> <span class='ocrx_word' id='word_1_734' title='bbox 2377 5319 2606 5374; x_wconf 85' lang='lat' dir='ltr'><strong>audacia</strong></span> <span class='ocrx_word' id='word_1_735' title='bbox 2649 5323 3016 5392; x_wconf 83' lang='lat' dir='ltr'><strong>cognovisset,</strong></span> <span class='ocrx_word' id='word_1_736' title='bbox 3067 5325 3135 5377; x_wconf 88' lang='lat' dir='ltr'><strong>ab</strong></span> <span class='ocrx_word' id='word_1_737' title='bbox 3188 5325 3449 5379; x_wconf 76' lang='lat' dir='ltr'><strong>extremis</strong></span> <span class='ocrx_word' id='word_1_738' title='bbox 3500 5330 3657 5376; x_wconf 79' lang='lat' dir='ltr'><strong>terra:</strong></span> 
     </span>
    </p>
   </div>
   <div class='ocr_carea' id='block_1_114' title="bbox 2089 5402 3655 5480">
    <p class='ocr_par' dir='ltr' id='par_1_114' title="bbox 2089 5402 3655 5480">
     <span class='ocr_line' id='line_1_114' title="bbox 2089 5402 3655 5480; baseline 0.003 -24"><span class='ocrx_word' id='word_1_739' title='bbox 2089 5402 2289 5459; x_wconf 83' lang='lat' dir='ltr'><strong>ﬁnibus</strong></span> <span class='ocrx_word' id='word_1_740' title='bbox 2307 5405 2376 5459; x_wconf 90' lang='lat' dir='ltr'><strong>ad</strong></span> <span class='ocrx_word' id='word_1_741' title='bbox 2417 5408 2793 5464; x_wconf 76' lang='lat' dir='ltr'><strong>extremitates</strong></span> <span class='ocrx_word' id='word_1_742' title='bbox 2829 5410 2910 5464; x_wconf 89' lang='lat' dir='ltr'><strong>eis</strong></span> <span class='ocrx_word' id='word_1_743' title='bbox 2944 5410 3225 5480; x_wconf 83' lang='lat' dir='ltr'><strong>oppositas</strong></span> <span class='ocrx_word' id='word_1_744' title='bbox 3252 5411 3504 5466; x_wconf 87' lang='lat' dir='ltr'><strong>celeriter</strong></span> <span class='ocrx_word' id='word_1_745' title='bbox 3536 5424 3655 5463; x_wconf 79' lang='lat' dir='ltr'><strong>sese</strong></span> 
     </span>
    </p>
   </div>
   <div class='ocr_carea' id='block_1_115' title="bbox 1764 5487 2343 5559">
    <p class='ocr_par' dir='ltr' id='par_1_115' title="bbox 1764 5487 2343 5559">
     <span class='ocr_line' id='line_1_115' title="bbox 1764 5487 2343 5559; baseline 0.017 -12"><span class='ocrx_word' id='word_1_746' title='bbox 1764 5487 1965 5551; x_wconf 80' lang='lat' dir='ltr'><strong>Variae</strong></span> <span class='ocrx_word' id='word_1_747' title='bbox 2009 5494 2343 5559; x_wconf 80' lang='lat' dir='ltr'><strong>lectiones.</strong></span> 
     </span>
    </p>
   </div>
   <div class='ocr_carea' id='block_1_116' title="bbox 489 5570 2594 5666">
    <p class='ocr_par' dir='ltr' id='par_1_116' title="bbox 489 5570 2594 5666">
     <span class='ocr_line' id='line_1_116' title="bbox 489 5570 2594 5666; baseline 0.016 -47"><span class='ocrx_word' id='word_1_748' title='bbox 489 5573 534 5603; x_wconf 74' lang='lat'><strong>“</strong></span> <span class='ocrx_word' id='word_1_749' title='bbox 586 5570 963 5666; x_wconf 51' lang='grc' dir='ltr'>λιπξιρᾷνῐξξβ.</span> <span class='ocrx_word' id='word_1_750' title='bbox 1017 5577 1086 5666; x_wconf 51' lang='grc' dir='ltr'><strong>’ξ’</strong></span> <span class='ocrx_word' id='word_1_751' title='bbox 1114 5581 1618 5666; x_wconf 45' lang='grc' dir='ltr'>καταπτήξας-θῇ.</span> <span class='ocrx_word' id='word_1_752' title='bbox 1658 5585 2017 5666; x_wconf 39' lang='grc' dir='ltr'>βοδνέρϐας</span> <span class='ocrx_word' id='word_1_753' title='bbox 2046 5596 2109 5648; x_wconf 79' lang='grc' dir='ltr'>Α.</span> <span class='ocrx_word' id='word_1_754' title='bbox 2189 5597 2232 5627; x_wconf 75' lang='grc'><strong>⁸⁷</strong></span> <span class='ocrx_word' id='word_1_755' title='bbox 2261 5596 2505 5666; x_wconf 54' lang='grc' dir='ltr'>βλέιξοιεν</span> <span class='ocrx_word' id='word_1_756' title='bbox 2529 5599 2594 5653; x_wconf 76' lang='grc' dir='ltr'><strong>ιι.</strong></span> 
     </span>
    </p>
   </div>
   <div class='ocr_carea' id='block_1_117' title="bbox 418 5642 1868 5715">
    <p class='ocr_par' dir='ltr' id='par_1_117' title="bbox 418 5642 1868 5715">
     <span class='ocr_line' id='line_1_117' title="bbox 418 5642 1868 5715; baseline 0.028 -42"><span class='ocrx_word' id='word_1_757' title='bbox 418 5642 462 5674; x_wconf 75' lang='grc' dir='ltr'><strong>ιο</strong></span> <span class='ocrx_word' id='word_1_758' title='bbox 494 5642 939 5713; x_wconf 66' lang='grc' dir='ltr'>μονομάχονΒΙί.</span> <span class='ocrx_word' id='word_1_759' title='bbox 1017 5647 1057 5676; x_wconf 80' lang='grc'>³³</span> <span class='ocrx_word' id='word_1_760' title='bbox 1084 5646 1211 5715; x_wconf 58' lang='grc' dir='ltr'>τὰς]</span> <span class='ocrx_word' id='word_1_761' title='bbox 1237 5651 1313 5710; x_wconf 82' lang='grc' dir='ltr'><strong>εἰς</strong></span> <span class='ocrx_word' id='word_1_762' title='bbox 1341 5642 1404 5702; x_wconf 50' lang='lat' dir='ltr'><strong>li.</strong></span> <span class='ocrx_word' id='word_1_763' title='bbox 1447 5642 1458 5644; x_wconf 47' lang='lat'><strong>_</strong></span> <span class='ocrx_word' id='word_1_764' title='bbox 1478 5654 1521 5685; x_wconf 78' lang='lat'>“</span> <span class='ocrx_word' id='word_1_765' title='bbox 1548 5653 1722 5708; x_wconf 77' lang='grc' dir='ltr'>Γετῶν</span> <span class='ocrx_word' id='word_1_766' title='bbox 1755 5654 1868 5713; x_wconf 67' lang='grc' dir='ltr'>ιὶιι.</span> 
     </span>
    </p>
   </div>
   <div class='ocr_carea' id='block_1_118' title="bbox 2686 5600 3651 5674">
    <p class='ocr_par' dir='ltr' id='par_1_118' title="bbox 2686 5600 3651 5674">
     <span class='ocr_line' id='line_1_118' title="bbox 2686 5600 3651 5674; baseline -0.003 -19"><span class='ocrx_word' id='word_1_767' title='bbox 2686 5603 2732 5634; x_wconf 73' lang='grc'><strong>’⁸</strong></span> <span class='ocrx_word' id='word_1_768' title='bbox 2760 5602 2908 5660; x_wconf 61' lang='grc' dir='ltr'>θάκιοι</span> <span class='ocrx_word' id='word_1_769' title='bbox 2932 5603 2999 5658; x_wconf 68' lang='lat' dir='ltr'><strong>ll.</strong></span> <span class='ocrx_word' id='word_1_770' title='bbox 3078 5606 3124 5638; x_wconf 79' lang='lat'><strong><em>”</em></strong></span> <span class='ocrx_word' id='word_1_771' title='bbox 3145 5605 3235 5658; x_wconf 79' lang='grc' dir='ltr'>τὸν</span> <span class='ocrx_word' id='word_1_772' title='bbox 3290 5602 3552 5674; x_wconf 67' lang='grc' dir='ltr'>Τραϊανὸν</span> <span class='ocrx_word' id='word_1_773' title='bbox 3586 5600 3651 5653; x_wconf 87' lang='grc' dir='ltr'>Λ.</span> 
     </span>
    </p>
   </div>
  </div>
