4080 6206
449 301 557 367 203

454 412 722 466 Ὦνεῖσθαι
744 411 813 465 τὰ
838 412 1175 482 προκείμενα
1201 412 1372 481 μηδέν
1397 428 1448 465 τι
1475 394 1781 469 δειλιῶντα.

456 502 706 556 Ὠνοῦντο
738 503 836 572 μὲν
862 501 912 554 oi
941 500 1206 567 θέλοντες,
1239 502 1334 555 καὶ
1357 504 1618 574 χρήματα
1642 504 1876 576 συνῆκτο
1897 528 1912 538 -

454 594 514 646 Ὀ
539 594 794 663 βασιλεὺς
824 593 880 645 δὲ
910 591 987 661 τῷ
1015 590 1232 661 στρατῷ
1262 594 1571 664 σκορπίσας
1600 593 1664 647 τὸ
1697 595 1919 666 χρυσίον

456 682 851 751 Ἀντεπεξῆλθε
879 685 993 745 τοῖς
1020 686 1258 755 ἐχθροῖς,
1294 686 1387 736 καὶ
1428 683 1607 755 μάχην
1642 683 2020 755 συγκροτήσας

445 779 599 831 Κατὰ
643 778 844 846 πολλὴν
873 777 1157 847 εὐχέρειαν
1182 779 1291 831 τῶν
1320 777 1601 846 δυσμενῶν
1632 779 1878 849 ἐκράτει,

446 874 555 926 Καὶ
581 873 787 943 τρέψας
813 874 1023 937 πάντας
1067 876 1149 938 είς
1180 873 1357 945 φυγήν
1381 876 1475 928 καὶ
1509 876 1725 940 κτείνας
1756 877 1855 929 καὶ
1887 892 2022 928 σκυ-

1731 964 1950 1036 [λεύσας

447 1053 638 1117 Ὅλους
667 1053 879 1106 ἐκεῖθεν
902 1053 1209 1124 θησαυροὺς
1239 1055 1508 1126 ἐκτήσατο
1538 1055 1858 1125 χρημάτων,

444 1132 552 1195 Καὶ
576 1143 737 1196 πάλιν
762 1143 1023 1213 χρήματα
1050 1141 1271 1213 προθεὶς
1308 1142 1407 1211 τῆς
1440 1143 1645 1211 ἀγορᾶς
1672 1142 1728 1192 ὲν
1762 1139 1915 1210 μέσῳ

456 1235 760 1305 Ἐκήρυσσε
791 1234 879 1286 τὸν
916 1233 1137 1286 θέλοντα
1169 1232 1469 1303 λαμόάνειν
1498 1233 1559 1286 τὸ
1582 1230 1807 1302 χρυσίον

441 1325 550 1377 Καὶ
587 1324 646 1376 τὸ
674 1323 893 1392 κτηθὲν,
921 1323 970 1374 εί
1000 1322 1263 1391 βούλοιτο,
1301 1321 1463 1374 πάλιν
1498 1320 1831 1373 ἀποδιδόναι.

440 1405 610 1476 Οὗτος
643 1412 737 1465 καὶ
766 1410 996 1463 Λεύκιον
1009 1409 1260 1479 γαμόρὸν
1283 1410 1370 1464 τὸν
1405 1411 1501 1463 σὺν
1527 1408 1677 1478 αὐτῴ
1709 1406 2018 1478 κρατοῦντα

454 1502 761 1571 Ἐκπέμπει
783 1500 1166 1570 πολεμήσοντα
1197 1499 1434 1571 Πάρθοις
1462 1501 1576 1561 τοῖς
1599 1499 1944 1569 φιλομάχοις,

444 1593 567 1646 Τῶν
592 1592 921 1662 Παρθυαίων
944 1594 1204 1663 ἄρχοντος
1241 1593 1362 1644 τότε
1392 1591 1486 1644 τοῦ
1513 1590 1816 1659 Βολογέσου
1852 1589 1919 1644 ⁸⁸.

444 1680 552 1737 *Ην
587 1684 644 1737 δὲ
679 1684 841 1747 καλὸς
875 1685 903 1735 6
939 1683 1171 1745 Λεύκιος
1207 1682 1268 1734 τὸ
1318 1682 1477 1752 σῶμα
1511 1682 1607 1736 καὶ
1636 1682 1735 1752 τὴν
1765 1680 2012 1751 γνώμην,

448 1774 730 1842 Ιςὺμήκης,
781 1745 1030 1837 εθοπτος,
1067 1771 1215 1840 ἡδὺς,
1276 1745 1632 1839 ξανθόκομος,
1683 1745 1971 1839 ροδδχρους
1998 1745 2011 1798 λ
2043 1745 2092 1804 Β

450 1865 546 1925 Ὃς
584 1864 678 1914 καὶ
704 1862 982 1931 συμμίξας
1008 1862 1120 1922 τοῖς
1146 1856 1359 1931 ἐχθροῖς
1397 1859 1929 1930 ὐπερωφρυωμένοις

457 1954 579 2005 Ἐπί
609 1970 668 2005 τε
700 1952 896 2023 πλήθει
937 1953 1028 2004 καὶ
1062 1951 1279 2021 στρατῷ
1319 1952 1413 2004 καὶ
1445 1951 1873 2020 φαρετροφορίᾳ,

442 2045 608 2107 Τέλος
637 2042 1055 2110 κατηγωνίσατο
1089 2045 1149 2095 τὸ
1178 2040 1467 2113 τοξοφόρον
1489 2042 1660 2105 ἔθνος.

526 2134 689 2188 Ἀλλὰ
710 2134 821 2204 γὰρ
840 2126 943 2187 ὧδε
971 2132 1211 2201 γεγονὼς
1238 2133 1335 2185 τοῦ
1360 2133 1563 2203 δρόμου
1589 2133 1684 2186 καὶ
1707 2131 1799 2185 τοῦ
1829 2131 2012 2202 λόγου,

443 2226 717 2296 (saepe:ij
751 2226 811 2279 τὸ
840 2225 1162 2279 παλίντοκον
1193 2223 1288 2278 τοῦ
1333 2224 1441 2278 τῶν
1472 2223 1774 2295 ἀνθρώπων
1803 2227 2014 2293 γένους,

444 2322 555 2372 Και
575 2319 689 2381 πῶς
705 2319 806 2371 οὐκ
828 2317 1202 2385 ὲξεικάζονται
1222 2318 1405 2381 παῖδες
1428 2319 1538 2382 τοῖς
1556 2319 1707 2387 σφῶν
1724 2319 2015 2389 πατράσιν.

456 2412 568 2463 Ἀεὶ
604 2410 701 2477 μὲν
731 2408 1088 2478 λεοντόθυμον
1117 2409 1357 2478 σκύμνον
1376 2412 1404 2462 6
1436 2409 1575 2463 λέων
1606 2408 1778 2462 τίκτει
1800 2409 1867 2474 ⁸⁸,

446 2501 555 2558 Καὶ
589 2498 852 2568 πάρδαλις
910 2498 1252 2569 ταυτόθυμον
1293 2500 1387 2552 καὶ
1443 2498 1622 2570 τίγρις
1661 2498 1976 2567 αὑτοτίγριν
2003 2513 2016 2526 ’

448 2590 604 2660 Παρὰ
631 2590 676 2643 δ’
711 2589 1024 2660 ἀνθρώποις
1061 2590 1238 2642 ἄνισοι
1271 2590 1453 2653 παῖδες
1480 2591 1615 2659 πρὸς
1643 2590 1769 2653 τοὺς
1800 2591 2015 2654 τοκέας.

444 2684 554 2736 Καὶ
580 2682 736 2751 δῆλον
760 2681 833 2744 ὡς
865 2682 1183 2753 προαίρεσις
1210 2682 1416 2736 τούτων
1447 2683 1480 2752 ἡ
1522 2684 1804 2753 παραιτία.

438 2879 559 2934 mu]
604 2892 703 2950 per
769 2875 1051 2948 publicum
1100 2890 1403 2947 prteconem
1468 2873 1805 2945 significasse
1848 2873 2017 2929 licere

443 2968 619 3023 cuivis
672 2967 789 3020 hate
836 2980 1041 3019 venum
1092 2964 1337 3033 exposita
1378 2963 1514 3017 citra
1550 2971 1755 3017 metum
1799 2977 2017 3018 omnem

1622 303 2105 365 CONSTANTIN
2115 303 2141 363 Ι
2179 301 2555 363 MANASSIS

2045 410 2093 468 A
2121 408 2260 477 Πρὸς
2274 409 2324 460 τί
2342 426 2431 477 μοι
2454 406 2626 460 ταῦτα
2648 406 2918 472 λέλεκται,
2942 407 3035 463 καὶ
3052 408 3135 474 τίς
3158 410 3202 442 ⁸⁷
3220 411 3419 475 σκοπὸς
3445 409 3522 483 τῷ
3536 413 3699 487 λόγῳς

3594 310 3697 373 301

2136 500 2193 552 '0
2228 500 2454 570 Μάρκος
2487 499 2585 569 μὲν
2611 503 2721 563 τοῖς
2761 503 3012 569 φυσικοῖς
3042 502 3291 573 ὑπέκυψε
3324 504 3576 575 νομίμοις

2123 592 2234 644 Καὶ
2266 591 2366 661 τὴν
2390 590 2560 659 πηλὸν
2585 592 2834 644 ἀπέδωκε
2871 595 2937 662 τῇ
2978 592 3274 664 δανεισάσῃ
3306 594 3469 662 φύσει

2122 682 2265 735 Δέκα
2299 686 2577 753 κρατήσας
2610 682 2756 735 ἔτεσι
2791 683 2890 736 σὺν
2923 686 3034 747 τοῖς
3064 683 3275 747 λοιποῖς
3300 685 3458 738 ἐννέα
3488 685 3534 717 ⁸³
3559 702 3573 718 ο

2121 768 2249 832 Υἱὸς
2278 769 2322 821 δ’
2355 771 2563 836 ἐκείνου
2594 770 2837 839 Κόμοδος
2863 771 3141 840 παρῆλθεν
3161 774 3241 835 είς
3270 772 3331 825 τὸ
3367 776 3591 845 κράτος,

2120 859 2335 930 Μεῖραξ
2360 859 2664 929 πατρώζων
2690 859 2811 911 κατ’
2835 859 3010 924 οὐδὲν,
3034 859 3159 929 μηδ’
3179 862 3421 931 ἐμφερές
3439 881 3493 916 τι
3520 867 3700 935 φέρων

2122 948 2211 1020 Τῷ
2240 951 2453 1020 Μάρκῳ
2491 950 2569 1019 τῷ
2595 950 2921 1020 γεννήσαντι
2948 951 3043 1003 καὶ
3072 951 3149 1021 τῷ
3177 953 3590 1008 πεπαιδευκότι.

2121 1041 2327 1110 Μίμοις
2358 1042 2467 1109 γὰρ
2501 1041 2719 1110 ἔχαιρεν
2747 1042 2833 1093 ἀεὶ
2862 1041 2956 1093 καί
2994 1042 3320 1112 μονομάχων
3346 1044 3493 1108 θέαις
3515 1046 3560 1077 δ’

2124 1136 2232 1188 Kal.
2261 1136 2476 1203 γυναιξὶ
2498 1137 2590 1189 καὶ
2623 1135 2988 1208 φαυλουργοῖς
3026 1136 3252 1208 ἀνδράσι
3294 1139 3389 1192 καὶ
3418 1140 3696 1211 μεθύσοις,

2123 1227 2231 1279 Καὶ
2263 1228 2413 1294 ξίφος
2440 1223 2585 1295 εῖχεν
2620 1225 2846 1297 ἐνεργὸν
2876 1226 2923 1258 ⁸⁸
2960 1226 3299 1297 κρεανομοῦν
3327 1230 3422 1281 καὶ
3448 1228 3574 1282 θῦον

2121 1316 2258 1379 Τοὺς
2275 1316 2531 1379 δυνατοὺς
2556 1314 2651 1368 καὶ
2665 1313 3000 1386 προῦχοντας
3019 1315 3249 1380 καὶτοὺς
3270 1318 3698 1390 εὐπορωτέρους.

2123 1404 2287 1458 Ὅθεν
2318 1405 2413 1458 καὶ
2452 1404 2605 1466 τέλος
2638 1404 2837 1474 εὕρατο
2867 1404 3125 1470 κατάξιον
3154 1406 3249 1460 τοῦ
3269 1405 3387 1478 βίου
3414 1425 3428 1439 ·

2119 1496 2435 1566 Φαρμάκοις
2475 1496 2583 1566 γὰρ
2607 1496 2885 1568 ἀπέρρηξε
2917 1495 3097 1568 ψυχὴν
3127 1498 3228 1570 τὴν
3258 1500 3548 1569 μιαιφόνον

2119 1588 2229 1642 Καὶ
2250 1589 2349 1657 τὴν
2379 1587 2522 1656 ζωὴν
2547 1586 2912 1658 κατέστρεψεν
2938 1589 3134 1659 ἀώρως
3153 1590 3246 1644 καὶ
3276 1593 3382 1662 πρὸ
3410 1593 3626 1663 χρόνου,

2120 1681 2210 1744 Ai;
2241 1680 2300 1745 ἐξ
2335 1680 2620 1751 κρατήσας
2646 1679 2791 1732 ἔτεσι
2814 1679 2905 1733 τοῦ
2929 1680 3203 1748 βασιλείου
3234 1684 3557 1755 κράτουςδί.

2202 1770 2543 1840 ⁹Ρωμαίωνδ’
2564 1767 2697 1841 ἦρξε
2721 1771 2839 1840 μετ’
2858 1771 3020 1824 αὐτὸν
3046 1774 3314 1844 Περτίναξ
3344 1775 3373 1826 6
3402 1774 3695 1846 τριγέρων,

2126 1864 2223 1924 Ὃς
2249 1862 2383 1932 μηδὲ
2411 1862 2623 1931 φθάσας
2645 1862 2871 1931 ἀγαγεῖν
2896 1864 2975 1943 είς
3012 1863 3317 1932 βασιλείους
3349 1867 3551 1936 δόμους

2121 1954 2262 2016 Τοὺς
2295 1952 2548 2024 παῖδαςῆ
2581 1952 2680 2023 τὴν
2711 1952 2961 2023 γαμετὴν
2993 1955 3207 2025 ἀνόμως
3236 1956 3503 2030 ἀνῃρέθη.

2191 2039 2302 2096 Ἦν
2336 2042 2393 2095 δέ
2426 2059 2510 2107 τις
2551 2042 2842 2106 Ἰουλιανὸς
2866 2042 3041 2107 Δίδιος
3073 2046 3412 2116 κεκλημένος
3436 2063 3453 2081 ο

2123 2130 2313 2198 Οὗτος.
2338 2132 2412 2196 ὡς
2446 2133 2626 2201 λόγος.
2665 2132 2824 2186 ὢνιον
2858 2134 3128 2204 ἐκτήσατο
3157 2136 3218 2188 τὸ
3250 2138 3465 2208 στέφος,

2124 2224 2263 2286 Τοὺς
2275 2224 2670 2294 ταγματᾶρχας
2684 2223 2779 2276 τοῦ
2801 2222 3032 2294 στρατοῦ
3051 2226 3327 2296 χρήμασιν
3345 2228 3698 2302 ὑποφθείρας.

2134 2315 2295 2368 Ἃλλὰ
2325 2314 2436 2385 γὰρ
2465 2316 2564 2368 οὐκ
2599 2314 2855 2370 ἀπώνατο
2881 2318 2982 2388 τῆς
3017 2317 3289 2388 βασιλείου
3317 2321 3512 2391 τύχης»

2123 2405 2368 2477 Σεὸήρου
2389 2406 2448 2460 δὲ
2476 2407 2522 2439 ⁸⁸
2560 2406 2655 2460 τοῦ
2686 2407 2884 2472 Λίϐυος
2910 2410 3316 2475 ἐπαναστάντος
3340 2414 3515 2484 τούτῳ

2121 2497 2413 2569 Μαχαίρας
2444 2498 2604 2570 ἔργον
2628 2500 2838 2567 γίνεται
2870 2500 2964 2555 καὶ
2995 2503 3352 2571 κακιγκάκως
3378 2506 3427 2538 ⁸³
3451 2500 3696 2577 θνήσκει,
3746 2574 3753 2581 ι

2122 2588 2273 2658 Μηδὲ
2308 2589 2646 2659 γευσάμενος
2685 2589 2871 2659 σχεδον
2887 2592 2982 2643 τοῦ
3017 2593 3230 2661 μέλιτος
3248 2594 3340 2647 τοῦ
3372 2596 3628 2666 κράτους,

2122 2679 2227 2733 Δύο
2251 2681 2344 2735 καὶ
2377 2682 2559 2751 μόνοις
2600 2689 2839 2752 ἐντυχὼν
2872 2684 3007 2755 μησὶ
3033 2685 3133 2754 τῆς
3166 2685 3445 2755 βασιλείας
3473 2688 3544 2744 ⁵⁸.

3355 2778 3515 2835 Vers.
3557 2780 3691 2836 2261

2122 2894 2378 2957 procreat
2405 2885 2659 2958 tigridem
2695 2904 2707 2940 :
2747 2896 2804 2943 at
2833 2888 3152 2946 hominibus
3176 2889 3337 2948 liberi
3378 2894 3700 2964 parentibus

2123 2978 2420 3033 dissimiles
2447 2986 2782 3045 nascuntur;
2828 2996 2992 3050 quam
3041 2998 3154 3037 rem
3186 2983 3253 3039 ab
3301 2983 3568 3040 electione
3604 3000 3699 3039 vo-

444 3059 674 3132 perieuli
706 3072 983 3112 coemere.
1019 3057 1133 3110 Hoc
1164 3056 1328 3110 modo
1356 3056 1560 3109 factum
1588 3063 1649 3108 ut
1678 3065 1924 3109 emerent
1954 3069 2017 3109 ea

2121 3066 2348 3123 luntatis
2382 3066 2515 3120 oriri
2547 3068 2895 3123 manifestum
2937 3080 3040 3125 est.
3082 3070 3152 3125 At
3197 3073 3346 3126 enim
3378 3088 3488 3143 quo
3536 3074 3696 3129 nobis

444 3153 541 3219 qui
580 3150 802 3212 vellent,
834 3148 1239 3218 pecuniamque
1281 3146 1569 3201 conﬂatam
1620 3146 1810 3200 fuisse.
1846 3146 2018 3213 Quam

444 3243 538 3299 ubi
564 3240 938 3296 distribuisset
977 3238 1033 3292 in
1078 3238 1304 3303 milites,
1338 3253 1462 3292 mox
1496 3238 1882 3307 imperatorem
1927 3253 2020 3292 co-

443 3348 563 3404 pias
614 3333 669 3386 in
716 3332 930 3385 hostem
974 3331 1234 3391 movisse,
1275 3336 1331 3382 et
1370 3342 1532 3380 manu
1580 3338 1833 3381 conserta
1884 3327 2019 3381 citra

443 3423 724 3495 negotium
756 3422 985 3477 victoria
1015 3420 1247 3489 potitum
1272 3433 1417 3485 esse,
1466 3418 1712 3488 adeoque
1760 3420 2021 3489 conjectis

444 3516 499 3567 in
531 3514 713 3583 fugam
749 3513 1028 3578 omnibus,
1064 3510 1298 3576 necatis,
1332 3510 1602 3578 spoliatis,
1629 3508 1739 3580 46
1780 3510 2019 3580 integros

443 3604 802 3671 pecuniarum
836 3601 1126 3653 thesauros
1153 3608 1532 3652 consecutum.
1570 3598 1678 3652 Has
1713 3597 1805 3651 ubi
1832 3612 2021 3651 rursus

447 3698 500 3745 in
527 3691 708 3744 forum
733 3689 1032 3751 retulisset,
1070 3688 1300 3742 indicari
1330 3704 1429 3756 per
1456 3703 1762 3757 prmconem
1784 3687 2017 3759 jussisse

445 3788 507 3833 ut
535 3781 630 3848 qui
657 3778 838 3840 vellet,
872 3792 1008 3831 auro
1035 3785 1278 3845 recepto,
1304 3777 1572 3846 quidquid
1601 3778 1755 3847 prius
1780 3779 1987 3847 impera
2007 3807 2019 3818 -

446 3869 583 3923 toria
615 3868 683 3922 de
714 3867 1049 3935 supellectile
1099 3868 1410 3929 coemisset,
1441 3868 1486 3920 si
1534 3868 1755 3937 quidem
1802 3870 1872 3921 ita
1905 3869 2023 3938 pla-

442 3966 613 4021 ceret,
660 3957 995 4009 restitueret.
1032 3954 1181 4009 idem
1234 3955 1465 4010 Lucium
1503 3971 1771 4025 generum
1822 3972 2017 4022 suum,

443 4045 657 4118 imperii
677 4056 1010 4111 consortem,
1034 4046 1301 4101 adversus
1321 4047 1614 4102 bellicosos
1636 4064 2021 4120 pugnacesque

442 4141 677 4197 Parthos
707 4138 877 4204 misit,
911 4154 1146 4207 quorum
1182 4139 1236 4192 id
1277 4140 1540 4209 temporis
1586 4156 1678 4194 rex
1705 4154 1827 4194 erat
1854 4141 2019 4196 Volo-

441 4250 626 4305 gesus.
678 4232 978 4287 Przestabat
1019 4238 1202 4285 autem
1238 4229 1442 4285 Lucius
1488 4239 1597 4285 tam
1643 4231 1811 4285 animi
1854 4248 2017 4300 quam

441 4325 691 4395 corporis
731 4323 975 4388 dotibus,
1011 4323 1093 4375 vir
1126 4337 1410 4392 procerus,
1441 4322 1580 4377 facie
1614 4323 1867 4392 pulchra.
1891 4338 2019 4377 sua-

2125 3159 2239 3212 ltch
2271 3156 2415 3212 dicta
2450 3158 2617 3211 sunt?
2648 3173 2884 3227 quemve
2939 3168 3066 3215 sunt
3105 3161 3172 3215 ad
3218 3176 3442 3233 scopum
3485 3164 3698 3218 relata?

2130 3247 2395 3302 Nimirum
2425 3248 2638 3304 Marcus
2669 3248 2972 3319 imperator
2999 3262 3207 3307 natura:
3237 3268 3295 3308 se
3319 3254 3535 3324 legibus
3559 3255 3693 3309 sub-

2124 3339 2275 3394 misit
2315 3340 2604 3409 lutumque
2652 3349 2862 3395 natura:
2912 3342 3174 3408 restituit,
3222 3358 3252 3397 a
3300 3360 3406 3414 qua
3441 3355 3692 3401 mutuum

2121 3439 2429 3502 acceperat,
2460 3446 2585 3486 cum
2618 3431 2851 3502 imperio
2885 3433 2949 3488 l9
2975 3435 3136 3490 armis
3182 3436 3505 3506 praefuisset.
3557 3438 3693 3507 Ejus

2120 3531 2301 3577 autem
2332 3521 2388 3576 in
2424 3524 2603 3579 locum
2634 3524 2781 3579 ﬁlius
2807 3524 3141 3581 Commodhs
3172 3528 3455 3594 successit,
3497 3528 3689 3583 adole-

2121 3627 2282 3667 scens
2310 3613 2458 3668 nulla
2495 3614 2550 3668 in
2590 3624 2747 3684 parte
2776 3614 3100 3684 patrissans,
3131 3632 3234 3671 nec
3267 3616 3563 3687 quidquam
3592 3618 3691 3672 ha-

2123 3703 2262 3757 bens
2290 3703 2473 3758 simile
2499 3703 2679 3758 Marco
2714 3704 2875 3774 patri,
2904 3720 2933 3758 a
2967 3720 3076 3774 quo
3102 3714 3422 3775 procreatus
3446 3714 3503 3761 et
3535 3707 3695 3761 instio

2122 3802 2274 3849 tutus
2303 3794 2498 3849 fuerat.
2526 3795 2738 3866 Quippe
2766 3795 2947 3851 mimis
2975 3812 3191 3867 semper
3228 3798 3606 3855 delectabatur
3636 3809 3694 3859 et

2120 3882 2482 3952 gladiatorum
2516 3884 2845 3953 spectaculis
2874 3897 2926 3939 et
2962 3887 3303 3943 mulierculis
3335 3897 3391 3944 et
3423 3889 3557 3945 viris
3591 3908 3693 3945 ne-

2118 3973 2256 4028 faria
2299 3976 2741 4044 perpetrantibus
2775 3993 2839 4031 ac
2868 3979 3204 4034 temulentis.
3242 3979 3497 4037 Caedibus
3524 3983 3690 4037 etiam

2122 4079 2243 4121 sese
2270 4066 2570 4135 polluebat,
2606 4069 2859 4123 homines
2892 4079 3166 4140 potentes,
3193 4073 3436 4130 illustres
3468 4082 3525 4130 et
3556 4090 3692 4145 opu-

2118 4157 2299 4211 lentos
2367 4157 2547 4227 gladio
2610 4160 2907 4228 perimens.
2959 4161 3310 4233 Quapropter
3353 4169 3559 4219 exitum
3597 4166 3691 4221 illa

2119 4244 2344 4315 dignum
2379 4247 2487 4300 vita
2522 4247 2747 4316 reperit.
2778 4249 2912 4303 Nam
2940 4250 3153 4307 haustis
3182 4255 3411 4310 venenis
3436 4256 3690 4324 inquina-

2120 4346 2230 4391 tam
2263 4337 2506 4392 ca‘dibus
2533 4341 2770 4393 animam
2798 4341 3021 4407 efﬂavit,
3051 4359 3114 4399 ac
3138 4346 3355 4401 vivendi
3386 4348 3546 4402 tinem
3561 4358 3690 4402 ante

440 4393 557 4482 vis,
575 4430 729 4470 coma
755 4413 916 4480 flava,
945 4414 1127 4466 colore
1158 4427 1336 4469 roseo.
1365 4412 1609 4481 Cumque
1636 4427 1869 4483 pugnam
1892 4428 2015 4466 cum

2125 4436 2340 4497 tempus
2369 4428 2518 4495 fecit,
2551 4444 2674 4484 cum
2707 4431 2938 4502 imperio
2964 4436 3030 4487 12
3047 4437 3206 4491 annis
3239 4438 3442 4506 potitus
3472 4438 3685 4492 fuisset.

441 4509 694 4563 hostibus
719 4506 1106 4569 conseruisset,
1140 4504 1233 4573 qui
1271 4505 1342 4557 ob
1382 4505 1661 4572 copiarum
1706 4504 2017 4558 multitudi—

440 4612 566 4655 nem
612 4597 1012 4666 pharetrasque
1061 4608 1186 4646 suas
1217 4592 1447 4646 nimium
1493 4601 1755 4662 quantum
1787 4594 2017 4648 ferocie-

439 4689 593 4752 bant.
625 4699 744 4742 arte
773 4686 1053 4741 nationem
1090 4698 1253 4737 arcus
1301 4692 1605 4753 gestantem
1635 4683 1768 4738 vicit
1808 4700 1874 4739 ac
1916 4670 2015 4740 de-

438 4779 688 4834 bellavit.

507 4869 663 4948 Quia.
686 4883 818 4923 vero
849 4865 917 4921 ad
962 4864 1109 4920 hunc
1146 4865 1326 4919 locum
1360 4863 1629 4929 orationis
1670 4872 1727 4918 et
1770 4865 2004 4921 instituti

2193 4517 2417 4572 Prmfuit
2445 4526 2628 4572 autem
2662 4519 2926 4577 Romanis
2952 4533 3075 4593 post
3100 4526 3276 4594 ipsum
3312 4525 3541 4579 maxima
3570 4542 3693 4596 gra-

2115 4606 2198 4660 vis
2231 4615 2450 4661 senecta
2482 4608 2757 4671 Pertinax.
2793 4612 2887 4681 qui
2924 4628 3047 4666 cum
3078 4615 3312 4669 necdum
3340 4614 3395 4667 in
3421 4613 3686 4682 palatium

2114 4698 2468 4755 suosliberos
2492 4710 2547 4754 et
2574 4716 2798 4756 uxorem
2830 4703 3166 4769 deduxisset,
3213 4702 3420 4758 nefarie
3464 4702 3572 4757 fuit
3600 4704 3690 4759 in-

2114 4795 2433 4856 teremptus.

2187 4876 2317 4931 Erat
2350 4888 2462 4931 tum
2506 4879 2697 4935 Didius
2726 4878 2947 4950 quidam
2995 4882 3262 4948 Julianus,
3295 4898 3459 4953 quem
3503 4885 3688 4955 pretio

438 4963 614 5016 nostri
646 4960 1019 5030 pervenimus,
1048 4958 1270 5028 generis
1301 4957 1529 5012 humani
1571 4956 2011 5011 vicissitudinem
2111 4976 2415 5020 mercatum
2439 4982 2563 5023 esse
2598 4983 2858 5024 coronam
2905 4971 3267 5040 imperialem,
3309 4974 3546 5030 ducibus
3587 4992 3686 5030 eo-

440 5052 698 5106 admirari
733 5053 899 5116 subit,
932 5051 1025 5120 qui
1056 5051 1312 5104 nimirum
1342 5052 1431 5103 fiat
1467 5060 1526 5102 ut
1570 5049 1663 5102 filii
1696 5049 2013 5118 parentibus
2108 5057 2324 5125 piarum
2350 5058 2637 5129 largitione
2660 5062 2955 5131 corruptis,
2975 5063 3286 5132 perhibent.
3312 5065 3419 5120 Sed
3454 5066 3686 5123 fortuna:

373 5120 387 5137 ’
439 5143 555 5198 suis
582 5144 790 5198 similes
819 5159 928 5197 non
958 5143 1212 5197 evadant.
1243 5143 1459 5196 Etenim
1500 5143 1582 5195 leo
1614 5158 1831 5211 semper
1854 5150 2009 5194 catu-
2110 5148 2273 5217 regia:
2312 5148 2550 5203 fructum
2596 5153 2807 5206 nullum
2846 5153 3012 5208 tulit:
3062 5155 3265 5225 quippe
3306 5157 3510 5213 Severo
3551 5159 3686 5214 Afro

420 5236 552 5288 .lum
583 5235 776 5303 gignit,
803 5235 898 5302 qui
928 5234 1147 5288 leonino
1166 5235 1236 5288 sit
1261 5236 1444 5288 animo
1471 5232 2011 5303 pmeditusmardalis
2110 5238 2436 5294 seditionem
2469 5242 2739 5299 adversus
2794 5246 2974 5315 ipsum
3018 5251 3327 5305 concitante
3366 5251 3543 5322 gladio
3585 5268 3685 5306 ne-

438 5332 567 5383 item
609 5332 709 5382 sibi
746 5330 978 5383 similem
1024 5331 1207 5382 animo
1251 5329 1446 5394 feram,
1489 5328 1642 5397 tigris
1677 5327 2000 5397 ipsissimam
2112 5336 2265 5381 catus
2292 5337 2379 5383 est
2408 5339 2463 5384 et
2500 5332 2676 5388 malus
2726 5337 2866 5391 male
2910 5337 3096 5406 periit,
3148 5354 3274 5395 cum
3321 5343 3426 5398 mel
3464 5343 3684 5413 imperii

1792 5425 1991 5486 Variae
2039 5423 2367 5487 lectiones.

506 5523 551 5553 "
575 5524 910 5608 ἓυλογαίσου
930 5531 1014 5608 ἢ,
1029 5526 1323 5608 Ιξελεγαίρο
1338 5525 1450 5608 λιι.
1484 5525 1578 5608 __“
1592 5526 1934 5608 [τρέφειμῇ
2011 5524 2020 5554 ¹

2118 5525 2186 5576 ιαὶ
2346 5524 2558 5608 τίς-μοι.
2583 5529 2770 5608 Itin“
2804 5532 2959 5608 Hunc
2994 5551 3141 5590 vers.
3170 5552 3280 5591 om.
3325 5536 3468 5608 RRt
3513 5538 3564 5608 εξ
3582 5536 3682 5608 θέα

434 5592 495 5646 Δ.
542 5670 545 5673 _
573 5596 619 5629 ⁸ο
650 5596 888 5721 iacintini
914 5601 1033 5665 AM,
1058 5591 1312 5665 ἐνεργοῦν
1340 5596 1404 5651 R.
1482 5597 1523 5628 "
1558 5591 1657 5667 τῆέ
1684 5591 1961 5667 βασιλείας
1989 5594 2185 5665 κράτος
2219 5591 2328 5647 RK.
2429 5591 2474 5628 ⁸⁵
2499 5601 2606 5672 γὰρ
2635 5600 2746 5657 RB.
2860 5605 2906 5637 ⁸³
2939 5608 3250 5678 παραυτίκα
3282 5613 3349 5664 Α,
3428 5591 3494 5641 τι
3523 5591 3682 5662 una;

428 5677 574 5721 vers.
608 5678 716 5718 om.
851 5708 866 5721 .
