4080 6206
364 330 475 394 305

377 434 441 486 Ἦ
464 434 524 487 δὲ
559 431 859 503 πολύξηλος
887 432 1051 488 αὑτὸν
1075 434 1415 489 ἀπολιποῦσα
1445 437 1582 508 τύχη

362 523 589 593 Σεϐήρῳ
625 522 999 592 προσεγέλασε
1028 523 1120 575 καὶ
1149 525 1387 596 χαροπὰν
1412 527 1598 581 ἐνεῖδε,

435 609 635 668 Τοῦτον
651 615 833 667 ἀκούω
846 614 1136 684 δείμασθαι
1162 616 1386 686 λουτρὸν
1407 618 1466 670 τδ
1494 619 1586 671 τοῦ
1604 618 1935 684 Ζευξίππου,

364 708 437 760 Τὸ
471 707 615 776 μέγα
645 709 738 759 καὶ⁸
767 707 1102 776 περίπυστον
1132 708 1232 778 τῆς
1268 709 1591 772 Βυζαντίδος
1621 711 1824 781 θαῦμα,

362 798 470 850 Καὶ
490 796 651 849 τοῦτο
677 796 742 866 δὴ
776 796 836 849 τὸ
866 796 1094 867 θέατρον
1117 797 1176 851 τὸ
1196 801 1293 869 τῆς
1325 800 1706 868 ψυχαγωγίας,

362 889 433 941 Tb
460 888 643 950 πόλεις
672 888 799 952 ὅλας
826 890 1010 943 ἱκανὸν
1040 891 1251 959 στέγειν
1279 893 1374 945 καὶ
1395 909 1523 960 γενα
1535 894 1713 963 ρχίας,

372 983 462 1035 Ἐν
490 975 536 1048 ᾧ
565 983 699 1053 πρὸς
718 982 907 1052 τέρψιν
946 981 1161 1037 θέουσιν
1187 985 1554 1057 ἁμιλλητῆρες
1584 988 1761 1042 ἵπποι.

444 1073 502 1126 Ὀ
533 1073 591 1126 δὲ
622 1073 861 1143 Σεϐῆρος
896 1074 1099 1138 ἱκανῶς
1127 1076 1373 1138 ἐπιϐιοὺς
1410 1077 1488 1147 τῷ
1516 1080 1729 1148 κράτει,

360 1160 470 1214 Καὶ
490 1161 624 1214 δέκα
649 1161 792 1225 ὅλοις
831 1161 979 1217 ἔτεσι
1011 1163 1453 1236 προσδιαρκέσας
1486 1169 1531 1200 ⁵⁸
1558 1168 1734 1239 τούτῳ

361 1253 464 1303 Σὺν
487 1252 670 1316 ἄλλοις
701 1252 761 1317 ἐξ
786 1253 924 1323 πρὸς
954 1254 1034 1324 τῷ
1066 1254 1169 1319 ἑνὶ,
1196 1258 1338 1327 νόσῳ
1370 1259 1519 1328 δεινῇ
1567 1259 1831 1327 ἐμπίπτει
1862 1261 1931 1325 ⁸⁸,

359 1339 466 1393 Καὶ
480 1341 688 1421 μέλλων
701 1341 953 1421 θνήσκειν
961 1346 1073 1408 τοῖς
1086 1362 1182 1397 παι
1190 1348 1239 1397 si.
1251 1346 1319 1399 τὰ
1331 1348 1584 1419 σκῆπτρα
1597 1350 1934 1416 καταλείπει,

358 1422 457 1481 Ὧν
484 1431 512 1481 δ
544 1431 643 1498 μὲν
665 1431 882 1502 πρῶτος
923 1433 1083 1505 ἔλαχε
1126 1436 1224 1505 τὴν
1283 1435 1606 1497 Ἀντωνίνου
1636 1440 1678 1471 ⁸⁷
1720 1441 1931 1511 κλῆσιν,

367 1522 461 1572 Ὃν
482 1519 668 1590 ἔλεγον
699 1524 1084 1594 Καράκαλλον,
1107 1527 1135 1579 ό
1171 1526 1288 1595 μετ’
1314 1528 1480 1582 αὐτὸν
1504 1529 1561 1582 δὲ
1589 1530 1758 1595 Γέτας

374 1610 637 1682 ’Λρχῆθεν
666 1618 1053 1686 κατωνόμαστο
1098 1620 1232 1688 πρὸς
1262 1618 1370 1671 τῶν
1403 1624 1815 1693 γεγεννηκότων
1862 1625 1928 1677 ⁸⁸.

359 1696 517 1757 Οὗτοι
543 1704 588 1756 δ’
619 1706 700 1769 είς
726 1705 783 1772 ἒξ
808 1710 1177 1778 κρατήσαντες
1199 1711 1269 1743 ⁵⁸⁸
1296 1711 1393 1781 τῆς
1424 1712 1701 1783 βασιλείας
1731 1714 1825 1787 ἔτη

1503 322 2010 388 COMPENDIUM
2051 318 2531 389 CHRONICUM.

3512 342 3623 408 306

1971 442 2015 497 A
2045 443 2153 494 Καὶ
2192 443 2392 513 μᾶλλον
2426 446 2552 507 τοὺς
2582 444 2940 517 ἁπδΧριστοῦ
2959 451 3052 521 τὴν
3071 450 3265 513 κλῆσιν
3282 454 3582 527 ἐσχηκότας
3600 475 3618 492 ο

2052 533 2390 599 Πνεύσαντες
2419 534 2530 606 γὰρ
2562 537 2920 611 σφοδρότερον
2952 541 3172 613 ἀνέμων
3196 543 3367 616 βαρυο
3378 547 3516 617 ρόων

2051 625 2165 693 Τῆς
2191 627 2472 691 εὐσεϐείας
2498 628 2560 681 τὸ
2591 630 2758 698 φυτὸν
2783 632 3078 702 άρτίφυτον
3110 636 3355 706 ὑπάρχον

2061 716 2461 783 Ἐφιλονείκουν
2494 721 2558 772 ὲκ
2587 721 2754 790 ῥιζῶν
2789 723 3101 793 πρεμνόθεν
3135 724 3179 755 ⁶¹
3211 727 3527 780 ἀνασπάσαι

2059 808 2148 871 Ὠς
2171 808 2364 862 κλάδον
2396 811 2808 880 νεομόσχευτον,
2836 814 2911 876 ὼς
2944 814 3151 867 ἁπαλὸν
3188 816 3445 886 δενδρίον.

2059 897 2341 951 Ἐντεῦθεν
2360 900 2724 968 στρέϐλαικαὶ
2738 902 2936 974 δεσμὰ,
2964 905 3265 970 κατάθυσις
3291 908 3614 978 ἀνθρώπων,

2049 988 2158 1041 Καὶ
2192 989 2392 1057 σάρκες
2422 990 2770 1061 μελιζόμεναι
2802 994 3057 1066 καθάπερ
3095 998 3154 1050 ὲν
3180 995 3456 1067 μακέλλῳ.

2059 1081 2217 1133 Ἀλλὰ
2238 1082 2733 1155 θυμομαχήσαντες
2761 1085 3024 1154 άλόγιστα
3053 1087 3192 1158 πρὸς
3219 1088 3398 1153 τοῦτο,

2050 1172 2161 1224 Καὶ
2194 1171 2370 1243 μάτην
2401 1174 2804 1246 ὑλακτήσαντες
2835 1178 2910 1240 ὡς
2941 1177 3100 1242 κύνες
3130 1179 3491 1248 λυσσητῆρες,

2052 1264 2261 1332 Ὀνομα
2283 1264 2339 1317 δὲ
2361 1265 2422 1318 τὸ
2449 1265 2541 1319 τοῦ
2578 1267 2816 1338 Χριστοῦ
2857 1268 3045 1323 σϐέσαι
3072 1269 3146 1341 μὴ
3179 1271 3521 1342 δυνηθέντες,

2046 1358 2320 1422 Μανέντες
2345 1360 2394 1412 οἱ
2419 1359 2721 1431 τρισάθλιοι
2759 1363 3010 1432 ριπτοῦσι
3048 1364 3147 1432 μὲν
3172 1365 3231 1417 τὸ
3258 1364 3473 1432 στέφος,

2051 1451 2145 1513 El;
2168 1449 2340 1520 τύχην
2365 1450 2421 1503 δὲ
2447 1452 2777 1518 κατάγουσιν
2810 1453 2855 1485 ⁶²
2879 1454 3078 1517 αὐτοὺς
3109 1454 3525 1525 ταπεινοτέραν,

2047 1542 2158 1593 Kal.
2182 1541 2376 1612 κήπων
2402 1543 2735 1611 ἐπιμεληταὶ
2760 1544 2855 1596 καὶ
2894 1546 3160 1611 φυτευταὶ
3188 1545 3452 1615 δενδρέων

2049 1632 2157 1684 Καὶ
2185 1631 2526 1700 φυτοσκάφοι
2553 1632 2816 1698 γίνονται,
2857 1635 2951 1686 καὶ
2983 1631 3475 1702 λαχανοκομοῦσιν.

2057 1721 2448 1776 ’Λναλαϐἐσθαι
2470 1723 2632 1777 πάλιν
2653 1724 2709 1777 δὲ
2748 1724 3073 1795 θελήσαντες
3098 1724 3161 1777 τὸ
3191 1724 3395 1793 κράτος

358 1794 469 1884 καί
485 1793 672 1884 μῆνας
692 1795 786 1849 δύο
805 1798 904 1868 τῆς
932 1799 1109 1869 ἀρχῆς
1155 1804 1251 1855 καὶ
1278 1803 1379 1873 τῆς
1407 1803 1552 1876 ζωῆς
1590 1808 1932 1878 στεροῦνται.
1975 1797 2014 1851 Β
2044 1813 2153 1865 Καὶ
2171 1812 2266 1865 τοῦ
2302 1813 2508 1867 σκοποῦ
2541 1814 2842 1884 διήμαρτον
2865 1793 3077 1869 καὶτοῦ
3109 1815 3473 1884 καταθυμίουυ

425 1882 548 1936 ἰ’ῶν
571 1885 866 1956 σκήπτρων
904 1888 1084 1944 τοίνυν
1117 1891 1145 1943 ὁ
1175 1893 1373 1958 πεττδς
1406 1896 1668 1966 συχνάκις
1697 1901 1936 1969 μεταπίι

1004 2028 1009 2033 .
1694 1987 1867 2062 [πτων

354 2066 458 2120 Σὺν
487 2067 669 2132 ἄλλοις
691 2068 982 2139 ἐχαρίσατο
1010 2071 1109 2143 τὴν
1148 2074 1590 2147 αύτοκρατορίαν

356 2159 465 2212 Καὶ
496 2159 573 2229 τῷ
606 2162 977 2232 Διοκλητιανῷ
1004 2162 1079 2234 τῷ
1109 2169 1581 2242 παρανομωτάτῳ,

360 2250 455 2311 Ὃς
488 2253 1054 2323 προσεταιρισάμενος
1097 2254 1189 2308 τὸν
1215 2262 1762 2330 ταυτογνωμονοῦντα
1790 2264 1836 2297 δ’

350 2338 697 2409 Μαξιμιανὸν
748 2342 1087 2412 Ἐρκούλιον,
1111 2346 1207 2399 τοῦ
1233 2348 1448 2403 Σατανᾶ
1482 2352 1571 2406 τὸν
1598 2354 1787 2420 παῖδα,

353 2430 459 2481 Τοῦ
483 2432 720 2502 κράτους
750 2432 872 2502 ἔσχε
911 2437 1192 2493 κοινωνόν.
1228 2439 1338 2508 Τῆς
1367 2441 1567 2514 ἀνοχῆς
1598 2461 1715 2510 σου,
1745 2446 1885 2516 Λόγε
1911 2449 1926 2502 ί

351 2522 461 2573 Καὶ
495 2522 915 2594 συνδραμόντων
951 2529 1032 2590 είς
1058 2528 1226 2581 ταυτδ
1249 2528 1343 2583 δύο
1364 2533 1553 2586 κακῶν
1580 2536 1854 2605 μεγάλων,

352 2613 512 2666 Ποῖον
542 2613 719 2668 δεινὸν
753 2617 877 2686 οὐχὶ
908 2619 1114 2689 παρῆν,
1154 2621 1307 2674 ποῖον
1340 2620 1386 2673 δ’
1416 2623 1460 2654 ⁸⁸
1487 2624 1589 2678 οὐκ
1623 2626 1919 2696 ὲτολμᾶτοί

350 2705 562 2772 Σφαγαὶ
594 2707 689 2759 καὶ
707 2708 857 2761 πόνοι
886 2709 1189 2780 πανταχοῦ,
1214 2712 1308 2766 καὶ
1328 2711 1633 2785 λιμνασμὺς
1655 2718 1921 2788 αἱμάτων.

347 2795 463 2851 Καὶ
477 2797 535 2849 τὸ
552 2797 793 2866 ζοφῶδες
809 2801 908 2872 τῆς
928 2801 1155 2873 εἱρκτῆς
1180 2798 1295 2874 εἶχε
1307 2805 1537 2872 πολλοὺς
1556 2809 1666 2880 ὲμφ
1675 2812 1767 2883 ρού
1776 2830 1923 2883 ρους,

345 3022 746 3092 propemodum
777 3040 887 3080 non
920 3026 1282 3099 degustasset.
1332 3032 1448 3089 [Ioc
1493 3033 1658 3091 modo
1703 3036 1922 3094 fortuna

2028 3047 2347 3110 stagnorum
2396 3039 2453 3094 in
2500 3039 2726 3095 modum
2787 3058 2801 3094 :

2048 1902 2157 1953 Καὶ
2190 1900 2288 1964 τὰς
2307 1901 2487 1972 ψυχὰς
2520 1903 2840 1975 ἀπέρρηξαν
2864 1903 3119 1966 θανάτοις
3155 1902 3505 1973 βαρυτάτοις,

2046 1988 2158 2057 Τῆς
2185 1987 2463 2058 βασιλείας
2492 1990 2757 2062 ἄρξαντες
2781 1992 2954 2045 εἴκοσι
2988 1992 3083 2045 δύο
3111 1992 3208 2060 ἐτη
3240 1994 3308 2045 ⁸⁸.

2112 2071 2272 2132 Οὗτοι
2291 2079 2626 2151 λαμϐάνουσι
2642 2081 2926 2152 γαμϐροὺς
2943 2081 3124 2135 αὐτῶν
3136 2084 3255 2144 ταῖς
3276 2081 3609 2152 θυγατράσιν

2050 2168 2546 2240 ’Δναγορεύσαντες
2578 2173 2775 2236 αὐτοὺς
2807 2173 3092 2244 Καίσαρας
3115 2167 3203 2226 οἷα
3224 2173 3410 2240 τέκνα,

2050 2259 2111 2314 '0
2129 2260 2348 2331 πρῶτος
2382 2262 2483 2332 μὲν
2514 2262 2804 2333 Γαλλέριον
2830 2263 2921 2319 ἐπὶ
2943 2266 3010 2334 τῇ
3044 2263 3301 2335 Βαλερίᾳ,

2036 2349 2381 2419 Μαξιμιανδς
2408 2350 2466 2404 δὲ
2504 2351 2844 2407 Κώνσταντα
2872 2353 2966 2406 τὸν
3009 2354 3104 2407 τοῦ
3134 2353 3402 2408 Κ-λαυδίου
3444 2355 3607 2410 παῖδα

2039 2441 2147 2494 Τοῦ
2173 2441 2281 2513 πρὸ
2313 2443 2510 2513 μικροῦ
2532 2443 2595 2496 τὸ
2626 2443 2727 2513 τῆς
2758 2444 2932 2515 ἀρχῆς
2970 2445 3350 2515 ἀνεζωσμένου
3385 2447 3610 2516 κράτος.

2037 2529 2165 2604 Εἶχε
2207 2533 2252 2587 δ’
2281 2535 2309 2587 ὁ
2336 2533 2598 2597 Κώνστας
2630 2534 2876 2605 γαμετὴν
2919 2534 3144 2606 Ἑλένην
3164 2536 3264 2605 τὴν
3291 2537 3503 2599 ὀλϐίαν,

2050 2624 2140 2692 Ἐξ
2161 2618 2230 2697 ἧς
2261 2627 2289 2678 ὁ
2319 2625 2493 2696 μέγας
2519 2625 2745 2698 νικητὴς
2781 2627 3021 2697 προῆλθε
3047 2629 3459 2691 Κωνσταντῖνος
3489 2644 3502 2657 ⁹

2042 2714 2202 2770 Ἀλλὰ
2227 2716 2334 2787 γὰρ
2370 2716 2787 2787 δυσωπούμενος
2821 2717 2880 2771 τδ
2907 2718 3069 2787 κῆδος
3097 2719 3193 2772 τοῦ
3220 2719 3487 2791 τυράννου

2035 2806 2215 2879 Αὐτὴν
2245 2807 2689 2880 ἀποϐαλλόμενος
2719 2809 2979 2879 μίγνυται
3007 2808 3283 2882 Θεοδὼρᾳ,

3286 2900 3437 2957 Vers.
3464 2902 3605 2956 2515

2862 3038 3115 3095 obscuris
3178 3038 3234 3093 in
3287 3038 3602 3093 carceribus

348 3114 619 3171 invidiosa
653 3116 870 3174 Juliano
914 3120 1134 3178 deserto
1179 3122 1385 3181 Severo
1434 3128 1653 3195 arrisit,
1690 3146 1928 3202 eumque
1955 3127 1997 3187 ϐ
2028 3130 2186 3185 multi
2223 3130 2694 3195 custodiebantur,
2750 3129 3055 3200 prazsertim
3093 3144 3124 3183 a
3172 3128 3393 3184 Christo
3432 3128 3604 3183 deno-

344 3206 501 3259 vultn
522 3207 688 3261 hilari
720 3209 977 3279 respexit.

416 3293 523 3365 47
557 3295 717 3351 Hunc
772 3298 937 3353 audio
989 3299 1243 3356 balneum
1306 3303 1571 3377 Zeuxippi
1615 3309 1929 3366 condidisse

345 3400 607 3455 magnum
660 3388 796 3443 illud
847 3398 903 3444 et
948 3392 1367 3449 celeberrimum
1421 3397 1732 3469 Byzantina;
1776 3403 1930 3458 urbis

343 3479 700 3543 miraculum,
738 3481 977 3552 itemque
1016 3485 1236 3554 plenum
1270 3487 1406 3543 illud
1452 3491 1787 3549 admiranda:
1836 3511 1930 3551 vo.-

344 3570 575 3640 luptatis
632 3588 695 3626 ac
743 3574 1124 3645 delectationis
1154 3564 1313 3649 opus,
1354 3582 1500 3651 quod
1551 3583 1681 3640 totis
1710 3586 1929 3656 oppidis

342 3669 399 3714 ct
436 3660 756 3718 nationibus
802 3667 1116 3722 recreandis
1152 3669 1397 3738 sufficit;
1444 3673 1498 3726 in
1546 3690 1656 3744 quo
1712 3677 1929 3732 scilicet

342 3753 475 3821 equi
503 3764 782 3810 certantes
810 3756 954 3811 inter
970 3773 1089 3815 sese
1107 3761 1489 3820 delectationis
1515 3766 1767 3823 humana:
1800 3785 1929 3839 gra-

344 3844 419 3896 tia
459 3844 784 3903 decurrunt.

413 3935 689 3992 Caeterum
734 3939 973 3996 Severus
1006 3942 1097 3999 ubi
1147 3947 1281 4000 satis
1326 3948 1550 4004 vixisset
1585 3950 1637 4004 in
1675 3952 1930 4022 imperio,

346 4036 605 4099 totosque
636 4030 688 4084 in
727 4047 794 4087 eo
828 4033 895 4087 l7
919 4050 1094 4089 annos
1124 4039 1416 4108 exegisset,
1448 4043 1601 4111 gravi
1633 4060 1932 4114 oppressus

345 4120 546 4174 morbo
580 4122 748 4175 vitam
794 4140 921 4178 cum
975 4138 1154 4184 morte
1208 4134 1590 4188 commutavit.
1633 4136 1933 4196 Moriturus

343 4210 481 4263 tiliis
538 4212 657 4265 suis
710 4226 925 4285 sceptra
989 4218 1234 4287 reliquit,
1288 4236 1524 4291 quorum
1578 4235 1711 4281 natu
1760 4230 1934 4301 major

341 4302 612 4355 Antonini
644 4319 843 4360 nomen
861 4308 1118 4375 habebat,
1151 4323 1574 4382 cognomentum
1597 4314 1887 4373 Caracallaz
1915 4338 1928 4373 :

2029 3223 2244 3278 minati.
2271 3223 2482 3295 Quippe
2514 3231 2738 3279 ventum
2771 3222 3022 3292 quemvis
3054 3222 3441 3292 gravissimum
3488 3222 3602 3288 spi-

2034 3311 2209 3366 rando
2244 3320 2569 3380 superantes
2613 3311 2908 3380 plantulam
2942 3310 3161 3379 pietatis
3203 3310 3383 3363 adhuc
3417 3324 3605 3367 recom-

2033 3409 2143 3456 tem
2173 3401 2436 3456 radicitus
2464 3402 2697 3456 evellere
2730 3400 2990 3470 singulari
3017 3400 3199 3453 studio
3241 3399 3601 3461 conabantur,

2031 3491 2203 3546 veluti
2244 3506 2456 3544 ramum
2487 3488 2779 3558 quemdam
2831 3504 2942 3542 non
2973 3489 3047 3542 ita
3082 3487 3291 3558 pridem
3337 3487 3602 3542 insertum

2029 3583 2354 3639 arboremve
2409 3582 2682 3639 tenellam.
2739 3581 2878 3635 Hinc
2917 3589 3206 3646 tormenta,
3234 3580 3472 3645 vincula,
3498 3595 3607 3634 ma-

2030 3675 2299 3730 ctationes
2319 3674 2634 3739 hominum;
2666 3673 2796 3729 hinc
2810 3688 3004 3751 carnes
3024 3671 3370 3727 membratim
3394 3672 3603 3726 discer-

2034 3767 2347 3836 pebantnr,
2408 3775 2665 3835 tanquam
2730 3766 2786 3820 in
2834 3765 3063 3819 macello
3123 3764 3242 3819 fieri
3298 3764 3604 3819 consuevit.

2029 3857 2326 3911 Enimvero
2367 3866 2723 3926 posteaquam
2762 3872 2830 3911 ex
2854 3854 3021 3909 animi
3058 3855 3216 3910 libitn
3250 3855 3383 3909 satis
3419 3855 3521 3910 hac
3551 3854 3604 3909 in

2032 3956 2188 4017 parte
2219 3947 2381 4002 bruto
2401 3947 2615 4017 impetu
2644 3946 3038 4010 decertassent,
3073 3945 3381 4015 frustraque
3409 3961 3604 4000 canum

2031 4038 2366 4094 furiosorum
2394 4040 2448 4094 in
2484 4054 2691 4094 morem
2721 4040 3036 4101 latrassent,
3058 4053 3159 4092 nec
3188 4047 3367 4092 tamen
3399 4036 3606 4092 Christi

2034 4148 2236 4186 nomen
2269 4131 2490 4186 abolere
2531 4131 2856 4201 potuissent,
2882 4129 2950 4184 ad
2978 4130 3247 4184 insaniam
3273 4129 3479 4183 redacti
3503 4128 3606 4182 mi~

2036 4221 2254 4277 serrimi
2290 4222 2543 4276 homines
2568 4221 2780 4292 abjecta
2811 4235 3015 4276 corona
3040 4229 3213 4274 semet
3237 4219 3305 4274 ad
3330 4218 3604 4275 fortunam

2035 4320 2090 4368 et
2145 4312 2521 4367 conditionem
2565 4312 2919 4368 humiliorem
2973 4312 3306 4375 demittunt,
3358 4312 3607 4382 adeoque

341 4388 509 4441 alteri
537 4388 686 4444 Geta:
711 4408 911 4449 nomen
934 4408 1190 4467 parentes
1219 4400 1556 4459 indiderant.
1580 4405 1930 4463 Praefuernnt
1967 4451 2005 4472 η
2033 4415 2314 4459 curatores
2353 4404 2658 4468 hortorum,
2679 4404 2938 4458 arborum
2972 4404 3327 4472 plantatores,
3370 4402 3610 4458 fossorcs

339 4494 523 4536 annos
555 4484 782 4540 omnino
813 4503 908 4541 sex
947 4497 1003 4543 et
1032 4506 1249 4546 menses
1273 4492 1433 4546 duos.

412 4571 555 4626 Cum
585 4581 767 4630 autem
796 4578 911 4633 alea
945 4580 1161 4651 imperii
1205 4583 1406 4652 szepius
1440 4585 1510 4640 ab
1558 4566 1755 4643 uno'ad
1790 4589 1930 4644 alte-

343 4676 473 4714 rum
492 4679 548 4718 se
562 4668 946 4735 convertisset,
967 4674 1314 4741 praeteralios
1330 4676 1667 4732 Diocletiano
1688 4696 1926 4751 quoque,

340 4753 473 4808 viro
502 4757 947 4825 sceleratissimo,
974 4778 1244 4818 summam
1280 4777 1606 4835 potestatem
1642 4773 1853 4827 tribuit.
1879 4774 1929 4829 Is

338 4842 612 4911 adjuncto
643 4847 746 4901 sibi
774 4849 1100 4909 Maximiano
1120 4853 1396 4921 Herculio,
1428 4858 1642 4915 Satanas
1674 4862 1804 4927 lilio,
1832 4863 1927 4932 qui

340 4933 543 4988 eadem
579 4947 700 4992 erat
730 4954 855 4994 cum
892 4943 1011 5012 ipso
1057 4946 1111 4999 in
1150 4950 1443 5011 sententia,
1475 4963 1786 5006 consortem
1820 4955 1926 5008 im-

338 5025 489 5091 perii
531 5026 682 5083 fecit.
729 5030 775 5085 Ο
820 5036 1134 5102 patientiam
1192 5049 1360 5103 tuam,
1415 5042 1511 5095 Fili
1564 5043 1660 5097 Dei
1693 5044 1924 5101 Sermo!

337 5114 485 5170 Cum
537 5121 648 5175 duo
697 5139 892 5194 magna
942 5129 1082 5182 mala
1128 5131 1290 5186 simul
1340 5144 1754 5200 concurrerent,
1795 5136 1927 5206 quid

336 5209 677 5268 calamitatis
726 5231 835 5270 non
885 5218 1108 5273 aderat?
1157 5221 1297 5287 Quid
1345 5241 1454 5279 non
1511 5225 1930 5296 designabatnr?

339 5298 564 5369 Ubique
612 5306 813 5373 caedes,
856 5312 1234 5379 mactationes,
1294 5318 1576 5384 sanguinis
1628 5320 1930 5376 effusiones

2030 4494 2283 4563 stirpium
2322 4495 2644 4566 olerumque
2673 4495 2975 4549 nutritores
3008 4492 3166 4548 fiunt.
3202 4494 3270 4547 At
3310 4492 3403 4549 ubi
3447 4510 3609 4549 recu-

2031 4601 2225 4656 perarc
2244 4587 2446 4641 vellent
2470 4586 2787 4656 imperium,
2806 4584 3135 4657 gravissimo
3154 4584 3381 4641 caedium
3406 4601 3607 4655 genere

2029 4678 2198 4733 vitam
2233 4678 2553 4738 amiserunt.

2098 4770 2346 4827 Generos
2373 4771 2477 4826 sibi
2514 4771 2855 4843 delegerant,
2888 4771 3092 4840 quibus
3137 4770 3260 4825 tiliae
3307 4770 3604 4832 nuberem,

2029 4879 2233 4933 eosque
2268 4872 2525 4932 tanquam
2564 4873 2721 4918 natos
2743 4880 2807 4917 ex
2837 4878 2895 4917 se
2927 4862 3069 4917 ﬁlios
3092 4861 3335 4918 Caesares
3356 4862 3607 4933 designa-

2033 4963 2176 5016 rant,
2213 4954 2424 5023 primus
2455 4954 2677 5024 quidem
2701 4953 3002 5017 Galerium,
3032 4952 3261 5008 Valeriae
3292 4952 3413 5008 tilia:
3442 4955 3606 5008 mari-

2028 5054 2165 5111 tam,
2198 5046 2335 5101 alter
2367 5062 2517 5111 vero,
2556 5047 2818 5100 nimirum
2847 5045 3229 5110 Maximianus,
3250 5046 3607 5105 Constantem

2026 5137 2239 5194 Claudii
2290 5139 2503 5203 lilium,
2539 5141 2633 5208 qui
2691 5155 2801 5193 non
2848 5139 2920 5193 ita
2966 5137 3181 5207 pridem
3218 5139 3603 5209 imperaverat.

2028 5230 2275 5285 Habebat
2317 5233 2429 5302 jam
2472 5239 2585 5285 tum
2619 5231 3186 5286 Constans-Helenam
3239 5248 3491 5297 uxorem,
3525 5232 3607 5287 fc-

2028 5322 2231 5377 minam
2264 5323 2655 5407 beatissimam,
2692 5338 2721 5378 e
2747 5339 2851 5392 qua
2879 5339 3108 5394 magnus
3125 5323 3215 5378 ille
3241 5324 3608 5395 triumphator

1706 5486 1908 5548 Varia)
1952 5486 2286 5550 lectiones.

412 5587 466 5619 ”
497 5589 1049 5666 Ezscwjgbtapxésa;
1087 5599 1200 5655 RR.
1287 5603 1332 5634 ⁸⁸
1362 5605 1692 5666 προσπίπτει
1719 5605 1835 5660 RR.

335 5726 385 5756 “
412 5725 575 5784 Hunc
602 5747 749 5787 vers.
782 5750 891 5788 om.
919 5725 987 5791 lt:
1017 5725 1237 5796 νοόνους
1264 5742 1432 5796 εἴκοσι
1460 5725 1645 5800 δύο

1935 5608 1981 5641 ⁸⁷
2014 5609 2327 5672 Ἀντωνῖνος
2354 5609 2512 5665 ABR.

334 5671 638 5748 neris-um.
670 5660 783 5716 RR.
830 5660 1214 5748 ’δ’ἐκράτησαν
1243 5673 1315 5748 ΑΖ
1380 5660 1425 5706 ⁸⁵
1452 5676 1928 5748 αύτογνωμονοῦντ

2117 5660 2173 5711 ιε
2198 5660 2254 5732 δ”
2276 5660 2480 5735 abitu.

2614 5611 2660 5644 ⁵⁸
2695 5610 2788 5665 τοῦ
2823 5610 3212 5678 γεγεννηκότος
3259 5609 3418 5663 ABR.
3455 5607 3609 5665 Hunc

2580 5681 2623 5712 “
2654 5681 2961 5753 πρυμνόθεν
2982 5681 3094 5736 AR.
3195 5684 3241 5716 °’
3261 5679 3605 5747 κατάγοντεςο
