4106 6206
467 285 573 351 3θῖ

470 386 816 471 Μαξιμιανοῧ
849 403 913 472 τῇ
964 401 1220 471 θυγατρὶ,
1256 402 1351 455 καὶ
1398 402 1593 465 παῖδας
1626 406 1931 472 ἀποτίκτει,

469 492 603 545 Μεθ’
623 486 698 546 ὧν
721 494 814 546 καὶ
836 493 927 545 τὸν
954 493 1333 547 Κωνστάντιον
1356 492 1447 547 τοῦ
1481 494 1681 548 Γάλλου
1711 497 1804 549 τὸν
1832 495 2043 568 πατέρα

471 585 584 637 Καὶ
612 584 707 636 τοῦ
743 585 1238 654 παρανομήσαντος
1289 586 1385 642 καὶ
1427 586 1884 658 δεδυσσεόηκότος

484 671 770 725 Ἰουλιανοῦ
797 671 890 724 τοῖ
938 674 1184 746 μυσαροῦ
1221 676 1311 728 καὶ
1344 679 1814 748 καταρατοτὰτου.

551 763 611 814 '0
647 764 1063 830 Κωνοταντῖνος
1104 768 1396 838 τοιγαροῦν
1443 769 1539 820 τοῦ
1593 768 1949 833 Κώνσταν-τος
1984 772 2045 825 τὸ

1856 861 2047 934 [λάχος

484 948 573 1012 Ὦς
597 948 867 1019 πατρικὸν
899 949 1260 1021 παραλαϐὼν,
1285 951 1381 1003 καὶ
1412 951 1628 1022 βλέπων
1654 952 1722 1006 τὰ
1756 953 2046 1026 Ῥωμαίων

472 1039 679 1104 Κακῶς
712 1041 1224 1111 περιστροὸούμενα
1268 1041 1460 1106 ζάλαις
1514 1043 1945 1117 ἁλλεπαλλήλοις

483 1132 573 1194 Ὠς
602 1134 701 1200 τῆς
732 1132 909 1203 ἀρχῆς
955 1134 1036 1196 είς
1079 1132 1333 1197 πλείονας
1366 1133 1540 1205 ἀρχὰς
1568 1136 1909 1208 διῃρημένης

474 1217 673 1295 (Ἧρχε
720 1221 816 1276 καὶ
870 1223 978 1296 γὰρ
1024 1222 1346 1289 Μαξέντιος,
1383 1228 1477 1277 καὶ
1514 1227 1828 1301 μετ’ναύτοῦ
1869 1230 1911 1260 ⁸⁴
1947 1230 2046 1281 Σε-

1834 1317 2046 1390 [δῆροα

475 1404 586 1457 Καὶ
629 1405 937 1477 Μαξιμῖνος
995 1407 1093 1461 σὺν
1144 1410 1294 1480 αύτῷ
1333 1410 1472 1481 μετὰ
1507 1411 1552 1442 ⁵⁸
1584 1410 1677 1465 τοῦ
1708 1411 2047 1481 Γαλλερίου),

488 1494 720 1565 Ἔγείρει
736 1497 913 1567 μάχας
931 1499 976 1531 ⁸⁸
991 1500 1110 1553 κατ’
1136 1501 1801 1573 αὐτῶν,.κατατροποῦται
1820 1503 2046 1565 πάντας,

477 1584 589 1635 Καὶ
618 1583 876 1654 βασιλεὺς
917 1585 1240 1641 καθίσταται
1280 1588 1377 1641 κα)⁸
1411 1588 1635 1659 κράτωρ
1669 1590 2047 1661 μονοκράτωρ,

1635 291 2140 355 CONSTANTINI
2181 297 2556 361 MANASSIS

3610 304 3721 372 306

2068 413 2111 468 Α
2144 410 2249 463 Καὶ
2289 412 2396 483 γὰρ
2432 412 2909 484 μεγαλοπτέρυγες
2959 414 3171 484 ὄρνιθες
3202 416 3534 481 ὲπιπτάντες
3560 417 3607 449 ⁸⁸

2145 503 2282 566 Τοὺς
2313 504 2490 568 λίθους
2520 505 2947 575 ἀφαρπᾶσαντες
2975 508 3021 540 ⁷⁸
3067 508 3410 578 μετήνεγκαν
3440 509 3722 571 ⁷¹χὲκεῖθεν

2158 596 2282 650 Ἐπὶ
2316 598 2413 668 τὴν
2446 600 2598 653 πόλιν
2651 598 2923 665 Βύζαντος
2970 601 3071 669 τὴν
3105 600 3613 671 περικαλλεστάτην
3646 601 3714 656 ’⁸.

2159 688 2216 743 Ὀ
2244 690 2424 743 τοίνυν
2466 690 2870 762 θεοφρούρητος
2900 691 3142 755 αὐτάναξ
3167 692 3584 756 Κωνσταντῖνος

2147 781 2261 834 Ούκ
2295 782 2402 835 ἀπὸ
2449 781 2617 853 τύχης
2667 783 2940 851 ἐγνωκὼς,
2981 783 3098 837 ἀλλ’
3130 783 3239 837 οὐδ’
3275 786 3339 836 ἐκ
3375 784 3720 855 ταυτομᾶτου

2148 873 2429 943 Συμεῆναι
2454 874 2519 927 τὸ
2548 875 2840 945 γενόμενον
2870 874 3029 928 τοῦτο
3060 877 3190 946 περὶ
3217 876 3342 938 τοὺς
3373 876 3576 939 λίθους,

2161 963 2402 1015 Ἐκεῖθεν
2433 963 2804 1032 μεταθέμενος
2854 966 3079 1033 στρέψει
3114 965 3214 1034 τὴν
3254 964 3484 1036 γνώμην
3516 965 3647 1035 ὃλην

2149 1054 2274 1108 Ἐπὶ
2305 1054 2403 1126 τὴν
2447 1056 2851 1126 πανευδαίμονα
2903 1057 3060 1111 πόλιν
3090 1056 3199 1111 τῶν
3241 1058 3579 1123 Βυζαντίων,

2150 1148 2256 1201 Καὶ
2286 1147 2442 1200 πόλιν
2480 1147 2786 1201 ὀ).6ιὸπολιν
2820 1149 2956 1220 αὐτῇ
2994 1152 3438 1221 προσανεγείρει,

2151 1238 2315 1292 Πόλιν
2343 1239 2440 1310 τὴν
2475 1239 2863 1310 μεγαλόπολιν,
2888 1240 3044 1294 πόλιν
3082 1241 3184 1311 τὴν
3203 1245 3332 1297 νέαν
3378 1243 3617 1314 Ῥώμην,

2164 1331 2383 1401 Ῥώμην
2423 1332 2523 1403 τὴν
2576 1331 2945 1405 ἀρῤυτίδωτον
2970 1372 2985 1396 ,
3026 1334 3128 1405 τὴν
3179 1336 3395 1406 μήποτε
3440 1335 3723 1408 γηρῶσαν,

2163 1423 2383 1495 Ῥώμην
2416 1424 2506 1479 ἀεὶ
2534 1425 2858 1489 νεάζουσαν,
2906 1426 2998 1481 ἀεὶ
3033 1427 3443 1499 καινιζομένην,

2162 1514 2383 1583 Ῥώμην
2435 1514 2528 1581 ἀφ’
2558 1510 2628 1587 ἦς
2678 1515 3004 1587 προχέονται
3045 1517 3286 1589 χαρίτων
3336 1519 3394 1571 αἱ
3431 1517 3724 1587 ωρμάδες,

2157 1605 2260 1658 Ἢν
2290 1606 2514 1675 ἤπειρος
2557 1605 3026 1675 προσπτύσσεται,
3057 1605 3302 1661 θάλασσα
3331 1606 3619 1673 δεξιοῦται,

479 1674 602 1768 ξαν-μ
619 1673 845 1768 θρέμμξκ
881 1675 1092 1742 γίνεται
1142 1677 1384 1745 Χρισττοδὖ
1436 1679 1639 1748 σεπτῆς
1695 1678 2048 1750 ἀγελαρχίας›
2084 1745 2122 1768 η
2163 1673 2371 1760 Ἦπίως
2401 1673 2786 1765 ἄγκαλίζονται
2823 1696 3080 1766 παλάμαι
3100 1697 3200 1765 τῆς
3225 1696 3519 1768 Εὐρώπης,

480 1763 704 1860 ιλιξῶτος
724 1764 974 1860 ἀγάκτων
996 1768 1323 1839 maxuma
1341 1745 1765 1840 προσκολληθειέ
1788 1745 2048 1840 me.
2084 1745 2123 1800 Β
2167 1745 3078 1860 £45,112;'s;".;;,;.;a..;';s";g;
3108 1745 3496 1859 ἓᾸέεᾶἶσὲξεέἐ

480 1850 647 1921 Οὗτος
674 1857 894 1913 καθεῖλε
929 1861 1056 1924 τοὺς
1106 1861 1344 1933 βωμοὺς,
1376 1862 1587 1915 ἔκλεισε
1622 1863 1691 1916 τὰ
1723 1862 1926 1933 τεμένη

491 1948 581 2002 Ἐν
610 1944 690 2013 οἷς
734 1954 1017 2023 προσῆγον
1061 1954 1321 2024 Ἕλληνες
1358 1956 1575 2025 δαίμοσι
1600 1955 1701 2019 τὰς
1734 1956 1947 2023 θυσίας,

479 2039 592 2093 Καὶ
635 2041 746 2095 τῶν
796 2043 1041 2113 αἰσχρῶν
1077 2045 1394 2115 ἐναγισμῶν
1424 2047 1517 2099 καὶ
1560 2046 1822 2117 ῥυπαρῶν
1849 2047 2055 2118 ὀργίων

480 2129 686 2200 Σχολὴν
714 2134 1133 2205 κατεψηφίσατο
1161 2139 1257 2192 καὶ
1285 2139 1468 2204 πάσης
1504 2137 1806 2209 βδελυρίας·

480 2222 592 2275 Καὶ
633 2224 827 2292 γέγονε
871 2228 1204 2300 περίτρανος
1239 2228 1476 2299 σάλπιγξ
1506 2229 1958 2303 ἀργυροσάλπιγξ

491 2310 615 2365 Ἀπ’
656 2313 842 2385 ἄκρων
871 2316 977 2384 γῆς
1027 2321 1107 2381 εἰς
1149 2320 1296 2390 ἄκρα
1326 2321 1428 2389 γῆς
1474 2320 1684 2391 ὴχοῦσα
1721 2321 1816 2376 καὶ
1852 2320 2052 2392 βοῶσα,
2090 2377 2111 2385 _

478 2405 592 2459 Καὶ
635 2409 885 2480 πανταχῆ
920 2409 963 2441 ⁸⁷
1000 2409 1336 2475 σαλπίζουσα
1374 2413 1473 2482 τὴν
1522 2415 1602 2476 είς
1656 2412 1748 2467 τὸν
1809 2413 2055 2484 Κτίστην

478 2593 696 2657 Πόλεως
730 2591 788 2646 δὲ
812 2591 1138 2662 βουλόμενος
1165 2592 1425 2664 δομῆτωρ
1452 2594 1794 2665 χρηματίσει,ι
1822 2505 2053 2626 tam].

479 2684 592 2754 Τὴν
627 2683 737 2737 τῶν
771 2683 994 2752 τυφλῶν
1024 2683 1294 2737 κατέλαϐε
1339 2684 1721 2753 Χαλκηδονίων
1746 2685 1925 2741 πόλιν.

479 2773 592 2827 Καὶ
643 2774 851 2840 κτίζειν
898 2773 1292 2846 ἀπαρξάμενος
1349 2778 1582 2846 πρᾶγμα
1617 2776 1832 2830 κατεῖδε
1877 2777 2053 2843 ξένονο

477 3022 870 3081 Constantinus
892 3023 1106 3093 genitus
1152 3022 1257 3078 fuit
1287 3022 1435 3095 :58
1460 3038 1649 3078 verum
1684 3023 1900 3095 tyranni
1942 3023 2058 3094 glo-

476 3116 605 3173 riati:
646 3115 937 3179 reveritus,
968 3131 1034 3171 ea
1072 3116 1379 3186 repudiata,
1403 3115 1705 3170 Theodorte
1744 3114 2057 3184 conjugium

478 3209 763 3279 amplexus
787 3218 893 3270 est,
921 3208 1244 3264 Maximiani
1276 3208 1420 3272 tiliae,
1456 3207 1524 3262 de
1569 3222 1676 3277 qua
1719 3206 1924 3261 liberos
1970 3214 2054 3261 et-

477 3296 585 3351 iam
626 3297 961 3367 procreavit,
1004 3311 1243 3366 quorum
1275 3295 1591 3350 innumero
1631 3293 1739 3347 fuit
1786 3293 2061 3348 Constan-

478 3389 589 3443 tius
645 3387 785 3444 Galli
848 3399 1005 3459 pater
1054 3376 1296 3460 itemque
1360 3386 1560 3442 Juliaui
1619 3385 2062 3456 prtevaricatoris

479 3479 631 3550 impii
674 3478 1021 3550 maximeque
1051 3478 1400 3535 exsecrandi.

550 3575 865 3633 Secundum
888 3574 1007 3629 hzec
1026 3572 1416 3629 Constantinus
1436 3588 1554 3628 eam
1580 3572 1794 3643 imperii
1823 3580 2059 3642 partem,

479 3682 601 3735 quin
629 3665 914 3722 Constanti
947 3673 1096 3721 sorte
1120 3664 1440 3729 obvenerat,
1483 3664 1652 3719 veluti
1685 3673 1914 3733 paterno
1935 3660 2071 3731 jure'

480 3754 722 3810 debitam
758 3764 1109 3820 consecutus,
1137 3770 1259 3809 cum
1293 3769 1381 3808 res
1414 3755 1685 3809 Romanas
1713 3752 1911 3807 misere
1937 3766 2061 3805 cer-

479 3856 641 3902 neret
679 3848 1093 3904 continentibus
1122 3847 1313 3918 agitari
1342 3846 1619 3912 ﬂuctibus,
1656 3846 1889 3916 imperio
1922 3844 2064 3898 mul-

482 3949 567 3995 tos
613 3940 666 3995 in
715 3940 1054 4011 principatus
1105 3939 1281 3994 divisa
1344 3939 1489 4007 (nam
1542 3953 1650 3992 una
1705 3946 1976 4007 prmerant
2011 3935 2062 3991 ei

480 4031 806 4095 Maxentius,
835 4030 1091 4093 Severus,
1136 4030 1481 4093 Maximinus,
1528 4028 1823 4102 Galerius),
1858 4028 2059 4083 bellum

481 4127 538 4180 in
567 4140 664 4181 eos
700 4133 903 4188 movet,
933 4122 1111 4194 deque
1135 4122 1351 4178 cunctis
1394 4121 1622 4178 victoria
1665 4121 1874 4191 potitus
1913 4122 2063 4176 solus

483 4215 892 4286 imperatoriam
941 4225 1262 4285 potestatem
1314 4214 2062 4284 adipiscitur:simulvene-

483 4308 641 4362 randi
672 4307 850 4379 gregis
871 4307 1151 4363 Christth
1168 4308 1403 4372 ovicula,
1434 4307 1647 4377 primus
1672 4305 2061 4375 imperatorum

484 4401 701 4457 Christo
727 4415 854 4455 vere
885 4401 1273 4472 agglutinatus.
1319 4400 1418 4455 Hic
1441 4406 1498 4454 et
1520 4414 1643 4453 aras
1673 4399 1869 4454 evertit
1897 4407 1951 4454 et
1974 4397 2066 4452 de-

485 4492 642 4548 lubra
666 4493 881 4557 clausit,
912 4492 965 4546 in
993 4492 1193 4563 quibus
1221 4491 1430 4546 etlmici
1467 4491 1622 4544 malis
1643 4490 1819 4559 geniis
1855 4490 2062 4544 hostias

486 4582 826 4648 olferebant;
856 4583 1098 4653 itemque
1119 4582 1481 4653 promulgatis
1519 4582 1732 4652 legibus
1763 4591 1948 4652 turpes
1975 4583 2063 4636 lu-

485 4675 799 4739 strationes,
828 4674 978 4745 orgia
1012 4673 1174 4740 (uada,
1205 4684 1428 4729 cunctas
1457 4673 1888 4729 abominationes
1910 4672 2067 4728 deni-

486 4781 594 4836 que
614 4783 829 4822 cessare
844 4766 1028 4838 jussit.
1046 4765 1161 4820 Hoc
1178 4766 1341 4821 modo
1361 4764 1539 4820 factus
1551 4776 1635 4820 est
1652 4765 1800 4820 velut
1815 4773 2069 4836 argentea

486 4857 736 4924 quaedam
770 4858 921 4921 tuba,
966 4871 1087 4927 qua:
1114 4856 1257 4911 clare
1289 4856 1357 4910 ab
1384 4855 1646 4911 extremis
1700 4864 1860 4910 terra:
1894 4856 2067 4925 parti-

485 4948 592 5003 bus
624 4947 690 5003 ad
719 4948 853 5003 alias
873 4948 1246 5003 extremitates
1276 4947 1480 5012 sonuit,
1516 4962 1580 5003 ac
1616 4947 1779 5002 tidem
1811 4947 1865 5002 in
1895 4947 2064 5004 Crea-

487 5049 663 5094 torem
717 5040 970 5110 claugore
1016 5039 1233 5095 cunctis
1275 5040 1330 5094 in
1377 5039 1509 5095 locis
1555 5038 1892 5110 propagavit.
1924 5038 2059 5093 Cum

485 5140 670 5187 autem
699 5133 890 5188 urbem
923 5133 1163 5189 condere
1202 5133 1384 5197 vellet,
1427 5147 1696 5188 caecorum
1757 5130 2061 5188 Chalcedo-

484 5224 740 5280 nensium
767 5224 1043 5280 civitatem
1071 5224 1459 5281 exstruendam
1492 5225 1681 5279 statuit
1711 5241 1726 5291 ;
1751 5226 1896 5295 quod
1922 5240 2060 5295 opus

558 5484 982 5585 ⁸⁵αύτδνλῐὶῐζ.
1061 5513 1106 5545 ⁸⁸
1144 5513 1261 5582 μετ’
1285 5514 1449 5569 αὐτὸν
1484 5533 1541 5585 μ.
1572 5514 1635 5567 Α.
1714 5514 1759 5585 ᾖξ’
1775 5514 1972 5584 ’μάχην
2007 5517 2069 5569 ιι.
2148 5515 2190 5548 θ’
2226 5511 2603 5585 πανταχοῦὴῐὶ.
2663 5510 3136 5585 -Ῐῖχρηματίζε-ιν
3167 5512 3231 5565 Α.

1917 5587 1963 5618 ⁷²
1994 5602 2062 5637 πε
2072 5585 2460 5655 ρικλεεστάτην
2497 5583 2562 5637 Β.

487 5584 559 5638 R.
633 5584 678 5615 ⁷⁸
700 5583 1119 5659 ἀφαρπάζοντες
1143 5586 1209 5638 Α.
1351 5582 1697 5659 κατήνεγκαν
1722 5582 1787 5638 Β.

2239 1879 2397 1932 Ἀλλά
2428 1879 2495 1932 τὰ
2540 1879 2638 1949 μὲν
2678 1878 2980 1949 αὐχήματα
3039 1879 3246 1949 ταύτης
3301 1880 3401 1949 τῆς
3454 1878 3730 1950 βασιλίδος

2168 1970 2392 2040 Ἐτέρου
2427 1970 2586 2037 λόγου
2621 1970 2715 2024 καὶ⁸
2743 1970 2939 2041 καιροῦ
2972 1970 3335 2041 καταριθμεῖν
3358 1970 3453 2023 καὶ
3480 1969 3731 2041 γράφειν’

2167 2063 2291 2115 Ἐπὶ
2329 2063 2385 2116 δὲ
2419 2063 2516 2131 τὴν
2550 2063 2807 2134 διήγησιν
2836 2063 3000 2118 πάλιν
3034 2063 3344 2117 ἐπανιτέον.

2169 2153 2230 2208 Ὀ
2261 2154 2370 2226 γάρ
2401 2171 2483 2207 τοι
2514 2154 2560 2188 ⁷⁸
2585 2154 2950 2224 γαληνότατος
2978 2156 3073 2208 καὶ
3108 2154 3279 2224 μέγας
3307 2155 3714 2217 Κώνσταντῖνο;

2159 2246 2344 2299 Ἔτεσι
2379 2246 2478 2315 μὲν
2516 2247 2790 2318 ἐκράτησε
2820 2248 2951 2301 δέκα
2993 2250 3089 2303 σὺν
3120 2249 3314 2313 ’ἄλλοις
3361 2248 3486 2302 ῧύο

2155 2337 2272 2405 Τῆς
2299 2337 2685 2407 πρεσϐυτέρας
2730 2338 2952 2407 Ῥώμης
2986 2342 3079 2394 καὶ
3106 2340 3187 2404 δὶς
3216 2340 3347 2394 ὁέκα
3370 2340 3694 2405 Βυζαντίδος
3717 2357 3731 2370 ·

2116 2472 2118 2474 τ
2168 2427 2256 2491 Ὠς
2305 2428 2350 2480 δ’
2396 2428 2627 2498 ἔμελλεν
2671 2429 2747 2492 ὼς
2797 2428 3086 2500 ἄνθρωπος
3111 2433 3175 2484 ἐκ
3202 2431 3304 2500 γῆς
3331 2430 3735 2501 γεγεννημένος

2158 2518 2262 2571 Τὸν
2297 2517 2428 2588 χοῦν
2455 2519 2926 2590 ἁποφορτίζεσβα,
2952 2520 3046 2574 καὶ
3075 2523 3140 2593 τῇ
3176 2522 3333 2592 πηλῷ
3375 2520 3579 2574 διδόναι
3616 2520 3666 2552 ⁷⁸

2159 2609 2271 2681 Τὴν
2315 2609 2691 2664 δανεισθεῖσαν
2741 2628 2854 2683 ταρ
2916 2613 3091 2682 αὐτῆς
3150 2613 3247 2667 τοῦ
3295 2614 3527 2684 σκήνους
3573 2628 3733 2682 κερα-

3596 2702 3732 2767 είαν,

2160 2792 2542 2849 Κωνστάντιον
2575 2793 2667 2847 τὸν
2697 2794 2952 2867 δεύτερον
2980 2794 3096 2849 υἱὸν
3129 2796 3457 2868 ἀναγορεύει
3527 2701 3593 2776 [μ

3412 2887 3568 2948 Vers.
3593 2888 3737 2946 9.565

2161 3039 2252 3094 ubi
2287 3039 2545 3110 cmpisset
2577 3040 2857 3106 inchoare,
2889 3056 3090 3096 novum
3122 3041 3398 3112 quoddam
3426 3042 3733 3113 prodigium

2161 3129 2322 3186 vidit.
2358 3130 2490 3185 Nam
2522 3133 2732 3203 magnis
2760 3132 2861 3188 alis
2895 3130 3139 3201 praedita:
3190 3134 3446 3188 volucres
3481 3149 3606 3188 eum
3637 3133 3735 3190 ad-

2159 3221 2456 3286 volassent,
2492 3222 2750 3292 abreptos
2798 3222 3009 3293 lapides
3054 3222 3181 3278 inde
3211 3222 3636 3294 pulcherrimam
3669 3224 3736 3279 ad

2159 3313 2352 3369 urbem
2400 3305 2754 3385 Byzantinam
2794 3312 3179 3385 deportarunt.
3215 3314 3559 3386 Quapropter
3590 3315 3738 3371 Con-

2159 3405 2433 3461 stantinus
2476 3404 2797 3474 imperator,
2833 3405 2927 3475 qui
2953 3405 3220 3461 divinitus
3257 3407 3657 3477 gubernaretur
3678 3422 3741 3461 ac

2159 3507 2465 3566 regeretur,
2513 3496 2895 3554 animadverso
2943 3512 3058 3550 rem
3108 3497 3250 3553 hanc
3298 3514 3418 3567 qua:
3465 3496 3741 3551 acciderat

2160 3602 2269 3641 non
2297 3588 2525 3643 fortuito
2557 3603 2661 3643 nec
2691 3603 2818 3642 casu
2850 3588 3120 3651 evenisse,
3175 3603 3370 3642 averso
3400 3587 3526 3643 inde
3555 3588 3739 3641 animo

2161 3689 2332 3735 totum
2366 3679 2654 3734 consilium
2680 3686 2875 3741 mutat,
2903 3693 3070 3749 seque
3091 3679 3157 3733 ad
3189 3680 3511 3749 opulentum
3537 3680 3743 3750 Byzan-

2163 3771 2365 3826 tiorum
2392 3770 2654 3841 oppidum
2692 3770 2926 3833 confert,
2952 3787 2983 3826 e
3007 3788 3117 3841 quo
3152 3770 3524 3826 beatissimam
3550 3779 3605 3826 et
3633 3771 3742 3825 for—

2162 3871 2406 3917 tunatam
2443 3863 2633 3917 urbem
2667 3862 2888 3926 excitat,
2946 3862 3163 3928 urbem,
3199 3864 3442 3932 inquam,
3470 3876 3739 3932 magnam,

2164 3953 2391 4008 Romam
2429 3948 2646 4017 novam,
2685 3952 2915 4007 Romam
2955 3962 3232 4008 carentem
3263 3953 3432 4024 rugis,
3461 3966 3740 4022 nunquam

2161 4051 2558 4102 senescentem.
2610 4043 2704 4097 sed
2759 4052 3027 4112 perpetuo
3076 4043 3525 4113 juvenescentem
3575 4056 3742 4113 seque

2164 4145 2540 4200 renovantem,
2581 4136 2806 4189 Romam
2839 4136 2985 4190 illam
3034 4135 3270 4204 denique
3299 4134 3366 4189 de
3393 4152 3498 4205 qua
3537 4135 3743 4205 gratia~

2163 4244 2283 4284 rom
2329 4228 2428 4282 rivi
2464 4227 2779 4298 proﬂuunt;
2814 4242 2976 4297 quam
3024 4235 3169 4281 terra
3221 4226 3509 4282 continens
3540 4229 3743 4296 ample-

2164 4321 2354 4384 ctitur,
2404 4330 2460 4374 et
2507 4333 2658 4371 mare
2708 4316 2948 4373 vicissim
3000 4317 3238 4386 excipit;
3294 4304 3457 4386 quam
3499 4314 3743 4384 jucunde

2164 4417 2364 4464 ornant
2418 4408 2647 4478 Europae
2695 4423 2909 4473 manus,
2952 4417 3006 4462 et
3034 4410 3102 4461 ab
3127 4406 3295 4461 altera
3335 4414 3487 4475 parte
3520 4420 3579 4459 os
3603 4403 3744 4459 Asia:

2168 4500 2541 4555 deosculatur.

2239 4590 2531 4645 Enitnvcro
2546 4589 2758 4655 laudes,
2777 4590 2979 4661 quibus
2994 4588 3111 4644 iure
3131 4588 3263 4642 urbs
3285 4587 3602 4659 imperatri;
3624 4600 3742 4640 sese

2160 4679 2350 4750 jactat,
2402 4680 2630 4734 alterius
2660 4679 2763 4733 loci
2804 4687 2859 4733 et
2893 4681 3153 4748 temporis
3181 4677 3346 4731 fuerit
3378 4690 3739 4730 enumerare:

2164 4785 2313 4825 nunc
2339 4770 2404 4824 ad
2437 4771 2744 4825 institutam
2777 4770 2911 4823 mihi
2946 4771 3315 4823 narrationem
3358 4766 3741 4822 revertendum

2163 4860 2287 4915 erit.
2341 4858 2477 4914 Cum
2508 4875 2637 4927 ergo
2670 4858 3057 4914 serenissimus
3084 4858 3174 4912 ille
3203 4855 3596 4912 Constantinus
3624 4854 3745 4924 pul-

2133 4942 2353 5006 verem
2404 4951 2653 5021 corporis
2713 4950 3066 5020 depositurus
3096 4965 3158 5002 ac
3183 4948 3516 5004 tabernaculi
3569 4946 3744 5017 ﬁguli-

2168 5058 2301 5096 num
2333 5058 2427 5096 vas
2451 5052 2628 5105 terrae,
2660 5057 2781 5112 qua:
2810 5049 3059 5094 mutuum
3125 5041 3373 5105 dederat,
3429 5039 3743 5093 redditurus

2167 5145 2335 5197 esset,
2383 5143 2670 5204 postquam
2720 5141 2999 5204 regnasset
3051 5147 3226 5186 annos
3255 5132 3338 5195 12,
3374 5131 3484 5203 49
3508 5132 3739 5186 alterum

2166 5241 2232 5279 ex
2263 5224 2389 5278 ﬁliis
2423 5223 2840 5279 Constantinum
2877 5223 3044 5279 totius
3080 5221 3321 5277 Orientis
3357 5223 3737 5292 imperatorem

1848 5365 2050 5428 Varias
2093 5367 2431 5431 lectiones.

3334 5508 3378 5541 ⁸⁸
3414 5503 3739 5566 ἐπιστάντες

2662 5581 2707 5612 ⁷³
2733 5577 2946 5651 ὡς’-(ἀρ
2973 5582 3002 5634 ὁ
3028 5580 3142 5634 ΑΒ.
3247 5578 3294 5613 ⁷⁸
3324 5577 3480 5639 Illinc
3520 5589 3736 5651 versum

487 5668 613 5724 cum
638 5643 885 5724 sequenti
926 5643 1112 5724 supra
1133 5661 1256 5724 post
1281 5643 1707 5724 Κώνσταντῖνοςς
1728 5663 1939 5722 ponunt
1979 5656 2059 5709 Ali

2159 5655 2307 5710 ddito
2342 5643 2462 5724 post
2509 5668 2563 5707 ν.
2591 5651 2826 5723 prmeed.
2849 5643 2958 5724 'qt'ti
2992 5651 3193 5707 desiuit
3225 5651 3278 5705 in
3313 5643 3739 5719 γεγεννημένος,

488 5722 593 5781 hoc
624 5740 639 5781 :
678 5724 759 5788 είς
796 5723 893 5795 τὴν
919 5721 1086 5793 αὐτὴν
1117 5721 1399 5794 εἰσδράμοι
1419 5722 1475 5777 δὲ
1501 5723 1597 5793 τὴν
1626 5721 1836 5788 πάντας
1862 5724 2210 5795 ὲκδαμάζων.
