4080 6206
346 365 452 427 30‘.)

349 472 727 541 ιιάσηςθεῴας
758 468 1024 541 κράτορα,
1057 468 1168 532 τοῖς
1197 468 1254 521 δὲ
1285 468 1440 522 παισὶ
1456 471 1567 531 τοῖς
1593 469 1773 532 ἄλλοις

349 559 552 634 (Ἦσαν
580 560 628 612 δ’
659 559 842 622 αὐτοῖς
867 558 1105 627 ὀνόματα
1144 556 1406 621 Κώνστας
1431 558 1525 611 καὶ
1553 557 1903 611 Κωνσταντῖ-

1707 647 1837 719 [νος)

349 741 587 813 Χειρίζει
608 740 656 773 ⁷⁸
671 739 740 793 τὰ
778 739 1132 811 προσέσπερα
1162 739 1257 792 καὶ
1286 738 1505 807 Ῥώμην
1531 738 1627 791 καὶ
1656 738 1904 801 Γαλλίας.

359 832 495 887 Ἀλλ’
516 827 665 885 οὗτοι
711 830 810 898 μὲν
856 828 1176 898 ἀπέσϐησαν
1210 828 1391 897 τάχιον
1423 829 1518 881 καὶ
1543 827 1651 899 πρὸ
1689 827 1908 898 χρόνου,

350 923 591 992 Πόλεμον
623 921 764 990 φεῦῑ
797 922 877 982 εἰς
910 919 1149 989 ἔμφυλον
1171 919 1420 989 ἀλλήλοις
1436 917 1808 981 καταστάντες

351 1015 456 1066 Kal
485 1013 585 1075 τὰς
619 1012 870 1081 ἀλλήλων
917 1011 1163 1073 θέλοντες
1200 1012 1447 1080 ἁρπάσαι
1480 1010 1525 1042 ⁷⁸
1572 1008 1867 1080 κρατορίας
1891 1028 1906 1042 ο

350 1102 442 1163 El;
474 1102 635 1170 μόνον
664 1100 723 1153 δὲ
756 1098 1130 1153 Κωνστάντιον
1177 1099 1238 1151 τὸ
1291 1101 1401 1152 πᾶν
1451 1099 1652 1170 μετέϐη
1687 1098 1907 1170 κράτος,

354 1192 450 1253 ’ος
493 1190 561 1244 τὰ
602 1190 702 1259 μὲν
746 1189 939 1259 πρῶτα
974 1189 1232 1260 Καίσαρα
1255 1190 1520 1260 τετίμηκε
1551 1189 1644 1242 τὸν
1682 1189 1908 1253 Γάλλον,

354 1279 454 1331 Τὸν
482 1278 813 1348 αὐτανεψιδν
861 1278 1049 1343 αὐτοῦ,
1089 1279 1183 1332 τὸν
1233 1278 1615 1332 Κωνσταντίου
1654 1278 1838 1343 παῖδα,

352 1369 713 1424 Βασιλειῶντα
754 1371 810 1423 δὲ
847 1368 1038 1440 μαθὼν
1074 1370 1172 1423 καὶ
1200 1372 1484 1441 τυραννεῖν
1517 1369 1772 1440 ὁρμῶντα
1855 1371 1863 1379 ’

352 1462 456 1514 Kal
484 1461 663 1515 πάντα
699 1460 1091 1532 μηχανώμενον
1124 1460 1264 1514 ὥστε
1307 1462 1488 1530 τυχεῖν
1526 1459 1619 1512 τοῦ
1648 1459 1816 1512 πόθου

351 1549 458 1619 Τὴν
486 1549 737 1620 κεφαλὴν
783 1550 1057 1618 ἀφείλετο,
1110 1552 1290 1604 πᾶσαν
1347 1549 1523 1620 ὁρμὴν
1569 1549 1907 1618 προφθάσας.

348 1641 449 1693 Τὸν
479 1640 709 1709 ἀδελφὸν
740 1639 836 1693 τοῦ
874 1640 1076 1695 Γάλλου
1103 1640 1182 1703 δὲ,
1217 1640 1308 1694 τὸν
1336 1643 1518 1711 χοῖρον
1545 1640 1636 1693 τὸν
1673 1638 1906 1711 δυσώδη,

358 1732 650 1786 Ἰουλιανδν
674 1732 754 1803 τῷ
778 1732 1058 1802 Καίσαρος
1086 1733 1359 1801 ἐκόσμησε
1392 1733 1663 1801 στεφάνῳσ

359 1823 475 1891 Ἐφ’
502 1817 587 1885 οἷς
617 1822 1001 1892 ἀστεῖζόμενος
1027 1822 1186 1892 δῆθεν
1217 1823 1245 1875 ό
1274 1822 1628 1891 Παραιϐάτης,

346 1913 455 1965 Καὶ
475 1913 573 1983 τὴν
607 1914 813 1982 ἐσθῆτα
838 1914 946 1984 ’τὴν
978 1912 1142 1966 αὑτοῦ
1166 1914 1380 1975 δεικνὺς
1398 1912 1496 1984 τὴν
1517 1916 1580 1967 ἐκ
1602 1915 1909 1985 πορφύρας,

355 2002 560 2055 Ἐκεῖνο
588 2004 651 2056 τὸ
684 2002 1046 2073 θρυλούμενον
1079 2004 1302 2071 ἐπέλεγε
1331 2008 1443 2066 τοῖς
1483 2005 1649 2066 πέλας
1678 2021 1693 2036 ο

350 2111 371 2145 ι
409 2093 729 2163 Πορφύρεός
755 2111 815 2147 τε
836 2094 1063 2157 θάνατος
1093 2093 1357 2147 κατέλαϐε
1392 2095 1486 2146 καὶ
1519 2097 1681 2164 μοῖρα
1707 2096 1773 2157 ⁷⁸³,
1816 2113 1834 2146 ι

353 2183 442 2246 Ὠς
482 2185 541 2237 ἐν
575 2183 810 2254 χλαμύδι
852 2186 1111 2255 πορφυρᾷ
1160 2183 1255 2237 καὶ
1288 2184 1494 2236 Γάλλου
1563 2184 1907 2254 τεθνηκότος.

341 2274 500 2328 Μετὰ
540 2276 736 2346 μικρὸν
763 2275 809 2329 δ’
849 2278 1146 2329 ἀποστατεῖ
1172 2275 1306 2328 Θεοῦ
1349 2276 1444 2330 καὶ
1477 2276 1766 2346 βασιλέως,

341 2366 665 2437 Ἐξόμνυται
693 2367 785 2421 τὸν
819 2366 1091 2437 σεϐασμὸν
1113 2366 1172 2421 ὃν
1191 2363 1336 2437 εἶχεν
1359 2369 1438 2430 είς
1460 2369 1505 2400 ⁷⁸
1529 2368 1621 2422 τὸν
1648 2370 1903 2442 Κτίστην,

338 2458 455 2511 Kal
513 2458 914 2529 προσκολλᾶται
938 2458 1159 2529 δαίμοσι
1203 2458 1317 2521 τοῖς
1349 2458 1799 2529 τρισαλιτηρίοις,

339 2550 576 2619 Αῖμασιν
615 2550 914 2603 άποπλύνει
952 2550 1008 2604 δὲ
1031 2550 1131 2618 φεῦ
1155 2550 1168 2604 l
1196 2548 1258 2605 τδ
1286 2549 1508 2620 λουτρὸν
1539 2549 1601 2602 τὸ
1630 2549 1792 2617 θεῖον,

338 2639 527 2692 Ὅπλα
558 2643 696 2693 κινεῖ
718 2642 810 2695 καὶ
837 2642 1069 2710 πόλεμον
1099 2642 1243 2694 κατὰ
1275 2640 1368 2694 τοῦ
1410 2639 1743 2706 Σεσωκότος,

340 2730 455 2781 Καὶ
479 2731 818 2800 περιτίθησιν
845 2731 995 2800 αὐτῷ
1031 2730 1130 2813 τὴν
1167 2729 1621 2801 αύτοκρατορίαν.

343 2817 531 2887 Ὅπερ
560 2818 749 2889 μαθὼν
775 2819 1174 2885 Κωνστάντιος,
1192 2820 1289 2873 καὶ
1314 2819 1391 2891 τῷ
1420 2820 1575 2891 θυμῷ
1600 2820 1900 2891 καχλάσας,

334 3060 612 3131 designat,
661 3061 887 3132 reliquis
932 3062 1165 3128 duobus,
1202 3078 1437 3131 quorum
1479 3072 1635 3119 erant
1682 3066 1902 3123 nomina

334 3145 610 3202 Constans
637 3158 693 3203 et
718 3147 1124 3215 Constantinus,
1162 3149 1387 3205 Romam
1420 3150 1619 3206 Gallias
1645 3165 1904 3210 caeteras-

335 3251 444 3303 que
512 3250 701 3290 versus
747 3236 1091 3292 Oecidentem
1141 3238 1273 3293 sitas
1354 3240 1661 3309 provincias
1718 3244 1902 3299 tradit.

332 3323 515 3393 Atque
537 3324 593 3377 hi
615 3325 833 3393 quidem
854 3334 981 3381 ante
1007 3336 1218 3398 tempus
1245 3328 1553 3395 decessere,
1585 3332 1729 3387 bello
1758 3335 1905 3389 civili

333 3420 535 3465 contra
577 3427 637 3467 se
685 3414 915 3468 invicem
960 3416 1218 3481 excitato,
1267 3433 1390 3471 cum
1425 3420 1563 3475 alter
1616 3421 1905 3490 imperium

331 3498 566 3552 alterius
617 3515 804 3569 rapere
852 3505 1276 3558 conareturzasl
1307 3505 1482 3559 solum
1538 3516 1720 3561 autem
1757 3509 1905 3564 Con-

329 3586 599 3641 stantium
652 3589 902 3644 universa
957 3600 1194 3660 potestas
1220 3593 1459 3649 devenit.
1497 3596 1548 3650 Is
1578 3598 1754 3666 primo
1786 3598 1906 3654 Ca:-

331 3678 474 3733 saris
537 3672 854 3747 dignitatem
910 3680 1069 3741 Gallo
1123 3685 1425 3749 concessit,
1478 3688 1707 3755 patrueli
1760 3704 1904 3756 suo,

330 3766 653 3823 Constantis
685 3769 817 3826 filio.
873 3768 1072 3828 Verum
1107 3775 1202 3829 ubi
1234 3778 1588 3846 comperisset
1626 3778 1784 3851 hunc
1819 3797 1902 3835 rc-

329 3874 503 3927 gnum
538 3858 817 3926 affectare,
846 3861 913 3916 ad
945 3865 1283 3934 tyrannidem
1315 3881 1602 3935 proruere,
1630 3868 1766 3923 nihil
1795 3885 1905 3925 non

329 3949 522 4003 moliri
569 3966 677 4020 quo
724 3954 833 4007 voti
881 3970 1103 4025 compos
1135 3956 1309 4022 fieret,
1361 3957 1509 4013 omni
1553 3968 1749 4014 conatu
1788 3963 1906 4032 ejus

327 4048 627 4095 anteverso
676 4055 840 4112 caput
887 4044 937 4098 ei
972 4047 1190 4115 praecidi
1229 4049 1455 4102 curavit.
1509 4049 1713 4107 Deinde
1766 4054 1904 4109 Galli

326 4129 587 4197 fratrem,
633 4148 857 4202 porcum
892 4134 1043 4191 illum
1092 4135 1360 4203 fmtidum,
1393 4138 1667 4194 lulianum
1704 4157 1902 4198 corona

319 4220 584 4275 Caesarea
638 4223 1036 4279 cohonestavit.
1071 4224 1189 4292 Quo
1226 4227 1427 4281 factum
1453 4238 1535 4283 cst
1565 4239 1622 4284 ut
1658 4231 1906 4288 desertor

323 4308 420 4365 ille
450 4310 583 4365 ﬁdei
621 4312 891 4367 urbanum
941 4316 1195 4385 quiddam
1242 4317 1489 4385 proferre
1530 4322 1738 4385 volens,
1771 4339 1899 4392 pur-

1471 350 1970 417 COMPENDIUM
2009 354 2482 416 CIIRONICUM.

1941 470 1986 526 Α
2026 466 2186 537 Νόσῳ
2223 464 2473 528 πιέζεται
2517 466 2686 534 δεινῇ,
2717 463 2808 517 καὶ
2855 463 2972 533 μετ’
3001 462 3178 531 ὀλίγον
3218 462 3461 533 θνήσκει,

3460 352 3565 417 310

2013 553 2304 623 Κατάρξας
2323 553 2385 606 τὺ
2413 552 2687 623 βασίλειον
2721 555 2892 607 εἴκοσι
2920 552 3121 623 κράτος
3144 553 3266 624 ἐτη,

2013 644 2198 698 Ταῦτα
2226 645 2293 699 τὰ
2328 645 2452 714 τρία
2494 645 2706 714 πονηρὰ
2736 644 2803 698 τὰ
2835 645 2965 711 παρ’
2993 645 3158 698 αὑτοῦ
3188 644 3501 716 πραχθέντα

2013 735 2469 805 Ἀνακλαιόμενος
2508 736 2721 805 πικρῶς
2752 737 2848 788 καὶ
2887 735 3067 803 φέρων
3104 735 3195 788 ἐπὶ
3220 734 3465 805 γλώττης
3497 736 3565 796 ⁷³,

2012 825 2118 879 Τοῦ
2144 825 2346 878 Γάλλου
2363 826 2408 858 ⁸⁰
2434 825 2532 894 τὴν
2555 826 2832 894 ἀναίρεσιν
2864 825 2906 857 ⁸¹
2940 826 3138 888 ἀδίκως
3158 825 3228 856 ⁸¹⁶
3259 829 3565 893 γεγονυῖαν.

2015 917 2254 972 Πίστεως
2285 917 2384 985 τὴν
2426 917 2786 988 παρατροπὴν
2819 916 2912 968 καὶ
2940 915 3036 984 τὴν
3063 914 3433 984 καινοτομίαν,

2013 1007 2122 1060 Καὶ
2151 1004 2250 1076 τὴν
2272 1006 2574 1080 ἀνάρρησιν
2622 1006 2788 1060 αύτοῦ
2830 1005 2927 1058 τοῦ
2956 1005 3405 1075 θεομισεστάτου.

2082 1097 2248 1151 Ἀλλὰ
2273 1098 2384 1168 γὰρ
2407 1100 2507 1152 οὐκ
2533 1097 2825 1164 ὲνύσταξεν
2862 1097 2954 1150 ἐπὶ
2991 1096 3197 1167 μακρὸν
3226 1097 3258 1166 ἡ
3282 1096 3429 1165 δίκη,
3454 1112 3460 1118 ’

2014 1186 2138 1239 Οὐδ’
2171 1189 2200 1240 ὁ
2244 1188 2559 1257 παντόπτης
2606 1187 2884 1256 ὀφθαλμὸς
2926 1187 3246 1257 ὲκάμμυσεν
3274 1187 3358 1248 είς
3385 1185 3568 1246 πλέον,

2014 1276 2152 1330 Ἀλλ’
2176 1278 2369 1348 ἧγειρε
2406 1278 2468 1331 τὸ
2504 1278 2794 1348 βλέφαρον,
2835 1275 2942 1332 εῐδε
2968 1279 3059 1331 τὸν
3101 1279 3461 1349 Ἀποστάτην,

2013 1368 2239 1421 Κατεῖδε
2259 1369 2384 1431 τοὺς
2410 1369 2737 1439 ἐναγισμοὺς
2764 1370 2857 1422 καὶ
2883 1370 2979 1432 τὰς
3008 1369 3378 1440 ζωοσφαγίας,

2012 1459 2150 1523 Τοὺς
2178 1459 2287 1513 τῶν
2328 1459 2578 1530 αἱμάτων
2607 1461 2908 1530 ποταμοὺς,
2947 1460 3045 1523 τὰς
3074 1459 3567 1531 ἀνθρωποκτονίας,

2012 1547 2119 1599 Καὶ
2137 1549 2243 1601 πᾶν
2275 1549 2499 1620 αἰσχρὸν
2524 1550 2617 1603 καὶ
2645 1549 2886 1620 μυσαρὸν
2916 1551 3009 1604 καὶ
3040 1550 3241 1621 πλῆρες
3257 1550 3571 1613 δυσσεϐείας

2013 1634 2084 1687 Τὸ
2114 1637 2242 1705 παρ’
2259 1637 2427 1691 αὐτοῦ
2452 1638 2797 1708 τελούμενον,
2823 1640 2914 1693 καὶ
2935 1640 3233 1710 μυσαχθεὶς
3250 1642 3350 1710 τὴν
3370 1641 3573 1693 λύσσαν

2012 1725 2135 1787 Τοῖς
2165 1727 2402 1796 Πέρσαις
2432 1730 2817 1799 παραδέδωκεν
2838 1729 2884 1762 ⁸³
2922 1731 2997 1794 ὡς
3026 1729 3238 1784 λέουσιν
3265 1730 3481 1801 ἀγρίοις

1942 1791 1982 1844 Β
2014 1815 2115 1865 Τὸν
2146 1791 2327 1885 χοῖρον
2357 1817 2447 1869 τὸν
2481 1791 2824 1890 πηλόφυρτον
2869 1791 3084 1891 πικρῶς
3115 1791 3501 1891 διασπαράξαι.

2016 1903 2129 1956 Καὶ
2159 1905 2350 1958 πίπτει
2375 1906 2474 1975 μὲν
2506 1909 2535 1959 ὀ
2567 1908 2833 1976 δυσσεϐὴς
2861 1908 3023 1977 ἔργον
3052 1912 3241 1976 φανεὶς
3274 1909 3573 1979 ῥομφαίας,

2010 1992 2201 2059 Μῆνας
2229 1994 2370 2047 ἑπτὰ
2403 1994 2463 2048 τὸ
2495 1984 2718 2059 εὐκλεὲς
2748 1996 2951 2065 κράτος
2990 1996 3087 2065 τῆς
3120 1995 3400 2066 βασιλείας

2010 2082 2113 2134 Σὺν
2142 2082 2239 2152 ἐτη
2275 2083 2365 2136 δύο
2396 2084 2670 2148 δυσσεϐῶς
2704 2086 2946 2156 ταράξας
2979 2087 3073 2138 καὶ
3095 2087 3363 2156 κυκήσας

2020 2170 2086 2222 'll
2134 2172 2204 2241 γῆ
2238 2171 2285 2224 δ’
2313 2172 2373 2224 ού
2430 2172 2796 2244 παραδέχεται
2837 2175 2898 2226 τὸ
2954 2173 3150 2242 σκῆνος
3197 2172 3290 2226 τοῦ
3320 2172 3570 2244 βεϐήλου,

2009 2260 2152 2313 Ἀλλ’
2183 2263 2240 2315 ὲν
2277 2262 2487 2332 σεισμῷ
2518 2267 2613 2316 καὶ
2641 2262 2895 2333 τιναγμῷ
2939 2262 3186 2316 κάτωθεν
3233 2262 3503 2317 ἀποπτύει

2009 2351 2114 2406 Τὸν
2155 2351 2410 2415 ἀσεϐείας
2448 2355 2761 2423 συσσεισμῷ
2818 2353 3121 2423 δονήσαντα
3159 2352 3205 2384 ⁸³
3230 2353 3327 2423 τὴν
3370 2354 3568 2408 κτίσιν.

2009 2441 2120 2492 Καὶ
2152 2440 2315 2495 πάλιν
2362 2441 2568 2512 λάμπει
2597 2441 2911 2511 φαιδρωπὸν
2941 2441 3039 2511 τῆς
3081 2444 3316 2506 πίστεως
3345 2444 3378 2513 ἡ
3413 2444 3573 2515 χάρις

2008 2531 2081 2583 Τὸ
2108 2531 2302 2600 στέφος
2331 2532 2607 2585 Ἰωϐιανοῠ
2632 2532 2723 2585 τοῦ
2751 2534 2980 2603 κράτους
3018 2533 3065 2566 ⁸⁸⁵
3102 2534 3415 2603 δεξαμένου.

2079 2622 2240 2675 Ἀλλά
2268 2622 2363 2675 καὶ
2399 2622 2589 2677 τούτου
2622 2622 2755 2694 πρδς
2787 2624 2982 2694 μικρὸν
3019 2625 3119 2695 τῆς
3154 2625 3325 2695 τύχης
3351 2627 3398 2659 ⁸⁸
3433 2644 3567 2694 γευ-

3242 2714 3503 2786 [σαμένου

2007 2804 2117 2860 Καὶ
2149 2804 2516 2875 παρελθόντος
2548 2806 2734 2877 τάχιον
2775 2808 2868 2861 καὶ
2889 2796 3058 2879 γῆθεν
3089 2813 3471 2879 μεταστάντος»

3257 2897 3409 2953 Vers.
3435 2897 3582 2952 2417

2005 3050 2153 3120 gravi
2186 3061 2470 3122 correptus
2496 3052 2658 3122 paulo
2690 3061 2813 3122 post
2844 3056 3012 3108 rebus
3041 3053 3295 3109 humanis
3319 3056 3571 3122 excessit,

2005 3154 2128 3194 cum
2158 3140 2376 3210 quidem
2409 3141 2507 3196 tria
2537 3143 2682 3198 male
2704 3160 2802 3213 per
2824 3158 2882 3200 se
2911 3144 3053 3200 facta
3090 3144 3403 3214 deploraret
3427 3160 3490 3201 ae
3517 3146 3573 3200 in

2004 3229 2187 3300 lingua
2223 3231 2569 3289 continenter
2604 3234 2871 3302 haberet,
2926 3236 3129 3305 primo,
3178 3237 3327 3307 quod
3376 3253 3574 3308 genere

2005 3320 2109 3375 sibi
2141 3323 2477 3393 propinquos
2516 3325 2714 3394 injuste
2746 3327 3056 3382 sustulisset
3084 3343 3112 3382 e
3143 3328 3346 3395 medio,
3375 3328 3572 3384 deinde

2005 3412 2150 3480 quod
2182 3412 2341 3467 fidem
2370 3414 2732 3469 Christianam
2784 3416 3146 3469 adulterasset
3168 3431 3232 3469 ac
3255 3415 3310 3468 in
3333 3431 3396 3470 ea
3419 3431 3570 3485 qum-

2005 3501 2128 3555 dam
2182 3502 2510 3569 innovasset,
2562 3505 2725 3558 tertio
2778 3506 2925 3575 quod
2984 3504 3363 3576 impiissimum
3424 3507 3572 3563 hunc

2005 3591 2283 3646 Iulianum
2319 3590 2586 3646 Caesarem
2623 3592 2979 3663 designasset.

2074 3681 2366 3736 Enimvero
2398 3696 2508 3737 non
2537 3683 2755 3751 longum
2785 3684 2851 3738 ad
2881 3693 3097 3754 tempus
3123 3685 3335 3755 justitia
3363 3686 3572 3741 dormi-

2007 3772 2159 3835 tavit,
2190 3787 2293 3827 nec
2320 3774 2599 3843 inspector
2624 3774 2711 3829 ille
2740 3786 3062 3830 cunctorum
3090 3777 3284 3832 oculus
3313 3777 3407 3832 diu
3437 3793 3573 3834 con-

2004 3860 2181 3915 nixit:
2214 3862 2308 3917 sed
2341 3862 2653 3933 palpebram
2686 3864 2927 3929 sustulit,
2976 3865 3311 3921 descrtorem
3343 3867 3573 3925 intuitus

2002 3956 2108 4014 est,
2144 3950 2279 4004 vidit
2302 3951 2534 4020 piacula,
2573 3954 2925 4009 mactationcs
2952 3955 3318 4022 victimarum,
3351 3958 3572 4026 sangui-

2005 4039 2092 4095 nis
2127 4041 2292 4107 rivos,
2330 4041 2614 4095 hominum
2649 4042 2845 4106 caedes,
2876 4058 3093 4097 omnem
3124 4043 3361 4114 denique
3394 4046 3570 4115 turpi-

2007 4132 2270 4196 tudinem,
2290 4132 2773 4197 abominationem,
2810 4133 3102 4202 impietatis
3125 4135 3281 4204 plena
3306 4134 3568 4203 facinora,

2004 4238 2125 4292 quae
2174 4224 2514 4293 designabat;
2546 4233 2603 4278 et
2650 4224 2889 4278 furorem
2941 4224 3177 4280 hominis
3230 4236 3565 4295 exsecratus,

2005 4311 2183 4365 Persis
2252 4311 2420 4365 veluti
2474 4312 2628 4366 sawis
2678 4312 2928 4367 leonibus
2990 4315 3292 4369 volutatum
3344 4316 3399 4372 in
3453 4317 3574 4373 luto

320 4414 500 4466 pur-ea
530 4411 681 4455 veste
712 4417 806 4456 sua
834 4411 1278 4467 commonstrata,
1335 4405 1525 4459 tritum
1576 4407 1709 4462 illud
1740 4409 1901 4480 vulgo
1934 4423 1974 4476 ι)
2003 4417 2155 4455 suem
2200 4401 2507 4456 immaniter
2538 4402 2945 4457 dilacerandum
2993 4405 3233 4460 tradidit.
3264 4405 3377 4462 lloc
3408 4408 3571 4464 modo
3628 4400 3643 4414 ’

319 4491 565 4544 verbum
615 4492 681 4545 ad
738 4500 944 4548 stantes
987 4495 1335 4549 enuntiaret:
1371 4515 1389 4547 ι
1421 4498 1700 4567 Purpurea
1754 4516 1899 4556 mors

315 4588 375 4633 et
426 4580 607 4635 fatum
656 4583 964 4651 occupavit,
1014 4602 1033 4634 ι
1092 4583 1396 4655 signiﬁcare
1454 4589 1641 4642 volens
1685 4589 1896 4643 Gallum

315 4670 494 4724 etiam
545 4672 598 4724 in
645 4681 796 4727 veste
844 4689 1113 4743 purpurea
1164 4678 1492 4730 exstinctum
1547 4677 1735 4732 fuisse.
1780 4679 1897 4732 Non

314 4769 515 4815 autem
552 4764 722 4817 multo
760 4770 881 4832 post
914 4771 1021 4818 tam
1050 4781 1079 4818 a
1109 4765 1221 4819 Deo
1252 4781 1413 4835 quam
1444 4767 1771 4837 imperatore
1799 4769 1898 4825 de-

315 4848 438 4904 ficit
468 4867 486 4905 :
522 4851 701 4919 ejurat
755 4852 1071 4920 religionem
1101 4862 1153 4907 et
1183 4855 1411 4921 cultum,
1440 4871 1547 4924 quo
1579 4855 1896 4914 Creatorem

310 4950 489 4990 suum
514 4937 805 5003 aﬂecerat;
836 4939 1268 4996 sceleratissimis
1288 4958 1345 4996 sc
1366 4943 1537 5012 geniis
1565 4945 1893 5014 agglutinat;

310 5025 598 5092 sanguine
651 5025 809 5094 (proh
851 5026 1075 5096 impium
1125 5028 1394 5100 facinus!)
1445 5031 1717 5085 lavacrum
1763 5033 1895 5087 illud

313 5110 585 5166 divinum
636 5115 804 5180 eluit;
858 5116 1061 5171 bellum
1099 5118 1363 5173 adversus
1408 5136 1533 5174 eum
1588 5122 1826 5177 concitat
1865 5138 1895 5176 a

308 5215 430 5269 quo
475 5212 731 5259 servatus
757 5204 968 5271 fuerat;
1007 5206 1298 5275 imperium
1326 5209 1563 5278 denique
1600 5212 1703 5266 sibi
1734 5228 1888 5266 usur~

308 5302 432 5361 [ραι.
470 5293 600 5358 Quo
630 5295 850 5365 cognito
891 5297 1242 5353 Constantius
1264 5300 1576 5365 excanduit,
1608 5317 1672 5357 ac
1704 5303 1893 5357 morbo

2002 4507 2125 4546 cum
2155 4493 2236 4545 vir
2264 4491 2464 4561 impius
2501 4491 2678 4561 gladio
2726 4494 3043 4549 vulneratus
3094 4496 3461 4562 occubuisset,
3499 4514 3568 4553 ne

2003 4584 2118 4653 ipsa
2143 4584 2360 4653 quidem
2390 4592 2534 4639 terra
2558 4600 2757 4654 corpus
2782 4585 3018 4641 hominis
3042 4587 3255 4655 profani
3283 4589 3569 4645 admittere

2002 4675 2192 4737 voluit,
2250 4675 2345 4729 sed
2395 4675 2748 4731 succussione
2793 4691 2856 4730 ac
2901 4683 3049 4730 motu
3084 4676 3319 4745 quodam
3354 4678 3568 4747 exspuit

2003 4778 2128 4816 eum
2159 4763 2638 4832 quiconcussione
2675 4764 2975 4833 impietatis
3013 4763 3322 4819 universam
3356 4774 3566 4821 creatu-

2003 4855 2119 4894 ram
2158 4844 2489 4904 turbaverat.
2536 4849 2643 4919 50
2688 4851 2825 4905 Hinc
2843 4853 2953 4921 jam
2982 4871 3171 4911 rursus
3216 4858 3371 4914 hilari
3407 4865 3556 4918 vultu

2000 4929 2127 4986 fidei
2172 4936 2339 5003 gratia
2371 4940 2667 5008 splenduit,
2720 4949 3067 5013 posteaquam
3093 4947 3353 5006 Jovianus
3382 4952 3556 5023 impe-

1998 5032 2147 5079 rator
2179 5026 2489 5097 designatus
2518 5030 2730 5085 fuisset.

2064 5111 2135 5167 At
2183 5115 2275 5169 ubi
2325 5117 2485 5171 etiam
2540 5118 2629 5172 ille
2678 5118 2894 5175 fortuna
2944 5124 3198 5195 exiguum
3231 5129 3296 5183 ad
3340 5140 3553 5203 tempus

1993 5202 2275 5271 degustata
2323 5207 2483 5261 rebus
2512 5210 2743 5264 lcrrenis
2791 5215 3131 5278 excessisset,
3176 5202 3551 5289 Valentinano,

1997 5292 2282 5361 imperium
2328 5295 2564 5350 delatum
2590 5307 2689 5353 est.
2722 5299 2772 5353 Is
2802 5301 3078 5359 Valentem
3112 5306 3335 5363 fratrem
3377 5312 3551 5383 impo-

1667 5441 1864 5502 Variae
1901 5442 2231 5505 lectiones.

381 5551 434 5581 ⁷⁵
459 5553 687 5619 χαρίζει
707 5552 822 5609 RR.
862 5556 906 5587 ⁷⁵
940 5556 1204 5625 ἁρπάζειν
1236 5559 1397 5616 ABR.
1437 5562 1480 5592 ⁷⁷
1506 5562 1722 5615 Homer.
1755 5563 1825 5616 Il.
1849 5564 1902 5628 Ε,

466 5622 524 5651 ⁸⁸
553 5622 642 5673 τοῦ
678 5624 862 5678 γένους
901 5624 1010 5676 ΑΒ.
1087 5627 1447 5678 ⁸¹ἁνάὸὸησιν
1481 5631 1543 5678 Δ.
1607 5630 1673 5661 δι’
1703 5631 1902 5678 ἀτίμως

2030 5563 2117 5618 83.
2194 5562 2240 5593 ⁷⁸
2262 5561 2395 5629 πρὸς
2427 5557 2492 5611 li.
2546 5557 2588 5590 ⁷³
2614 5559 2807 5623 δεινῶς
2851 5560 2945 5614 καὶ
2988 5559 3235 5628 γλώσσης
3288 5559 3567 5678 ἑπιὲοέρων

2004 5669 2018 5678 .
2094 5634 2137 5664 ⁸⁸
2165 5629 2524 5678 παραδίδωσιν
2543 5628 2605 5678 R.
2683 5630 2730 5661 ’³
2753 5630 3044 5678 διψήσαντα.
3075 5632 3142 5678 Α.
3219 5628 3267 5659 ⁸⁸
3307 5628 3374 5678 Ἰο
3413 5641 3561 5678 ιανου

304 5620 376 5671 ιι.
466 5622 524 5651 ⁸⁸
553 5622 642 5673 τοῦ
678 5624 862 5689 γένους
901 5620 1010 5676 AR.

301 5690 402 5741 τὸν
436 5689 711 5755 στέφανον
733 5691 893 5745 ABR.
968 5696 1014 5725 ⁸⁵
1040 5695 1097 5747 τὸ
1123 5689 1312 5762 στέφος
1346 5689 1413 5751 Β,

1087 5627 1447 5702 ⁸¹ἁνάῤῥησιν
1481 5631 1543 5682 Δ.
1607 5630 1673 5661 δι’
1703 5625 1909 5702 ἀτίμως
1942 5634 2018 5685 Μ.
2094 5634 2137 5664 ⁸⁸
2165 5625 2524 5700 παραδίδωσιν
2543 5628 2605 5682 li.
2683 5630 2730 5661 ’³
2753 5625 3044 5700 δινήσανέα
3074 5632 3142 5683 Α.
3219 5628 3267 5659 ⁸⁸
3307 5625 3561 5679 Ἰοϐιανοῦ
