4080 6206
346 421 482 474 Τότε
506 419 548 452 ⁸⁷
588 417 1109 488 καταφρονήσαντες
1139 420 1213 484 ὡς
1262 424 1695 496 μαλακοκαρδίου

348 508 459 561 Τοῦ
490 509 590 575 τῆς
634 507 904 579 Ἐσπέρας
926 509 1185 578 ἄρχοντος
1213 513 1607 584 αἱματορῤόφοι
1634 516 1843 581 Γότθοι,

341 597 608 650 Φίλοπλον
641 595 814 660 ἔθνος,
844 597 1145 670 δύσμαχον,
1180 604 1371 672 χαῖρον
1397 605 1842 674 άνδροκτασίαις,

343 687 468 739 Τῶν
508 687 653 755 ὅρων
702 688 1108 759 κατατρέχουσι
1153 693 1253 761 τῆς
1283 693 1620 765 παλαιτέρας
1672 695 1912 769 Ῥώμης,

340 770 455 829 Καὶ
492 777 722 831 πλοῦτον
755 778 852 832 τὸν
886 779 1155 849 βασίλειον
1177 784 1462 855 Ἀλάριχος
1503 787 1772 857 λαμϐάνει

339 867 453 919 Καὶ
499 866 797 921 Πλακιδίαν
834 869 1072 940 ἀδελφὴν
1102 871 1266 926 οὖσαν
1294 875 1387 928 τοῦ
1414 876 1700 945 βασιλέως,

343 958 504 1021 Ἠτις
533 958 781 1027 φυγοῦσα
818 961 1061 1029 παρευθὺ
1092 963 1191 1026 τὰς
1237 969 1424 1036 χεῖρας
1465 967 1575 1020 τῶν
1610 969 1912 1039 Βαρϐάρων

337 1049 551 1118 Σπουδῇ
592 1049 729 1118 πρὸς
755 1049 847 1103 τὸν
901 1051 1159 1123 Ὀνώριον
1188 1054 1279 1109 τὸν
1300 1057 1529 1125 ἀδελφὸν
1567 1060 1839 1131 ἐκτρέχει,

338 1144 434 1217 Et;
477 1143 773 1198 Ῥάϐενναν
804 1147 1222 1219 στεῤῥόπυργον
1254 1150 1409 1203 πόλιν
1431 1154 1910 1222 προσπεφευγότα,

335 1232 447 1285 Καὶ
475 1235 841 1305 Κωνσταντίῳ
874 1235 1163 1307 ζεύγνυται
1198 1241 1244 1273 ’⁸
1267 1241 1346 1310 τῷ
1376 1242 1581 1314 ταύτην
1612 1244 1905 1298 σεσωκότι⁸

335 1319 430 1385 Ἐξ
454 1316 529 1374 ὧν
560 1324 1011 1389 Οὐαλεντινιανδς
1038 1329 1066 1380 ὁ
1101 1329 1223 1392 νέος
1251 1330 1551 1400 ἀπτέχθη.

350 1411 410 1463 ’0
442 1412 582 1480 μετὰ
614 1413 787 1467 ταῦτα
823 1415 1077 1484 βασιλεὺς
1102 1419 1440 1491 ἀναδειχθεὶς
1462 1423 1562 1492 τῆς
1592 1420 1835 1494 Ῥώμης.

340 1501 434 1569 Ὦς
481 1502 538 1555 δὲ
585 1503 677 1557 τὸν
711 1508 843 1575 χοῦν
866 1508 1153 1577 Ἀρκάδιος
1186 1511 1421 1565 ἀπέθετο
1448 1515 1545 1566 τοῦ
1578 1517 1829 1583 σκήνους,

336 1595 524 1648 Ἐτεσι
558 1597 692 1651 δέκα
737 1599 874 1668 πρὸς
899 1602 1079 1671 τρισὶν
1106 1605 1297 1668 αἰσίως
1329 1605 1658 1673 βασιλεύσας
1694 1610 1764 1676 ⁹⁹,

333 1682 451 1753 Τῆς
480 1687 599 1740 Ἕω
625 1688 904 1754 Θεοδόσιος
937 1694 1237 1768 ἐγκάθηται
1259 1699 1371 1760 τοῖς
1389 1697 1622 1768 θρόνοις,

338 1775 438 1829 ⁸ον
464 1775 722 1846 βασιλεὺς
751 1766 1038 1851 Ἀρκάδιος
1074 1786 1132 1849 ἐξ
1163 1766 1438 1855 Εύδοξίας-
1468 1790 1626 1860 ἔσχεν
1652 1792 1692 1845 ⁸.

413 1866 476 1920 '0
497 1868 678 1923 τοίνυν
719 1872 1002 1938 Θεοδόσιος
1032 1877 1169 1932 ἰδίαν
1195 1880 1215 1910 ³
1243 1881 1519 1952 θυγατέρα

328 1956 549 2026 Πέμπει
582 1960 1010 2033 Οὑαλεντινιανῷ
1042 1966 1177 2036 πρὸς
1205 1970 1383 2039 γάμου
1416 1976 1723 2026 κοινωνίαν.

328 2047 495 2103 Ἀλλὰ
526 2052 636 2119 γὰρ
664 2053 722 2104 τὸ
743 2053 1028 2124 φιλήδονον
1068 2060 1263 2114 τούτου
1289 2063 1311 2092 ⁸
1340 2064 1435 2115 τοῦ
1473 2065 1687 2117 νεανίου

327 2138 442 2190 Καὶ
470 2138 732 2210 λύττησις
777 2146 1081 2212 ἀκάθεκτος
1111 2152 1144 2221 ἡ
1180 2151 1203 2182 ⁸
1225 2152 1327 2221 τῆς
1358 2154 1724 2225 φιλοσαρκίας

322 2231 482 2299 Ζωῆς
519 2232 687 2287 αὐτὸν
716 2236 984 2309 ἐστέρησε
1032 2243 1127 2293 καὶ
1169 2243 1409 2314 κράτους
1459 2245 1754 2316 βασιλείου.

322 2321 439 2372 Καὶ
460 2321 563 2392 τὴν
602 2325 696 2378 τοῦ
745 2325 935 2398 λέχους
959 2333 1217 2387 κοι.ωνὸν
1249 2336 1564 2407 κατήγαγεν
1594 2340 1675 2403 εἰς
1714 2338 1895 2410 ὓϐριν.

324 2412 398 2465 Ὅ
409 2431 524 2477 πως
552 2414 611 2468 δὲ
638 2415 802 2471 τοῦτο
831 2420 1057 2488 γέγονεν
1080 2425 1361 2494 εἰρήσεται
1392 2429 1696 2499 συντόμως.

393 2504 649 2577 Μάξιμος
675 2503 747 2578 ἦν
781 2510 1046 2577 ὑπατικὸς
1095 2516 1154 2567 ὲν
1198 2515 1385 2590 Ῥώμῃ
1412 2522 1824 2590 πρωτιστεύων.

319 2596 514 2666 Τούτῳ
553 2597 785 2670 συνῴκει
826 2618 1050 2671 γυναιον
1085 2607 1388 2677 ἐπέραστον
1415 2612 1516 2680 τὴν
1552 2613 1706 2682 ὄψιν,

319 2685 535 2749 καλλος
567 2690 854 2760 ἀμήχανον
883 2694 1107 2764 αὐχοῦν,
1131 2697 1310 2766 κῆπος
1343 2699 1603 2771 ἄντικρυς
1636 2705 1890 2773 κάλλους

319 2776 580 2848 Ἐκόσμει
605 2779 663 2832 δὲ
688 2781 749 2834 τὸ
791 2782 1015 2851 γύναιον
1056 2787 1089 2856 ἡ
1142 2789 1461 2861 σωφροσύνη
1493 2793 1680 2850 πλέον.

319 2867 504 2939 Ὅπερ
532 2869 657 2924 ἰδὼν
691 2872 719 2924 ό
746 2873 1001 2942 βασιλεὺς
1029 2876 1311 2933 ἁλίσκεται
1341 2880 1419 2950 τῷ
1455 2883 1670 2949 κάλλει,

1481 309 1990 372 [ΟΜΡΕΝΒῙΠΜ
2032 314 2508 379 CHRONICUM.

1949 1862 1957 1870 .
3360 1862 3380 1885 ι
3398 1862 3409 1867 -
3423 1862 3437 1867 -

2003 1893 2256 1964 Αἰσχύνει
2280 1896 2371 1948 καὶ
2403 1896 2502 1967 τὴν
2527 1899 2773 1970 γαμετὴν
2807 1900 2998 1955 τούτου
3036 1902 3133 1973 τὴν
3158 1904 3437 1972 Εύδοξίαν.

3492 331 3599 393 3H

1945 432 1985 486 Α
2021 433 2130 485 Καὶ
2165 433 2342 486 πάντα
2362 435 2543 489 κάλων
2570 439 2816 505 συγκινεῖ
2833 436 2969 509 πρὸς
2993 439 3053 493 τὸ
3076 442 3259 512 τυχεῖν
3285 442 3379 496 τοῦ
3402 444 3593 505 πόθου.

2026 524 2115 590 Τῷ
2142 526 2271 593 γοῦν
2297 526 2451 598 ἀνδρὶ
2479 528 2578 597 τῆς
2615 531 3130 603 γυναικὸςΜαξίμῳ
3160 534 3513 603 συγκυηϐεύων

2025 616 2134 668 Καὶ
2163 617 2565 689 καθυπέρτερος
2596 623 2801 687 φανεὶς,
2832 623 2906 692 μὴ
2939 624 3196 692 φέροντος
3222 628 3465 695 χρυσίον,

2022 708 2304 776 Λαμόάιει
2339 708 2428 762 τὸν
2453 711 2737 765 δακτύλιον
2765 713 2857 765 τὸν
2884 714 3113 783 χρύσεον
3134 719 3367 772 ἐκείνου.

2020 799 2327 868 Φερέγγυον
2358 802 2611 871 ἐσόμενον
2644 803 2754 856 τῶν
2780 805 3237 875 ἐποφειλομένων.

2032 892 2334 962 Ἐκπέμπει
2364 894 2455 946 τὸν
2478 895 2765 950 δακτύλιον
2798 902 2861 969 τῇ
2890 904 3108 967 γυναικὶ
3131 920 3197 973 οη
3207 906 3378 972 μεῖον,

2020 985 2128 1055 Τὴν
2150 985 2329 1055 ἄφιξιν
2354 987 2649 1042 ἐνδώσοντα
2678 994 2699 1025 ⁸
2727 992 2823 1063 τὴν
2854 994 2991 1063 πρὸς
3024 995 3123 1065 τὴν
3158 997 3430 1065 βασιλίδα.

2019 1075 2272 1129 Πιστεύει
2297 1076 2506 1140 τούτοις
2538 1081 2570 1143 ἡ
2599 1082 2757 1151 γυνὴ,
2786 1085 3042 1154 γνωρίζει
3081 1086 3140 1139 τὸ
3171 1091 3417 1157 σημεῖον,

2014 1165 2207 1219 Φῦάνει
2236 1169 2372 1236 πρὶς
2396 1169 2462 1223 τὰ
2489 1171 2752 1239 βασίλεια.
2788 1176 2919 1228 Τίνα
2946 1177 3014 1229 τὰ
3050 1181 3188 1243 μετὰ
3218 1182 3417 1249 ταῦτα;

2029 1255 2087 1306 '0
2121 1257 2371 1326 βασιλεὺς
2409 1261 2693 1315 ἀπολαϐὼν
2719 1264 2921 1334 ταύτην
2951 1267 3197 1336 αἰσχύνει
3223 1269 3335 1341 βῖᾳ.

2016 1347 2291 1403 Μανθάνει
2337 1350 2511 1405 ταῦτα
2555 1354 2825 1426 Μάξιμος,
2872 1361 3190 1429 ⁴τιιμκιῑτρόίται
3238 1364 3259 1394 ⁸
3304 1365 3404 1435 τὴν
3448 1384 3589 1434 καρ-

3292 1453 3432 1526 [δίαν
3471 1458 3513 1518 ⁷,

1944 1542 1949 1547 ‘
2016 1533 2107 1595 Ei;
2129 1532 2339 1603 ἄμυναν
2375 1534 2673 1599 ὁπλίζεται,
2698 1536 2885 1601 δόλους
2907 1541 3198 1603 παντοίους
3226 1543 3443 1610 ῥάπτει,

2014 1626 2121 1677 Καὶ
2154 1625 2463 1679 τελευταῖον
2485 1625 2704 1681 θανατοῖ
2725 1626 2866 1695 ξίφει
2893 1630 2983 1681 τὸν
3010 1629 3254 1698 βασιλέα,

2011 1712 2266 1783 Φρουρῶν
2295 1714 2531 1785 ἀρίστων
2565 1718 2884 1788 στρατηγῶν
2909 1719 3122 1789 πρῶτον
3145 1720 3168 1753 ⁸
3191 1721 3356 1776 αὐτὸν
3386 1723 3584 1793 στερήσ-

3360 1813 3508 1885 [σας,

2019 1983 2081 2035 Ἦ
2114 1983 2323 2052 βασιλὶς
2348 1987 2675 2053 δεινοπαθεῖ,
2714 1992 2813 2060 τὴν
2842 1990 2999 2060 ὓϐριν
3031 1993 3231 2045 ἀναστέ
3245 2010 3336 2058 κει,

2003 2073 2113 2124 Καὶ
2146 2075 2353 2143 πέμπει
2386 2077 2521 2146 πρὸς
2556 2077 2840 2148 Γιζέριχον
2865 2080 2973 2132 τῶν
2999 2081 3319 2153 Οὑανδήλων
3342 2083 3509 2152 ρἧα,

2002 2164 2161 2217 Κατὰ
2195 2168 2295 2236 τῆς
2335 2166 2550 2235 Ῥώμης
2573 2169 2821 2223 ἐπελθεῖν
2843 2172 3050 2225 ἐκεῖνον
3075 2173 3441 2242 παρορμῶσα.

2003 2255 2324 2326 Ἐπῆλθενηό
2354 2257 2655 2329 Γιζέριχος,
2689 2262 2963 2330 ἐκράτησε
2986 2263 3084 2331 τῆς
3122 2262 3362 2333 Ῥώμης,

2002 2345 2464 2414 Ἢνδραποδίσατο
2494 2348 2731 2418 πικρῶς,
2759 2349 3129 2420 δορυαλώτους
3153 2351 3312 2423 ἔσχεν

1998 2437 2181 2507 Αὐτὴν
2207 2455 2267 2490 τε
2296 2438 2394 2507 τὴν
2424 2439 2743 2507 βασίλισσαν
2765 2443 2861 2494 καὶ
2890 2442 2993 2504 τὰς
3022 2444 3239 2513 ἐκείνης
3273 2446 3462 2516 κόρας.

2082 2528 2147 2580 Ἥ
2184 2529 2281 2598 μὲν
2301 2528 2393 2582 οὖν
2431 2528 2619 2599 Ῥώμη
2661 2531 2795 2600 πρὸς
2836 2533 3031 2601 μικρὸν
3073 2532 3152 2587 ἔτι
3197 2534 3574 2603 βασιλευθεϊσα

2001 2623 2072 2675 Τὸ
2095 2625 2297 2693 κράτος
2324 2626 2385 2677 τὸ
2416 2623 2686 2693 βασίλειον
2718 2628 2797 2688 είς
2825 2626 2977 2689 τέλος
3002 2627 3274 2699 ἀφῃρέθη,
3592 2622 3596 2627 ’

2004 2714 2116 2766 Καὶ
2137 2714 2247 2767 τῶν
2272 2715 2574 2785 Βαρϐάρων
2612 2720 2722 2779 τοῖς
2764 2717 2920 2787 me».
2947 2713 3055 2785 εἶξε
3088 2719 3183 2772 καὶ
3225 2722 3339 2783 τοῖς
3381 2720 3575 2793 ἐθνάρ-

3332 2814 3500 2885 [χαις.

1995 2898 2107 2951 Καὶ
2136 2901 2257 2960 ταῖς
2283 2900 2565 2971 παλάμαις
2594 2902 2873 2973 δυστυχῶς
2906 2902 3111 2957 τούτων
3134 2904 3497 2972 ἐταπεινώθη.

3244 2995 3396 3050 Vers.
3430 2994 3570 3049 9.396

314 3133 380 3173 ex
410 3117 645 3173 iisddem
695 3134 820 3176 cum
850 3122 1093 3179 Honorio
1133 3127 1455 3196 parentibus
1496 3140 1636 3186 orto.
1663 3131 1722 3186 Id
1755 3140 1889 3189 tem-
1914 3106 1960 3168 θ
1991 3138 2182 3195 forma:
2240 3142 2459 3211 quidam
2518 3113 2668 3199 velut
2724 3146 2918 3201 hortus
2967 3147 3391 3216 pulchritudinis
3450 3165 3569 3202 esse

314 3209 465 3278 poris
493 3217 809 3281 contempto
834 3214 1084 3285 principe
1114 3218 1441 3288 Occidentis,
1474 3232 1732 3294 tanquam
1755 3227 1889 3283 ede-

315 3303 544 3366 minato,
579 3302 762 3359 Gotthi
789 3307 1210 3375 sanguinolenti,
1238 3313 1385 3368 natio
1409 3314 1687 3381 bellicosa,
1723 3332 1885 3388 supe-

314 3403 436 3449 ratu
474 3395 733 3463 diﬂicilis,
790 3400 1030 3456 caedibus
1062 3404 1322 3473 gaudens,
1368 3406 1422 3460 in
1456 3409 1640 3465 Roma:
1682 3412 1886 3468 veteris

312 3485 519 3540 limites
551 3500 870 3553 excurrunt,
901 3506 1201 3562 eorumque
1230 3510 1325 3550 rex
1348 3495 1600 3553 Alaricus
1646 3500 1884 3571 impera-

311 3577 470 3631 toriis
529 3580 729 3648 opibus
782 3583 991 3650 potitur
1027 3595 1083 3641 et
1124 3586 1241 3655 ipsa
1291 3587 1638 3658 imperatoris
1692 3608 1883 3649 sorore

312 3667 575 3731 Placidia,
618 3685 741 3740 qua:
768 3688 893 3727 mox
926 3674 993 3730 de
1021 3676 1384 3734 Barbarorum
1416 3683 1667 3738 manibus
1699 3685 1882 3756 elapsa

310 3757 567 3812 celeriter
609 3763 676 3812 ad
729 3760 1029 3818 Honorium
1084 3764 1308 3821 fratrem
1364 3784 1423 3824 se
1474 3774 1726 3839 contulit,
1786 3776 1880 3843 qui

310 3848 648 3913 Ravennam,
676 3853 866 3907 urbem
897 3857 1184 3923 munitam,
1215 3859 1547 3932 profugerat.
1573 3865 1668 3919 Est
1694 3874 1879 3920 autem

311 3939 363 3993 in
411 3942 820 3997 matrimonium
880 3946 1142 4003 collocata
1201 3949 1540 4019 Constantio,
1577 3969 1675 4023 per
1716 3972 1879 4026 quem

309 4039 521 4083 servata
573 4030 778 4099 fuerat;
846 4033 1026 4105 deque
1088 4037 1173 4092 his
1223 4040 1637 4099 Valentinianus
1694 4047 1883 4115 junior

306 4130 628 4189 procreatus
652 4134 757 4188 est,
789 4126 881 4194 qui
909 4127 1211 4183 secundum
1240 4130 1355 4186 haec
1378 4133 1563 4190 Roma:
1592 4136 1880 4206 imperium

308 4219 637 4266 consecutus
688 4212 809 4268 fuit.
869 4216 1227 4288 Posteaquam
1288 4223 1555 4280 Arcadius
1604 4234 1877 4283 terrenam

308 4303 552 4371 corporis
580 4303 775 4358 molem
797 4305 1147 4377 deposuerat,
1176 4311 1519 4368 Theodosius
1584 4316 1640 4370 in
1698 4319 1880 4373 orien-

311 4392 433 4446 talis
465 4392 677 4463 imperii
715 4396 913 4450 solium
962 4399 1285 4469 collocatur,
1316 4419 1478 4473 quem
1518 4407 1782 4462 Arcadius
1811 4423 1878 4463 ex

309 4481 553 4538 Eudoxia
586 4486 817 4557 conjuge
850 4500 1135 4558 genuerat.

377 4574 427 4627 ls
452 4574 613 4629 tiliam
653 4592 804 4632 suam
851 4580 1230 4638 Valentiniano
1256 4586 1321 4640 ad
1354 4588 1590 4660 conjugii
1640 4591 1875 4647 societa-

312 4672 413 4717 tem
445 4666 613 4729 misit,
637 4683 798 4737 quem
818 4672 1074 4740 juvenem
1104 4676 1439 4746 voluptatum
1466 4696 1619 4736 amor
1644 4691 1699 4737 et
1726 4685 1872 4738 insa-

1987 3230 2268 3286 videretur
2296 3249 2310 3297 ;
2339 3241 2395 3287 et
2424 3234 2654 3288 ornabat
2681 3236 2928 3290 eamdem
2964 3237 3136 3290 multo
3171 3237 3337 3292 etiam
3397 3240 3570 3305 magis

1986 3321 2207 3374 castitas
2256 3332 2418 3393 atque
2445 3324 2722 3393 pudicitia.
2760 3325 2895 3379 Cum
2934 3326 3075 3380 hanc
3110 3326 3339 3380 vidisset
3384 3327 3559 3395 impe-

1988 3417 2160 3475 rator,
2213 3425 2401 3465 amore
2451 3422 2643 3482 captus
2672 3423 2775 3478 est,
2819 3429 3119 3483 omnesque
3167 3404 3366 3469 nervos
3412 3415 3464 3468 in
3512 3416 3564 3469 id

1986 3500 2220 3554 intendit
2252 3511 2312 3553 ut
2342 3511 2470 3556 voto
2495 3503 2656 3572 potiri
2691 3512 2892 3572 posset.
2927 3504 3096 3574 Igitur
3124 3504 3417 3573 aliquando
3437 3521 3563 3559 cum

1983 3588 2236 3655 Maximo,
2274 3592 2473 3646 marito
2508 3592 2773 3658 mulieris,
2815 3594 2934 3647 alea
2965 3593 3177 3655 ludens,
3222 3594 3313 3648 ubi
3344 3594 3566 3648 vicisset

1982 3694 2083 3734 nec
2105 3696 2295 3734 aurum
2325 3682 2589 3737 Maximus
2624 3693 2959 3750 numeraret,
2990 3697 3216 3738 aureum
3248 3687 3368 3755 ejus
3388 3700 3565 3739 annu-

1982 3772 2096 3825 lum
2133 3771 2330 3841 accipit
2384 3774 2538 3842 quasi
2577 3790 2675 3843 pro
2706 3774 2907 3830 debitis
2962 3775 3394 3845 oppigneratum.
3426 3775 3565 3830 Hinc

1982 3864 2245 3918 annulum
2273 3864 2445 3933 ipsius
2477 3866 2632 3920 uxori
2664 3866 2830 3920 mittit
2857 3867 2994 3936 signi
3038 3867 3179 3927 loco.
3217 3867 3283 3921 de
3312 3883 3421 3936 quo
3460 3867 3553 3921 illa

1982 3954 2308 4026 intelligeret
2329 3958 2383 4011 in
2400 3958 2576 4011 aulam
2606 3958 2710 4012 sibi
2748 3958 2988 4012 eundum
3014 3972 3157 4012 esse.
3177 3958 3372 4012 Mulier
3399 3959 3557 4026 signo

1979 4046 2199 4115 cognito
2236 4046 2396 4101 fidem
2421 4048 2487 4102 iis
2510 4064 2637 4116 quae
2670 4048 3076 4102 mandabantur
3100 4049 3280 4109 habet.
3308 4049 3556 4119 adeoque

1981 4138 2233 4193 celeriter
2261 4140 2315 4193 in
2347 4140 2549 4208 regiam
2582 4155 2640 4194 se
2675 4140 2906 4195 confert.
2966 4140 3119 4206 Quid
3158 4140 3284 4194 inde
3317 4139 3559 4194 factum?

1980 4229 2283 4299 Imperator
2322 4246 2440 4285 eam
2477 4239 2669 4286 nactus
2695 4231 2747 4285 vi
2778 4239 3012 4302 stuprat.
3062 4231 3327 4286 Maximus
3355 4231 3436 4286 bis
3463 4247 3559 4286 co-

1981 4322 2146 4389 gnitis
2181 4321 2373 4376 ardere
2422 4323 2626 4387 animo,
2657 4323 2723 4376 ad
2763 4324 3028 4377 ultionem
3055 4337 3113 4377 se
3143 4338 3377 4387 armare,
3413 4323 3558 4378 frau-

1980 4412 2077 4466 des
2108 4412 2288 4465 omnis
2317 4412 2533 4481 generis
2565 4422 2806 4478 nectere,
2850 4414 3064 4467 tandem
3105 4413 3284 4483 gladio
3318 4414 3556 4482 impera-

1982 4509 2156 4555 torem
2189 4500 2460 4563 occidere,
2502 4499 2607 4570 52
2638 4501 2929 4570 spoliatum
2977 4501 3130 4571 prius
3162 4503 3439 4556 fidissimis
3465 4517 3552 4556 sa-

1974 4593 2262 4648 tellitibus.
2293 4592 2405 4647 Hoc
2431 4592 2575 4648 facto
2612 4596 2901 4664 conjugem
2929 4609 3147 4664 quoque
3180 4594 3552 4649 Valentiniani

1971 4682 2269 4737 Eudoxiam
2329 4690 2560 4753 stuprat,
2611 4699 2733 4753 qua:
2770 4683 3025 4752 injuriam
3072 4685 3219 4766 hanc
3262 4681 3552 4751 aegerrime

313 4770 435 4808 num
469 4758 708 4814 studium
734 4764 987 4831 explendi
1019 4765 1277 4824 libidines
1302 4772 1503 4835 carnis,
1530 4774 1675 4842 quod
1705 4776 1868 4832 nullis
1968 4774 2149 4830 ferens
2217 4775 2399 4830 animo
2461 4791 2591 4830 suos
2654 4776 2720 4830 ad
2764 4774 3108 4830 Gizerichum
3166 4772 3555 4827 Vandalorum.

313 4842 538 4874 ἰηιιιιιι...;
592 4849 824 4874 ...ε..-..ιε-
852 4862 1065 4874 _-.__-.
1253 4858 1265 4870 ι
1431 4861 1442 4873 .
1534 4869 1544 4874 ,
1630 4871 1636 4874 Α
1851 4865 1865 4874 .
2246 4867 2257 4874 .
2315 4867 2326 4874 .
2770 4866 2808 4874 ..
3300 4861 3334 4874 ..
3409 4861 3421 4874 .

229 4876 241 4885 .
312 4842 540 4901 inhiberi
592 4849 824 4908 vinculi:
852 4862 1086 4924 poterat,
1114 4872 1223 4911 non
1251 4858 1481 4929 imperio
1530 4869 1736 4918 tantum
1770 4865 1867 4920 sed
1969 4881 2154 4936 regem
2188 4867 2376 4927 mittit.
2435 4875 2650 4921 oratum
2679 4874 2738 4919 ut
2770 4866 2998 4919 Romam
3035 4879 3158 4919 cum
3194 4861 3368 4931 copiis
3407 4861 3531 4915 inva

310 4933 467 4988 etiam
504 4939 615 4992 vita
640 4942 911 5008 spoliavit,
946 4943 1227 5016 ipsamque
1253 4949 1379 5005 vitae
1419 4953 1623 5007 sociam
1659 4954 1872 5026 injuriae

310 5022 531 5080 alterius
565 5030 846 5097 exposuit;
877 5047 999 5103 quae
1028 5050 1115 5090 res
1142 5052 1252 5106 quo
1294 5047 1455 5109 pacto
1502 5052 1652 5111 gesta
1687 5022 1874 5110 fuerit,

310 5111 546 5173 breviter
574 5130 901 5189 exponetur.

373 5203 503 5260 Erat
531 5208 587 5262 in
616 5210 754 5266 urbe
793 5210 962 5266 Roma
1001 5212 1086 5268 vir
1131 5217 1434 5272 consularis
1483 5220 1763 5289 Maximus,
1801 5224 1879 5278 fa-

311 5294 407 5349 cile
428 5299 682 5369 princcps
708 5304 850 5356 inter
883 5312 1131 5360 cancros.
1168 5308 1412 5365 Habebat
1438 5312 1482 5366 is
1513 5328 1737 5369 uxorem
1764 5316 1876 5370 ele-

311 5386 450 5450 ganti
480 5389 758 5456 praeditam
786 5392 944 5460 faeie,
998 5411 1227 5467 quaeque
1264 5409 1488 5469 propter
1533 5414 1873 5460 venustatem

1976 4956 2149 5011 deret.
2216 4957 2366 5013 Fecit
2410 4957 2517 5011 hoc
2561 4956 2903 5019 Gizerichus,
2954 4955 3181 5008 Romam
3234 4952 3547 5022 occupavit,

1976 5064 2149 5117 eaque
2206 5050 2465 5104 miserum
2511 5049 2564 5101 in
2608 5061 2814 5101 morem
2871 5045 3100 5115 spoliata
3149 5043 3548 5115 imperatricem

1976 5155 2099 5195 cum
2132 5139 2347 5195 filiabus
2377 5140 2617 5209 captivas
2645 5137 2892 5193 abduxit.

2048 5230 2124 5283 Ac
2154 5230 2325 5283 Roma
2362 5230 2583 5299 quidem
2617 5229 2873 5296 exiguum
2906 5226 2973 5281 ad
3013 5236 3224 5296 tempus
3253 5225 3435 5279 adhuc
3474 5223 3546 5277 ah

1978 5320 2402 5389 imperatoribus
2422 5319 2795 5375 administrata
2826 5317 3044 5372 tandem
3073 5317 3359 5386 imperium
3386 5330 3548 5370 omne

1952 5416 1957 5419 ’
1980 5426 2206 5480 prorsus
2232 5411 2434 5477 amisit,
2471 5410 2527 5465 in
2552 5418 2877 5481 potestatem
2911 5424 3099 5481 regum
3127 5408 3547 5479 principumque

1648 5520 1844 5580 Varie
1884 5522 2215 5586 lectiones.

381 5617 426 5648 "
452 5618 643 5672 τούτου
684 5621 746 5673 ﬂ.
820 5626 864 5656 "'

890 5626 1148 5714 ζεύγνυσι
1182 5632 1242 5687 R.
1321 5636 1370 5714 ’.ξ
1397 5634 1552 5714 liunc
1594 5654 1814 5714 versum
1848 5659 1880 5697 0

1999 5643 2063 5697 R.
2146 5646 2160 5677 ⁸
2190 5643 2349 5714 ἔσχεν
2367 5644 2430 5714 ἐξ
2455 5642 2709 5709 Εὒδοξίας
2736 5643 2850 5697 AR.
2925 5646 2947 5714 ε
2986 5642 3193 5714 οἰκείαν
3223 5641 3287 5694 R.
3364 5640 3542 5714 {103-

311 5682 368 5742 δε
398 5686 508 5741 AR.
586 5692 607 5721 ⁸
639 5690 695 5762 ἡ]
720 5695 784 5746 ὲκ
807 5693 874 5750 Β.
897 5682 915 5692 ⁷
949 5700 970 5730 ⁸
996 5682 1299 5755 ἓκδύσαντα
1332 5703 1398 5769 R,
1430 5708 1754 5777 ὲνδήσουσαν
1774 5682 1863 5766 R.‘

1982 5682 2289 5786 πίμπραταῗ
2313 5682 2475 5770 Αιῖἷὶ.
2553 5716 2573 5750 '
2592 5682 2664 5788 τῇ
2685 5684 2890 5786 ζιαρδέᾳ
2928 5713 2994 5770 ιι.
3070 5715 3093 5747 ⁸
3120 5712 3339 5767 πάντων
3373 5708 3441 5763 ιι.
