  <div class='ocr_page' id='page_1' title='image "/cluster/home/n/w/nwhite01/storage/ocr_20150623/127/hvd.32044073502411/163.png"; bbox 0 0 4106 6206; ppageno 0'>
   <div class='ocr_carea' id='block_1_1' title="bbox 502 441 1905 534">
    <p class='ocr_par' dir='ltr' id='par_1_1' title="bbox 502 441 1905 534">
     <span class='ocr_line' id='line_1_1' title="bbox 502 441 1905 534; baseline 0.016 -49"><span class='ocrx_word' id='word_1_1' title='bbox 502 441 677 534; x_wconf 60' lang='grc' dir='ltr'><strong>τηρξξ</strong></span> <span class='ocrx_word' id='word_1_2' title='bbox 710 459 809 531; x_wconf 55' lang='grc' dir='ltr'>μὲν</span> <span class='ocrx_word' id='word_1_3' title='bbox 834 459 855 491; x_wconf 74' lang='grc' dir='ltr'>ο</span> <span class='ocrx_word' id='word_1_4' title='bbox 880 454 973 512; x_wconf 65' lang='grc' dir='ltr'><strong>οὖν</strong></span> <span class='ocrx_word' id='word_1_5' title='bbox 1002 457 1031 509; x_wconf 66' lang='grc' dir='ltr'>ὁ</span> <span class='ocrx_word' id='word_1_6' title='bbox 1057 453 1306 522; x_wconf 74' lang='grc' dir='ltr'><strong>Μάξιμος</strong></span> <span class='ocrx_word' id='word_1_7' title='bbox 1328 451 1356 503; x_wconf 86' lang='grc' dir='ltr'><strong>ὁ</strong></span> <span class='ocrx_word' id='word_1_8' title='bbox 1381 449 1500 505; x_wconf 82' lang='grc' dir='ltr'>τότε</span> <span class='ocrx_word' id='word_1_9' title='bbox 1537 447 1905 516; x_wconf 66' lang='grc' dir='ltr'>τυραννήσας,</span> 
     </span>
    </p>
   </div>
   <div class='ocr_carea' id='block_1_2' title="bbox 505 539 1885 624">
    <p class='ocr_par' dir='ltr' id='par_1_2' title="bbox 505 539 1885 624">
     <span class='ocr_line' id='line_1_2' title="bbox 505 539 1885 624; baseline -0.013 -15"><span class='ocrx_word' id='word_1_10' title='bbox 505 556 618 611; x_wconf 89' lang='lat' dir='ltr'><strong>Kal</strong></span> <span class='ocrx_word' id='word_1_11' title='bbox 647 554 765 624; x_wconf 77' lang='grc' dir='ltr'>μετ’</span> <span class='ocrx_word' id='word_1_12' title='bbox 798 548 962 606; x_wconf 78' lang='grc' dir='ltr'>αὑτὸν</span> <span class='ocrx_word' id='word_1_13' title='bbox 991 545 1298 615; x_wconf 80' lang='grc' dir='ltr'>Ἀνθὲμιος.</span> <span class='ocrx_word' id='word_1_14' title='bbox 1332 539 1613 612; x_wconf 72' lang='grc' dir='ltr'>Ὀλύῦριος</span> <span class='ocrx_word' id='word_1_15' title='bbox 1644 542 1672 594; x_wconf 88' lang='grc' dir='ltr'><strong>ό</strong></span> <span class='ocrx_word' id='word_1_16' title='bbox 1703 540 1847 593; x_wconf 80' lang='grc' dir='ltr'>πάνυ</span> <span class='ocrx_word' id='word_1_17' title='bbox 1871 555 1885 568; x_wconf 90' lang='grc'><strong>·</strong></span> 
     </span>
    </p>
   </div>
   <div class='ocr_carea' id='block_1_3' title="bbox 506 633 1726 711">
    <p class='ocr_par' dir='ltr' id='par_1_3' title="bbox 506 633 1726 711">
     <span class='ocr_line' id='line_1_3' title="bbox 506 633 1726 711; baseline -0.016 -8"><span class='ocrx_word' id='word_1_18' title='bbox 506 647 660 704; x_wconf 71' lang='grc' dir='ltr'>Μετά</span> <span class='ocrx_word' id='word_1_19' title='bbox 686 646 740 699; x_wconf 76' lang='grc' dir='ltr'>δὲ</span> <span class='ocrx_word' id='word_1_20' title='bbox 770 643 861 696; x_wconf 84' lang='grc' dir='ltr'>τὸν</span> <span class='ocrx_word' id='word_1_21' title='bbox 890 638 1173 711; x_wconf 78' lang='grc' dir='ltr'>Ὀλύσριον</span> <span class='ocrx_word' id='word_1_22' title='bbox 1204 636 1475 706; x_wconf 74' lang='grc' dir='ltr'>ἐκράτησε</span> <span class='ocrx_word' id='word_1_23' title='bbox 1501 633 1726 703; x_wconf 78' lang='grc' dir='ltr'>Μαῒωρ,</span> 
     </span>
    </p>
   </div>
   <div class='ocr_carea' id='block_1_4' title="bbox 508 718 2086 805">
    <p class='ocr_par' dir='ltr' id='par_1_4' title="bbox 508 718 2086 805">
     <span class='ocr_line' id='line_1_4' title="bbox 508 718 2086 805; baseline -0.013 -14"><span class='ocrx_word' id='word_1_24' title='bbox 508 737 619 792; x_wconf 84' lang='lat' dir='ltr'><strong>Kal</strong></span> <span class='ocrx_word' id='word_1_25' title='bbox 651 733 767 805; x_wconf 87' lang='grc' dir='ltr'>μετ’</span> <span class='ocrx_word' id='word_1_26' title='bbox 796 732 957 786; x_wconf 81' lang='grc' dir='ltr'>αὑτὸν</span> <span class='ocrx_word' id='word_1_27' title='bbox 986 728 1297 798; x_wconf 78' lang='grc' dir='ltr'>Γλυκέριος,</span> <span class='ocrx_word' id='word_1_28' title='bbox 1324 727 1418 778; x_wconf 78' lang='grc' dir='ltr'><strong>καὶ</strong></span> <span class='ocrx_word' id='word_1_29' title='bbox 1450 724 1589 793; x_wconf 80' lang='grc' dir='ltr'>μετὰ</span> <span class='ocrx_word' id='word_1_30' title='bbox 1626 724 1667 755; x_wconf 70' lang='grc'><strong>³⁸</strong></span> <span class='ocrx_word' id='word_1_31' title='bbox 1700 721 1891 776; x_wconf 78' lang='grc' dir='ltr'>τοῦτον</span> <span class='ocrx_word' id='word_1_32' title='bbox 1922 718 2086 774; x_wconf 79' lang='grc' dir='ltr'>πάλιν</span> 
     </span>
    </p>
   </div>
   <div class='ocr_carea' id='block_1_5' title="bbox 506 815 1950 891">
    <p class='ocr_par' dir='ltr' id='par_1_5' title="bbox 506 815 1950 891">
     <span class='ocr_line' id='line_1_5' title="bbox 506 815 1950 891; baseline -0.012 -9"><span class='ocrx_word' id='word_1_33' title='bbox 506 824 855 886; x_wconf 78' lang='grc' dir='ltr'>Νεπωτιανδς</span> <span class='ocrx_word' id='word_1_34' title='bbox 879 821 1142 891; x_wconf 70' lang='grc' dir='ltr'>Ὀρέστης</span> <span class='ocrx_word' id='word_1_35' title='bbox 1170 836 1250 881; x_wconf 86' lang='grc' dir='ltr'><strong>τε,</strong></span> <span class='ocrx_word' id='word_1_36' title='bbox 1275 820 1367 872; x_wconf 70' lang='grc' dir='ltr'><strong>καὶ</strong></span> <span class='ocrx_word' id='word_1_37' title='bbox 1393 817 1531 887; x_wconf 75' lang='grc' dir='ltr'>μετὰ</span> <span class='ocrx_word' id='word_1_38' title='bbox 1565 816 1656 869; x_wconf 73' lang='grc' dir='ltr'>τὸν</span> <span class='ocrx_word' id='word_1_39' title='bbox 1685 815 1950 885; x_wconf 77' lang='grc' dir='ltr'><strong>Ὀρέστην</strong></span> 
     </span>
    </p>
   </div>
   <div class='ocr_carea' id='block_1_6' title="bbox 518 904 2050 984">
    <p class='ocr_par' dir='ltr' id='par_1_6' title="bbox 518 904 2050 984">
     <span class='ocr_line' id='line_1_6' title="bbox 518 904 2050 984; baseline -0.011 -11"><span class='ocrx_word' id='word_1_40' title='bbox 518 924 578 973; x_wconf 88' lang='grc' dir='ltr'><strong>Ὀ</strong></span> <span class='ocrx_word' id='word_1_41' title='bbox 606 919 734 979; x_wconf 86' lang='grc' dir='ltr'>παῖς</span> <span class='ocrx_word' id='word_1_42' title='bbox 775 912 1056 984; x_wconf 85' lang='grc' dir='ltr'>Ῥωμύλου</span> <span class='ocrx_word' id='word_1_43' title='bbox 1083 912 1185 978; x_wconf 83' lang='grc' dir='ltr'>τῆς</span> <span class='ocrx_word' id='word_1_44' title='bbox 1217 910 1394 980; x_wconf 81' lang='grc' dir='ltr'>ἀρχῆς</span> <span class='ocrx_word' id='word_1_45' title='bbox 1422 908 1601 977; x_wconf 75' lang='grc' dir='ltr'>ἥψατο</span> <span class='ocrx_word' id='word_1_46' title='bbox 1634 905 1945 967; x_wconf 87' lang='grc' dir='ltr'>τελευταῖος</span> <span class='ocrx_word' id='word_1_47' title='bbox 1987 904 2050 956; x_wconf 85' lang='grc'><strong>¹¹.</strong></span> 
     </span>
    </p>
   </div>
   <div class='ocr_carea' id='block_1_7' title="bbox 511 995 1984 1076">
    <p class='ocr_par' dir='ltr' id='par_1_7' title="bbox 511 995 1984 1076">
     <span class='ocr_line' id='line_1_7' title="bbox 511 995 1984 1076; baseline -0.013 -10"><span class='ocrx_word' id='word_1_48' title='bbox 511 1012 620 1066; x_wconf 97' lang='lat' dir='ltr'><strong>Kal</strong></span> <span class='ocrx_word' id='word_1_49' title='bbox 651 1007 806 1069; x_wconf 87' lang='grc' dir='ltr'>πόλις</span> <span class='ocrx_word' id='word_1_50' title='bbox 837 1003 1248 1076; x_wconf 83' lang='grc' dir='ltr'><strong>μεγαλώνυμος,</strong></span> <span class='ocrx_word' id='word_1_51' title='bbox 1278 1003 1311 1071; x_wconf 77' lang='grc' dir='ltr'><strong>ἡ</strong></span> <span class='ocrx_word' id='word_1_52' title='bbox 1341 999 1452 1053; x_wconf 83' lang='grc' dir='ltr'><strong>τῶν</strong></span> <span class='ocrx_word' id='word_1_53' title='bbox 1495 998 1786 1069; x_wconf 79' lang='grc' dir='ltr'>Ῥωμαίων</span> <span class='ocrx_word' id='word_1_54' title='bbox 1810 995 1984 1060; x_wconf 85' lang='grc' dir='ltr'>πόλις,</span> 
     </span>
    </p>
   </div>
   <div class='ocr_carea' id='block_1_8' title="bbox 524 1087 1912 1169">
    <p class='ocr_par' dir='ltr' id='par_1_8' title="bbox 524 1087 1912 1169">
     <span class='ocr_line' id='line_1_8' title="bbox 524 1087 1912 1169; baseline -0.009 -15"><span class='ocrx_word' id='word_1_55' title='bbox 524 1098 803 1169; x_wconf 83' lang='grc' dir='ltr'><strong>Ῥωμύλον</strong></span> <span class='ocrx_word' id='word_1_56' title='bbox 833 1094 1039 1167; x_wconf 83' lang='grc' dir='ltr'><strong>σχοῦσα</strong></span> <span class='ocrx_word' id='word_1_57' title='bbox 1060 1092 1181 1147; x_wconf 78' lang='grc' dir='ltr'>κατ’</span> <span class='ocrx_word' id='word_1_58' title='bbox 1208 1093 1384 1163; x_wconf 78' lang='grc' dir='ltr'>ἀρχὰς</span> <span class='ocrx_word' id='word_1_59' title='bbox 1411 1090 1637 1161; x_wconf 80' lang='grc' dir='ltr'>ἔννομον</span> <span class='ocrx_word' id='word_1_60' title='bbox 1665 1087 1912 1160; x_wconf 80' lang='grc' dir='ltr'>βασιλέα,</span> 
     </span>
    </p>
   </div>
   <div class='ocr_carea' id='block_1_9' title="bbox 514 1178 1991 1255">
    <p class='ocr_par' dir='ltr' id='par_1_9' title="bbox 514 1178 1991 1255">
     <span class='ocr_line' id='line_1_9' title="bbox 514 1178 1991 1255; baseline -0.01 -9"><span class='ocrx_word' id='word_1_61' title='bbox 514 1193 621 1246; x_wconf 84' lang='lat' dir='ltr'><strong>Kal</strong></span> <span class='ocrx_word' id='word_1_62' title='bbox 652 1189 817 1245; x_wconf 84' lang='grc' dir='ltr'>πάλιν</span> <span class='ocrx_word' id='word_1_63' title='bbox 847 1187 1225 1255; x_wconf 81' lang='grc' dir='ltr'><strong>περιστήσασα</strong></span> <span class='ocrx_word' id='word_1_64' title='bbox 1255 1184 1316 1237; x_wconf 74' lang='grc' dir='ltr'>τὸ</span> <span class='ocrx_word' id='word_1_65' title='bbox 1354 1181 1558 1253; x_wconf 79' lang='grc' dir='ltr'>κράτος</span> <span class='ocrx_word' id='word_1_66' title='bbox 1588 1183 1668 1244; x_wconf 85' lang='grc' dir='ltr'><strong>είς</strong></span> <span class='ocrx_word' id='word_1_67' title='bbox 1711 1178 1991 1249; x_wconf 83' lang='grc' dir='ltr'>Ῥωμύλον</span> 
     </span>
    </p>
   </div>
   <div class='ocr_carea' id='block_1_10' title="bbox 516 1271 1885 1352">
    <p class='ocr_par' dir='ltr' id='par_1_10' title="bbox 516 1271 1885 1352">
     <span class='ocr_line' id='line_1_10' title="bbox 516 1271 1885 1352; baseline -0.009 -16"><span class='ocrx_word' id='word_1_68' title='bbox 516 1282 711 1336; x_wconf 79' lang='grc' dir='ltr'><strong>Οὐκέτι</strong></span> <span class='ocrx_word' id='word_1_69' title='bbox 733 1281 835 1352; x_wconf 83' lang='grc' dir='ltr'><strong>τὴν</strong></span> <span class='ocrx_word' id='word_1_70' title='bbox 861 1278 1195 1348; x_wconf 80' lang='grc' dir='ltr'>κυϐέρνησιν</span> <span class='ocrx_word' id='word_1_71' title='bbox 1230 1275 1389 1346; x_wconf 78' lang='grc' dir='ltr'>ἔσχεν</span> <span class='ocrx_word' id='word_1_72' title='bbox 1415 1276 1459 1307; x_wconf 82' lang='grc'>¹¹</span> <span class='ocrx_word' id='word_1_73' title='bbox 1497 1276 1562 1326; x_wconf 85' lang='grc' dir='ltr'>ὲκ</span> <span class='ocrx_word' id='word_1_74' title='bbox 1598 1271 1885 1343; x_wconf 77' lang='grc' dir='ltr'>βασιλέων,</span> 
     </span>
    </p>
   </div>
   <div class='ocr_carea' id='block_1_11' title="bbox 518 1343 1919 1445">
    <p class='ocr_par' dir='ltr' id='par_1_11' title="bbox 518 1343 1919 1445">
     <span class='ocr_line' id='line_1_11' title="bbox 518 1343 1919 1445; baseline -0.009 -17"><span class='ocrx_word' id='word_1_75' title='bbox 518 1343 825 1445; x_wconf 69' lang='grc' dir='ltr'>Βαρὸἀροις</span> <span class='ocrx_word' id='word_1_76' title='bbox 849 1372 892 1425; x_wconf 80' lang='grc' dir='ltr'>δ’</span> <span class='ocrx_word' id='word_1_77' title='bbox 925 1343 1256 1437; x_wconf 79' lang='grc' dir='ltr'>ὑποκύψασα</span> <span class='ocrx_word' id='word_1_78' title='bbox 1289 1343 1386 1420; x_wconf 59' lang='grc' dir='ltr'>ᾆξαι</span> <span class='ocrx_word' id='word_1_79' title='bbox 1418 1343 1919 1437; x_wconf 36' lang='grc' dir='ltr'>χωροὸατηθείσαί</span> 
     </span>
    </p>
   </div>
   <div class='ocr_carea' id='block_1_12' title="bbox 520 1454 1988 1529">
    <p class='ocr_par' dir='ltr' id='par_1_12' title="bbox 520 1454 1988 1529">
     <span class='ocr_line' id='line_1_12' title="bbox 520 1454 1988 1529; baseline -0.009 -9"><span class='ocrx_word' id='word_1_80' title='bbox 520 1466 631 1520; x_wconf 86' lang='lat' dir='ltr'><strong>Kal</strong></span> <span class='ocrx_word' id='word_1_81' title='bbox 667 1463 877 1527; x_wconf 80' lang='grc' dir='ltr'><strong>τούτοις</strong></span> <span class='ocrx_word' id='word_1_82' title='bbox 914 1461 1301 1529; x_wconf 71' lang='grc' dir='ltr'>δυστυχήσασα</span> <span class='ocrx_word' id='word_1_83' title='bbox 1335 1457 1674 1528; x_wconf 83' lang='grc' dir='ltr'>δορύληπτος</span> <span class='ocrx_word' id='word_1_84' title='bbox 1702 1454 1988 1524; x_wconf 81' lang='grc' dir='ltr'>γενέσθαι,</span> 
     </span>
    </p>
   </div>
   <div class='ocr_carea' id='block_1_13' title="bbox 531 1545 2096 1624">
    <p class='ocr_par' dir='ltr' id='par_1_13' title="bbox 531 1545 2096 1624">
     <span class='ocr_line' id='line_1_13' title="bbox 531 1545 2096 1624; baseline -0.008 -15"><span class='ocrx_word' id='word_1_85' title='bbox 531 1556 733 1624; x_wconf 76' lang='grc' dir='ltr'>Ῥῆγας</span> <span class='ocrx_word' id='word_1_86' title='bbox 743 1552 1032 1607; x_wconf 69' lang='grc' dir='ltr'>κατεῖδενυ</span> <span class='ocrx_word' id='word_1_87' title='bbox 1050 1549 1335 1620; x_wconf 80' lang='grc' dir='ltr'>ἄρχοντας,</span> <span class='ocrx_word' id='word_1_88' title='bbox 1348 1548 1665 1618; x_wconf 81' lang='grc' dir='ltr'>χωράρχας,</span> <span class='ocrx_word' id='word_1_89' title='bbox 1685 1545 2096 1615; x_wconf 83' lang='grc' dir='ltr'>σατραπάρχας.</span> 
     </span>
    </p>
   </div>
   <div class='ocr_carea' id='block_1_14' title="bbox 521 1638 1996 1718">
    <p class='ocr_par' dir='ltr' id='par_1_14' title="bbox 521 1638 1996 1718">
     <span class='ocr_line' id='line_1_14' title="bbox 521 1638 1996 1718; baseline -0.008 -17"><span class='ocrx_word' id='word_1_90' title='bbox 521 1648 632 1701; x_wconf 92' lang='lat' dir='ltr'><strong>Kal</strong></span> <span class='ocrx_word' id='word_1_91' title='bbox 670 1646 994 1718; x_wconf 84' lang='grc' dir='ltr'>στερηθεῖσα</span> <span class='ocrx_word' id='word_1_92' title='bbox 1022 1640 1296 1705; x_wconf 85' lang='grc' dir='ltr'><strong>δυσκλεῶς</strong></span> <span class='ocrx_word' id='word_1_93' title='bbox 1327 1639 1551 1694; x_wconf 83' lang='grc' dir='ltr'>ὑπάτων</span> <span class='ocrx_word' id='word_1_94' title='bbox 1588 1638 1680 1692; x_wconf 76' lang='grc' dir='ltr'><strong>καὶ</strong></span> <span class='ocrx_word' id='word_1_95' title='bbox 1710 1638 1996 1708; x_wconf 75' lang='grc' dir='ltr'>κρατόρων</span> 
     </span>
    </p>
   </div>
   <div class='ocr_carea' id='block_1_15' title="bbox 521 1724 2027 1806">
    <p class='ocr_par' dir='ltr' id='par_1_15' title="bbox 521 1724 2027 1806">
     <span class='ocr_line' id='line_1_15' title="bbox 521 1724 2027 1806; baseline -0.01 -15"><span class='ocrx_word' id='word_1_96' title='bbox 521 1738 632 1790; x_wconf 93' lang='lat' dir='ltr'><strong>Kal</strong></span> <span class='ocrx_word' id='word_1_97' title='bbox 662 1735 995 1806; x_wconf 82' lang='grc' dir='ltr'><strong>δικτατόρων</strong></span> <span class='ocrx_word' id='word_1_98' title='bbox 1029 1733 1128 1786; x_wconf 76' lang='grc' dir='ltr'><strong>καὶ</strong></span> <span class='ocrx_word' id='word_1_99' title='bbox 1158 1730 1375 1802; x_wconf 78' lang='grc' dir='ltr'>βουλῆς,</span> <span class='ocrx_word' id='word_1_100' title='bbox 1403 1728 1540 1783; x_wconf 83' lang='grc' dir='ltr'><strong>ἀλλᾶ</strong></span> <span class='ocrx_word' id='word_1_101' title='bbox 1568 1727 1662 1782; x_wconf 70' lang='grc' dir='ltr'><strong>καὶ</strong></span> <span class='ocrx_word' id='word_1_102' title='bbox 1689 1724 2027 1797; x_wconf 77' lang='grc' dir='ltr'>πατρικίων,</span> 
     </span>
    </p>
   </div>
   <div class='ocr_carea' id='block_1_16' title="bbox 535 1814 1992 1897">
    <p class='ocr_par' dir='ltr' id='par_1_16' title="bbox 535 1814 1992 1897">
     <span class='ocr_line' id='line_1_16' title="bbox 535 1814 1992 1897; baseline -0.007 -19"><span class='ocrx_word' id='word_1_103' title='bbox 535 1825 884 1896; x_wconf 81' lang='grc' dir='ltr'>Ἐπωμαδίαν</span> <span class='ocrx_word' id='word_1_104' title='bbox 912 1825 1109 1897; x_wconf 73' lang='grc' dir='ltr'>ἤνεγκε</span> <span class='ocrx_word' id='word_1_105' title='bbox 1141 1819 1238 1888; x_wconf 86' lang='grc' dir='ltr'>τὴν</span> <span class='ocrx_word' id='word_1_106' title='bbox 1264 1818 1500 1888; x_wconf 80' lang='grc' dir='ltr'>ζεύγλην</span> <span class='ocrx_word' id='word_1_107' title='bbox 1532 1817 1644 1869; x_wconf 87' lang='grc' dir='ltr'><strong>τῶν</strong></span> <span class='ocrx_word' id='word_1_108' title='bbox 1671 1814 1992 1884; x_wconf 78' lang='grc' dir='ltr'>Βαρϐάρων.</span> 
     </span>
    </p>
   </div>
   <div class='ocr_carea' id='block_1_17' title="bbox 526 1902 1922 1985">
    <p class='ocr_par' dir='ltr' id='par_1_17' title="bbox 526 1902 1922 1985">
     <span class='ocr_line' id='line_1_17' title="bbox 526 1902 1922 1985; baseline -0.011 -14"><span class='ocrx_word' id='word_1_109' title='bbox 526 1918 635 1972; x_wconf 88' lang='lat' dir='ltr'><strong>Kal</strong></span> <span class='ocrx_word' id='word_1_110' title='bbox 664 1914 857 1985; x_wconf 82' lang='grc' dir='ltr'>πρώην</span> <span class='ocrx_word' id='word_1_111' title='bbox 898 1911 1313 1985; x_wconf 79' lang='grc' dir='ltr'>χρηματίζουσα</span> <span class='ocrx_word' id='word_1_112' title='bbox 1341 1908 1467 1978; x_wconf 81' lang='grc' dir='ltr'><strong>βοῦς</strong></span> <span class='ocrx_word' id='word_1_113' title='bbox 1495 1907 1753 1975; x_wconf 82' lang='grc' dir='ltr'><strong>ἀγελαῖος</strong></span> <span class='ocrx_word' id='word_1_114' title='bbox 1782 1902 1922 1968; x_wconf 76' lang='grc' dir='ltr'>ἄζυξ</span> 
     </span>
    </p>
   </div>
   <div class='ocr_carea' id='block_1_18' title="bbox 536 1996 1718 2076">
    <p class='ocr_par' dir='ltr' id='par_1_18' title="bbox 536 1996 1718 2076">
     <span class='ocr_line' id='line_1_18' title="bbox 536 1996 1718 2076; baseline -0.009 -16"><span class='ocrx_word' id='word_1_115' title='bbox 536 2007 809 2076; x_wconf 77' lang='grc' dir='ltr'><strong>’Υπήκοος</strong></span> <span class='ocrx_word' id='word_1_116' title='bbox 839 2005 1054 2073; x_wconf 71' lang='grc' dir='ltr'>ἐγένετο</span> <span class='ocrx_word' id='word_1_117' title='bbox 1075 2000 1371 2062; x_wconf 81' lang='grc' dir='ltr'>δυνάσταις</span> <span class='ocrx_word' id='word_1_118' title='bbox 1396 1996 1718 2069; x_wconf 74' lang='grc' dir='ltr'>ᾁροτρεῦσι,</span> 
     </span>
    </p>
   </div>
   <div class='ocr_carea' id='block_1_19' title="bbox 527 2084 1980 2167">
    <p class='ocr_par' dir='ltr' id='par_1_19' title="bbox 527 2084 1980 2167">
     <span class='ocr_line' id='line_1_19' title="bbox 527 2084 1980 2167; baseline -0.01 -16"><span class='ocrx_word' id='word_1_119' title='bbox 527 2098 638 2151; x_wconf 80' lang='lat' dir='ltr'><strong>Kal</strong></span> <span class='ocrx_word' id='word_1_120' title='bbox 663 2096 769 2167; x_wconf 86' lang='grc' dir='ltr'>γῆς</span> <span class='ocrx_word' id='word_1_121' title='bbox 794 2098 910 2158; x_wconf 86' lang='grc' dir='ltr'>τοῖς</span> <span class='ocrx_word' id='word_1_122' title='bbox 935 2092 1307 2163; x_wconf 84' lang='grc' dir='ltr'>αύλακίσμασι</span> <span class='ocrx_word' id='word_1_123' title='bbox 1329 2088 1627 2162; x_wconf 82' lang='grc' dir='ltr'>τρύχεσθαι</span> <span class='ocrx_word' id='word_1_124' title='bbox 1657 2084 1980 2157; x_wconf 79' lang='grc' dir='ltr'><strong>κατεκρίθη.</strong></span> 
     </span>
    </p>
   </div>
   <div class='ocr_carea' id='block_1_20' title="bbox 597 2172 2109 2258">
    <p class='ocr_par' dir='ltr' id='par_1_20' title="bbox 597 2172 2109 2258">
     <span class='ocr_line' id='line_1_20' title="bbox 597 2172 2109 2258; baseline -0.009 -15"><span class='ocrx_word' id='word_1_125' title='bbox 597 2189 709 2244; x_wconf 77' lang='lat' dir='ltr'><strong>Kal</strong></span> <span class='ocrx_word' id='word_1_126' title='bbox 756 2187 927 2243; x_wconf 81' lang='grc' dir='ltr'>ταῦτα</span> <span class='ocrx_word' id='word_1_127' title='bbox 991 2184 1093 2258; x_wconf 83' lang='grc' dir='ltr'><strong>μὲν</strong></span> <span class='ocrx_word' id='word_1_128' title='bbox 1151 2182 1465 2253; x_wconf 78' lang='grc' dir='ltr'>συμϐέϐηκε</span> <span class='ocrx_word' id='word_1_129' title='bbox 1521 2183 1590 2253; x_wconf 77' lang='grc' dir='ltr'>τῇ</span> <span class='ocrx_word' id='word_1_130' title='bbox 1653 2177 2005 2250; x_wconf 77' lang='grc' dir='ltr'>πρεσϐυτέρᾳ</span> <span class='ocrx_word' id='word_1_131' title='bbox 2063 2172 2109 2207; x_wconf 63' lang='grc'><strong>⁸⁸</strong></span> 
     </span>
    </p>
   </div>
   <div class='ocr_carea' id='block_1_21' title="bbox 1773 2268 2000 2341">
    <p class='ocr_par' dir='ltr' id='par_1_21' title="bbox 1773 2268 2000 2341">
     <span class='ocr_line' id='line_1_21' title="bbox 1773 2268 2000 2341; baseline -0.009 0"><span class='ocrx_word' id='word_1_132' title='bbox 1773 2268 2000 2341; x_wconf 70' lang='grc' dir='ltr'><strong>[Ῥώμῃ</strong></span> 
     </span>
    </p>
   </div>
   <div class='ocr_carea' id='block_1_22' title="bbox 540 2359 1947 2441">
    <p class='ocr_par' dir='ltr' id='par_1_22' title="bbox 540 2359 1947 2441">
     <span class='ocr_line' id='line_1_22' title="bbox 540 2359 1947 2441; baseline -0.008 -17"><span class='ocrx_word' id='word_1_133' title='bbox 540 2370 610 2423; x_wconf 84' lang='grc' dir='ltr'><strong>ΊΙ</strong></span> <span class='ocrx_word' id='word_1_134' title='bbox 631 2369 675 2424; x_wconf 89' lang='grc' dir='ltr'>δ’</span> <span class='ocrx_word' id='word_1_135' title='bbox 706 2369 953 2441; x_wconf 78' lang='grc' dir='ltr'>ἡμετέρα</span> <span class='ocrx_word' id='word_1_136' title='bbox 974 2366 1221 2439; x_wconf 75' lang='grc' dir='ltr'><strong>τέθηλεν,</strong></span> <span class='ocrx_word' id='word_1_137' title='bbox 1253 2365 1430 2433; x_wconf 74' lang='grc' dir='ltr'>αὔξει,</span> <span class='ocrx_word' id='word_1_138' title='bbox 1474 2365 1697 2436; x_wconf 84' lang='grc' dir='ltr'>κρατεῖ,</span> <span class='ocrx_word' id='word_1_139' title='bbox 1738 2359 1947 2424; x_wconf 82' lang='grc' dir='ltr'>νεάζει,</span> 
     </span>
    </p>
   </div>
   <div class='ocr_carea' id='block_1_23' title="bbox 532 2449 2003 2532">
    <p class='ocr_par' dir='ltr' id='par_1_23' title="bbox 532 2449 2003 2532">
     <span class='ocr_line' id='line_1_23' title="bbox 532 2449 2003 2532; baseline -0.005 -18"><span class='ocrx_word' id='word_1_140' title='bbox 532 2460 641 2514; x_wconf 88' lang='lat' dir='ltr'><strong>Kal</strong></span> <span class='ocrx_word' id='word_1_141' title='bbox 674 2460 834 2532; x_wconf 81' lang='grc' dir='ltr'>μέχρι</span> <span class='ocrx_word' id='word_1_142' title='bbox 855 2458 1040 2521; x_wconf 85' lang='grc' dir='ltr'><strong>τέλους</strong></span> <span class='ocrx_word' id='word_1_143' title='bbox 1063 2457 1298 2523; x_wconf 83' lang='grc' dir='ltr'>αὔξοιτο,</span> <span class='ocrx_word' id='word_1_144' title='bbox 1323 2458 1414 2511; x_wconf 85' lang='lat' dir='ltr'><strong><em>val</em></strong></span> <span class='ocrx_word' id='word_1_145' title='bbox 1450 2453 1673 2526; x_wconf 81' lang='grc' dir='ltr'>βασιλεῦ</span> <span class='ocrx_word' id='word_1_146' title='bbox 1698 2449 2003 2518; x_wconf 75' lang='grc' dir='ltr'>παντάναξ,</span> 
     </span>
    </p>
   </div>
   <div class='ocr_carea' id='block_1_24' title="bbox 532 2546 1897 2623">
    <p class='ocr_par' dir='ltr' id='par_1_24' title="bbox 532 2546 1897 2623">
     <span class='ocr_line' id='line_1_24' title="bbox 532 2546 1897 2623; baseline -0.004 -17"><span class='ocrx_word' id='word_1_147' title='bbox 532 2554 785 2608; x_wconf 84' lang='grc' dir='ltr'>Τοιοῦτον</span> <span class='ocrx_word' id='word_1_148' title='bbox 816 2551 1021 2623; x_wconf 82' lang='grc' dir='ltr'>σχοῦσα</span> <span class='ocrx_word' id='word_1_149' title='bbox 1042 2551 1293 2622; x_wconf 86' lang='grc' dir='ltr'>τηλαυγῆ</span> <span class='ocrx_word' id='word_1_150' title='bbox 1325 2550 1617 2621; x_wconf 79' lang='grc' dir='ltr'><strong>φωσφόρον</strong></span> <span class='ocrx_word' id='word_1_151' title='bbox 1646 2546 1897 2617; x_wconf 80' lang='grc' dir='ltr'>βασιλέα,</span> 
     </span>
    </p>
   </div>
   <div class='ocr_carea' id='block_1_25' title="bbox 534 2641 1759 2715">
    <p class='ocr_par' dir='ltr' id='par_1_25' title="bbox 534 2641 1759 2715">
     <span class='ocr_line' id='line_1_25' title="bbox 534 2641 1759 2715; baseline -0.003 -18"><span class='ocrx_word' id='word_1_152' title='bbox 534 2646 806 2713; x_wconf 75' lang='grc' dir='ltr'>Μέγιστον</span> <span class='ocrx_word' id='word_1_153' title='bbox 830 2644 1239 2707; x_wconf 81' lang='grc' dir='ltr'>Αὐσονάνακτα,</span> <span class='ocrx_word' id='word_1_154' title='bbox 1273 2641 1759 2715; x_wconf 83' lang='grc' dir='ltr'>μυριονικηφόρον,</span> 
     </span>
    </p>
   </div>
   <div class='ocr_carea' id='block_1_26' title="bbox 537 2729 2027 2808">
    <p class='ocr_par' dir='ltr' id='par_1_26' title="bbox 537 2729 2027 2808">
     <span class='ocr_line' id='line_1_26' title="bbox 537 2729 2027 2808; baseline -0.003 -19"><span class='ocrx_word' id='word_1_155' title='bbox 537 2734 919 2806; x_wconf 76' lang='grc' dir='ltr'>Κομνηνιάδην</span> <span class='ocrx_word' id='word_1_156' title='bbox 949 2734 1231 2806; x_wconf 84' lang='grc' dir='ltr'>Μανουὴλ,</span> <span class='ocrx_word' id='word_1_157' title='bbox 1261 2733 1550 2806; x_wconf 74' lang='grc' dir='ltr'>πορφύρας</span> <span class='ocrx_word' id='word_1_158' title='bbox 1581 2730 1818 2808; x_wconf 78' lang='grc' dir='ltr'>χρυσοῦν</span> <span class='ocrx_word' id='word_1_159' title='bbox 1846 2729 2027 2803; x_wconf 76' lang='grc' dir='ltr'>ῥόδον,</span> 
     </span>
    </p>
   </div>
   <div class='ocr_carea' id='block_1_27' title="bbox 541 3039 2121 3115">
    <p class='ocr_par' dir='ltr' id='par_1_27' title="bbox 541 3039 2121 3115">
     <span class='ocr_line' id='line_1_27' title="bbox 541 3039 2121 3115; baseline -0.005 -14"><span class='ocrx_word' id='word_1_160' title='bbox 541 3045 910 3101; x_wconf 88' lang='lat' dir='ltr'><strong>Barbarorum</strong></span> <span class='ocrx_word' id='word_1_161' title='bbox 937 3044 1178 3110; x_wconf 88' lang='lat' dir='ltr'><strong>redacta,</strong></span> <span class='ocrx_word' id='word_1_162' title='bbox 1213 3057 1449 3115; x_wconf 89' lang='lat' dir='ltr'><strong>quorum</strong></span> <span class='ocrx_word' id='word_1_163' title='bbox 1476 3040 1734 3097; x_wconf 90' lang='lat' dir='ltr'><strong>manibus</strong></span> <span class='ocrx_word' id='word_1_164' title='bbox 1760 3039 1963 3095; x_wconf 81' lang='lat' dir='ltr'><strong>misere</strong></span> <span class='ocrx_word' id='word_1_165' title='bbox 1988 3054 2121 3109; x_wconf 89' lang='lat' dir='ltr'><strong>pro-</strong></span> 
     </span>
    </p>
   </div>
   <div class='ocr_carea' id='block_1_28' title="bbox 1669 319 2602 394">
    <p class='ocr_par' dir='ltr' id='par_1_28' title="bbox 1669 319 2602 394">
     <span class='ocr_line' id='line_1_28' title="bbox 1669 319 2602 394; baseline -0.018 0"><span class='ocrx_word' id='word_1_166' title='bbox 1669 329 2060 394; x_wconf 79' lang='lat' dir='ltr'><strong>CONSTANT</strong></span> <span class='ocrx_word' id='word_1_167' title='bbox 2072 326 2184 388; x_wconf 82' lang='lat' dir='ltr'><strong>[NI</strong></span> <span class='ocrx_word' id='word_1_168' title='bbox 2225 319 2602 384; x_wconf 85' lang='lat' dir='ltr'><strong>MANASSIS</strong></span> 
     </span>
    </p>
   </div>
   <div class='ocr_carea' id='block_1_29' title="bbox 2108 419 3527 506">
    <p class='ocr_par' dir='ltr' id='par_1_29' title="bbox 2108 419 3527 506">
     <span class='ocr_line' id='line_1_29' title="bbox 2108 419 3527 506; baseline -0.012 -14"><span class='ocrx_word' id='word_1_169' title='bbox 2108 437 2160 497; x_wconf 76' lang='grc' dir='ltr'><strong>Α</strong></span> <span class='ocrx_word' id='word_1_170' title='bbox 2183 430 2370 506; x_wconf 72' lang='grc' dir='ltr'>Οῧπερ</span> <span class='ocrx_word' id='word_1_171' title='bbox 2394 433 2455 487; x_wconf 79' lang='grc' dir='ltr'>τὸ</span> <span class='ocrx_word' id='word_1_172' title='bbox 2487 430 2686 502; x_wconf 78' lang='grc' dir='ltr'>κράτος</span> <span class='ocrx_word' id='word_1_173' title='bbox 2711 428 2752 460; x_wconf 78' lang='grc'><strong>⁸⁵</strong></span> <span class='ocrx_word' id='word_1_174' title='bbox 2779 426 2923 499; x_wconf 70' lang='grc' dir='ltr'>ἣλιοι</span> <span class='ocrx_word' id='word_1_175' title='bbox 2953 423 3286 495; x_wconf 83' lang='grc' dir='ltr'>μετρήσαιεν</span> <span class='ocrx_word' id='word_1_176' title='bbox 3320 419 3527 490; x_wconf 87' lang='grc' dir='ltr'>μυρίοι.</span> 
     </span>
    </p>
   </div>
   <div class='ocr_carea' id='block_1_30' title="bbox 3660 309 3762 373">
    <p class='ocr_par' dir='ltr' id='par_1_30' title="bbox 3660 309 3762 373">
     <span class='ocr_line' id='line_1_30' title="bbox 3660 309 3762 373; baseline -0.078 1"><span class='ocrx_word' id='word_1_177' title='bbox 3660 309 3762 373; x_wconf 77' lang='grc' dir='ltr'>3Ιῦ</span> 
     </span>
    </p>
   </div>
   <div class='ocr_carea' id='block_1_31' title="bbox 2255 514 3605 598">
    <p class='ocr_par' dir='ltr' id='par_1_31' title="bbox 2255 514 3605 598">
     <span class='ocr_line' id='line_1_31' title="bbox 2255 514 3605 598; baseline -0.015 -12"><span class='ocrx_word' id='word_1_178' title='bbox 2255 530 2418 585; x_wconf 77' lang='grc' dir='ltr'>Ἀλλὰ</span> <span class='ocrx_word' id='word_1_179' title='bbox 2452 528 2561 598; x_wconf 68' lang='grc' dir='ltr'><strong>γὰρ</strong></span> <span class='ocrx_word' id='word_1_180' title='bbox 2593 525 2755 580; x_wconf 80' lang='grc' dir='ltr'>πάλιν</span> <span class='ocrx_word' id='word_1_181' title='bbox 2785 524 2864 585; x_wconf 83' lang='grc' dir='ltr'><strong>είς</strong></span> <span class='ocrx_word' id='word_1_182' title='bbox 2886 521 3005 575; x_wconf 74' lang='grc' dir='ltr'>ὁδὸν</span> <span class='ocrx_word' id='word_1_183' title='bbox 3032 521 3063 572; x_wconf 83' lang='grc' dir='ltr'><strong>ὁ</strong></span> <span class='ocrx_word' id='word_1_184' title='bbox 3099 517 3260 586; x_wconf 83' lang='grc' dir='ltr'>λόγος</span> <span class='ocrx_word' id='word_1_185' title='bbox 3299 514 3605 584; x_wconf 74' lang='grc' dir='ltr'>ἀναγέσῦω,</span> 
     </span>
    </p>
   </div>
   <div class='ocr_carea' id='block_1_32' title="bbox 2187 607 3661 691">
    <p class='ocr_par' dir='ltr' id='par_1_32' title="bbox 2187 607 3661 691">
     <span class='ocr_line' id='line_1_32' title="bbox 2187 607 3661 691; baseline -0.012 -13"><span class='ocrx_word' id='word_1_186' title='bbox 2187 624 2301 678; x_wconf 90' lang='lat' dir='ltr'><strong>Kal</strong></span> <span class='ocrx_word' id='word_1_187' title='bbox 2331 617 2689 691; x_wconf 83' lang='grc' dir='ltr'>τερματούτω</span> <span class='ocrx_word' id='word_1_188' title='bbox 2714 615 2806 669; x_wconf 70' lang='grc' dir='ltr'>τὸν</span> <span class='ocrx_word' id='word_1_189' title='bbox 2834 612 3023 668; x_wconf 80' lang='grc' dir='ltr'>λοιπὸν</span> <span class='ocrx_word' id='word_1_190' title='bbox 3048 610 3251 681; x_wconf 85' lang='grc' dir='ltr'>δρόμον</span> <span class='ocrx_word' id='word_1_191' title='bbox 3269 608 3373 678; x_wconf 83' lang='grc' dir='ltr'>τῆς</span> <span class='ocrx_word' id='word_1_192' title='bbox 3399 607 3661 679; x_wconf 76' lang='grc' dir='ltr'>ἱστορίας.</span> 
     </span>
    </p>
   </div>
   <div class='ocr_carea' id='block_1_33' title="bbox 2261 701 3395 768">
    <p class='ocr_par' dir='ltr' id='par_1_33' title="bbox 2261 701 3395 768">
     <span class='ocr_line' id='line_1_33' title="bbox 2261 701 3395 768; baseline -0.014 1"><span class='ocrx_word' id='word_1_193' title='bbox 2261 714 2367 768; x_wconf 84' lang='grc' dir='ltr'>Τὸν</span> <span class='ocrx_word' id='word_1_194' title='bbox 2389 713 2510 768; x_wconf 78' lang='grc' dir='ltr'>νέον</span> <span class='ocrx_word' id='word_1_195' title='bbox 2530 708 2813 764; x_wconf 86' lang='grc' dir='ltr'>Θεοδόσιον</span> <span class='ocrx_word' id='word_1_196' title='bbox 2846 706 2927 759; x_wconf 82' lang='grc' dir='ltr'>ἔτι</span> <span class='ocrx_word' id='word_1_197' title='bbox 2960 703 3244 757; x_wconf 82' lang='grc' dir='ltr'>παιδίσκον</span> <span class='ocrx_word' id='word_1_198' title='bbox 3266 701 3395 754; x_wconf 75' lang='grc' dir='ltr'>ὄντα</span> 
     </span>
    </p>
   </div>
   <div class='ocr_carea' id='block_1_34' title="bbox 2197 793 3521 877">
    <p class='ocr_par' dir='ltr' id='par_1_34' title="bbox 2197 793 3521 877">
     <span class='ocr_line' id='line_1_34' title="bbox 2197 793 3521 877; baseline -0.013 -14"><span class='ocrx_word' id='word_1_199' title='bbox 2197 806 2436 877; x_wconf 82' lang='grc' dir='ltr'>Ἀγοντά</span> <span class='ocrx_word' id='word_1_200' title='bbox 2457 822 2517 859; x_wconf 84' lang='grc' dir='ltr'><strong>τε</strong></span> <span class='ocrx_word' id='word_1_201' title='bbox 2545 803 2644 873; x_wconf 80' lang='grc' dir='ltr'><strong>τὴν</strong></span> <span class='ocrx_word' id='word_1_202' title='bbox 2672 799 2889 870; x_wconf 81' lang='grc' dir='ltr'>ἁπαλὴν</span> <span class='ocrx_word' id='word_1_203' title='bbox 2921 798 3018 851; x_wconf 75' lang='grc' dir='ltr'>καὶ</span> <span class='ocrx_word' id='word_1_204' title='bbox 3048 794 3272 866; x_wconf 84' lang='grc' dir='ltr'>πρώτην</span> <span class='ocrx_word' id='word_1_205' title='bbox 3304 793 3521 865; x_wconf 79' lang='grc' dir='ltr'>ἠλικίαν</span> 
     </span>
    </p>
   </div>
   <div class='ocr_carea' id='block_1_35' title="bbox 2192 885 3482 970">
    <p class='ocr_par' dir='ltr' id='par_1_35' title="bbox 2192 885 3482 970">
     <span class='ocr_line' id='line_1_35' title="bbox 2192 885 3482 970; baseline -0.012 -18"><span class='ocrx_word' id='word_1_206' title='bbox 2192 897 2476 970; x_wconf 81' lang='grc' dir='ltr'>’Λρκάδιος</span> <span class='ocrx_word' id='word_1_207' title='bbox 2510 895 2754 964; x_wconf 72' lang='grc' dir='ltr'>ἐνίδρυσε</span> <span class='ocrx_word' id='word_1_208' title='bbox 2784 892 2896 952; x_wconf 82' lang='grc' dir='ltr'>τοῖς</span> <span class='ocrx_word' id='word_1_209' title='bbox 2928 887 3216 958; x_wconf 85' lang='grc' dir='ltr'>βασιλείοις</span> <span class='ocrx_word' id='word_1_210' title='bbox 3248 885 3482 956; x_wconf 81' lang='grc' dir='ltr'>θρόνοις,</span> 
     </span>
    </p>
   </div>
   <div class='ocr_carea' id='block_1_36' title="bbox 2197 973 3613 1057">
    <p class='ocr_par' dir='ltr' id='par_1_36' title="bbox 2197 973 3613 1057">
     <span class='ocr_line' id='line_1_36' title="bbox 2197 973 3613 1057; baseline -0.012 -15"><span class='ocrx_word' id='word_1_211' title='bbox 2197 989 2304 1042; x_wconf 91' lang='lat' dir='ltr'><strong>Kal</strong></span> <span class='ocrx_word' id='word_1_212' title='bbox 2346 987 2593 1057; x_wconf 83' lang='grc' dir='ltr'>φύλακας</span> <span class='ocrx_word' id='word_1_213' title='bbox 2615 984 2920 1051; x_wconf 75' lang='grc' dir='ltr'>ἐπέστησεν</span> <span class='ocrx_word' id='word_1_214' title='bbox 2950 981 2995 1012; x_wconf 74' lang='grc'>⁸⁸</span> <span class='ocrx_word' id='word_1_215' title='bbox 3025 976 3176 1048; x_wconf 85' lang='grc' dir='ltr'><strong>αύτῷ</strong></span> <span class='ocrx_word' id='word_1_216' title='bbox 3200 975 3301 1047; x_wconf 84' lang='grc' dir='ltr'>τῆς</span> <span class='ocrx_word' id='word_1_217' title='bbox 3335 973 3613 1045; x_wconf 83' lang='grc' dir='ltr'>βασιλείας</span> 
     </span>
    </p>
   </div>
   <div class='ocr_carea' id='block_1_37' title="bbox 2195 1066 3775 1149">
    <p class='ocr_par' dir='ltr' id='par_1_37' title="bbox 2195 1066 3775 1149">
     <span class='ocr_line' id='line_1_37' title="bbox 2195 1066 3775 1149; baseline -0.009 -15"><span class='ocrx_word' id='word_1_218' title='bbox 2195 1081 2335 1143; x_wconf 78' lang='grc' dir='ltr'>Τοὺς</span> <span class='ocrx_word' id='word_1_219' title='bbox 2353 1078 2452 1149; x_wconf 85' lang='grc' dir='ltr'><strong>τῆς</strong></span> <span class='ocrx_word' id='word_1_220' title='bbox 2480 1076 2785 1147; x_wconf 83' lang='grc' dir='ltr'>συγκλήτου</span> <span class='ocrx_word' id='word_1_221' title='bbox 2834 1069 3175 1142; x_wconf 71' lang='grc' dir='ltr'>προῦχοντας</span> <span class='ocrx_word' id='word_1_222' title='bbox 3213 1070 3309 1123; x_wconf 76' lang='grc' dir='ltr'><strong>καὶ</strong></span> <span class='ocrx_word' id='word_1_223' title='bbox 3354 1066 3483 1129; x_wconf 77' lang='grc' dir='ltr'>τοὺς</span> <span class='ocrx_word' id='word_1_224' title='bbox 3525 1066 3775 1136; x_wconf 77' lang='grc' dir='ltr'><strong>ἀγχινου⁴</strong></span> 
     </span>
    </p>
   </div>
   <div class='ocr_carea' id='block_1_38' title="bbox 3437 1154 3703 1228">
    <p class='ocr_par' dir='ltr' id='par_1_38' title="bbox 3437 1154 3703 1228">
     <span class='ocr_line' id='line_1_38' title="bbox 3437 1154 3703 1228; baseline -0.004 -19"><span class='ocrx_word' id='word_1_225' title='bbox 3437 1154 3703 1228; x_wconf 80' lang='grc' dir='ltr'>[στέρους.</span> 
     </span>
    </p>
   </div>
   <div class='ocr_carea' id='block_1_39' title="bbox 2197 1247 3739 1324">
    <p class='ocr_par' dir='ltr' id='par_1_39' title="bbox 2197 1247 3739 1324">
     <span class='ocr_line' id='line_1_39' title="bbox 2197 1247 3739 1324; baseline -0.013 -6"><span class='ocrx_word' id='word_1_226' title='bbox 2197 1263 2308 1318; x_wconf 87' lang='lat' dir='ltr'><strong>Kal</strong></span> <span class='ocrx_word' id='word_1_227' title='bbox 2332 1261 2429 1316; x_wconf 77' lang='grc' dir='ltr'>σὺν</span> <span class='ocrx_word' id='word_1_228' title='bbox 2458 1259 2642 1321; x_wconf 82' lang='grc' dir='ltr'>αὐτοῖς</span> <span class='ocrx_word' id='word_1_229' title='bbox 2670 1256 2761 1310; x_wconf 61' lang='grc' dir='ltr'><strong>τδν</strong></span> <span class='ocrx_word' id='word_1_230' title='bbox 2798 1254 3035 1324; x_wconf 83' lang='grc' dir='ltr'>ἄρχοντα</span> <span class='ocrx_word' id='word_1_231' title='bbox 3078 1247 3338 1320; x_wconf 80' lang='grc' dir='ltr'>Περσίδος</span> <span class='ocrx_word' id='word_1_232' title='bbox 3375 1247 3739 1318; x_wconf 77' lang='grc' dir='ltr'><strong>’Ἱσδιγέρδην⁵</strong></span> 
     </span>
    </p>
   </div>
   <div class='ocr_carea' id='block_1_40' title="bbox 2204 1341 3477 1422">
    <p class='ocr_par' dir='ltr' id='par_1_40' title="bbox 2204 1341 3477 1422">
     <span class='ocr_line' id='line_1_40' title="bbox 2204 1341 3477 1422; baseline -0.015 -11"><span class='ocrx_word' id='word_1_233' title='bbox 2204 1357 2301 1420; x_wconf 87' lang='grc' dir='ltr'><strong>Ὃς</strong></span> <span class='ocrx_word' id='word_1_234' title='bbox 2333 1356 2430 1409; x_wconf 72' lang='grc' dir='ltr'><strong>καὶ</strong></span> <span class='ocrx_word' id='word_1_235' title='bbox 2471 1350 2657 1422; x_wconf 82' lang='grc' dir='ltr'>μαθὼν</span> <span class='ocrx_word' id='word_1_236' title='bbox 2696 1346 2990 1415; x_wconf 72' lang='grc' dir='ltr'>ἐπιϐουλὴν</span> <span class='ocrx_word' id='word_1_237' title='bbox 3017 1342 3161 1397; x_wconf 74' lang='grc' dir='ltr'>κατὰ</span> <span class='ocrx_word' id='word_1_238' title='bbox 3194 1341 3477 1396; x_wconf 85' lang='grc' dir='ltr'>Θεοδοσίου</span> 
     </span>
    </p>
   </div>
   <div class='ocr_carea' id='block_1_41' title="bbox 2202 1433 3548 1521">
    <p class='ocr_par' dir='ltr' id='par_1_41' title="bbox 2202 1433 3548 1521">
     <span class='ocr_line' id='line_1_41' title="bbox 2202 1433 3548 1521; baseline -0.013 -17"><span class='ocrx_word' id='word_1_239' title='bbox 2202 1446 2586 1521; x_wconf 83' lang='grc' dir='ltr'>Τυρευομὲνην</span> <span class='ocrx_word' id='word_1_240' title='bbox 2624 1442 2687 1496; x_wconf 76' lang='grc' dir='ltr'><strong>ἐκ</strong></span> <span class='ocrx_word' id='word_1_241' title='bbox 2710 1456 2872 1494; x_wconf 83' lang='grc' dir='ltr'>τινων</span> <span class='ocrx_word' id='word_1_242' title='bbox 2902 1436 3113 1508; x_wconf 83' lang='grc' dir='ltr'>ἀνδρῶν</span> <span class='ocrx_word' id='word_1_243' title='bbox 3142 1433 3548 1504; x_wconf 82' lang='grc' dir='ltr'>φιλοτυράννων</span> 
     </span>
    </p>
   </div>
   <div class='ocr_carea' id='block_1_42' title="bbox 2214 1525 3580 1608">
    <p class='ocr_par' dir='ltr' id='par_1_42' title="bbox 2214 1525 3580 1608">
     <span class='ocr_line' id='line_1_42' title="bbox 2214 1525 3580 1608; baseline -0.013 -13"><span class='ocrx_word' id='word_1_244' title='bbox 2214 1539 2539 1608; x_wconf 84' lang='grc' dir='ltr'>Ἠπείλησεν</span> <span class='ocrx_word' id='word_1_245' title='bbox 2574 1534 2896 1604; x_wconf 75' lang='grc' dir='ltr'>ἐπιδραμεῖν</span> <span class='ocrx_word' id='word_1_246' title='bbox 2926 1531 3054 1601; x_wconf 83' lang='grc' dir='ltr'>ἄχρι</span> <span class='ocrx_word' id='word_1_247' title='bbox 3088 1528 3185 1581; x_wconf 77' lang='grc' dir='ltr'><strong>καὶ</strong></span> <span class='ocrx_word' id='word_1_248' title='bbox 3212 1525 3509 1591; x_wconf 79' lang='grc' dir='ltr'>Βυζαντίου</span> <span class='ocrx_word' id='word_1_249' title='bbox 3537 1526 3580 1557; x_wconf 79' lang='grc'>³⁷</span> 
     </span>
    </p>
   </div>
   <div class='ocr_carea' id='block_1_43' title="bbox 2203 1618 3498 1702">
    <p class='ocr_par' dir='ltr' id='par_1_43' title="bbox 2203 1618 3498 1702">
     <span class='ocr_line' id='line_1_43' title="bbox 2203 1618 3498 1702; baseline -0.011 -17"><span class='ocrx_word' id='word_1_250' title='bbox 2203 1634 2308 1686; x_wconf 81' lang='grc' dir='ltr'>Σὺν</span> <span class='ocrx_word' id='word_1_251' title='bbox 2341 1630 2566 1702; x_wconf 84' lang='grc' dir='ltr'>μυριάσι</span> <span class='ocrx_word' id='word_1_252' title='bbox 2595 1626 2853 1699; x_wconf 84' lang='grc' dir='ltr'>μαχητῶν</span> <span class='ocrx_word' id='word_1_253' title='bbox 2884 1622 3136 1691; x_wconf 85' lang='grc' dir='ltr'><strong>ἀλκίμων</strong></span> <span class='ocrx_word' id='word_1_254' title='bbox 3156 1618 3498 1688; x_wconf 75' lang='grc' dir='ltr'>ὁπλοφόρων.</span> 
     </span>
    </p>
   </div>
   <div class='ocr_carea' id='block_1_44' title="bbox 2207 1709 3521 1793">
    <p class='ocr_par' dir='ltr' id='par_1_44' title="bbox 2207 1709 3521 1793">
     <span class='ocr_line' id='line_1_44' title="bbox 2207 1709 3521 1793; baseline -0.013 -14"><span class='ocrx_word' id='word_1_255' title='bbox 2207 1726 2268 1779; x_wconf 85' lang='lat' dir='ltr'><strong>Ol</strong></span> <span class='ocrx_word' id='word_1_256' title='bbox 2292 1724 2465 1779; x_wconf 82' lang='grc' dir='ltr'>τοίνυν</span> <span class='ocrx_word' id='word_1_257' title='bbox 2489 1720 2911 1793; x_wconf 81' lang='grc' dir='ltr'>βουλευσάμενοι</span> <span class='ocrx_word' id='word_1_258' title='bbox 2936 1714 3077 1769; x_wconf 70' lang='grc' dir='ltr'>κατὰ</span> <span class='ocrx_word' id='word_1_259' title='bbox 3109 1711 3203 1766; x_wconf 79' lang='grc' dir='ltr'><strong>τοῦ</strong></span> <span class='ocrx_word' id='word_1_260' title='bbox 3233 1709 3521 1780; x_wconf 72' lang='grc' dir='ltr'>βασιλέως,</span> 
     </span>
    </p>
   </div>
   <div class='ocr_carea' id='block_1_45' title="bbox 2206 1799 3783 1879">
    <p class='ocr_par' dir='ltr' id='par_1_45' title="bbox 2206 1799 3783 1879">
     <span class='ocr_line' id='line_1_45' title="bbox 2206 1799 3783 1879; baseline -0.013 -7"><span class='ocrx_word' id='word_1_261' title='bbox 2206 1813 2675 1876; x_wconf 82' lang='grc' dir='ltr'>Κατασεισϐἐντες</span> <span class='ocrx_word' id='word_1_262' title='bbox 2722 1811 2822 1871; x_wconf 77' lang='grc' dir='ltr'><strong>τὰς</strong></span> <span class='ocrx_word' id='word_1_263' title='bbox 2857 1805 3038 1879; x_wconf 81' lang='grc' dir='ltr'>ψυχὰς</span> <span class='ocrx_word' id='word_1_264' title='bbox 3075 1803 3152 1876; x_wconf 82' lang='grc' dir='ltr'><strong>τῷ</strong></span> <span class='ocrx_word' id='word_1_265' title='bbox 3194 1800 3345 1873; x_wconf 73' lang='grc' dir='ltr'>φόϐῳ</span> <span class='ocrx_word' id='word_1_266' title='bbox 3388 1799 3484 1854; x_wconf 79' lang='grc' dir='ltr'>τοῦ</span> <span class='ocrx_word' id='word_1_267' title='bbox 3533 1800 3783 1870; x_wconf 76' lang='grc' dir='ltr'>Περσάρο</span> 
     </span>
    </p>
   </div>
   <div class='ocr_carea' id='block_1_46' title="bbox 3008 1890 3714 1963">
    <p class='ocr_par' dir='ltr' id='par_1_46' title="bbox 3008 1890 3714 1963">
     <span class='ocr_line' id='line_1_46' title="bbox 3008 1890 3714 1963; baseline -0.014 -10"><span class='ocrx_word' id='word_1_268' title='bbox 3008 1941 3019 1953; x_wconf 94' lang='grc'><strong>.</strong></span> <span class='ocrx_word' id='word_1_269' title='bbox 3492 1890 3612 1963; x_wconf 86' lang='grc' dir='ltr'><strong>[χου</strong></span> <span class='ocrx_word' id='word_1_270' title='bbox 3646 1891 3714 1957; x_wconf 65' lang='grc' dir='ltr'>υ,</span> 
     </span>
    </p>
   </div>
   <div class='ocr_carea' id='block_1_47' title="bbox 2206 1983 3575 2056">
    <p class='ocr_par' dir='ltr' id='par_1_47' title="bbox 2206 1983 3575 2056">
     <span class='ocr_line' id='line_1_47' title="bbox 2206 1983 3575 2056; baseline -0.009 -7"><span class='ocrx_word' id='word_1_271' title='bbox 2206 1995 2281 2048; x_wconf 80' lang='grc' dir='ltr'><strong>Τὸ</strong></span> <span class='ocrx_word' id='word_1_272' title='bbox 2307 1992 2533 2049; x_wconf 83' lang='grc' dir='ltr'>δύσνουν</span> <span class='ocrx_word' id='word_1_273' title='bbox 2559 1988 2897 2045; x_wconf 79' lang='grc' dir='ltr'>ἀπεϐάλοντο</span> <span class='ocrx_word' id='word_1_274' title='bbox 2930 1987 3026 2043; x_wconf 73' lang='grc' dir='ltr'><strong>καὶ</strong></span> <span class='ocrx_word' id='word_1_275' title='bbox 3050 1985 3152 2056; x_wconf 79' lang='grc' dir='ltr'><strong>τὴν</strong></span> <span class='ocrx_word' id='word_1_276' title='bbox 3181 1983 3575 2056; x_wconf 84' lang='grc' dir='ltr'>κακοτροπίαν,</span> 
     </span>
    </p>
   </div>
   <div class='ocr_carea' id='block_1_48' title="bbox 2208 2074 3730 2155">
    <p class='ocr_par' dir='ltr' id='par_1_48' title="bbox 2208 2074 3730 2155">
     <span class='ocr_line' id='line_1_48' title="bbox 2208 2074 3730 2155; baseline -0.008 -16"><span class='ocrx_word' id='word_1_277' title='bbox 2208 2085 2320 2141; x_wconf 81' lang='lat' dir='ltr'><strong>Kal</strong></span> <span class='ocrx_word' id='word_1_278' title='bbox 2353 2084 2453 2155; x_wconf 78' lang='grc' dir='ltr'>τῆς</span> <span class='ocrx_word' id='word_1_279' title='bbox 2479 2082 2674 2152; x_wconf 82' lang='grc' dir='ltr'>βουλῆς</span> <span class='ocrx_word' id='word_1_280' title='bbox 2706 2080 3008 2149; x_wconf 80' lang='grc' dir='ltr'>ἀπέσχοντο</span> <span class='ocrx_word' id='word_1_281' title='bbox 3028 2078 3123 2132; x_wconf 79' lang='grc' dir='ltr'><strong>καὶ</strong></span> <span class='ocrx_word' id='word_1_282' title='bbox 3154 2076 3265 2131; x_wconf 86' lang='grc' dir='ltr'>τῶν</span> <span class='ocrx_word' id='word_1_283' title='bbox 3292 2074 3730 2147; x_wconf 73' lang='grc' dir='ltr'><strong>ἐγχειρημάτων.</strong></span> 
     </span>
    </p>
   </div>
   <div class='ocr_carea' id='block_1_49' title="bbox 2219 2167 3753 2248">
    <p class='ocr_par' dir='ltr' id='par_1_49' title="bbox 2219 2167 3753 2248">
     <span class='ocr_line' id='line_1_49' title="bbox 2219 2167 3753 2248; baseline -0.015 -16"><span class='ocrx_word' id='word_1_284' title='bbox 2219 2178 2308 2241; x_wconf 81' lang='grc' dir='ltr'><strong>Ὦς</strong></span> <span class='ocrx_word' id='word_1_285' title='bbox 2337 2176 2446 2248; x_wconf 79' lang='grc' dir='ltr'>ἄρα</span> <span class='ocrx_word' id='word_1_286' title='bbox 2477 2175 2539 2228; x_wconf 83' lang='grc' dir='ltr'>τὸ</span> <span class='ocrx_word' id='word_1_287' title='bbox 2570 2173 2978 2245; x_wconf 85' lang='grc' dir='ltr'>χρηστότροπον</span> <span class='ocrx_word' id='word_1_288' title='bbox 3009 2170 3123 2224; x_wconf 73' lang='grc' dir='ltr'>ἔστι</span> <span class='ocrx_word' id='word_1_289' title='bbox 3145 2170 3247 2224; x_wconf 66' lang='grc' dir='ltr'><strong>κάν</strong></span> <span class='ocrx_word' id='word_1_290' title='bbox 3275 2171 3389 2232; x_wconf 80' lang='grc' dir='ltr'>τοῖς</span> <span class='ocrx_word' id='word_1_291' title='bbox 3420 2167 3753 2238; x_wconf 67' lang='grc' dir='ltr'>Βαρϐάροις,</span> 
     </span>
    </p>
   </div>
   <div class='ocr_carea' id='block_1_50' title="bbox 2210 2260 3588 2342">
    <p class='ocr_par' dir='ltr' id='par_1_50' title="bbox 2210 2260 3588 2342">
     <span class='ocr_line' id='line_1_50' title="bbox 2210 2260 3588 2342; baseline -0.007 -17"><span class='ocrx_word' id='word_1_292' title='bbox 2210 2270 2324 2326; x_wconf 88' lang='lat' dir='ltr'><strong>Kal</strong></span> <span class='ocrx_word' id='word_1_293' title='bbox 2361 2270 2459 2342; x_wconf 80' lang='grc' dir='ltr'>τὴν</span> <span class='ocrx_word' id='word_1_294' title='bbox 2483 2267 2668 2337; x_wconf 83' lang='grc' dir='ltr'>φιλίαν</span> <span class='ocrx_word' id='word_1_295' title='bbox 2701 2266 2943 2337; x_wconf 80' lang='grc' dir='ltr'>ἄτρωτον</span> <span class='ocrx_word' id='word_1_296' title='bbox 2978 2264 3076 2318; x_wconf 75' lang='lat' dir='ltr'><strong><em>xal</em></strong></span> <span class='ocrx_word' id='word_1_297' title='bbox 3098 2263 3197 2335; x_wconf 81' lang='grc' dir='ltr'><strong>τὴν</strong></span> <span class='ocrx_word' id='word_1_298' title='bbox 3233 2260 3588 2330; x_wconf 84' lang='grc' dir='ltr'>φιλαλληλίαν</span> 
     </span>
    </p>
   </div>
   <div class='ocr_carea' id='block_1_51' title="bbox 2211 2352 3684 2432">
    <p class='ocr_par' dir='ltr' id='par_1_51' title="bbox 2211 2352 3684 2432">
     <span class='ocr_line' id='line_1_51' title="bbox 2211 2352 3684 2432; baseline -0.011 -14"><span class='ocrx_word' id='word_1_299' title='bbox 2211 2361 2365 2417; x_wconf 83' lang='grc' dir='ltr'>Οἶδεν</span> <span class='ocrx_word' id='word_1_300' title='bbox 2392 2360 2532 2432; x_wconf 84' lang='grc' dir='ltr'><strong>ἀνὴρ</strong></span> <span class='ocrx_word' id='word_1_301' title='bbox 2561 2357 2938 2428; x_wconf 78' lang='grc' dir='ltr'>ἀλλόγλωσσος</span> <span class='ocrx_word' id='word_1_302' title='bbox 2972 2355 3244 2409; x_wconf 78' lang='grc' dir='ltr'>ἀθόλωτον</span> <span class='ocrx_word' id='word_1_303' title='bbox 3271 2353 3568 2422; x_wconf 72' lang='grc' dir='ltr'>φυλάσσειν</span> <span class='ocrx_word' id='word_1_304' title='bbox 3597 2352 3640 2384; x_wconf 83' lang='grc'><strong>¹⁶</strong></span> <span class='ocrx_word' id='word_1_305' title='bbox 3665 2367 3684 2385; x_wconf 82' lang='grc' dir='ltr'><strong>ο</strong></span> 
     </span>
    </p>
   </div>
   <div class='ocr_carea' id='block_1_52' title="bbox 2212 2443 3511 2523">
    <p class='ocr_par' dir='ltr' id='par_1_52' title="bbox 2212 2443 3511 2523">
     <span class='ocr_line' id='line_1_52' title="bbox 2212 2443 3511 2523; baseline -0.008 -16"><span class='ocrx_word' id='word_1_306' title='bbox 2212 2452 2288 2507; x_wconf 83' lang='grc' dir='ltr'><strong>Τὸ</strong></span> <span class='ocrx_word' id='word_1_307' title='bbox 2326 2451 2434 2523; x_wconf 82' lang='grc' dir='ltr'>γὰρ</span> <span class='ocrx_word' id='word_1_308' title='bbox 2457 2450 2621 2505; x_wconf 76' lang='grc' dir='ltr'>καλὸν</span> <span class='ocrx_word' id='word_1_309' title='bbox 2648 2451 2713 2503; x_wconf 82' lang='grc' dir='ltr'><strong>ἐκ</strong></span> <span class='ocrx_word' id='word_1_310' title='bbox 2733 2447 2948 2516; x_wconf 87' lang='grc' dir='ltr'>φύσεως</span> <span class='ocrx_word' id='word_1_311' title='bbox 2979 2446 3183 2501; x_wconf 74' lang='grc' dir='ltr'>ἅπασιν</span> <span class='ocrx_word' id='word_1_312' title='bbox 3212 2443 3511 2516; x_wconf 76' lang='grc' dir='ltr'>ἐνεσπᾶρη.</span> 
     </span>
    </p>
   </div>
   <div class='ocr_carea' id='block_1_53' title="bbox 2279 2535 3612 2611">
    <p class='ocr_par' dir='ltr' id='par_1_53' title="bbox 2279 2535 3612 2611">
     <span class='ocr_line' id='line_1_53' title="bbox 2279 2535 3612 2611; baseline 0.021 -46"><span class='ocrx_word' id='word_1_313' title='bbox 2279 2539 2390 2597; x_wconf 64' lang='grc' dir='ltr'>την</span> <span class='ocrx_word' id='word_1_314' title='bbox 2422 2541 2468 2596; x_wconf 72' lang='grc' dir='ltr'>δι</span> <span class='ocrx_word' id='word_1_315' title='bbox 2498 2540 2700 2611; x_wconf 72' lang='grc' dir='ltr'>ἀδελφὴ</span> <span class='ocrx_word' id='word_1_316' title='bbox 2723 2539 2801 2610; x_wconf 81' lang='grc' dir='ltr'><strong>τῷ</strong></span> <span class='ocrx_word' id='word_1_317' title='bbox 2827 2538 3037 2609; x_wconf 86' lang='grc' dir='ltr'>βασιλεὶ</span> <span class='ocrx_word' id='word_1_318' title='bbox 3067 2537 3245 2607; x_wconf 85' lang='grc' dir='ltr'>τούτῳ</span> <span class='ocrx_word' id='word_1_319' title='bbox 3270 2535 3536 2605; x_wconf 82' lang='grc' dir='ltr'>Θεοδοσίῳ</span> <span class='ocrx_word' id='word_1_320' title='bbox 3565 2536 3612 2568; x_wconf 77' lang='grc'><strong>⁸⁸</strong></span> 
     </span>
    </p>
   </div>
   <div class='ocr_carea' id='block_1_54' title="bbox 2216 2626 3669 2705">
    <p class='ocr_par' dir='ltr' id='par_1_54' title="bbox 2216 2626 3669 2705">
     <span class='ocr_line' id='line_1_54' title="bbox 2216 2626 3669 2705; baseline -0.006 -17"><span class='ocrx_word' id='word_1_321' title='bbox 2216 2634 2614 2705; x_wconf 84' lang='grc' dir='ltr'>Σεμνότροπος,</span> <span class='ocrx_word' id='word_1_322' title='bbox 2638 2630 2942 2700; x_wconf 77' lang='grc' dir='ltr'>σεμνόὸιος,</span> <span class='ocrx_word' id='word_1_323' title='bbox 2984 2628 3086 2701; x_wconf 76' lang='grc' dir='ltr'>τὴν</span> <span class='ocrx_word' id='word_1_324' title='bbox 3115 2627 3307 2693; x_wconf 83' lang='grc' dir='ltr'>κλῆσιν</span> <span class='ocrx_word' id='word_1_325' title='bbox 3346 2626 3669 2699; x_wconf 83' lang='grc' dir='ltr'>Πουλχερία,</span> 
     </span>
    </p>
   </div>
   <div class='ocr_carea' id='block_1_55' title="bbox 2219 2717 3648 2795">
    <p class='ocr_par' dir='ltr' id='par_1_55' title="bbox 2219 2717 3648 2795">
     <span class='ocr_line' id='line_1_55' title="bbox 2219 2717 3648 2795; baseline -0.006 -15"><span class='ocrx_word' id='word_1_326' title='bbox 2219 2725 2333 2780; x_wconf 89' lang='lat' dir='ltr'><strong>Kal</strong></span> <span class='ocrx_word' id='word_1_327' title='bbox 2354 2723 2541 2795; x_wconf 76' lang='grc' dir='ltr'>κάλλει</span> <span class='ocrx_word' id='word_1_328' title='bbox 2565 2723 2947 2795; x_wconf 74' lang='grc' dir='ltr'>διαλάμπουσα</span> <span class='ocrx_word' id='word_1_329' title='bbox 2976 2718 3232 2793; x_wconf 82' lang='grc' dir='ltr'>σώματος</span> <span class='ocrx_word' id='word_1_330' title='bbox 3257 2717 3648 2790; x_wconf 81' lang='grc' dir='ltr'>εὐπροσώπου,</span> 
     </span>
    </p>
   </div>
   <div class='ocr_carea' id='block_1_56' title="bbox 3474 2807 3800 2865">
    <p class='ocr_par' dir='ltr' id='par_1_56' title="bbox 3474 2807 3800 2865">
     <span class='ocr_line' id='line_1_56' title="bbox 3474 2807 3800 2865; baseline 0.012 -4"><span class='ocrx_word' id='word_1_331' title='bbox 3474 2807 3629 2865; x_wconf 82' lang='lat' dir='ltr'><strong>Vers.</strong></span> <span class='ocrx_word' id='word_1_332' title='bbox 3658 2808 3800 2865; x_wconf 73' lang='lat'><strong>2575</strong></span> 
     </span>
    </p>
   </div>
   <div class='ocr_carea' id='block_1_57' title="bbox 2224 3031 3796 3109">
    <p class='ocr_par' dir='ltr' id='par_1_57' title="bbox 2224 3031 3796 3109">
     <span class='ocr_line' id='line_1_57' title="bbox 2224 3031 3796 3109; baseline -0.003 -17"><span class='ocrx_word' id='word_1_333' title='bbox 2224 3052 2482 3109; x_wconf 70' lang='lat' dir='ltr'><strong>purpura:</strong></span> <span class='ocrx_word' id='word_1_334' title='bbox 2541 3051 2758 3104; x_wconf 88' lang='lat' dir='ltr'><strong>rosam,</strong></span> <span class='ocrx_word' id='word_1_335' title='bbox 2824 3036 2984 3109; x_wconf 69' lang='lat' dir='ltr'><strong>cuius</strong></span> <span class='ocrx_word' id='word_1_336' title='bbox 3044 3032 3338 3106; x_wconf 87' lang='lat' dir='ltr'><strong>imperium</strong></span> <span class='ocrx_word' id='word_1_337' title='bbox 3397 3032 3598 3088; x_wconf 83' lang='lat' dir='ltr'><strong>inﬁniti</strong></span> <span class='ocrx_word' id='word_1_338' title='bbox 3652 3031 3796 3088; x_wconf 87' lang='lat' dir='ltr'><strong>soles</strong></span> 
     </span>
    </p>
   </div>
   <div class='ocr_carea' id='block_1_58' title="bbox 544 3099 2552 3204">
    <p class='ocr_par' dir='ltr' id='par_1_58' title="bbox 544 3099 2552 3204">
     <span class='ocr_line' id='line_1_58' title="bbox 544 3099 2552 3204; baseline -0.004 -12"><span class='ocrx_word' id='word_1_339' title='bbox 544 3144 718 3194; x_wconf 87' lang='lat' dir='ltr'><strong>strata</strong></span> <span class='ocrx_word' id='word_1_340' title='bbox 743 3136 868 3193; x_wconf 82' lang='lat' dir='ltr'><strong>fuit.</strong></span> <span class='ocrx_word' id='word_1_341' title='bbox 890 3137 1047 3192; x_wconf 90' lang='lat' dir='ltr'><strong>Tunc</strong></span> <span class='ocrx_word' id='word_1_342' title='bbox 1076 3099 1339 3204; x_wconf 76' lang='lat' dir='ltr'><strong>temporis</strong></span> <span class='ocrx_word' id='word_1_343' title='bbox 1361 3143 1544 3189; x_wconf 90' lang='lat' dir='ltr'><strong>autem</strong></span> <span class='ocrx_word' id='word_1_344' title='bbox 1569 3131 1837 3187; x_wconf 79' lang='lat' dir='ltr'><strong>Maximus</strong></span> <span class='ocrx_word' id='word_1_345' title='bbox 1859 3099 2124 3199; x_wconf 46' lang='lat' dir='ltr'><strong>occa-pata</strong></span> <span class='ocrx_word' id='word_1_346' title='bbox 2146 3099 2192 3161; x_wconf 65' lang='grc' dir='ltr'><strong>δ</strong></span> <span class='ocrx_word' id='word_1_347' title='bbox 2226 3099 2552 3186; x_wconf 54' lang='lat' dir='ltr'><strong>metiantur.</strong></span> 
     </span>
    </p>
   </div>
   <div class='ocr_carea' id='block_1_59' title="bbox 547 3220 2125 3301">
    <p class='ocr_par' dir='ltr' id='par_1_59' title="bbox 547 3220 2125 3301">
     <span class='ocr_line' id='line_1_59' title="bbox 547 3220 2125 3301; baseline -0.005 -18"><span class='ocrx_word' id='word_1_348' title='bbox 547 3229 836 3301; x_wconf 76' lang='lat' dir='ltr'><strong>tyrannide</strong></span> <span class='ocrx_word' id='word_1_349' title='bbox 870 3228 1140 3301; x_wconf 76' lang='lat' dir='ltr'><strong>regnavit,</strong></span> <span class='ocrx_word' id='word_1_350' title='bbox 1181 3239 1344 3297; x_wconf 88' lang='lat' dir='ltr'><strong>quem</strong></span> <span class='ocrx_word' id='word_1_351' title='bbox 1381 3222 1558 3280; x_wconf 90' lang='lat' dir='ltr'><strong>secuti</strong></span> <span class='ocrx_word' id='word_1_352' title='bbox 1595 3229 1725 3277; x_wconf 88' lang='lat' dir='ltr'><strong>sunt</strong></span> <span class='ocrx_word' id='word_1_353' title='bbox 1757 3220 2086 3275; x_wconf 84' lang='lat' dir='ltr'><strong>Anthemius</strong></span> <span class='ocrx_word' id='word_1_354' title='bbox 2108 3260 2125 3286; x_wconf 90' lang='lat'><strong>,</strong></span> 
     </span>
    </p>
   </div>
   <div class='ocr_carea' id='block_1_60' title="bbox 545 3311 2129 3395">
    <p class='ocr_par' dir='ltr' id='par_1_60' title="bbox 545 3311 2129 3395">
     <span class='ocr_line' id='line_1_60' title="bbox 545 3311 2129 3395; baseline -0.008 -18"><span class='ocrx_word' id='word_1_355' title='bbox 545 3322 800 3395; x_wconf 81' lang='lat' dir='ltr'><strong>Olybrius</strong></span> <span class='ocrx_word' id='word_1_356' title='bbox 825 3320 911 3377; x_wconf 90' lang='lat' dir='ltr'><strong>vir</strong></span> <span class='ocrx_word' id='word_1_357' title='bbox 937 3317 1440 3392; x_wconf 66' lang='lat' dir='ltr'><strong>prmstantissimus,</strong></span> <span class='ocrx_word' id='word_1_358' title='bbox 1470 3314 1660 3385; x_wconf 86' lang='lat' dir='ltr'><strong>Major,</strong></span> <span class='ocrx_word' id='word_1_359' title='bbox 1688 3311 1992 3384; x_wconf 82' lang='lat' dir='ltr'><strong>Glycerius,</strong></span> <span class='ocrx_word' id='word_1_360' title='bbox 2020 3311 2129 3366; x_wconf 84' lang='lat' dir='ltr'><strong>Ne-</strong></span> 
     </span>
    </p>
   </div>
   <div class='ocr_carea' id='block_1_61' title="bbox 547 3402 2129 3483">
    <p class='ocr_par' dir='ltr' id='par_1_61' title="bbox 547 3402 2129 3483">
     <span class='ocr_line' id='line_1_61' title="bbox 547 3402 2129 3483; baseline -0.01 -14"><span class='ocrx_word' id='word_1_361' title='bbox 547 3414 824 3483; x_wconf 85' lang='lat' dir='ltr'><strong>potianus,</strong></span> <span class='ocrx_word' id='word_1_362' title='bbox 860 3411 1104 3472; x_wconf 87' lang='lat' dir='ltr'><strong>Orestes.</strong></span> <span class='ocrx_word' id='word_1_363' title='bbox 1131 3416 1258 3479; x_wconf 90' lang='lat' dir='ltr'><strong>post</strong></span> <span class='ocrx_word' id='word_1_364' title='bbox 1279 3421 1443 3478; x_wconf 84' lang='lat' dir='ltr'><strong>quem</strong></span> <span class='ocrx_word' id='word_1_365' title='bbox 1472 3403 1720 3460; x_wconf 78' lang='lat' dir='ltr'><strong>Orestem</strong></span> <span class='ocrx_word' id='word_1_366' title='bbox 1752 3418 1892 3472; x_wconf 86' lang='lat' dir='ltr'><strong>puer</strong></span> <span class='ocrx_word' id='word_1_367' title='bbox 1921 3402 2129 3456; x_wconf 81' lang='lat' dir='ltr'><strong>Romu-</strong></span> 
     </span>
    </p>
   </div>
   <div class='ocr_carea' id='block_1_62' title="bbox 548 3490 2130 3573">
    <p class='ocr_par' dir='ltr' id='par_1_62' title="bbox 548 3490 2130 3573">
     <span class='ocr_line' id='line_1_62' title="bbox 548 3490 2130 3573; baseline -0.01 -12"><span class='ocrx_word' id='word_1_368' title='bbox 548 3508 637 3560; x_wconf 91' lang='lat' dir='ltr'><strong>lus</strong></span> <span class='ocrx_word' id='word_1_369' title='bbox 678 3506 924 3560; x_wconf 89' lang='lat' dir='ltr'><strong>omnium</strong></span> <span class='ocrx_word' id='word_1_370' title='bbox 969 3511 1282 3573; x_wconf 86' lang='lat' dir='ltr'><strong>postremus</strong></span> <span class='ocrx_word' id='word_1_371' title='bbox 1330 3498 1621 3568; x_wconf 86' lang='lat' dir='ltr'><strong>imperium</strong></span> <span class='ocrx_word' id='word_1_372' title='bbox 1663 3493 1967 3564; x_wconf 77' lang='lat' dir='ltr'><strong>usurpavit.</strong></span> <span class='ocrx_word' id='word_1_373' title='bbox 2016 3490 2130 3546; x_wconf 83' lang='lat' dir='ltr'><strong>Hoc</strong></span> 
     </span>
    </p>
   </div>
   <div class='ocr_carea' id='block_1_63' title="bbox 548 3583 2127 3651">
    <p class='ocr_par' dir='ltr' id='par_1_63' title="bbox 548 3583 2127 3651">
     <span class='ocr_line' id='line_1_63' title="bbox 548 3583 2127 3651; baseline -0.01 0"><span class='ocrx_word' id='word_1_374' title='bbox 548 3597 712 3651; x_wconf 76' lang='lat' dir='ltr'><strong>modo</strong></span> <span class='ocrx_word' id='word_1_375' title='bbox 742 3595 1099 3651; x_wconf 86' lang='lat' dir='ltr'><strong>celeberrima</strong></span> <span class='ocrx_word' id='word_1_376' title='bbox 1132 3593 1506 3647; x_wconf 84' lang='lat' dir='ltr'><strong>Romanorum</strong></span> <span class='ocrx_word' id='word_1_377' title='bbox 1538 3588 1692 3651; x_wconf 89' lang='lat' dir='ltr'><strong>urbs,</strong></span> <span class='ocrx_word' id='word_1_378' title='bbox 1720 3601 1845 3641; x_wconf 91' lang='lat' dir='ltr'><strong>cum</strong></span> <span class='ocrx_word' id='word_1_379' title='bbox 1867 3585 1936 3640; x_wconf 89' lang='lat' dir='ltr'><strong>ab</strong></span> <span class='ocrx_word' id='word_1_380' title='bbox 1968 3583 2127 3638; x_wconf 88' lang='lat' dir='ltr'><strong>initio</strong></span> 
     </span>
    </p>
   </div>
   <div class='ocr_carea' id='block_1_64' title="bbox 550 3676 2129 3752">
    <p class='ocr_par' dir='ltr' id='par_1_64' title="bbox 550 3676 2129 3752">
     <span class='ocr_line' id='line_1_64' title="bbox 550 3676 2129 3752; baseline -0.007 -13"><span class='ocrx_word' id='word_1_381' title='bbox 550 3685 844 3739; x_wconf 76' lang='lat' dir='ltr'><strong>Romulum</strong></span> <span class='ocrx_word' id='word_1_382' title='bbox 872 3684 1175 3752; x_wconf 77' lang='lat' dir='ltr'><strong>legitimum</strong></span> <span class='ocrx_word' id='word_1_383' title='bbox 1198 3681 1500 3743; x_wconf 89' lang='lat' dir='ltr'><strong>habuisset,</strong></span> <span class='ocrx_word' id='word_1_384' title='bbox 1533 3694 1596 3733; x_wconf 88' lang='lat' dir='ltr'><strong>ac</strong></span> <span class='ocrx_word' id='word_1_385' title='bbox 1623 3677 1865 3734; x_wconf 77' lang='lat' dir='ltr'><strong>vicissim</strong></span> <span class='ocrx_word' id='word_1_386' title='bbox 1886 3676 2006 3745; x_wconf 86' lang='lat' dir='ltr'><strong>ejus</strong></span> <span class='ocrx_word' id='word_1_387' title='bbox 2028 3676 2129 3729; x_wconf 86' lang='lat' dir='ltr'><strong>im-</strong></span> 
     </span>
    </p>
   </div>
   <div class='ocr_carea' id='block_1_65' title="bbox 553 3763 2129 3841">
    <p class='ocr_par' dir='ltr' id='par_1_65' title="bbox 553 3763 2129 3841">
     <span class='ocr_line' id='line_1_65' title="bbox 553 3763 2129 3841; baseline -0.004 -17"><span class='ocrx_word' id='word_1_388' title='bbox 553 3771 771 3841; x_wconf 83' lang='lat' dir='ltr'><strong>perium</strong></span> <span class='ocrx_word' id='word_1_389' title='bbox 831 3770 900 3824; x_wconf 89' lang='lat' dir='ltr'><strong>ad</strong></span> <span class='ocrx_word' id='word_1_390' title='bbox 957 3769 1253 3824; x_wconf 79' lang='lat' dir='ltr'><strong>Romulum</strong></span> <span class='ocrx_word' id='word_1_391' title='bbox 1319 3768 1690 3837; x_wconf 89' lang='lat' dir='ltr'><strong>pervenisset,</strong></span> <span class='ocrx_word' id='word_1_392' title='bbox 1741 3765 2001 3834; x_wconf 87' lang='lat' dir='ltr'><strong>deinceps</strong></span> <span class='ocrx_word' id='word_1_393' title='bbox 2060 3763 2129 3818; x_wconf 86' lang='lat' dir='ltr'><strong>ab</strong></span> 
     </span>
    </p>
   </div>
   <div class='ocr_carea' id='block_1_66' title="bbox 556 3856 2130 3932">
    <p class='ocr_par' dir='ltr' id='par_1_66' title="bbox 556 3856 2130 3932">
     <span class='ocr_line' id='line_1_66' title="bbox 556 3856 2130 3932; baseline -0.005 -15"><span class='ocrx_word' id='word_1_394' title='bbox 556 3863 980 3932; x_wconf 79' lang='lat' dir='ltr'><strong>imperatoribus</strong></span> <span class='ocrx_word' id='word_1_395' title='bbox 1001 3859 1298 3932; x_wconf 77' lang='lat' dir='ltr'><strong>gubernari</strong></span> <span class='ocrx_word' id='word_1_396' title='bbox 1319 3858 1503 3913; x_wconf 78' lang='lat' dir='ltr'><strong>desiit.</strong></span> <span class='ocrx_word' id='word_1_397' title='bbox 1528 3856 1785 3912; x_wconf 91' lang='lat' dir='ltr'><strong>Barbaris</strong></span> <span class='ocrx_word' id='word_1_398' title='bbox 1803 3866 1987 3910; x_wconf 90' lang='lat' dir='ltr'><strong>autem</strong></span> <span class='ocrx_word' id='word_1_399' title='bbox 2008 3869 2130 3910; x_wconf 89' lang='lat' dir='ltr'><strong>sese</strong></span> 
     </span>
    </p>
   </div>
   <div class='ocr_carea' id='block_1_67' title="bbox 555 3947 2131 4022">
    <p class='ocr_par' dir='ltr' id='par_1_67' title="bbox 555 3947 2131 4022">
     <span class='ocr_line' id='line_1_67' title="bbox 555 3947 2131 4022; baseline -0.005 -13"><span class='ocrx_word' id='word_1_400' title='bbox 555 3954 890 4011; x_wconf 83' lang='lat' dir='ltr'><strong>submittens</strong></span> <span class='ocrx_word' id='word_1_401' title='bbox 925 3953 994 4008; x_wconf 87' lang='lat' dir='ltr'><strong>ab</strong></span> <span class='ocrx_word' id='word_1_402' title='bbox 1031 3951 1212 4022; x_wconf 90' lang='lat' dir='ltr'><strong>iisque</strong></span> <span class='ocrx_word' id='word_1_403' title='bbox 1242 3951 1470 4014; x_wconf 88' lang='lat' dir='ltr'><strong>calcata,</strong></span> <span class='ocrx_word' id='word_1_404' title='bbox 1502 3964 1709 4019; x_wconf 89' lang='lat' dir='ltr'><strong>perque</strong></span> <span class='ocrx_word' id='word_1_405' title='bbox 1740 3962 2010 4003; x_wconf 87' lang='lat' dir='ltr'><strong>summam</strong></span> <span class='ocrx_word' id='word_1_406' title='bbox 2046 3947 2131 4001; x_wconf 85' lang='lat' dir='ltr'><strong>in-</strong></span> 
     </span>
    </p>
   </div>
   <div class='ocr_carea' id='block_1_68' title="bbox 556 4039 2135 4114">
    <p class='ocr_par' dir='ltr' id='par_1_68' title="bbox 556 4039 2135 4114">
     <span class='ocr_line' id='line_1_68' title="bbox 556 4039 2135 4114; baseline -0.007 -11"><span class='ocrx_word' id='word_1_407' title='bbox 556 4046 875 4104; x_wconf 80' lang='lat' dir='ltr'><strong>felicitatem</strong></span> <span class='ocrx_word' id='word_1_408' title='bbox 898 4053 1080 4114; x_wconf 88' lang='lat' dir='ltr'><strong>capta,</strong></span> <span class='ocrx_word' id='word_1_409' title='bbox 1105 4043 1326 4114; x_wconf 83' lang='lat' dir='ltr'><strong>regibus</strong></span> <span class='ocrx_word' id='word_1_410' title='bbox 1347 4056 1539 4098; x_wconf 87' lang='lat' dir='ltr'><strong>eorum</strong></span> <span class='ocrx_word' id='word_1_411' title='bbox 1563 4039 1957 4108; x_wconf 81' lang='lat' dir='ltr'><strong>nationumque</strong></span> <span class='ocrx_word' id='word_1_412' title='bbox 1982 4039 2135 4110; x_wconf 87' lang='lat' dir='ltr'><strong>prin-</strong></span> 
     </span>
    </p>
   </div>
   <div class='ocr_carea' id='block_1_69' title="bbox 555 4129 2135 4210">
    <p class='ocr_par' dir='ltr' id='par_1_69' title="bbox 555 4129 2135 4210">
     <span class='ocr_line' id='line_1_69' title="bbox 555 4129 2135 4210; baseline -0.006 -15"><span class='ocrx_word' id='word_1_413' title='bbox 555 4139 771 4210; x_wconf 89' lang='lat' dir='ltr'><strong>cipibus</strong></span> <span class='ocrx_word' id='word_1_414' title='bbox 797 4145 850 4193; x_wconf 89' lang='lat' dir='ltr'><strong>et</strong></span> <span class='ocrx_word' id='word_1_415' title='bbox 878 4135 1110 4205; x_wconf 80' lang='lat' dir='ltr'><strong>satrapis</strong></span> <span class='ocrx_word' id='word_1_416' title='bbox 1136 4133 1353 4204; x_wconf 84' lang='lat' dir='ltr'><strong>paruit,</strong></span> <span class='ocrx_word' id='word_1_417' title='bbox 1382 4132 1652 4201; x_wconf 87' lang='lat' dir='ltr'><strong>planeque</strong></span> <span class='ocrx_word' id='word_1_418' title='bbox 1682 4129 1910 4200; x_wconf 87' lang='lat' dir='ltr'><strong>spoliata</strong></span> <span class='ocrx_word' id='word_1_419' title='bbox 1934 4136 2135 4186; x_wconf 83' lang='lat' dir='ltr'><strong>consu-</strong></span> 
     </span>
    </p>
   </div>
   <div class='ocr_carea' id='block_1_70' title="bbox 557 4221 2130 4298">
    <p class='ocr_par' dir='ltr' id='par_1_70' title="bbox 557 4221 2130 4298">
     <span class='ocr_line' id='line_1_70' title="bbox 557 4221 2130 4298; baseline -0.005 -12"><span class='ocrx_word' id='word_1_420' title='bbox 557 4231 724 4293; x_wconf 88' lang='lat' dir='ltr'><strong>libus,</strong></span> <span class='ocrx_word' id='word_1_421' title='bbox 743 4227 1185 4298; x_wconf 88' lang='lat' dir='ltr'><strong>imperatoribus,</strong></span> <span class='ocrx_word' id='word_1_422' title='bbox 1209 4223 1596 4286; x_wconf 88' lang='lat' dir='ltr'><strong>dictatoribus,</strong></span> <span class='ocrx_word' id='word_1_423' title='bbox 1622 4232 1836 4286; x_wconf 87' lang='lat' dir='ltr'><strong>senatu,</strong></span> <span class='ocrx_word' id='word_1_424' title='bbox 1861 4221 2130 4292; x_wconf 84' lang='lat' dir='ltr'><strong>patriciis,</strong></span> 
     </span>
    </p>
   </div>
   <div class='ocr_carea' id='block_1_71' title="bbox 559 4313 2136 4392">
    <p class='ocr_par' dir='ltr' id='par_1_71' title="bbox 559 4313 2136 4392">
     <span class='ocr_line' id='line_1_71' title="bbox 559 4313 2136 4392; baseline -0.004 -17"><span class='ocrx_word' id='word_1_425' title='bbox 559 4323 746 4392; x_wconf 67' lang='lat' dir='ltr'><strong>iugum</strong></span> <span class='ocrx_word' id='word_1_426' title='bbox 765 4318 1129 4373; x_wconf 87' lang='lat' dir='ltr'><strong>Barbarorum</strong></span> <span class='ocrx_word' id='word_1_427' title='bbox 1148 4316 1265 4371; x_wconf 84' lang='lat' dir='ltr'><strong>suis</strong></span> <span class='ocrx_word' id='word_1_428' title='bbox 1290 4314 1538 4370; x_wconf 90' lang='lat' dir='ltr'><strong>humeris</strong></span> <span class='ocrx_word' id='word_1_429' title='bbox 1565 4313 1722 4379; x_wconf 86' lang='lat' dir='ltr'><strong>tulit;</strong></span> <span class='ocrx_word' id='word_1_430' title='bbox 1756 4330 1878 4383; x_wconf 74' lang='lat' dir='ltr'><strong>qua:</strong></span> <span class='ocrx_word' id='word_1_431' title='bbox 1901 4314 2136 4383; x_wconf 85' lang='lat' dir='ltr'><strong>denique</strong></span> 
     </span>
    </p>
   </div>
   <div class='ocr_carea' id='block_1_72' title="bbox 561 4403 2137 4481">
    <p class='ocr_par' dir='ltr' id='par_1_72' title="bbox 561 4403 2137 4481">
     <span class='ocr_line' id='line_1_72' title="bbox 561 4403 2137 4481; baseline -0.006 -16"><span class='ocrx_word' id='word_1_432' title='bbox 561 4412 715 4481; x_wconf 84' lang='lat' dir='ltr'><strong>prius</strong></span> <span class='ocrx_word' id='word_1_433' title='bbox 749 4423 867 4464; x_wconf 87' lang='lat' dir='ltr'><strong>erat</strong></span> <span class='ocrx_word' id='word_1_434' title='bbox 897 4408 1167 4463; x_wconf 86' lang='lat' dir='ltr'><strong>indomita</strong></span> <span class='ocrx_word' id='word_1_435' title='bbox 1194 4416 1250 4462; x_wconf 88' lang='lat' dir='ltr'><strong>et</strong></span> <span class='ocrx_word' id='word_1_436' title='bbox 1275 4421 1472 4476; x_wconf 80' lang='lat' dir='ltr'><strong>expers</strong></span> <span class='ocrx_word' id='word_1_437' title='bbox 1497 4405 1615 4476; x_wconf 59' lang='grc' dir='ltr'><strong>,ῖυεί</strong></span> <span class='ocrx_word' id='word_1_438' title='bbox 1653 4419 1837 4467; x_wconf 83' lang='lat' dir='ltr'><strong>vacca,</strong></span> <span class='ocrx_word' id='word_1_439' title='bbox 1875 4403 2137 4473; x_wconf 87' lang='lat' dir='ltr'><strong>principi-</strong></span> 
     </span>
    </p>
   </div>
   <div class='ocr_carea' id='block_1_73' title="bbox 560 4493 2133 4563">
    <p class='ocr_par' dir='ltr' id='par_1_73' title="bbox 560 4493 2133 4563">
     <span class='ocr_line' id='line_1_73' title="bbox 560 4493 2133 4563; baseline -0.01 0"><span class='ocrx_word' id='word_1_440' title='bbox 560 4507 665 4563; x_wconf 80' lang='lat' dir='ltr'><strong>bus</strong></span> <span class='ocrx_word' id='word_1_441' title='bbox 707 4502 1017 4559; x_wconf 89' lang='lat' dir='ltr'><strong>aratoribus</strong></span> <span class='ocrx_word' id='word_1_442' title='bbox 1049 4499 1311 4556; x_wconf 88' lang='lat' dir='ltr'><strong>obediens</strong></span> <span class='ocrx_word' id='word_1_443' title='bbox 1351 4499 1490 4553; x_wconf 76' lang='lat' dir='ltr'><strong>facta</strong></span> <span class='ocrx_word' id='word_1_444' title='bbox 1526 4504 1635 4560; x_wconf 90' lang='lat' dir='ltr'><strong>est,</strong></span> <span class='ocrx_word' id='word_1_445' title='bbox 1675 4504 1733 4549; x_wconf 89' lang='lat' dir='ltr'><strong>ct</strong></span> <span class='ocrx_word' id='word_1_446' title='bbox 1771 4493 2133 4550; x_wconf 77' lang='lat' dir='ltr'><strong>condemnata</strong></span> 
     </span>
    </p>
   </div>
   <div class='ocr_carea' id='block_1_74' title="bbox 561 4590 1621 4667">
    <p class='ocr_par' dir='ltr' id='par_1_74' title="bbox 561 4590 1621 4667">
     <span class='ocr_line' id='line_1_74' title="bbox 561 4590 1621 4667; baseline -0.009 -15"><span class='ocrx_word' id='word_1_447' title='bbox 561 4607 623 4661; x_wconf 80' lang='lat' dir='ltr'><strong>ut</strong></span> <span class='ocrx_word' id='word_1_448' title='bbox 650 4597 772 4667; x_wconf 87' lang='lat' dir='ltr'><strong>ejus</strong></span> <span class='ocrx_word' id='word_1_449' title='bbox 794 4595 972 4651; x_wconf 86' lang='lat' dir='ltr'><strong>solum</strong></span> <span class='ocrx_word' id='word_1_450' title='bbox 1009 4601 1193 4647; x_wconf 89' lang='lat' dir='ltr'><strong>aratro</strong></span> <span class='ocrx_word' id='word_1_451' title='bbox 1225 4590 1621 4645; x_wconf 74' lang='lat' dir='ltr'><strong>iuvet-teretur.</strong></span> 
     </span>
    </p>
   </div>
   <div class='ocr_carea' id='block_1_75' title="bbox 630 4675 2137 4753">
    <p class='ocr_par' dir='ltr' id='par_1_75' title="bbox 630 4675 2137 4753">
     <span class='ocr_line' id='line_1_75' title="bbox 630 4675 2137 4753; baseline -0.007 -12"><span class='ocrx_word' id='word_1_452' title='bbox 630 4688 700 4742; x_wconf 88' lang='lat' dir='ltr'><strong>Et</strong></span> <span class='ocrx_word' id='word_1_453' title='bbox 731 4686 849 4740; x_wconf 69' lang='lat' dir='ltr'><strong>haec</strong></span> <span class='ocrx_word' id='word_1_454' title='bbox 881 4684 1101 4753; x_wconf 88' lang='lat' dir='ltr'><strong>quidem</strong></span> <span class='ocrx_word' id='word_1_455' title='bbox 1134 4683 1321 4737; x_wconf 80' lang='lat' dir='ltr'><strong>Romae</strong></span> <span class='ocrx_word' id='word_1_456' title='bbox 1349 4679 1522 4734; x_wconf 86' lang='lat' dir='ltr'><strong>veteri</strong></span> <span class='ocrx_word' id='word_1_457' title='bbox 1556 4677 1906 4732; x_wconf 89' lang='lat' dir='ltr'><strong>acciderunt.</strong></span> <span class='ocrx_word' id='word_1_458' title='bbox 1941 4675 2012 4730; x_wconf 85' lang='lat' dir='ltr'><strong>At</strong></span> <span class='ocrx_word' id='word_1_459' title='bbox 2045 4676 2137 4731; x_wconf 90' lang='lat' dir='ltr'><strong>illa</strong></span> 
     </span>
    </p>
   </div>
   <div class='ocr_carea' id='block_1_76' title="bbox 561 4769 2131 4845">
    <p class='ocr_par' dir='ltr' id='par_1_76' title="bbox 561 4769 2131 4845">
     <span class='ocr_line' id='line_1_76' title="bbox 561 4769 2131 4845; baseline -0.008 -11"><span class='ocrx_word' id='word_1_460' title='bbox 561 4787 750 4839; x_wconf 83' lang='lat' dir='ltr'><strong>nostra</strong></span> <span class='ocrx_word' id='word_1_461' title='bbox 773 4778 952 4841; x_wconf 85' lang='lat' dir='ltr'><strong>ﬂoret,</strong></span> <span class='ocrx_word' id='word_1_462' title='bbox 980 4772 1247 4845; x_wconf 68' lang='lat' dir='ltr'><strong>augescit,</strong></span> <span class='ocrx_word' id='word_1_463' title='bbox 1279 4771 1511 4842; x_wconf 87' lang='lat' dir='ltr'><strong>imperio</strong></span> <span class='ocrx_word' id='word_1_464' title='bbox 1541 4769 1762 4834; x_wconf 80' lang='lat' dir='ltr'><strong>fruitur,</strong></span> <span class='ocrx_word' id='word_1_465' title='bbox 1786 4769 2131 4840; x_wconf 74' lang='lat' dir='ltr'><strong>iuvenescit;</strong></span> 
     </span>
    </p>
   </div>
   <div class='ocr_carea' id='block_1_77' title="bbox 562 4860 2135 4940">
    <p class='ocr_par' dir='ltr' id='par_1_77' title="bbox 562 4860 2135 4940">
     <span class='ocr_line' id='line_1_77' title="bbox 562 4860 2135 4940; baseline -0.006 -15"><span class='ocrx_word' id='word_1_466' title='bbox 562 4877 731 4940; x_wconf 88' lang='lat' dir='ltr'><strong>utque</strong></span> <span class='ocrx_word' id='word_1_467' title='bbox 752 4876 1076 4939; x_wconf 87' lang='lat' dir='ltr'><strong>perpetuum</strong></span> <span class='ocrx_word' id='word_1_468' title='bbox 1100 4871 1376 4935; x_wconf 81' lang='lat' dir='ltr'><strong>augescat,</strong></span> <span class='ocrx_word' id='word_1_469' title='bbox 1400 4872 1473 4927; x_wconf 89' lang='lat' dir='ltr'><strong>te,</strong></span> <span class='ocrx_word' id='word_1_470' title='bbox 1498 4877 1591 4917; x_wconf 76' lang='lat' dir='ltr'><strong>rex</strong></span> <span class='ocrx_word' id='word_1_471' title='bbox 1610 4861 1877 4926; x_wconf 90' lang='lat' dir='ltr'><strong>omnium,</strong></span> <span class='ocrx_word' id='word_1_472' title='bbox 1904 4860 2135 4915; x_wconf 86' lang='lat' dir='ltr'><strong>maxime</strong></span> 
     </span>
    </p>
   </div>
   <div class='ocr_carea' id='block_1_78' title="bbox 564 4955 2131 5037">
    <p class='ocr_par' dir='ltr' id='par_1_78' title="bbox 564 4955 2131 5037">
     <span class='ocr_line' id='line_1_78' title="bbox 564 4955 2131 5037; baseline -0.007 -18"><span class='ocrx_word' id='word_1_473' title='bbox 564 4980 780 5037; x_wconf 89' lang='lat' dir='ltr'><strong>precor,</strong></span> <span class='ocrx_word' id='word_1_474' title='bbox 811 4962 1112 5034; x_wconf 61' lang='lat' dir='ltr'><strong>praesertim</strong></span> <span class='ocrx_word' id='word_1_475' title='bbox 1143 4975 1266 5014; x_wconf 91' lang='lat' dir='ltr'><strong>cum</strong></span> <span class='ocrx_word' id='word_1_476' title='bbox 1300 4958 1462 5013; x_wconf 91' lang='lat' dir='ltr'><strong>modo</strong></span> <span class='ocrx_word' id='word_1_477' title='bbox 1497 4958 1662 5012; x_wconf 90' lang='lat' dir='ltr'><strong>talem</strong></span> <span class='ocrx_word' id='word_1_478' title='bbox 1695 4972 1759 5011; x_wconf 91' lang='lat' dir='ltr'><strong>ac</strong></span> <span class='ocrx_word' id='word_1_479' title='bbox 1788 4964 1996 5010; x_wconf 86' lang='lat' dir='ltr'><strong>tantum</strong></span> <span class='ocrx_word' id='word_1_480' title='bbox 2028 4955 2131 5009; x_wconf 87' lang='lat' dir='ltr'><strong>im-</strong></span> 
     </span>
    </p>
   </div>
   <div class='ocr_carea' id='block_1_79' title="bbox 564 5046 2133 5127">
    <p class='ocr_par' dir='ltr' id='par_1_79' title="bbox 564 5046 2133 5127">
     <span class='ocr_line' id='line_1_79' title="bbox 564 5046 2133 5127; baseline -0.009 -14"><span class='ocrx_word' id='word_1_481' title='bbox 564 5066 872 5127; x_wconf 87' lang='lat' dir='ltr'><strong>peratorem</strong></span> <span class='ocrx_word' id='word_1_482' title='bbox 899 5054 1118 5119; x_wconf 88' lang='lat' dir='ltr'><strong>habeat,</strong></span> <span class='ocrx_word' id='word_1_483' title='bbox 1143 5051 1454 5106; x_wconf 76' lang='lat' dir='ltr'><strong>Luciferum</strong></span> <span class='ocrx_word' id='word_1_484' title='bbox 1480 5050 1590 5104; x_wconf 85' lang='lat' dir='ltr'><strong>late</strong></span> <span class='ocrx_word' id='word_1_485' title='bbox 1615 5048 1783 5104; x_wconf 89' lang='lat' dir='ltr'><strong>radiis</strong></span> <span class='ocrx_word' id='word_1_486' title='bbox 1805 5047 1923 5102; x_wconf 91' lang='lat' dir='ltr'><strong>suis</strong></span> <span class='ocrx_word' id='word_1_487' title='bbox 1951 5046 2133 5116; x_wconf 80' lang='lat' dir='ltr'><strong>Splen-</strong></span> 
     </span>
    </p>
   </div>
   <div class='ocr_carea' id='block_1_80' title="bbox 564 5138 2136 5218">
    <p class='ocr_par' dir='ltr' id='par_1_80' title="bbox 564 5138 2136 5218">
     <span class='ocr_line' id='line_1_80' title="bbox 564 5138 2136 5218; baseline -0.008 -14"><span class='ocrx_word' id='word_1_488' title='bbox 564 5149 808 5213; x_wconf 87' lang='lat' dir='ltr'><strong>dentem,</strong></span> <span class='ocrx_word' id='word_1_489' title='bbox 845 5163 1027 5218; x_wconf 81' lang='lat' dir='ltr'><strong>regem</strong></span> <span class='ocrx_word' id='word_1_490' title='bbox 1057 5145 1339 5200; x_wconf 82' lang='lat' dir='ltr'><strong>Ausonum</strong></span> <span class='ocrx_word' id='word_1_491' title='bbox 1371 5143 1695 5206; x_wconf 77' lang='lat' dir='ltr'><strong>maximum,</strong></span> <span class='ocrx_word' id='word_1_492' title='bbox 1728 5138 1978 5195; x_wconf 89' lang='lat' dir='ltr'><strong>victoriis</strong></span> <span class='ocrx_word' id='word_1_493' title='bbox 2015 5154 2136 5193; x_wconf 75' lang='lat' dir='ltr'><strong>sex-</strong></span> 
     </span>
    </p>
   </div>
   <div class='ocr_carea' id='block_1_81' title="bbox 565 5233 2136 5311">
    <p class='ocr_par' dir='ltr' id='par_1_81' title="bbox 565 5233 2136 5311">
     <span class='ocr_line' id='line_1_81' title="bbox 565 5233 2136 5311; baseline -0.008 -15"><span class='ocrx_word' id='word_1_494' title='bbox 565 5243 741 5307; x_wconf 80' lang='lat' dir='ltr'><strong>centis</strong></span> <span class='ocrx_word' id='word_1_495' title='bbox 772 5240 1003 5311; x_wconf 87' lang='lat' dir='ltr'><strong>potitum</strong></span> <span class='ocrx_word' id='word_1_496' title='bbox 1026 5279 1041 5305; x_wconf 90' lang='lat'><strong>,</strong></span> <span class='ocrx_word' id='word_1_497' title='bbox 1078 5236 1381 5292; x_wconf 79' lang='lat' dir='ltr'><strong>Manuelem</strong></span> <span class='ocrx_word' id='word_1_498' title='bbox 1412 5233 1839 5290; x_wconf 86' lang='lat' dir='ltr'><strong>Comueniadem</strong></span> <span class='ocrx_word' id='word_1_499' title='bbox 1863 5272 1877 5298; x_wconf 93' lang='lat'><strong>,</strong></span> <span class='ocrx_word' id='word_1_500' title='bbox 1912 5245 2136 5286; x_wconf 89' lang='lat' dir='ltr'><strong>auream</strong></span> 
     </span>
    </p>
   </div>
   <div class='ocr_carea' id='block_1_82' title="bbox 2300 3214 3801 3283">
    <p class='ocr_par' dir='ltr' id='par_1_82' title="bbox 2300 3214 3801 3283">
     <span class='ocr_line' id='line_1_82' title="bbox 2300 3214 3801 3283; baseline -0.005 -7"><span class='ocrx_word' id='word_1_501' title='bbox 2300 3220 2406 3277; x_wconf 89' lang='lat' dir='ltr'><strong>Sed</strong></span> <span class='ocrx_word' id='word_1_502' title='bbox 2440 3220 2589 3276; x_wconf 90' lang='lat' dir='ltr'><strong>enim</strong></span> <span class='ocrx_word' id='word_1_503' title='bbox 2617 3219 2794 3275; x_wconf 84' lang='lat' dir='ltr'><strong>oratio</strong></span> <span class='ocrx_word' id='word_1_504' title='bbox 2819 3227 3006 3275; x_wconf 90' lang='lat' dir='ltr'><strong>nostra</strong></span> <span class='ocrx_word' id='word_1_505' title='bbox 3034 3218 3088 3273; x_wconf 92' lang='lat' dir='ltr'><strong>in</strong></span> <span class='ocrx_word' id='word_1_506' title='bbox 3118 3218 3263 3273; x_wconf 88' lang='lat' dir='ltr'><strong>viam</strong></span> <span class='ocrx_word' id='word_1_507' title='bbox 3288 3224 3598 3283; x_wconf 87' lang='lat' dir='ltr'><strong>revocetur,</strong></span> <span class='ocrx_word' id='word_1_508' title='bbox 3631 3224 3687 3271; x_wconf 90' lang='lat' dir='ltr'><strong>et</strong></span> <span class='ocrx_word' id='word_1_509' title='bbox 3714 3214 3801 3270; x_wconf 87' lang='lat' dir='ltr'><strong>hi-</strong></span> 
     </span>
    </p>
   </div>
   <div class='ocr_carea' id='block_1_83' title="bbox 2227 3310 3327 3381">
    <p class='ocr_par' dir='ltr' id='par_1_83' title="bbox 2227 3310 3327 3381">
     <span class='ocr_line' id='line_1_83' title="bbox 2227 3310 3327 3381; baseline -0.007 -10"><span class='ocrx_word' id='word_1_510' title='bbox 2227 3314 2416 3372; x_wconf 74' lang='lat' dir='ltr'><strong>storiae</strong></span> <span class='ocrx_word' id='word_1_511' title='bbox 2445 3326 2643 3367; x_wconf 87' lang='lat' dir='ltr'><strong>cursus</strong></span> <span class='ocrx_word' id='word_1_512' title='bbox 2674 3311 2742 3366; x_wconf 89' lang='lat' dir='ltr'><strong>ad</strong></span> <span class='ocrx_word' id='word_1_513' title='bbox 2777 3310 2938 3365; x_wconf 82' lang='lat' dir='ltr'><strong>ﬁnem</strong></span> <span class='ocrx_word' id='word_1_514' title='bbox 2967 3310 3327 3381; x_wconf 84' lang='lat' dir='ltr'><strong>perducatur.</strong></span> 
     </span>
    </p>
   </div>
   <div class='ocr_carea' id='block_1_84' title="bbox 2299 3384 3802 3469">
    <p class='ocr_par' dir='ltr' id='par_1_84' title="bbox 2299 3384 3802 3469">
     <span class='ocr_line' id='line_1_84' title="bbox 2299 3384 3802 3469; baseline -0.006 -8"><span class='ocrx_word' id='word_1_515' title='bbox 2299 3384 2583 3462; x_wconf 68' lang='lat' dir='ltr'><strong>Juitiorcm</strong></span> <span class='ocrx_word' id='word_1_516' title='bbox 2616 3398 3008 3464; x_wconf 82' lang='lat' dir='ltr'><strong>Theodosium,</strong></span> <span class='ocrx_word' id='word_1_517' title='bbox 3040 3415 3164 3456; x_wconf 91' lang='lat' dir='ltr'><strong>cum</strong></span> <span class='ocrx_word' id='word_1_518' title='bbox 3201 3400 3381 3455; x_wconf 88' lang='lat' dir='ltr'><strong>adhuc</strong></span> <span class='ocrx_word' id='word_1_519' title='bbox 3405 3414 3541 3469; x_wconf 89' lang='lat' dir='ltr'><strong>puer</strong></span> <span class='ocrx_word' id='word_1_520' title='bbox 3566 3406 3713 3454; x_wconf 87' lang='lat' dir='ltr'><strong>esset</strong></span> <span class='ocrx_word' id='word_1_521' title='bbox 3737 3412 3802 3453; x_wconf 89' lang='lat' dir='ltr'><strong>ac</strong></span> 
     </span>
    </p>
   </div>
   <div class='ocr_carea' id='block_1_85' title="bbox 2233 3489 3799 3565">
    <p class='ocr_par' dir='ltr' id='par_1_85' title="bbox 2233 3489 3799 3565">
     <span class='ocr_line' id='line_1_85' title="bbox 2233 3489 3799 3565; baseline -0.007 -12"><span class='ocrx_word' id='word_1_522' title='bbox 2233 3506 2476 3553; x_wconf 78' lang='lat' dir='ltr'><strong>teneram</strong></span> <span class='ocrx_word' id='word_1_523' title='bbox 2505 3495 2853 3565; x_wconf 87' lang='lat' dir='ltr'><strong>primamque</strong></span> <span class='ocrx_word' id='word_1_524' title='bbox 2874 3500 3087 3547; x_wconf 79' lang='lat' dir='ltr'><strong>aetatem</strong></span> <span class='ocrx_word' id='word_1_525' title='bbox 3115 3499 3321 3562; x_wconf 77' lang='lat' dir='ltr'><strong>ageret,</strong></span> <span class='ocrx_word' id='word_1_526' title='bbox 3344 3489 3609 3544; x_wconf 79' lang='lat' dir='ltr'><strong>Arcadius</strong></span> <span class='ocrx_word' id='word_1_527' title='bbox 3641 3497 3799 3557; x_wconf 83' lang='lat' dir='ltr'><strong>pater</strong></span> 
     </span>
    </p>
   </div>
   <div class='ocr_carea' id='block_1_86' title="bbox 2231 3579 3801 3655">
    <p class='ocr_par' dir='ltr' id='par_1_86' title="bbox 2231 3579 3801 3655">
     <span class='ocr_line' id='line_1_86' title="bbox 2231 3579 3801 3655; baseline -0.004 -13"><span class='ocrx_word' id='word_1_528' title='bbox 2231 3588 2286 3642; x_wconf 91' lang='lat' dir='ltr'><strong>in</strong></span> <span class='ocrx_word' id='word_1_529' title='bbox 2349 3587 2611 3641; x_wconf 88' lang='lat' dir='ltr'><strong>thronum</strong></span> <span class='ocrx_word' id='word_1_530' title='bbox 2673 3583 3095 3655; x_wconf 87' lang='lat' dir='ltr'><strong>imperatorium</strong></span> <span class='ocrx_word' id='word_1_531' title='bbox 3155 3579 3464 3642; x_wconf 88' lang='lat' dir='ltr'><strong>collocavit,</strong></span> <span class='ocrx_word' id='word_1_532' title='bbox 3523 3579 3801 3650; x_wconf 88' lang='lat' dir='ltr'><strong>simulque</strong></span> 
     </span>
    </p>
   </div>
   <div class='ocr_carea' id='block_1_87' title="bbox 2231 3668 3806 3745">
    <p class='ocr_par' dir='ltr' id='par_1_87' title="bbox 2231 3668 3806 3745">
     <span class='ocr_line' id='line_1_87' title="bbox 2231 3668 3806 3745; baseline -0.008 -10"><span class='ocrx_word' id='word_1_533' title='bbox 2231 3680 2518 3736; x_wconf 86' lang='lat' dir='ltr'><strong>constituit</strong></span> <span class='ocrx_word' id='word_1_534' title='bbox 2543 3679 2593 3733; x_wconf 90' lang='lat' dir='ltr'><strong>ei</strong></span> <span class='ocrx_word' id='word_1_535' title='bbox 2617 3676 2876 3733; x_wconf 91' lang='lat' dir='ltr'><strong>custodes</strong></span> <span class='ocrx_word' id='word_1_536' title='bbox 2898 3672 3115 3745; x_wconf 89' lang='lat' dir='ltr'><strong>imperii</strong></span> <span class='ocrx_word' id='word_1_537' title='bbox 3138 3672 3417 3741; x_wconf 88' lang='lat' dir='ltr'><strong>principes</strong></span> <span class='ocrx_word' id='word_1_538' title='bbox 3438 3668 3702 3741; x_wconf 89' lang='lat' dir='ltr'><strong>quosdam</strong></span> <span class='ocrx_word' id='word_1_539' title='bbox 3725 3683 3806 3725; x_wconf 79' lang='lat' dir='ltr'><strong>se-</strong></span> 
     </span>
    </p>
   </div>
   <div class='ocr_carea' id='block_1_88' title="bbox 2230 3755 3809 3836">
    <p class='ocr_par' dir='ltr' id='par_1_88' title="bbox 2230 3755 3809 3836">
     <span class='ocr_line' id='line_1_88' title="bbox 2230 3755 3809 3836; baseline -0.009 -12"><span class='ocrx_word' id='word_1_540' title='bbox 2230 3778 2412 3834; x_wconf 87' lang='lat' dir='ltr'><strong>natus,</strong></span> <span class='ocrx_word' id='word_1_541' title='bbox 2466 3767 2708 3836; x_wconf 88' lang='lat' dir='ltr'><strong>itemque</strong></span> <span class='ocrx_word' id='word_1_542' title='bbox 2751 3778 2952 3835; x_wconf 73' lang='lat' dir='ltr'><strong>genere</strong></span> <span class='ocrx_word' id='word_1_543' title='bbox 2998 3760 3298 3832; x_wconf 77' lang='lat' dir='ltr'><strong>proximos,</strong></span> <span class='ocrx_word' id='word_1_544' title='bbox 3342 3774 3448 3814; x_wconf 90' lang='lat' dir='ltr'><strong>una</strong></span> <span class='ocrx_word' id='word_1_545' title='bbox 3496 3773 3621 3813; x_wconf 92' lang='lat' dir='ltr'><strong>cum</strong></span> <span class='ocrx_word' id='word_1_546' title='bbox 3676 3755 3809 3812; x_wconf 90' lang='lat' dir='ltr'><strong>lsdi-</strong></span> 
     </span>
    </p>
   </div>
   <div class='ocr_carea' id='block_1_89' title="bbox 2230 3846 3811 3932">
    <p class='ocr_par' dir='ltr' id='par_1_89' title="bbox 2230 3846 3811 3932">
     <span class='ocr_line' id='line_1_89' title="bbox 2230 3846 3811 3932; baseline -0.01 -14"><span class='ocrx_word' id='word_1_547' title='bbox 2230 3860 2396 3932; x_wconf 80' lang='lat' dir='ltr'><strong>gerde</strong></span> <span class='ocrx_word' id='word_1_548' title='bbox 2424 3862 2713 3916; x_wconf 86' lang='lat' dir='ltr'><strong>Persarum</strong></span> <span class='ocrx_word' id='word_1_549' title='bbox 2734 3871 2894 3927; x_wconf 82' lang='lat' dir='ltr'><strong>rege;</strong></span> <span class='ocrx_word' id='word_1_550' title='bbox 2927 3854 3022 3924; x_wconf 91' lang='lat' dir='ltr'><strong>qui</strong></span> <span class='ocrx_word' id='word_1_551' title='bbox 3067 3852 3348 3921; x_wconf 84' lang='lat' dir='ltr'><strong>deinceps,</strong></span> <span class='ocrx_word' id='word_1_552' title='bbox 3392 3848 3485 3903; x_wconf 91' lang='lat' dir='ltr'><strong>ubi</strong></span> <span class='ocrx_word' id='word_1_553' title='bbox 3511 3848 3579 3903; x_wconf 92' lang='lat' dir='ltr'><strong>de</strong></span> <span class='ocrx_word' id='word_1_554' title='bbox 3600 3846 3811 3902; x_wconf 89' lang='lat' dir='ltr'><strong>insidiis</strong></span> 
     </span>
    </p>
   </div>
   <div class='ocr_carea' id='block_1_90' title="bbox 2230 3940 3809 4022">
    <p class='ocr_par' dir='ltr' id='par_1_90' title="bbox 2230 3940 3809 4022">
     <span class='ocr_line' id='line_1_90' title="bbox 2230 3940 3809 4022; baseline -0.009 -16"><span class='ocrx_word' id='word_1_555' title='bbox 2230 3952 2533 4022; x_wconf 88' lang='lat' dir='ltr'><strong>accepisset</strong></span> <span class='ocrx_word' id='word_1_556' title='bbox 2563 3964 2700 4019; x_wconf 87' lang='lat' dir='ltr'><strong>quas</strong></span> <span class='ocrx_word' id='word_1_557' title='bbox 2730 3945 3045 4003; x_wconf 90' lang='lat' dir='ltr'><strong>Theodosio</strong></span> <span class='ocrx_word' id='word_1_558' title='bbox 3066 3943 3285 4015; x_wconf 89' lang='lat' dir='ltr'><strong>quidam</strong></span> <span class='ocrx_word' id='word_1_559' title='bbox 3312 3940 3619 4013; x_wconf 79' lang='lat' dir='ltr'><strong>tyrannidis</strong></span> <span class='ocrx_word' id='word_1_560' title='bbox 3649 3954 3809 3993; x_wconf 82' lang='lat' dir='ltr'><strong>usur—</strong></span> 
     </span>
    </p>
   </div>
   <div class='ocr_carea' id='block_1_91' title="bbox 2233 4027 3809 4111">
    <p class='ocr_par' dir='ltr' id='par_1_91' title="bbox 2233 4027 3809 4111">
     <span class='ocr_line' id='line_1_91' title="bbox 2233 4027 3809 4111; baseline -0.01 -15"><span class='ocrx_word' id='word_1_561' title='bbox 2233 4041 2425 4111; x_wconf 58' lang='lat' dir='ltr'><strong>panda</strong></span> <span class='ocrx_word' id='word_1_562' title='bbox 2448 4039 2632 4109; x_wconf 90' lang='lat' dir='ltr'><strong>cupidi</strong></span> <span class='ocrx_word' id='word_1_563' title='bbox 2663 4043 2960 4100; x_wconf 89' lang='lat' dir='ltr'><strong>struereut,</strong></span> <span class='ocrx_word' id='word_1_564' title='bbox 2982 4048 3112 4089; x_wconf 92' lang='lat' dir='ltr'><strong>suos</strong></span> <span class='ocrx_word' id='word_1_565' title='bbox 3131 4030 3424 4101; x_wconf 82' lang='lat' dir='ltr'><strong>ablegavit.</strong></span> <span class='ocrx_word' id='word_1_566' title='bbox 3452 4038 3511 4083; x_wconf 90' lang='lat' dir='ltr'><strong>ut</strong></span> <span class='ocrx_word' id='word_1_567' title='bbox 3534 4028 3598 4083; x_wconf 89' lang='lat' dir='ltr'><strong>ad</strong></span> <span class='ocrx_word' id='word_1_568' title='bbox 3630 4027 3809 4097; x_wconf 89' lang='lat' dir='ltr'><strong>ipsum</strong></span> 
     </span>
    </p>
   </div>
   <div class='ocr_carea' id='block_1_92' title="bbox 2235 4121 3814 4202">
    <p class='ocr_par' dir='ltr' id='par_1_92' title="bbox 2235 4121 3814 4202">
     <span class='ocr_line' id='line_1_92' title="bbox 2235 4121 3814 4202; baseline -0.01 -16"><span class='ocrx_word' id='word_1_569' title='bbox 2235 4147 2409 4201; x_wconf 90' lang='lat' dir='ltr'><strong>usque</strong></span> <span class='ocrx_word' id='word_1_570' title='bbox 2439 4128 2761 4202; x_wconf 81' lang='lat' dir='ltr'><strong>Byzantium</strong></span> <span class='ocrx_word' id='word_1_571' title='bbox 2793 4126 2896 4196; x_wconf 84' lang='lat'><strong>53</strong></span> <span class='ocrx_word' id='word_1_572' title='bbox 2927 4140 3053 4179; x_wconf 89' lang='lat' dir='ltr'><strong>cum</strong></span> <span class='ocrx_word' id='word_1_573' title='bbox 3086 4121 3317 4179; x_wconf 82' lang='lat' dir='ltr'><strong>inﬁnitis</strong></span> <span class='ocrx_word' id='word_1_574' title='bbox 3352 4134 3523 4191; x_wconf 87' lang='lat' dir='ltr'><strong>prope</strong></span> <span class='ocrx_word' id='word_1_575' title='bbox 3552 4125 3814 4188; x_wconf 78' lang='lat' dir='ltr'><strong>pugnato-</strong></span> 
     </span>
    </p>
   </div>
   <div class='ocr_carea' id='block_1_93' title="bbox 2236 4205 3814 4292">
    <p class='ocr_par' dir='ltr' id='par_1_93' title="bbox 2236 4205 3814 4292">
     <span class='ocr_line' id='line_1_93' title="bbox 2236 4205 3814 4292; baseline -0.011 -15"><span class='ocrx_word' id='word_1_576' title='bbox 2236 4238 2358 4278; x_wconf 91' lang='lat' dir='ltr'><strong>rum</strong></span> <span class='ocrx_word' id='word_1_577' title='bbox 2378 4221 2549 4292; x_wconf 90' lang='lat' dir='ltr'><strong>copiis</strong></span> <span class='ocrx_word' id='word_1_578' title='bbox 2567 4227 2947 4276; x_wconf 80' lang='lat' dir='ltr'><strong>excurrerent.</strong></span> <span class='ocrx_word' id='word_1_579' title='bbox 2974 4215 3088 4270; x_wconf 84' lang='lat' dir='ltr'><strong>Hoc</strong></span> <span class='ocrx_word' id='word_1_580' title='bbox 3113 4213 3276 4269; x_wconf 90' lang='lat' dir='ltr'><strong>modo</strong></span> <span class='ocrx_word' id='word_1_581' title='bbox 3300 4208 3567 4282; x_wconf 88' lang='lat' dir='ltr'><strong>perculsis</strong></span> <span class='ocrx_word' id='word_1_582' title='bbox 3588 4205 3814 4261; x_wconf 87' lang='lat' dir='ltr'><strong>insidia-</strong></span> 
     </span>
    </p>
   </div>
   <div class='ocr_carea' id='block_1_94' title="bbox 2238 4294 3809 4370">
    <p class='ocr_par' dir='ltr' id='par_1_94' title="bbox 2238 4294 3809 4370">
     <span class='ocr_line' id='line_1_94' title="bbox 2238 4294 3809 4370; baseline -0.015 0"><span class='ocrx_word' id='word_1_583' title='bbox 2238 4325 2418 4370; x_wconf 86' lang='lat' dir='ltr'><strong>torum</strong></span> <span class='ocrx_word' id='word_1_584' title='bbox 2448 4311 2646 4367; x_wconf 89' lang='lat' dir='ltr'><strong>auimis</strong></span> <span class='ocrx_word' id='word_1_585' title='bbox 2677 4306 2971 4362; x_wconf 82' lang='lat' dir='ltr'><strong>formidine</strong></span> <span class='ocrx_word' id='word_1_586' title='bbox 3001 4301 3253 4367; x_wconf 89' lang='lat' dir='ltr'><strong>Barbari,</strong></span> <span class='ocrx_word' id='word_1_587' title='bbox 3290 4298 3436 4355; x_wconf 89' lang='lat' dir='ltr'><strong>omni</strong></span> <span class='ocrx_word' id='word_1_588' title='bbox 3473 4296 3603 4350; x_wconf 88' lang='lat' dir='ltr'><strong>odio</strong></span> <span class='ocrx_word' id='word_1_589' title='bbox 3636 4294 3809 4349; x_wconf 86' lang='lat' dir='ltr'><strong>male-</strong></span> 
     </span>
    </p>
   </div>
   <div class='ocr_carea' id='block_1_95' title="bbox 2239 4387 3812 4474">
    <p class='ocr_par' dir='ltr' id='par_1_95' title="bbox 2239 4387 3812 4474">
     <span class='ocr_line' id='line_1_95' title="bbox 2239 4387 3812 4474; baseline -0.015 -11"><span class='ocrx_word' id='word_1_590' title='bbox 2239 4405 2590 4474; x_wconf 89' lang='lat' dir='ltr'><strong>volentiaque</strong></span> <span class='ocrx_word' id='word_1_591' title='bbox 2622 4401 2870 4471; x_wconf 84' lang='lat' dir='ltr'><strong>deposita</strong></span> <span class='ocrx_word' id='word_1_592' title='bbox 2904 4394 3196 4453; x_wconf 87' lang='lat' dir='ltr'><strong>consilium</strong></span> <span class='ocrx_word' id='word_1_593' title='bbox 3244 4392 3400 4462; x_wconf 90' lang='lat' dir='ltr'><strong>prius</strong></span> <span class='ocrx_word' id='word_1_594' title='bbox 3438 4387 3812 4444; x_wconf 88' lang='lat' dir='ltr'><strong>intermissum</strong></span> 
     </span>
    </p>
   </div>
   <div class='ocr_carea' id='block_1_96' title="bbox 2241 4476 3816 4565">
    <p class='ocr_par' dir='ltr' id='par_1_96' title="bbox 2241 4476 3816 4565">
     <span class='ocr_line' id='line_1_96' title="bbox 2241 4476 3816 4565; baseline -0.015 -13"><span class='ocrx_word' id='word_1_595' title='bbox 2241 4513 2365 4552; x_wconf 92' lang='lat' dir='ltr'><strong>cum</strong></span> <span class='ocrx_word' id='word_1_596' title='bbox 2395 4494 2530 4565; x_wconf 89' lang='lat' dir='ltr'><strong>ipsis</strong></span> <span class='ocrx_word' id='word_1_597' title='bbox 2564 4491 2852 4548; x_wconf 88' lang='lat' dir='ltr'><strong>conatibus</strong></span> <span class='ocrx_word' id='word_1_598' title='bbox 2880 4488 3004 4543; x_wconf 81' lang='lat' dir='ltr'><strong>fuit.</strong></span> <span class='ocrx_word' id='word_1_599' title='bbox 3033 4488 3108 4541; x_wconf 89' lang='lat' dir='ltr'><strong>De</strong></span> <span class='ocrx_word' id='word_1_600' title='bbox 3130 4499 3240 4555; x_wconf 92' lang='lat' dir='ltr'><strong>quo</strong></span> <span class='ocrx_word' id='word_1_601' title='bbox 3270 4481 3576 4551; x_wconf 82' lang='lat' dir='ltr'><strong>intelligere</strong></span> <span class='ocrx_word' id='word_1_602' title='bbox 3610 4479 3738 4532; x_wconf 90' lang='lat' dir='ltr'><strong>licet</strong></span> <span class='ocrx_word' id='word_1_603' title='bbox 3763 4476 3816 4530; x_wconf 91' lang='lat' dir='ltr'><strong>in</strong></span> 
     </span>
    </p>
   </div>
   <div class='ocr_carea' id='block_1_97' title="bbox 2241 4570 3816 4660">
    <p class='ocr_par' dir='ltr' id='par_1_97' title="bbox 2241 4570 3816 4660">
     <span class='ocr_line' id='line_1_97' title="bbox 2241 4570 3816 4660; baseline -0.016 -15"><span class='ocrx_word' id='word_1_604' title='bbox 2241 4589 2376 4660; x_wconf 90' lang='lat' dir='ltr'><strong>ipsis</strong></span> <span class='ocrx_word' id='word_1_605' title='bbox 2417 4586 2584 4642; x_wconf 89' lang='lat' dir='ltr'><strong>etiam</strong></span> <span class='ocrx_word' id='word_1_606' title='bbox 2630 4581 2889 4638; x_wconf 88' lang='lat' dir='ltr'><strong>Barbaris</strong></span> <span class='ocrx_word' id='word_1_607' title='bbox 2925 4580 3184 4635; x_wconf 85' lang='lat' dir='ltr'><strong>virtutem</strong></span> <span class='ocrx_word' id='word_1_608' title='bbox 3231 4591 3297 4631; x_wconf 89' lang='lat' dir='ltr'><strong>ac</strong></span> <span class='ocrx_word' id='word_1_609' title='bbox 3333 4573 3574 4629; x_wconf 88' lang='lat' dir='ltr'><strong>indolem</strong></span> <span class='ocrx_word' id='word_1_610' title='bbox 3619 4570 3816 4625; x_wconf 88' lang='lat' dir='ltr'><strong>bonam</strong></span> 
     </span>
    </p>
   </div>
   <div class='ocr_carea' id='block_1_98' title="bbox 2242 4661 3821 4744">
    <p class='ocr_par' dir='ltr' id='par_1_98' title="bbox 2242 4661 3821 4744">
     <span class='ocr_line' id='line_1_98' title="bbox 2242 4661 3821 4744; baseline -0.014 -9"><span class='ocrx_word' id='word_1_611' title='bbox 2242 4680 2533 4743; x_wconf 83' lang='lat' dir='ltr'><strong>exsistere,</strong></span> <span class='ocrx_word' id='word_1_612' title='bbox 2563 4676 2928 4744; x_wconf 86' lang='lat' dir='ltr'><strong>hominesque</strong></span> <span class='ocrx_word' id='word_1_613' title='bbox 2956 4670 3160 4742; x_wconf 82' lang='lat' dir='ltr'><strong>linguis</strong></span> <span class='ocrx_word' id='word_1_614' title='bbox 3185 4668 3432 4723; x_wconf 86' lang='lat' dir='ltr'><strong>diversos</strong></span> <span class='ocrx_word' id='word_1_615' title='bbox 3464 4661 3821 4719; x_wconf 86' lang='lat' dir='ltr'><strong>nihilominus</strong></span> 
     </span>
    </p>
   </div>
   <div class='ocr_carea' id='block_1_99' title="bbox 2241 4760 3819 4829">
    <p class='ocr_par' dir='ltr' id='par_1_99' title="bbox 2241 4760 3819 4829">
     <span class='ocr_line' id='line_1_99' title="bbox 2241 4760 3819 4829; baseline -0.015 0"><span class='ocrx_word' id='word_1_616' title='bbox 2241 4772 2537 4829; x_wconf 86' lang='lat' dir='ltr'><strong>amicitiam</strong></span> <span class='ocrx_word' id='word_1_617' title='bbox 2571 4779 2628 4825; x_wconf 90' lang='lat' dir='ltr'><strong>et</strong></span> <span class='ocrx_word' id='word_1_618' title='bbox 2660 4782 2901 4824; x_wconf 89' lang='lat' dir='ltr'><strong>amorem</strong></span> <span class='ocrx_word' id='word_1_619' title='bbox 2943 4772 3196 4819; x_wconf 89' lang='lat' dir='ltr'><strong>mutuum</strong></span> <span class='ocrx_word' id='word_1_620' title='bbox 3224 4760 3454 4815; x_wconf 73' lang='lat' dir='ltr'><strong>illzrsum</strong></span> <span class='ocrx_word' id='word_1_621' title='bbox 3490 4768 3819 4812; x_wconf 87' lang='lat' dir='ltr'><strong>conservare</strong></span> 
     </span>
    </p>
   </div>
   <div class='ocr_carea' id='block_1_100' title="bbox 2243 4853 3852 4933">
    <p class='ocr_par' dir='ltr' id='par_1_100' title="bbox 2243 4853 3852 4933">
     <span class='ocr_line' id='line_1_100' title="bbox 2243 4853 3852 4933; baseline -0.014 -14"><span class='ocrx_word' id='word_1_622' title='bbox 2243 4863 2472 4920; x_wconf 88' lang='lat' dir='ltr'><strong>candide</strong></span> <span class='ocrx_word' id='word_1_623' title='bbox 2513 4876 2709 4933; x_wconf 88' lang='lat' dir='ltr'><strong>posse;</strong></span> <span class='ocrx_word' id='word_1_624' title='bbox 2747 4874 2872 4914; x_wconf 87' lang='lat' dir='ltr'><strong>nam</strong></span> <span class='ocrx_word' id='word_1_625' title='bbox 2914 4857 3094 4912; x_wconf 87' lang='lat' dir='ltr'><strong>virtus</strong></span> <span class='ocrx_word' id='word_1_626' title='bbox 3130 4864 3189 4909; x_wconf 89' lang='lat' dir='ltr'><strong>et</strong></span> <span class='ocrx_word' id='word_1_627' title='bbox 3227 4853 3517 4908; x_wconf 88' lang='lat' dir='ltr'><strong>honestum</strong></span> <span class='ocrx_word' id='word_1_628' title='bbox 3555 4863 3587 4901; x_wconf 91' lang='lat' dir='ltr'><strong>a</strong></span> <span class='ocrx_word' id='word_1_629' title='bbox 3626 4856 3852 4915; x_wconf 42' lang='lat' dir='ltr'><strong>natura.</strong></span> 
     </span>
    </p>
   </div>
   <div class='ocr_carea' id='block_1_101' title="bbox 2243 4954 2836 5012">
    <p class='ocr_par' dir='ltr' id='par_1_101' title="bbox 2243 4954 2836 5012">
     <span class='ocr_line' id='line_1_101' title="bbox 2243 4954 2836 5012; baseline -0.012 0"><span class='ocrx_word' id='word_1_630' title='bbox 2243 4955 2459 5012; x_wconf 90' lang='lat' dir='ltr'><strong>cunctis</strong></span> <span class='ocrx_word' id='word_1_631' title='bbox 2484 4954 2710 5010; x_wconf 87' lang='lat' dir='ltr'><strong>insitum</strong></span> <span class='ocrx_word' id='word_1_632' title='bbox 2732 4962 2836 5007; x_wconf 87' lang='lat' dir='ltr'><strong>est.</strong></span> 
     </span>
    </p>
   </div>
   <div class='ocr_carea' id='block_1_102' title="bbox 2310 5024 3823 5115">
    <p class='ocr_par' dir='ltr' id='par_1_102' title="bbox 2310 5024 3823 5115">
     <span class='ocr_line' id='line_1_102' title="bbox 2310 5024 3823 5115; baseline -0.017 -13"><span class='ocrx_word' id='word_1_633' title='bbox 2310 5046 2581 5103; x_wconf 61' lang='lat' dir='ltr'><strong>Caeterum</strong></span> <span class='ocrx_word' id='word_1_634' title='bbox 2609 5043 2919 5115; x_wconf 90' lang='lat' dir='ltr'><strong>imperatori</strong></span> <span class='ocrx_word' id='word_1_635' title='bbox 2954 5037 3265 5096; x_wconf 88' lang='lat' dir='ltr'><strong>Theodosio</strong></span> <span class='ocrx_word' id='word_1_636' title='bbox 3295 5049 3454 5091; x_wconf 89' lang='lat' dir='ltr'><strong>soror</strong></span> <span class='ocrx_word' id='word_1_637' title='bbox 3485 5038 3628 5092; x_wconf 86' lang='lat' dir='ltr'><strong>erat,</strong></span> <span class='ocrx_word' id='word_1_638' title='bbox 3661 5024 3823 5115; x_wconf 84' lang='lat' dir='ltr'><strong>castis</strong></span> 
     </span>
    </p>
   </div>
   <div class='ocr_carea' id='block_1_103' title="bbox 2244 5114 3824 5207">
    <p class='ocr_par' dir='ltr' id='par_1_103' title="bbox 2244 5114 3824 5207">
     <span class='ocr_line' id='line_1_103' title="bbox 2244 5114 3824 5207; baseline -0.016 -16"><span class='ocrx_word' id='word_1_639' title='bbox 2244 5135 2471 5207; x_wconf 64' lang='lat' dir='ltr'><strong>praedita</strong></span> <span class='ocrx_word' id='word_1_640' title='bbox 2515 5134 2783 5199; x_wconf 86' lang='lat' dir='ltr'><strong>moribus,</strong></span> <span class='ocrx_word' id='word_1_641' title='bbox 2822 5132 2948 5187; x_wconf 73' lang='lat' dir='ltr'><strong>vita:</strong></span> <span class='ocrx_word' id='word_1_642' title='bbox 2974 5128 3169 5201; x_wconf 69' lang='lat' dir='ltr'><strong>,‘gravis</strong></span> <span class='ocrx_word' id='word_1_643' title='bbox 3207 5142 3270 5182; x_wconf 87' lang='lat' dir='ltr'><strong>ac</strong></span> <span class='ocrx_word' id='word_1_644' title='bbox 3313 5123 3549 5196; x_wconf 70' lang='lat' dir='ltr'><strong>pudicae,</strong></span> <span class='ocrx_word' id='word_1_645' title='bbox 3600 5114 3824 5172; x_wconf 88' lang='lat' dir='ltr'><strong>nomine</strong></span> 
     </span>
    </p>
   </div>
   <div class='ocr_carea' id='block_1_104' title="bbox 2248 5202 3821 5297">
    <p class='ocr_par' dir='ltr' id='par_1_104' title="bbox 2248 5202 3821 5297">
     <span class='ocr_line' id='line_1_104' title="bbox 2248 5202 3821 5297; baseline -0.017 -14"><span class='ocrx_word' id='word_1_646' title='bbox 2248 5202 2556 5282; x_wconf 69' lang='lat' dir='ltr'><strong>i’ulcheria.</strong></span> <span class='ocrx_word' id='word_1_647' title='bbox 2591 5224 2853 5297; x_wconf 82' lang='lat' dir='ltr'><strong>Fulgebat</strong></span> <span class='ocrx_word' id='word_1_648' title='bbox 2884 5237 2948 5278; x_wconf 84' lang='lat' dir='ltr'><strong>ea</strong></span> <span class='ocrx_word' id='word_1_649' title='bbox 2984 5218 3200 5276; x_wconf 89' lang='lat' dir='ltr'><strong>venusti</strong></span> <span class='ocrx_word' id='word_1_650' title='bbox 3232 5214 3480 5286; x_wconf 88' lang='lat' dir='ltr'><strong>corporis</strong></span> <span class='ocrx_word' id='word_1_651' title='bbox 3529 5202 3821 5266; x_wconf 61' lang='lat' dir='ltr'><strong>elegantia,</strong></span> 
     </span>
    </p>
   </div>
   <div class='ocr_carea' id='block_1_105' title="bbox 1920 5404 2496 5470">
    <p class='ocr_par' dir='ltr' id='par_1_105' title="bbox 1920 5404 2496 5470">
     <span class='ocr_line' id='line_1_105' title="bbox 1920 5404 2496 5470; baseline -0.005 -1"><span class='ocrx_word' id='word_1_652' title='bbox 1920 5407 2115 5470; x_wconf 71' lang='lat' dir='ltr'><strong>Vat-ite</strong></span> <span class='ocrx_word' id='word_1_653' title='bbox 2162 5404 2496 5469; x_wconf 84' lang='lat' dir='ltr'><strong>lectiones.</strong></span> 
     </span>
    </p>
   </div>
   <div class='ocr_carea' id='block_1_106' title="bbox 639 5560 2753 5655">
    <p class='ocr_par' dir='ltr' id='par_1_106' title="bbox 639 5560 2753 5655">
     <span class='ocr_line' id='line_1_106' title="bbox 639 5560 2753 5655; baseline -0.004 -30"><span class='ocrx_word' id='word_1_654' title='bbox 639 5591 663 5625; x_wconf 69' lang='grc' dir='ltr'>ο</span> <span class='ocrx_word' id='word_1_655' title='bbox 701 5583 808 5655; x_wconf 49' lang='grc' dir='ltr'><strong>γᾲρ</strong></span> <span class='ocrx_word' id='word_1_656' title='bbox 834 5583 947 5655; x_wconf 55' lang='grc' dir='ltr'>[ιιι.</span> <span class='ocrx_word' id='word_1_657' title='bbox 1004 5581 1071 5655; x_wconf 38' lang='grc' dir='ltr'><strong>-ξο</strong></span> <span class='ocrx_word' id='word_1_658' title='bbox 1098 5578 1202 5655; x_wconf 39' lang='grc' dir='ltr'><strong>καὶ.</strong></span> <span class='ocrx_word' id='word_1_659' title='bbox 1228 5576 1393 5651; x_wconf 80' lang='grc' dir='ltr'>μετὰ]</span> <span class='ocrx_word' id='word_1_660' title='bbox 1430 5573 1753 5655; x_wconf 30' lang='grc' dir='ltr'>μετὰιδξὶίὶέ</span> <span class='ocrx_word' id='word_1_661' title='bbox 1832 5567 2380 5655; x_wconf 35' lang='grc' dir='ltr'>ίξατελξυταξίονηΑξηι</span> <span class='ocrx_word' id='word_1_662' title='bbox 2441 5567 2483 5599; x_wconf 79' lang='grc'><strong>¹²</strong></span> <span class='ocrx_word' id='word_1_663' title='bbox 2512 5560 2657 5655; x_wconf 45' lang='grc' dir='ltr'>εἶλεν</span> <span class='ocrx_word' id='word_1_664' title='bbox 2691 5563 2753 5617; x_wconf 75' lang='grc' dir='ltr'>Β.</span> 
     </span>
    </p>
   </div>
   <div class='ocr_carea' id='block_1_107' title="bbox 572 5634 2799 5714">
    <p class='ocr_par' dir='ltr' id='par_1_107' title="bbox 572 5634 2799 5714">
     <span class='ocr_line' id='line_1_107' title="bbox 572 5634 2799 5714; baseline -0.009 -8"><span class='ocrx_word' id='word_1_665' title='bbox 572 5655 621 5695; x_wconf 71' lang='grc' dir='ltr'>ιι</span> <span class='ocrx_word' id='word_1_666' title='bbox 643 5634 839 5714; x_wconf 61' lang='grc' dir='ltr'>κάλλος</span> <span class='ocrx_word' id='word_1_667' title='bbox 863 5634 944 5705; x_wconf 47' lang='grc' dir='ltr'>Δ.</span> <span class='ocrx_word' id='word_1_668' title='bbox 1003 5650 1046 5681; x_wconf 80' lang='grc'><strong>⁸⁸</strong></span> <span class='ocrx_word' id='word_1_669' title='bbox 1078 5634 1408 5711; x_wconf 57' lang='grc' dir='ltr'>συνέστησεν</span> <span class='ocrx_word' id='word_1_670' title='bbox 1430 5634 1500 5704; x_wconf 71' lang='grc' dir='ltr'><strong>Ϊὶ.</strong></span> <span class='ocrx_word' id='word_1_671' title='bbox 1575 5647 1616 5681; x_wconf 76' lang='grc'><strong>⁸⁷</strong></span> <span class='ocrx_word' id='word_1_672' title='bbox 1645 5641 1964 5709; x_wconf 73' lang='grc' dir='ltr'>Βυζαντίδος</span> <span class='ocrx_word' id='word_1_673' title='bbox 1994 5640 2058 5696; x_wconf 73' lang='grc' dir='ltr'>Β.</span> <span class='ocrx_word' id='word_1_674' title='bbox 2136 5641 2179 5673; x_wconf 84' lang='grc'>¹⁸</span> <span class='ocrx_word' id='word_1_675' title='bbox 2209 5634 2489 5711; x_wconf 77' lang='grc' dir='ltr'>βαρὸἆρου</span> <span class='ocrx_word' id='word_1_676' title='bbox 2517 5635 2677 5690; x_wconf 74' lang='grc' dir='ltr'>Λιιιι.</span> <span class='ocrx_word' id='word_1_677' title='bbox 2757 5634 2799 5665; x_wconf 70' lang='grc'>⁸⁸</span> 
     </span>
    </p>
   </div>
   <div class='ocr_carea' id='block_1_108' title="bbox 569 5719 999 5792">
    <p class='ocr_par' dir='ltr' id='par_1_108' title="bbox 569 5719 999 5792">
     <span class='ocr_line' id='line_1_108' title="bbox 569 5719 999 5792; baseline -0.005 -13"><span class='ocrx_word' id='word_1_678' title='bbox 569 5724 650 5779; x_wconf 79' lang='grc' dir='ltr'><strong>λεί</strong></span> <span class='ocrx_word' id='word_1_679' title='bbox 683 5721 832 5792; x_wconf 81' lang='grc' dir='ltr'>κυρῷ</span> <span class='ocrx_word' id='word_1_680' title='bbox 843 5721 905 5775; x_wconf 87' lang='grc' dir='ltr'>Θ.</span> <span class='ocrx_word' id='word_1_681' title='bbox 934 5719 999 5777; x_wconf 74' lang='grc' dir='ltr'>Β.</span> 
     </span>
    </p>
   </div>
   <div class='ocr_carea' id='block_1_109' title="bbox 2859 5545 3830 5627">
    <p class='ocr_par' dir='ltr' id='par_1_109' title="bbox 2859 5545 3830 5627">
     <span class='ocr_line' id='line_1_109' title="bbox 2859 5545 3830 5627; baseline -0.015 -12"><span class='ocrx_word' id='word_1_682' title='bbox 2859 5562 2901 5592; x_wconf 85' lang='grc'>¹³</span> <span class='ocrx_word' id='word_1_683' title='bbox 2934 5561 3170 5627; x_wconf 68' lang='grc' dir='ltr'>κατῆγεν</span> <span class='ocrx_word' id='word_1_684' title='bbox 3193 5557 3257 5611; x_wconf 81' lang='lat' dir='ltr'><strong>ll.</strong></span> <span class='ocrx_word' id='word_1_685' title='bbox 3321 5625 3329 5627; x_wconf 10' lang='grc' dir='ltr'><em>ᾗ</em></span> <span class='ocrx_word' id='word_1_686' title='bbox 3359 5555 3403 5585; x_wconf 69' lang='grc'><strong>¹⁵</strong></span> <span class='ocrx_word' id='word_1_687' title='bbox 3432 5547 3732 5627; x_wconf 53' lang='grc' dir='ltr'>παλαιτέρα</span> <span class='ocrx_word' id='word_1_688' title='bbox 3764 5545 3830 5600; x_wconf 77' lang='grc' dir='ltr'><strong>ιι.</strong></span> 
     </span>
    </p>
   </div>
   <div class='ocr_carea' id='block_1_110' title="bbox 2822 5618 3834 5703">
    <p class='ocr_par' dir='ltr' id='par_1_110' title="bbox 2822 5618 3834 5703">
     <span class='ocr_line' id='line_1_110' title="bbox 2822 5618 3834 5703; baseline -0.016 -18"><span class='ocrx_word' id='word_1_689' title='bbox 2822 5618 3111 5703; x_wconf 76' lang='grc' dir='ltr'>φυλάττειν</span> <span class='ocrx_word' id='word_1_690' title='bbox 3145 5627 3211 5682; x_wconf 78' lang='grc' dir='ltr'><strong>ῐὶ.</strong></span> <span class='ocrx_word' id='word_1_691' title='bbox 3290 5625 3337 5658; x_wconf 83' lang='grc'><strong>²⁰</strong></span> <span class='ocrx_word' id='word_1_692' title='bbox 3371 5621 3544 5693; x_wconf 81' lang='grc' dir='ltr'>τούτῳ</span> <span class='ocrx_word' id='word_1_693' title='bbox 3570 5618 3649 5691; x_wconf 80' lang='grc' dir='ltr'>τῷ</span> <span class='ocrx_word' id='word_1_694' title='bbox 3689 5619 3834 5689; x_wconf 74' lang='grc' dir='ltr'>βασι·</span> 
     </span>
    </p>
   </div>
  </div>
