  <div class='ocr_page' id='page_1' title='image "/cluster/home/n/w/nwhite01/storage/ocr_20150623/127/hvd.32044073502411/164.png"; bbox 0 0 4106 6206; ppageno 0'>
   <div class='ocr_carea' id='block_1_1' title="bbox 361 329 466 396">
    <p class='ocr_par' dir='ltr' id='par_1_1' title="bbox 361 329 466 396">
     <span class='ocr_line' id='line_1_1' title="bbox 361 329 466 396; baseline -0.038 0"><span class='ocrx_word' id='word_1_1' title='bbox 361 329 466 396; x_wconf 81' lang='lat'><strong>317</strong></span> 
     </span>
    </p>
   </div>
   <div class='ocr_carea' id='block_1_2' title="bbox 362 442 1860 522">
    <p class='ocr_par' dir='ltr' id='par_1_2' title="bbox 362 442 1860 522">
     <span class='ocr_line' id='line_1_2' title="bbox 362 442 1860 522; baseline 0.005 -22"><span class='ocrx_word' id='word_1_2' title='bbox 362 447 474 500; x_wconf 81' lang='lat' dir='ltr'><strong>Kal.</strong></span> <span class='ocrx_word' id='word_1_3' title='bbox 497 442 791 498; x_wconf 79' lang='grc' dir='ltr'>στίλϐουσα</span> <span class='ocrx_word' id='word_1_4' title='bbox 817 446 935 510; x_wconf 77' lang='grc' dir='ltr'>ταῖς</span> <span class='ocrx_word' id='word_1_5' title='bbox 965 445 1151 519; x_wconf 86' lang='grc' dir='ltr'>χάρισι</span> <span class='ocrx_word' id='word_1_6' title='bbox 1181 448 1279 520; x_wconf 80' lang='grc' dir='ltr'>τῆς</span> <span class='ocrx_word' id='word_1_7' title='bbox 1311 447 1459 505; x_wconf 76' lang='grc' dir='ltr'>ἔνδον</span> <span class='ocrx_word' id='word_1_8' title='bbox 1489 454 1860 522; x_wconf 78' lang='grc' dir='ltr'>εὐπρεπείαςο</span> 
     </span>
    </p>
   </div>
   <div class='ocr_carea' id='block_1_3' title="bbox 362 538 1721 616">
    <p class='ocr_par' dir='ltr' id='par_1_3' title="bbox 362 538 1721 616">
     <span class='ocr_line' id='line_1_3' title="bbox 362 538 1721 616; baseline 0.007 -24"><span class='ocrx_word' id='word_1_9' title='bbox 362 541 524 603; x_wconf 86' lang='grc' dir='ltr'>Ἥτις</span> <span class='ocrx_word' id='word_1_10' title='bbox 560 538 829 608; x_wconf 76' lang='grc' dir='ltr'>παρθένον</span> <span class='ocrx_word' id='word_1_11' title='bbox 860 543 1146 612; x_wconf 81' lang='grc' dir='ltr'><strong>συντηρεῖν</strong></span> <span class='ocrx_word' id='word_1_12' title='bbox 1170 543 1342 614; x_wconf 78' lang='grc' dir='ltr'>αὐτὴν</span> <span class='ocrx_word' id='word_1_13' title='bbox 1376 547 1721 616; x_wconf 83' lang='grc' dir='ltr'>προελομένη</span> 
     </span>
    </p>
   </div>
   <div class='ocr_carea' id='block_1_4' title="bbox 360 627 1804 700">
    <p class='ocr_par' dir='ltr' id='par_1_4' title="bbox 360 627 1804 700">
     <span class='ocr_line' id='line_1_4' title="bbox 360 627 1804 700; baseline 0.006 -21"><span class='ocrx_word' id='word_1_14' title='bbox 360 629 472 684; x_wconf 65' lang='grc' dir='ltr'><strong>Καὶ</strong></span> <span class='ocrx_word' id='word_1_15' title='bbox 510 627 610 697; x_wconf 81' lang='grc' dir='ltr'><strong>τῆς</strong></span> <span class='ocrx_word' id='word_1_16' title='bbox 644 628 867 694; x_wconf 77' lang='grc' dir='ltr'>ἁγνείας</span> <span class='ocrx_word' id='word_1_17' title='bbox 896 628 1094 683; x_wconf 78' lang='grc' dir='ltr'>ἄσυλον</span> <span class='ocrx_word' id='word_1_18' title='bbox 1112 630 1398 698; x_wconf 79' lang='grc' dir='ltr'>φυλάττειν</span> <span class='ocrx_word' id='word_1_19' title='bbox 1424 634 1515 686; x_wconf 65' lang='grc' dir='ltr'>τὶν</span> <span class='ocrx_word' id='word_1_20' title='bbox 1543 634 1804 700; x_wconf 86' lang='grc' dir='ltr'>λειμῶνα,</span> 
     </span>
    </p>
   </div>
   <div class='ocr_carea' id='block_1_5' title="bbox 369 716 1630 793">
    <p class='ocr_par' dir='ltr' id='par_1_5' title="bbox 369 716 1630 793">
     <span class='ocr_line' id='line_1_5' title="bbox 369 716 1630 793; baseline 0.004 -19"><span class='ocrx_word' id='word_1_21' title='bbox 369 716 642 793; x_wconf 52' lang='lat' dir='ltr'><strong>mpsim</strong></span> <span class='ocrx_word' id='word_1_22' title='bbox 674 719 775 790; x_wconf 81' lang='grc' dir='ltr'>μὲν</span> <span class='ocrx_word' id='word_1_23' title='bbox 806 720 1075 789; x_wconf 71' lang='grc' dir='ltr'>ἀπέσχετο</span> <span class='ocrx_word' id='word_1_24' title='bbox 1115 721 1365 790; x_wconf 78' lang='grc' dir='ltr'>καθάπαξ</span> <span class='ocrx_word' id='word_1_25' title='bbox 1391 724 1630 793; x_wconf 77' lang='grc' dir='ltr'><strong>ὁμιλίας,</strong></span> 
     </span>
    </p>
   </div>
   <div class='ocr_carea' id='block_1_6' title="bbox 357 812 1693 889">
    <p class='ocr_par' dir='ltr' id='par_1_6' title="bbox 357 812 1693 889">
     <span class='ocr_line' id='line_1_6' title="bbox 357 812 1693 889; baseline 0.002 -22"><span class='ocrx_word' id='word_1_26' title='bbox 357 816 449 884; x_wconf 80' lang='grc' dir='ltr'>Τῷ</span> <span class='ocrx_word' id='word_1_27' title='bbox 477 812 706 883; x_wconf 86' lang='grc' dir='ltr'>καθαρῷ</span> <span class='ocrx_word' id='word_1_28' title='bbox 741 813 785 865; x_wconf 82' lang='grc' dir='ltr'>δ’</span> <span class='ocrx_word' id='word_1_29' title='bbox 815 812 1079 883; x_wconf 82' lang='grc' dir='ltr'>ὲπέχαιρε</span> <span class='ocrx_word' id='word_1_30' title='bbox 1103 815 1196 868; x_wconf 73' lang='grc' dir='ltr'>καὶ</span> <span class='ocrx_word' id='word_1_31' title='bbox 1231 814 1307 883; x_wconf 83' lang='grc' dir='ltr'>τῷ</span> <span class='ocrx_word' id='word_1_32' title='bbox 1331 816 1544 887; x_wconf 79' lang='grc' dir='ltr'><strong>κοσμίῳ</strong></span> <span class='ocrx_word' id='word_1_33' title='bbox 1572 818 1693 889; x_wconf 84' lang='grc' dir='ltr'>βίῳ,</span> 
     </span>
    </p>
   </div>
   <div class='ocr_carea' id='block_1_7' title="bbox 356 903 1872 980">
    <p class='ocr_par' dir='ltr' id='par_1_7' title="bbox 356 903 1872 980">
     <span class='ocr_line' id='line_1_7' title="bbox 356 903 1872 980; baseline 0.003 -20"><span class='ocrx_word' id='word_1_34' title='bbox 356 904 468 960; x_wconf 66' lang='grc' dir='ltr'>Καί</span> <span class='ocrx_word' id='word_1_35' title='bbox 499 905 648 970; x_wconf 80' lang='grc' dir='ltr'>ζέσιν</span> <span class='ocrx_word' id='word_1_36' title='bbox 677 903 1025 957; x_wconf 78' lang='grc' dir='ltr'><strong>ἐπεδείκνυτο</strong></span> <span class='ocrx_word' id='word_1_37' title='bbox 1061 906 1195 976; x_wconf 79' lang='grc' dir='ltr'>πρὸς</span> <span class='ocrx_word' id='word_1_38' title='bbox 1227 909 1408 960; x_wconf 77' lang='grc' dir='ltr'>πᾶσαν</span> <span class='ocrx_word' id='word_1_39' title='bbox 1442 910 1872 980; x_wconf 87' lang='grc' dir='ltr'>χρηστουργίαν.</span> 
     </span>
    </p>
   </div>
   <div class='ocr_carea' id='block_1_8' title="bbox 355 997 1692 1074">
    <p class='ocr_par' dir='ltr' id='par_1_8' title="bbox 355 997 1692 1074">
     <span class='ocr_line' id='line_1_8' title="bbox 355 997 1692 1074; baseline 0.002 -20"><span class='ocrx_word' id='word_1_40' title='bbox 355 1001 432 1054; x_wconf 81' lang='grc' dir='ltr'><strong>Οὐ</strong></span> <span class='ocrx_word' id='word_1_41' title='bbox 465 1000 624 1067; x_wconf 84' lang='grc' dir='ltr'>μόνον</span> <span class='ocrx_word' id='word_1_42' title='bbox 658 997 715 1051; x_wconf 84' lang='grc' dir='ltr'>δὲ</span> <span class='ocrx_word' id='word_1_43' title='bbox 738 998 829 1050; x_wconf 81' lang='grc' dir='ltr'><strong>τὸν</strong></span> <span class='ocrx_word' id='word_1_44' title='bbox 863 998 1061 1068; x_wconf 82' lang='grc' dir='ltr'>ἑαυτῆς</span> <span class='ocrx_word' id='word_1_45' title='bbox 1087 999 1257 1064; x_wconf 71' lang='grc' dir='ltr'>οὕτως</span> <span class='ocrx_word' id='word_1_46' title='bbox 1287 1002 1513 1073; x_wconf 83' lang='grc' dir='ltr'>ἐκόσμει</span> <span class='ocrx_word' id='word_1_47' title='bbox 1555 1003 1692 1074; x_wconf 86' lang='grc' dir='ltr'>βίον,</span> 
     </span>
    </p>
   </div>
   <div class='ocr_carea' id='block_1_9' title="bbox 366 1086 1718 1157">
    <p class='ocr_par' dir='ltr' id='par_1_9' title="bbox 366 1086 1718 1157">
     <span class='ocr_line' id='line_1_9' title="bbox 366 1086 1718 1157; baseline 0.004 -15"><span class='ocrx_word' id='word_1_48' title='bbox 366 1089 527 1143; x_wconf 80' lang='grc' dir='ltr'>Ἀλλά</span> <span class='ocrx_word' id='word_1_49' title='bbox 548 1105 611 1157; x_wconf 86' lang='grc' dir='ltr'><strong>γε</strong></span> <span class='ocrx_word' id='word_1_50' title='bbox 640 1087 736 1141; x_wconf 76' lang='grc' dir='ltr'>καὶ</span> <span class='ocrx_word' id='word_1_51' title='bbox 761 1087 850 1139; x_wconf 83' lang='grc' dir='ltr'>τὸν</span> <span class='ocrx_word' id='word_1_52' title='bbox 871 1086 1111 1157; x_wconf 76' lang='grc' dir='ltr'>’ἀδελφὸν</span> <span class='ocrx_word' id='word_1_53' title='bbox 1143 1092 1428 1155; x_wconf 77' lang='grc' dir='ltr'>παντοίαις</span> <span class='ocrx_word' id='word_1_54' title='bbox 1450 1094 1718 1157; x_wconf 75' lang='grc' dir='ltr'><strong>ἐπινοίαις</strong></span> 
     </span>
    </p>
   </div>
   <div class='ocr_carea' id='block_1_10' title="bbox 352 1172 1782 1252">
    <p class='ocr_par' dir='ltr' id='par_1_10' title="bbox 352 1172 1782 1252">
     <span class='ocr_line' id='line_1_10' title="bbox 352 1172 1782 1252; baseline 0.006 -19"><span class='ocrx_word' id='word_1_55' title='bbox 352 1183 449 1242; x_wconf 78' lang='lat' dir='ltr'><strong>Ei;</strong></span> <span class='ocrx_word' id='word_1_56' title='bbox 486 1172 687 1251; x_wconf 69' lang='grc' dir='ltr'>ἀρετὴν</span> <span class='ocrx_word' id='word_1_57' title='bbox 722 1177 1015 1250; x_wconf 83' lang='grc' dir='ltr'>ὲρύθμιζεν</span> <span class='ocrx_word' id='word_1_58' title='bbox 1048 1181 1144 1232; x_wconf 77' lang='grc' dir='ltr'>καὶ</span> <span class='ocrx_word' id='word_1_59' title='bbox 1167 1180 1406 1251; x_wconf 84' lang='grc' dir='ltr'>τρόπους</span> <span class='ocrx_word' id='word_1_60' title='bbox 1435 1185 1782 1252; x_wconf 74' lang='grc' dir='ltr'>φιλοκάλους.</span> 
     </span>
    </p>
   </div>
   <div class='ocr_carea' id='block_1_11' title="bbox 358 1271 1752 1345">
    <p class='ocr_par' dir='ltr' id='par_1_11' title="bbox 358 1271 1752 1345">
     <span class='ocr_line' id='line_1_11' title="bbox 358 1271 1752 1345; baseline 0.005 -20"><span class='ocrx_word' id='word_1_61' title='bbox 358 1275 432 1325; x_wconf 82' lang='grc' dir='ltr'><strong>Ἦ</strong></span> <span class='ocrx_word' id='word_1_62' title='bbox 465 1273 562 1326; x_wconf 78' lang='grc' dir='ltr'>καὶ</span> <span class='ocrx_word' id='word_1_63' title='bbox 591 1271 886 1343; x_wconf 80' lang='grc' dir='ltr'><strong>συνῴκισεν</strong></span> <span class='ocrx_word' id='word_1_64' title='bbox 912 1271 1062 1342; x_wconf 82' lang='grc' dir='ltr'><strong>αὖτῷ</strong></span> <span class='ocrx_word' id='word_1_65' title='bbox 1088 1273 1226 1343; x_wconf 78' lang='grc' dir='ltr'>πρὸς</span> <span class='ocrx_word' id='word_1_66' title='bbox 1249 1273 1433 1345; x_wconf 86' lang='grc' dir='ltr'>γάμου</span> <span class='ocrx_word' id='word_1_67' title='bbox 1463 1278 1752 1332; x_wconf 79' lang='grc' dir='ltr'>κοινωνίαν</span> 
     </span>
    </p>
   </div>
   <div class='ocr_carea' id='block_1_12' title="bbox 351 1364 1819 1435">
    <p class='ocr_par' dir='ltr' id='par_1_12' title="bbox 351 1364 1819 1435">
     <span class='ocr_line' id='line_1_12' title="bbox 351 1364 1819 1435; baseline 0.004 -17"><span class='ocrx_word' id='word_1_68' title='bbox 351 1368 465 1435; x_wconf 80' lang='grc' dir='ltr'><strong>Τὴν</strong></span> <span class='ocrx_word' id='word_1_69' title='bbox 492 1365 746 1417; x_wconf 81' lang='grc' dir='ltr'>κάλλεσιν</span> <span class='ocrx_word' id='word_1_70' title='bbox 779 1364 1199 1435; x_wconf 87' lang='grc' dir='ltr'>ἀστράπτουσαν</span> <span class='ocrx_word' id='word_1_71' title='bbox 1228 1368 1505 1431; x_wconf 80' lang='grc' dir='ltr'>παντοίοις</span> <span class='ocrx_word' id='word_1_72' title='bbox 1534 1369 1819 1432; x_wconf 80' lang='grc' dir='ltr'>Εὑδοκίαν,</span> 
     </span>
    </p>
   </div>
   <div class='ocr_carea' id='block_1_13' title="bbox 352 1454 1889 1533">
    <p class='ocr_par' dir='ltr' id='par_1_13' title="bbox 352 1454 1889 1533">
     <span class='ocr_line' id='line_1_13' title="bbox 352 1454 1889 1533; baseline 0.004 -24"><span class='ocrx_word' id='word_1_73' title='bbox 352 1458 515 1518; x_wconf 81' lang='grc' dir='ltr'>ῚΙτις</span> <span class='ocrx_word' id='word_1_74' title='bbox 544 1454 787 1525; x_wconf 83' lang='grc' dir='ltr'>λειμῶνα</span> <span class='ocrx_word' id='word_1_75' title='bbox 810 1455 1053 1525; x_wconf 81' lang='grc' dir='ltr'>φέρουσα</span> <span class='ocrx_word' id='word_1_76' title='bbox 1079 1456 1310 1521; x_wconf 76' lang='grc' dir='ltr'>κάλλους</span> <span class='ocrx_word' id='word_1_77' title='bbox 1340 1459 1400 1513; x_wconf 81' lang='grc' dir='ltr'>ὲν</span> <span class='ocrx_word' id='word_1_78' title='bbox 1436 1459 1514 1529; x_wconf 83' lang='grc' dir='ltr'><strong>τῷ</strong></span> <span class='ocrx_word' id='word_1_79' title='bbox 1540 1461 1818 1533; x_wconf 76' lang='grc' dir='ltr'>προσώπῳ</span> <span class='ocrx_word' id='word_1_80' title='bbox 1846 1465 1889 1494; x_wconf 83' lang='grc'>¹¹</span> 
     </span>
    </p>
   </div>
   <div class='ocr_carea' id='block_1_14' title="bbox 362 1547 1762 1624">
    <p class='ocr_par' dir='ltr' id='par_1_14' title="bbox 362 1547 1762 1624">
     <span class='ocr_line' id='line_1_14' title="bbox 362 1547 1762 1624; baseline 0.004 -23"><span class='ocrx_word' id='word_1_81' title='bbox 362 1550 603 1620; x_wconf 79' lang='grc' dir='ltr'>Ὠρμᾶτο</span> <span class='ocrx_word' id='word_1_82' title='bbox 633 1549 731 1619; x_wconf 83' lang='grc' dir='ltr'>μὲν</span> <span class='ocrx_word' id='word_1_83' title='bbox 758 1548 817 1614; x_wconf 76' lang='grc' dir='ltr'><strong>ἐξ</strong></span> <span class='ocrx_word' id='word_1_84' title='bbox 850 1547 1091 1619; x_wconf 81' lang='grc' dir='ltr'>Ἀθηνῶν</span> <span class='ocrx_word' id='word_1_85' title='bbox 1114 1550 1224 1604; x_wconf 82' lang='grc' dir='ltr'>τῶν</span> <span class='ocrx_word' id='word_1_86' title='bbox 1260 1552 1762 1624; x_wconf 82' lang='grc' dir='ltr'>περιλαλουμένων,</span> 
     </span>
    </p>
   </div>
   <div class='ocr_carea' id='block_1_15' title="bbox 350 1643 1923 1722">
    <p class='ocr_par' dir='ltr' id='par_1_15' title="bbox 350 1643 1923 1722">
     <span class='ocr_line' id='line_1_15' title="bbox 350 1643 1923 1722; baseline 0.005 -24"><span class='ocrx_word' id='word_1_87' title='bbox 350 1645 497 1715; x_wconf 63' lang='grc' dir='ltr'>Πρὸς</span> <span class='ocrx_word' id='word_1_88' title='bbox 528 1644 584 1697; x_wconf 82' lang='grc' dir='ltr'>δὲ</span> <span class='ocrx_word' id='word_1_89' title='bbox 614 1643 713 1714; x_wconf 84' lang='grc' dir='ltr'>τὴν</span> <span class='ocrx_word' id='word_1_90' title='bbox 737 1644 1013 1709; x_wconf 75' lang='grc' dir='ltr'><strong>Βύζαντος</strong></span> <span class='ocrx_word' id='word_1_91' title='bbox 1037 1645 1295 1716; x_wconf 79' lang='grc' dir='ltr'>λαμπράν</span> <span class='ocrx_word' id='word_1_92' title='bbox 1328 1648 1638 1722; x_wconf 77' lang='grc' dir='ltr'>ἀφικομένη</span> <span class='ocrx_word' id='word_1_93' title='bbox 1674 1653 1721 1684; x_wconf 71' lang='grc' dir='ltr'>’ί</span> <span class='ocrx_word' id='word_1_94' title='bbox 1747 1651 1923 1717; x_wconf 87' lang='grc' dir='ltr'>πόλιν,</span> 
     </span>
    </p>
   </div>
   <div class='ocr_carea' id='block_1_16' title="bbox 250 1728 1508 1806">
    <p class='ocr_par' dir='ltr' id='par_1_16' title="bbox 250 1728 1508 1806">
     <span class='ocr_line' id='line_1_16' title="bbox 250 1728 1508 1806; baseline 0.004 -19"><span class='ocrx_word' id='word_1_95' title='bbox 250 1760 255 1763; x_wconf 51' lang='grc'>&gt;</span> <span class='ocrx_word' id='word_1_96' title='bbox 360 1734 479 1804; x_wconf 84' lang='grc' dir='ltr'>Ἐφ’</span> <span class='ocrx_word' id='word_1_97' title='bbox 509 1728 553 1801; x_wconf 84' lang='grc' dir='ltr'>ᾧ</span> <span class='ocrx_word' id='word_1_98' title='bbox 581 1736 1018 1805; x_wconf 76' lang='grc' dir='ltr'>κατηγορήσειεν</span> <span class='ocrx_word' id='word_1_99' title='bbox 1060 1736 1204 1788; x_wconf 76' lang='grc' dir='ltr'>ἰδίων</span> <span class='ocrx_word' id='word_1_100' title='bbox 1236 1738 1508 1806; x_wconf 81' lang='grc' dir='ltr'>ὁμογνίων</span> 
     </span>
    </p>
   </div>
   <div class='ocr_carea' id='block_1_17' title="bbox 356 1827 1819 1902">
    <p class='ocr_par' dir='ltr' id='par_1_17' title="bbox 356 1827 1819 1902">
     <span class='ocr_line' id='line_1_17' title="bbox 356 1827 1819 1902; baseline 0.005 -21"><span class='ocrx_word' id='word_1_101' title='bbox 356 1830 449 1892; x_wconf 79' lang='grc' dir='ltr'>Ὠς</span> <span class='ocrx_word' id='word_1_102' title='bbox 478 1831 577 1901; x_wconf 82' lang='grc' dir='ltr'>τῆς</span> <span class='ocrx_word' id='word_1_103' title='bbox 609 1829 797 1892; x_wconf 78' lang='grc' dir='ltr'>οὐσίας</span> <span class='ocrx_word' id='word_1_104' title='bbox 823 1827 918 1882; x_wconf 81' lang='grc' dir='ltr'>τοῦ</span> <span class='ocrx_word' id='word_1_105' title='bbox 948 1829 1157 1902; x_wconf 82' lang='grc' dir='ltr'>πατρὸς</span> <span class='ocrx_word' id='word_1_106' title='bbox 1179 1830 1315 1900; x_wconf 82' lang='grc' dir='ltr'>αὐτῇ</span> <span class='ocrx_word' id='word_1_107' title='bbox 1347 1830 1423 1902; x_wconf 83' lang='grc' dir='ltr'><strong>μὴ</strong></span> <span class='ocrx_word' id='word_1_108' title='bbox 1455 1833 1819 1902; x_wconf 82' lang='grc' dir='ltr'>μεταδόντων,</span> 
     </span>
    </p>
   </div>
   <div class='ocr_carea' id='block_1_18' title="bbox 345 1920 1710 1992">
    <p class='ocr_par' dir='ltr' id='par_1_18' title="bbox 345 1920 1710 1992">
     <span class='ocr_line' id='line_1_18' title="bbox 345 1920 1710 1992; baseline 0.004 -19"><span class='ocrx_word' id='word_1_109' title='bbox 345 1920 535 1990; x_wconf 86' lang='grc' dir='ltr'>Πολλῷ</span> <span class='ocrx_word' id='word_1_110' title='bbox 563 1920 1000 1992; x_wconf 80' lang='grc' dir='ltr'>κερδαλεώτερον</span> <span class='ocrx_word' id='word_1_111' title='bbox 1030 1921 1094 1976; x_wconf 78' lang='grc' dir='ltr'>τὸ</span> <span class='ocrx_word' id='word_1_112' title='bbox 1134 1922 1412 1992; x_wconf 85' lang='grc' dir='ltr'>πάρεργον</span> <span class='ocrx_word' id='word_1_113' title='bbox 1441 1924 1710 1992; x_wconf 75' lang='grc' dir='ltr'>εὑρίσκει.</span> 
     </span>
    </p>
   </div>
   <div class='ocr_carea' id='block_1_19' title="bbox 343 2011 1852 2088">
    <p class='ocr_par' dir='ltr' id='par_1_19' title="bbox 343 2011 1852 2088">
     <span class='ocr_line' id='line_1_19' title="bbox 343 2011 1852 2088; baseline 0.006 -23"><span class='ocrx_word' id='word_1_114' title='bbox 343 2013 422 2065; x_wconf 83' lang='grc' dir='ltr'><strong>Τὸ</strong></span> <span class='ocrx_word' id='word_1_115' title='bbox 457 2012 502 2065; x_wconf 80' lang='grc' dir='ltr'>δ’</span> <span class='ocrx_word' id='word_1_116' title='bbox 523 2013 672 2075; x_wconf 83' lang='grc' dir='ltr'>ὅπως</span> <span class='ocrx_word' id='word_1_117' title='bbox 693 2011 854 2065; x_wconf 83' lang='grc' dir='ltr'>τοῦτο</span> <span class='ocrx_word' id='word_1_118' title='bbox 889 2011 1083 2081; x_wconf 81' lang='grc' dir='ltr'>γέγονε</span> <span class='ocrx_word' id='word_1_119' title='bbox 1109 2013 1254 2083; x_wconf 85' lang='grc' dir='ltr'>λόγῳ</span> <span class='ocrx_word' id='word_1_120' title='bbox 1284 2013 1535 2083; x_wconf 83' lang='grc' dir='ltr'>συντόμῳ</span> <span class='ocrx_word' id='word_1_121' title='bbox 1559 2016 1603 2048; x_wconf 80' lang='grc'><strong>⁸³</strong></span> <span class='ocrx_word' id='word_1_122' title='bbox 1635 2017 1852 2088; x_wconf 77' lang='grc' dir='ltr'>φράσω.</span> 
     </span>
    </p>
   </div>
   <div class='ocr_carea' id='block_1_20' title="bbox 415 2097 1875 2179">
    <p class='ocr_par' dir='ltr' id='par_1_20' title="bbox 415 2097 1875 2179">
     <span class='ocr_line' id='line_1_20' title="bbox 415 2097 1875 2179; baseline 0.005 -24"><span class='ocrx_word' id='word_1_123' title='bbox 415 2097 525 2155; x_wconf 86' lang='grc' dir='ltr'>Ἦν</span> <span class='ocrx_word' id='word_1_124' title='bbox 555 2103 613 2155; x_wconf 78' lang='grc' dir='ltr'>ὲν</span> <span class='ocrx_word' id='word_1_125' title='bbox 636 2101 892 2173; x_wconf 74' lang='grc' dir='ltr'>Ἀθήναις</span> <span class='ocrx_word' id='word_1_126' title='bbox 917 2119 1003 2168; x_wconf 87' lang='grc' dir='ltr'><strong>τις</strong></span> <span class='ocrx_word' id='word_1_127' title='bbox 1037 2102 1206 2175; x_wconf 76' lang='grc' dir='ltr'>ἀνὴρ,</span> <span class='ocrx_word' id='word_1_128' title='bbox 1242 2104 1493 2170; x_wconf 82' lang='grc' dir='ltr'>Λεόντιος</span> <span class='ocrx_word' id='word_1_129' title='bbox 1520 2106 1623 2176; x_wconf 84' lang='grc' dir='ltr'>τὴν</span> <span class='ocrx_word' id='word_1_130' title='bbox 1660 2109 1875 2179; x_wconf 83' lang='grc' dir='ltr'>κλῆσιν,</span> 
     </span>
    </p>
   </div>
   <div class='ocr_carea' id='block_1_21' title="bbox 342 2194 1566 2267">
    <p class='ocr_par' dir='ltr' id='par_1_21' title="bbox 342 2194 1566 2267">
     <span class='ocr_line' id='line_1_21' title="bbox 342 2194 1566 2267; baseline 0.003 -19"><span class='ocrx_word' id='word_1_131' title='bbox 342 2196 442 2258; x_wconf 78' lang='grc' dir='ltr'><strong>Εἰς</strong></span> <span class='ocrx_word' id='word_1_132' title='bbox 470 2195 640 2266; x_wconf 81' lang='grc' dir='ltr'>ἄκρον</span> <span class='ocrx_word' id='word_1_133' title='bbox 662 2194 992 2265; x_wconf 82' lang='grc' dir='ltr'>ἀφικόμενος</span> <span class='ocrx_word' id='word_1_134' title='bbox 1019 2198 1201 2267; x_wconf 81' lang='grc' dir='ltr'>πάσης</span> <span class='ocrx_word' id='word_1_135' title='bbox 1226 2198 1566 2266; x_wconf 72' lang='grc' dir='ltr'>φιλοσοφίας,</span> 
     </span>
    </p>
   </div>
   <div class='ocr_carea' id='block_1_22' title="bbox 343 2284 1815 2360">
    <p class='ocr_par' dir='ltr' id='par_1_22' title="bbox 343 2284 1815 2360">
     <span class='ocr_line' id='line_1_22' title="bbox 343 2284 1815 2360; baseline 0.004 -21"><span class='ocrx_word' id='word_1_136' title='bbox 343 2284 458 2339; x_wconf 80' lang='grc' dir='ltr'><strong>Καὶ</strong></span> <span class='ocrx_word' id='word_1_137' title='bbox 485 2285 709 2355; x_wconf 81' lang='grc' dir='ltr'>λογικῆς</span> <span class='ocrx_word' id='word_1_138' title='bbox 739 2285 836 2339; x_wconf 74' lang='grc' dir='ltr'>καὶ</span> <span class='ocrx_word' id='word_1_139' title='bbox 872 2288 1107 2357; x_wconf 82' lang='grc' dir='ltr'>φυσικῆς</span> <span class='ocrx_word' id='word_1_140' title='bbox 1135 2289 1230 2341; x_wconf 76' lang='grc' dir='ltr'>καὶ</span> <span class='ocrx_word' id='word_1_141' title='bbox 1254 2288 1358 2359; x_wconf 84' lang='grc' dir='ltr'>τῆς</span> <span class='ocrx_word' id='word_1_142' title='bbox 1380 2291 1815 2360; x_wconf 83' lang='grc' dir='ltr'>άστεροσκόπου.</span> 
     </span>
    </p>
   </div>
   <div class='ocr_carea' id='block_1_23' title="bbox 342 2376 1924 2451">
    <p class='ocr_par' dir='ltr' id='par_1_23' title="bbox 342 2376 1924 2451">
     <span class='ocr_line' id='line_1_23' title="bbox 342 2376 1924 2451; baseline 0.005 -23"><span class='ocrx_word' id='word_1_143' title='bbox 342 2376 534 2446; x_wconf 86' lang='grc' dir='ltr'>Τούτῳ</span> <span class='ocrx_word' id='word_1_144' title='bbox 564 2377 692 2445; x_wconf 79' lang='grc' dir='ltr'>μιᾶς</span> <span class='ocrx_word' id='word_1_145' title='bbox 715 2378 780 2430; x_wconf 81' lang='grc' dir='ltr'>ὲκ</span> <span class='ocrx_word' id='word_1_146' title='bbox 810 2378 1054 2446; x_wconf 78' lang='grc' dir='ltr'>γαμετῆς</span> <span class='ocrx_word' id='word_1_147' title='bbox 1068 2380 1110 2409; x_wconf 75' lang='grc'><strong>’⁸</strong></span> <span class='ocrx_word' id='word_1_148' title='bbox 1128 2379 1429 2449; x_wconf 80' lang='grc' dir='ltr'>ἐτέχθησαν</span> <span class='ocrx_word' id='word_1_149' title='bbox 1458 2383 1607 2451; x_wconf 84' lang='grc' dir='ltr'>τρεῖς</span> <span class='ocrx_word' id='word_1_150' title='bbox 1622 2382 1668 2413; x_wconf 79' lang='grc'><strong>³⁸</strong></span> <span class='ocrx_word' id='word_1_151' title='bbox 1691 2381 1878 2446; x_wconf 80' lang='grc' dir='ltr'>παῖδες</span> <span class='ocrx_word' id='word_1_152' title='bbox 1903 2399 1924 2415; x_wconf 76' lang='grc' dir='ltr'><strong><em>ο</em></strong></span> 
     </span>
    </p>
   </div>
   <div class='ocr_carea' id='block_1_24' title="bbox 338 2465 1635 2543">
    <p class='ocr_par' dir='ltr' id='par_1_24' title="bbox 338 2465 1635 2543">
     <span class='ocr_line' id='line_1_24' title="bbox 338 2465 1635 2543; baseline 0.005 -23"><span class='ocrx_word' id='word_1_153' title='bbox 338 2467 450 2520; x_wconf 81' lang='grc' dir='ltr'>Δύο</span> <span class='ocrx_word' id='word_1_154' title='bbox 477 2470 576 2538; x_wconf 87' lang='grc' dir='ltr'>μὲν</span> <span class='ocrx_word' id='word_1_155' title='bbox 602 2465 741 2539; x_wconf 78' lang='grc' dir='ltr'>ἦσαν</span> <span class='ocrx_word' id='word_1_156' title='bbox 772 2471 1020 2541; x_wconf 76' lang='grc' dir='ltr'>ἄρρενες,</span> <span class='ocrx_word' id='word_1_157' title='bbox 1036 2472 1262 2541; x_wconf 84' lang='grc' dir='ltr'>τριτάτη</span> <span class='ocrx_word' id='word_1_158' title='bbox 1286 2471 1342 2524; x_wconf 83' lang='grc' dir='ltr'>δὲ</span> <span class='ocrx_word' id='word_1_159' title='bbox 1361 2472 1635 2543; x_wconf 82' lang='grc' dir='ltr'>θυγάτηρ,</span> 
     </span>
    </p>
   </div>
   <div class='ocr_carea' id='block_1_25' title="bbox 340 2558 1498 2635">
    <p class='ocr_par' dir='ltr' id='par_1_25' title="bbox 340 2558 1498 2635">
     <span class='ocr_line' id='line_1_25' title="bbox 340 2558 1498 2635; baseline 0.008 -25"><span class='ocrx_word' id='word_1_160' title='bbox 340 2558 600 2629; x_wconf 80' lang='grc' dir='ltr'>Θυγάτηρ</span> <span class='ocrx_word' id='word_1_161' title='bbox 621 2561 1006 2631; x_wconf 83' lang='grc' dir='ltr'>άγλαόμορφος</span> <span class='ocrx_word' id='word_1_162' title='bbox 1031 2563 1498 2635; x_wconf 82' lang='grc' dir='ltr'>ὲπιχαριτωτάτη.</span> 
     </span>
    </p>
   </div>
   <div class='ocr_carea' id='block_1_26' title="bbox 352 2648 1707 2728">
    <p class='ocr_par' dir='ltr' id='par_1_26' title="bbox 352 2648 1707 2728">
     <span class='ocr_line' id='line_1_26' title="bbox 352 2648 1707 2728; baseline 0.007 -26"><span class='ocrx_word' id='word_1_163' title='bbox 352 2648 609 2719; x_wconf 73' lang='grc' dir='ltr'>Ἀθηναῖς</span> <span class='ocrx_word' id='word_1_164' title='bbox 642 2650 928 2719; x_wconf 84' lang='grc' dir='ltr'>ὡνόμαστο</span> <span class='ocrx_word' id='word_1_165' title='bbox 951 2651 1085 2722; x_wconf 77' lang='grc' dir='ltr'>πρὸς</span> <span class='ocrx_word' id='word_1_166' title='bbox 1116 2652 1210 2705; x_wconf 64' lang='grc' dir='ltr'><strong>τοῦ</strong></span> <span class='ocrx_word' id='word_1_167' title='bbox 1247 2655 1455 2725; x_wconf 76' lang='grc' dir='ltr'>πατρὸς</span> <span class='ocrx_word' id='word_1_168' title='bbox 1484 2656 1518 2724; x_wconf 84' lang='grc' dir='ltr'>ἡ</span> <span class='ocrx_word' id='word_1_169' title='bbox 1545 2656 1707 2728; x_wconf 88' lang='grc' dir='ltr'>κόρη.</span> 
     </span>
    </p>
   </div>
   <div class='ocr_carea' id='block_1_27' title="bbox 350 2740 1885 2821">
    <p class='ocr_par' dir='ltr' id='par_1_27' title="bbox 350 2740 1885 2821">
     <span class='ocr_line' id='line_1_27' title="bbox 350 2740 1885 2821; baseline 0.006 -26"><span class='ocrx_word' id='word_1_170' title='bbox 350 2740 444 2806; x_wconf 82' lang='grc' dir='ltr'>Ὦς</span> <span class='ocrx_word' id='word_1_171' title='bbox 462 2742 555 2797; x_wconf 80' lang='grc' dir='ltr'>οὖν</span> <span class='ocrx_word' id='word_1_172' title='bbox 578 2743 670 2797; x_wconf 82' lang='grc' dir='ltr'>τὸν</span> <span class='ocrx_word' id='word_1_173' title='bbox 692 2743 808 2814; x_wconf 82' lang='grc' dir='ltr'>βίον</span> <span class='ocrx_word' id='word_1_174' title='bbox 837 2744 1031 2813; x_wconf 76' lang='grc' dir='ltr'>ἔμελλε</span> <span class='ocrx_word' id='word_1_175' title='bbox 1054 2744 1234 2799; x_wconf 87' lang='grc' dir='ltr'>λιπεῖν</span> <span class='ocrx_word' id='word_1_176' title='bbox 1264 2746 1310 2778; x_wconf 78' lang='grc'><strong>⁸⁸</strong></span> <span class='ocrx_word' id='word_1_177' title='bbox 1339 2747 1368 2799; x_wconf 86' lang='grc' dir='ltr'><strong>ὁ</strong></span> <span class='ocrx_word' id='word_1_178' title='bbox 1393 2747 1602 2820; x_wconf 88' lang='grc' dir='ltr'>ταύτην</span> <span class='ocrx_word' id='word_1_179' title='bbox 1632 2748 1885 2821; x_wconf 83' lang='grc' dir='ltr'>σπείρας,</span> 
     </span>
    </p>
   </div>
   <div class='ocr_carea' id='block_1_28' title="bbox 237 2819 1705 2911">
    <p class='ocr_par' dir='ltr' id='par_1_28' title="bbox 237 2819 1705 2911">
     <span class='ocr_line' id='line_1_28' title="bbox 237 2819 1705 2911; baseline 0.044 -35"><span class='ocrx_word' id='word_1_180' title='bbox 237 2819 253 2831; x_wconf 79' lang='grc'><strong>’</strong></span> <span class='ocrx_word' id='word_1_181' title='bbox 352 2822 732 2887; x_wconf 72' lang='grc' dir='ltr'>Ἐπιθανάτιον</span> <span class='ocrx_word' id='word_1_182' title='bbox 759 2834 975 2898; x_wconf 80' lang='grc' dir='ltr'>συνθεὶς</span> <span class='ocrx_word' id='word_1_183' title='bbox 1000 2834 1095 2889; x_wconf 61' lang='grc' dir='ltr'><strong>καὶ</strong></span> <span class='ocrx_word' id='word_1_184' title='bbox 1120 2837 1435 2891; x_wconf 44' lang='grc' dir='ltr'><strong>τελευταῖν</strong></span> <span class='ocrx_word' id='word_1_185' title='bbox 1464 2819 1705 2911; x_wconf 59' lang='grc' dir='ltr'>γράμμα</span> 
     </span>
    </p>
   </div>
   <div class='ocr_carea' id='block_1_29' title="bbox 342 2922 1725 3001">
    <p class='ocr_par' dir='ltr' id='par_1_29' title="bbox 342 2922 1725 3001">
     <span class='ocr_line' id='line_1_29' title="bbox 342 2922 1725 3001; baseline 0.006 -24"><span class='ocrx_word' id='word_1_186' title='bbox 342 2922 470 2987; x_wconf 74' lang='grc' dir='ltr'>τοῖς</span> <span class='ocrx_word' id='word_1_187' title='bbox 494 2925 594 2993; x_wconf 82' lang='grc' dir='ltr'>μὲν</span> <span class='ocrx_word' id='word_1_188' title='bbox 621 2927 779 2979; x_wconf 83' lang='grc' dir='ltr'>παισὶ</span> <span class='ocrx_word' id='word_1_189' title='bbox 813 2925 1070 2980; x_wconf 78' lang='grc' dir='ltr'>κατέλιπε</span> <span class='ocrx_word' id='word_1_190' title='bbox 1098 2931 1209 2992; x_wconf 80' lang='grc' dir='ltr'>τοῖς</span> <span class='ocrx_word' id='word_1_191' title='bbox 1232 2930 1423 3001; x_wconf 76' lang='grc' dir='ltr'>ᾶρῤεσι</span> <span class='ocrx_word' id='word_1_192' title='bbox 1462 2930 1553 2984; x_wconf 73' lang='grc' dir='ltr'><strong>τὸν</strong></span> <span class='ocrx_word' id='word_1_193' title='bbox 1585 2931 1725 3001; x_wconf 82' lang='grc' dir='ltr'>βίον,</span> 
     </span>
    </p>
   </div>
   <div class='ocr_carea' id='block_1_30' title="bbox 348 3014 1597 3094">
    <p class='ocr_par' dir='ltr' id='par_1_30' title="bbox 348 3014 1597 3094">
     <span class='ocr_line' id='line_1_30' title="bbox 348 3014 1597 3094; baseline 0.005 -24"><span class='ocrx_word' id='word_1_194' title='bbox 348 3014 581 3083; x_wconf 81' lang='grc' dir='ltr'>Ὅπόσος</span> <span class='ocrx_word' id='word_1_195' title='bbox 609 3019 667 3074; x_wconf 76' lang='grc' dir='ltr'>ἐν</span> <span class='ocrx_word' id='word_1_196' title='bbox 694 3019 1031 3092; x_wconf 82' lang='grc' dir='ltr'>ίματισμοῖς,</span> <span class='ocrx_word' id='word_1_197' title='bbox 1061 3020 1258 3086; x_wconf 81' lang='grc' dir='ltr'>ὁπόσος</span> <span class='ocrx_word' id='word_1_198' title='bbox 1280 3023 1337 3075; x_wconf 84' lang='grc' dir='ltr'>ὲν</span> <span class='ocrx_word' id='word_1_199' title='bbox 1361 3023 1597 3094; x_wconf 86' lang='grc' dir='ltr'>χρυσίῳ,</span> 
     </span>
    </p>
   </div>
   <div class='ocr_carea' id='block_1_31' title="bbox 339 3262 1913 3334">
    <p class='ocr_par' dir='ltr' id='par_1_31' title="bbox 339 3262 1913 3334">
     <span class='ocr_line' id='line_1_31' title="bbox 339 3262 1913 3334; baseline 0.001 -17"><span class='ocrx_word' id='word_1_200' title='bbox 339 3262 611 3333; x_wconf 83' lang='lat' dir='ltr'><strong>simulque</strong></span> <span class='ocrx_word' id='word_1_201' title='bbox 639 3262 858 3319; x_wconf 89' lang='lat' dir='ltr'><strong>dotibus</strong></span> <span class='ocrx_word' id='word_1_202' title='bbox 888 3263 1118 3320; x_wconf 70' lang='lat' dir='ltr'><strong>interna:</strong></span> <span class='ocrx_word' id='word_1_203' title='bbox 1144 3265 1577 3334; x_wconf 78' lang='lat' dir='ltr'><strong>pulchritudinis</strong></span> <span class='ocrx_word' id='word_1_204' title='bbox 1604 3265 1913 3321; x_wconf 76' lang='lat' dir='ltr'><strong>relucebat.</strong></span> 
     </span>
    </p>
   </div>
   <div class='ocr_carea' id='block_1_32' title="bbox 338 3352 1920 3425">
    <p class='ocr_par' dir='ltr' id='par_1_32' title="bbox 338 3352 1920 3425">
     <span class='ocr_line' id='line_1_32' title="bbox 338 3352 1920 3425; baseline 0.002 -18"><span class='ocrx_word' id='word_1_205' title='bbox 338 3352 587 3423; x_wconf 86' lang='lat' dir='ltr'><strong>Cumque</strong></span> <span class='ocrx_word' id='word_1_206' title='bbox 632 3354 999 3425; x_wconf 80' lang='lat' dir='ltr'><strong>virginitatem</strong></span> <span class='ocrx_word' id='word_1_207' title='bbox 1044 3371 1198 3409; x_wconf 90' lang='lat' dir='ltr'><strong>suam</strong></span> <span class='ocrx_word' id='word_1_208' title='bbox 1251 3358 1491 3411; x_wconf 70' lang='lat' dir='ltr'><strong>retinuere</strong></span> <span class='ocrx_word' id='word_1_209' title='bbox 1538 3364 1596 3411; x_wconf 91' lang='lat' dir='ltr'><strong>et</strong></span> <span class='ocrx_word' id='word_1_210' title='bbox 1648 3357 1920 3411; x_wconf 79' lang='lat' dir='ltr'><strong>castitatis</strong></span> 
     </span>
    </p>
   </div>
   <div class='ocr_carea' id='block_1_33' title="bbox 339 3446 1916 3514">
    <p class='ocr_par' dir='ltr' id='par_1_33' title="bbox 339 3446 1916 3514">
     <span class='ocr_line' id='line_1_33' title="bbox 339 3446 1916 3514; baseline 0 -15"><span class='ocrx_word' id='word_1_211' title='bbox 339 3460 594 3514; x_wconf 87' lang='lat' dir='ltr'><strong>campum</strong></span> <span class='ocrx_word' id='word_1_212' title='bbox 647 3446 917 3500; x_wconf 88' lang='lat' dir='ltr'><strong>illibatum</strong></span> <span class='ocrx_word' id='word_1_213' title='bbox 977 3448 1117 3500; x_wconf 89' lang='lat' dir='ltr'><strong>tueri</strong></span> <span class='ocrx_word' id='word_1_214' title='bbox 1172 3447 1546 3509; x_wconf 86' lang='lat' dir='ltr'><strong>decrevisset,</strong></span> <span class='ocrx_word' id='word_1_215' title='bbox 1600 3462 1831 3514; x_wconf 84' lang='lat' dir='ltr'><strong>prorsus</strong></span> <span class='ocrx_word' id='word_1_216' title='bbox 1884 3462 1916 3499; x_wconf 82' lang='grc' dir='ltr'>ιι</span> 
     </span>
    </p>
   </div>
   <div class='ocr_carea' id='block_1_34' title="bbox 341 3536 1920 3605">
    <p class='ocr_par' dir='ltr' id='par_1_34' title="bbox 341 3536 1920 3605">
     <span class='ocr_line' id='line_1_34' title="bbox 341 3536 1920 3605; baseline 0 -17"><span class='ocrx_word' id='word_1_217' title='bbox 341 3536 585 3590; x_wconf 85' lang='lat' dir='ltr'><strong>virorum</strong></span> <span class='ocrx_word' id='word_1_218' title='bbox 628 3537 1026 3590; x_wconf 77' lang='lat' dir='ltr'><strong>consuetudine</strong></span> <span class='ocrx_word' id='word_1_219' title='bbox 1066 3546 1240 3589; x_wconf 89' lang='lat' dir='ltr'><strong>semet</strong></span> <span class='ocrx_word' id='word_1_220' title='bbox 1279 3536 1612 3599; x_wconf 82' lang='lat' dir='ltr'><strong>abstinebat,</strong></span> <span class='ocrx_word' id='word_1_221' title='bbox 1660 3550 1723 3590; x_wconf 92' lang='lat' dir='ltr'><strong>ac</strong></span> <span class='ocrx_word' id='word_1_222' title='bbox 1768 3551 1920 3605; x_wconf 66' lang='lat' dir='ltr'><strong>purae</strong></span> 
     </span>
    </p>
   </div>
   <div class='ocr_carea' id='block_1_35' title="bbox 337 3625 1918 3697">
    <p class='ocr_par' dir='ltr' id='par_1_35' title="bbox 337 3625 1918 3697">
     <span class='ocr_line' id='line_1_35' title="bbox 337 3625 1918 3697; baseline 0 -17"><span class='ocrx_word' id='word_1_223' title='bbox 337 3626 714 3693; x_wconf 64' lang='lat' dir='ltr'><strong>modestteque</strong></span> <span class='ocrx_word' id='word_1_224' title='bbox 738 3625 863 3679; x_wconf 74' lang='lat' dir='ltr'><strong>vita:</strong></span> <span class='ocrx_word' id='word_1_225' title='bbox 886 3626 1069 3678; x_wconf 91' lang='lat' dir='ltr'><strong>studio</strong></span> <span class='ocrx_word' id='word_1_226' title='bbox 1096 3625 1278 3679; x_wconf 86' lang='lat' dir='ltr'><strong>dedita</strong></span> <span class='ocrx_word' id='word_1_227' title='bbox 1307 3625 1574 3681; x_wconf 80' lang='lat' dir='ltr'><strong>fervorem</strong></span> <span class='ocrx_word' id='word_1_228' title='bbox 1600 3625 1765 3680; x_wconf 89' lang='lat' dir='ltr'><strong>animi</strong></span> <span class='ocrx_word' id='word_1_229' title='bbox 1790 3641 1918 3697; x_wconf 76' lang='lat' dir='ltr'><strong>erga</strong></span> 
     </span>
    </p>
   </div>
   <div class='ocr_carea' id='block_1_36' title="bbox 333 3714 1910 3787">
    <p class='ocr_par' dir='ltr' id='par_1_36' title="bbox 333 3714 1910 3787">
     <span class='ocr_line' id='line_1_36' title="bbox 333 3714 1910 3787; baseline 0.001 -18"><span class='ocrx_word' id='word_1_230' title='bbox 333 3714 550 3787; x_wconf 82' lang='lat' dir='ltr'><strong>quaevis</strong></span> <span class='ocrx_word' id='word_1_231' title='bbox 580 3715 720 3768; x_wconf 89' lang='lat' dir='ltr'><strong>facta</strong></span> <span class='ocrx_word' id='word_1_232' title='bbox 751 3714 1010 3783; x_wconf 74' lang='lat' dir='ltr'><strong>praeclara</strong></span> <span class='ocrx_word' id='word_1_233' title='bbox 1045 3715 1311 3785; x_wconf 78' lang='lat' dir='ltr'><strong>insignem</strong></span> <span class='ocrx_word' id='word_1_234' title='bbox 1340 3716 1771 3771; x_wconf 84' lang='lat' dir='ltr'><strong>demonstrabat.</strong></span> <span class='ocrx_word' id='word_1_235' title='bbox 1800 3717 1910 3771; x_wconf 85' lang='lat' dir='ltr'><strong>Ne-</strong></span> 
     </span>
    </p>
   </div>
   <div class='ocr_carea' id='block_1_37' title="bbox 333 3806 1908 3878">
    <p class='ocr_par' dir='ltr' id='par_1_37' title="bbox 333 3806 1908 3878">
     <span class='ocr_line' id='line_1_37' title="bbox 333 3806 1908 3878; baseline -0.001 -16"><span class='ocrx_word' id='word_1_236' title='bbox 333 3823 445 3878; x_wconf 86' lang='lat' dir='ltr'><strong>que</strong></span> <span class='ocrx_word' id='word_1_237' title='bbox 471 3813 681 3859; x_wconf 83' lang='lat' dir='ltr'><strong>tantum</strong></span> <span class='ocrx_word' id='word_1_238' title='bbox 700 3806 1027 3861; x_wconf 69' lang='lat' dir='ltr'><strong>exornaudze</strong></span> <span class='ocrx_word' id='word_1_239' title='bbox 1050 3808 1173 3861; x_wconf 70' lang='lat' dir='ltr'><strong>vita:</strong></span> <span class='ocrx_word' id='word_1_240' title='bbox 1191 3823 1300 3862; x_wconf 71' lang='lat' dir='ltr'><strong>sua:</strong></span> <span class='ocrx_word' id='word_1_241' title='bbox 1322 3807 1530 3862; x_wconf 90' lang='lat' dir='ltr'><strong>intenta</strong></span> <span class='ocrx_word' id='word_1_242' title='bbox 1554 3817 1692 3871; x_wconf 86' lang='lat' dir='ltr'><strong>erat,</strong></span> <span class='ocrx_word' id='word_1_243' title='bbox 1718 3823 1908 3862; x_wconf 85' lang='lat' dir='ltr'><strong>verum</strong></span> 
     </span>
    </p>
   </div>
   <div class='ocr_carea' id='block_1_38' title="bbox 335 3895 1913 3967">
    <p class='ocr_par' dir='ltr' id='par_1_38' title="bbox 335 3895 1913 3967">
     <span class='ocr_line' id='line_1_38' title="bbox 335 3895 1913 3967; baseline -0.001 -15"><span class='ocrx_word' id='word_1_244' title='bbox 335 3898 506 3952; x_wconf 85' lang='lat' dir='ltr'><strong>etiam</strong></span> <span class='ocrx_word' id='word_1_245' title='bbox 540 3895 759 3950; x_wconf 69' lang='lat' dir='ltr'><strong>fratrem</strong></span> <span class='ocrx_word' id='word_1_246' title='bbox 786 3896 1088 3966; x_wconf 84' lang='lat' dir='ltr'><strong>omnigenis</strong></span> <span class='ocrx_word' id='word_1_247' title='bbox 1119 3897 1444 3962; x_wconf 87' lang='lat' dir='ltr'><strong>rationibus,</strong></span> <span class='ocrx_word' id='word_1_248' title='bbox 1479 3896 1654 3967; x_wconf 88' lang='lat' dir='ltr'><strong>iisque</strong></span> <span class='ocrx_word' id='word_1_249' title='bbox 1683 3898 1913 3951; x_wconf 89' lang='lat' dir='ltr'><strong>solerter</strong></span> 
     </span>
    </p>
   </div>
   <div class='ocr_carea' id='block_1_39' title="bbox 337 3987 1911 4058">
    <p class='ocr_par' dir='ltr' id='par_1_39' title="bbox 337 3987 1911 4058">
     <span class='ocr_line' id='line_1_39' title="bbox 337 3987 1911 4058; baseline 0 -16"><span class='ocrx_word' id='word_1_250' title='bbox 337 3987 683 4057; x_wconf 76' lang='lat' dir='ltr'><strong>excogitatis.</strong></span> <span class='ocrx_word' id='word_1_251' title='bbox 712 3987 778 4041; x_wconf 89' lang='lat' dir='ltr'><strong>ad</strong></span> <span class='ocrx_word' id='word_1_252' title='bbox 808 3988 1067 4042; x_wconf 83' lang='lat' dir='ltr'><strong>virtutem</strong></span> <span class='ocrx_word' id='word_1_253' title='bbox 1098 3988 1408 4058; x_wconf 88' lang='lat' dir='ltr'><strong>probosque</strong></span> <span class='ocrx_word' id='word_1_254' title='bbox 1443 4003 1623 4043; x_wconf 89' lang='lat' dir='ltr'><strong>mores</strong></span> <span class='ocrx_word' id='word_1_255' title='bbox 1645 3988 1911 4043; x_wconf 83' lang='lat' dir='ltr'><strong>informa-</strong></span> 
     </span>
    </p>
   </div>
   <div class='ocr_carea' id='block_1_40' title="bbox 340 4078 1908 4149">
    <p class='ocr_par' dir='ltr' id='par_1_40' title="bbox 340 4078 1908 4149">
     <span class='ocr_line' id='line_1_40' title="bbox 340 4078 1908 4149; baseline 0 -16"><span class='ocrx_word' id='word_1_256' title='bbox 340 4080 455 4133; x_wconf 83' lang='lat' dir='ltr'><strong>bat.</strong></span> <span class='ocrx_word' id='word_1_257' title='bbox 503 4078 798 4149; x_wconf 77' lang='lat' dir='ltr'><strong>Conjunxit</strong></span> <span class='ocrx_word' id='word_1_258' title='bbox 844 4087 901 4133; x_wconf 90' lang='lat' dir='ltr'><strong>et</strong></span> <span class='ocrx_word' id='word_1_259' title='bbox 948 4078 1103 4133; x_wconf 87' lang='lat' dir='ltr'><strong>fratri</strong></span> <span class='ocrx_word' id='word_1_260' title='bbox 1163 4078 1515 4133; x_wconf 90' lang='lat' dir='ltr'><strong>matrimonio</strong></span> <span class='ocrx_word' id='word_1_261' title='bbox 1568 4078 1908 4145; x_wconf 88' lang='lat' dir='ltr'><strong>Eudociam,</strong></span> 
     </span>
    </p>
   </div>
   <div class='ocr_carea' id='block_1_41' title="bbox 339 4169 1910 4239">
    <p class='ocr_par' dir='ltr' id='par_1_41' title="bbox 339 4169 1910 4239">
     <span class='ocr_line' id='line_1_41' title="bbox 339 4169 1910 4239; baseline 0 -15"><span class='ocrx_word' id='word_1_262' title='bbox 339 4172 490 4224; x_wconf 90' lang='lat' dir='ltr'><strong>omni</strong></span> <span class='ocrx_word' id='word_1_263' title='bbox 518 4169 822 4224; x_wconf 87' lang='lat' dir='ltr'><strong>venustatis</strong></span> <span class='ocrx_word' id='word_1_264' title='bbox 849 4184 1047 4239; x_wconf 78' lang='lat' dir='ltr'><strong>genere</strong></span> <span class='ocrx_word' id='word_1_265' title='bbox 1075 4170 1476 4238; x_wconf 76' lang='lat' dir='ltr'><strong>Splendentem.</strong></span> <span class='ocrx_word' id='word_1_266' title='bbox 1506 4170 1578 4224; x_wconf 86' lang='lat' dir='ltr'><strong>Ea</strong></span> <span class='ocrx_word' id='word_1_267' title='bbox 1606 4185 1729 4224; x_wconf 86' lang='lat' dir='ltr'><strong>cum</strong></span> <span class='ocrx_word' id='word_1_268' title='bbox 1764 4179 1910 4225; x_wconf 89' lang='lat' dir='ltr'><strong>esset</strong></span> 
     </span>
    </p>
   </div>
   <div class='ocr_carea' id='block_1_42' title="bbox 336 4259 1909 4329">
    <p class='ocr_par' dir='ltr' id='par_1_42' title="bbox 336 4259 1909 4329">
     <span class='ocr_line' id='line_1_42' title="bbox 336 4259 1909 4329; baseline -0.001 -14"><span class='ocrx_word' id='word_1_269' title='bbox 336 4261 495 4316; x_wconf 83' lang='lat' dir='ltr'><strong>vultu</strong></span> <span class='ocrx_word' id='word_1_270' title='bbox 533 4260 760 4329; x_wconf 80' lang='lat' dir='ltr'><strong>praedita</strong></span> <span class='ocrx_word' id='word_1_271' title='bbox 792 4259 1223 4325; x_wconf 86' lang='lat' dir='ltr'><strong>formosissimo,</strong></span> <span class='ocrx_word' id='word_1_272' title='bbox 1256 4261 1488 4316; x_wconf 83' lang='lat' dir='ltr'><strong>Athenis</strong></span> <span class='ocrx_word' id='word_1_273' title='bbox 1520 4260 1630 4315; x_wconf 86' lang='lat' dir='ltr'><strong>illis</strong></span> <span class='ocrx_word' id='word_1_274' title='bbox 1658 4261 1909 4315; x_wconf 84' lang='lat' dir='ltr'><strong>celeber-</strong></span> 
     </span>
    </p>
   </div>
   <div class='ocr_carea' id='block_1_43' title="bbox 338 4349 1913 4421">
    <p class='ocr_par' dir='ltr' id='par_1_43' title="bbox 338 4349 1913 4421">
     <span class='ocr_line' id='line_1_43' title="bbox 338 4349 1913 4421; baseline -0.002 -15"><span class='ocrx_word' id='word_1_275' title='bbox 338 4352 519 4417; x_wconf 86' lang='lat' dir='ltr'><strong>rimis,</strong></span> <span class='ocrx_word' id='word_1_276' title='bbox 549 4351 644 4406; x_wconf 89' lang='lat' dir='ltr'><strong>ubi</strong></span> <span class='ocrx_word' id='word_1_277' title='bbox 672 4359 798 4405; x_wconf 88' lang='lat' dir='ltr'><strong>nata</strong></span> <span class='ocrx_word' id='word_1_278' title='bbox 831 4351 1029 4417; x_wconf 88' lang='lat' dir='ltr'><strong>fuerat,</strong></span> <span class='ocrx_word' id='word_1_279' title='bbox 1056 4351 1373 4421; x_wconf 78' lang='lat' dir='ltr'><strong>Byzantium</strong></span> <span class='ocrx_word' id='word_1_280' title='bbox 1404 4349 1669 4420; x_wconf 88' lang='lat' dir='ltr'><strong>profecta,</strong></span> <span class='ocrx_word' id='word_1_281' title='bbox 1696 4365 1825 4405; x_wconf 89' lang='lat' dir='ltr'><strong>suos</strong></span> <span class='ocrx_word' id='word_1_282' title='bbox 1852 4360 1913 4403; x_wconf 89' lang='lat' dir='ltr'><strong>nt</strong></span> 
     </span>
    </p>
   </div>
   <div class='ocr_carea' id='block_1_44' title="bbox 339 4441 1909 4511">
    <p class='ocr_par' dir='ltr' id='par_1_44' title="bbox 339 4441 1909 4511">
     <span class='ocr_line' id='line_1_44' title="bbox 339 4441 1909 4511; baseline -0.003 -13"><span class='ocrx_word' id='word_1_283' title='bbox 339 4444 539 4498; x_wconf 79' lang='lat' dir='ltr'><strong>fratres</strong></span> <span class='ocrx_word' id='word_1_284' title='bbox 570 4450 874 4505; x_wconf 85' lang='lat' dir='ltr'><strong>accusaret,</strong></span> <span class='ocrx_word' id='word_1_285' title='bbox 906 4443 1001 4511; x_wconf 90' lang='lat' dir='ltr'><strong>qui</strong></span> <span class='ocrx_word' id='word_1_286' title='bbox 1042 4450 1397 4511; x_wconf 87' lang='lat' dir='ltr'><strong>paternarum</strong></span> <span class='ocrx_word' id='word_1_287' title='bbox 1427 4441 1746 4496; x_wconf 86' lang='lat' dir='ltr'><strong>lacultatum</strong></span> <span class='ocrx_word' id='word_1_288' title='bbox 1781 4456 1909 4510; x_wconf 86' lang='lat' dir='ltr'><strong>par-</strong></span> 
     </span>
    </p>
   </div>
   <div class='ocr_carea' id='block_1_45' title="bbox 339 4531 1910 4601">
    <p class='ocr_par' dir='ltr' id='par_1_45' title="bbox 339 4531 1910 4601">
     <span class='ocr_line' id='line_1_45' title="bbox 339 4531 1910 4601; baseline -0.002 -14"><span class='ocrx_word' id='word_1_289' title='bbox 339 4545 453 4587; x_wconf 90' lang='lat' dir='ltr'><strong>tem</strong></span> <span class='ocrx_word' id='word_1_290' title='bbox 504 4533 552 4587; x_wconf 87' lang='lat' dir='ltr'><strong>ei</strong></span> <span class='ocrx_word' id='word_1_291' title='bbox 598 4548 658 4586; x_wconf 77' lang='lat' dir='ltr'><strong>se</strong></span> <span class='ocrx_word' id='word_1_292' title='bbox 704 4532 932 4586; x_wconf 90' lang='lat' dir='ltr'><strong>daturos</strong></span> <span class='ocrx_word' id='word_1_293' title='bbox 978 4540 1377 4601; x_wconf 74' lang='lat' dir='ltr'><strong>pernegarent.</strong></span> <span class='ocrx_word' id='word_1_294' title='bbox 1424 4531 1606 4586; x_wconf 89' lang='lat' dir='ltr'><strong>obiter</strong></span> <span class='ocrx_word' id='word_1_295' title='bbox 1648 4532 1910 4601; x_wconf 86' lang='lat' dir='ltr'><strong>quiddam</strong></span> 
     </span>
    </p>
   </div>
   <div class='ocr_carea' id='block_1_46' title="bbox 337 4622 1916 4693">
    <p class='ocr_par' dir='ltr' id='par_1_46' title="bbox 337 4622 1916 4693">
     <span class='ocr_line' id='line_1_46' title="bbox 337 4622 1916 4693; baseline -0.001 -15"><span class='ocrx_word' id='word_1_296' title='bbox 337 4625 503 4692; x_wconf 87' lang='lat' dir='ltr'><strong>longe</strong></span> <span class='ocrx_word' id='word_1_297' title='bbox 536 4623 872 4685; x_wconf 84' lang='lat' dir='ltr'><strong>fructuosius</strong></span> <span class='ocrx_word' id='word_1_298' title='bbox 906 4625 1131 4693; x_wconf 88' lang='lat' dir='ltr'><strong>reperit.</strong></span> <span class='ocrx_word' id='word_1_299' title='bbox 1164 4623 1320 4677; x_wconf 86' lang='lat' dir='ltr'><strong>Libet</strong></span> <span class='ocrx_word' id='word_1_300' title='bbox 1349 4633 1530 4677; x_wconf 88' lang='lat' dir='ltr'><strong>autem</strong></span> <span class='ocrx_word' id='word_1_301' title='bbox 1555 4622 1916 4679; x_wconf 81' lang='lat' dir='ltr'><strong>breviter-ex-</strong></span> 
     </span>
    </p>
   </div>
   <div class='ocr_carea' id='block_1_47' title="bbox 340 4712 1387 4784">
    <p class='ocr_par' dir='ltr' id='par_1_47' title="bbox 340 4712 1387 4784">
     <span class='ocr_line' id='line_1_47' title="bbox 340 4712 1387 4784; baseline -0.001 -16"><span class='ocrx_word' id='word_1_302' title='bbox 340 4728 567 4783; x_wconf 84' lang='lat' dir='ltr'><strong>ponere,</strong></span> <span class='ocrx_word' id='word_1_303' title='bbox 602 4728 714 4783; x_wconf 90' lang='lat' dir='ltr'><strong>qno</strong></span> <span class='ocrx_word' id='word_1_304' title='bbox 744 4722 903 4784; x_wconf 90' lang='lat' dir='ltr'><strong>pacto</strong></span> <span class='ocrx_word' id='word_1_305' title='bbox 932 4714 1048 4768; x_wconf 66' lang='lat' dir='ltr'><strong>haec</strong></span> <span class='ocrx_word' id='word_1_306' title='bbox 1081 4712 1387 4767; x_wconf 87' lang='lat' dir='ltr'><strong>evenerint.</strong></span> 
     </span>
    </p>
   </div>
   <div class='ocr_carea' id='block_1_48' title="bbox 416 4802 1913 4874">
    <p class='ocr_par' dir='ltr' id='par_1_48' title="bbox 416 4802 1913 4874">
     <span class='ocr_line' id='line_1_48' title="bbox 416 4802 1913 4874; baseline -0.001 -15"><span class='ocrx_word' id='word_1_307' title='bbox 416 4804 541 4860; x_wconf 78' lang='lat' dir='ltr'><strong>Fuit</strong></span> <span class='ocrx_word' id='word_1_308' title='bbox 570 4805 804 4859; x_wconf 83' lang='lat' dir='ltr'><strong>Athenis</strong></span> <span class='ocrx_word' id='word_1_309' title='bbox 832 4803 1054 4874; x_wconf 90' lang='lat' dir='ltr'><strong>quidam</strong></span> <span class='ocrx_word' id='word_1_310' title='bbox 1089 4804 1375 4869; x_wconf 83' lang='lat' dir='ltr'><strong>Leontius,</strong></span> <span class='ocrx_word' id='word_1_311' title='bbox 1408 4802 1494 4857; x_wconf 86' lang='lat' dir='ltr'><strong>vir</strong></span> <span class='ocrx_word' id='word_1_312' title='bbox 1523 4811 1778 4857; x_wconf 89' lang='lat' dir='ltr'><strong>accurate</strong></span> <span class='ocrx_word' id='word_1_313' title='bbox 1812 4817 1913 4872; x_wconf 85' lang='lat' dir='ltr'><strong>pe-</strong></span> 
     </span>
    </p>
   </div>
   <div class='ocr_carea' id='block_1_49' title="bbox 342 4893 1908 4965">
    <p class='ocr_par' dir='ltr' id='par_1_49' title="bbox 342 4893 1908 4965">
     <span class='ocr_line' id='line_1_49' title="bbox 342 4893 1908 4965; baseline -0.003 -15"><span class='ocrx_word' id='word_1_314' title='bbox 342 4897 483 4950; x_wconf 85' lang='lat' dir='ltr'><strong>ritus</strong></span> <span class='ocrx_word' id='word_1_315' title='bbox 508 4896 687 4950; x_wconf 89' lang='lat' dir='ltr'><strong>omnis</strong></span> <span class='ocrx_word' id='word_1_316' title='bbox 709 4895 1069 4965; x_wconf 65' lang='lat' dir='ltr'><strong>philosophiae</strong></span> <span class='ocrx_word' id='word_1_317' title='bbox 1109 4909 1173 4949; x_wconf 89' lang='lat' dir='ltr'><strong>ac</strong></span> <span class='ocrx_word' id='word_1_318' title='bbox 1196 4894 1514 4964; x_wconf 83' lang='lat' dir='ltr'><strong>Iogicarum,</strong></span> <span class='ocrx_word' id='word_1_319' title='bbox 1546 4893 1908 4959; x_wconf 85' lang='lat' dir='ltr'><strong>naturalium,</strong></span> 
     </span>
    </p>
   </div>
   <div class='ocr_carea' id='block_1_50' title="bbox 339 4984 1914 5055">
    <p class='ocr_par' dir='ltr' id='par_1_50' title="bbox 339 4984 1914 5055">
     <span class='ocr_line' id='line_1_50' title="bbox 339 4984 1914 5055; baseline -0.003 -14"><span class='ocrx_word' id='word_1_320' title='bbox 339 4986 837 5041; x_wconf 82' lang='lat' dir='ltr'><strong>astronomicarum</strong></span> <span class='ocrx_word' id='word_1_321' title='bbox 867 4985 1304 5055; x_wconf 87' lang='lat' dir='ltr'><strong>disciplinarum.</strong></span> <span class='ocrx_word' id='word_1_322' title='bbox 1331 4985 1468 5039; x_wconf 88' lang='lat' dir='ltr'><strong>lluic</strong></span> <span class='ocrx_word' id='word_1_323' title='bbox 1490 4999 1556 5038; x_wconf 83' lang='lat' dir='ltr'><strong>ex</strong></span> <span class='ocrx_word' id='word_1_324' title='bbox 1585 4999 1693 5038; x_wconf 89' lang='lat' dir='ltr'><strong>una</strong></span> <span class='ocrx_word' id='word_1_325' title='bbox 1721 4984 1914 5051; x_wconf 86' lang='lat' dir='ltr'><strong>conju-</strong></span> 
     </span>
    </p>
   </div>
   <div class='ocr_carea' id='block_1_51' title="bbox 340 5076 1919 5146">
    <p class='ocr_par' dir='ltr' id='par_1_51' title="bbox 340 5076 1919 5146">
     <span class='ocr_line' id='line_1_51' title="bbox 340 5076 1919 5146; baseline -0.001 -16"><span class='ocrx_word' id='word_1_326' title='bbox 340 5094 410 5146; x_wconf 87' lang='lat' dir='ltr'><strong>ge</strong></span> <span class='ocrx_word' id='word_1_327' title='bbox 440 5084 550 5132; x_wconf 84' lang='lat' dir='ltr'><strong>tres</strong></span> <span class='ocrx_word' id='word_1_328' title='bbox 572 5087 732 5133; x_wconf 87' lang='lat' dir='ltr'><strong>erant</strong></span> <span class='ocrx_word' id='word_1_329' title='bbox 752 5079 865 5131; x_wconf 87' lang='lat' dir='ltr'><strong>nati</strong></span> <span class='ocrx_word' id='word_1_330' title='bbox 888 5078 1070 5143; x_wconf 89' lang='lat' dir='ltr'><strong>liberi,</strong></span> <span class='ocrx_word' id='word_1_331' title='bbox 1091 5079 1202 5132; x_wconf 93' lang='lat' dir='ltr'><strong>duo</strong></span> <span class='ocrx_word' id='word_1_332' title='bbox 1222 5093 1418 5141; x_wconf 88' lang='lat' dir='ltr'><strong>mares,</strong></span> <span class='ocrx_word' id='word_1_333' title='bbox 1444 5093 1553 5132; x_wconf 88' lang='lat' dir='ltr'><strong>una</strong></span> <span class='ocrx_word' id='word_1_334' title='bbox 1579 5078 1708 5141; x_wconf 86' lang='lat' dir='ltr'><strong>filia,</strong></span> <span class='ocrx_word' id='word_1_335' title='bbox 1732 5076 1919 5130; x_wconf 72' lang='lat' dir='ltr'><strong>forma:</strong></span> 
     </span>
    </p>
   </div>
   <div class='ocr_carea' id='block_1_52' title="bbox 344 5167 1920 5238">
    <p class='ocr_par' dir='ltr' id='par_1_52' title="bbox 344 5167 1920 5238">
     <span class='ocr_line' id='line_1_52' title="bbox 344 5167 1920 5238; baseline 0.001 -19"><span class='ocrx_word' id='word_1_336' title='bbox 344 5167 523 5236; x_wconf 86' lang='lat' dir='ltr'><strong>puella</strong></span> <span class='ocrx_word' id='word_1_337' title='bbox 542 5168 871 5236; x_wconf 68' lang='lat' dir='ltr'><strong>praestantis,</strong></span> <span class='ocrx_word' id='word_1_338' title='bbox 896 5179 952 5222; x_wconf 90' lang='lat' dir='ltr'><strong>et</strong></span> <span class='ocrx_word' id='word_1_339' title='bbox 971 5169 1302 5238; x_wconf 65' lang='lat' dir='ltr'><strong>caeteroquin</strong></span> <span class='ocrx_word' id='word_1_340' title='bbox 1319 5168 1481 5223; x_wconf 89' lang='lat' dir='ltr'><strong>etiam</strong></span> <span class='ocrx_word' id='word_1_341' title='bbox 1496 5167 1920 5238; x_wconf 81' lang='lat' dir='ltr'><strong>elegantissima,</strong></span> 
     </span>
    </p>
   </div>
   <div class='ocr_carea' id='block_1_53' title="bbox 342 5259 1924 5327">
    <p class='ocr_par' dir='ltr' id='par_1_53' title="bbox 342 5259 1924 5327">
     <span class='ocr_line' id='line_1_53' title="bbox 342 5259 1924 5327; baseline 0 -15"><span class='ocrx_word' id='word_1_342' title='bbox 342 5259 432 5312; x_wconf 89' lang='lat' dir='ltr'><strong>cui</strong></span> <span class='ocrx_word' id='word_1_343' title='bbox 469 5269 623 5327; x_wconf 88' lang='lat' dir='ltr'><strong>pater</strong></span> <span class='ocrx_word' id='word_1_344' title='bbox 670 5260 990 5314; x_wconf 81' lang='lat' dir='ltr'><strong>Athenaidis</strong></span> <span class='ocrx_word' id='word_1_345' title='bbox 1027 5276 1227 5316; x_wconf 89' lang='lat' dir='ltr'><strong>nomen</strong></span> <span class='ocrx_word' id='word_1_346' title='bbox 1267 5260 1514 5315; x_wconf 87' lang='lat' dir='ltr'><strong>dederat.</strong></span> <span class='ocrx_word' id='word_1_347' title='bbox 1556 5259 1691 5315; x_wconf 90' lang='lat' dir='ltr'><strong>Cum</strong></span> <span class='ocrx_word' id='word_1_348' title='bbox 1739 5268 1924 5313; x_wconf 87' lang='lat' dir='ltr'><strong>autem</strong></span> 
     </span>
    </p>
   </div>
   <div class='ocr_carea' id='block_1_54' title="bbox 344 5349 1926 5422">
    <p class='ocr_par' dir='ltr' id='par_1_54' title="bbox 344 5349 1926 5422">
     <span class='ocr_line' id='line_1_54' title="bbox 344 5349 1926 5422; baseline 0.002 -20"><span class='ocrx_word' id='word_1_349' title='bbox 344 5349 513 5404; x_wconf 80' lang='lat' dir='ltr'><strong>rebus</strong></span> <span class='ocrx_word' id='word_1_350' title='bbox 538 5351 792 5405; x_wconf 85' lang='lat' dir='ltr'><strong>humanis</strong></span> <span class='ocrx_word' id='word_1_351' title='bbox 807 5352 1031 5422; x_wconf 88' lang='lat' dir='ltr'><strong>jamjam</strong></span> <span class='ocrx_word' id='word_1_352' title='bbox 1056 5366 1383 5407; x_wconf 77' lang='lat' dir='ltr'><strong>excessurus</strong></span> <span class='ocrx_word' id='word_1_353' title='bbox 1402 5359 1569 5418; x_wconf 87' lang='lat' dir='ltr'><strong>esset,</strong></span> <span class='ocrx_word' id='word_1_354' title='bbox 1590 5359 1926 5407; x_wconf 85' lang='lat' dir='ltr'><strong>testamento</strong></span> 
     </span>
    </p>
   </div>
   <div class='ocr_carea' id='block_1_55' title="bbox 1489 338 2523 412">
    <p class='ocr_par' dir='ltr' id='par_1_55' title="bbox 1489 338 2523 412">
     <span class='ocr_line' id='line_1_55' title="bbox 1489 338 2523 412; baseline 0.012 -13"><span class='ocrx_word' id='word_1_355' title='bbox 1489 338 1999 404; x_wconf 78' lang='lat' dir='ltr'><strong>COMPENDIUM</strong></span> <span class='ocrx_word' id='word_1_356' title='bbox 2036 344 2523 412; x_wconf 81' lang='lat' dir='ltr'><strong>CHRONICUM.</strong></span> 
     </span>
    </p>
   </div>
   <div class='ocr_carea' id='block_1_56' title="bbox 3506 360 3615 426">
    <p class='ocr_par' dir='ltr' id='par_1_56' title="bbox 3506 360 3615 426">
     <span class='ocr_line' id='line_1_56' title="bbox 3506 360 3615 426; baseline 0.018 -2"><span class='ocrx_word' id='word_1_357' title='bbox 3506 360 3615 426; x_wconf 70' lang='lat'><strong>318</strong></span> 
     </span>
    </p>
   </div>
   <div class='ocr_carea' id='block_1_57' title="bbox 1960 459 3556 538">
    <p class='ocr_par' dir='ltr' id='par_1_57' title="bbox 1960 459 3556 538">
     <span class='ocr_line' id='line_1_57' title="bbox 1960 459 3556 538; baseline 0.009 -26"><span class='ocrx_word' id='word_1_358' title='bbox 1960 460 2008 517; x_wconf 76' lang='grc' dir='ltr'><strong>Δ</strong></span> <span class='ocrx_word' id='word_1_359' title='bbox 2048 459 2137 514; x_wconf 81' lang='grc' dir='ltr'><strong>Ἐν</strong></span> <span class='ocrx_word' id='word_1_360' title='bbox 2172 462 2365 529; x_wconf 86' lang='grc' dir='ltr'>οίκοις,</span> <span class='ocrx_word' id='word_1_361' title='bbox 2388 464 2446 516; x_wconf 72' lang='grc' dir='ltr'>ὲν</span> <span class='ocrx_word' id='word_1_362' title='bbox 2476 462 2839 534; x_wconf 74' lang='grc' dir='ltr'>βοσκήμασιν,</span> <span class='ocrx_word' id='word_1_363' title='bbox 2869 463 2929 518; x_wconf 68' lang='grc' dir='ltr'>ὲν</span> <span class='ocrx_word' id='word_1_364' title='bbox 2962 464 3237 536; x_wconf 79' lang='grc' dir='ltr'>σκεύεσιν,</span> <span class='ocrx_word' id='word_1_365' title='bbox 3265 468 3327 522; x_wconf 70' lang='grc' dir='ltr'>ιν</span> <span class='ocrx_word' id='word_1_366' title='bbox 3346 469 3556 538; x_wconf 81' lang='grc' dir='ltr'>δούλοις</span> 
     </span>
    </p>
   </div>
   <div class='ocr_carea' id='block_1_58' title="bbox 2041 550 3613 636">
    <p class='ocr_par' dir='ltr' id='par_1_58' title="bbox 2041 550 3613 636">
     <span class='ocr_line' id='line_1_58' title="bbox 2041 550 3613 636; baseline 0.008 -28"><span class='ocrx_word' id='word_1_367' title='bbox 2041 550 2171 624; x_wconf 77' lang='grc' dir='ltr'><strong>(Ἶιν</strong></span> <span class='ocrx_word' id='word_1_368' title='bbox 2202 555 2313 627; x_wconf 88' lang='grc' dir='ltr'><strong>γάρ</strong></span> <span class='ocrx_word' id='word_1_369' title='bbox 2349 573 2431 609; x_wconf 83' lang='grc' dir='ltr'><strong>τοι</strong></span> <span class='ocrx_word' id='word_1_370' title='bbox 2483 556 2924 627; x_wconf 85' lang='grc' dir='ltr'>μεγαλόπλουτος</span> <span class='ocrx_word' id='word_1_371' title='bbox 2970 560 3066 612; x_wconf 75' lang='grc' dir='ltr'>καὶ</span> <span class='ocrx_word' id='word_1_372' title='bbox 3102 559 3211 614; x_wconf 86' lang='grc' dir='ltr'><strong>τῶν</strong></span> <span class='ocrx_word' id='word_1_373' title='bbox 3260 561 3613 636; x_wconf 79' lang='grc' dir='ltr'>βαθυκτημό-</span> 
     </span>
    </p>
   </div>
   <div class='ocr_carea' id='block_1_59' title="bbox 3295 657 3539 708">
    <p class='ocr_par' dir='ltr' id='par_1_59' title="bbox 3295 657 3539 708">
     <span class='ocr_line' id='line_1_59' title="bbox 3295 657 3539 708; baseline -0.012 -19"><span class='ocrx_word' id='word_1_374' title='bbox 3295 671 3401 708; x_wconf 63' lang='grc' dir='ltr'><strong>νίυν</strong></span> <span class='ocrx_word' id='word_1_375' title='bbox 3430 657 3502 708; x_wconf 62' lang='grc' dir='ltr'><strong>υ)</strong></span> <span class='ocrx_word' id='word_1_376' title='bbox 3522 668 3539 686; x_wconf 78' lang='grc' dir='ltr'><strong>ο</strong></span> 
     </span>
    </p>
   </div>
   <div class='ocr_carea' id='block_1_60' title="bbox 2036 652 3502 822">
    <p class='ocr_par' dir='ltr' id='par_1_60' title="bbox 2036 652 3502 822">
     <span class='ocr_line' id='line_1_60' title="bbox 3430 657 3476 689; baseline 0 0"><span class='ocrx_word' id='word_1_377' title='bbox 3430 657 3476 689; x_wconf 68' lang='lat' dir='ltr'><strong>I7</strong></span> 
     </span>
     <span class='ocr_line' id='line_1_61' title="bbox 2036 652 3502 822; baseline 0.024 -32"><span class='ocrx_word' id='word_1_378' title='bbox 2036 739 2113 809; x_wconf 80' lang='grc' dir='ltr'><strong>Τῇ</strong></span> <span class='ocrx_word' id='word_1_379' title='bbox 2148 738 2378 810; x_wconf 74' lang='grc' dir='ltr'>θυγατρὶ</span> <span class='ocrx_word' id='word_1_380' title='bbox 2394 739 2438 793; x_wconf 76' lang='grc' dir='ltr'>δ’</span> <span class='ocrx_word' id='word_1_381' title='bbox 2461 740 2738 803; x_wconf 75' lang='grc' dir='ltr'>ἐκέλευσε,</span> <span class='ocrx_word' id='word_1_382' title='bbox 2771 741 2864 796; x_wconf 76' lang='grc' dir='ltr'>καὶ</span> <span class='ocrx_word' id='word_1_383' title='bbox 2893 741 3066 797; x_wconf 83' lang='grc' dir='ltr'>ταῦτα</span> <span class='ocrx_word' id='word_1_384' title='bbox 3092 743 3141 776; x_wconf 76' lang='grc'><strong>⁸⁸</strong></span> <span class='ocrx_word' id='word_1_385' title='bbox 3164 652 3502 822; x_wconf 47' lang='grc' dir='ltr'><strong>φιλὲυνίεῖἔνῖἳν)</strong></span> 
     </span>
    </p>
   </div>
   <div class='ocr_carea' id='block_1_61' title="bbox 2034 828 3471 906">
    <p class='ocr_par' dir='ltr' id='par_1_61' title="bbox 2034 828 3471 906">
     <span class='ocr_line' id='line_1_62' title="bbox 2034 828 3471 906; baseline 0.007 -26"><span class='ocrx_word' id='word_1_386' title='bbox 2034 828 2244 892; x_wconf 57' lang='lat' dir='ltr'><strong>Moveo;</strong></span> <span class='ocrx_word' id='word_1_387' title='bbox 2267 830 2555 899; x_wconf 82' lang='grc' dir='ltr'>χρυσίνους</span> <span class='ocrx_word' id='word_1_388' title='bbox 2583 831 2777 884; x_wconf 78' lang='grc' dir='ltr'>ἑκατὸν</span> <span class='ocrx_word' id='word_1_389' title='bbox 2809 832 3221 903; x_wconf 69' lang='grc' dir='ltr'>παρασχεθῑμιαι</span> <span class='ocrx_word' id='word_1_390' title='bbox 3244 835 3471 906; x_wconf 87' lang='grc' dir='ltr'>κλῆρον,</span> 
     </span>
    </p>
   </div>
   <div class='ocr_carea' id='block_1_62' title="bbox 2033 921 3564 999">
    <p class='ocr_par' dir='ltr' id='par_1_62' title="bbox 2033 921 3564 999">
     <span class='ocr_line' id='line_1_63' title="bbox 2033 921 3564 999; baseline 0.006 -24"><span class='ocrx_word' id='word_1_391' title='bbox 2033 921 2143 988; x_wconf 80' lang='grc' dir='ltr'><strong>Τὴν</strong></span> <span class='ocrx_word' id='word_1_392' title='bbox 2176 923 2346 992; x_wconf 79' lang='grc' dir='ltr'>τύχην</span> <span class='ocrx_word' id='word_1_393' title='bbox 2367 922 2465 993; x_wconf 80' lang='grc' dir='ltr'>τὴν</span> <span class='ocrx_word' id='word_1_394' title='bbox 2504 921 2885 994; x_wconf 82' lang='grc' dir='ltr'>περίλαμπρον</span> <span class='ocrx_word' id='word_1_395' title='bbox 2905 923 3099 994; x_wconf 79' lang='grc' dir='ltr'>ἀρκεῖν</span> <span class='ocrx_word' id='word_1_396' title='bbox 3138 926 3322 999; x_wconf 78' lang='grc' dir='ltr'>ἐκείνῃ</span> <span class='ocrx_word' id='word_1_397' title='bbox 3359 929 3564 998; x_wconf 82' lang='grc' dir='ltr'>φήσας,</span> 
     </span>
    </p>
   </div>
   <div class='ocr_carea' id='block_1_63' title="bbox 2044 1013 3424 1085">
    <p class='ocr_par' dir='ltr' id='par_1_63' title="bbox 2044 1013 3424 1085">
     <span class='ocr_line' id='line_1_64' title="bbox 2044 1013 3424 1085; baseline 0.005 -20"><span class='ocrx_word' id='word_1_398' title='bbox 2044 1013 2102 1065; x_wconf 87' lang='grc' dir='ltr'><strong>’Δ</strong></span> <span class='ocrx_word' id='word_1_399' title='bbox 2116 1014 2289 1081; x_wconf 84' lang='grc' dir='ltr'>πάσης</span> <span class='ocrx_word' id='word_1_400' title='bbox 2324 1014 2742 1084; x_wconf 72' lang='grc' dir='ltr'>ὑπερφέρουσαν</span> <span class='ocrx_word' id='word_1_401' title='bbox 2766 1014 3004 1082; x_wconf 88' lang='grc' dir='ltr'>γυναίων</span> <span class='ocrx_word' id='word_1_402' title='bbox 3031 1016 3077 1048; x_wconf 81' lang='grc'><strong>³⁸</strong></span> <span class='ocrx_word' id='word_1_403' title='bbox 3099 1015 3424 1085; x_wconf 86' lang='grc' dir='ltr'>εὐποτμίας.</span> 
     </span>
    </p>
   </div>
   <div class='ocr_carea' id='block_1_64' title="bbox 2042 1101 3392 1173">
    <p class='ocr_par' dir='ltr' id='par_1_64' title="bbox 2042 1101 3392 1173">
     <span class='ocr_line' id='line_1_65' title="bbox 2042 1101 3392 1173; baseline 0.001 -17"><span class='ocrx_word' id='word_1_404' title='bbox 2042 1102 2101 1156; x_wconf 87' lang='grc' dir='ltr'><strong>Ὀ</strong></span> <span class='ocrx_word' id='word_1_405' title='bbox 2135 1103 2234 1171; x_wconf 79' lang='grc' dir='ltr'>μὲν</span> <span class='ocrx_word' id='word_1_406' title='bbox 2263 1102 2433 1155; x_wconf 70' lang='grc' dir='ltr'>εἰπὼν</span> <span class='ocrx_word' id='word_1_407' title='bbox 2456 1101 2636 1167; x_wconf 77' lang='grc' dir='ltr'>ἐξέπιε</span> <span class='ocrx_word' id='word_1_408' title='bbox 2661 1102 2754 1155; x_wconf 79' lang='grc' dir='ltr'>τὸν</span> <span class='ocrx_word' id='word_1_409' title='bbox 2780 1101 2875 1155; x_wconf 82' lang='grc' dir='ltr'>τοῦ</span> <span class='ocrx_word' id='word_1_410' title='bbox 2908 1102 3138 1156; x_wconf 84' lang='grc' dir='ltr'>θανάτου</span> <span class='ocrx_word' id='word_1_411' title='bbox 3163 1102 3392 1173; x_wconf 80' lang='grc' dir='ltr'>σκύφον,</span> 
     </span>
    </p>
   </div>
   <div class='ocr_carea' id='block_1_65' title="bbox 2031 1192 3437 1268">
    <p class='ocr_par' dir='ltr' id='par_1_65' title="bbox 2031 1192 3437 1268">
     <span class='ocr_line' id='line_1_66' title="bbox 2031 1192 3437 1268; baseline 0.003 -20"><span class='ocrx_word' id='word_1_412' title='bbox 2031 1192 2173 1248; x_wconf 67' lang='grc' dir='ltr'>Οίιδὲ</span> <span class='ocrx_word' id='word_1_413' title='bbox 2206 1195 2304 1265; x_wconf 83' lang='grc' dir='ltr'>τῆς</span> <span class='ocrx_word' id='word_1_414' title='bbox 2335 1195 2506 1267; x_wconf 80' lang='grc' dir='ltr'>κόρης</span> <span class='ocrx_word' id='word_1_415' title='bbox 2531 1195 2749 1264; x_wconf 80' lang='grc' dir='ltr'>ἀδελφοὶ</span> <span class='ocrx_word' id='word_1_416' title='bbox 2778 1195 3144 1268; x_wconf 89' lang='grc' dir='ltr'>φαυλότροποι</span> <span class='ocrx_word' id='word_1_417' title='bbox 3176 1196 3437 1265; x_wconf 80' lang='grc' dir='ltr'>φανέντες</span> 
     </span>
    </p>
   </div>
   <div class='ocr_carea' id='block_1_66' title="bbox 2030 1285 3293 1357">
    <p class='ocr_par' dir='ltr' id='par_1_66' title="bbox 2030 1285 3293 1357">
     <span class='ocr_line' id='line_1_67' title="bbox 2030 1285 3293 1357; baseline 0.002 -18"><span class='ocrx_word' id='word_1_418' title='bbox 2030 1287 2219 1339; x_wconf 80' lang='grc' dir='ltr'>Πᾶσαν</span> <span class='ocrx_word' id='word_1_419' title='bbox 2240 1285 2660 1356; x_wconf 79' lang='grc' dir='ltr'>ἐσφετερίσαντο</span> <span class='ocrx_word' id='word_1_420' title='bbox 2685 1285 2785 1356; x_wconf 84' lang='grc' dir='ltr'>τὴν</span> <span class='ocrx_word' id='word_1_421' title='bbox 2813 1287 3085 1357; x_wconf 79' lang='grc' dir='ltr'>πατρικὴν</span> <span class='ocrx_word' id='word_1_422' title='bbox 3106 1286 3293 1342; x_wconf 82' lang='grc' dir='ltr'>οὐσίαν</span> 
     </span>
    </p>
   </div>
   <div class='ocr_carea' id='block_1_67' title="bbox 2029 1376 3344 1451">
    <p class='ocr_par' dir='ltr' id='par_1_67' title="bbox 2029 1376 3344 1451">
     <span class='ocr_line' id='line_1_68' title="bbox 2029 1376 3344 1451; baseline 0.002 -20"><span class='ocrx_word' id='word_1_423' title='bbox 2029 1377 2141 1431; x_wconf 78' lang='grc' dir='ltr'><strong>Καὶ</strong></span> <span class='ocrx_word' id='word_1_424' title='bbox 2164 1376 2446 1440; x_wconf 85' lang='grc' dir='ltr'>παντελῶς</span> <span class='ocrx_word' id='word_1_425' title='bbox 2468 1376 2681 1449; x_wconf 73' lang='grc' dir='ltr'>ἀπόκλη</span> <span class='ocrx_word' id='word_1_426' title='bbox 2693 1395 2782 1447; x_wconf 76' lang='grc' dir='ltr'><strong>ρον</strong></span> <span class='ocrx_word' id='word_1_427' title='bbox 2805 1377 2989 1432; x_wconf 77' lang='grc' dir='ltr'>ἔθεντο</span> <span class='ocrx_word' id='word_1_428' title='bbox 3017 1380 3118 1451; x_wconf 75' lang='grc' dir='ltr'>τὴν</span> <span class='ocrx_word' id='word_1_429' title='bbox 3139 1381 3344 1433; x_wconf 77' lang='grc' dir='ltr'>νεᾶνιν.</span> 
     </span>
    </p>
   </div>
   <div class='ocr_carea' id='block_1_68' title="bbox 2041 1468 3477 1543">
    <p class='ocr_par' dir='ltr' id='par_1_68' title="bbox 2041 1468 3477 1543">
     <span class='ocr_line' id='line_1_69' title="bbox 2041 1468 3477 1543; baseline 0.002 -22"><span class='ocrx_word' id='word_1_430' title='bbox 2041 1468 2154 1539; x_wconf 81' lang='grc' dir='ltr'><strong>Ἐφ’</strong></span> <span class='ocrx_word' id='word_1_431' title='bbox 2184 1468 2265 1532; x_wconf 79' lang='grc' dir='ltr'>οἷς</span> <span class='ocrx_word' id='word_1_432' title='bbox 2297 1469 2735 1541; x_wconf 84' lang='grc' dir='ltr'>ὑπερπαθήσασα</span> <span class='ocrx_word' id='word_1_433' title='bbox 2769 1471 2863 1523; x_wconf 76' lang='grc' dir='ltr'><strong>καὶ</strong></span> <span class='ocrx_word' id='word_1_434' title='bbox 2883 1472 2983 1541; x_wconf 81' lang='grc' dir='ltr'>τὴν</span> <span class='ocrx_word' id='word_1_435' title='bbox 3006 1471 3183 1543; x_wconf 81' lang='grc' dir='ltr'>ψυχὴν</span> <span class='ocrx_word' id='word_1_436' title='bbox 3206 1470 3477 1542; x_wconf 75' lang='grc' dir='ltr'>πληγεῖσα</span> 
     </span>
    </p>
   </div>
   <div class='ocr_carea' id='block_1_69' title="bbox 2027 1555 3351 1632">
    <p class='ocr_par' dir='ltr' id='par_1_69' title="bbox 2027 1555 3351 1632">
     <span class='ocr_line' id='line_1_70' title="bbox 2027 1555 3351 1632; baseline 0.002 -20"><span class='ocrx_word' id='word_1_437' title='bbox 2027 1561 2106 1629; x_wconf 81' lang='grc' dir='ltr'><strong>Τῇ</strong></span> <span class='ocrx_word' id='word_1_438' title='bbox 2134 1559 2487 1630; x_wconf 81' lang='grc' dir='ltr'>μητραδέλφῃ</span> <span class='ocrx_word' id='word_1_439' title='bbox 2519 1559 2799 1626; x_wconf 84' lang='grc' dir='ltr'>πρόσεισιν</span> <span class='ocrx_word' id='word_1_440' title='bbox 2835 1555 3092 1630; x_wconf 78' lang='grc' dir='ltr'>Ἀθηναῖς</span> <span class='ocrx_word' id='word_1_441' title='bbox 3118 1562 3151 1631; x_wconf 82' lang='grc' dir='ltr'><strong>ἡ</strong></span> <span class='ocrx_word' id='word_1_442' title='bbox 3187 1555 3351 1632; x_wconf 88' lang='grc' dir='ltr'>κόρη,</span> 
     </span>
    </p>
   </div>
   <div class='ocr_carea' id='block_1_70' title="bbox 2026 1651 3543 1724">
    <p class='ocr_par' dir='ltr' id='par_1_70' title="bbox 2026 1651 3543 1724">
     <span class='ocr_line' id='line_1_71' title="bbox 2026 1651 3543 1724; baseline 0.001 -20"><span class='ocrx_word' id='word_1_443' title='bbox 2026 1651 2315 1708; x_wconf 76' lang='grc' dir='ltr'>Κοινοῦται</span> <span class='ocrx_word' id='word_1_444' title='bbox 2344 1652 2411 1705; x_wconf 72' lang='grc' dir='ltr'><strong>τά</strong></span> <span class='ocrx_word' id='word_1_445' title='bbox 2435 1652 2556 1704; x_wconf 83' lang='grc' dir='ltr'>καθ’</span> <span class='ocrx_word' id='word_1_446' title='bbox 2590 1651 2815 1723; x_wconf 75' lang='grc' dir='ltr'>ἑαυτὴν,</span> <span class='ocrx_word' id='word_1_447' title='bbox 2840 1653 2941 1723; x_wconf 81' lang='grc' dir='ltr'>τὴν</span> <span class='ocrx_word' id='word_1_448' title='bbox 2969 1653 3257 1724; x_wconf 79' lang='grc' dir='ltr'>συμφοράν</span> <span class='ocrx_word' id='word_1_449' title='bbox 3289 1652 3543 1724; x_wconf 75' lang='grc' dir='ltr'>δακρύει,</span> 
     </span>
    </p>
   </div>
   <div class='ocr_carea' id='block_1_71' title="bbox 2027 1742 3481 1815">
    <p class='ocr_par' dir='ltr' id='par_1_71' title="bbox 2027 1742 3481 1815">
     <span class='ocr_line' id='line_1_72' title="bbox 2027 1742 3481 1815; baseline 0.001 -20"><span class='ocrx_word' id='word_1_450' title='bbox 2027 1742 2364 1814; x_wconf 81' lang='grc' dir='ltr'>Περιπαθέσι</span> <span class='ocrx_word' id='word_1_451' title='bbox 2399 1745 2728 1811; x_wconf 81' lang='grc' dir='ltr'>στεναγμοῖς</span> <span class='ocrx_word' id='word_1_452' title='bbox 2757 1743 3096 1815; x_wconf 76' lang='grc' dir='ltr'>ἐκτραγῳδεῖ</span> <span class='ocrx_word' id='word_1_453' title='bbox 3118 1743 3177 1796; x_wconf 81' lang='grc' dir='ltr'>τὸ</span> <span class='ocrx_word' id='word_1_454' title='bbox 3195 1742 3393 1807; x_wconf 80' lang='grc' dir='ltr'>πάθος.</span> <span class='ocrx_word' id='word_1_455' title='bbox 3475 1788 3481 1796; x_wconf 92' lang='grc'>.</span> 
     </span>
    </p>
   </div>
   <div class='ocr_carea' id='block_1_72' title="bbox 1955 1797 3406 1906">
    <p class='ocr_par' dir='ltr' id='par_1_72' title="bbox 1955 1797 3406 1906">
     <span class='ocr_line' id='line_1_73' title="bbox 1955 1797 3406 1906; baseline 0.001 -19"><span class='ocrx_word' id='word_1_456' title='bbox 1955 1797 1998 1852; x_wconf 72' lang='grc' dir='ltr'>Β</span> <span class='ocrx_word' id='word_1_457' title='bbox 2028 1797 2301 1904; x_wconf 66' lang='grc' dir='ltr'>Οἱκτείρει</span> <span class='ocrx_word' id='word_1_458' title='bbox 2334 1833 2394 1886; x_wconf 81' lang='grc' dir='ltr'>τὸ</span> <span class='ocrx_word' id='word_1_459' title='bbox 2418 1797 2675 1904; x_wconf 61' lang='grc' dir='ltr'>κοράσίον</span> <span class='ocrx_word' id='word_1_460' title='bbox 2700 1797 2993 1906; x_wconf 37' lang='grc' dir='ltr'>πενθόῦνιη</span> <span class='ocrx_word' id='word_1_461' title='bbox 3028 1797 3406 1906; x_wconf 75' lang='grc' dir='ltr'>μητραδέλφη,</span> 
     </span>
    </p>
   </div>
   <div class='ocr_carea' id='block_1_73' title="bbox 2036 1924 3602 1995">
    <p class='ocr_par' dir='ltr' id='par_1_73' title="bbox 2036 1924 3602 1995">
     <span class='ocr_line' id='line_1_74' title="bbox 2036 1924 3602 1995; baseline 0.001 -18"><span class='ocrx_word' id='word_1_462' title='bbox 2036 1924 2210 1993; x_wconf 81' lang='grc' dir='ltr'>’Υπὲρ</span> <span class='ocrx_word' id='word_1_463' title='bbox 2238 1924 2335 1990; x_wconf 83' lang='grc' dir='ltr'>τῆς</span> <span class='ocrx_word' id='word_1_464' title='bbox 2370 1925 2757 1993; x_wconf 83' lang='grc' dir='ltr'>ἀδελφόπαιδος</span> <span class='ocrx_word' id='word_1_465' title='bbox 2795 1926 3109 1995; x_wconf 80' lang='grc' dir='ltr'>πιμπρᾶται</span> <span class='ocrx_word' id='word_1_466' title='bbox 3149 1925 3194 1957; x_wconf 73' lang='grc' dir='ltr'><strong>³ο</strong></span> <span class='ocrx_word' id='word_1_467' title='bbox 3226 1924 3325 1995; x_wconf 74' lang='grc' dir='ltr'>τὴν</span> <span class='ocrx_word' id='word_1_468' title='bbox 3354 1924 3602 1993; x_wconf 84' lang='grc' dir='ltr'>καρδίαν,</span> 
     </span>
    </p>
   </div>
   <div class='ocr_carea' id='block_1_74' title="bbox 2024 2010 3512 2087">
    <p class='ocr_par' dir='ltr' id='par_1_74' title="bbox 2024 2010 3512 2087">
     <span class='ocr_line' id='line_1_75' title="bbox 2024 2010 3512 2087; baseline -0.003 -16"><span class='ocrx_word' id='word_1_469' title='bbox 2024 2016 2136 2071; x_wconf 78' lang='grc' dir='ltr'><strong>Καὶ</strong></span> <span class='ocrx_word' id='word_1_470' title='bbox 2172 2016 2268 2069; x_wconf 61' lang='grc' dir='ltr'><strong>σὺν</strong></span> <span class='ocrx_word' id='word_1_471' title='bbox 2298 2016 2433 2087; x_wconf 80' lang='grc' dir='ltr'>αὐτῇ</span> <span class='ocrx_word' id='word_1_472' title='bbox 2462 2014 2558 2069; x_wconf 65' lang='grc' dir='ltr'><strong>καλ⁸</strong></span> <span class='ocrx_word' id='word_1_473' title='bbox 2586 2016 2702 2086; x_wconf 85' lang='grc' dir='ltr'>μετ’</span> <span class='ocrx_word' id='word_1_474' title='bbox 2732 2015 2901 2084; x_wconf 70' lang='grc' dir='ltr'>αὐτῆς</span> <span class='ocrx_word' id='word_1_475' title='bbox 2928 2014 3003 2077; x_wconf 85' lang='grc' dir='ltr'><strong>ὡς</strong></span> <span class='ocrx_word' id='word_1_476' title='bbox 3028 2010 3175 2083; x_wconf 80' lang='grc' dir='ltr'>εἶχεν</span> <span class='ocrx_word' id='word_1_477' title='bbox 3203 2015 3512 2082; x_wconf 79' lang='grc' dir='ltr'>ἀφικνεῖται</span> 
     </span>
    </p>
   </div>
   <div class='ocr_carea' id='block_1_75' title="bbox 2025 2104 3597 2181">
    <p class='ocr_par' dir='ltr' id='par_1_75' title="bbox 2025 2104 3597 2181">
     <span class='ocr_line' id='line_1_76' title="bbox 2025 2104 3597 2181; baseline -0.003 -19"><span class='ocrx_word' id='word_1_478' title='bbox 2025 2110 2168 2179; x_wconf 71' lang='grc' dir='ltr'>Πρὸς</span> <span class='ocrx_word' id='word_1_479' title='bbox 2197 2108 2352 2161; x_wconf 86' lang='grc' dir='ltr'>πόλιν</span> <span class='ocrx_word' id='word_1_480' title='bbox 2380 2110 2480 2179; x_wconf 85' lang='grc' dir='ltr'>τὴν</span> <span class='ocrx_word' id='word_1_481' title='bbox 2513 2107 2877 2181; x_wconf 86' lang='grc' dir='ltr'>πρωτόπολιν,</span> <span class='ocrx_word' id='word_1_482' title='bbox 2918 2106 3054 2177; x_wconf 83' lang='grc' dir='ltr'>πρὸς</span> <span class='ocrx_word' id='word_1_483' title='bbox 3095 2108 3137 2138; x_wconf 78' lang='grc'>⁸⁸</span> <span class='ocrx_word' id='word_1_484' title='bbox 3172 2106 3329 2158; x_wconf 74' lang='grc' dir='ltr'>πόλιν</span> <span class='ocrx_word' id='word_1_485' title='bbox 3364 2105 3463 2176; x_wconf 78' lang='grc' dir='ltr'>τὴν</span> <span class='ocrx_word' id='word_1_486' title='bbox 3500 2104 3597 2158; x_wconf 79' lang='grc' dir='ltr'>τοῦ</span> 
     </span>
    </p>
   </div>
   <div class='ocr_carea' id='block_1_76' title="bbox 3243 2194 3523 2268">
    <p class='ocr_par' dir='ltr' id='par_1_76' title="bbox 3243 2194 3523 2268">
     <span class='ocr_line' id='line_1_77' title="bbox 3243 2194 3523 2268; baseline 0 -20"><span class='ocrx_word' id='word_1_487' title='bbox 3243 2194 3523 2268; x_wconf 83' lang='grc' dir='ltr'>[κράτους.</span> 
     </span>
    </p>
   </div>
   <div class='ocr_carea' id='block_1_77' title="bbox 2022 2286 3312 2361">
    <p class='ocr_par' dir='ltr' id='par_1_77' title="bbox 2022 2286 3312 2361">
     <span class='ocr_line' id='line_1_78' title="bbox 2022 2286 3312 2361; baseline -0.002 -19"><span class='ocrx_word' id='word_1_488' title='bbox 2022 2286 2101 2357; x_wconf 81' lang='grc' dir='ltr'><strong>Τῇ</strong></span> <span class='ocrx_word' id='word_1_489' title='bbox 2134 2287 2439 2359; x_wconf 78' lang='grc' dir='ltr'>Πουλχερίᾳ</span> <span class='ocrx_word' id='word_1_490' title='bbox 2460 2288 2710 2359; x_wconf 82' lang='grc' dir='ltr'>πρόσεισι</span> <span class='ocrx_word' id='word_1_491' title='bbox 2744 2291 2808 2361; x_wconf 78' lang='grc' dir='ltr'>τῇ</span> <span class='ocrx_word' id='word_1_492' title='bbox 2834 2287 3312 2360; x_wconf 79' lang='grc' dir='ltr'>χαριτοκοσμήτῳ,</span> 
     </span>
    </p>
   </div>
   <div class='ocr_carea' id='block_1_78' title="bbox 2034 2379 3210 2452">
    <p class='ocr_par' dir='ltr' id='par_1_78' title="bbox 2034 2379 3210 2452">
     <span class='ocr_line' id='line_1_79' title="bbox 2034 2379 3210 2452; baseline 0 -20"><span class='ocrx_word' id='word_1_493' title='bbox 2034 2380 2387 2450; x_wconf 87' lang='grc' dir='ltr'>Ἐπικουρίαν</span> <span class='ocrx_word' id='word_1_494' title='bbox 2418 2379 2641 2446; x_wconf 75' lang='grc' dir='ltr'>ἐξαιτεῖ,</span> <span class='ocrx_word' id='word_1_495' title='bbox 2671 2380 2843 2434; x_wconf 84' lang='grc' dir='ltr'>δεῖται</span> <span class='ocrx_word' id='word_1_496' title='bbox 2872 2380 3210 2452; x_wconf 79' lang='grc' dir='ltr'>βοηθηθῆναι</span> 
     </span>
    </p>
   </div>
   <div class='ocr_carea' id='block_1_79' title="bbox 2023 2468 3485 2539">
    <p class='ocr_par' dir='ltr' id='par_1_79' title="bbox 2023 2468 3485 2539">
     <span class='ocr_line' id='line_1_80' title="bbox 2023 2468 3485 2539; baseline 0.002 -19"><span class='ocrx_word' id='word_1_497' title='bbox 2023 2469 2133 2537; x_wconf 84' lang='grc' dir='ltr'><strong>Τὴν</strong></span> <span class='ocrx_word' id='word_1_498' title='bbox 2162 2469 2333 2538; x_wconf 89' lang='grc' dir='ltr'>κόρην</span> <span class='ocrx_word' id='word_1_499' title='bbox 2362 2470 2464 2536; x_wconf 83' lang='grc' dir='ltr'><strong>τὴν</strong></span> <span class='ocrx_word' id='word_1_500' title='bbox 2482 2469 2592 2522; x_wconf 84' lang='grc' dir='ltr'><strong>τῶν</strong></span> <span class='ocrx_word' id='word_1_501' title='bbox 2622 2469 2827 2539; x_wconf 80' lang='grc' dir='ltr'>ἑαυτῆς</span> <span class='ocrx_word' id='word_1_502' title='bbox 2852 2469 3052 2532; x_wconf 80' lang='grc' dir='ltr'>ἀδίκως</span> <span class='ocrx_word' id='word_1_503' title='bbox 3088 2468 3485 2539; x_wconf 83' lang='grc' dir='ltr'>στερουμένην.</span> 
     </span>
    </p>
   </div>
   <div class='ocr_carea' id='block_1_80' title="bbox 2021 2559 3324 2630">
    <p class='ocr_par' dir='ltr' id='par_1_80' title="bbox 2021 2559 3324 2630">
     <span class='ocr_line' id='line_1_81' title="bbox 2021 2559 3324 2630; baseline -0.001 -17"><span class='ocrx_word' id='word_1_504' title='bbox 2021 2560 2304 2630; x_wconf 79' lang='grc' dir='ltr'>Θαυμάζει</span> <span class='ocrx_word' id='word_1_505' title='bbox 2327 2563 2426 2630; x_wconf 84' lang='grc' dir='ltr'>τῆς</span> <span class='ocrx_word' id='word_1_506' title='bbox 2453 2560 2690 2624; x_wconf 83' lang='grc' dir='ltr'>νεάνιδος</span> <span class='ocrx_word' id='word_1_507' title='bbox 2719 2561 2752 2629; x_wconf 86' lang='grc' dir='ltr'><strong>ή</strong></span> <span class='ocrx_word' id='word_1_508' title='bbox 2787 2559 2998 2629; x_wconf 80' lang='grc' dir='ltr'>βασιλὶς</span> <span class='ocrx_word' id='word_1_509' title='bbox 3024 2559 3086 2612; x_wconf 81' lang='grc' dir='ltr'>τὸ</span> <span class='ocrx_word' id='word_1_510' title='bbox 3107 2559 3324 2623; x_wconf 89' lang='grc' dir='ltr'>κάλλος,</span> 
     </span>
    </p>
   </div>
   <div class='ocr_carea' id='block_1_81' title="bbox 2035 2649 3591 2723">
    <p class='ocr_par' dir='ltr' id='par_1_81' title="bbox 2035 2649 3591 2723">
     <span class='ocr_line' id='line_1_82' title="bbox 2035 2649 3591 2723; baseline -0.001 -18"><span class='ocrx_word' id='word_1_511' title='bbox 2035 2652 2426 2723; x_wconf 80' lang='grc' dir='ltr'>Ἐκπλήττεται</span> <span class='ocrx_word' id='word_1_512' title='bbox 2454 2652 2553 2715; x_wconf 79' lang='grc' dir='ltr'><strong>τὰς</strong></span> <span class='ocrx_word' id='word_1_513' title='bbox 2580 2654 2880 2721; x_wconf 83' lang='grc' dir='ltr'>φεραυγεῖς</span> <span class='ocrx_word' id='word_1_514' title='bbox 2904 2651 3132 2722; x_wconf 82' lang='grc' dir='ltr'>χάριτας</span> <span class='ocrx_word' id='word_1_515' title='bbox 3156 2651 3252 2704; x_wconf 79' lang='grc' dir='ltr'><strong>τοῦ</strong></span> <span class='ocrx_word' id='word_1_516' title='bbox 3274 2649 3591 2722; x_wconf 81' lang='grc' dir='ltr'>προσώπου,</span> 
     </span>
    </p>
   </div>
   <div class='ocr_carea' id='block_1_82' title="bbox 2020 2743 3377 2817">
    <p class='ocr_par' dir='ltr' id='par_1_82' title="bbox 2020 2743 3377 2817">
     <span class='ocr_line' id='line_1_83' title="bbox 2020 2743 3377 2817; baseline 0.001 -20"><span class='ocrx_word' id='word_1_517' title='bbox 2020 2744 2300 2815; x_wconf 77' lang='grc' dir='ltr'>Θαυμάςει</span> <span class='ocrx_word' id='word_1_518' title='bbox 2332 2747 2431 2817; x_wconf 82' lang='grc' dir='ltr'>τὴν</span> <span class='ocrx_word' id='word_1_519' title='bbox 2470 2746 2757 2800; x_wconf 83' lang='grc' dir='ltr'>εὐσύνετον</span> <span class='ocrx_word' id='word_1_520' title='bbox 2784 2743 3377 2816; x_wconf 87' lang='grc' dir='ltr'>μεγαλογνωμοσύνην.</span> 
     </span>
    </p>
   </div>
   <div class='ocr_carea' id='block_1_83' title="bbox 2021 2834 3487 2908">
    <p class='ocr_par' dir='ltr' id='par_1_83' title="bbox 2021 2834 3487 2908">
     <span class='ocr_line' id='line_1_84' title="bbox 2021 2834 3487 2908; baseline -0.001 -19"><span class='ocrx_word' id='word_1_521' title='bbox 2021 2836 2355 2892; x_wconf 86' lang='grc' dir='ltr'>Πυνθάνεται</span> <span class='ocrx_word' id='word_1_522' title='bbox 2380 2838 2428 2889; x_wconf 87' lang='grc' dir='ltr'><strong>εί</strong></span> <span class='ocrx_word' id='word_1_523' title='bbox 2459 2838 2504 2869; x_wconf 82' lang='grc'><strong>³⁸</strong></span> <span class='ocrx_word' id='word_1_524' title='bbox 2533 2835 2632 2908; x_wconf 74' lang='grc' dir='ltr'>τὴν</span> <span class='ocrx_word' id='word_1_525' title='bbox 2656 2836 2830 2906; x_wconf 80' lang='grc' dir='ltr'>αὐτῆς</span> <span class='ocrx_word' id='word_1_526' title='bbox 2864 2835 3131 2907; x_wconf 78' lang='grc' dir='ltr'>ιφθαρται</span> <span class='ocrx_word' id='word_1_527' title='bbox 3161 2834 3487 2906; x_wconf 86' lang='grc' dir='ltr'>παρθενίαν,</span> 
     </span>
    </p>
   </div>
   <div class='ocr_carea' id='block_1_84' title="bbox 2022 2926 3592 3000">
    <p class='ocr_par' dir='ltr' id='par_1_84' title="bbox 2022 2926 3592 3000">
     <span class='ocr_line' id='line_1_85' title="bbox 2022 2926 3592 3000; baseline 0 -19"><span class='ocrx_word' id='word_1_528' title='bbox 2022 2929 2131 2981; x_wconf 82' lang='grc' dir='ltr'><strong>Καὶ</strong></span> <span class='ocrx_word' id='word_1_529' title='bbox 2156 2929 2361 2997; x_wconf 82' lang='grc' dir='ltr'>γνοῦσα</span> <span class='ocrx_word' id='word_1_530' title='bbox 2393 2928 2581 3000; x_wconf 89' lang='grc' dir='ltr'>κοίτης</span> <span class='ocrx_word' id='word_1_531' title='bbox 2626 2930 2855 2999; x_wconf 82' lang='grc' dir='ltr'>ἄπειρον</span> <span class='ocrx_word' id='word_1_532' title='bbox 2892 2928 2992 3000; x_wconf 85' lang='grc' dir='ltr'>τὴν</span> <span class='ocrx_word' id='word_1_533' title='bbox 3019 2928 3189 2999; x_wconf 88' lang='grc' dir='ltr'>κόρην</span> <span class='ocrx_word' id='word_1_534' title='bbox 3227 2926 3592 2999; x_wconf 78' lang='grc' dir='ltr'>χρηματίζειν</span> 
     </span>
    </p>
   </div>
   <div class='ocr_carea' id='block_1_85' title="bbox 2023 3018 3427 3092">
    <p class='ocr_par' dir='ltr' id='par_1_85' title="bbox 2023 3018 3427 3092">
     <span class='ocr_line' id='line_1_86' title="bbox 2023 3018 3427 3092; baseline -0.001 -20"><span class='ocrx_word' id='word_1_535' title='bbox 2023 3021 2130 3073; x_wconf 75' lang='grc' dir='ltr'><strong>Καὶ</strong></span> <span class='ocrx_word' id='word_1_536' title='bbox 2162 3021 2223 3074; x_wconf 79' lang='grc' dir='ltr'><strong>τὸ</strong></span> <span class='ocrx_word' id='word_1_537' title='bbox 2250 3021 2413 3075; x_wconf 77' lang='grc' dir='ltr'>καλὸν</span> <span class='ocrx_word' id='word_1_538' title='bbox 2441 3020 2732 3092; x_wconf 79' lang='grc' dir='ltr'>ἀκίϐδηλον</span> <span class='ocrx_word' id='word_1_539' title='bbox 2756 3020 3046 3090; x_wconf 79' lang='grc' dir='ltr'>φυλάττειν</span> <span class='ocrx_word' id='word_1_540' title='bbox 3070 3020 3170 3091; x_wconf 81' lang='grc' dir='ltr'>τῆς</span> <span class='ocrx_word' id='word_1_541' title='bbox 3204 3018 3427 3088; x_wconf 77' lang='grc' dir='ltr'>ἁγνείας</span> 
     </span>
    </p>
   </div>
   <div class='ocr_carea' id='block_1_86' title="bbox 3280 3108 3583 3166">
    <p class='ocr_par' dir='ltr' id='par_1_86' title="bbox 3280 3108 3583 3166">
     <span class='ocr_line' id='line_1_87' title="bbox 3280 3108 3583 3166; baseline -0.013 0"><span class='ocrx_word' id='word_1_542' title='bbox 3280 3109 3434 3166; x_wconf 82' lang='lat' dir='ltr'><strong>Vcrs.</strong></span> <span class='ocrx_word' id='word_1_543' title='bbox 3451 3108 3583 3164; x_wconf 72' lang='lat'><strong>2651</strong></span> 
     </span>
    </p>
   </div>
   <div class='ocr_carea' id='block_1_87' title="bbox 2024 3265 3590 3337">
    <p class='ocr_par' dir='ltr' id='par_1_87' title="bbox 2024 3265 3590 3337">
     <span class='ocr_line' id='line_1_88' title="bbox 2024 3265 3590 3337; baseline -0.003 -13"><span class='ocrx_word' id='word_1_544' title='bbox 2024 3270 2092 3324; x_wconf 93' lang='lat' dir='ltr'><strong>dc</strong></span> <span class='ocrx_word' id='word_1_545' title='bbox 2118 3270 2393 3323; x_wconf 84' lang='lat' dir='ltr'><strong>voluntate</strong></span> <span class='ocrx_word' id='word_1_546' title='bbox 2416 3285 2514 3322; x_wconf 86' lang='lat' dir='ltr'><strong>sua</strong></span> <span class='ocrx_word' id='word_1_547' title='bbox 2541 3276 2814 3337; x_wconf 85' lang='lat' dir='ltr'><strong>postrema</strong></span> <span class='ocrx_word' id='word_1_548' title='bbox 2842 3268 3066 3321; x_wconf 87' lang='lat' dir='ltr'><strong>condito</strong></span> <span class='ocrx_word' id='word_1_549' title='bbox 3093 3266 3217 3320; x_wconf 80' lang='lat' dir='ltr'><strong>filiis</strong></span> <span class='ocrx_word' id='word_1_550' title='bbox 3237 3265 3459 3335; x_wconf 79' lang='lat' dir='ltr'><strong>quidem</strong></span> <span class='ocrx_word' id='word_1_551' title='bbox 3482 3281 3590 3320; x_wconf 83' lang='lat' dir='ltr'><strong>ma-</strong></span> 
     </span>
    </p>
   </div>
   <div class='ocr_carea' id='block_1_88' title="bbox 2026 3355 3586 3423">
    <p class='ocr_par' dir='ltr' id='par_1_88' title="bbox 2026 3355 3586 3423">
     <span class='ocr_line' id='line_1_89' title="bbox 2026 3355 3586 3423; baseline -0.001 -11"><span class='ocrx_word' id='word_1_552' title='bbox 2026 3360 2177 3412; x_wconf 80' lang='lat' dir='ltr'><strong>ribus</strong></span> <span class='ocrx_word' id='word_1_553' title='bbox 2213 3359 2499 3412; x_wconf 88' lang='lat' dir='ltr'><strong>facultates</strong></span> <span class='ocrx_word' id='word_1_554' title='bbox 2533 3372 2726 3411; x_wconf 90' lang='lat' dir='ltr'><strong>omnes</strong></span> <span class='ocrx_word' id='word_1_555' title='bbox 2756 3356 2991 3423; x_wconf 79' lang='lat' dir='ltr'><strong>legavit,</strong></span> <span class='ocrx_word' id='word_1_556' title='bbox 3025 3355 3288 3421; x_wconf 79' lang='lat' dir='ltr'><strong>quidquid</strong></span> <span class='ocrx_word' id='word_1_557' title='bbox 3328 3355 3586 3410; x_wconf 87' lang='lat' dir='ltr'><strong>nimirum</strong></span> 
     </span>
    </p>
   </div>
   <div class='ocr_carea' id='block_1_89' title="bbox 2026 3442 3591 3512">
    <p class='ocr_par' dir='ltr' id='par_1_89' title="bbox 2026 3442 3591 3512">
     <span class='ocr_line' id='line_1_90' title="bbox 2026 3442 3591 3512; baseline -0.003 -13"><span class='ocrx_word' id='word_1_558' title='bbox 2026 3447 2531 3506; x_wconf 82' lang='lat' dir='ltr'><strong>habebat&#39;vestium,</strong></span> <span class='ocrx_word' id='word_1_559' title='bbox 2554 3444 2700 3505; x_wconf 87' lang='lat' dir='ltr'><strong>auri,</strong></span> <span class='ocrx_word' id='word_1_560' title='bbox 2731 3442 2952 3506; x_wconf 61' lang='lat' dir='ltr'><strong>aedium,</strong></span> <span class='ocrx_word' id='word_1_561' title='bbox 2974 3442 3207 3512; x_wconf 88' lang='lat' dir='ltr'><strong>pecoris.</strong></span> <span class='ocrx_word' id='word_1_562' title='bbox 3243 3443 3591 3496; x_wconf 79' lang='lat' dir='ltr'><strong>instrumenti</strong></span> 
     </span>
    </p>
   </div>
   <div class='ocr_carea' id='block_1_90' title="bbox 2027 3530 3593 3602">
    <p class='ocr_par' dir='ltr' id='par_1_90' title="bbox 2027 3530 3593 3602">
     <span class='ocr_line' id='line_1_91' title="bbox 2027 3530 3593 3602; baseline 0.001 -16"><span class='ocrx_word' id='word_1_563' title='bbox 2027 3549 2090 3588; x_wconf 90' lang='lat' dir='ltr'><strong>ac</strong></span> <span class='ocrx_word' id='word_1_564' title='bbox 2132 3533 2504 3602; x_wconf 87' lang='lat' dir='ltr'><strong>supellectilis,</strong></span> <span class='ocrx_word' id='word_1_565' title='bbox 2550 3531 2943 3600; x_wconf 83' lang='lat' dir='ltr'><strong>mancipiorum</strong></span> <span class='ocrx_word' id='word_1_566' title='bbox 2987 3530 3210 3601; x_wconf 87' lang='lat' dir='ltr'><strong>(quippe</strong></span> <span class='ocrx_word' id='word_1_567' title='bbox 3250 3530 3493 3598; x_wconf 87' lang='lat' dir='ltr'><strong>locuples</strong></span> <span class='ocrx_word' id='word_1_568' title='bbox 3534 3546 3593 3588; x_wconf 68' lang='lat' dir='ltr'><strong>et</strong></span> 
     </span>
    </p>
   </div>
   <div class='ocr_carea' id='block_1_91' title="bbox 2025 3622 3597 3695">
    <p class='ocr_par' dir='ltr' id='par_1_91' title="bbox 2025 3622 3597 3695">
     <span class='ocr_line' id='line_1_92' title="bbox 2025 3622 3597 3695; baseline -0.003 -15"><span class='ocrx_word' id='word_1_569' title='bbox 2025 3626 2317 3695; x_wconf 86' lang='lat' dir='ltr'><strong>cpnlentus</strong></span> <span class='ocrx_word' id='word_1_570' title='bbox 2345 3629 2481 3689; x_wconf 90' lang='lat' dir='ltr'><strong>erat)</strong></span> <span class='ocrx_word' id='word_1_571' title='bbox 2514 3643 2527 3678; x_wconf 93' lang='lat'><strong>:</strong></span> <span class='ocrx_word' id='word_1_572' title='bbox 2565 3624 2730 3679; x_wconf 83' lang='lat' dir='ltr'><strong>ﬁliam</strong></span> <span class='ocrx_word' id='word_1_573' title='bbox 2757 3639 2906 3689; x_wconf 82' lang='lat' dir='ltr'><strong>vero,</strong></span> <span class='ocrx_word' id='word_1_574' title='bbox 2931 3639 3094 3695; x_wconf 91' lang='lat' dir='ltr'><strong>quam</strong></span> <span class='ocrx_word' id='word_1_575' title='bbox 3121 3624 3285 3679; x_wconf 90' lang='lat' dir='ltr'><strong>etiam</strong></span> <span class='ocrx_word' id='word_1_576' title='bbox 3322 3623 3483 3680; x_wconf 92' lang='lat' dir='ltr'><strong>unice</strong></span> <span class='ocrx_word' id='word_1_577' title='bbox 3508 3622 3597 3677; x_wconf 61' lang='lat' dir='ltr'><strong>di~</strong></span> 
     </span>
    </p>
   </div>
   <div class='ocr_carea' id='block_1_92' title="bbox 2024 3717 3586 3788">
    <p class='ocr_par' dir='ltr' id='par_1_92' title="bbox 2024 3717 3586 3788">
     <span class='ocr_line' id='line_1_93' title="bbox 2024 3717 3586 3788; baseline 0.001 -17"><span class='ocrx_word' id='word_1_578' title='bbox 2024 3718 2244 3788; x_wconf 77' lang='lat' dir='ltr'><strong>ligcbat,</strong></span> <span class='ocrx_word' id='word_1_579' title='bbox 2301 3717 2414 3771; x_wconf 91' lang='lat' dir='ltr'><strong>sola</strong></span> <span class='ocrx_word' id='word_1_580' title='bbox 2464 3726 2683 3772; x_wconf 88' lang='lat' dir='ltr'><strong>centum</strong></span> <span class='ocrx_word' id='word_1_581' title='bbox 2732 3731 3023 3771; x_wconf 84' lang='lat' dir='ltr'><strong>aureorum</strong></span> <span class='ocrx_word' id='word_1_582' title='bbox 3074 3728 3221 3771; x_wconf 89' lang='lat' dir='ltr'><strong>sorte</strong></span> <span class='ocrx_word' id='word_1_583' title='bbox 3271 3723 3586 3773; x_wconf 84' lang='lat' dir='ltr'><strong>contentam</strong></span> 
     </span>
    </p>
   </div>
   <div class='ocr_carea' id='block_1_93' title="bbox 2024 3804 3588 3879">
    <p class='ocr_par' dir='ltr' id='par_1_93' title="bbox 2024 3804 3588 3879">
     <span class='ocr_line' id='line_1_94' title="bbox 2024 3804 3588 3879; baseline -0.001 -16"><span class='ocrx_word' id='word_1_584' title='bbox 2024 3825 2142 3863; x_wconf 89' lang='lat' dir='ltr'><strong>esse</strong></span> <span class='ocrx_word' id='word_1_585' title='bbox 2177 3809 2359 3879; x_wconf 83' lang='lat' dir='ltr'><strong>jussit,</strong></span> <span class='ocrx_word' id='word_1_586' title='bbox 2391 3809 2535 3877; x_wconf 88' lang='lat' dir='ltr'><strong>quod</strong></span> <span class='ocrx_word' id='word_1_587' title='bbox 2576 3808 2716 3862; x_wconf 89' lang='lat' dir='ltr'><strong>hanc</strong></span> <span class='ocrx_word' id='word_1_588' title='bbox 2756 3808 3028 3861; x_wconf 88' lang='lat' dir='ltr'><strong>fortunam</strong></span> <span class='ocrx_word' id='word_1_589' title='bbox 3076 3804 3323 3861; x_wconf 85' lang='lat' dir='ltr'><strong>sufficere</strong></span> <span class='ocrx_word' id='word_1_590' title='bbox 3361 3805 3588 3870; x_wconf 90' lang='lat' dir='ltr'><strong>diceret,</strong></span> 
     </span>
    </p>
   </div>
   <div class='ocr_carea' id='block_1_94' title="bbox 2022 3883 3591 3969">
    <p class='ocr_par' dir='ltr' id='par_1_94' title="bbox 2022 3883 3591 3969">
     <span class='ocr_line' id='line_1_95' title="bbox 2022 3883 3591 3969; baseline -0.003 -15"><span class='ocrx_word' id='word_1_591' title='bbox 2022 3915 2128 3969; x_wconf 90' lang='lat' dir='ltr'><strong>qua</strong></span> <span class='ocrx_word' id='word_1_592' title='bbox 2160 3909 2386 3953; x_wconf 89' lang='lat' dir='ltr'><strong>cunetas</strong></span> <span class='ocrx_word' id='word_1_593' title='bbox 2426 3899 2684 3953; x_wconf 86' lang='lat' dir='ltr'><strong>mulieres</strong></span> <span class='ocrx_word' id='word_1_594' title='bbox 2720 3898 2981 3952; x_wconf 89' lang='lat' dir='ltr'><strong>felicitate</strong></span> <span class='ocrx_word' id='word_1_595' title='bbox 3014 3905 3321 3965; x_wconf 87' lang='lat' dir='ltr'><strong>superaret.</strong></span> <span class='ocrx_word' id='word_1_596' title='bbox 3365 3894 3459 3950; x_wconf 89' lang='lat' dir='ltr'><strong>llis</strong></span> <span class='ocrx_word' id='word_1_597' title='bbox 3497 3883 3591 3950; x_wconf 77' lang='lat' dir='ltr'><strong>ille</strong></span> 
     </span>
    </p>
   </div>
   <div class='ocr_carea' id='block_1_95' title="bbox 2021 3986 3593 4060">
    <p class='ocr_par' dir='ltr' id='par_1_95' title="bbox 2021 3986 3593 4060">
     <span class='ocr_line' id='line_1_96' title="bbox 2021 3986 3593 4060; baseline -0.001 -18"><span class='ocrx_word' id='word_1_598' title='bbox 2021 3991 2203 4046; x_wconf 87' lang='lat' dir='ltr'><strong>verbis</strong></span> <span class='ocrx_word' id='word_1_599' title='bbox 2257 3990 2482 4060; x_wconf 87' lang='lat' dir='ltr'><strong>prolatis</strong></span> <span class='ocrx_word' id='word_1_600' title='bbox 2524 4000 2731 4044; x_wconf 82' lang='lat' dir='ltr'><strong>naturae</strong></span> <span class='ocrx_word' id='word_1_601' title='bbox 2768 3989 3015 4043; x_wconf 84' lang='lat' dir='ltr'><strong>debitum</strong></span> <span class='ocrx_word' id='word_1_602' title='bbox 3059 3987 3340 4057; x_wconf 87' lang='lat' dir='ltr'><strong>persolvit.</strong></span> <span class='ocrx_word' id='word_1_603' title='bbox 3390 3986 3593 4041; x_wconf 84' lang='lat' dir='ltr'><strong>Puellae</strong></span> 
     </span>
    </p>
   </div>
   <div class='ocr_carea' id='block_1_96' title="bbox 2024 4077 3595 4151">
    <p class='ocr_par' dir='ltr' id='par_1_96' title="bbox 2024 4077 3595 4151">
     <span class='ocr_line' id='line_1_97' title="bbox 2024 4077 3595 4151; baseline -0.004 -15"><span class='ocrx_word' id='word_1_604' title='bbox 2024 4082 2255 4146; x_wconf 83' lang='lat' dir='ltr'><strong>fratres,</strong></span> <span class='ocrx_word' id='word_1_605' title='bbox 2318 4082 2410 4151; x_wconf 87' lang='lat' dir='ltr'><strong>qui</strong></span> <span class='ocrx_word' id='word_1_606' title='bbox 2466 4082 2715 4135; x_wconf 82' lang='lat' dir='ltr'><strong>homines</strong></span> <span class='ocrx_word' id='word_1_607' title='bbox 2773 4087 2959 4134; x_wconf 84' lang='lat' dir='ltr'><strong>essent</strong></span> <span class='ocrx_word' id='word_1_608' title='bbox 3011 4077 3281 4148; x_wconf 87' lang='lat' dir='ltr'><strong>improbi,</strong></span> <span class='ocrx_word' id='word_1_609' title='bbox 3336 4082 3595 4142; x_wconf 85' lang='lat' dir='ltr'><strong>paternas</strong></span> 
     </span>
    </p>
   </div>
   <div class='ocr_carea' id='block_1_97' title="bbox 2016 4163 3593 4235">
    <p class='ocr_par' dir='ltr' id='par_1_97' title="bbox 2016 4163 3593 4235">
     <span class='ocr_line' id='line_1_98' title="bbox 2016 4163 3593 4235; baseline -0.007 -8"><span class='ocrx_word' id='word_1_610' title='bbox 2016 4174 2307 4227; x_wconf 87' lang='lat' dir='ltr'><strong>facultates</strong></span> <span class='ocrx_word' id='word_1_611' title='bbox 2345 4173 2629 4225; x_wconf 77' lang='lat' dir='ltr'><strong>universas</strong></span> <span class='ocrx_word' id='word_1_612' title='bbox 2668 4170 2773 4225; x_wconf 88' lang='lat' dir='ltr'><strong>sibi</strong></span> <span class='ocrx_word' id='word_1_613' title='bbox 2823 4167 3197 4227; x_wconf 86' lang='lat' dir='ltr'><strong>vindicabant,</strong></span> <span class='ocrx_word' id='word_1_614' title='bbox 3247 4163 3354 4235; x_wconf 62' lang='lat'><strong>54</strong></span> <span class='ocrx_word' id='word_1_615' title='bbox 3401 4179 3593 4218; x_wconf 86' lang='lat' dir='ltr'><strong>sorore</strong></span> 
     </span>
    </p>
   </div>
   <div class='ocr_carea' id='block_1_98' title="bbox 2018 4255 3588 4332">
    <p class='ocr_par' dir='ltr' id='par_1_98' title="bbox 2018 4255 3588 4332">
     <span class='ocr_line' id='line_1_99' title="bbox 2018 4255 3588 4332; baseline -0.003 -22"><span class='ocrx_word' id='word_1_616' title='bbox 2018 4277 2249 4332; x_wconf 80' lang='lat' dir='ltr'><strong>prorsus</strong></span> <span class='ocrx_word' id='word_1_617' title='bbox 2265 4262 2338 4314; x_wconf 87' lang='lat' dir='ltr'><strong>ab</strong></span> <span class='ocrx_word' id='word_1_618' title='bbox 2371 4260 2611 4314; x_wconf 88' lang='lat' dir='ltr'><strong>aditione</strong></span> <span class='ocrx_word' id='word_1_619' title='bbox 2644 4257 2981 4312; x_wconf 75' lang='lat' dir='ltr'><strong>hacreditatis</strong></span> <span class='ocrx_word' id='word_1_620' title='bbox 2996 4257 3237 4310; x_wconf 77' lang='lat' dir='ltr'><strong>exclusa.</strong></span> <span class='ocrx_word' id='word_1_621' title='bbox 3266 4255 3438 4321; x_wconf 80' lang='lat' dir='ltr'><strong>Quam</strong></span> <span class='ocrx_word' id='word_1_622' title='bbox 3472 4267 3588 4307; x_wconf 90' lang='lat' dir='ltr'><strong>rem</strong></span> 
     </span>
    </p>
   </div>
   <div class='ocr_carea' id='block_1_99' title="bbox 2019 4344 3593 4419">
    <p class='ocr_par' dir='ltr' id='par_1_99' title="bbox 2019 4344 3593 4419">
     <span class='ocr_line' id='line_1_100' title="bbox 2019 4344 3593 4419; baseline -0.006 -13"><span class='ocrx_word' id='word_1_623' title='bbox 2019 4352 2285 4406; x_wconf 82' lang='lat' dir='ltr'><strong>Athenais</strong></span> <span class='ocrx_word' id='word_1_624' title='bbox 2317 4350 2602 4419; x_wconf 60' lang='lat' dir='ltr'><strong>mgerrimo</strong></span> <span class='ocrx_word' id='word_1_625' title='bbox 2629 4349 2811 4401; x_wconf 89' lang='lat' dir='ltr'><strong>ferens</strong></span> <span class='ocrx_word' id='word_1_626' title='bbox 2838 4347 3022 4400; x_wconf 91' lang='lat' dir='ltr'><strong>animo</strong></span> <span class='ocrx_word' id='word_1_627' title='bbox 3052 4354 3399 4400; x_wconf 89' lang='lat' dir='ltr'><strong>materteram</strong></span> <span class='ocrx_word' id='word_1_628' title='bbox 3432 4344 3593 4406; x_wconf 84' lang='lat' dir='ltr'><strong>adit,</strong></span> 
     </span>
    </p>
   </div>
   <div class='ocr_carea' id='block_1_100' title="bbox 2019 4434 3593 4508">
    <p class='ocr_par' dir='ltr' id='par_1_100' title="bbox 2019 4434 3593 4508">
     <span class='ocr_line' id='line_1_101' title="bbox 2019 4434 3593 4508; baseline -0.005 -13"><span class='ocrx_word' id='word_1_629' title='bbox 2019 4457 2183 4496; x_wconf 77' lang='lat' dir='ltr'><strong>casus</strong></span> <span class='ocrx_word' id='word_1_630' title='bbox 2233 4440 2284 4495; x_wconf 86' lang='lat' dir='ltr'><strong>ei</strong></span> <span class='ocrx_word' id='word_1_631' title='bbox 2339 4454 2469 4494; x_wconf 89' lang='lat' dir='ltr'><strong>suos</strong></span> <span class='ocrx_word' id='word_1_632' title='bbox 2520 4438 2764 4508; x_wconf 82' lang='lat' dir='ltr'><strong>exponit,</strong></span> <span class='ocrx_word' id='word_1_633' title='bbox 2816 4436 3179 4491; x_wconf 83' lang='lat' dir='ltr'><strong>calamitatem</strong></span> <span class='ocrx_word' id='word_1_634' title='bbox 3236 4434 3485 4503; x_wconf 84' lang='lat' dir='ltr'><strong>deplorat</strong></span> <span class='ocrx_word' id='word_1_635' title='bbox 3537 4443 3593 4488; x_wconf 86' lang='lat' dir='ltr'><strong>et</strong></span> 
     </span>
    </p>
   </div>
   <div class='ocr_carea' id='block_1_101' title="bbox 2021 4524 3587 4601">
    <p class='ocr_par' dir='ltr' id='par_1_101' title="bbox 2021 4524 3587 4601">
     <span class='ocr_line' id='line_1_102' title="bbox 2021 4524 3587 4601; baseline -0.007 -13"><span class='ocrx_word' id='word_1_636' title='bbox 2021 4533 2212 4588; x_wconf 88' lang='lat' dir='ltr'><strong>nmltis</strong></span> <span class='ocrx_word' id='word_1_637' title='bbox 2264 4547 2388 4586; x_wconf 92' lang='lat' dir='ltr'><strong>cum</strong></span> <span class='ocrx_word' id='word_1_638' title='bbox 2448 4530 2743 4601; x_wconf 80' lang='lat' dir='ltr'><strong>gemitibus</strong></span> <span class='ocrx_word' id='word_1_639' title='bbox 2799 4528 3052 4582; x_wconf 89' lang='lat' dir='ltr'><strong>dolenter</strong></span> <span class='ocrx_word' id='word_1_640' title='bbox 3108 4525 3427 4594; x_wconf 79' lang='lat' dir='ltr'><strong>amplificat.</strong></span> <span class='ocrx_word' id='word_1_641' title='bbox 3489 4524 3587 4577; x_wconf 85' lang='lat' dir='ltr'><strong>Illa</strong></span> 
     </span>
    </p>
   </div>
   <div class='ocr_carea' id='block_1_102' title="bbox 2020 4612 3593 4695">
    <p class='ocr_par' dir='ltr' id='par_1_102' title="bbox 2020 4612 3593 4695">
     <span class='ocr_line' id='line_1_103' title="bbox 2020 4612 3593 4695; baseline -0.008 -18"><span class='ocrx_word' id='word_1_642' title='bbox 2020 4624 2219 4695; x_wconf 70' lang='lat' dir='ltr'><strong>puclla:</strong></span> <span class='ocrx_word' id='word_1_643' title='bbox 2276 4620 2752 4678; x_wconf 87' lang='lat' dir='ltr'><strong>commiseratione</strong></span> <span class='ocrx_word' id='word_1_644' title='bbox 2806 4618 2975 4688; x_wconf 82' lang='lat' dir='ltr'><strong>tangi,</strong></span> <span class='ocrx_word' id='word_1_645' title='bbox 3026 4631 3091 4671; x_wconf 89' lang='lat' dir='ltr'><strong>ac</strong></span> <span class='ocrx_word' id='word_1_646' title='bbox 3138 4615 3318 4683; x_wconf 89' lang='lat' dir='ltr'><strong>neptis</strong></span> <span class='ocrx_word' id='word_1_647' title='bbox 3369 4612 3593 4667; x_wconf 85' lang='lat' dir='ltr'><strong>nomine</strong></span> 
     </span>
    </p>
   </div>
   <div class='ocr_carea' id='block_1_103' title="bbox 2020 4702 3589 4781">
    <p class='ocr_par' dir='ltr' id='par_1_103' title="bbox 2020 4702 3589 4781">
     <span class='ocr_line' id='line_1_104' title="bbox 2020 4702 3589 4781; baseline -0.008 -13"><span class='ocrx_word' id='word_1_648' title='bbox 2020 4721 2296 4768; x_wconf 83' lang='lat' dir='ltr'><strong>commota</strong></span> <span class='ocrx_word' id='word_1_649' title='bbox 2320 4712 2514 4781; x_wconf 89' lang='lat' dir='ltr'><strong>Cpolin</strong></span> <span class='ocrx_word' id='word_1_650' title='bbox 2548 4726 2672 4764; x_wconf 89' lang='lat' dir='ltr'><strong>cum</strong></span> <span class='ocrx_word' id='word_1_651' title='bbox 2704 4725 2765 4764; x_wconf 89' lang='lat' dir='ltr'><strong>ea</strong></span> <span class='ocrx_word' id='word_1_652' title='bbox 2804 4706 3097 4778; x_wconf 80' lang='lat' dir='ltr'><strong>proficisci,</strong></span> <span class='ocrx_word' id='word_1_653' title='bbox 3137 4706 3329 4759; x_wconf 88' lang='lat' dir='ltr'><strong>urbem</strong></span> <span class='ocrx_word' id='word_1_654' title='bbox 3367 4702 3589 4756; x_wconf 84' lang='lat' dir='ltr'><strong>urbium.</strong></span> 
     </span>
    </p>
   </div>
   <div class='ocr_carea' id='block_1_104' title="bbox 2020 4788 3595 4874">
    <p class='ocr_par' dir='ltr' id='par_1_104' title="bbox 2020 4788 3595 4874">
     <span class='ocr_line' id='line_1_105' title="bbox 2020 4788 3595 4874; baseline -0.011 -16"><span class='ocrx_word' id='word_1_655' title='bbox 2020 4804 2329 4874; x_wconf 81' lang='lat' dir='ltr'><strong>principem</strong></span> <span class='ocrx_word' id='word_1_656' title='bbox 2359 4810 2413 4855; x_wconf 92' lang='lat' dir='ltr'><strong>et</strong></span> <span class='ocrx_word' id='word_1_657' title='bbox 2440 4800 2651 4869; x_wconf 90' lang='lat' dir='ltr'><strong>imperii</strong></span> <span class='ocrx_word' id='word_1_658' title='bbox 2678 4799 2882 4854; x_wconf 89' lang='lat' dir='ltr'><strong>sedem.</strong></span> <span class='ocrx_word' id='word_1_659' title='bbox 2915 4798 3056 4852; x_wconf 85' lang='lat' dir='ltr'><strong>llinc</strong></span> <span class='ocrx_word' id='word_1_660' title='bbox 3086 4792 3428 4851; x_wconf 85' lang='lat' dir='ltr'><strong>Pulcheriam</strong></span> <span class='ocrx_word' id='word_1_661' title='bbox 3454 4788 3595 4842; x_wconf 75' lang='lat' dir='ltr'><strong>mul-</strong></span> 
     </span>
    </p>
   </div>
   <div class='ocr_carea' id='block_1_105' title="bbox 2023 4882 3583 4957">
    <p class='ocr_par' dir='ltr' id='par_1_105' title="bbox 2023 4882 3583 4957">
     <span class='ocr_line' id='line_1_106' title="bbox 2023 4882 3583 4957; baseline -0.012 -5"><span class='ocrx_word' id='word_1_662' title='bbox 2023 4897 2092 4952; x_wconf 89' lang='lat' dir='ltr'><strong>tis</strong></span> <span class='ocrx_word' id='word_1_663' title='bbox 2124 4904 2375 4950; x_wconf 82' lang='lat' dir='ltr'><strong>ornatam</strong></span> <span class='ocrx_word' id='word_1_664' title='bbox 2404 4894 2628 4948; x_wconf 88' lang='lat' dir='ltr'><strong>dotibus</strong></span> <span class='ocrx_word' id='word_1_665' title='bbox 2659 4890 2956 4947; x_wconf 82' lang='lat' dir='ltr'><strong>convenire</strong></span> <span class='ocrx_word' id='word_1_666' title='bbox 2979 4931 2993 4953; x_wconf 89' lang='lat'><strong>,</strong></span> <span class='ocrx_word' id='word_1_667' title='bbox 3028 4902 3189 4957; x_wconf 85' lang='lat' dir='ltr'><strong>opem</strong></span> <span class='ocrx_word' id='word_1_668' title='bbox 3230 4895 3286 4940; x_wconf 89' lang='lat' dir='ltr'><strong>et</strong></span> <span class='ocrx_word' id='word_1_669' title='bbox 3320 4882 3583 4938; x_wconf 79' lang='lat' dir='ltr'><strong>auxilium</strong></span> 
     </span>
    </p>
   </div>
   <div class='ocr_carea' id='block_1_106' title="bbox 2021 4973 3593 5060">
    <p class='ocr_par' dir='ltr' id='par_1_106' title="bbox 2021 4973 3593 5060">
     <span class='ocr_line' id='line_1_107' title="bbox 2021 4973 3593 5060; baseline -0.011 -17"><span class='ocrx_word' id='word_1_670' title='bbox 2021 4990 2140 5060; x_wconf 85' lang='lat' dir='ltr'><strong>ejus</strong></span> <span class='ocrx_word' id='word_1_671' title='bbox 2170 4990 2491 5057; x_wconf 81' lang='lat' dir='ltr'><strong>implorare,</strong></span> <span class='ocrx_word' id='word_1_672' title='bbox 2532 4999 2724 5054; x_wconf 84' lang='lat' dir='ltr'><strong>rogare</strong></span> <span class='ocrx_word' id='word_1_673' title='bbox 2756 4983 2995 5050; x_wconf 87' lang='lat' dir='ltr'><strong>denique</strong></span> <span class='ocrx_word' id='word_1_674' title='bbox 3035 4978 3356 5034; x_wconf 85' lang='lat' dir='ltr'><strong>subveniret</strong></span> <span class='ocrx_word' id='word_1_675' title='bbox 3400 4973 3593 5043; x_wconf 76' lang='lat' dir='ltr'><strong>puellte</strong></span> 
     </span>
    </p>
   </div>
   <div class='ocr_carea' id='block_1_107' title="bbox 2022 5066 3590 5146">
    <p class='ocr_par' dir='ltr' id='par_1_107' title="bbox 2022 5066 3590 5146">
     <span class='ocr_line' id='line_1_108' title="bbox 2022 5066 3590 5146; baseline -0.011 -12"><span class='ocrx_word' id='word_1_676' title='bbox 2022 5080 2137 5134; x_wconf 90' lang='lat' dir='ltr'><strong>suis</strong></span> <span class='ocrx_word' id='word_1_677' title='bbox 2166 5078 2338 5132; x_wconf 85' lang='lat' dir='ltr'><strong>rebus</strong></span> <span class='ocrx_word' id='word_1_678' title='bbox 2370 5091 2465 5146; x_wconf 87' lang='lat' dir='ltr'><strong>per</strong></span> <span class='ocrx_word' id='word_1_679' title='bbox 2495 5076 2748 5144; x_wconf 73' lang='lat' dir='ltr'><strong>iniuriam</strong></span> <span class='ocrx_word' id='word_1_680' title='bbox 2779 5072 3042 5141; x_wconf 63' lang='lat' dir='ltr'><strong>spoliatas.</strong></span> <span class='ocrx_word' id='word_1_681' title='bbox 3076 5067 3364 5123; x_wconf 87' lang='lat' dir='ltr'><strong>Pulcheria</strong></span> <span class='ocrx_word' id='word_1_682' title='bbox 3392 5066 3590 5132; x_wconf 87' lang='lat' dir='ltr'><strong>juven-</strong></span> 
     </span>
    </p>
   </div>
   <div class='ocr_carea' id='block_1_108' title="bbox 2019 5154 3593 5228">
    <p class='ocr_par' dir='ltr' id='par_1_108' title="bbox 2019 5154 3593 5228">
     <span class='ocr_line' id='line_1_109' title="bbox 2019 5154 3593 5228; baseline -0.011 -3"><span class='ocrx_word' id='word_1_683' title='bbox 2019 5171 2155 5225; x_wconf 82' lang='lat' dir='ltr'><strong>culae</strong></span> <span class='ocrx_word' id='word_1_684' title='bbox 2201 5171 2432 5222; x_wconf 86' lang='lat' dir='ltr'><strong>formam</strong></span> <span class='ocrx_word' id='word_1_685' title='bbox 2474 5164 2756 5228; x_wconf 87' lang='lat' dir='ltr'><strong>admirari,</strong></span> <span class='ocrx_word' id='word_1_686' title='bbox 2793 5162 2858 5215; x_wconf 89' lang='lat' dir='ltr'><strong>ad</strong></span> <span class='ocrx_word' id='word_1_687' title='bbox 2898 5161 3174 5215; x_wconf 90' lang='lat' dir='ltr'><strong>radiantes</strong></span> <span class='ocrx_word' id='word_1_688' title='bbox 3212 5158 3395 5211; x_wconf 86' lang='lat' dir='ltr'><strong>vultus</strong></span> <span class='ocrx_word' id='word_1_689' title='bbox 3432 5154 3593 5209; x_wconf 86' lang='lat' dir='ltr'><strong>dotes</strong></span> 
     </span>
    </p>
   </div>
   <div class='ocr_carea' id='block_1_109' title="bbox 2020 5244 3591 5327">
    <p class='ocr_par' dir='ltr' id='par_1_109' title="bbox 2020 5244 3591 5327">
     <span class='ocr_line' id='line_1_110' title="bbox 2020 5244 3591 5327; baseline -0.012 -13"><span class='ocrx_word' id='word_1_690' title='bbox 2020 5258 2438 5327; x_wconf 65' lang='lat' dir='ltr'><strong>obstupescere,</strong></span> <span class='ocrx_word' id='word_1_691' title='bbox 2489 5250 2990 5323; x_wconf 81' lang='lat' dir='ltr'><strong>magnanimitatem</strong></span> <span class='ocrx_word' id='word_1_692' title='bbox 3035 5249 3196 5317; x_wconf 89' lang='lat' dir='ltr'><strong>plane</strong></span> <span class='ocrx_word' id='word_1_693' title='bbox 3241 5244 3591 5313; x_wconf 89' lang='lat' dir='ltr'><strong>conspicuam</strong></span> 
     </span>
    </p>
   </div>
   <div class='ocr_carea' id='block_1_110' title="bbox 2022 5332 3592 5420">
    <p class='ocr_par' dir='ltr' id='par_1_110' title="bbox 2022 5332 3592 5420">
     <span class='ocr_line' id='line_1_111' title="bbox 2022 5332 3592 5420; baseline -0.012 -16"><span class='ocrx_word' id='word_1_694' title='bbox 2022 5350 2249 5420; x_wconf 74' lang='lat' dir='ltr'><strong>plurimi</strong></span> <span class='ocrx_word' id='word_1_695' title='bbox 2315 5346 2540 5410; x_wconf 84' lang='lat' dir='ltr'><strong>facere;</strong></span> <span class='ocrx_word' id='word_1_696' title='bbox 2595 5342 2756 5398; x_wconf 90' lang='lat' dir='ltr'><strong>simul</strong></span> <span class='ocrx_word' id='word_1_697' title='bbox 2822 5341 3160 5409; x_wconf 82' lang='lat' dir='ltr'><strong>interrogare</strong></span> <span class='ocrx_word' id='word_1_698' title='bbox 3216 5349 3349 5390; x_wconf 90' lang='lat' dir='ltr'><strong>num</strong></span> <span class='ocrx_word' id='word_1_699' title='bbox 3402 5332 3592 5395; x_wconf 77' lang='lat' dir='ltr'><strong>florem</strong></span> 
     </span>
    </p>
   </div>
   <div class='ocr_carea' id='block_1_111' title="bbox 1668 5464 2232 5528">
    <p class='ocr_par' dir='ltr' id='par_1_111' title="bbox 1668 5464 2232 5528">
     <span class='ocr_line' id='line_1_112' title="bbox 1668 5464 2232 5528; baseline 0.004 -4"><span class='ocrx_word' id='word_1_700' title='bbox 1668 5466 1870 5528; x_wconf 59' lang='lat' dir='ltr'><strong>Varia;</strong></span> <span class='ocrx_word' id='word_1_701' title='bbox 1892 5464 2127 5527; x_wconf 88' lang='lat' dir='ltr'><strong>lection</strong></span> <span class='ocrx_word' id='word_1_702' title='bbox 2142 5482 2232 5526; x_wconf 89' lang='lat' dir='ltr'><strong>es.</strong></span> 
     </span>
    </p>
   </div>
   <div class='ocr_carea' id='block_1_112' title="bbox 417 5565 3591 5693">
    <p class='ocr_par' dir='ltr' id='par_1_112' title="bbox 417 5565 3591 5693">
     <span class='ocr_line' id='line_1_113' title="bbox 417 5565 3591 5693; baseline -0.001 -58"><span class='ocrx_word' id='word_1_703' title='bbox 417 5584 458 5615; x_wconf 78' lang='grc'>⁸⁸</span> <span class='ocrx_word' id='word_1_704' title='bbox 492 5588 601 5646; x_wconf 79' lang='grc' dir='ltr'>τοῖς</span> <span class='ocrx_word' id='word_1_705' title='bbox 624 5584 939 5653; x_wconf 82' lang='grc' dir='ltr'>προσώποις</span> <span class='ocrx_word' id='word_1_706' title='bbox 970 5586 1084 5642; x_wconf 81' lang='lat' dir='ltr'><strong>AR.</strong></span> <span class='ocrx_word' id='word_1_707' title='bbox 1160 5588 1206 5620; x_wconf 79' lang='grc'><strong>²¹</strong></span> <span class='ocrx_word' id='word_1_708' title='bbox 1232 5586 1607 5657; x_wconf 76' lang='grc' dir='ltr'>ἀφικνουμένη</span> <span class='ocrx_word' id='word_1_709' title='bbox 1634 5584 1749 5638; x_wconf 74' lang='lat' dir='ltr'><strong>AR.</strong></span> <span class='ocrx_word' id='word_1_710' title='bbox 1824 5585 1870 5616; x_wconf 75' lang='grc'><strong>’³</strong></span> <span class='ocrx_word' id='word_1_711' title='bbox 1895 5584 2078 5652; x_wconf 87' lang='grc' dir='ltr'>λόγοις</span> <span class='ocrx_word' id='word_1_712' title='bbox 2112 5582 2401 5647; x_wconf 79' lang='grc' dir='ltr'>συντόμοις</span> <span class='ocrx_word' id='word_1_713' title='bbox 2432 5578 2544 5636; x_wconf 74' lang='lat' dir='ltr'><strong>AR.</strong></span> <span class='ocrx_word' id='word_1_714' title='bbox 2621 5577 2666 5609; x_wconf 73' lang='lat'><strong><em>”</em></strong></span> <span class='ocrx_word' id='word_1_715' title='bbox 2694 5573 2952 5645; x_wconf 72' lang='grc' dir='ltr'>γυναικὸς</span> <span class='ocrx_word' id='word_1_716' title='bbox 2981 5571 3048 5627; x_wconf 67' lang='grc' dir='ltr'><strong>Β.</strong></span> <span class='ocrx_word' id='word_1_717' title='bbox 3124 5572 3171 5603; x_wconf 76' lang='grc'><strong>’⁸</strong></span> <span class='ocrx_word' id='word_1_718' title='bbox 3196 5570 3346 5693; x_wconf 70' lang='grc' dir='ltr'>τρεῖς</span> <span class='ocrx_word' id='word_1_719' title='bbox 3373 5565 3591 5649; x_wconf 57' lang='grc' dir='ltr'><strong>ἐτέκθῗν</strong></span> 
     </span>
     <span class='ocr_line' id='line_1_114' title="bbox 419 5635 3591 5693; baseline 0 0"><span class='ocrx_word' id='word_1_720' title='bbox 419 5674 447 5693; x_wconf 60' lang='grc' dir='ltr'><strong>κ.</strong></span> <span class='ocrx_word' id='word_1_721' title='bbox 473 5654 579 5693; x_wconf 66' lang='lat' dir='ltr'><strong>AR-</strong></span> <span class='ocrx_word' id='word_1_722' title='bbox 658 5655 934 5693; x_wconf 54' lang='lat' dir='ltr'><strong>and&quot;...</strong></span> <span class='ocrx_word' id='word_1_723' title='bbox 965 5655 1004 5693; x_wconf 79' lang='grc' dir='ltr'><strong>η</strong></span> <span class='ocrx_word' id='word_1_724' title='bbox 1107 5657 1150 5690; x_wconf 76' lang='grc' dir='ltr'><strong>ιτ</strong></span> <span class='ocrx_word' id='word_1_725' title='bbox 1181 5657 1603 5693; x_wconf 37' lang='lat' dir='ltr'><strong>“mnuum...”</strong></span> <span class='ocrx_word' id='word_1_726' title='bbox 1645 5655 1735 5693; x_wconf 81' lang='lat' dir='ltr'><strong>un</strong></span> <span class='ocrx_word' id='word_1_727' title='bbox 1836 5653 1882 5686; x_wconf 74' lang='grc' dir='ltr'><strong><em>η</em></strong></span> <span class='ocrx_word' id='word_1_728' title='bbox 1910 5654 2082 5693; x_wconf 55' lang='lat' dir='ltr'><strong>me&quot;</strong></span> <span class='ocrx_word' id='word_1_729' title='bbox 2132 5652 2171 5693; x_wconf 77' lang='grc' dir='ltr'>ιι</span> <span class='ocrx_word' id='word_1_730' title='bbox 2292 5654 2336 5683; x_wconf 70' lang='grc' dir='ltr'><strong>η</strong></span> <span class='ocrx_word' id='word_1_731' title='bbox 2363 5649 2596 5693; x_wconf 53' lang='lat' dir='ltr'><strong>senatus</strong></span> <span class='ocrx_word' id='word_1_732' title='bbox 2631 5652 2691 5693; x_wconf 77' lang='grc' dir='ltr'><strong>Α-</strong></span> <span class='ocrx_word' id='word_1_733' title='bbox 2767 5646 2812 5677; x_wconf 79' lang='grc' dir='ltr'><strong>³ο</strong></span> <span class='ocrx_word' id='word_1_734' title='bbox 2836 5645 3152 5693; x_wconf 73' lang='grc' dir='ltr'>πιαποαται</span> <span class='ocrx_word' id='word_1_735' title='bbox 3187 5643 3227 5693; x_wconf 81' lang='grc' dir='ltr'><strong>Δ</strong></span> <span class='ocrx_word' id='word_1_736' title='bbox 3252 5638 3347 5693; x_wconf 78' lang='lat' dir='ltr'><strong>lR.</strong></span> <span class='ocrx_word' id='word_1_737' title='bbox 3425 5635 3471 5669; x_wconf 79' lang='lat'>“</span> <span class='ocrx_word' id='word_1_738' title='bbox 3497 5651 3591 5693; x_wconf 76' lang='grc' dir='ltr'>ἰη-ι</span> 
     </span>
    </p>
   </div>
   <div class='ocr_carea' id='block_1_113' title="bbox 345 5654 1028 5711">
    <p class='ocr_par' dir='ltr' id='par_1_113' title="bbox 345 5654 1028 5711">
     <span class='ocr_line' id='line_1_115' title="bbox 345 5654 1028 5711; baseline 0.009 -6"><span class='ocrx_word' id='word_1_739' title='bbox 345 5669 447 5705; x_wconf 83' lang='grc' dir='ltr'><strong>σαν</strong></span> <span class='ocrx_word' id='word_1_740' title='bbox 468 5654 581 5706; x_wconf 72' lang='lat' dir='ltr'><strong>All.</strong></span> <span class='ocrx_word' id='word_1_741' title='bbox 658 5656 705 5685; x_wconf 78' lang='grc'><strong>³⁸</strong></span> <span class='ocrx_word' id='word_1_742' title='bbox 725 5655 934 5710; x_wconf 82' lang='grc' dir='ltr'>λείπειν</span> <span class='ocrx_word' id='word_1_743' title='bbox 963 5655 1028 5711; x_wconf 83' lang='lat' dir='ltr'><strong>R.</strong></span> 
     </span>
    </p>
   </div>
   <div class='ocr_carea' id='block_1_114' title="bbox 350 5722 777 5796">
    <p class='ocr_par' dir='ltr' id='par_1_114' title="bbox 350 5722 777 5796">
     <span class='ocr_line' id='line_1_116' title="bbox 350 5722 777 5796; baseline 0.012 -20"><span class='ocrx_word' id='word_1_744' title='bbox 350 5722 464 5780; x_wconf 76' lang='lat' dir='ltr'><strong>RR.</strong></span> <span class='ocrx_word' id='word_1_745' title='bbox 543 5723 589 5755; x_wconf 81' lang='lat'><strong>&quot;</strong></span> <span class='ocrx_word' id='word_1_746' title='bbox 616 5723 691 5796; x_wconf 80' lang='grc' dir='ltr'>μὴ</span> <span class='ocrx_word' id='word_1_747' title='bbox 711 5724 777 5781; x_wconf 81' lang='grc' dir='ltr'><strong>Δ.</strong></span> 
     </span>
    </p>
   </div>
   <div class='ocr_carea' id='block_1_115' title="bbox 1107 5652 2198 5728">
    <p class='ocr_par' dir='ltr' id='par_1_115' title="bbox 1107 5652 2198 5728">
     <span class='ocr_line' id='line_1_117' title="bbox 1107 5652 2198 5728; baseline -0.004 -19"><span class='ocrx_word' id='word_1_748' title='bbox 1107 5657 1150 5690; x_wconf 79' lang='grc'><strong>³⁷</strong></span> <span class='ocrx_word' id='word_1_749' title='bbox 1181 5652 1607 5728; x_wconf 69' lang='grc' dir='ltr'>πολυκτημόνων</span> <span class='ocrx_word' id='word_1_750' title='bbox 1642 5655 1759 5709; x_wconf 71' lang='grc' dir='ltr'><strong>ΒΗ.</strong></span> <span class='ocrx_word' id='word_1_751' title='bbox 1836 5653 1882 5686; x_wconf 74' lang='grc'><strong>’⁸</strong></span> <span class='ocrx_word' id='word_1_752' title='bbox 1910 5654 2083 5727; x_wconf 80' lang='grc' dir='ltr'>ταύτῃ</span> <span class='ocrx_word' id='word_1_753' title='bbox 2132 5652 2198 5706; x_wconf 79' lang='grc' dir='ltr'><strong>ιι.</strong></span> 
     </span>
    </p>
   </div>
   <div class='ocr_carea' id='block_1_116' title="bbox 2292 5635 3593 5719">
    <p class='ocr_par' dir='ltr' id='par_1_116' title="bbox 2292 5635 3593 5719">
     <span class='ocr_line' id='line_1_118' title="bbox 2292 5635 3593 5719; baseline -0.006 -18"><span class='ocrx_word' id='word_1_754' title='bbox 2292 5641 2336 5683; x_wconf 54' lang='lat'><strong>‘9</strong></span> <span class='ocrx_word' id='word_1_755' title='bbox 2363 5635 2596 5719; x_wconf 61' lang='grc' dir='ltr'>γυναίας</span> <span class='ocrx_word' id='word_1_756' title='bbox 2628 5635 2719 5701; x_wconf 53' lang='lat' dir='ltr'><strong>A.&#39;</strong></span> <span class='ocrx_word' id='word_1_757' title='bbox 2767 5646 2812 5677; x_wconf 84' lang='grc'>³⁰</span> <span class='ocrx_word' id='word_1_758' title='bbox 2836 5645 3152 5716; x_wconf 84' lang='grc' dir='ltr'>πίμπραται</span> <span class='ocrx_word' id='word_1_759' title='bbox 3187 5635 3347 5695; x_wconf 74' lang='lat' dir='ltr'><strong>ARR.</strong></span> <span class='ocrx_word' id='word_1_760' title='bbox 3425 5635 3471 5669; x_wconf 77' lang='lat'>“</span> <span class='ocrx_word' id='word_1_761' title='bbox 3497 5640 3593 5705; x_wconf 64' lang='grc' dir='ltr'>τὴν</span> 
     </span>
    </p>
   </div>
  </div>
