4080 6206
475 335 585 399 319

1618 284 2155 391 ΔΟΟΝΞΤΑΝΤΙΝΙ
2199 330 2574 392 MANASSIS

3625 340 3733 403 320

426 477 429 480 ν
478 444 703 516 Λουτρῷ
751 445 1003 518 καθαίρει
1046 446 1124 519 τῷ
1172 446 1380 519 σεπτῷ,
1403 445 1503 518 τὴν
1556 446 1751 520 κλῆσιν
1798 445 2057 518 μεταμεί-
2085 451 2131 501 Α
2161 449 2269 501 Καὶ
2301 448 2502 517 λαῖλαψ
2538 448 2868 519 συνετάραξε
2921 449 3017 519 τὴν
3047 450 3321 502 θάλασσαν
3352 450 3446 504 καὶ
3481 450 3690 508 κλύδων
3716 473 3730 487 ·

1762 537 1873 609 ίϐει
1911 538 1976 601 ³⁸,

481 628 854 697 Μετονομάζει
882 628 982 697 τὴν
1011 627 1183 697 καλὴν
1216 630 1397 683 νεᾶνιν
1428 628 1712 694 Εὐδοκίαν,

483 717 753 771 Συνάπτει
781 735 840 771 τε
864 718 940 789 τῷ
970 718 1177 788 βασιλεῖ
1207 721 1299 773 καὶ
1324 719 1616 788 ζεύγνυσιν
1642 720 1687 752 ³⁵
1713 723 1794 784 είς
1826 721 2005 791 λέχος,

485 809 867 879 Συναραμένου
892 812 958 863 τὰ
985 811 1155 864 πολλὰ
1183 813 1317 879 πρὸς
1348 812 1506 865 τοῦτο
1534 813 1627 866 καὶ
1660 814 1947 876 Παυλίνου,

490 903 587 963 Ὃς
614 903 672 952 ὲν
699 903 809 963 τοῖς
840 901 1075 971 πρώτοις
1102 916 1333 956 τετακτο
1364 903 1472 955 τῶν
1506 904 1772 972 βασιλέως
1807 906 1996 975 φίλων.

499 990 594 1045 Ἐκ
625 992 829 1063 ταύτης
856 992 1133 1055 Θεοδόσιος
1156 993 1340 1047 ἔτεκεν
1370 994 1649 1060 Εὐδοξίαν,

493 1084 596 1136 Ἢν
620 1084 1049 1154 Οὖαλεντινιανῴ
1077 1083 1619 1155 σκηπτροκρατοῦντι
1657 1086 1877 1156 Ῥώμης

488 1175 603 1245 Τῆς
646 1176 1021 1246 πρεσϐυτέρας
1088 1176 1331 1247 ἔπεμψεν
1394 1179 1474 1240 είς
1522 1177 1702 1245 γάμου
1764 1180 1810 1210 ⁸⁸
1865 1196 2060 1231 κοινω-

532 1274 543 1280 “
1754 1270 1897 1343 [νίαν
1922 1271 1986 1325 ³⁸.

575 1359 716 1412 Ἀλλ’
742 1354 809 1429 ἦν
830 1359 1002 1424 οὐδὲν,
1033 1361 1106 1423 ὡς
1129 1361 1329 1424 ἔοικεν,
1359 1363 1647 1437 εὐτύχημα
1677 1360 1767 1415 τοῦ
1800 1360 1918 1431 βίου

493 1450 670 1519 Ζάλης
694 1451 788 1504 καὶ
812 1449 988 1520 λύπης
1015 1452 1232 1519 ἀμιγὲς,
1265 1450 1387 1506 οὐδέ
1418 1460 1504 1517 τις
1533 1452 1803 1524 εὐποτμία

493 1541 585 1610 Μὴ
613 1541 1082 1611 συναναφυᾶμενον
1108 1533 1306 1611 ἔχουσα
1333 1545 1425 1596 καὶ
1451 1545 1510 1598 τὸ
1542 1546 1725 1612 κνίζον
1744 1564 1757 1578 ⁸

495 1631 607 1683 Καὶ
632 1630 740 1700 γὰρ
779 1631 872 1682 καὶ
898 1632 1059 1701 Ῐρόδον
1099 1630 1329 1702 εὔοσμον
1359 1633 1577 1704 φρίσσει
1617 1640 1853 1703 πυκναῖς
1881 1639 2054 1693 ἀκάν-

1826 1729 1992 1800 [θαις,

506 1807 690 1861 Ἥλίου
722 1826 781 1861 τε
806 1808 865 1862 τὸ
893 1808 1159 1881 βλέφαρον
1188 1813 1497 1877 σκοτίζουσι
1524 1817 1769 1885 νεφέλαι,

497 1899 607 1951 Καὶ
641 1899 833 1969 φθόνος
862 1904 1150 1972 ἐπιφύεται
1175 1907 1287 1967 τοῖς
1318 1906 1379 1960 τδ
1413 1908 1574 1961 καλὸν
1604 1911 1853 1976 ἀσκοῦσι,

498 1987 609 2041 Καὶ
640 1990 748 2043 πᾶν
773 1991 1056 2063 εὐτύχημα
1098 1993 1350 2067 λαμπρὸν
1382 1999 1475 2051 καὶ
1507 2001 1616 2054 πᾶν
1663 2006 1861 2072 σεμνὸν
1896 2004 1941 2036 ³⁷
1971 2004 2066 2059 τοῦ

1859 2094 2000 2166 [βίου

496 2166 655 2237 Φέρει
685 2169 780 2223 καὶ
808 2170 870 2224 τὸ
898 2173 1225 2247 δυστύχημα
1254 2183 1824 2253 συνανακεκραμένον.

582 2259 741 2315 Ἀλλά
787 2261 894 2332 γὰρ
943 2264 994 2318 τί
1040 2283 1135 2334 μοι
1186 2268 1436 2338 βούλεται
1494 2271 1556 2324 τὸ
1614 2274 1876 2346 πρόᾳσμα
1902 2276 1946 2308 ⁸⁸
1975 2278 2069 2331 τοῦ

1789 2365 1968 2438 [λόγου
1985 2385 2000 2436 ;

509 2438 574 2493 Ἦ
605 2440 818 2508 βασιλὶς
845 2447 1080 2502 ἐπέπλεε
1105 2449 1206 2522 τὴν
1233 2452 1415 2522 ἆλμην
1444 2454 1543 2525 τὴν
1575 2456 1667 2509 τοῦ
1699 2457 1814 2528 βίου

498 2533 790 2599 Εὺδιεινοϊς
818 2539 912 2590 καὶ
932 2539 1185 2607 γαληνοῖς
1218 2544 1488 2613 πνεύμασι
1525 2548 1801 2619 φερομένη
1830 2567 1843 2580 ο

510 2624 807 2695 Ἀτάραχον
833 2627 1014 2699 διήνυε
1047 2629 1138 2682 τὸν
1174 2632 1342 2688 πλοῦν
1373 2635 1473 2704 τῆς
1499 2638 1824 2707 εὐποτμίας,

513 2710 767 2782 Ὦσπερεὶ
799 2716 984 2771 πλοῖον
1021 2724 1293 2791 φορτηγὸν
1317 2724 1394 2788 ὡς
1423 2724 1483 2790 ἐξ
1508 2726 1701 2796 οὐρίας
1726 2730 1890 2784 πλέον
1922 2733 1987 2787 ³⁸.

511 2803 652 2858 Ἀλλ’
678 2808 874 2880 αἴφνης
903 2810 1235 2883 ἐξεφύσησεν
1267 2816 1343 2879 ὡς
1377 2820 1631 2887 καταιγὶς
1654 2822 1683 2875 ὁ
1715 2822 1932 2891 φθόνος,

498 3027 830 3099 virginitatis
845 3031 1025 3087 adhuc
1056 3034 1321 3090 illibatmn
1347 3036 1590 3093 haberet.
1617 3040 1896 3097 Intellecta
1923 3047 2073 3113 puel-

2159 540 2334 606 Νὲιίιος
2360 540 2569 610 ἐρράγη
2597 539 2836 610 θολερὸν,
2869 541 3150 610 κατήγαγε
3182 542 3450 611 χειμῶνα,

2162 632 2499 699 Συνέσεισεν,
2534 632 2751 703 ἐδόνησε
2783 632 2880 703 τὴν
2912 635 3127 702 σκάφην
3152 635 3226 697 ὡς
3254 636 3542 711 φυλλάδαη

2162 723 2271 776 Καὶ
2320 722 2602 792 φλοίσϐους
2654 724 2841 796 ἤγειρε
2885 724 3091 788 δεινοὺς
3135 727 3230 779 καὶ
3280 727 3521 797 τάραχον
3570 728 3731 800 βαρ-5-

3450 817 3658 888 [ορουν,

2165 906 2274 958 Καὶ
2303 905 2401 976 τὴν
2427 906 2524 976 μὲν
2557 905 2686 959 ναῦν
2716 904 3025 974 συνέτριψε,
3056 910 3120 977 τῇ
3153 907 3208 960 δὲ
3232 910 3673 983 ναυστολουμέυῃ
3692 912 3734 942 ³ο

2166 997 2347 1066 Στόμα
2370 996 2539 1050 δεινὸν
2565 996 2814 1064 ὑπήνοιξε
2842 998 3122 1067 χάσματος
3147 998 3505 1053 δυσαλύκτου.

2176 1086 2454 1140 Ἐντεῦθεν
2481 1089 2512 1158 ἠ
2536 1086 2821 1157 βασίλισσα
2852 1090 3079 1159 πικρίας
3107 1088 3415 1159 ἐνεπλήσθη

2165 1180 2274 1231 Καὶ
2310 1182 2635 1248 πειρασμοῖς
2660 1178 2920 1232 ἐπάλαισε
2952 1158 3567 1252 βαρυσυμφορωτάτοῖς.

2168 1269 2234 1323 Τί
2260 1270 2304 1323 δ’
2328 1266 2398 1342 ἦν
2425 1272 2560 1341 αὐτῇ
2596 1272 2656 1324 τὸ
2684 1273 2963 1342 συμπεσὸν
2993 1274 3021 1325 ὁ
3056 1273 3212 1341 λόγος
3243 1276 3547 1346 ίστορήσει.

2236 1361 2500 1430 Θεοδοσίῳ
2532 1362 2741 1430 βασιλεῖ
2766 1362 2843 1432 τῷ
2875 1363 3196 1431 συζυγοῦντι
3228 1365 3269 1396 ⁸⁸
3302 1364 3473 1435 ταύτῃ

2169 1454 2352 1520 Μῆλον
2386 1454 2550 1507 καλὸν
2574 1455 2871 1523 εὐμέγεθες
2897 1456 3065 1522 πένης
3103 1458 3445 1527 προσήνεγκε.
3476 1457 3522 1490 ⁶¹
3545 1477 3648 1521 τις.

2180 1544 2238 1597 Ὃ
2265 1544 2322 1597 δὲ
2345 1545 2404 1598 τὸ
2424 1544 2874 1615 καλλιπρόσωπον
2904 1546 3194 1616 θαυμάσας
3224 1550 3323 1619 τῆς
3355 1548 3597 1618 ὀπώρας,

2172 1638 2279 1689 Καὶ
2308 1637 2407 1704 τῆς
2446 1638 2699 1708 εὐχροίας
2733 1638 2993 1705 ἀγασθεὶς
3027 1639 3164 1691 ἀλλά
3196 1640 3293 1691 καὶ
3324 1640 3418 1691 τοῦ
3451 1641 3737 1707 μεγέθους,

2146 1728 2272 1789 ι”Ως
2301 1745 2354 1781 τι
2385 1729 2569 1781 καινὸν
2596 1730 2658 1782 τὸ
2681 1728 2910 1800 δώρημα
2939 1733 3002 1801 τῇ
3041 1730 3271 1800 βασιλίδι
3299 1731 3506 1799 πέμπει
3531 1749 3546 1763 ο

2102 1799 2140 1852 Β
2172 1820 2350 1888 Ὅπερ
2383 1821 2634 1889 μεγάλων
2664 1820 2888 1888 γέγονεν
3096 1821 3141 1853 ⁸³
3170 1824 3565 1894 πειρατηρίων,

2172 1911 2281 1980 Οὖχ
2304 1906 2528 1982 ἦττονῆ
2566 1910 2666 1980 τῆς
2701 1911 2916 1981 Ἔριδος
2943 1915 3044 1981 τῆς
3078 1912 3348 1983 φθονερᾶς
3380 1915 3440 1966 τὸ
3479 1915 3669 1984 μῆλον,
3756 1944 3769 1955 ~

2171 2003 2350 2072 Ὅπερ
2378 2002 2827 2069 ἐπεισεκώμασεν
2846 2002 2900 2064 ,ιδ
2931 2003 3024 2055 ἐπὶ
3054 2004 3213 2074 κακῷ
3241 2007 3351 2067 τοῖς
3377 2006 3499 2057 τότε

2170 2093 2369 2146 Θύουσι
2391 2093 2719 2162 γαμοεαίσια
2743 2092 2960 2156 Θέτιδος
2989 2096 3085 2147 καὶ
3113 2096 3357 2163 Πηλέως.

2170 2179 2274 2237 Οῗα
2305 2184 2399 2236 καὶ
2428 2185 2535 2253 γὰρ
2568 2183 2879 2253 συμϐέϐηκε
2903 2182 2989 2237 διὰ
3016 2184 3075 2236 τὸ
3103 2185 3271 2254 μῆλον
3296 2185 3485 2239 τοῦτοί

2182 2273 2526 2341 Ἐοαύμασεν
2564 2275 2595 2343 ἡ
2635 2273 2851 2344 βασιλὶς
2879 2273 2978 2343 τὴν
3003 2273 3153 2345 ὥραν
3184 2275 3282 2343 τῆς
3311 2274 3557 2345 ὀπώρας,

2182 2361 2490 2433 ’Υπερφυὲς
2520 2365 2767 2434 ἡγήσατο
2790 2364 2850 2416 τὸ
2882 2364 3074 2433 χρῆμα
3108 2363 3170 2417 τὸ
3201 2364 3294 2417 τοῦ
3331 2365 3524 2433 μήλου,

2175 2458 2284 2509 Καὶ
2315 2455 2611 2525 φιλοτίμως
2640 2454 2842 2525 ἔχουσα
2872 2456 3007 2526 πρὸς
3044 2457 3137 2508 τὸν
3169 2457 3331 2509 καλὸν
3368 2457 3411 2487 ιδ
3444 2457 3707 2510 Παυλῖνον

2187 2546 2273 2605 Ὡς
2303 2546 2676 2617 συναράμενον
2708 2547 2845 2615 αὐτῇ
2878 2548 3013 2615 πρὸς
3041 2545 3173 2615 ὕψος
3213 2547 3515 2615 βασιλείας,

2174 2634 2264 2705 Τῷ
2300 2635 2454 2705 μήλῳ
2479 2635 2557 2705 τῷ
2582 2636 2891 2705 πικροποιῷ
2926 2636 3017 2689 τὸν
3044 2636 3212 2706 ἄνδρα
3246 2636 3541 2703 δεξιοῦται.

2186 2727 2419 2789 Ἐκεῖνος
2451 2725 2509 2778 δὲ
2536 2725 2611 2795 τῷ
2642 2726 2855 2796 βασιλεῖ
2878 2726 2938 2778 τὸ
2970 2726 3143 2796 δῶρον
3175 2728 3533 2797 ἀντιπέμπει,

2173 2818 2267 2888 Μὴ
2304 2816 2585 2881 κατειδὼς,
2612 2819 2687 2881 ὠς
2719 2818 2916 2886 ἔοικεν,
2942 2818 3067 2873 ὅθεν
3098 2819 3511 2889 παρεισεφθάρη
3537 2837 3552 2851 .

2170 2910 2177 2917 ’
3430 2910 3579 2966 Vers.
3610 2910 3753 2968 2579

2176 3053 2330 3101 tuosa
2362 3055 2549 3102 exorta
2589 3056 2969 3118 tempestatem
3007 3049 3268 3103 excitavit
3291 3088 3306 3112 ,
3337 3050 3587 3120 adeoque
3619 3067 3750 3105 sne-

501 3117 609 3171 lam
639 3120 817 3176 adhuc
850 3133 1125 3193 expertem
1158 3141 1277 3182 esse
1308 3129 1546 3199 conjugii
1573 3132 1947 3203 castitatisque
1978 3137 2047 3191 bo
2100 3126 2144 3189 C
2178 3136 2349 3190 cussit
2381 3147 2435 3191 et
2467 3117 2971 3208 agitavitscapham
2999 3139 3172 3194 instar
3198 3139 3335 3205 folii,
3364 3153 3639 3197 commoto
3666 3143 3752 3196 in-

500 3224 633 3264 num
658 3211 922 3269 hactenus
954 3216 1223 3287 integrant
1256 3234 1523 3287 servasse,
1560 3222 1814 3292 religioso
1851 3242 1969 3280 eam
2002 3228 2078 3284 la-

503 3315 667 3356 vacro
687 3312 842 3357 curat
860 3306 1030 3373 ablui,
1049 3324 1248 3363 nomen
1268 3310 1541 3376 immutat,
1566 3315 1862 3371 Eudnciam
1898 3320 2079 3388 appel-

502 3391 597 3455 lat,
628 3392 783 3449 fratri
813 3396 1160 3453 matrimonio
1179 3401 1416 3469 c0pulat,
1442 3418 1551 3457 non
1584 3421 1772 3475 parum
1787 3408 2077 3479 adjuvante

502 3480 752 3550 Paulino,
787 3487 904 3542 viro
939 3490 1080 3544 inter
1130 3494 1339 3548 amicos
1392 3495 1738 3566 imperatoris
1771 3502 2075 3572 principem

502 3571 684 3628 locum
724 3575 1027 3632 obtinente.
1070 3579 1387 3637 Procreavit
1424 3596 1607 3641 autem
1647 3604 1713 3643 ex
1756 3567 1856 3644 hac
1895 3567 2077 3647 Theo-

506 3665 695 3720 dosius
731 3668 1052 3736 Eudoxiam,
1086 3688 1251 3740 quam
1286 3676 1669 3735 Valentiniano
1700 3683 1755 3736 in
1787 3684 1923 3737 urbe
1969 3686 2078 3741 Re-

506 3771 595 3808 ma
638 3768 822 3813 vetere
869 3760 1158 3830 imperanti
1208 3768 1276 3820 ad
1318 3767 1445 3822 vitae
1491 3770 1809 3827 societatem
1834 3776 2004 3830 misit.

579 3846 685 3901 Sed
724 3849 868 3903 enim
914 3852 1062 3907 nulla
1095 3856 1218 3911 vita:
1250 3858 1484 3915 felicitas
1511 3868 1851 3933 tempestatis
1880 3885 1944 3923 ac
1976 3871 2078 3926 do-

507 3936 640 3993 loris
678 3954 874 4008 expers
918 3952 1032 4007 est,
1072 3960 1174 4001 nec
1207 3952 1547 4020 prosperitas
1587 3971 1709 4012 esse
1751 3968 1931 4027 potest
1971 3964 2079 4018 ulla

508 4044 634 4084 cum
664 4048 770 4101 qua
803 4050 911 4088 non
941 4037 1167 4093 exsistat
1193 4041 1358 4095 etiam
1384 4044 1590 4115 aliquid
1625 4050 1766 4116 quod
1798 4052 2076 4108 hominem

510 4122 780 4177 mordeat.
825 4125 1039 4182 Etenim
1073 4129 1189 4199 ipsa
1219 4146 1439 4203 quoque
1471 4152 1595 4192 rosa
1617 4181 1634 4205 ,
1669 4140 1801 4198 licet
1830 4143 2078 4214 fragrans

509 4212 604 4277 rit,
636 4214 845 4270 crebris
890 4227 1070 4275 tamen
1119 4222 1293 4291 spinis
1328 4224 1551 4295 horret;
1591 4230 1834 4301 itemque
1866 4212 2077 4290 vultum

509 4304 641 4365 satis
686 4307 859 4365 nubes
906 4309 1179 4368 interdum
1228 4316 1461 4386 caligine
1511 4320 1745 4389 quadam
1797 4324 2072 4382 obvelant.

2181 3229 2329 3298 genti
2360 3230 2592 3299 strepitu
2624 3232 2884 3301 gravique
2917 3232 3098 3297 turba,
3131 3243 3190 3287 ut
3221 3249 3411 3289 navem
3438 3235 3748 3305 confringe-

2183 3329 2285 3382 ret,
2336 3335 2399 3375 ae
2450 3321 2554 3390 ipsi
2597 3322 2942 3393 naufragium
2996 3323 3217 3380 facienti
3266 3325 3592 3381 terribiliter
3651 3345 3746 3382 ore

2181 3411 2441 3480 adaperto
2464 3411 2784 3475 minaretur,
2811 3414 2966 3482 quasi
2989 3415 3153 3470 vellet
3176 3415 3225 3470 ei
3254 3417 3411 3484 plane
3436 3417 3744 3473 dehiscere.

2180 3501 2263 3557 Ab
2287 3518 2353 3557 eo
2383 3512 2633 3572 tempore
2656 3519 2815 3559 casus
2838 3504 3068 3560 acerbos
3098 3506 3414 3576 imperatrix
3433 3510 3748 3577 complures

2179 3603 2403 3662 experta
2439 3593 2541 3648 fuit
2575 3602 2632 3650 et
2668 3597 3152 3653 azrumnosissimis
3190 3614 3313 3653 cum
3351 3600 3751 3655 tentationibus
3835 3601 3839 3604 ’

2181 3685 2492 3739 colluctata.
2530 3685 2688 3742 Libet
2712 3697 2896 3743 autem
2926 3703 3361 3747 commemorare
3387 3692 3519 3762 quid
3546 3693 3624 3748 illi
3652 3710 3748 3748 ae-

2180 3774 2398 3829 ciderit.

2252 3866 2356 3937 55
2386 3868 2619 3933 Quidam
2651 3870 2885 3929 fortunae
2915 3875 3099 3929 tenuis
3136 3875 3459 3946 imperatori
3489 3879 3751 3934 Theodo-

2180 3952 2287 4019 sio,
2326 3958 2581 4028 Eudoeiae
2610 3962 2829 4025 marito,
2859 3980 3081 4033 pomum
3109 3967 3324 4021 eximiae
3362 3978 3467 4022 tam
3500 3969 3749 4038 pulchri-

2183 4045 2390 4101 tudinis
2441 4064 2604 4117 quam
2660 4052 3053 4120 magnitudinis
3115 4055 3409 4111 obtulerat.
3475 4058 3606 4127 Ejus
3660 4059 3751 4113 ille

2180 4140 2419 4206 speciem
2448 4140 2604 4209 longe
2629 4143 3094 4206 venustissimam.
3130 4147 3393 4211 colorem,
3427 4147 3758 4217 magnitudi-

2179 4244 2306 4283 nem
2338 4230 2675 4296 admiratus,
2712 4249 2933 4302 pomum
2970 4236 3147 4304 ipsum
3190 4237 3436 4293 inusitati
3467 4240 3755 4309 cujusdam

2180 4320 2424 4374 muneris
2449 4320 2566 4375 loco
2590 4322 2925 4391 imperatriei
2951 4328 3176 4381 miserat
3199 4344 3214 4393 ;
3240 4343 3362 4397 quae
3384 4342 3515 4382 sane
3534 4343 3622 4383 res
3643 4344 3752 4383 non

506 4399 789 4456 Consimili
821 4407 982 4459 modo
1013 4404 1218 4461 invidia
1242 4409 1537 4465 comitatur
1564 4422 1621 4467 ct
1655 4415 1957 4471 insectatur
1981 4434 2076 4472 eos
2108 4454 2155 4512 υ
2181 4411 2362 4465 minus
2382 4411 3222 4473 maximorumincommodorum
3247 4420 3401 4489 origo
3423 4420 3653 4483 exstitit,
3679 4428 3761 4474 at—

507 4491 603 4557 qui
646 4492 901 4547 Virtutem
935 4496 1164 4553 colunt:
1201 4497 1492 4568 omnisque
1523 4511 1714 4557 sancta
1745 4508 2078 4573 prosperitas
2108 4491 2154 4512 ν
2181 4517 2288 4570 que
2311 4501 2443 4556 olim
2471 4518 2695 4572 pomum
2722 4505 2853 4561 illud
2875 4508 3058 4563 Eridis
3080 4510 3320 4574 invidiaa,
3345 4510 3488 4578 quod
3517 4511 3753 4565 nocendi

507 4591 565 4637 et
612 4583 719 4638 vita
772 4585 1066 4654 splendens
1120 4589 1173 4642 in
1225 4588 1509 4643 hominum
1566 4593 1741 4646 oculis
1788 4595 2079 4651 admistam

508 4675 798 4741 quamdam
820 4676 1191 4732 infelicitatem
1208 4693 1389 4733 secum
1413 4680 1599 4734 trahit.
1622 4681 1761 4747 Quid
1779 4694 1959 4739 autem
1979 4688 2082 4742 hoc

509 4764 616 4818 sibi
665 4766 780 4820 vult
828 4768 1095 4823 orationis
1146 4770 1511 4840 praeludium?
1551 4768 1824 4829 Nimirum
1867 4784 1924 4830 et
1967 4776 2082 4831 haec

509 4854 827 4925 imperatrix
853 4858 909 4913 iu
942 4859 1105 4929 hujus
1134 4860 1256 4916 vitae
1279 4863 1415 4917 mari
1444 4865 1756 4936 navigabat,
1783 4875 1838 4920 et
1866 4869 2081 4922 serenis

509 4946 846 5017 placidisque
895 4951 1071 5005 ventis
1114 4960 1234 5006 aeta
1282 4952 1561 5010 felicitatis
1604 4973 1825 5013 cursum
1875 4958 2080 5028 absque

510 5038 926 5104 perturbatione
953 5041 1300 5104 conﬁciebat.
1335 5060 1443 5099 non
1472 5047 1631 5100 aliter
1654 5056 1817 5115 atque
1852 5048 1898 5100 si
1925 5048 2078 5103 navis

511 5127 761 5181 oneraria
810 5140 975 5184 vento
1019 5130 1263 5185 secundo
1306 5132 1512 5187 feratur
1563 5150 1578 5186 :
1633 5150 1823 5189 verum
1872 5136 2078 5192 invidia

510 5215 697 5272 subito
742 5223 1082 5289 tempestatis
1123 5222 1407 5293 cujusdam
1454 5226 1627 5279 instar
1677 5227 1810 5281 ﬂare
1864 5229 2071 5299 cmpit;

513 5305 675 5360 turbo
713 5310 1103 5378 cum'procella
1133 5328 1281 5368 mare
1316 5314 1652 5382 commovit;
1683 5316 1860 5372 nubes
1896 5318 2072 5388 impe-

2176 4608 2341 4647 causa
2387 4593 2455 4648 iis
2494 4594 2696 4650 obtulit
2735 4599 2828 4666 qui
2867 4599 3117 4654 Thetidis
3150 4609 3312 4668 atque
3354 4600 3501 4654 Pelei
3544 4602 3759 4669 nuptiis

2178 4684 2506 4741 intererant.
2558 4688 2693 4742 Nam
2737 4691 2942 4758 qualia,
2995 4706 3200 4759 quaeso,
3244 4698 3541 4745 consecuta
3589 4695 3762 4748 sunt?

2178 4775 2502 4844 lmpcratrix
2536 4779 3000 4846 pulchritudinem
3033 4781 3248 4837 fructus
3275 4784 3560 4850 admirari,
3592 4802 3757 4843 eum-

2177 4882 2285 4935 que.
2308 4867 2565 4922 arbitrari
2592 4879 2797 4923 natura:
2826 4871 3049 4925 modum
3081 4873 3369 4929 excedere.
3400 4876 3467 4930 Et
3491 4879 3752 4946 quoniam

2177 4958 2467 5013 Paulinum
2507 4970 2796 5030 propterea
2835 4964 3203 5018 venerabatur
3244 4967 3391 5035 quod
3434 4969 3596 5023 valde
3629 4985 3751 5024 eam

2170 5045 2407 5116 juvisset
2441 5048 2495 5103 in
2527 5050 2914 5119 consequenda
2948 5053 3215 5123 dignitate
3248 5056 3602 5126 imperatoria
3625 5100 3639 5121 ,
3675 5060 3757 5112 vi-

2181 5156 2303 5194 rum
2344 5143 2447 5197 hoc
2474 5143 2677 5200 infelici
2707 5161 2871 5214 pomo
2901 5146 3091 5201 donat.
3126 5147 3179 5203 Is
3204 5165 3335 5205 vero
3367 5151 3605 5206 vicissim
3636 5168 3756 5205 mu-

2173 5247 2278 5285 nus
2306 5233 2623 5302 imperatori
2650 5237 2839 5303 mittit,
2866 5239 3144 5309 ignorans,
3171 5241 3250 5295 uti
3274 5243 3496 5311 quidem
3515 5243 3753 5305 videtur,

2172 5322 2320 5379 unde
2349 5324 2629 5394 profectus
2661 5327 2856 5385 fuisset
2896 5349 2909 5384 :
2943 5348 3052 5385 non
3084 5331 3234 5386 enim
3260 5333 3514 5388 adfuerat
3534 5332 3588 5386 id
3613 5344 3754 5386 tem-

1831 5459 2031 5521 νοτία)
2059 5461 2390 5535 lectiones.

585 5549 630 5651 ἲ
672 5548 994 5651 μεῖταϐὶάλὶλει
1013 5551 1212 5651 ἑλίξας)
1252 5555 1300 5589 ³⁸
1319 5557 1580 5651 ²μίγνῖσιν
1610 5557 1726 5613 AR.
1758 5560 1852 5651 n"
1874 5562 1992 5651 βίρυ

2176 5567 2251 5651 ⁸⁸⁸
2290 5568 2568 5651 συνεικίαν
2589 5568 2656 5623 R.
2733 5570 3117 5651 "estwbv‘xal
3134 5573 3255 5651 ⁸πᾶν
3282 5569 3538 5651 λαμπρὸν
3565 5570 3759 5651 [ξλε-

518 5616 651 5716 ενδν
674 5618 782 5670 πᾶν
804 5618 866 5671 τὸ
897 5619 1144 5692 λαμπρὸν
1172 5624 1239 5678 R.
1319 5616 1363 5659 ⁵⁸
1396 5616 1739 5707 ποόγραμμα
1758 5629 1823 5683 R.
1874 5616 1945 5665 ’³⁸
1971 5616 2126 5688 πλέει
2163 5636 2226 5691 Α.
2296 5616 2349 5669 λδ
2579 5616 3753 5716 ὗᾶὐστολῖ›ῗσ⁶ἓξι”ιὶζ“’δῖᾜυῧςῖιῗςὸξνῖι

589 5687 905 5731 πηοσῆγανέ
941 5689 1001 5731 ιι
1081 5690 1128 5725 ω
1152 5694 1272 5731 am.
1301 5693 1339 5731 lt
1440 5676 1487 5731 ι.
1515 5700 1929 5731 amantium...
1959 5702 1996 5731 ο
2099 5706 2145 5731 ιιι
2169 5706 2419 5731 π-..,-ι..
2456 5709 2473 5731 ι
2495 5707 2531 5731 n

589 5687 907 5758 προσήγαγέ
940 5687 1005 5746 R.
1053 5687 1128 5725 ’⁵³
1150 5694 1275 5763 ῥίζα
1301 5693 1366 5751 ll.
1440 5687 1487 5731 ³³
1514 5687 1929 5773 ἑᾶιεὶᾰεκόμισεν
1955 5702 2024 5760 Ρι.
2055 5687 2066 5688 7
2099 5687 2145 5740 δί’
2164 5687 2557 5776 λαμπρὸν-ΑἸξ.
