4106 6206
472 266 579 333 323

474 377 662 441 Εὕνοις
692 375 1000 448 ἀνθρώποις
1026 374 1290 427 συνοικεῖν
1317 373 1414 426 καὶ
1438 370 1693 441 καθαρῶς
1717 368 1929 439 φιλοῦσι

473 471 586 524 Kal
612 471 687 540 μὴ
711 467 1184 539 καταρυπαίνουσι
1209 465 1275 534 τά
1301 465 1398 535 τῆς
1423 462 1799 532 φιλαλληλίας.

548 561 670 613 Ἔτι
696 556 1266 630 σκηπτροκρατοῦντος
1292 556 1347 609 δὲ
1377 554 1569 608 τούτου
1597 554 1689 608 τοῦ
1726 553 2011 623 βασιλέως,

486 649 936 719 Ἀφυπνισθέντες
992 646 1251 718 ὤφθησαν
1305 646 1365 709 ἐξ
1415 645 1583 699 ὕπνου
1633 646 2041 717 μακρολέκτρου

487 739 654 792 Ἑπτὰ
672 737 1140 809 καρτερικώτατοι
1166 738 1441 807 μάρτυρες
1463 735 1689 789 νεανίαι.

474 827 584 899 Τὴν
612 828 814 880 λύσσαν
846 828 953 896 γὰρ
983 826 1347 895 ἐκφεύγοντες
1367 825 1463 879 τοῦ
1489 823 1785 886 δυσσεϐοῦς
1826 823 2039 888 Δεκίου,

473 921 567 983 El;
592 919 853 990 σπήλαιον
883 919 1182 989 αὐτόροφον
1214 918 1349 988 ὁμοῦ
1381 916 1813 978 συνεισελθὸντες

473 1013 597 1073 Τοῖς
623 1012 770 1080 ὅροις
796 1011 1202 1080 παρακείμενον
1229 998 1434 1072 πόλεῶς
1479 1008 1759 1076 Ἐφεσίων,

473 1101 649 1155 Βαθὺν
687 1101 781 1154 καὶ
831 1101 1279 1171 μακροκοίμητον
1326 1096 1465 1170 ἦσαν
1516 1098 1811 1161 ὑπνοῦντες
1853 1096 2039 1154 ῦπνον.

487 1190 942 1258 Ἀφυπνισθέντες
970 1190 1092 1243 τότε
1122 1190 1179 1242 δὲ
1206 1189 1299 1243 καὶ
1332 1192 1444 1253 τοῖς
1475 1190 1685 1251 πιστοῖς
1712 1189 2045 1256 γνωσθέντες

476 1281 585 1333 Kal
616 1280 937 1350 τιμηθέντες
962 1283 1093 1352 παρ’
1114 1281 1294 1335 αὐτῶν
1321 1280 1416 1333 καὶ
1441 1279 1592 1349 παρά
1614 1279 1879 1348 βασιλέως

475 1372 579 1426 Τὸν
611 1375 871 1444 νήγρετον
897 1373 1223 1443 κατέδαρθον
1256 1374 1350 1426 καὶ
1371 1372 1678 1425 τελευταῖον
1711 1369 1900 1424 ὕπνον.

541 1462 790 1533 Σεισμῶν
821 1463 1236 1533 ἀλλεπαλλήλων
1270 1463 1327 1515 δὲ
1347 1462 1453 1531 γῆν
1482 1462 1776 1515 κινούντων
1798 1461 2014 1531 ῥιζόθεν

478 1551 589 1604 Kal
602 1552 961 1605 συσσειόντων
980 1552 1077 1616 τὰς
1095 1553 1271 1623 ψυχὰς
1298 1551 1601 1622 ἀνθρώπων
1622 1552 1714 1604 καὶ
1731 1551 2043 1616 δονούντων,

480 1643 591 1695 Kal
622 1642 857 1714 πλήθους
886 1642 981 1696 τοῦ
1012 1644 1367 1714 φιλευσεϐοῦς
1403 1644 1534 1697 Θεὸν
1567 1641 1897 1714 ίλεουμένου,

477 1729 684 1799 Αῐφνης
709 1732 917 1785 παιδίον
952 1733 1199 1803 ἀρπαγὲν
1225 1735 1273 1766 ⁸⁸
1306 1736 1495 1804 μέχρις
1519 1735 1733 1804 αἰθέρος
1758 1735 1873 1788 ἀνω

477 1816 581 1870 Τὸν
614 1816 788 1887 ὕμνον
828 1819 920 1874 τὸν
947 1821 1230 1890 τρισάγιον
1263 1823 1495 1892 ἠκουσεν
1529 1823 1622 1875 ὑπ’
1650 1822 1919 1891 ἀγγέλων.

480 1905 759 1975 Ἐμπαλιν
781 1908 837 1961 δὲ
861 1910 1182 1980 κατενεχθὲν
1220 1911 1405 1981 (βαϐαὶ
1436 1913 1670 1983 φρικτῆς
1699 1912 1881 1983 ἰσχύος
1903 1913 1944 1983 l)

470 1994 578 2048 ’Ἑν
612 1998 799 2066 μέσοις
828 1997 1085 2069 ἐξεϐόησε
1118 2000 1255 2065 ,πῶς
1289 2004 1392 2072 χρὴ
1419 2002 1510 2054 τὸν
1540 2001 1703 2072 ὕμνον
1729 2003 1948 2056 πλέκειν
1980 2004 2047 2037 ⁸⁷·

476 2081 654 2140 ἹΙσαν
667 2090 762 2143 καὶ
786 2090 894 2160 γὰρ
914 2091 976 2143 οὐ
998 2092 1102 2162 πρὸ
1119 2092 1315 2146 πολλοῦ
1333 2095 1469 2164 πρὸς
1491 2094 1681 2149 τοῦτον
1698 2094 2045 2165 ἐσφαλμένοι.

537 2172 706 2242 Οὗτος
733 2182 761 2234 ὁ
781 2180 1056 2245 Θεοδόσιος
1090 2185 1241 2256 παρὰ
1269 2185 1361 2239 τοῦ
1398 2186 1712 2257 Χρυσαφίου

489 2271 814 2342 Ἀπατηθεὶς
838 2273 930 2325 καὶ.
970 2276 1290 2346 πικρανθεὶς
1340 2279 1482 2331 κατὰ
1508 2276 1556 2308 ⁸⁸
1583 2277 1684 2347 τῆς
1718 2275 2051 2347 Πουλχερίας

476 2361 1004 2426 Πολλαῐς,πολλάκι;
1039 2367 1366 2437 πειρασμῶν
1411 2368 1732 2422 κατέκνισεν
1786 2369 2050 2430 ἀκάνθαις

476 2452 588 2519 Τὴν
610 2451 812 2515 πάσαις
828 2452 1250 2525 κατακόσμητον
1275 2454 1384 2508 τῶν
1406 2456 1617 2526 ἀρετῶν
1653 2457 1839 2519 ίδέαις.

479 2541 746 2612 Εὑνοῦχος
766 2541 810 2595 δ’
837 2538 905 2613 ἦν
930 2544 1269 2613 Χρυσάφιος,
1292 2546 1569 2616 ἀλάστωρ,
1586 2548 1889 2618 κακοήθης,

444 2626 453 2635 ’
490 2630 801 2699 Ἐξάγιστος
824 2636 919 2688 καὶ
947 2633 1134 2702 φόνιος
1162 2636 1207 2669 ⁸³
1226 2637 1321 2691 καὶ
1349 2637 1601 2710 βδελυρὸς
1626 2640 1752 2704 τοὺς
1778 2640 2048 2712 τρόπους·

478 2712 556 2773 Οῦ
583 2719 684 2792 τὴν
704 2721 948 2776 κακίανὸ
977 2724 1196 2794 κρατῶν
1224 2724 1299 2790 ὡς
1325 2725 1550 2797 ὕστερον
1570 2727 1803 2797 ἐπέγνω,

478 2808 769 2880 Δημεύσας
790 2809 880 2865 τδν
899 2814 1209 2885 κατάρατον
1238 2817 1334 2870 καὶ⁹
1366 2816 1578 2888 πένητα
1606 2818 1839 2889 ποιήσας

1634 252 2130 319 CONSTANTINI
2171 253 2544 314 MANASSIS

2071 380 2117 433 Α
2158 368 2459 440 ’Υπερορίᾳ
2485 367 2697 438 χαλεπῇ
2723 365 3088 438 παρέπεμψεν
3112 364 3360 429 ἐνδίκως.
3462 358 3467 363 θ

3610 249 3716 314 324

2149 459 2288 528 Ἤδη
2318 458 2373 511 δὲ
2399 457 2557 528 χρέος
2581 456 2641 508 τὸ
2669 456 2847 509 κοινὸν
2872 456 2966 509 τοῦ
2993 454 3278 508 Θεοδοσίου
3309 454 3494 516 δόντος

2145 547 2254 601 Kal
2304 548 2404 614 τὴν
2440 544 2537 598 τοῦ
2563 544 2820 613 σώματος
2860 542 3032 613 πηλὸν
3071 543 3153 604 είς
3201 544 3307 610 γῆν
3353 542 3721 612 ἀποθεμένου,

2146 637 2531 707 Κρατήσαντος
2554 636 2612 687 ἐν
2640 634 2784 687 ἔτεσι
2817 634 3114 704 τριάκοντα
3139 633 3288 704 τρισί
3317 649 3399 698 τε,

2145 729 2240 793 Ei;
2272 727 2605 799 Πουλχερίαν
2650 727 2749 797 τὴν
2784 726 2958 798 καλὴν
3006 727 3068 779 τὸ
3122 728 3322 797 κράτος
3381 725 3719 796 μεταϐαίνει,

2146 819 2304 881 ’Ἡτις
2338 818 2519 887 σοφῶς
2559 816 2653 870 καὶ
2681 817 2915 878 συνετῶς
2936 818 3077 881 ἄγαν
3108 815 3514 886 βουλευσαμένη

2155 908 2243 970 Ὠς
2284 907 2547 977 βασιλέως
2599 907 2861 978 χρῄζουσι
2917 906 2988 959 τὰ
3043 908 3342 977 πράγματα
3408 906 3719 977 Ῥωμαίων,

2144 981 2544 1056 Μετακαλεῖται
2572 1000 2663 1053 τὸν
2696 1001 2932 1070 χρηστὸν
2956 1001 3274 1072 Μαρκιανὸν
3302 999 3524 1063 αὐτίκα,

2148 1093 2354 1163 ’Ἄνδρα
2400 1093 2620 1162 σεμνοῖς
2652 1090 3009 1161 ἐμπρέποντα
3040 1091 3135 1143 καὶ
3164 1089 3436 1159 φιλοθέοις
3478 1089 3722 1159 τρόποις,

2145 1183 2254 1235 Kal
2281 1181 2633 1249 καταδήσασα
2659 1182 2909 1250 φρικτοίς
2946 1180 3043 1231 καὶ
3080 1177 3407 1248 βαρυτάτοις
3435 1178 3620 1247 ὅρκοις

2158 1270 2555 1339 Ἀδιαλώϐητον
2586 1270 2756 1340 αὐτῆς
2790 1273 3027 1341 τηρῆσαι
3048 1269 3147 1339 τὴν
3168 1270 3418 1337 ἁγνείαν,

2146 1363 2258 1415 Kal
2293 1361 2822 1430 συγκατατιθέμενον
2861 1360 3097 1431 εὑροῦσα
3125 1360 3220 1413 καὶ
3252 1360 3345 1413 τὸν
3384 1362 3578 1430 ἄνδρα,

2146 1454 2220 1506 Τὸ
2246 1453 2440 1522 στέφος
2475 1451 2818 1524 περιτίθησιν
2844 1452 2993 1522 αὐτῷ
3020 1453 3118 1520 τῆς
3141 1450 3440 1520 βασιλείας,

2146 1545 2250 1596 Τὸν
2279 1543 2335 1596 δὲ
2380 1543 2698 1613 Χρυσάφιον
2720 1541 2904 1611 πικρῷ
2935 1542 3151 1611 θανάτῳ
3172 1540 3503 1609 καθυπάγει.

2218 1634 2439 1697 Πάντως
2458 1634 2607 1687 δὀὐκ
2624 1634 2849 1704 ἄκαιρόν
2865 1636 3030 1697 ἐστιν,
3050 1633 3168 1685 οὐδὲ
3184 1636 3282 1703 τῆς
3298 1633 3489 1702 τέχνης
3510 1633 3717 1703 πόρρω,

2078 1714 2120 1770 Β
2149 1726 2337 1778 Είπεῖν
2362 1724 2489 1794 περὶ
2515 1724 2840 1794 Μαρκιανοῦ
2882 1722 3045 1777 πόθεν
3075 1723 3171 1776 καὶ
3197 1723 3282 1785 τίς
3314 1721 3548 1791 ὑπῆρχε.

2151 1817 2329 1886 Πένης
2350 1816 2449 1886 μὲν
2469 1810 2541 1886 ἦν
2582 1815 2675 1869 καὶ
2710 1815 2987 1878 ταπεινὸς,
3018 1813 3154 1868 ἀλλὰ
3184 1814 3419 1884 χρηστὸς
3447 1815 3574 1877 τοὺς
3592 1805 3720 1884 τ·ρᾶ-

3512 1902 3670 1976 [πους
3702 1919 3719 1935 ο

2151 1998 2263 2053 Οὐκ
2292 1997 2436 2052 ὢνδέ
2466 1998 2658 2068 γένους
2680 1995 2957 2062 εὐκλεοῦς,
2986 1995 3108 2049 οὐδὲ
3136 1994 3246 2049 τῶν
3270 1996 3585 2066 ἐπισήμων,

2149 2092 2278 2153 Ταῖς
2307 2090 2493 2155 τάξεσι
2526 2089 2839 2142 συνείλεκτο
2864 2086 2908 2120 ⁸⁸
2950 2091 3071 2151 ταῖς
3098 2089 3208 2141 τῶν
3257 2085 3719 2158 στρατευομένων.

2155 2182 2313 2251 ’Λρτι
2338 2183 2394 2234 δὲ
2425 2182 2618 2250 νέφους
2645 2181 2873 2251 ἰσχυρᾶς
2909 2179 3089 2249 μάχης
3110 2178 3512 2249 ἅναρῤαγέντος

2150 2273 2260 2326 Kal
2287 2273 2523 2344 Πέρσαις
2549 2275 2663 2333 τοῖς
2703 2272 3040 2342 ὑπέρφροσιν
3064 2271 3357 2339 ἐπάγοντος
3396 2267 3720 2339 Ῥωμαίους,

2150 2365 2310 2435 Νόσῳ
2336 2364 2559 2433 ληφθεὶς
2585 2365 2903 2435 Μαρκιανὸς
2922 2364 3153 2418 θάνατον
3177 2363 3479 2435 ἀπειλούσῃ

2154 2456 2253 2510 Ἔν
2288 2473 2395 2510 τινι
2420 2457 2580 2529 κώμῃ
2610 2459 2707 2527 τῆς
2725 2457 2986 2528 λαμπρᾶς
3005 2457 3220 2511 Λυκίων
3248 2451 3515 2527 ἐπαρχίας

2151 2549 2458 2619 Κατέμεινε
2489 2552 2810 2619 σωματικῆς
2837 2550 2999 2618 χάριν
3022 2547 3370 2618 νοσοκομίας.

2156 2636 2326 2689 Ἔνθα
2346 2636 2529 2704 φιλίαν
2564 2637 2812 2708 ἐσχηκὼς
2838 2639 2973 2708 πρός
3001 2655 3153 2701 τινας
3187 2637 3562 2709 αὖθομαίμους

2154 2727 2327 2799 Συνῆν
2355 2729 2452 2782 καὶ
2481 2729 2848 2800 συνδιέτριϐεν
2867 2729 2945 2793 ὼς
2974 2729 3130 2798 φίλος
3169 2729 3322 2800 παρὰ
3346 2729 3546 2798 φίλοις,

2155 2818 2267 2875 Καὶ
2297 2820 2397 2890 τῆς
2429 2820 2656 2892 δεούσης
2673 2821 2804 2893 παρ’
2827 2821 3008 2874 αὐτῶν
3034 2821 3291 2891 προνοίας
3318 2821 3552 2891 ἠξιοῦτο.

3397 2912 3548 2969 Vers.
3579 2915 3722 2970 2788

481 3012 527 3068 si
554 3014 680 3084 quis
729 3014 875 3071 inter
913 3016 1168 3074 homines
1213 3018 1534 3086 benevolos,
1584 3020 1709 3077 vitae
1741 3037 1893 3092 purae
1934 3033 2051 3078 stu-
2077 3054 2119 3110 ο
2151 3026 2471 3095 eunuchus,
2519 3029 2831 3084 communis
2863 3029 3152 3085 hominum
3183 3029 3474 3101 pernicies,
3517 3029 3726 3098 impro-

480 3096 686 3168 diosos,
720 3117 967 3157 amorem
998 3114 1253 3160 mutuum
1275 3107 1400 3163 labe
1426 3108 1585 3164 nulla
1615 3112 2051 3169 contaminantes
2080 3096 2119 3110 ν
2152 3119 2277 3184 bus,
2306 3118 2557 3189 impuris,
2592 3121 2983 3192 sanguinariis,
3038 3121 3392 3177 exsecrandis
3436 3121 3681 3177 moribus
3707 3141 3721 3177 :

481 3186 662 3258 degat.

548 3279 820 3338 Caeterum
861 3285 1193 3356 imperatore
1220 3289 1534 3347 Theodosio
1569 3308 1757 3349 rerum
1808 3295 2050 3365 potiente

482 3379 692 3446 septem
732 3374 813 3429 illi
846 3375 1081 3446 juvenes
1104 3418 1119 3444 ,
1181 3390 1455 3452 martyres
1495 3383 1903 3440 tolerantissitni
1928 3427 1943 3452 ,
1982 3387 2050 3442 de

480 3476 674 3518 somno
725 3464 1047 3538 longissimo
1085 3474 1391 3541 experrecti
1440 3489 1503 3528 ac
1560 3476 1723 3546 vulgo
1770 3478 2048 3548 conspecti

481 3560 629 3606 sunt.
660 3552 798 3608 Nam
828 3565 888 3611 ut
913 3557 1065 3613 Decii
1109 3559 1353 3617 furorem
1392 3564 1687 3629 evitarent,
1724 3568 1778 3621 in
1810 3570 2048 3625 nativam

482 3653 709 3709 specum
743 3642 887 3699 haud
921 3648 1113 3715 procul
1140 3649 1208 3705 ab
1252 3651 1528 3722 Ephesina
1568 3657 1705 3711 urbe
1734 3656 1893 3712 sitam
1930 3675 2050 3715 sese

482 3729 853 3798 contulerant,
888 3732 1077 3804 ibique
1106 3738 1257 3807 gravi
1296 3748 1352 3795 et
1383 3740 1597 3810 prolixo
1631 3758 1825 3797 somno
1853 3759 2051 3799 conso-

484 3817 584 3887 piti
616 3821 962 3888 quieverant.
1017 3825 1132 3882 Hoc
1183 3839 1365 3885 autem
1417 3834 1637 3888 excitati
1692 3844 1937 3905 tempore
1987 3852 2053 3893 ac

484 3908 739 3968 tidelibus
781 3916 971 3989 agniti,
1016 3919 1290 3991 simulque
1330 3932 1436 3977 tam
1469 3924 1539 3979 ab
1573 3925 1706 3996 ipsis
1749 3943 1913 3997 quam
1947 3928 2051 3984 im-

482 4011 738 4070 peratore
771 4023 971 4079 magno
1012 4010 1068 4065 in
1102 4012 1312 4069 honore
1356 4016 1559 4083 habiti,
1610 4034 1803 4074 rursus
1848 4021 2052 4079 inexci-

484 4092 635 4148 tabili
675 4106 1064 4171 postremoque
1097 4119 1296 4174 sopore
1325 4109 1563 4178 correpti
1595 4109 1839 4167 fuerunt.

551 4183 760 4240 Eodem
813 4190 1118 4258 imperante
1171 4209 1296 4248 cum
1349 4197 1596 4252 continui
1660 4207 1817 4255 terrae
1873 4211 2054 4258 motus

479 4275 671 4330 omnia
713 4280 919 4347 passim
965 4281 1218 4340 funditus
1264 4297 1616 4344 succuterent
1652 4307 1868 4362 unaque
1909 4310 2055 4350 mor-

2152 3208 2257 3279 57
2285 3209 2442 3279 cujus
2467 3210 2768 3280 nequitiam
2796 3211 2889 3267 ubi
2917 3212 3177 3282 deinceps
3202 3212 3498 3282 imperator
3520 3227 3727 3283 cogno-

2153 3300 2343 3362 visset,
2384 3298 2679 3369 publicatis
2712 3301 2874 3356 bonis
2904 3302 3185 3359 hominem
3235 3302 3303 3356 ad
3348 3311 3724 3372 paupertatem

2151 3391 2438 3447 redactum
2473 3392 2788 3463 aequissima
2834 3395 2942 3449 lata
2986 3395 3260 3451 sententia
3300 3396 3471 3449 solum
3505 3403 3726 3450 vertere

2148 3482 2330 3552 jussit.
2357 3482 2496 3539 Cum
2526 3494 2711 3540 autem
2740 3500 3033 3543 commune
3055 3487 3298 3543 debitum
3320 3495 3524 3540 natoue
3546 3485 3729 3541 Theo-

2151 3576 2341 3632 dosius
2370 3577 2748 3648 persolvisset,
2801 3581 3025 3652 jamque
3077 3580 3354 3651 pulverem
3394 3578 3639 3649 corporis
3670 3581 3726 3633 in

2153 3676 2354 3721 terram
2385 3667 2752 3739 deposuisset,
2787 3671 2854 3725 ad
2891 3671 3167 3743 egregiam
3200 3672 3347 3726 illam
3379 3672 3726 3727 Pulcheriam

2152 3759 2442 3829 imperium
2469 3763 2738 3831 pervenit.
2767 3764 2845 3819 Ea
2873 3781 3008 3821 vero
3032 3767 3311 3836 sapienter
3339 3766 3633 3822 admodum
3668 3782 3728 3824 rc

2151 3847 2476 3915 deliberata,
2506 3859 2563 3905 et
2596 3853 2981 3910 animadverso
3014 3871 3130 3911 rem
3164 3857 3464 3912 Romanam
3498 3859 3730 3929 impera-

2152 3941 2290 3996 toris
2322 3956 2504 4012 egere,
2530 3958 2658 3999 mox
2690 3944 2896 4001 bonum
2928 3947 3081 4002 illum
3108 3948 3449 4004 Marcianum
3476 3950 3724 4014 arcessit.

2150 4033 2331 4089 virum
2389 4035 2651 4106 gravibus
2695 4052 2761 4093 ac
2813 4039 3086 4109 religiosis
3129 4041 3377 4095 moribus
3435 4042 3724 4106 illustrem,

2156 4140 2395 4196 eumque
2422 4131 2786 4185 sacramentis
2813 4131 3106 4187 horrendis
3138 4132 3486 4198 obstrictum,
3530 4133 3732 4203 quibus

2153 4230 2211 4271 sc
2248 4217 2563 4273 castitatem
2608 4220 2913 4277 Pulcheria:
2951 4222 3178 4278 minime
3228 4225 3728 4279 contaminaturum

2153 4307 2509 4377 polliceretur
2561 4310 2641 4381 (in
2682 4327 2794 4382 quo
2844 4330 2977 4370 sane
3029 4315 3363 4371 Marcianum
3417 4326 3728 4386 promptum

563 4366 572 4377 .
817 4370 827 4381 .
2154 4365 2174 4377 .
2565 4365 2580 4381 .
2693 4365 2716 4382 ν.
2774 4365 2784 4367 -
2846 4365 2972 4370 τη---
3029 4365 3362 4371 -η---η---η-
3417 4365 3728 4386 τηατ-----

482 4365 674 4477 tahppt
722 4384 955 4477 lammos
1003 4376 1387 4477 percellerent,
1428 4381 1628 4436 accidit
1686 4392 1744 4438 ut
1801 4386 2053 4456 religiosa
2085 4398 2128 4453 1)
2157 4406 2213 4452 ει
2238 4399 2630 4455 assentientem
2662 4405 2915 4476 reperit),
2950 4407 3304 4477 imperatoria
3339 4421 3540 4461 corona
3568 4421 3730 4461 om“

484 4457 839 4516 multitudine
887 4465 1147 4532 precibus
1186 4468 1355 4523 Deum
1387 4472 1636 4542 placante
1668 4490 1807 4545 puer
1833 4479 2057 4546 quidam

479 4547 670 4603 subito
703 4550 770 4605 ad
822 4551 1003 4623 ipsum
1039 4572 1213 4627 usque
1246 4560 1449 4614 coelum
1495 4562 1759 4635 abreptus
1795 4566 2056 4638 hymnum

483 4637 637 4692 illum
700 4643 1110 4701 sanctissimum
1164 4648 1232 4704 ab
1288 4652 1495 4722 angelis
1548 4656 1764 4710 concini
1819 4637 2057 4714 audiret.

483 4727 693 4786 Deinde
721 4734 927 4789 relatus
958 4736 1012 4791 in
1048 4747 1251 4794 terram
1289 4743 1447 4812 (proh
1481 4744 1591 4799 vim
1631 4747 1911 4819 roburque
1937 4758 2056 4804 stu-

480 4820 724 4887 pendum
754 4825 792 4894 ι)
819 4827 875 4881 in
899 4827 1080 4884 medio
1106 4834 1418 4889 mortalium
1431 4844 1576 4891 ccetu
1604 4839 1906 4911 clarissima
1926 4857 2055 4897 voce

478 4911 674 5005 docuit
714 4933 824 4987 quo
876 4930 1038 4991 pacto
1085 4924 1347 4996 hymnum
1399 4928 1554 4983 illum
1605 4932 1729 4986 cani
1784 4944 2054 5005 oporteat.

480 5001 697 5076 Quippe
726 5025 836 5065 non
867 5011 940 5068 ita
970 5016 1183 5086 pridem
1224 5019 1280 5073 in
1308 5034 1375 5073 eo
1404 5031 1689 5091 peccatum
1724 5001 1924 5082 fuerat.

557 5098 659 5155 llic
690 5102 1035 5165 Theodosius
1081 5125 1113 5165 a
1162 5110 1504 5186 Chrysaphio
1550 5116 1813 5188 deceptus
1854 5128 1910 5175 et
1959 5120 2058 5175 ad-

484 5205 678 5250 versus
708 5195 1054 5255 Pulcheriam
1079 5206 1441 5263 exacerbatus
1471 5223 1845 5278 saepenumero
1873 5213 2059 5268 multis

482 5285 858 5346 tentationum
909 5294 1085 5362 spinis
1122 5305 1372 5353 ornatam
1405 5300 1571 5355 omni.
1598 5302 1822 5358 virtutis
1857 5319 2059 5374 genere

2155 4496 2272 4543 nat.
2317 4489 2723 4563 Chrysaphium
2759 4512 2888 4552 vero
2914 4498 3211 4568 peracerba
3245 4506 3419 4554 morte
3449 4498 3516 4554 de
3547 4499 3729 4553 medio

2154 4579 2319 4634 tollit.

2223 4670 2403 4741 Atque
2435 4672 2542 4729 hoc
2572 4675 2694 4730 loco
2734 4693 2845 4732 non
2886 4680 3271 4751 intempestive
3320 4680 3631 4744 fecerimus,
3681 4680 3726 4734 si

2153 4761 2222 4816 de
2262 4763 2538 4820 Marciano
2591 4771 2870 4826 memoriae
2918 4773 3346 4841 prodiderimus,
3401 4773 3547 4829 unde
3602 4790 3730 4843 pro-

2158 4863 2357 4922 gnatus
2412 4865 2469 4912 et
2518 4857 2646 4928 quis
2699 4862 2884 4917 fuerit.
2939 4863 3208 4919 Nimirum
3266 4882 3474 4937 panper
3514 4876 3631 4922 erat
3674 4878 3731 4921 et

2161 4944 2357 5000 humili
2403 4948 2626 5016 quidem
2657 4960 2815 5008 ortus
2844 4954 2986 5019 loco,
3021 4956 3116 5011 sed
3149 4958 3331 5012 indole
3376 4958 3729 5028 moribusque

2162 5036 2322 5093 bonis
2355 5040 2643 5108 przeditus.
2675 5044 2743 5099 Et
2771 5059 3083 5117 quanquam
3107 5063 3174 5103 ex
3205 5049 3409 5104 celebri
3445 5058 3503 5104 et
3531 5050 3728 5105 illustri

2154 5128 2360 5184 familia
2393 5146 2504 5187 non
2528 5144 2695 5200 esset,
2730 5143 2911 5192 tamen
2943 5148 3274 5195 consecutus
3313 5140 3492 5195 fuerat
3525 5148 3587 5195 ut
3625 5142 3732 5195 mi-

2155 5219 2312 5276 litum
2341 5222 2634 5280 ordinibus
2669 5229 3058 5287 ascriberetur.
3094 5231 3256 5288 Forte
3275 5233 3479 5288 accidit
3504 5242 3562 5287 ut
3586 5231 3729 5286 bello

2157 5313 2301 5367 inter
2334 5314 2613 5371 Romanos
2643 5326 2700 5371 et
2736 5322 3006 5389 superbos
3051 5322 3244 5378 l'ersas
3272 5332 3468 5379 exorto
3499 5321 3728 5378 Marcia-

480 5379 774 5436 mulicrem
814 5385 1112 5457 pungebat.
1159 5390 1289 5445 Erat
1331 5400 1516 5450 autem
1566 5395 1658 5450 ille
1686 5395 2061 5470 Chrysaphius
2158 5418 2264 5458 nus
2291 5407 2440 5475 gravi
2471 5415 2758 5478 correptus
2791 5379 3007 5482 morbo,
3048 5415 3143 5485 qui
3187 5425 3419 5473 mortem
3466 5416 3516 5470 ei
3566 5412 3731 5468 mini-

1828 5540 2023 5604 Variaa
2053 5541 2379 5608 lectiones.

546 5645 600 5679 ⁸⁸
630 5646 911 5719 ἁρπαχθὲν
943 5649 1010 5707 Β.
1085 5655 1130 5687 ⁸⁷
1161 5654 1337 5725 λέγειν
1368 5659 1433 5717 Β.
1509 5664 1556 5696 ⁵⁸
1592 5667 1727 5735 μετὰ
1746 5668 1810 5723 Α.
1888 5668 1934 5699 ⁸⁹
1963 5668 2177 5738 eorm;
2206 5669 2272 5726 Il.
2353 5671 2395 5706 ⁶⁰
2429 5674 2737 5730 συνείλεκτο
2763 5678 2827 5732 Α.
