4080 6206
284 205 395 269 325

288 315 519 378 Τούτοις
575 315 723 395 πρὶςἶ
744 316 1072 386 κυνηγέσιόν
1102 336 1232 373 ποτε
1270 327 1659 395 πορευομένοις

287 406 604 477 Μαρκιανὸς
627 389 912 460 συνείπετο
932 411 1031 479 τῆς
1062 411 1235 481 θήρας
1268 389 1627 487 κοινωνήσων.

316 498 386 559 Ως
412 495 507 549 οὖν
543 496 820 568 διάϐροχοι
839 500 1054 565 πολλοῖς
1092 505 1380 572 γεγόνασιν
1408 508 1593 579 ἱδρῶσι

290 587 433 655 Πρὸς
478 585 675 656 λόφους
710 589 1099 660 ἁνατρέχοντες
1122 594 1434 664 δυσὸάτους,
1476 600 1860 673 θηροτρόφους,

292 678 402 729 Καὶ
439 677 649 746 λόχμας
687 679 1082 752 ὑποτρέχοντες
1125 688 1219 741 καὶ
1263 688 1861 762 πολυπραγμονοῦντες,

288 767 725 833 Κατακλιθὲντες
749 771 841 823 ἐπὶ
870 773 975 842 γῆς
1009 775 1250 845 νήδυμον
1285 778 1452 833 ὕπνον
1488 780 1711 838 ὕπνουν.

299 856 531 929 ’Λτερος
553 861 610 913 δὲ
636 862 744 914 τῶν
766 861 1006 932 ἀδελφῶν
1030 867 1390 936 ἀφυπνισοεὶς
1420 874 1629 943 ταχέως

296 947 435 1018 Ὁρᾷ
472 951 951 1021 καταδαρθάνοντα
970 958 1289 1028 Μαρκιανὸν
1326 964 1492 1018 εἰσέτι

285 1039 399 1091 Καὶ
431 1039 666 1109 φέροντα
717 1041 1019 1112 βαθύτατον
1072 1047 1238 1103 ὕπνον
1289 1055 1347 1104 ἐν
1375 1055 1488 1116 τοῖς
1547 1055 1857 1126 βλεφάροις,

290 1128 480 1197 Ὄρνιν
505 1129 561 1183 δὲ
586 1132 1006 1204 τανυσίπτερον,
1041 1137 1410 1211 ὀρνεοκράτην
1438 1143 1613 1213 δρνιν,

298 1219 665 1289 ’Λεροπόρους
687 1223 966 1293 πτέρυγας
996 1228 1133 1291 ἰδίας
1162 1230 1455 1299 ἡπλωκότα

286 1309 401 1361 Καὶ
432 1310 790 1381 χαριζόμενον
819 1318 981 1380 σκιᾶς
1004 1318 1152 1389 αύτῷ
1174 1320 1557 1392 ψυχαγωγίαν.

287 1398 449 1452 Οὕτω
475 1417 530 1455 τι
568 1402 711 1472 μέγα
747 1407 843 1459 καὶ
873 1410 1073 1462 σεπτὸν
1100 1411 1133 1479 ἡ
1168 1412 1417 1481 βασιλεία
1450 1415 1659 1485 χρῆμα,

284 1491 479 1555 Δύτοῖς
503 1492 850 1566 ἁξιοτίμητον
870 1501 983 1562 τοῖς
1021 1502 1182 1566 ζώοις
1211 1507 1323 1567 τοῖς
1353 1506 1570 1575 ἀλόγοις
1601 1519 1616 1538 ⁸

283 1582 473 1648 Οὕτως
498 1585 927 1657 αἱδεσιμὼτατος
957 1590 1163 1659 ὀρνέοις
1192 1597 1548 1669 σαρκοϐὀροις

390 1674 597 1745 ταύτην
629 1677 1012 1742 ἀναξώσασθαι
1041 1682 1162 1754 Θεῷ
1192 1690 1620 1759 προωρισμένος.

285 1758 501 1854 Βλέπει,
532 1762 798 1832 θαυμάζει
827 1766 886 1819 τὸ
930 1769 1162 1837 συμὸἁν,
1210 1773 1302 1826 τὸν
1352 1758 1579 1845 ἀδελφὸν
1631 1781 1857 1854 ἐγείρει,

279 1848 536 1903 Δείκνυσι
556 1852 616 1903 τὸ
640 1856 945 1923 τεράστιον,
970 1860 1271 1933 ἀμφότεροι
1296 1863 1657 1937 θαμϐοῦνται,

281 1939 395 1992 Καὶ
423 1940 654 2011 νήψαντι
684 1945 986 2020 Μαρκιανῷ
1019 1951 1158 2020 μετὰ
1185 1954 1381 2024 μικρὸν
1408 1957 1469 2023 ἐξ
1494 1958 1662 2015 ὕπνου

279 2029 357 2082 Τὸ
379 2030 661 2101 σκῆπτρον
680 2039 1106 2105 προαγγέλλουσι
1133 2044 1231 2112 τῆς
1253 2046 1702 2119 αὐτοκρατορίας,

280 2120 393 2172 Καὶ
421 2122 570 2189 σφῶν
602 2125 1112 2198 ἑπιμνησθήσεσθαι
1139 2133 1448 2200 λιτάζονται
1472 2142 1514 2173 ⁸³
1543 2145 1637 2196 τὸν
1663 2146 1852 2218 ἄνδρα.

294 2212 356 2264 '0
382 2212 427 2265 δ’
468 2214 707 2269 ἐπινεύει
739 2218 832 2270 καὶ
861 2223 1074 2291 χρηστά
1117 2225 1567 2298 καθυπισχνεῖται
1620 2212 1851 2302 τούτοις.

282 2303 391 2356 Καὶ
411 2302 475 2374 δὴ
501 2307 724 2377 χρυσίον
753 2309 937 2363 ἱκανὸν
956 2313 1178 2368 ἐκείνων
1197 2316 1508 2375 δεδωκότων

290 2390 535 2482 Ἀπάρας
553 2394 689 2464 πρὸς
709 2396 805 2469 τὴν
832 2398 1103 2465 Βύζαντος
1127 2405 1516 2482 εύκλεεστάτην
1552 2414 1707 2471 πόλιν

290 2479 655 2572 ςᾼρδαϐουρίῳ
684 2487 934 2554 πρόσεισι
961 2507 1038 2561 τῳ
1066 2479 1544 2572 πολυχρυσοτάτνῳ.

277 2565 449 2668 :ﬂvb‘
480 2571 670 2668 άρχων
704 2576 1086 2652 Ἀρδαὸούριος
1112 2565 1367 2643 ἁπάντων
1395 2565 1505 2647 τῶν
1531 2598 1849 2668 ταγμάτων,

278 2661 665 2735 Συστράτηγον
697 2667 786 2721 τὸν
822 2670 1082 2746 ’Δσπαρα
1104 2678 1197 2731 καὶ⁹
1232 2661 1654 2760 συστρατάρχην
1687 2661 1847 2762 ἔχων,

278 2897 516 2957 taretur,
567 2894 803 2965 quadam
854 2897 911 2951 in
958 2899 1096 2957 urbe
1142 2901 1373 2961 illustris
1404 2908 1695 2981 Lyciorum
1729 2930 1850 2985 pro-

1424 216 1931 283 COMPENDIUM
1970 220 2305 282 CHRONIC
2315 221 2446 282 UM.

3426 237 3534 306 326

1891 331 1939 390 Α
1969 330 2107 384 Μεθ’
2139 325 2200 385 οὕ
2233 331 2329 384 καὶ
2348 331 2757 387 συναπέπλευσε
2791 336 2933 390 κατὶ
2959 334 3053 392 τοῦ
3083 338 3388 411 Γιζερίχου.

1968 415 2076 475 Ἦν
2105 421 2150 474 δ’
2177 422 2363 492 ἄρχων
2382 424 2412 476 ὁ
2433 421 2712 495 Γιζέριχος
2740 426 2955 482 Λιϐύων
2972 429 3288 502 Ούανδήλων
3314 432 3384 499 ⁶¹ν

1966 504 2037 581 ’ῼ
2070 511 2435 581 πολεμοῦντος
2475 513 2760 584 Ἀσπαρος
2795 516 2862 569 ὲκ
2917 519 3022 589 γῆς
3088 521 3195 573 ἀπὸ
3240 521 3534 596 θαλάττης,

1977 600 2065 665 Ἐξ
2096 602 2337 654 ἱπποτῶν
2360 600 2464 654 ἀπὸ
2488 602 2690 667 πεζῶν,
2720 604 2829 657 ἀπὸ
2856 605 3291 674 θαλασσοπλύων,

1965 692 2075 744 Καὶ
2105 694 2375 763 καρτερᾶς
2406 692 2452 724 ⁸³
2476 694 2575 762 τῆς
2589 696 2894 766 προσϐολῆς
2924 697 3194 755 ⁶⁸Λι6ύων
3211 704 3528 775 γενομένης,

1965 782 2076 837 Καὶ
2101 784 2200 853 τῆς
2242 784 2534 854 Ῥωμαίων
2564 786 2842 855 φάλαγγος
2870 790 2965 842 ἐπὶ
3014 793 3194 863 φυγὴν
3222 793 3526 869 βλεψάσης,

1962 876 2378 944 Ζωγρεῖταικαὶ
2421 877 2739 945 Μαρκιανὸς
2788 880 2886 932 σὺν
2929 881 3109 945 ἄλλοις
3163 885 3262 938 οὒκ
3310 887 3528 957 ὀλίγοις,

1965 964 2368 1035 Καθεέργνυταί
2399 982 2456 1019 τε
2498 968 2599 1021 σὺν
2627 968 2812 1031 αὐτοῖς
2849 970 2907 1022 ὲν
2935 971 3119 1040 δόμοις
3151 974 3458 1047 Γιζερίχου.

1963 1054 2209 1122 Θελήσεις
2239 1051 2332 1108 οὖν
2365 1056 2650 1126 Γιξέριχος
2682 1058 2807 1112 ἰδεῖν
2837 1061 2964 1124 τοὺς
2993 1062 3357 1136 δορυκτήτους

1967 1143 2207 1197 Ἀνωθεν
2239 1145 2370 1208 στάς
2392 1146 2475 1213 ἐφ’
2502 1148 2548 1180 ⁸⁵
2574 1146 2779 1217 ὑψηλοῦ
2810 1150 2936 1213 τοὺς
2985 1152 3183 1223 ἄνδρας
3216 1157 3528 1225 ἐπεσκόπει,

1966 1235 2073 1287 Καὶ
2104 1234 2295 1303 βλέπει
2317 1238 2555 1306 πρᾶγμα
2577 1237 2891 1306 δύσπιστον,
2915 1243 3232 1312 Μαρκιανὺν
3261 1247 3538 1304 ύπνοῦντα

1963 1327 2072 1377 Καὶ
2101 1324 2517 1395 δυτμηχάνητον
2539 1329 2687 1399 αὐτῷ
2712 1330 2872 1384 σκιὰν
2913 1335 3321 1408 σκευαζομένην
3347 1341 3393 1371 ⁸⁵

1975 1415 2110 1468 Ὑπὸ
2139 1416 2426 1486 πτερύγων
2451 1418 2635 1473 ἀετοῦ.
2671 1420 2842 1474 Τοῦτο
2870 1422 3162 1492 θαμϐεῖται
3194 1426 3414 1498 βλέψας,

1960 1506 2111 1558 Θεῖὸν
2131 1523 2251 1559 τινα
2280 1506 2554 1572 λογίζεται
2586 1510 2679 1561 τὸν
2712 1511 2880 1581 ἄνδρα
2903 1515 3269 1588 χρηματίζειν

1963 1598 2071 1651 Καὶ
2092 1598 2192 1667 τῆς
2218 1598 2393 1669 ἀρχῆς
2422 1601 2682 1667 κατάξων
2726 1602 3017 1672 Ῥωμαίων
3045 1608 3140 1659 καὶ
3164 1606 3258 1661 τοῦ
3273 1610 3529 1678 κράτους.

1891 1675 1935 1730 Β
1964 1689 2187 1741 Κτείναι
2210 1692 2307 1759 μὲν
2344 1686 2437 1744 οὖν
2459 1692 2828 1761 ἀπάνθρωπον
2858 1694 3025 1764 ἄνδρα
3048 1699 3289 1752 τοιοῦτον
3310 1675 3530 1771 Ἰκρίνει,

1962 1778 2407 1849 Προσεὸλημένον
2440 1781 2644 1836 ἄνωθεν
2675 1787 2754 1846 είς
2772 1785 3047 1854 βασιλείας
3070 1788 3207 1858 ὕψος

1963 1867 2090 1938 (Τὸν
2118 1868 2222 1939 γὰρ
2256 1870 2390 1923 Θεοῦ
2418 1874 2539 1935 ταῖς
2594 1876 2883 1942 κραταιαϊς
2929 1879 3331 1949 φρουρούμενον
3358 1882 3533 1935 παλάο

3444 1989 3530 2034 αις

1960 2053 2057 2117 Τίς
2088 2052 2153 2106 ἂν
2181 2052 2418 2125 ίσχύσειε
2453 2055 2664 2123 θνητῶν
2687 2057 2729 2088 ⁸⁷
2763 2058 2947 2112 ὀλέσαι
2972 2059 3078 2131 πρὸ
3103 2061 3204 2130 τῆς
3238 1970 3442 2132 ὦραὲ

1958 2145 2055 2198 Ἂν
2086 2146 2118 2214 ἠ
2153 2144 2290 2198 Θεοῦ
2322 2146 2673 2217 μεγαλαλκὴς
2700 2151 2820 2220 χείρ
2849 2166 2910 2202 σε
2938 2167 3209 2222 περιφρου
3225 2152 3370 2223 ροίη,

1959 2238 2034 2290 Οὐ
2084 2237 2359 2311 δειλιάσῃς
2386 2239 2621 2312 σίδηρον,
2649 2240 2711 2294 ού
2734 2240 2883 2310 ξξφος
2909 2242 3212 2313 ὑποτρέσῃς
3236 2241 3305 2307 ιε,

1955 2328 2031 2385 Οὐ
2062 2327 2192 2400 πῦρ,
2229 2331 2291 2383 οὗ
2311 2331 2754 2402 θυμοόάρσαρον,
2783 2336 2842 2385 ού
2881 2333 3163 2403 μιαιφόνον
3200 2328 3355 2405 ἦθος)

1953 2420 2462 2491 ιέεταστειλάμενος
2488 2423 2532 2476 δ’
2558 2423 2720 2477 αὐτὸν
2751 2426 2937 2494 ὅρκοις
2969 2423 3404 2494 καταλαμϐάνει,

1956 2510 2055 2562 “Av
2070 2509 2181 2563 τῶν
2231 2511 2521 2582 Ῥωμαίων
2548 2513 2786 2583 ἄρξειεν,
2816 2514 2882 2566 ἂν
2920 2512 3161 2577 τεύξοιτο
3193 2515 3238 2548 ⁸⁸
3270 2514 3367 2570 τοῦ
3391 2516 3528 2586 κράο

3378 2621 3468 2658 του

1951 2682 2044 2755 Μὴ
2069 2685 2385 2757 πολεμῆσαι
2413 2685 2632 2751 Λίϐυσι,
2665 2686 2740 2758 μὴ
2775 2687 2955 2760 μάχην
2978 2602 3524 2764 συγκροτῆσαὲτουςι

3198 2783 3350 2839 Vers.
3382 2784 3521 2839 28M

1954 2906 2460 2976 opulentissimum,
2493 2909 2728 2967 accedit.
2762 2910 2893 2966 Erat
2925 2921 3108 2967 autem
3141 2912 3232 2968 hic
3272 2913 3525 2969 Ardabu-

279 2984 477 3040 vincia:
531 2999 759 3058 pr0pter
815 2990 1158 3049 debilitatem
1207 3000 1458 3068 corporis
1502 2984 1850 3064 subsisteret.
1877 3006 1923 3070 C
1957 2996 2073 3051 τίυε
2109 2998 2360 3052 omnium
2386 2999 2668 3069 Copiarum
2698 3001 3018 3072 ίωρθτθῑοτν
3048 3011 3103 3057 ει
3129 3004 3184 3057 in
3207 3020 3274 3059 80
3300 3020 3526 3061 munere

278 3075 356 3130 lbi
403 3078 647 3133 amicitia
681 3096 804 3135 cum
856 3082 1121 3140 fratribus
1154 3089 1482 3157 quibusdam
1521 3093 1655 3152 inita
1697 3098 1846 3154 fami-

278 3168 493 3224 liariter
533 3171 678 3240 apud
709 3187 805 3227 eos
840 3175 1079 3239 virebat,
1117 3182 1533 3248 suppeditantes
1579 3186 1684 3255 ipsi
1730 3206 1853 3258 quae

278 3257 348 3311 ad
388 3259 554 3313 vitam
607 3260 985 3317 sustinendam
1042 3266 1406 3334 pertinerent.
1465 3270 1602 3327 Cum
1664 3257 1850 3333 autem

278 3353 576 3424 aliquando
624 3370 880 3414 venatum
930 3361 1164 3426 exirent,
1202 3364 1391 3435 eisque
1440 3367 1747 3428 Marcianus
1792 3390 1852 3430 se

278 3447 537 3501 comitem
597 3451 907 3506 venationis
950 3452 1291 3525 adjungeret,
1348 3472 1414 3513 ac
1457 3458 1567 3528 jam
1625 3474 1853 3532 propter

277 3537 510 3593 sudores
549 3541 854 3608 maderent,
885 3543 1016 3600 dum
1062 3546 1192 3603 hinc
1231 3548 1357 3604 inde
1387 3565 1553 3607 cursu
1583 3568 1850 3610 conscen-

278 3627 421 3681 dunt
463 3628 711 3686 dilliciles
742 3632 895 3688 aditu
929 3634 1118 3701 colles,
1152 3636 1504 3709 ferarumque
1544 3641 1719 3697 lustra
1752 3660 1851 3700 cu-

278 3720 428 3776 riose
462 3725 855 3796 pervestigant,
909 3730 1094 3784 evenit
1148 3731 1365 3787 tandem
1420 3741 1481 3788 ut
1534 3734 1589 3790 in
1644 3744 1846 3792 terram

281 3812 566 3869 reclinatis
609 3819 936 3887 corporibus
976 3836 1103 3876 eum
1146 3823 1426 3893 voluptate
1467 3842 1719 3884 somnum
1761 3847 1852 3885 ca-

275 3911 498 3970 perent.
538 3904 674 3959 Tum
709 3909 941 3963 fratrum
967 3910 1105 3966 alter
1127 3913 1292 3968 citius
1319 3927 1676 3986 experrectus
1709 3920 1850 3976 Mar-

276 3992 497 4046 cianum
541 3995 762 4064 quidem
798 3998 978 4055 adhuc
1015 4001 1379 4059 dormientem
1423 4008 1710 4076 conspicit,
1754 4025 1850 4065 voa

275 4080 495 4136 lucrum
538 4099 670 4138 vero
717 4086 959 4156 reginam
1008 4090 1294 4159 explicatis
1346 4092 1447 4146 alis
1499 4096 1743 4150 umbram
1794 4098 1846 4151 ei

275 4170 640 4238 pubentem.
671 4173 822 4228 Adeo
866 4192 1119 4246 magnum
1167 4187 1223 4231 et
1266 4191 1554 4248 augusmm
1585 4182 1844 4250 quiddam

274 4270 363 4313 est
392 4261 714 4331 imperium,
759 4274 815 4318 ut
857 4266 971 4335 ipsa
1010 4282 1230 4337 quoque
1269 4268 1430 4323 bruta
1477 4270 1740 4327 honorem
1791 4274 1842 4328 ei

274 4352 528 4407 deferant
579 4371 592 4407 :
641 4354 781 4407 adeo
828 4355 1080 4407 volucres
1122 4346 1183 4407 et.

276 4455 475 4496 rantur
510 4444 813 4511 hominem,
862 4446 949 4500 cui
980 4447 1250 4502 divinitus
1292 4458 1373 4503 est
1420 4463 1739 4505 concessum
1787 4462 1847 4505 ut

276 4534 513 4603 imperio
548 4536 809 4605 potiatur.
862 4538 1110 4595 Cernens
1154 4539 1320 4611 igitur
1378 4541 1467 4595 ille
1518 4542 1649 4610 quid
1697 4545 1845 4598 acci-

278 4627 455 4693 deret,
486 4627 844 4698 obstupescit,
894 4629 1118 4685 fratrem
1159 4632 1380 4698 excitat,
1432 4634 1741 4704 prodigium
1790 4636 1841 4690 ei

275 4729 543 4775 monstrat
592 4740 607 4775 :
658 4723 875 4792 utrique
938 4740 1026 4779 res
1080 4725 1430 4781 admirationi
1495 4736 1599 4783 est.
1653 4728 1844 4799 Neque

279 4812 455 4865 multo
498 4822 623 4882 post
670 4829 993 4883 expert-ceto
1039 4815 1312 4871 Marciano
1356 4818 1647 4888 imperium
1678 4821 1841 4890 polli-

272 4913 499 4969 centur,
529 4904 695 4958 simul
728 4916 945 4960 orantes
977 4915 1036 4959 ut
1063 4906 1307 4976 ipsorum
1335 4907 1631 4976 aliquando
1660 4923 1846 4963 recor-

272 4994 524 5046 daretur.
556 4993 767 5047 Annuit
795 4994 884 5049 ille
910 4995 1190 5064 precibus,
1231 5011 1295 5050 ac
1339 4996 1582 5051 vicissim
1626 4998 1845 5068 utrique

270 5099 335 5139 se
360 5084 773 5147 benefacturum
798 5086 1086 5154 promittit.
1114 5084 1225 5157 58
1249 5087 1489 5142 Tandem
1518 5103 1651 5142 auro
1672 5105 1847 5160 quan-

273 5184 400 5228 tum
447 5177 580 5232 satis
612 5186 760 5233 esset
795 5179 865 5234 ab
897 5180 978 5234 eis
1027 5189 1276 5248 accepto,
1315 5179 1633 5250 Byzantium
1681 5178 1848 5248 profi-

266 5267 525 5335 ciscitur,
583 5280 747 5340 atque
793 5270 865 5325 ibi
922 5271 1314 5338 Ardaburium,
1363 5271 1640 5326 hominem
1686 5270 1844 5340 longe

579 4371 592 4407 :
641 4354 781 4408 adeo
828 4355 1080 4410 volucres
1122 4346 1285 4412 etiam
1338 4358 1640 4414 crudivorae
1683 4376 1846 4415 venc-
1878 4334 1919 4390 θ

1954 3088 2220 3159 collegam
2272 3090 2537 3159 Asparem
2601 3091 2868 3158 habebat;
2922 3108 3160 3163 quocum
3219 3096 3526 3153 Marcianus

1954 3178 2248 3236 militatum
2278 3180 2418 3236 abiit
2463 3181 2729 3238 adversus
2755 3184 3106 3240 Gizerichurn
3140 3185 3522 3244 Africanorum

1955 3269 2308 3324 Vandilorum
2362 3286 2569 3341 regem.
2618 3273 2758 3326 Eum
2803 3289 2929 3327 cum
2962 3274 3136 3342 Aspar
3175 3287 3517 3345 oppugnaret

1956 3375 2099 3421 terra
2130 3371 2186 3418 et
2210 3365 2346 3419 mari
2380 3366 2625 3434 peditum
2657 3365 3014 3433 equitumque
3044 3365 3240 3433 copiis,
3288 3373 3343 3419 et
3376 3366 3522 3419 acci—

1953 3455 2109 3510 deret
2162 3454 2400 3523 quodam
2448 3464 2695 3524 tempore
2747 3461 2809 3508 ut
2863 3453 2981 3507 Afri
3038 3454 3358 3524 gravissimo
3397 3471 3521 3510 cum

1954 3547 2160 3616 impetu
2217 3546 2429 3601 hostem
2492 3545 2818 3601 invaderent
2873 3561 2937 3601 ac
2986 3546 3230 3601 Romana
3286 3547 3523 3617 phalanx

1951 3636 2093 3706 fngre
2144 3651 2203 3691 se
2257 3635 2577 3701 mandaret,
2635 3635 2775 3692 forte
2812 3636 3116 3691 Marcianus
3158 3653 3283 3691 cum
3337 3638 3526 3693 multis

1951 3724 2074 3780 aliis
2117 3725 2277 3779 vivus
2316 3724 2371 3779 in
2424 3724 2667 3780 hostium
2720 3733 3048 3795 potestatem
3105 3726 3279 3780 venit.
3333 3726 3523 3796 Itaque

1950 3832 2074 3873 cum
2099 3817 2569 3872 commilitonibus
2591 3818 2647 3871 in
2668 3815 2943 3872 Gizericbi
2971 3816 3195 3889 domum
3226 3816 3524 3887 perductus

1951 3909 2161 3964 carceri
2207 3908 2575 3978 mancipatur.
2625 3906 2762 3962 Cum
2811 3918 2995 3961 autem
3052 3906 3373 3962 Gizerichus
3418 3908 3520 3961 ali-

1949 3998 2169 4070 quando
2218 3999 2464 4069 captivos
2513 4008 2760 4067 spectare
2812 3998 2997 4062 vellet,
3043 4011 3216 4066 caque
3261 3997 3328 4051 de
3357 4011 3521 4052 causa

1950 4091 2006 4146 in
2062 4091 2286 4146 sublimi
2351 4090 2514 4160 regia:
2577 4097 2729 4157 parte
2785 4088 3130 4153 consisteret,
3197 4087 3523 4142 incredibile

1949 4182 2211 4253 quiddam
2239 4181 2448 4245 cernit,
2501 4180 2865 4234 dormientem
2908 4178 3119 4233 scilicet
3151 4179 3510 4243 Marcianum,
3581 4199 3584 4203 ’

1950 4276 2038 4330 cui
2063 4275 2178 4330 suis
2202 4273 2302 4327 alis
2336 4273 2586 4326 umbram
2618 4272 2798 4340 aquila
2840 4270 3237 4339 suppeditaret.
3286 4269 3367 4323 Ad
3394 4285 3517 4323 eam

1952 4381 2069 4422 rem
2107 4364 2473 4434 obstupescit,
2513 4362 2763 4417 divinum
2806 4361 3085 4415 hominem
3138 4374 3258 4414 esse
3292 4359 3520 4413 Marcia-

1951 4474 2082 4515 num
2125 4458 2332 4528 colligit
2366 4455 2704 4527 imperioque
2739 4454 2984 4507 Romano
3021 4450 3268 4521 dignum.
3313 4449 3517 4514 Quam-

1950 4551 2141 4605 obrem
2196 4548 2511 4602 immaniter
2561 4560 2620 4601 se
2672 4544 2946 4598 facturum
2997 4541 3207 4603 statuit,
3261 4538 3305 4593 si
3339 4538 3517 4592 virum

1952 4642 2114 4695 talem
2133 4638 2427 4701 occideret,
2446 4637 2534 4692 cui
2561 4635 2778 4691 coalitus
2812 4631 3100 4703 imperium
3125 4628 3512 4685 destinaretur.

1948 4724 2220 4781 Nimirum
2282 4724 2561 4779 hominem
2631 4736 2794 4792 quem
2856 4720 3097 4776 robusta:
3161 4718 3256 4772 Dei
3323 4731 3519 4770 manus

1948 4816 2307 4880 custodiunt,
2355 4815 2480 4884 quis
2523 4813 2833 4869 mortalium
2892 4811 3071 4881 possit
3118 4818 3245 4865 ante
3293 4807 3436 4863 diem
3482 4823 3519 4863 e

1951 4904 2132 4960 medio
2172 4904 2401 4958 tollere?
2445 4902 2501 4957 Si
2545 4902 2843 4957 fortissima
2892 4900 2985 4954 Dei
3036 4913 3230 4952 manus
3283 4905 3337 4953 te
3385 4911 3516 4968 pro-

1947 5004 2112 5065 tegat,
2144 4995 2353 5051 ferrum
2388 5009 2496 5048 non
2522 5005 2752 5058 metues,
2775 4991 3015 5063 gladium
3038 5006 3149 5045 non
3173 4989 3511 5054 formidabis,

1945 5104 2053 5143 non
2087 5088 2289 5158 ignem,
2330 5102 2441 5141 non
2471 5085 2738 5141 barbaros
2768 5092 2824 5139 et
2870 5082 3251 5153 sanguinarios
3281 5082 3513 5136 animos.

1944 5181 2136 5250 Itaque
2179 5178 2503 5234 Gizerichus
2555 5177 2881 5235 arcessitum
2939 5177 3006 5230 ad
3059 5190 3117 5230 se
3170 5174 3514 5229 Marcianum

1945 5269 2305 5325 sacramentis
2352 5269 2669 5341 obstringit,
2718 5271 2918 5340 quibus
2968 5284 3027 5325 se
3066 5267 3435 5339 polliceretur,
3467 5267 3518 5323 si

1600 5413 1798 5474 Variae
1830 5413 2159 5502 lectiones.

345 5535 393 5610 ⁸]
429 5535 709 5610 λιτ-άζουσι
737 5539 805 5610 Β.
881 5536 926 5569 ⁶¹
956 5537 1277 5610 Οὕανδάλῳν
1296 5540 1362 5592 Α.
1437 5535 1791 5610 ⁸³-κρατερῶς
1828 5540 1892 5610 Α.
1968 5541 2013 5571 ⁸⁸
2042 5539 2360 5610 συμπλοκῆς
2386 5538 2453 5597 Ro

2529 5538 2576 5572 “
2626 5539 2721 5608 ἀφ’
2783 5538 2852 5595 Β.
2929 5538 2976 5572 ⁶⁶
3026 5535 3387 5608 σκιαζομένην
3446 5536 3514 5592 Β.

256 5610 315 5641 ⁸⁷
357 5596 668 5675 βροτῶνιὶ.
746 5608 790 5640 ⁸⁸
814 5608 1140 5679 περιτρέσῃς
1173 5596 1237 5665 Η.
1306 5609 1350 5641 ⁸³
1382 5596 1636 5680 τεύξηὲαι
1659 5596 1726 5676 Ii,
1754 5596 2000 5672 τεύξεται
2032 5610 2077 5661 Δ
