4106 6206
495 251 600 315 327

497 362 655 418 Οὕτω
674 361 763 415 καὶ
790 359 1062 432 βάρϐαρος
1089 356 1230 429 ἀνὴρ
1260 356 1488 416 αἰδεῖται
1522 357 1800 428 βασιλειαν
1828 360 1898 425 ro,

499 455 614 508 Kal.
642 454 768 516 τοὺς
790 452 974 506 θεόθεν
1005 450 1267 520 τιμητοὺς
1290 437 1384 503 καὶ
1421 449 1682 520 θηριῶδες
1709 445 1841 520 ἦθος

498 544 812 608 Σεῦάζεται,
843 541 1223 611 φιλάνθρωπον
1251 541 1435 603 αὐτοῖς
1461 541 1885 610 ἐπεντρανίζων.

509 635 750 689 Ἐκεῖθεν
781 631 873 687 οὖν
898 631 1193 696 ἀπολυθεὶς
1215 632 1320 684 ἀπὸ
1342 632 1435 685 τοῦ
1474 632 1756 702 Γιζερίχου

496 726 637 795 Πρὸς
661 727 758 792 τὴν
783 723 1350 776 Κωνσταντινούπολιν
1383 722 1538 784 αὖθις
1566 722 1958 793 ἐπανατρέχει,

496 817 605 867 Καὶ
640 815 806 883 γῆθεν
839 812 1270 882 μεταλλάξαντος
1296 814 1336 843 ⁷¹
1379 813 1480 883 ἤδη
1507 812 1789 865 Θεοδοσίου

498 903 669 966 "Ama
689 902 1081 973 ἀναγορεύεται
1119 903 1298 972 κρίσει
1332 903 1429 966 τῆς
1460 903 1792 972 Πούλχερίας
1865 901 2020 973 [τωρ.

498 998 604 1051 Καὶ
631 996 737 1049 τῶν
763 997 806 1028 ⁷³
839 995 1123 1065 Ῥωμαίων
1155 995 1394 1063 ἀρχηγὸς
1424 994 1516 1045 καὶ
1553 994 1776 1063 κράτωρ
1804 995 2073 1063 αὐτοκρά-

494 1084 603 1139 “liv
639 1087 682 1139 δ’
714 1086 915 1154 ἀγαθὸς
945 1088 1038 1136 καὶ
1072 1086 1310 1145 συνετὸς,
1336 1085 1568 1148 ἀστεῖος,
1610 1084 1991 1153 φιλοσὼιρρων,

495 1177 722 1246 Δένδρον
763 1176 1245 1246 χαρτοφύτευτον,
1276 1174 1441 1236 ἄλσος
1472 1175 1929 1245 χρηστοτροπίας.

502 1266 600 1331 Ἓξ
635 1268 691 1319 δὲ
728 1268 904 1329 καλῶς
937 1270 993 1319 ὲν
1024 1266 1255 1319 ἐτεσιτὰ
1288 1266 1544 1334 σκῆπτρα
1566 1266 1829 1329 διιθύνας,

498 1358 597 1411 Χοῒ
628 1359 718 1411 τὸν
744 1360 868 1428 χοῦν
899 1358 1186 1429 παρέδωκε
1221 1359 1287 1422 ⁷³,
1312 1358 1372 1409 τὸ
1403 1356 1619 1424 πνεῦμα
1646 1356 1722 1426 τῷ
1756 1356 1969 1428 Κυρίῳ.
2040 1392 2047 1395 ~

582 1452 669 1514 Ὠς
685 1452 749 1521 δὴ
773 1451 819 1483 ⁷⁵
845 1451 936 1504 τὸν
962 1451 1091 1522 χοῦν
1118 1449 1446 1519 ἀπῄτησενή
1476 1448 1636 1517 φύσις
1659 1448 1766 1500 ἀπὸ
1792 1438 1983 1502 τούτου

499 1547 609 1598 Καὶ
643 1547 883 1615 μνήματι
913 1542 1230 1595 κατέκλεισε
1269 1542 1329 1594 τὸ
1360 1541 1594 1611 γηγενὲς
1617 1538 1863 1610 σαρκίον,
1986 1534 2000 1547 “

511 1637 576 1688 Ἦ
607 1636 905 1704 σύγκλητος
937 1636 1033 1687 σὺν
1062 1633 1304 1702 Ἀσπαρι
1331 1632 1409 1701 τῷ
1442 1631 1561 1683 τότε
1584 1629 1853 1700 πατρικίῳ

505 1729 598 1790 Εἰς
627 1727 832 1779 Λέοντα
859 1727 1161 1796 μετάγουσι
1184 1724 1282 1794 τὴν
1316 1722 1884 1792 σκηπτροκρατορίαν,

500 1821 604 1873 Τὸν
635 1816 958 1890 φροντιστὴν
988 1817 1084 1869 καὶ
1132 1813 1389 1884 λογιστὴν
1439 1815 1549 1868 τῶν
1598 1815 1879 1882 Ἀσπαρος
1931 1827 2072 1881 πρα-

1727 1901 1999 1974 [γμάτων,

504 1999 1000 2069 Καθυποσχόμενον
1035 1994 1183 2066 αὐτῷ
1213 1995 1440 2066 Θατέρου
1472 1995 1519 2026 ⁷⁵
1553 1994 1658 2047 τῶν
1688 1997 1847 2047 υἱέων

501 2092 590 2161 Τῷ
619 2091 804 2159 στέφει
832 2088 909 2159 τῷ
937 2088 1033 2141 τοῦ
1061 2088 1340 2158 Καίσαρος
1370 2086 1468 2157 τὴν
1495 2084 1738 2156 κεφαλὴν
1770 2083 2069 2154 κοσμῆσαν

503 2184 636 2237 Οὐδὲ
672 2183 780 2254 γὰρ
808 2177 876 2252 ἦν
934 2182 1025 2234 τδν
1058 2182 1315 2252 Ἀσπαρα
1343 2182 1578 2250 κράτους
1625 2179 1673 2209 ’⁷⁸
1719 2176 2073 2230 ἐπιλαϐέσθαι

506 2277 586 2346 Τῇ
616 2276 786 2344 λύσσῃ
819 2274 1188 2343 κατεχόμενον
1228 2273 1438 2343 Ἀρείου
1469 2270 1561 2323 τοῦ
1585 2268 1835 2340 βεϐήλου.

500 2368 656 2421 Οὕτω
691 2367 949 2430 πολλάκις
972 2365 1261 2429 ταπεινοὺς
1296 2364 1589 2435 ἐργάζεται
1618 2365 1678 2417 τὸ
1722 2363 1932 2434 κέρδος,

499 2460 684 2523 Οὕτως
709 2459 923 2521 ἐλπίδες
955 2457 1221 2521 πλάζουσι
1248 2458 1345 2519 τὰς
1363 2456 1474 2509 τῶν
1500 2456 1802 2527 ἀνθρώπων
1847 2456 2074 2527 φρένας.

501 2550 687 2621 Τούτῳ
709 2549 836 2602 ποτὲ
868 2549 946 2619 τῷ
977 2547 1165 2601 Λέοντι
1196 2547 1374 2610 καλῶς
1408 2547 1452 2577 ⁷⁷
1493 2545 1898 2614 ψιλευσεϐοὖντι

504 2644 670 2713 Ἀνὴρ
696 2641 888 2709 σοφίας
918 2638 1190 2711 θησαυρὸς
1212 2638 1287 2703 ὡς
1315 2638 1515 2709 Ἕλλην
1538 2638 1818 2710 διεϐλήθη,

503 2732 830 2807 Τὴνκλῆσιν
869 2729 1183 2798 ἰσοκάσιος,
1208 2728 1502 2802 κοιαίστωρ
1522 2730 1619 2800 τὴν
1651 2729 1805 2795 ἀξίαν
1843 2736 1858 2762 δ

503 2962 725 3033 qmdem
755 2960 1050 3032 aliquando
1081 2960 1389 3014 Romanum
1438 2957 1504 3011 ad
1554 2957 1848 3027 imperium
1885 2972 2080 3028 perve-

1672 238 2183 303 CONSTANTINI
2224 242 2600 301 MANAS‘SIS

3651 245 3756 309 3:8

2105 366 2153 422 Α
2181 359 2490 413 Κάντεῦθεν
2538 359 2957 427 ἀπογυμνωθείς
3005 357 3171 428 τιμῆς
3205 375 3265 411 τε
3323 357 3417 412 καὶ
3450 364 3756 431 χρημάτων

2187 451 2442 521 Ἐπάρχῳ
2462 451 2539 521 τῷ
2557 451 2655 519 τῆς
2696 451 2901 511 πόλεως
2936 449 3204 502 ἐκδίδοται
3237 448 3375 515 πρὸς
3409 451 3617 519 κρίσιν.

2185 540 2274 604 Ὠς
2297 538 2389 594 οὖν
2422 542 2675 611 εἰσήγετο
2703 542 2907 609 γυμνὸς
2934 540 3007 603 ὡς
3044 539 3229 602 δοῦλος
3265 542 3584 609 μαστιγίας,

2188 633 2277 694 Ὠς
2302 634 2724 703 χειροδέσμητος
2755 634 2957 705 λῃστὴς
2987 633 3549 703 περιηγκιιινισμένος,

2188 724 2248 775 Ὀ
2279 724 2544 793 δικαστὴς
2574 723 2901 793 ἀνέκραγεν,
2939 723 3259 790 ἐπεγγελῶν
3290 723 3369 791 τῷ
3400 723 3566 787 πάθει
3599 739 3613 752 ’

2182 833 2201 865 ι
2238 814 2553 877 Γινώσκεις,
2593 814 2873 879 Ἱσοκάσιε,
2901 813 3062 867 πόθεν
3086 813 3459 884 ὲξεκυλίσθης,

2177 906 2286 956 Καὶ
2319 905 2421 958 ποῦ
2449 923 2509 958 σε
2539 905 2634 957 νῦν
2670 906 2984 974 κατήγαγεν
3018 906 3060 936 ⁷⁸
3085 905 3114 957 ὁ
3143 906 3308 969 κύϐος
3335 909 3478 976 ὁτῆς
3499 907 3667 979 τύχης
3692 928 3706 976 ;
3734 929 3752 959 ι

2190 994 2249 1049 ’0
2282 996 2338 1047 δὲ
2365 996 2461 1048 σὺν
2495 998 2886 1064 παραστήματι
2927 995 3154 1067 καρδίας
3190 995 3462 1067 ἐλευθέρῳ

2176 1086 2495 1155 Εύθήκτους
2525 1087 2826 1156 ἐποιήσατο
2845 1085 3021 1156 τούτῳ
3039 1088 3139 1148 τὰς
3171 1087 3505 1157 ἀποκρίσεις
3532 1104 3547 1119 ·

2182 1196 2201 1229 ι
2247 1173 2385 1230 Οἶδα
2411 1176 2471 1230 τὸ
2504 1177 2920 1246 πολυπλάνητον
2950 1179 3049 1247 τῆς
3077 1177 3248 1249 τύχης
3267 1180 3365 1249 τῆς
3396 1178 3651 1242 ἀστάτου,

2179 1270 2285 1321 Καὶ
2309 1267 2525 1321 σύνοιδα
2555 1268 2724 1336 μηδέν
2777 1267 2830 1319 τί
2881 1285 2949 1337 με
2975 1269 3021 1301 ⁷⁸
3051 1270 3238 1322 καινὸν
3291 1264 3710 1341 καθυπυστῆναι
3737 1285 3751 1301 ’

2177 1360 2390 1429 Θνητὴν
2420 1359 2528 1430 γὰρ
2563 1360 2947 1431 περικείμενος
2978 1361 3073 1414 καὶ
3097 1362 3308 1433 γεηρὰν
3330 1362 3520 1417 οὐσίαν

2190 1451 2496 1506 ’Υπέπεσον
2524 1452 2571 1484 "°
2599 1452 2694 1505 καὶ
2746 1452 2949 1506 πάθεσι
2980 1454 3201 1522 φύσεως
3241 1454 3610 1527 ἀνθρωπίνης.

2179 1534 2321 1596 Σὺ’δ’
2353 1545 2611 1610 ἐπιγνοὺς
2640 1543 2731 1597 τὸν
2757 1542 3041 1614 κύλινδρον
3067 1544 3163 1597 καὶ
3186 1545 3277 1598 τὸν
3307 1547 3498 1616 τροχὸν
3515 1548 3611 1602 τοῦ
3641 1550 3755 1621 βίου

2181 1631 2465 1701 Ἐξένεγκε
2485 1635 2582 1705 τὴν
2609 1634 2766 1703 δίκην
2814 1651 2904 1704 μοι
2928 1634 3186 1705 τοιαύτην
3210 1640 3513 1709 κρινομένῳ

2191 1724 2413 1779 Ὀποίαν
2450 1727 2652 1796 κρίνων
2676 1727 2772 1779 σὺν
2802 1727 2926 1796 ἐμοὶ
2954 1727 3053 1797 τὴν
3076 1727 3255 1797 ψῆφον
3292 1730 3597 1800 ἀπεφαίνου
3623 1736 3690 1788 θ’.
3734 1756 3751 1788 ι

2183 1818 2376 1887 Ὄχλος
2403 1815 2600 1870 οὕγοῦν
2637 1818 2665 1869 ὁ
2693 1817 2982 1887 παρεστὼς
3030 1817 3409 1887 θαυμάσαντες
3442 1824 3535 1877 τὸν
3558 1825 3752 1895 ἄνδρα,

2179 1909 2290 1961 Καὶ
2319 1907 2422 1978 τὴν
2452 1906 2621 1979 σοφὴν
2655 1908 2947 1979 ἀπόκρισιν
2985 1908 3150 1961 αὑτοῦ
3201 1911 3641 1981 καταπλαγέντες

2192 1999 2281 2061 Ὦς
2310 1998 2689 2069 φιλελεύθερον
2735 2000 2870 2069 ὁμοῦ
2905 2001 2997 2053 καὶ
3032 2001 3212 2071 πλήρη
3247 2005 3581 2074 meanunc.

2192 2092 2430 2146 Ἐκεῖθεν
2458 2090 2885 2162 ἁφαρπάσαντες
2926 2092 3115 2157 αὐταῖς
3154 2094 3199 2124 ⁸³
3236 2094 3332 2147 σὺν
3363 2097 3707 2167 χειροπέδαις

2180 2187 2270 2248 Et;
2296 2184 2387 2239 τδν
2415 2184 2541 2238 ναδν
2569 2184 2660 2237 τὸν
2705 2183 2849 2252 ἱερὸν
2885 2185 3023 2251 μετὰ
3058 2187 3305 2255 κραυγῆς
3332 2187 3582 2257 εὐφήμου

2194 2277 2521 2346 ’Λπάγουσιν
2555 2277 2647 2329 καὶ
2673 2276 2749 2345 τῷ
2774 2276 2985 2348 λουτρῷ
3014 2275 3092 2347 τῷ
3127 2277 3254 2347 θείῳ
3297 2278 3618 2333 τελειοῦσιν.

2193 2365 2280 2426 Ὠς
2309 2365 2417 2436 ἄρα
2446 2366 2554 2426 πᾶς
2586 2365 2684 2433 τῆς
2716 2363 2918 2432 αρετῆς
2951 2363 3012 2415 τὸ
3043 2364 3229 2435 χρῆμα
3264 2365 3616 2428 δυσωπεῖται,

2195 2453 2532 2524 Ἀλλογενὴς,
2560 2453 2833 2524 ἰθαγενὴς,
2863 2452 3083 2523 Ἕλλην,
3124 2455 3433 2527 ἀλλόθρους,
3467 2458 3676 2529 Σκύθης
3695 2475 3710 2490 ο

2182 2546 2334 2616 Μόνη
2359 2545 2465 2616 γὰρ
2485 2545 2706 2598 δύναται
2735 2546 2960 2616 κοσμεῖν
2986 2547 3108 2608 τοὺς
3136 2546 3373 2617 ἐραστὰς
3402 2550 3497 2602 καὶ
3544 2549 3753 2614 σώζειν.

2266 2641 2325 2691 ’0
2366 2638 2465 2707 μὲν
2488 2632 2581 2691 οὖν
2625 2637 2921 2702 Ἰσοκάσιος
2957 2636 3102 2692 οὕτω
3133 2639 3318 2693 κακῶν
3350 2640 3614 2712 ὲρῤύσθη.

2196 2730 2254 2784 Ὀ
2281 2729 2324 2783 δ’
2354 2731 2572 2801 Ἀσπαρ
2599 2729 2972 2802 ἐφαπτόμενος
3009 2731 3280 2803 χλαμύδος
3313 2720 3583 2804 βασιλείου

3430 2823 3584 2881 Vers.
3621 2827 3759 2883 2895

2186 2957 2341 3028 quasi
2382 2957 2697 3013 thesaurus.
2733 2957 2865 3011 Erat
2890 2958 2941 3012 ei
2978 2973 3179 3012 nomen
3221 2957 3526 3027 isoeasius,
3565 2969 3618 3016 et
3646 2962 3757 3033 jam

507 3065 673 3121 n;rct,
704 3055 867 3110 Afros
911 3054 1056 3108 bello
1105 3066 1451 3121 nequaquam
1496 3061 1844 3105 vexaturum.
1897 3051 1990 3106 Sic
2021 3060 2077 3106 et
2109 3045 2254 3111 Cad
2309 3050 2574 3104 honorem
2638 3058 2929 3119 quaesturae
2983 3059 3333 3119 pervenerat.
3397 3053 3569 3123 Igitur
3632 3071 3759 3110 reus

507 3150 775 3205 Barbarus
825 3147 1118 3219 imperium
1170 3153 1474 3209 reveretur,
1528 3144 1853 3214 indolcsque
1900 3146 2077 3199 ferina

509 3242 639 3297 colit
669 3241 916 3297 homines
946 3238 1215 3295 divinitus
1244 3246 1465 3292 ornatos
1485 3278 1500 3302 ,
1544 3251 1747 3306 eosque
1779 3237 2077 3306 perhuma-

509 3336 650 3390 niter
678 3333 946 3388 intuetur.
1004 3331 1124 3385 Hoc
1179 3330 1340 3383 modo
1394 3328 1656 3383 dimissus
1704 3344 1735 3382 a
1789 3327 2081 3384 Gizerieho

508 3426 702 3497 Cpolin
729 3424 1062 3488 revertitur;
1092 3435 1326 3490 cumque
1360 3419 1902 3475 lerrasﬂ‘heodosius
1950 3422 2079 3476 reli-

505 3517 737 3586 quisset,
770 3515 838 3569 de
877 3513 1085 3585 judicio
1115 3522 1170 3566 et
1198 3510 1472 3565 sententia
1505 3509 1809 3565 Pulcherize
1839 3511 2082 3580 impera-

508 3616 594 3658 tor
650 3603 1018 3657 renuntiatur.
1055 3602 1186 3654 Erat
1222 3607 1406 3652 autem
1467 3598 1553 3652 vir
1581 3597 1780 3664 bonus,
1816 3599 2079 3668 prudens,

508 3693 708 3759 civilis,
751 3692 1072 3756 modestus;
1129 3690 1376 3758 adeoque
1422 3688 1574 3742 velut
1624 3688 1787 3741 arbor
1836 3689 1905 3742 ab
1950 3688 2083 3758 ipsis

506 3784 709 3839 Gratiis
740 3784 973 3850 consita,
997 3792 1053 3838 et
1082 3782 1350 3836 virtutum
1381 3778 1780 3849 probitatisque
1803 3780 2082 3850 quoddam

507 3879 663 3948 quasi
721 3890 938 3930 nemus.
1006 3874 1111 3930 Ubi
1177 3873 1439 3942 praeclare
1489 3886 1585 3926 sex
1641 3886 1815 3926 annos
1874 3872 2083 3941 potitus

508 3968 739 4039 sceptris
784 3967 1010 4034 fuisset,
1072 3975 1274 4020 terram
1327 3971 1518 4027 terra},
1571 3963 1808 4017 animam
1847 3964 2083 4019 Domino

508 4061 768 4115 reddidit.

582 4150 942 4217 Posteaquam
976 4147 1195 4202 vivendi
1230 4146 1393 4202 ﬁnem
1439 4146 1679 4212 fecisset,
1724 4156 1947 4201 senatus
1976 4161 2084 4200 una

509 4255 634 4293 cum
669 4243 879 4310 Aspare
909 4239 1141 4309 patricio
1183 4238 1356 4293 Leoni
1394 4239 1564 4305 tradit
1612 4240 1898 4309 imperium
1921 4278 1935 4303 ,
1989 4238 2083 4308 qui

508 4332 732 4401 Asparis
775 4332 1018 4385 rationes
1066 4340 1231 4400 atque
1283 4330 1514 4400 negotia}
1558 4329 1907 4401 procurabat,
1957 4343 2082 4383 cum

2178 3142 2440 3212 dignitate
2475 3157 2539 3196 ac
2571 3141 2926 3196 facultatibus
2977 3141 3247 3212 spoliatus
3297 3158 3486 3199 coram
3547 3146 3759 3201 urbano

2178 3245 2412 3304 praetore
2454 3234 2666 3306 judicio
2711 3234 2965 3299 sistitur;
3015 3250 3253 3305 cumque
3294 3237 3479 3291 nudus
3507 3239 3573 3291 ad
3609 3238 3759 3293 illum

2179 3325 2569 3388 deduceretur,
2608 3325 2783 3379 instar
2832 3327 2978 3381 servi
3021 3327 3346 3382 verberouis
3389 3339 3487 3381 aut
3532 3330 3761 3385 latronis

2179 3416 2440 3486 colligati,
2470 3416 2644 3487 judex
2671 3416 2965 3470 calamitati
3000 3417 3127 3487 ejus
3176 3417 3443 3472 insultans
3491 3423 3764 3475 exclamat

2181 3509 2237 3563 in
2288 3510 2405 3563 haec
2454 3508 2663 3563 verba:
2700 3526 2718 3559 ι
2748 3508 2941 3563 Jamne
3005 3510 3294 3579 agnoscis,
3337 3509 3570 3573 lsocasi,
3616 3512 3762 3566 unde

2179 3600 2477 3665 excideris,
2512 3610 2568 3655 et
2596 3615 2708 3669 quo
2742 3609 2792 3654 te
2843 3600 2963 3654 alea
3001 3600 3237 3654 fortunae
3278 3600 3583 3670 dejccerit?
3623 3619 3640 3652 ι
3680 3601 3762 3655 Ad

2181 3706 2304 3758 qua:
2343 3689 2434 3744 ille
2464 3702 2731 3759 generoso
2759 3704 2824 3743 ac
2856 3689 3034 3743 libero
3061 3706 3291 3759 prorsus
3321 3690 3505 3744 animo
3532 3704 3761 3761 reapon-

2182 3781 2264 3835 dit
2317 3799 2331 3835 :
2398 3801 2416 3831 ι
2467 3780 2737 3850 Equidem
2800 3781 3032 3835 fortunae
3087 3797 3277 3852 vagam
3340 3782 3763 3837 inconstantiam

2183 3886 2445 3939 agnosco,
2484 3887 2586 3926 nec
2617 3872 2752 3926 mihi
2786 3873 3090 3943 quidquam
3117 3874 3369 3929 accidere
3405 3875 3531 3929 novi
3561 3876 3759 3930 fateor.
3779 3884 3795 3900 '

2182 3964 2395 4034 Quippe
2433 3980 2560 4019 cum
2592 3966 2841 4021 mortalis
2892 3967 3019 4030 sim,
3062 3966 3315 4022 humanae
3365 3975 3576 4022 natura:
3618 3969 3764 4023 cala-

2185 4058 2407 4111 mitates
2444 4058 2724 4126 experior.
2768 4057 2849 4111 Tu
2900 4072 3034 4113 vero
3082 4058 3279 4113 deﬁxis
3314 4060 3372 4113 in
3418 4059 3542 4114 vita:
3585 4071 3762 4115 rotam

2183 4148 2361 4204 oculis
2390 4148 2550 4202 talem
2596 4146 2686 4202 fac
2731 4148 2799 4202 de
2843 4163 2930 4202 me
2971 4147 3301 4203 sententiam
3347 4148 3512 4215 feras,
3545 4150 3763 4218 qualem

2187 4255 2272 4294 me
2321 4240 2529 4311 collega
2587 4240 2735 4295 ferre
2797 4240 3153 4295 consuevisti.
3187 4259 3205 4291 ι
3267 4240 3348 4295 Ad
3390 4249 3498 4294 tam
3547 4243 3766 4310 sapiens

2187 4332 2291 4385 viri
2341 4347 2693 4401 responsum,
2751 4333 2900 4402 quod
2958 4332 3316 4401 ingenuitatis
3369 4347 3434 4385 ac
3489 4332 3765 4387 libertatis

509 4398 733 4492 quidem
790 4398 1155 4492 promisisset
1187 4398 1381 4491 Aspari
1442 4437 1501 4476 se
1555 4398 1850 4491 utrumque
1908 4419 2081 4475 ﬁlium
2115 4398 2160 4455 θ
2189 4423 2410 4494 plenum
2435 4398 2617 4491 esset,
2650 4398 2806 4494 pleb—5
2832 4398 3044 4477 urbana
3078 4422 3332 4492 perculsa
3361 4432 3418 4477 et
3455 4422 3764 4490 stupefacta

508 4516 626 4585 ejus
674 4514 904 4571 Caesaris
965 4514 1234 4585 dignitate
1285 4514 1799 4568 cohonestaturum.
1871 4513 2084 4583 Quippe

512 4606 627 4660 ﬁeri
676 4607 827 4660 nullo
861 4605 1024 4660 modo
1076 4613 1293 4675 poterat
1337 4612 1398 4658 ut
1442 4602 1616 4673 Aspar
1663 4603 1897 4673 imperio
1937 4603 2084 4672 poti-

511 4709 683 4765 retur,
722 4699 868 4769 qucd
897 4696 1257 4753 exsecrabilis
1286 4696 1405 4750 Arii
1434 4696 1604 4750 furori
1638 4695 1891 4750 addictus
1915 4704 2080 4751 esset.

509 4790 618 4860 59
646 4789 736 4844 Sic
765 4791 981 4845 lucrum
1026 4804 1421 4858 nonnunquam
1472 4789 1723 4843 homines
1778 4788 2083 4844 submissos

508 4880 703 4946 ellicit;
735 4883 816 4936 sic
860 4896 984 4950 spes
1025 4880 1337 4935 mortalium
1383 4879 1598 4935 animos
1631 4880 1861 4950 ﬁngunt.
1910 4879 2068 4950 Apud

510 4970 658 5025 hunc
709 4969 972 5035 Leonem,
1024 4970 1118 5040 qui
1172 4970 1239 5025 de
1288 4968 1552 5024 varietate
1598 4968 1878 5040 religionis
1929 4980 2078 5024 recte

509 5062 806 5130 sentiebat,
829 5063 1050 5133 quidam
1077 5063 1371 5133 aliquando
1388 5062 1603 5118 delatus
1633 5077 1732 5132 per
1748 5062 2075 5117 calumniam

508 5136 614 5208 fuit
641 5155 795 5225 quasi
826 5155 1062 5211 ethnicis
1100 5155 1590 5225 superstitionibus
1632 5154 1885 5209 addictus
1910 5163 2078 5215 esset,

508 5260 632 5299 cum
668 5262 858 5317 reapse
900 5247 1041 5301 foret
1084 5247 1349 5303 doctrinae
1413 5262 1476 5301 ac
1524 5247 1804 5317 sapientia:
1850 5244 2075 5316 quidam

2181 4516 2426 4575 vinctum
2474 4514 2658 4570 adhuc
2700 4515 2910 4584 pedicis
2953 4514 3233 4569 hominem
3283 4513 3409 4568 inde
3456 4511 3761 4581 abripiunt,

2179 4608 2356 4662 fausta
2393 4623 2518 4662 eum
2571 4607 2968 4662 acclamatione
3004 4621 3217 4661 sacram
3273 4605 3340 4658 ad
3374 4605 3546 4658 aedem
3589 4604 3764 4658 dedu-

2179 4710 2333 4767 cunt,
2377 4700 2566 4755 divino
2598 4702 2818 4753 lavacro
2849 4698 3060 4755 initiari
3101 4707 3316 4753 curant.
3359 4698 3629 4752 Nimirum
3661 4714 3762 4751 ne-

2181 4793 2316 4847 mini
2342 4808 2451 4846 non
2480 4793 2657 4846 virtus
2688 4800 2772 4845 est
2801 4788 3154 4852 venerabilis,
3190 4789 3304 4842 sive
3330 4789 3402 4843 sit
3438 4788 3762 4857 peregrinus

2180 4891 2298 4941 sive
2324 4878 2543 4948 'iucola,
2592 4884 2708 4938 sive
2745 4882 2967 4937 Grzecus
3024 4880 3140 4935 sive
3187 4880 3421 4934 diversae
3479 4895 3509 4933 a
3556 4879 3763 4934 Graecis

2180 4979 2402 5048 lingum,
2447 4976 2561 5030 sive
2611 4974 2834 5045 Scytha.
2870 4973 3006 5027 Nam
3048 4972 3166 5027 haec
3217 4972 3331 5026 sola
3366 4973 3448 5026 sui
3484 4973 3761 5026 studiosos

2183 5086 2379 5125 ornare
2421 5083 2751 5137 servareque
2786 5073 2986 5137 potest.

2192 5166 2195 5167 '
2255 5162 2431 5228 Atque
2468 5159 2571 5211 hoc
2594 5155 2759 5212 modo
2787 5153 3055 5209 lsoeasius
3102 5167 3216 5207 suae
3242 5152 3405 5205 saluti
3460 5151 3757 5206 consuluit.

2181 5246 2448 5302 Caeterum
2501 5246 2674 5313 Aspar
2729 5239 3025 5311 aliquando
3067 5238 3355 5308 chlamyde
3406 5238 3760 5306 imperatoris

1827 5381 2029 5444 Varia;
2053 5381 2360 5443 lectiones

575 5514 623 5547 ⁷⁸
652 5513 879 5583 βασιλέα
912 5514 977 5568 li.

511 5601 602 5653 ρον
628 5583 801 5656 MRR.
877 5584 939 5656 τί
949 5585 1148 5656 κράτος
1178 5588 1241 5641 ﬂ.
1318 5588 1362 5620 '”
1394 5585 1545 5656 καλῷ
1575 5585 1640 5639 Λ.

503 5658 572 5710 Δ.
642 5654 688 5688 ⁸¹
711 5656 872 5710 αὑτὸν
911 5653 1024 5709 RH.

1068 5517 1111 5549 "
1143 5515 1578 5581 καταλλάξαντος
1610 5514 1673 5568 R.
1748 5513 1795 5545 "
1816 5511 1914 5581 τῆς
1939 5513 2004 5569 Α.
2037 5510 2141 5578 γῆς
2162 5507 2291 5581 illi.

1721 5581 1767 5618 ra
1797 5572 2132 5650 καξέστηάεῇ
2159 5579 2225 5636 Β,
2301 5577 2344 5610 ⁷ο
2371 5572 2568 5645 μηκέτι
2595 5590 2661 5642 με
2696 5572 2809 5627 Ali.

2369 5506 2416 5538 ⁷⁸
2449 5503 2717 5573 παρέθετο
2740 5500 2854 5556 RR.
2932 5502 2979 5534 τι
2997 5502 3057 5573 δὲ,
3085 5500 3199 5565 RR,
3222 5498 3353 5573 γοῦν
3501 5495 3569 5573 ,⁷⁸
3599 5492 3759 5573 θάτε-

2889 5573 2933 5604 ⁸⁰
2958 5563 3207 5626 ὑπέπεσα
3235 5563 3303 5624 Β.
3414 5568 3457 5599 ⁸⁸
3491 5563 3758 5634 ἀπεφήνω
