4106 6206
439 360 549 414 Καὶ
575 358 702 425 γοῦν
733 358 932 419 πολλὰς
963 357 1055 410 καὶ
1083 352 1325 424 χαλεπὰς
1348 352 1595 420 ἐπήγαγε
1647 348 1917 410 κακώσεις

468 457 675 507 Amr/tt
703 449 780 520 τῷ
810 447 1133 520 πληρώματι
1164 446 1261 519 τῆς
1299 444 1557 507 εὐσεϐοῦς
1586 444 1806 513 ἀγέλης.

509 545 642 598 Τότε
678 543 846 596 πολλὰ
879 537 1194 605 ταυτοπαθῆ
1226 538 1410 599 τόποις
1436 537 1493 588 έν
1539 534 1813 604 διαφόροις

438 634 707 688 Συνέπεσε
737 617 1033 700 παθήματα
1073 626 1284 688 πολλοῖς
1319 625 1426 678 τῶν
1459 624 1743 696 βασιλέων.
1998 688 2004 693 ὶ

440 726 700 795 Κασὰδης
731 723 830 793 μὲν
858 723 915 774 ἐν
947 720 1211 790 Περσικῇ,
1243 718 1439 779 Νέπως
1468 715 1511 770 δ’
1543 718 1600 769 ὲν
1630 714 1926 786 ἑσπερίοις,

450 820 510 873 '0
534 819 717 887 Ζήνων
752 815 807 867 ὲν
848 812 1143 881 Ῥωμαίοις
1194 826 1254 862 τε
1286 807 1607 862 πεπτώκασι
1636 807 1728 860 τοῦ
1766 805 2021 877 κράτους.

453 906 594 960 Ἀλλ’
623 906 651 958 ὁ
683 904 781 974 μὲν
816 903 1002 973 Ζήνων
1034 902 1220 970 ἴσχυσε
1251 898 1413 952 πάλιν
1449 896 1807 951 ἐπιλαϐέσθαι

440 1001 552 1070 Τῆς
585 997 914 1068 ὑψιὸἀμονος
938 994 1133 1064 ἀρχῆς,
1170 992 1305 1045 ἀλλά
1330 1007 1392 1059 γε
1434 991 1528 1043 καὶ
1558 988 1846 1058 Καϐάδηῳ

439 1089 545 1143 Τὸν
571 1089 807 1141 Νέπωτα
832 1086 875 1137 δ’
900 1086 1001 1137 οὐκ
1031 1082 1253 1151 ἔϐλεψεν
1286 1080 1514 1153 ἡμέροις
1545 1081 1602 1131 ὲν
1633 1078 1923 1149 βλεφάροις

439 1178 551 1250 Τῆς
578 1177 746 1247 τύχης
777 1174 839 1228 τὸ
867 1172 1224 1244 παλίντροπον
1257 1173 1355 1241 τῆς
1384 1168 1869 1238 ἐπιδουλευσάσης.

451 1272 509 1324 '0
535 1272 665 1338 γοῦν
695 1265 1150 1338 φιλοχρυσότατος
1178 1265 1384 1325 ἐκεῖνος
1413 1261 1739 1323 Βασιλίσκος

442 1363 550 1415 Καὶ
573 1359 712 1414 κατὰ
743 1360 992 1427 Ζήνωνος
1026 1355 1103 1410 ίὸν
1135 1354 1317 1424 ἐξέχεε
1346 1353 1565 1416 κακίας,

444 1454 553 1507 Καὶ
583 1450 896 1523 βασιλίσκου
919 1448 1110 1516 γέγονε
1137 1445 1461 1515 πικρότερος
1482 1445 1539 1497 ὲν
1569 1442 1770 1512 ἔργοις,

443 1545 557 1598 Καὶ
581 1538 1137 1614 προσεταιρισάμενος
1167 1534 1490 1605 συμμάχους
1519 1533 1611 1585 καὶ
1646 1529 1956 1601 προμάχους
1982 1529 2027 1561 ⁸³

456 1635 758 1707 Ἐπήρχετο
786 1631 862 1701 τῷ
894 1629 1103 1700 Ζήνωνι
1133 1626 1270 1696 πυρὶ
1304 1624 1478 1695 θυμοῦ
1518 1621 1825 1693 καχλάζων.

1608 237 2118 299 CONSTANTINI
2159 235 2535 298 MANASSIS

2058 357 2100 411 Α
2130 347 2239 400 Καὶ
2268 346 2474 409 πάντας
2507 343 2851 409 δελεάσαντος
2891 343 3070 399 ἐλπίσι
3102 344 3424 415 ςιλοτίμοις,

3587 234 3697 299 332

2130 438 2239 491 Kal
2258 438 2352 490 σὺν
2370 436 2551 500 αὐτοῖς
2574 437 2663 488 τον
2691 435 2993 505 στρατηγὸν
3015 435 3031 504 (
3059 432 3354 505 Ἀρμὰτιος
3379 430 3447 505 ἦν
3464 433 3510 466 ’³
3529 427 3706 501 οὖτος,

2129 522 2205 584 Οὖ
2234 529 2322 583 τὸν
2343 529 2458 582 υίδν
2490 527 2740 598 ἐπώμοσε
2777 526 3053 597 Καίσαρος
3083 528 3268 596 στέφει
3309 529 3502 597 στέψαι
3526 530 3570 597 ),

2130 620 2397 675 Πάντοθεν
2430 619 2956 691 ἀπορούμενος,,οὐκ
2987 617 3126 688 ἔχων
3163 620 3192 673 ὃ
3221 637 3273 674 τι
3305 619 3495 690 δράσει
3532 624 3601 688 ’⁵,

2129 714 2233 767 Σὺν
2264 711 2523 782 Ζηνωνίδι
2562 713 2781 778 γυναικὶ
2810 710 2939 780 θείῳ
2965 709 3080 781 ναῷ
3122 712 3466 783 προστρέχει.

2129 803 2349 876 Οὖσπερ
2382 803 2588 859 ἐκεῖθεν
2619 802 2817 879 ἐξελὼν
2848 806 2876 857 ὁ
2909 803 3161 873 βασιλεὺς
3192 806 3221 858 ὁ
3251 807 3460 876 Ζήνων,

2132 898 2559 967 Προκαταδήσας
2584 898 2630 929 ’⁵
2664 897 2854 950 ἑαυτὸν
2884 897 3067 966 ὅρκοις
3096 897 3552 967 φρικωδεστάτοις

2137 987 2231 1050 Ὦς
2268 988 2370 1042 οὐκ
2393 989 2583 1055 ἐπάξει
2617 988 2799 1056 φόνιον
2830 986 2979 1057 ξίφος
3012 989 3121 1052 τοῖς
3154 989 3304 1059 σφῶν
3327 990 3374 1024 ⁸⁸
3399 990 3711 1063 τραχήλοις,

2141 1080 2497 1151 ’Υπερορίους
2526 1079 2747 1151 τίθησιν
2773 1081 2832 1132 ὲν
2856 1079 3040 1150 ὀχυρῷ
3069 1080 3334 1152 φρουρίῳ,

2132 1172 2303 1225 Ἔνθα
2337 1171 2664 1239 συγκλείσας
2697 1170 2754 1223 ἐν
2791 1187 2898 1223 τινι
2927 1172 3214 1243 πυργίσκῳ
3248 1172 3571 1242 στερεμνίῳ,

2130 1263 2239 1316 Καὶ
2264 1262 2429 1325 λίθοις
2463 1261 2782 1331 εὐμεγέθεσι
2816 1263 2917 1332 τὴν
2947 1260 3153 1316 εἴσοδον
3181 1261 3536 1335 προσχώσεις,

2129 1354 2292 1425 Λιμῴ
2324 1356 2422 1408 καὶ
2445 1355 2589 1424 δίψει
2617 1355 2744 1418 τοὺς
2773 1354 2976 1417 κακοὺς
3008 1354 3194 1415 κακῶς
3223 1352 3551 1423 ἑξαφανίζει.

2129 1444 2326 1509 Καλῶς
2352 1446 2408 1499 δὲ
2450 1446 2847 1516 κρατυνάμενος
2880 1444 3032 1515 αύτῷ
3067 1445 3168 1516 τὴν
3196 1444 3471 1515 βασιλείαν

2129 1537 2233 1591 Τὸν
2263 1537 2363 1607 μὲν
2395 1537 2693 1607 Ἁρμάτιον
2725 1536 2929 1608 οἰκτρῷ
2965 1537 3182 1606 θανάτῳ
3215 1538 3575 1608 παραπέμπει
3611 1539 3674 1601 “7,

2131 1627 2404 1699 Προδότην
2431 1627 2798 1703 δολομήχανον
2839 1627 3078 1697 φανέντα
3108 1627 3185 1699 τῷ
3217 1628 3472 1701 δεσπότῃ,

444 1691 711 1796 Ζήνωνῧδὲ
741 1691 891 1790 φόέῳ
917 1691 1325 1786 συσχεθεὶςτκαὶ
1348 1691 1628 1773 σάλευθεῖέ
1661 1710 1758 1771 τὰς
1797 1709 2005 1780 φρένας
2055 1691 2103 1751 Β
2140 1691 2343 1789 Πληροῖ
2358 1691 2424 1772 ⁷δὲ
2445 1691 2890 1788 τὴννύπδσχεσιν,
2924 1719 3018 1772 καὶ
3046 1691 3379 1773 τὸνὶκείνου
3411 1691 3574 1773 παῖδι

445 1817 548 1868 Σὺν
580 1812 832 1884 ’Δριάδνῃ
852 1809 1065 1878 γαμετῇ
1092 1805 1280 1874 φεύγει
1312 1803 1447 1873 πρὸς
1481 1800 1784 1871 ἰσαυρίανο
1818 1872 1821 1877 ν

447 1906 580 1974 Περὶ
613 1903 792 1972 ψυχῆς
829 1900 936 1969 γὰρ
960 1898 1181 1968 ἔτρεχεν
1210 1895 1278 1959 ⁹⁰,
1317 1893 1432 1947 ἀλλ’
1457 1893 1519 1945 οὐ
1549 1891 1679 1963 περὶ
1709 1891 2028 1962 χρημάτων.

456 1998 543 2058 Ὠς
568 1995 678 2065 ἄρα
705 1992 1029 2062 τιμιώτερον
1058 1987 1234 2058 ψυχῆς
1257 1984 1409 2038 οὐδὲν
1436 1984 1480 2016 ’ί
1520 1981 1847 2052 ἀνθρώποις,
1908 2014 1917 2023 ς

446 2089 522 2149 Οὐ
548 2085 748 2155 κράτος
777 2082 837 2135 τὸ
869 2079 1160 2152 βασίλειον,
1195 2077 1257 2129 οὐ
1293 2075 1561 2129 θάλασσαι
1582 2073 1901 2145 χρημάτων.

459 2175 723 2246 Ἀπονητὶ
749 2170 880 2241 γοῦν
907 2168 1164 2223 εἰσελθὼν
1197 2168 1215 2239 (
1240 2165 1412 2230 οὐδεὶς
1440 2165 1549 2235 γὰρ
1580 2159 1648 2235 ἦν
1676 2162 1900 2218 κωλύων
1926 2162 1947 2232 )

448 2258 522 2323 To
551 2266 743 2337 στέφος
773 2261 1113 2334 περιτίθεται
1144 2259 1238 2312 καὶ
1268 2257 1487 2328 κράτωρ
1518 2254 1873 2327 χρηματίζει.

460 2358 622 2416 Ἀλλὰ
649 2356 757 2429 γὰρ
785 2356 886 2408 οὐκ
917 2352 1203 2423 ἀνέχονται
1227 2349 1273 2380 ⁸⁸
1295 2350 1364 2403 τὰ
1396 2347 1702 2418 πράγματα
1747 2344 2006 2408 πολλάκις

448 2449 911 2524 Συμπαραμένειν
942 2445 1022 2508 είς
1050 2442 1186 2497 πολὺ
1214 2444 1326 2507 τοῖς
1362 2440 1609 2495 θέλουσιν
1640 2436 1929 2510 ἁρπάζειν,

460 2540 622 2596 Ἀλλὰ
649 2536 999 2610 μεθίστανται
1027 2531 1165 2600 ταχὺ
1195 2528 1291 2582 καὶ
1321 2527 1615 2597 φεύγουσιν
1644 2527 1709 2579 ἐκ
1733 2526 1960 2586 τούτων,

406 2608 415 2621 ’
449 2608 666 2702 ’Ὠσπερ
691 2622 1129 2696 ἀναγνωρίςοντα
1157 2621 1253 2675 σὺν
1277 2620 1455 2691 χρόνῳ
1484 2620 1610 2682 τοὺς
1639 2614 1925 2679 δεσπότας.

461 2724 584 2778 Ἐπὶ
614 2720 738 2777 δυσὶ
767 2718 876 2790 γὰρ
903 2714 1047 2769 ἔτεσι
1079 2712 1171 2767 καὶ
1212 2710 1393 2784 μόνοις
1431 2709 1783 2780 αὺταρχήσας

465 2816 525 2870 ὐ
550 2810 870 2873 Βασιλίσκος
902 2809 932 2862 ὁ
952 2804 1144 2871 δεινὸς,
1174 2804 1417 2874 Ζήνωνος
1442 2800 1761 2864 ἐπελθόντος

2138 1812 2495 1881 Κατακοσμεῖ
2520 1808 2597 1879 τῷ
2629 1810 2907 1880 Καίσαρος
2931 1810 3245 1881 staturam
3279 1811 3483 1880 στὲφει.

2137 1899 2272 1954 Μετ’
2305 1900 2366 1954 οὐ
2405 1898 2539 1953 πολὺ
2572 1898 2826 1953 κάκείνου
2855 1898 2912 1952 δὲ
2940 1898 3037 1962 τὰς
3062 1899 3257 1971 τρίχας
3289 1901 3591 1972 ἀποκείρας

2151 1992 2432 2062 Ἐφίστησι
2463 1988 2789 2060 Κυζικηνοῖς
2817 1991 3079 2062 ἀρχιερέα
3110 1990 3222 2062 βίᾳ.

2208 2083 2396 2152 Τούτῳ
2425 2081 2557 2136 ποτὶ
2580 2081 2659 2153 τῷ
2685 2079 2894 2152 βασιλεῖ
2916 2083 3178 2154 προεῖπεν
3207 2080 3599 2152 ἀστρολὼχης,

2150 2173 2242 2236 Ὠς
2279 2173 2552 2244 Τελευτᾷς
2586 2170 2725 2243 μετὰ
2751 2170 2950 2244 βραχὺ,
2983 2171 3072 2227 καί
3107 2188 3202 2225 σου
3231 2172 3329 2244 τὴν
3359 2172 3635 2242 βασιλείαν

2138 2264 2383 2335 Λήψεται
2416 2264 2510 2319 καὶ
2539 2261 2638 2334 τὴν
2662 2261 2907 2319 σύνοικον
2942 2263 3083 2336 ἀνὴρ
3113 2264 3180 2318 ὲκ
3204 2264 3305 2334 τῆς
3337 2262 3663 2334 συγκλήτου.

2140 2357 2312 2412 Τούτο
2346 2354 2532 2426 μαθὼν
2555 2355 2585 2409 ὁ
2609 2354 2862 2427 βασιλεὺς
2890 2354 3141 2412 ἀπώλεσε
3179 2356 3303 2420 τοὺς
3338 2356 3557 2419 πλείους
3712 2358 3716 2363 ’

2141 2447 2263 2502 Τῶν
2287 2447 2390 2517 τῆς
2419 2446 2745 2518 συγκλήτου,
2784 2447 2912 2512 τοὺς
2950 2447 3238 2520 λαμπροὺς
3283 2448 3379 2502 καὶ
3408 2447 3536 2510 τοὺς
3564 2448 3718 2503 εὐτυ-

3313 2538 3647 2612 [χεστέρους.

2155 2630 2315 2685 Ἀλλὰ
2337 2630 2437 2701 τὴν
2462 2631 2677 2703 ἄμαχον
2708 2632 2755 2665 ’⁸
2785 2631 2941 2702 ίσχὺν
2969 2631 3071 2703 τῆς
3098 2630 3192 2686 τοῦ
3222 2631 3359 2687 Θεοῦ
3392 2632 3648 2703 προνοίας

2140 2719 2332 2784 Οὐδεὶς
2364 2720 2575 2791 ίσχύσει
2605 2721 2840 2792 γηγενὴς
2863 2719 2910 2754 ⁸³
2953 2721 3236 2792 ἄπρακτον
3256 2720 3579 2790 ἀπελέγξαη.
3724 2722 3725 2727 “

2142 2814 2326 2884 Ζήνων
2349 2813 2452 2885 μὲν
2488 2812 2598 2883 γὰρ
2628 2814 2688 2868 ὲν
2721 2811 2865 2868 ἔτεσι
2894 2812 3025 2868 δέκα
3055 2813 3154 2884 τῆς
3185 2811 3463 2885 βασιλείας

3405 2905 3563 2962 Vers.
3582 2906 3723 2962 5006

456 3036 818 3112 quamobrem
850 3047 993 3104 saepe
1047 3045 1111 3086 ac
1164 3028 1405 3101 graviter
1447 3028 1767 3082 universum
1816 3025 2035 3098 gregem
2068 3048 2111 3107 ο
2143 3040 2393 3087 vertente
2453 3039 2716 3102 grataque
2781 3045 2877 3101 spe
2945 3041 3176 3088 cunctos
3231 3031 3533 3098 inescante,
3587 3049 3723 3104 pnn-

457 3130 680 3202 piorum
703 3124 960 3183 vexabat.

535 3220 596 3276 ld
633 3215 898 3288 temporis
949 3212 1115 3268 varia:
1165 3210 1507 3266 calamitates
1545 3208 1782 3264 diversis
1813 3210 1868 3263 in
1908 3209 2044 3265 locis

460 3312 674 3382 aliquot
706 3307 930 3378 regibus
949 3302 1222 3360 accidere.
1253 3300 1501 3357 Cabades
1548 3300 1603 3354 in
1626 3299 1836 3368 Persia,
1863 3299 2045 3371 Nepos

463 3401 856 3465 inOccidente,
886 3397 1037 3452 Zeno
1070 3394 1214 3466 apud
1236 3394 1510 3449 Romanos
1545 3391 1793 3463 imperiis
1825 3394 2041 3463 spoliati

463 3495 768 3567 dejectique
788 3498 946 3547 sunt.
973 3491 1051 3544 Ac
1083 3486 1233 3541 Zeno
1252 3485 1476 3556 quidem
1508 3500 1837 3555 recuperare
1863 3485 2046 3555 potuit

463 3588 725 3645 amissum
756 3581 1072 3653 imperium,
1115 3578 1481 3646 similiterque
1536 3576 1819 3643 Cabades;
1852 3592 2045 3632 verum

467 3675 835 3735 insidiatricis
868 3672 1105 3727 fortunae
1148 3670 1475 3725 vicissitudo
1504 3670 1772 3739 Nepotem
1796 3669 2048 3740 benignis

465 3768 642 3824 oculis
670 3781 781 3821 non
812 3761 1075 3833 respexit.
1115 3760 1288 3829 Igitur
1318 3760 1772 3830 opulentissimus
1816 3759 1906 3815 ille
1943 3761 2045 3813 Ba—

468 3859 690 3916 siliscus
752 3863 945 3912 contra
1014 3852 1289 3907 Zenonem
1343 3865 1619 3905 venenum
1678 3851 2048 3921 improbitatis

469 3949 734 4015 evomuit,
778 3962 843 4002 ac
873 3956 1065 4014 reapse
1100 3941 1358 3997 basilisco
1387 3955 1445 3996 se
1477 3942 1814 3997 acerbiorem
1865 3940 2047 3997 decla-

476 4042 646 4098 ravi-t.
698 4039 914 4108 Quippe
974 4034 1250 4108 adjunctis
1303 4034 1409 4088 sibi
1460 4035 1802 4105 pugnacibus
1860 4035 2046 4102 sociis,

469 4150 670 4207 magno
700 4147 826 4188 cum
851 4130 1020 4185 animi
1061 4127 1249 4182 furore
1279 4125 1558 4180 Zenonem
1583 4125 2049 4197 invasit.61|lle

470 4242 603 4282 vero
637 4232 804 4280 metu
871 4226 1161 4289 correptus
1205 4226 1263 4272 et
1320 4224 1503 4272 mente
1554 4217 1871 4288 perturbata
1922 4232 2047 4272 cum

469 4317 711 4375 Ariadna
739 4314 972 4384 conjuge
998 4312 1055 4366 in
1085 4309 1349 4365 Isauriam
1376 4308 1533 4380 fugit.
1573 4308 1790 4363 Etenim
1824 4309 1892 4363 de
1915 4309 2045 4375 vita,

474 4425 582 4470 non
595 4407 816 4479 opibus,
834 4402 1192 4459 laborandum
1222 4400 1325 4456 sibi
1350 4401 1595 4471 putabat.
1622 4400 1887 4455 Nimirum
1915 4401 2049 4454 nihil

472 4509 558 4557 est
600 4498 820 4570 majoris
846 4496 991 4568 apud
1034 4495 1287 4550 homines
1347 4492 1510 4563 pretii
1553 4508 1717 4562 quam
1762 4492 1908 4547 vita:
1938 4507 2048 4547 non

476 4592 624 4663 regia
674 4596 938 4661 potestas,
978 4602 1092 4642 non
1146 4586 1320 4641 maria
1351 4584 1601 4654 quaedam
1647 4584 1962 4639 divitiarum
1994 4591 2050 4639 et

473 4696 660 4751 opum.
694 4678 810 4733 lloc
833 4678 996 4732 modo
1042 4677 1179 4730 citra
1218 4674 1461 4729 laborem
1508 4674 1802 4751 Basiliscus
1855 4674 2047 4729 urbem

472 4773 775 4842 ingressus,
807 4766 957 4838 quod
995 4775 1142 4822 esset
1183 4780 1345 4820 nemo
1378 4765 1474 4835 qui
1501 4774 1735 4831 vetaret,
1790 4751 2047 4835 intpefsita

472 4863 636 4933 capiti
713 4875 918 4916 corona
968 4858 1267 4929 imperator
1334 4859 1703 4911 renuntiatur.
1750 4856 2044 4911 Enimvero

474 4954 729 5009 accidere
760 4952 1088 5022 plerumque
1118 4950 1260 5005 solet
1290 4960 1351 5004 ut
1395 4950 1627 5020 imperia
1658 4963 1767 5003 non
1808 4948 1904 5003 diu
1935 4964 2049 5002 ma-

472 5048 641 5098 neant
686 5040 828 5110 apud
883 5039 1006 5094 illos
1058 5039 1150 5108 qui
1192 5054 1255 5094 ea
1307 5051 1626 5107 rapuerunt,
1674 5036 1771 5092 sed
1830 5037 2050 5092 avolent

473 5136 586 5192 cito
629 5134 899 5204 quasique
943 5131 1247 5203 aufugiam,
1296 5138 1554 5201 tanquam
1581 5131 1625 5184 si
1658 5129 1918 5200 paulatim
1949 5129 2050 5184 do-

474 5227 656 5284 minos
681 5226 950 5297 incipiant
977 5238 1296 5299 agnoscere.
1319 5223 1412 5278 Sic
1437 5223 1531 5277 ubi
1564 5222 1741 5277 solum
1766 5222 2050 5278 biennium

475 5321 647 5378 rebus
683 5319 990 5391 praefuisset
1047 5328 1201 5373 atrox
1232 5316 1321 5371 ille
1352 5316 1667 5382 Basiliscus,
1710 5316 1929 5371 Zenone
1961 5332 2052 5373 re-

2149 3121 2338 3175 sertim
2366 3120 2563 3176 ducem
2588 3120 2873 3191 copiarum
2900 3121 3150 3177 Basilisci
3175 3121 3538 3189 Harmatium,
3564 3126 3723 3195 cujus

2147 3211 2322 3267 filium
2355 3227 2414 3267 se
2439 3226 2646 3267 corona
2681 3211 2930 3268 Caesarea
2959 3213 3101 3268 velle
3160 3213 3435 3271 redimere
3485 3215 3721 3286 jurai-ul,

2148 3302 2395 3374 undique
2454 3303 2755 3360 destitutus
2804 3314 2862 3361 et
2892 3305 3021 3377 quid
3057 3315 3246 3377 ageret
3276 3308 3553 3378 ignorans,
3615 3325 3726 3364 una

2146 3411 2273 3450 cum
2310 3410 2479 3450 uxore
2537 3395 2818 3451 Zenonide
2853 3396 3096 3451 divinam
3145 3398 3213 3453 ad
3256 3398 3426 3453 adem
3455 3398 3721 3469 confugit.

2147 3487 2277 3543 Inde
2318 3487 2490 3543 avulsi
2525 3503 2557 3542 a
2579 3487 2818 3553 Zenone,
2868 3489 2960 3558 qui
2995 3491 3230 3545 maxime
3256 3490 3612 3546 horribilibus
3635 3508 3725 3547 sa-

2147 3581 2441 3633 cramentis
2471 3593 2531 3633 se
2574 3578 2965 3644 obstrinxerat,
3002 3586 3052 3632 et
3089 3578 3365 3648 pollicitus
3414 3578 3595 3636 fuerat
3618 3599 3723 3657 nc-

2146 3687 2420 3741 quaquam
2452 3687 2511 3727 se
2550 3671 2733 3742 gladio
2765 3670 3011 3726 cervices
3049 3686 3241 3726 eorum
3292 3672 3619 3737 recisurum,
3670 3678 3724 3729 in

2149 3764 2421 3819 munitum
2452 3764 2728 3834 quoddam
2775 3765 3059 3819 castellum
3129 3765 3462 3836 relegantur.
3517 3765 3723 3821 Deinde

2152 3855 2361 3907 firmam
2405 3854 2460 3908 in
2491 3855 2685 3910 turrim
2726 3855 2959 3920 occlusi,
2992 3855 3254 3926 adituque
3285 3857 3431 3911 saxis
3487 3856 3725 3928 ingenti-

2149 3945 2253 4000 bus
2299 3946 2551 4015 obsepto,
2583 3946 2726 4001 [ante
2784 3960 2849 4001 ac
2878 3947 2968 4001 siti
2999 3946 3252 4002 homines
3282 3948 3407 4002 mali
3436 3950 3577 4004 male
3628 3965 3723 4018 pc-

2148 4036 2677 4093 reunt.Secundum
2736 4037 2853 4092 haec
2879 4037 3027 4093 Zeno
3086 4039 3347 4108 praeclare
3395 4040 3724 4096 confirmaro

2150 4127 2405 4196 imperio,
2464 4135 2642 4181 morte
2696 4126 2920 4195 quidem
2972 4127 3170 4181 multat
3234 4127 3592 4195 Harmatium,
3627 4148 3725 4202 qut

2147 4215 2554 4271 fraudulentum
2599 4229 2657 4269 se
2686 4215 3023 4284 proditorem
3067 4216 3187 4272 lteri
3232 4218 3314 4272 sui
3349 4217 3722 4286 derlarasset;

2150 4307 2313 4362 simul
2339 4316 2522 4362 autem
2548 4307 2820 4376 promisso
2844 4308 3129 4377 satisfacit,
3157 4311 3385 4381 ejusque
3409 4312 3579 4367 filium
3610 4313 3724 4368 Ca:-

2152 4413 2329 4454 sarem
2356 4394 2655 4455 renuntiat.
2704 4400 2904 4456 Verum
2952 4417 3064 4456 non
3097 4403 3269 4461 multo
3324 4413 3446 4473 post
3498 4410 3725 4460 resectis

2146 4492 2266 4562 ejus
2305 4491 2553 4546 crinibus
2601 4492 2751 4547 illum
2801 4508 2898 4563 per
2929 4494 3037 4547 vim
3084 4493 3478 4565 Cyzicenorum
3542 4500 3726 4565 ponti-
3760 4504 3774 4518 '

2148 4582 2304 4637 licem
2339 4581 2488 4637 facit.

2220 4673 2357 4729 Huic
2387 4676 2702 4746 imperatori
2721 4677 2973 4747 priedixit
2988 4677 3283 4748 aliquando
3302 4680 3526 4750 quidam
3550 4688 3727 4737 astro-

2146 4766 2302 4836 logus
2337 4762 2582 4819 futurum
2616 4776 2675 4820 ut
2727 4768 2843 4836 ipse
2901 4770 3061 4838 paulo
3113 4781 3235 4840 post
3269 4771 3379 4825 vita
3409 4772 3723 4833 decederet,

2152 4865 2208 4912 et
2232 4856 2519 4927 conjugem
2555 4856 2674 4926 ejus
2708 4868 2816 4910 una
2850 4872 2973 4911 cum
3009 4858 3239 4927 imperio
3285 4859 3368 4912 vir
3394 4858 3616 4929 quidam
3641 4874 3715 4911 se.

2148 4949 2349 5003 natorii
2383 4948 2595 5004 ordinis
2624 4948 2920 5019 acciperet.
2967 4947 3081 5004 lloc
3115 4949 3392 5004 intellecto
3416 4951 3727 5020 complures

2146 5039 2442 5109 imperator
2464 5046 2768 5104 senatores,
2802 5039 3107 5109 praesertim
3134 5039 3376 5095 illustres
3411 5050 3469 5096 et
3499 5044 3720 5110 opulen-

2151 5139 2254 5197 tos,
2290 5144 2321 5185 e
2358 5131 2540 5187 medio
2580 5131 2828 5188 sustulit.
2889 5129 3093 5187 Verum
3128 5131 3609 5205 inexpugnabilem
3635 5130 3723 5186 di-

2149 5222 2290 5277 vina:
2315 5221 2684 5278 Providentiae
2726 5222 2837 5277 vim
2898 5238 3062 5277 nemo
3120 5224 3437 5278 mortalium
3482 5236 3723 5294 unquam

2151 5330 2450 5388 coarguere
2481 5331 2583 5372 ceu
2602 5331 2797 5372 vanam
2824 5324 2881 5372 et
2903 5315 3236 5377 inefﬁcacem
3263 5317 3484 5389 poterit.
3510 5316 3723 5388 Quippe

1794 5417 1994 5478 Variae
2031 5416 2363 5478 lectiones.

546 5515 593 5547 "
629 5513 981 5586 ὗπερμάχους
1036 5511 1270 5586 ᾼιῖηθο
1303 5512 1696 5586 ἔτρεμενλΛίὶ.
1774 5516 1816 5547 ⁹¹
1845 5514 1998 5568 οὐδὲν

2048 5513 2227 5595 ψυχῆς
2260 5513 2333 5595 R.‘
2405 5516 2451 5547 ⁸⁸
2484 5517 2740 5595 ἀνέχεται
2768 5517 2850 5595 Β..
2913 5517 3037 5595 ’ξδ’
3078 5512 3146 5595 ἦν
3187 5514 3258 5595 Β.
3330 5513 3378 5595 ’.⁸
3414 5513 3610 5595 δρᾶσαι

556 5586 649 5640 καὶ
676 5580 987 5659 teme-abiciat;
1020 5582 1082 5634 Δ.
1159 5583 1205 5614 ⁸⁸
1234 5586 1342 5646 τοῖς
1371 5580 1519 5652 σφ’ὡν
1549 5584 1657 5647 ἑοῖς
1696 5585 1757 5637 Δ.
1835 5586 1877 5616 9’
1914 5580 2156 5655 οἰκτρῶς
2185 5580 2420 5657 ’θανάτῳ
2467 5580 2778 5658 καθιῖπᾶγει
2823 5588 2891 5643 Δ.
2972 5589 3017 5620 ⁸⁸
3048 5580 3148 5659 τῆν
3200 5580 3292 5640 οὗν
3339 5580 3623 5658 ἀμήχανον
3652 5581 3721 5636 Β.

479 5654 527 5688 ³⁹
558 5652 804 5723 γηγενῶν
828 5652 942 5707 RR.
