4106 6206
480 283 590 349 335

1648 244 2161 339 CONSTANTINI
2202 275 2579 338 MANASSIS

3629 282 3735 343 336

483 393 626 449 Ἀλλ’
646 385 714 464 ἦν
735 390 909 455 οὐδεὶς
926 390 956 444 ὁ
976 386 1275 460 συμπαθῶν
1297 386 1406 442 οὐδ’
1428 388 1670 443 ἐποικτεί
1674 405 1785 460 ρων
1799 389 1989 443 τοῦτον
2004 390 2025 422 ⁸
2046 406 2059 419 ·
2087 395 2142 455 Α
2165 388 2495 462 Προσαίτης,
2526 386 2919 459 ἀπελεύθερος,
2953 385 3193 460 οίκέτης,
3223 388 3323 441 οὐκ
3355 383 3599 456 οίκέτης,

484 487 612 549 Τοῖς
653 485 762 557 γάρ
795 484 979 545 κακοῖς
1003 481 1106 535 κάν
1135 480 1358 552 τελευτῇ
1385 480 1585 544 πάντες
1611 479 1988 548 ὲπεγκοτοῦσι.

485 575 689 648 Συνέϐη
726 574 783 628 δὲ
813 572 930 645 μετ’
950 572 1011 625 ού
1038 572 1172 626 πολὺ
1198 570 1289 624 τδν
1319 572 1492 641 τάφον
1525 572 1809 641 ἀνοιγῆναι

486 669 598 723 Καὶ
622 666 712 720 τὸν
734 665 928 736 νεκρὸν
956 662 1047 717 τὸν
1079 663 1319 733 δυστυχῆ
1346 665 1510 717 πᾶσιν
1543 661 1975 735 ὲκκαλυιρθῆναι,

499 742 756 813 Ἐλεεινόν
782 772 837 809 τι
872 755 1073 825 θέαμα,
1115 754 1370 818 κατάξιον
1401 753 1686 825 δακρύων·

486 847 698 930 Εύρέθη
722 847 830 921 γὰρ
869 844 1201 917 καταφαγὼν
1242 847 1366 908 τοὺς
1393 845 1503 899 τῶν
1532 843 1707 897 ποδῶν
1736 842 2029 904 σανδάλους
2084 874 2089 879 -

485 939 597 995 Καὶ
617 940 746 1003 τοὺς
770 938 1061 1011 βραχίονας
1088 934 1254 991 αὑτοῦ
1284 936 1537 1006 καθάπερ
1570 934 1903 1007 ἀλλοτρίους.

485 1031 642 1094 Τινὲς
670 1030 726 1084 δὲ
749 1029 959 1100 Ζήνωνί
987 1046 1120 1099 φασι
1145 1028 1417 1099 συμϐῆναι
1447 1028 1518 1081 τά
1546 1025 1772 1079 τοιαῦτα
1791 1042 1807 1057 ·

486 1122 756 1185 Πολλάκις
784 1121 895 1193 γάρ
925 1123 1195 1190 νοσήματι
1224 1117 1500 1189 συνείχετο
1529 1117 1765 1188 κατόχῳ,

487 1216 596 1269 Καὶ
630 1214 884 1285 θνήσκειν
918 1213 1274 1284 νομιζόμενος
1306 1211 1462 1273 αὖθις
1490 1206 1557 1282 ἦν
1593 1212 1651 1264 ἐν
1678 1212 1792 1274 τοῖς
1820 1210 2009 1275 ζῶσιν.

571 1305 708 1359 Ἀλλ’
748 1306 808 1358 ού
855 1306 965 1375 γὰρ
1024 1304 1200 1359 πάντα
1232 1304 1303 1357 τὰ
1354 1303 1498 1357 κακὰ
1532 1302 1790 1373 πρόσεστι
1819 1306 1930 1365 τοῖς
1972 1304 2069 1357 άν-

1717 1393 1996 1465 legionem,

501 1485 662 1542 Ἀλλά
689 1483 1048 1555 συγκίρναταί
1081 1500 1210 1537 ποτε
1244 1483 1339 1536 καὶ
1373 1482 1625 1553 βέλτιστα
1658 1486 1680 1518 ’
1717 1483 1997 1546 κακίστοις
2062 1487 2065 1491 ⁴

490 1576 726 1646 Βέϐηλος
751 1573 860 1644 γὰρ
891 1578 985 1626 καὶ
1017 1571 1283 1641 δυσσεϐὴς
1315 1566 1467 1635 οὗτος
1496 1572 1687 1642 φανεὶς
1717 1575 1744 1626 ό
1775 1573 1995 1641 κράτωρ

492 1664 687 1735 Ὅμως
721 1663 957 1735 ἐξώρυξε
991 1662 1157 1730 φυτὸν
1186 1662 1289 1731 γῆς
1318 1665 1360 1695 ¹⁰
1392 1662 1572 1733 πάσης
1608 1663 1926 1732 Ῥωμαῖδος,

490 1750 567 1808 OB
592 1755 685 1807 καὶ
714 1755 915 1823 καρποὶ
943 1751 1309 1821 πικράζοντες
1339 1753 1432 1806 καὶ
1466 1752 1692 1814 θάνατος
1715 1754 1748 1821 ή
1779 1753 1905 1822 ῥίζα
1926 1769 1938 1783 ·

501 1845 591 1908 Ὠς
625 1845 739 1913 εἴγε
770 1845 845 1914 μὴ
871 1845 931 1896 rb
962 1842 1298 1913 πρόσκομμα
1322 1843 1382 1895 τὸ
1408 1843 1536 1912 περὶ
1563 1843 1660 1912 τὴν
1694 1842 1990 1913 θρησκείαν

492 1937 705 2005 ,Ὥσπερ
733 1934 879 2003 παχὺ
911 1933 1007 1988 καὶ
1036 1932 1254 2002 θολερὸν
1282 1933 1671 1987 ἀντεπεσκότειη
1706 1933 1887 2002 νέφος,

488 2027 533 2079 Τ
534 2025 658 2079 οῦτο
684 2024 780 2078 καὶ
812 2024 973 2093 μόνον
999 2024 1060 2077 rb
1090 2023 1255 2077 καλὸν
1291 2024 1509 2094 ίσχυσεν
1537 2024 1603 2080 ἂν
1636 2024 1947 2097 συγκρύψαι

490 2116 601 2181 Τάς
625 2114 755 2177 ὅλας
789 2114 828 2146 ¹¹
858 2116 1244 2185 ρυπαρότητας
1283 2114 1379 2168 καὶ
1410 2114 1508 2179 τὰς
1537 2114 1903 2188 ἀκαθαρσίας.

490 2209 605 2264 Καὶ
630 2207 842 2272 πάντας
875 2207 1002 2271 τοὺς
1051 2204 1511 2279 τραυματισμοὺς
1536 2209 1663 2274 τοὺς
1696 2208 2071 2281 ίχωρωδεστά-

1438 2306 1443 2311 ’
1849 2298 1998 2372 [τους
2027 2299 2071 2331 ⁸³

493 2388 763 2459 Καθάπερ
795 2387 1121 2452 ἀλεξίκακον
1147 2386 1441 2460 φάρμακον
1469 2392 1692 2461 ύγιάσαι
1719 2392 1788 2448 ³⁸.

491 2476 600 2535 Ἦν
632 2479 690 2534 δὲ
721 2479 783 2534 rb
815 2479 1214 2551 περικόσμημα
1246 2481 1341 2533 τοῦ
1362 2483 1855 2553 ,παρανομωτάτου

506 2573 572 2626 Ἦ
604 2570 904 2642 πρόρριζος
930 2571 1214 2642 ἀναίρεσις
1246 2571 1590 2643 εἰσπράξεως
1619 2572 1898 2643 κιϐδήλου,

498 2665 570 2717 Ἦ
600 2664 820 2730 λέγεται
854 2662 1237 2735 χρυσάργυρον
1268 2664 1495 2736 ἀνδράσι
1526 2663 1866 2734 φορολόγοις.

498 2757 563 2811 Τί
595 2754 654 2811 δὲ
680 2758 774 2810 καὶ
810 2758 963 2810 ποῖον
996 2754 1057 2808 rb
1079 2754 1291 2826 λεχθὲν,
1323 2758 1350 2810 ὁ
1379 2755 1537 2825 λόγος
1574 2755 1871 2827 ίστορήσει.

497 2847 687 2913 ’Δπας
718 2847 859 2923 ᾴνήρ
890 2863 951 2901 τε
980 2847 1076 2902 καὶ
1105 2849 1266 2917 γυνὴ,
1300 2850 1428 2912 παῖς
1463 2849 1601 2921 κόρη
1633 2865 1694 2901 τε
1725 2848 1817 2902 καὶ
1843 2847 2064 2921 βρέφος,

2177 481 2349 551 ’Υπὲρ
2382 479 2654 534 σκυϐάλου
2687 477 2971 549 κοπρηροὺ
3011 483 3105 533 καὶ
3133 480 3434 549 δυσοσμίας
3474 480 3639 549 οὔρου

2172 574 2268 627 Ἐν
2297 573 2357 636 ἐξ
2388 571 2633 643 ἀργύρου
2670 569 2916 641 νόμισμα
2940 574 3167 642 παρεῖχε
3202 571 3280 641 τῷ
3306 572 3545 640 ταμείῳ.

2167 662 2331 714 Τουτὶ
2357 660 2415 713 δὲ
2457 660 2551 714 καὶ
2581 662 2695 724 τοῖς
2723 660 2979 730 κτήνεσιν
3004 661 3256 713 ἐπέκειτο
3290 661 3349 713 τὸ
3380 660 3545 733 βάρος
3578 678 3596 692 ο

2167 753 2333 806 Βουσὶ
2357 753 2465 823 γάρ
2492 750 2535 783 ¹¹⁰
2566 751 2814 822 ἡμιόνοις
2840 768 2921 817 τε,
2953 752 3048 804 καὶ
3070 752 3251 822 μέντοι
3277 753 3501 815 καὶτοῖς
3528 753 3720 815 ἵπποις

2180 842 2351 912 ’Υπὲρ
2390 841 2621 895 ἑκάστου
2648 841 2706 895 δὲ
2740 842 2927 907 κυνὸς,
2958 842 3099 910 ὑπὲρ
3122 842 3230 895 τῶν
3262 842 3306 874 ⁸⁵
3331 844 3564 913 ὀναρίων

2174 933 2271 998 Ἐξ
2296 933 2512 1001 φόλλεις
2544 931 2907 986 κατεϐάλλετο
2927 932 3021 986 τοῦ
3053 934 3286 1003 κτήνους
3314 935 3342 987 ὁ
3371 934 3426 986 δε
3439 934 3668 997 ςπόςων.

2185 1022 2242 1074 '0
2268 1023 2447 1077 τοίνυν
2483 1023 2839 1087 Ἀναστὰσιος
2873 1022 3224 1095 δυσωπηθεὶς
3264 1023 3536 1088 ἐντεύξεις

2183 1114 2419 1185 Ἀνδρῶν
2453 1116 2660 1186 μονήρη
2694 1117 2788 1168 καὶ
2818 1116 3017 1185 σεμνὸν
3056 1117 3480 1187 μετερχομένων
3513 1116 3648 1186 βίον,

2171 1205 2434 1259 Τοσοῦτον
2459 1206 2623 1275 ἄχθος
2651 1207 2823 1277 ἤλασε
2864 1211 2961 1263 καὶ
2998 1207 3323 1278 τηλικοῦτον
3351 1210 3522 1279 μύσος
3555 1210 3620 1273 ’⁸,

2173 1296 2553 1367 Προθέλυμνον
2584 1298 2643 1351 τὸ
2674 1298 2961 1367 βλάστημα
2991 1300 3052 1352 τὸ
3082 1300 3183 1368 τῆς
3209 1300 3656 1371 αἰσχροκερδείας

2185 1388 2596 1454 Ἐξανασπάσας
2626 1391 2721 1442 καὶ
2750 1391 2886 1460 πυρὶ
2911 1390 3035 1453 δοὺς
3068 1391 3468 1463 ἅφανιστηρίῳ.

2257 1480 2411 1534 Ἐπεὶ
2451 1481 2583 1551 γοῦν
2624 1482 2983 1547 Ἀναστάσιος
3011 1483 3185 1554 ᾤχετο
3214 1488 3589 1553 κακιγκάκιίς,

2189 1570 2480 1642 Ἀναιμωτὶ
2509 1572 2812 1643 χειρὶζεται
2842 1574 2970 1636 τοὺς
2999 1574 3192 1638 οἴακας
3222 1575 3317 1628 τοῦ
3352 1576 3583 1645 κράτους

2175 1663 2284 1716 Καὶ
2316 1664 2593 1734 σκῆπτρον
2623 1664 2683 1717 rb
2714 1664 2986 1734 βασίλειον
3019 1666 3047 1717 ὁ
3075 1666 3293 1737 πρῶτος
3339 1669 3617 1729 Ἰουστίνος
3640 1685 3655 1698 ·

2177 1747 2373 1802 Λαϐὼν
2407 1749 2537 1819 γὰρ,
2567 1749 2642 1812 ὥς
2664 1768 2821 1818 φασι,
2847 1752 3015 1804 πολὺν
3036 1752 3236 1822 χρυσὸν
3260 1754 3319 1818 ἐξ
3353 1756 3640 1824 ’Δμαντίου

2180 1840 2460 1912 (Ὗπῆρχε
2486 1842 2543 1893 δὲ
2578 1843 2941 1912 πραιπόσιτος
2980 1847 3269 1917 Ἀμάντιος
3293 1848 3518 1918 ἐκεῖνος)

2180 1933 2290 1984 Καὶ
2327 1932 2640 1997 κελευσθεὶς
2669 1939 2784 1998 τοῖς
2813 1938 3062 2007 τάγμασι
3092 1937 3284 1993 τοῦτον
3312 1942 3711 2008 κατακενῶσαι,

2191 2019 2277 2084 Ὧς
2307 2023 2372 2077 ἂν
2405 2027 2859 2096 περιποιήσαιντο
2886 2030 2947 2081 τὸ
2975 2028 3175 2100 κράτος
3201 2030 3478 2103 Θεοκρίτῳ

2178 2111 2269 2182 Τῷ
2298 2114 2645 2169 κοινωνοῦντι
2673 2116 2783 2171 τῶν
2806 2119 2986 2173 αὐτῶν
3014 2121 3264 2191 αἱμάτων
3308 2122 3605 2196 ’Λμαντίῳ,

2191 2202 2287 2259 Ἐκ
2316 2204 2426 2258 τῶν
2457 2206 2681 2261 ὀθνείων
2705 2208 2887 2281 ἑαυτῷ
2921 2212 3120 2265 κτᾶται
3138 2212 3255 2283 -τὴν
3278 2211 3577 2282 βασιλείαν,

2174 2296 2486 2366 Πριάμενος
2520 2298 2585 2363 ³⁷,
2615 2299 2677 2353 rb
2706 2300 3014 2373 κέρδιστον,
3049 2304 3329 2374 χρήμασιν
3361 2304 3405 2336 ¹⁸
3430 2304 3751 2377 ἀλλοτρίοις.

2175 2386 2332 2441 Οῦτω
2356 2390 2523 2442 πᾶσιν
2543 2389 2848 2460 ἐπέραστος
2881 2392 2914 2462 ή
2951 2395 3496 2466 σκηπτροκρατορία,

2174 2479 2470 2533 Κάνταῦθα
2498 2481 2659 2551 μόνον
2688 2483 2894 2537 άδικείν
2919 2484 3021 2538 οὐκ
3049 2484 3119 2540 ἄν
3142 2502 3231 2550 τις
3260 2489 3610 2559 κατοκνήσει,

2173 2569 2291 2624 Κᾶν
2314 2573 2371 2625 ἐν
2393 2576 2505 2637 τοῖς
2523 2573 2703 2639 ἄλλοις
2734 2574 2943 2640 δίκαιος
2968 2577 3282 2649 εὑρίσκοιτο
3299 2579 3341 2613 ⁸⁸
3373 2581 3468 2632 καὶ
3493 2580 3730 2651 σώφρων

2170 2659 2281 2715 Ἦν
2309 2662 2355 2716 δ’
2382 2663 2611 2735 εὐσεϐὴς
2638 2667 2732 2720 καὶ
2769 2667 3029 2739 νουνεχὴς
3059 2672 3085 2722 ὁ
3111 2669 3296 2741 γέρων
3333 2670 3641 2734 Ίουστῖνος,

2172 2752 2263 2823 Τῷ
2295 2753 2441 2826 ζήλῳ
2473 2755 2530 2809 δὲ
2565 2757 2909 2828 πυρούμενος
2937 2764 3038 2831 τῆς
3072 2763 3333 2829 εὐσεϐοῦς
3361 2767 3407 2798 ³⁸
3456 2766 3757 2838 θρησκείας

2173 2845 2298 2911 Τοῖς
2330 2847 2655 2919 Μανιχαίοις
2697 2848 2963 2906 ἄσπονδον
2990 2856 3230 2925 πόλεμον
3265 2857 3503 2930 ἑξανῆψε

3429 2991 3587 3050 Vers.
3615 2995 3673 3051 5|
3690 2996 3756 3052 l5

500 3100 700 3157 accidit
745 3107 807 3155 ut
834 3097 1149 3169 sepulcrum
1193 3097 1503 3169 aperiretur
1547 3106 1604 3154 et
1622 3098 1813 3155 infelix
1840 3098 2073 3157 cadaver
2100 3092 2143 3150 C
2175 3103 2233 3150 et
2283 3095 2459 3151 urinae
2515 3094 2647 3153 ﬁsco
2698 3113 2986 3156 nummum
3038 3112 3358 3173 argenteum
3418 3107 3753 3176 pendebant.

497 3191 756 3247 omnibus
780 3189 1186 3256 ostenderetur,
1218 3190 1590 3260 spectaculum
1634 3206 1764 3248 sane
1812 3193 2073 3249 miserum

498 3292 556 3338 et
603 3280 862 3352 lacrymis
907 3279 1177 3350 dignum;
1212 3279 1473 3336 inventus
1530 3293 1617 3337 est
1673 3284 1822 3337 enim
1872 3283 2076 3354 pedum

498 3388 725 3430 suorum
753 3371 954 3444 digitos
1006 3387 1114 3425 una
1164 3386 1290 3426 cum
1317 3372 1540 3439 lacertis
1579 3372 1896 3430 devorasse.
1935 3374 2077 3430 Sunt

499 3475 683 3520 tamen
718 3463 967 3519 nonnulli
996 3461 1092 3532 qui
1138 3461 1255 3518 haec
1284 3461 1492 3518 Zenoni
1527 3464 1795 3520 accidisse
1826 3464 2073 3521 tradant:

499 3571 628 3612 nam
660 3556 813 3610 illum
862 3554 1019 3609 aiunt
1049 3555 1368 3626 frequenter
1401 3555 1597 3611 morbo
1623 3556 1885 3611 comitiali
1922 3557 2075 3612 labo-

502 3661 674 3709 rasse,
734 3660 800 3699 ac
853 3652 1133 3703 mortuum
1196 3646 1490 3717 aliquoties
1540 3647 1809 3703 creditum
1884 3664 2076 3706 rursus

503 3737 785 3795 revixisse.
1026 3732 1027 3735 “
1048 3754 1051 3757 ·

573 3835 642 3887 At
670 3831 818 3888 enim
866 3845 978 3887 non
1029 3822 1214 3886 omnia
1253 3829 1309 3885 in
1350 3831 1672 3889 hominibus
1726 3835 1868 3888 mala
1924 3842 2074 3899 sunt,

501 3924 599 3981 sed
655 3921 881 3995 pessimi
915 3921 1194 3978 interdum
1241 3921 1446 3993 Optima
1476 3925 1721 3994 quaedam
1754 3924 2075 3979 miscentur.

503 4016 718 4086 Quippe
742 4013 959 4070 tametsi
1003 4014 1325 4070 Anastasius
1358 4013 1658 4084 imperator
1695 4030 1754 4070 se
1786 4015 2078 4085 profanum

500 4119 560 4163 et
595 4107 826 4178 impium
873 4105 1155 4161 hominem
1188 4105 1572 4170 declaraverit,
1618 4115 1799 4161 tamen
1841 4107 2080 4177 plantam

504 4198 799 4270 quamdam
839 4213 905 4253 ex
940 4197 1196 4252 universa
1217 4196 1427 4252 ditione
1460 4197 1705 4253 llomana
1733 4198 2078 4269 exstirpavit,

506 4295 666 4364 cujus
690 4303 798 4347 tam
826 4290 1003 4346 amari
1033 4289 1246 4345 fructus
1285 4299 1523 4345 erantet
1593 4290 1749 4345 radix
1802 4291 2078 4357 lethifera,

504 4396 567 4440 ut
598 4385 643 4440 si
679 4383 902 4454 quidem
937 4381 1219 4451 religionis
1254 4381 1647 4437 oﬂ'endiculum
1684 4383 1855 4438 instar
1886 4398 2081 4438 crassa:

506 4477 671 4532 nubis
697 4476 816 4547 ejus
846 4472 1149 4528 luminibus
1196 4487 1306 4525 non
1343 4472 1639 4536 oﬂ‘ecisset,
1674 4473 1777 4528 hoc
1810 4489 1977 4528 unum
2000 4473 2080 4527 fa-

508 4570 668 4626 cinus
693 4566 1012 4637 praeclarum
1062 4577 1254 4617 omnes
1295 4562 1471 4631 ipsius
1515 4562 1708 4618 sordes
1742 4574 1799 4618 et
1852 4565 2085 4634 impuri-

508 4669 650 4716 tates
678 4659 898 4715 abolere
940 4653 1201 4726 potuerit,
1258 4653 1553 4723 omniaque
1600 4654 1705 4708 viri
1737 4655 1952 4708 saniosa
1972 4656 2091 4709 vul-

509 4769 642 4810 nera
668 4764 926 4821 tanquam
952 4761 1193 4820 praesens
1234 4746 1539 4801 remedium
1568 4762 1783 4802 sanare.
1817 4748 2085 4803 Nimirum

512 4840 1233 4914 umabatimprobissimum
1270 4839 1547 4893 hominem
1571 4838 1795 4895 abolitio
1825 4849 2088 4910 perpetua

512 4939 796 5012 cujusdam
851 4933 1155 4992 exactionis
1211 4931 1591 4998 fraudulentae,
1617 4947 1779 5003 quam
1810 4931 2089 5003 publicani

513 5033 934 5105 chrysargyrum
969 5026 1147 5098 (quasi
1193 5024 1344 5079 dicas
1376 5018 2091 5096 aurargentum)nuncupa-

513 5127 668 5182 bant.
707 5121 852 5190 Quid
903 5128 1085 5174 autem
1122 5126 1179 5173 et
1207 5116 1366 5188 quale
1400 5115 1747 5183 fueritillud,
1796 5116 1931 5172 libet
1991 5132 2089 5172 ex-

518 5229 746 5287 ponere.
775 5211 978 5267 Omnes
1009 5210 1137 5275 viri,
1157 5208 1438 5270 mulieres,
1470 5206 1688 5278 puellae,
1712 5207 1887 5277 pueri,
1914 5206 2092 5262 inlan-

517 5316 625 5374 tes,
652 5303 914 5371 mendici,
940 5301 1148 5371 liberti,
1178 5301 1343 5368 servi,
1376 5300 1558 5367 liberi,
1588 5299 1806 5356 nomine
1831 5300 2090 5356 stercoris

2109 4435 2162 4494 D

2179 3186 2325 3242 ldem
2360 3202 2501 3243 onus
2531 3189 2697 3245 etiam
2746 3192 3016 3263 jumentis
3046 3192 3365 3264 impositum
3389 3206 3530 3265 erat,
3579 3198 3758 3255 bobus

2177 3278 2408 3347 scilicet,
2439 3280 2605 3336 mulis
2640 3291 2697 3338 et
2750 3283 2928 3353 equis.
2956 3286 3064 3341 Pro
3109 3288 3358 3358 quolibet
3403 3297 3592 3345 autem
3619 3306 3757 3347 eane

2177 3384 2242 3424 ac
2274 3369 2429 3426 asino
2464 3386 2562 3428 sex
2592 3372 2753 3429 folles
2773 3377 3101 3433 numerabat
3129 3379 3179 3434 is
3211 3378 3303 3450 qui
3332 3379 3486 3435 canis
3545 3380 3760 3438 asinive

2176 3463 2433 3519 dominus
2480 3475 2648 3520 esset.
2676 3463 3000 3524 Anastasius
3032 3484 3167 3541 ergo
3190 3471 3459 3527 reveritus
3492 3472 3757 3529 interces-

2179 3553 2363 3609 siones
2410 3564 2573 3626 atque
2612 3571 2807 3625 preces
2856 3560 3253 3617 nonnullorum
3293 3563 3591 3619 solitariam
3628 3565 3759 3620 reli-

2178 3646 2495 3716 giosamque
2510 3647 2675 3702 vitam
2710 3651 2989 3720 agentium
3020 3661 3232 3709 tantum
3254 3670 3394 3711 onus
3410 3665 3465 3711 et
3483 3655 3756 3725 piaculum

2179 3736 2441 3804 abolevit,
2483 3737 2729 3810 germine
2773 3742 2948 3812 turpis
2993 3742 3137 3799 lucri
3190 3742 3458 3802 radicitus
3486 3747 3675 3802 evulso
3698 3755 3758 3802 et

2180 3828 2293 3898 igni
2335 3829 2559 3884 tradito.

2251 3916 2444 3971 Postea
2470 3932 2603 3973 vero
2629 3934 2793 3990 quam
2841 3922 3019 3979 malus
3053 3924 3376 3984 Anastasius
3399 3930 3541 3985 mala
3574 3938 3755 3985 morte

2180 4006 2457 4078 periisset,
2502 4009 2643 4063 citra
2686 4012 3010 4083 sanguinem
3037 4016 3249 4085 potitus
3279 4018 3511 4088 imperio
3542 4021 3758 4089 primus

2182 4098 2414 4170 hujusce
2446 4099 2689 4156 nominis
2708 4101 2979 4160 Justinus.
3019 4104 3233 4177 Quippe
3256 4124 3379 4163 cum
3405 4107 3475 4164 ab
3504 4109 3757 4165 Amantio

2183 4191 2475 4261 praeposito
2548 4208 2774 4264 magnas
2826 4197 3074 4264 pecuniae
3130 4213 3374 4255 summas
3432 4202 3754 4271 accepisset,

2182 4297 2385 4352 easque
2412 4283 2600 4354 jussus
2622 4293 2770 4339 esset
2801 4283 2857 4339 in
2888 4287 3122 4341 militum
3154 4289 3384 4344 ordines
3415 4305 3663 4361 erogare,
3699 4299 3759 4344 ut

2187 4374 2480 4429 Theocrito
2513 4375 2804 4446 imperium
2836 4389 3196 4449 occuparent,
3238 4381 3332 4450 qui
3362 4381 3605 4437 Amantii
3628 4397 3760 4438 con-

2194 4466 2527 4536 sanguineus
2554 4478 2696 4534 erat,
2729 4469 2927 4525 alienis
2967 4470 3167 4541 Opibus
3198 4471 3422 4527 sibimet
3454 4473 3750 4543 imperium

2189 4557 2501 4627 acquisivit,
2537 4576 2654 4614 rem
2704 4561 2867 4631 longe
2898 4561 3395 4619 fructuosissimam
3426 4580 3535 4620 tere
3578 4565 3758 4620 alieno

2183 4659 2481 4704 mercatus.
2516 4649 2608 4705 Sic
2630 4650 2892 4705 nimirum
2933 4666 3125 4707 omnes
3151 4654 3444 4723 imperium
3477 4655 3755 4720 affectant,

2186 4756 2290 4797 nec
2337 4742 2629 4813 quisquam
2663 4751 2747 4798 est
2786 4746 2880 4813 qui
2917 4744 3007 4800 hic
3037 4745 3278 4817 injustus
3318 4762 3439 4802 esse
3471 4755 3747 4813 vereatur,

2190 4834 2444 4904 quamvis
2492 4834 2548 4888 in
2594 4834 2760 4890 rebus
2795 4835 2919 4892 aliis
2948 4851 3007 4890 se
3055 4837 3262 4908 justum
3306 4852 3371 4892 ac
3418 4836 3758 4892 moderatum

2194 4927 2457 4982 declaret.
2511 4926 2622 5001 64.
2653 4927 2786 4983 Erat
2817 4938 3002 4995 autem
3030 4929 3281 4987 Justinus
3306 4930 3398 4985 hic
3427 4931 3617 4985 senior
3644 4940 3758 4984 tum

2187 5020 2311 5091 pius
2332 5028 2446 5074 tum
2478 5010 2743 5091 prudens,
2770 5030 2828 5076 et
2854 5022 3121 5093 religiosa:
3149 5023 3369 5094 pietatis
3394 5024 3512 5078 zelo
3528 5022 3762 5091 ﬂagrans

2187 5123 2512 5183 perpetuum
2541 5113 3009 5189 cum'Manichaais
3057 5114 3263 5170 bellum
3299 5117 3546 5186 gerebat.
3610 5113 3757 5169 idem

2188 5205 2565 5277 gravissimam
2593 5206 2863 5271 omnium,
2894 5222 3017 5277 quae
3053 5208 3366 5263 litterarqu
3390 5206 3612 5277 quidem
3642 5218 3761 5258 mo-

2189 5295 2471 5353 numentis
2517 5297 2750 5368 prodita:
2801 5298 2953 5367 sint,
3003 5298 3451 5367 persecutionem
3497 5296 3762 5351 adversus

1760 5456 1771 5485 ;
1857 5415 2058 5481 Varie
2102 5414 2429 5476 lectiones.

586 5548 610 5581 ³
639 5546 850 5616 τούτοις
882 5552 946 5601 Α.
1019 5519 1044 5579 ί
1069 5545 1321 5616 βέλτιστα
1366 5547 1477 5616 τοῖς
1524 5544 1591 5600 Α.
1668 5544 1712 5577 ¹⁶
1739 5543 1961 5616 τῆς-χά.
2043 5542 2092 5616 εξ
2132 5540 2279 5616 ἄγεινΔ
2320 5536 2403 5592 Ην
2482 5539 3010 5616 ίξίχωροδεσῖὲρους
3068 5536 3137 5616 Bg

2050 5613 2092 5645 ¹⁷
2129 5606 2449 5681 ποιούμενος
2499 5606 2565 5667 Ii.

519 5617 565 5653 “
592 5620 703 5680 rei;
736 5615 850 5673 RR.
931 5617 973 5649 ’³
997 5615 1090 5672 καὶ
1139 5617 1280 5686 ὑπὲρ
1335 5615 1447 5671 AR.

1564 5615 1607 5648 “
1640 5617 1794 5686 μῖσος
1828 5612 1945 5669 illi.

517 5690 566 5727 ιθ
589 5688 828 5743 εὒσεϐὦν
857 5691 924 5747 Α.
1880 5698 1883 5699 ⁷

2684 5539 3010 5610 ιοδεστὲρους
3068 5536 3137 5593 Β.
3291 5531 3625 5606 θεραπεῦσαι
3692 5527 3758 5582 Β.

2684 5611 2725 5644 ³⁸
2749 5612 3068 5685 πράγμασιν
3113 5611 3177 5665 Α.
3248 5606 3321 5642 ὐ
3341 5605 3655 5675 εὑρίσκεται
3693 5597 3761 5653 ll.
