4106 6206
1800 188 1823 217 /

379 287 497 355 337

375 402 492 456 Kal
517 400 759 474 διωγμὸν
785 402 1086 477 βαρύτερον
1117 409 1162 443 ’⁸
1187 409 1297 465 τῶν
1328 418 1821 487 μνημονευομένων

378 494 510 558 Τοῖς
537 494 864 566 συντηροῦσι
892 498 937 529 ⁸⁸
967 499 1093 564 τοὺς
1134 501 1369 575 σαθροὺς
1397 508 1444 539 ³³
1487 507 1683 579 λήρους
1716 509 1811 563 τοῦ
1846 511 1963 563 Ns-

1620 600 1886 672 Ιστορίου.

377 674 493 746 Τῆς
520 676 803 745 βασιλείας
824 682 1116 753 τοιγαροῦν
1142 687 1341 756 κρατεῖ
1364 687 1594 758 χρόνους
1619 691 1795 744 ἐννέα.

463 768 549 831 Ὠς
578 768 635 823 δὲ
666 771 758 824 καὶ
783 772 975 827 τοῦτον
1009 775 1246 846 φέροντα
1282 779 1458 851 πάχος
1493 779 1693 851 θνητοῦ
1722 783 1956 855 σαρκίου

389 859 589 930 Ἐχρῆν
614 861 676 914 τὸ
696 862 857 931 χρέος
892 865 993 935 τῆς
1027 866 1227 940 θνητῆς
1263 871 1480 940 φύσεως
1509 873 1827 941 ἀποδοῦναι,

382 952 529 1022 Πρὸς
553 951 599 982 ³⁸
623 952 713 1006 τὸν
751 953 1126 1012 Ἰουστινιανὸν
1158 960 1219 1014 τὸ
1244 962 1446 1033 κράτος
1483 966 1829 1035 μεταϐαίνει,

376 1041 485 1094 Τὸν
512 1041 603 1095 τοῦ
640 1043 769 1098 ναοῦ
799 1046 1077 1119 δομήτορα
1104 1050 1296 1106 τούτου
1323 1054 1418 1107 τοῦ
1449 1059 1870 1127 τρισμεγίστου,

377 1129 483 1184 Τὸν
516 1134 1101 1209 μεγαλοπρεπέστερον
1130 1141 1380 1197 ἀνάκτων
1401 1146 1509 1198 τῶν
1544 1148 1849 1219 προτέρων,

382 1223 479 1284 Ὃς
509 1223 845 1292 ἀδελφόπαις
872 1228 1094 1299 γνήσιος
1120 1231 1369 1303 ὑπῆρχεν
1405 1236 1718 1291 ’1ουστίνου.

374 1307 544 1374 Οὗτος
567 1314 614 1367 δ’
647 1317 812 1380 εὐθὺς
836 1320 896 1370 ὲν
918 1323 1036 1384 ταῖς
1064 1325 1262 1393 ἀρχαῖς
1288 1326 1387 1395 τῆς
1415 1326 1850 1400 αὐτοκρατορίας

378 1402 622 1473 Πόλεμον
653 1408 1024 1479 συνεκρότησε
1048 1413 1191 1465 κατὰ
1220 1413 1331 1467 τῶν
1357 1417 1680 1488 Οὐανδήλων
1711 1421 1757 1452 ’⁸

376 1495 487 1549 Kal
511 1497 605 1550 τοῦ
642 1499 813 1568 ρηγὺς
846 1501 1141 1573 Γελίμερος
1176 1504 1252 1569 ὡς
1280 1509 1773 1578 τυραννικωτάτου.

374 1586 562 1640 Φιλίαν
594 1589 705 1659 γάρ
732 1608 814 1644 τοι
837 1591 1090 1661 καθαρὰν
1118 1596 1214 1649 καὶ
1242 1598 1348 1667 πρὸ
1368 1600 1469 1668 τῆς
1498 1600 1783 1671 βασιλείας

377 1678 519 1745 Πρὸς
543 1679 635 1731 τὶν
672 1680 958 1753 Ἰνδέριχον
980 1682 1223 1739 πλουτῶν
1243 1687 1350 1741 τῶν
1377 1690 1700 1761 Οὺανδήλων
1717 1693 1765 1724 ’⁸
1783 1691 1949 1763 ρῆγα,

373 1768 488 1822 Kal
519 1772 825 1842 γράμματα
855 1773 1145 1847 δεξάμενος
1172 1778 1245 1842 ὡς
1277 1781 1304 1832 ό
1350 1783 1540 1846 σκαιὸς
1575 1783 1809 1855 Γελίμερ

384 1860 444 1913 Ἐ
456 1865 757 1935 πανασταίη
790 1867 837 1898 ’⁸
862 1868 985 1921 κατ’
1013 1869 1183 1923 αὐτοῦ
1209 1873 1304 1925 καὶ
1333 1873 1697 1939 κατακλείσας
1727 1876 1773 1908 ³⁷
1800 1875 1914 1947 ἔχοι

370 1952 546 2005 Λύτόν
571 1971 632 2007 τε
665 1954 758 2009 τὸν
798 1957 1084 2030 ἰνδέριχον
1109 1960 1208 2015 καὶ
1233 1963 1482 2035 γαμετὴν
1512 1965 1608 2019 καὶ
1635 1966 1823 2033 τέκνα,

372 2046 483 2098 Καὶ
518 2047 620 2119 τὴν
644 2048 820 2120 ἀρχὴν
844 2051 1102 2120 ἀφέλοιτο
1138 2054 1438 2124 σύμπασαν
1479 2056 1793 2128 Ἰνδερίχου,
1894 2094 1905 2099 -

371 2135 560 2192 Ταῦτα
596 2138 784 2209 μαθὼν
811 2142 840 2195 ό
866 2141 1146 2212 βασιλεὺς,
1182 2144 1412 2215 πληγείς
1432 2163 1491 2199 τε
1517 2146 1615 2219 τὴν
1646 2148 1873 2218 καρδίαν

376 2230 489 2282 Kal
515 2229 659 2300 μέγα
691 2231 1079 2304 παθηνάμενος
1110 2234 1157 2266 ⁸⁸
1191 2236 1330 2307 ὑπὲρ
1355 2237 1449 2290 τοῦ
1483 2237 1949 2308 δυσπραγοῦντος,

373 2321 574 2374 Στόλον
601 2324 745 2376 κατὰ
778 2324 1075 2396 Γελίμερος
1117 2327 1447 2399 μυρίανδρον
1487 2330 1788 2399 ἐκπέμπει,

371 2412 687 2484 Στολάρχην
705 2413 761 2466 δὲ
789 2416 835 2448 ¹⁹
868 2415 1162 2488 καθίστησι
1192 2418 1286 2472 καὶ⁹
1310 2420 1616 2490 στρατηγὸν
1644 2421 1743 2493 τῆς
1771 2422 1951 2493 μάχης

372 2504 479 2555 Τεὶν
519 2503 695 2575 μέγαν
721 2504 1058 2578 Βελισάριον,
1091 2507 1190 2579 τὴν
1216 2510 1328 2563 τῶν
1369 2509 1658 2582 Ῥωμαίων
1691 2515 1870 2584 χεῖρα,

373 2594 479 2647 Τὸν
508 2596 718 2660 πάντας
752 2596 1152 2669 ἀποκρύψαντα
1173 2602 1523 2675 στρατάρχας
1547 2603 1952 2675 φαλαγγάρχας

386 2685 511 2738 Ἐπὶ
543 2688 863 2760 στερρότητι
901 2692 1138 2761 φρενῶν,
1169 2693 1257 2747 ἐπ’
1290 2694 1731 2762 ἁριστοϐουλίαις
1763 2712 1778 2730 ι

378 2776 476 2839 Ὃς
513 2777 902 2850 συλλεξάμενος
926 2782 1141 2852 πληθὺν
1174 2785 1470 2856 ναυμάχων
1503 2786 1858 2857 πεζομάχων,

374 3028 501 3084 illos
532 3028 771 3087 instituit
800 3032 893 3102 qui
931 3033 1124 3105 putida
1160 3035 1397 3092 Nestorii
1438 3036 1632 3092 deliria
1662 3039 1951 3095 sectaban-

375 3129 490 3173 tur.
518 3119 634 3175 Hoc
664 3122 830 3176 modo
854 3139 1051 3179 novem
1080 3125 1240 3181 annis
1261 3126 1491 3197 imperio
1516 3129 1743 3198 potitur.

447 3210 583 3267 Cum
605 3223 794 3294 autern
814 3224 869 3270 et
891 3216 995 3286 ipsi
1019 3215 1267 3273 debitum
1293 3227 1507 3274 natura:
1522 3222 1947 3290 persolvendum

372 3310 543 3367 esset,
574 3304 644 3359 ad
694 3305 1090 3373 Iustinianum,
1122 3323 1289 3378 supra
1325 3309 1688 3379 imperatores
1734 3314 1951 3383 priores

374 3394 745 3462 magniﬁcum,
775 3397 1064 3467 imperium
1096 3401 1381 3469 pervenit;
1414 3402 1509 3471 qui
1534 3404 1794 3472 templum
1815 3406 1950 3460 illud

372 3483 536 3556 longe
576 3487 873 3543 maximum
918 3491 1187 3548 condidit.
1242 3494 1417 3550 Natus
1454 3505 1575 3549 erat
1628 3512 1698 3551 ex
1747 3498 1952 3554 Justini

372 3590 588 3641 sorore,
620 3579 916 3648 statimque
940 3582 1045 3636 sub
1080 3582 1296 3639 initium
1349 3586 1564 3657 imperii
1616 3588 1823 3646 bellum
1854 3590 1953 3646 ad-

370 3683 574 3722 versus
600 3669 857 3725 Vandilns
883 3683 940 3727 et
974 3689 1155 3743 regem
1194 3691 1388 3732 eorum
1412 3677 1762 3749 Gelimerem,
1790 3683 1952 3755 longe

366 3758 818 3817 crudelissimum
851 3804 866 3828 ,
919 3767 1110 3821 movit.
1162 3769 1299 3824 Nam
1343 3787 1722 3845 cummagno,
1776 3791 1953 3848 eoque

371 3848 635 3916 candido,
686 3866 874 3909 amore
927 3857 1284 3915 Vandilorum
1325 3878 1503 3934 regem
1554 3855 1950 3924 llinderichum

375 3943 540 3996 etiam
573 3948 1244 4019 antea,complecteretnr,
1271 3969 1397 4010 cum
1431 3957 1721 4028 imperium
1753 3972 1952 4017 nactus

377 4034 591 4098 fuisset,
633 4050 698 4090 ac
724 4036 835 4106 jam
865 4038 1065 4096 litteris
1095 4044 1300 4100 certior
1338 4046 1516 4105 factus
1547 4062 1696 4108 esset
1744 4054 1952 4124 impro-

375 4124 508 4178 l~um
533 4125 861 4183 Gelimerem
909 4131 1180 4189 seditione
1216 4147 1360 4192 mota
1384 4138 1786 4199 llindcrichum
1821 4161 1948 4200 cum

377 4234 549 4273 uxore
570 4234 635 4274 ac
661 4220 852 4277 liberis
897 4222 1171 4282 inclusum
1226 4230 1345 4285 loco
1372 4216 1615 4302 q-uodam
1650 4235 1856 4292 habere
1888 4252 1953 4292 ac

378 4324 606 4376 regnum
654 4312 707 4365 ei
773 4321 947 4367 totum
989 4314 1261 4374 ademisse
1288 4362 1304 4386 ,
1347 4323 1701 4390 perturbatus
1740 4327 1950 4393 animo,

1484 302 1993 369 COMPENDIUM
2027 306 2507 372 CHRONICUM.

3527 325 3638 390 338

1989 425 2031 481 Α
2060 421 2286 490 Ψιλους,
2309 425 2593 491 ἐνόπλους,
2618 425 2948 496 πελταστὰς,
2964 430 3221 499 ἱππότας,
3249 434 3636 507 σφενδονήτας,

2072 514 2387 577 Ἐθέλοντας
2417 518 2512 570 καὶ
2550 518 2885 584 σπεύδοντας
2930 522 3103 577 αὐτοῦ
3133 526 3598 597 προκινδυνεύειν,

2059 607 2172 660 Kal
2205 605 2325 675 βίας
2356 607 2695 679 ἀπεχόμενος
2720 610 2921 666 ἀδίκων
2950 613 3355 685 ἁρπαγμάτων,

2059 692 2169 745 Kal
2196 695 2406 760 πάντας
2424 696 2645 767 ἔχεσθαι
2668 699 2842 753 ποιῶν
2878 702 2977 773 τῆς
3004 703 3455 778 δικαιοπραγίας,

2059 785 2248 839 Πᾶσαν
2272 787 2731 858 κατετροπώσατο
2758 790 2975 847 Λιϐύων
3014 796 3350 869 φυλαρχίαν,

2059 876 2168 927 Καὶ
2194 877 2460 947 τράχηλον
2506 879 2597 932 τὸν
2628 880 2916 953 ἄκαμπτον
2974 885 3186 943 ἔκλινεν
3221 890 3539 962 Ούανδήλων
3568 894 3638 958 ³⁸,

2055 966 2244 1020 Αὐτῶν
2270 968 2417 1040 αὐτῷ
2448 969 2558 1024 τῶν
2581 971 2863 1043 δυσμενῶν
2895 976 3114 1032 Λιϐύων
3168 981 3640 1053 προσχωρούντων

2056 1057 2168 1110 Kal
2203 1059 2614 1125 σπουδαζόντων
2643 1062 2908 1135 ἄρχεσθαι
2941 1069 3096 1140 παρὰ
3125 1069 3470 1144 Βελιζαρίου.

2056 1148 2213 1202 Οὕτω
2236 1165 2317 1204 τοι
2344 1151 2390 1184 ³ο
2422 1155 2653 1225 πρᾶγμα
2694 1156 2976 1228 δύσμαχον
3016 1162 3058 1193 ³¹
3087 1163 3564 1237 ἡδικαιοπραγία,

2058 1241 2168 1295 Kal
2198 1241 2384 1310 φίλους
2414 1239 2520 1298 οἶδε
2554 1248 2819 1320 καθιστᾷν
2850 1252 2979 1315 τοὺς
3014 1252 3212 1325 πρώην
3246 1258 3631 1327 μισουμένους,

2068 1333 2386 1402 Ἑφέλκεταί
2410 1354 2472 1390 τε
2495 1339 2623 1403 τοὺς
2655 1342 2887 1412 ἐχθροὺς
2914 1345 2994 1409 ὡς
3030 1347 3251 1418 σίδηρον
3279 1353 3569 1422 μαγνῆτις.

2055 1425 2264 1493 Δεῖγμα
2287 1427 2657 1497 χρηστότητος
2674 1431 2842 1486 αὐτοῦ
2874 1435 2968 1487 καὶ
2994 1436 3198 1506 τρόπου
3223 1439 3632 1511 φιλανθρώπου.

2059 1514 2313 1585 Ἦρπασέ
2346 1518 2392 1550 ⁸³
2418 1534 2501 1580 τις
2529 1520 2638 1573 τῶν
2663 1523 2757 1576 τοῦ
2794 1522 3029 1595 στρατοῦ
3074 1531 3411 1586 κατοικιδίαν
3438 1532 3587 1604 δρνιν
3613 1548 3633 1567 ο

2059 1605 2285 1677 Ἥγειρε
2310 1606 2475 1679 θροῦν
2503 1611 2531 1663 ό
2559 1611 2635 1682 μὴ
2659 1613 2842 1678 καλῶς
2869 1616 3188 1688 ἀφαιρεθεὶς
3224 1622 3322 1693 τὴν
3345 1622 3520 1694 ὄρνιν.

2059 1697 2296 1750 Ἤκουσε
2329 1699 2670 1772 Βελισάριος,
2702 1704 2941 1778 ⁴ὴχθέσθη
2975 1710 3054 1778 τῷ
3090 1713 3383 1781 συμϐάντι,

1983 1777 2021 1834 Β
2067 1789 2290 1861 Ἀνεῢρε
2320 1790 2412 1845 τὸν
2453 1795 2802 1865 φιλὰρπαγα.
2838 1777 2937 1872 Τῷ
2968 1800 3115 1874 ζήλῳ
3217 1806 3526 1875 ὑπερζέσας

2050 1882 2292 1935 Δεινὺν³³
2321 1884 2711 1955 εἰσπράττεται
2740 1890 2932 1961 ποινὴν
2953 1893 3094 1963 ὑπὲρ
3128 1896 3328 1967 μικροῦ
3361 1897 3628 1969 μεγάληνο

2051 1974 2281 2029 Κελεύει
2323 1975 2431 2046 γὰρ
2454 1977 2546 2031 τὸν
2578 1979 2761 2034 ἄθλιον
2792 1983 3321 2056 ἀνασκολοπισθῆναι

2050 2069 2162 2122 Kal
2182 2068 2387 2140 ταύτην
2415 2070 2575 2142 δίκην
2607 2074 2866 2145 ὑποσχεῖν
2906 2078 3012 2149 τῆς
3052 2079 3336 2147 φιλαδίκου
3379 2081 3626 2152 γνώμης·

2052 2161 2115 2213 Εἰ
2145 2161 2254 2232 γὰρ
2274 2163 2369 2215 καὶ
2395 2166 2768 2235 προσεφέρετο
2797 2170 2909 2232 τοῖς
2934 2169 3118 2239 δχλοις
3151 2171 3555 2240 φιλανθρώπως

2051 2250 2163 2304 Kal
2193 2250 2368 2319 μέλιτι
2399 2253 2726 2321 γλυκάζοντι
2757 2256 2885 2320 τοὺς
2913 2256 3107 2325 λόγους
3131 2257 3449 2329 συνεκίρνα,

2065 2340 2206 2395 Ἀλλ’
2238 2340 2356 2413 ᾔδει
2392 2342 2441 2375 ⁸⁸
2478 2346 2571 2398 καὶ
2594 2346 2931 2414 πικράζοντά
2957 2364 3087 2401 ποτε
3119 2350 3530 2419 παραμιγνύειν

2052 2431 2212 2487 Κατὰ
2235 2434 2496 2505 δοκίμους
2529 2437 2751 2505 ίατροὺς
2781 2438 2876 2491 καὶ
2900 2438 3263 2510 πολυπειροτέ
3274 2458 3421 2511 ρους.

2053 2521 2339 2579 Ἐντεῦθεν
2375 2530 2440 2597 τῇ
2467 2527 2566 2598 μὲν
2595 2530 2826 2600 στρατιᾷ
2860 2529 3024 2597 φόϐος
3057 2531 3260 2601 ἐπῆλθε
3296 2532 3490 2602 μέγας,

2051 2616 2163 2671 Kal
2196 2616 2314 2681 δέος
2348 2619 2766 2688 ὲκρυστάλλωσε
2799 2619 2893 2674 τοῦ
2924 2621 3162 2693 πλήθους
3182 2623 3281 2687 τὰς
3308 2624 3535 2696 καρδίας
3555 2624 3629 2660 "-

2052 2710 2151 2763 Ἐκ
2181 2709 2237 2763 δὲ
2262 2710 2479 2764 Λιϐύων
2510 2711 2622 2765 τῶν
2649 2712 2863 2784 ἐχθρῶν
2886 2715 3076 2785 ἀγάπη
3115 2716 3449 2789 προσετέθη,
3563 2726 3568 2731 ’

2053 2801 2162 2856 Kal
2196 2801 2393 2866 πάντες
2417 2798 2512 2856 ῐσα
2538 2804 2634 2859 καὶ
2661 2803 2783 2858 θεὸν
2806 2804 2849 2836 ³⁸
2875 2805 2968 2860 τὸν
2993 2808 3299 2879 στρατηγὸν
3321 2809 3629 2881 εὐφήμουν.

3304 2944 3460 3001 Vers.
3490 2944 3632 3002 5168

2056 3060 2117 3106 ut
2151 3051 2296 3121 :equi
2346 3051 2708 3109 observantes
2753 3064 2962 3120 essent,
3022 3054 3249 3127 Libyam
3309 3055 3627 3112 universam

1979 3129 2022 3187 ίΞ
2054 3143 2365 3213 occupavit,
2394 3152 2452 3199 et
2495 3145 2743 3201 cervices
2777 3146 3158 3211 Vandilorum,
3210 3161 3334 3217 quae
3362 3147 3632 3202 hactenus

2050 3234 2195 3290 ﬂecti
2226 3236 2609 3305 nequiverant,
2648 3238 2877 3301 inﬂexit,
2915 3238 3164 3308 ipsismet
3213 3239 3361 3294 Afris
3403 3239 3471 3293 ad
3499 3242 3628 3294 cum

2052 3321 2474 3389 deﬁcientibus,
2525 3332 2582 3377 et
2632 3340 2857 3394 operam
2898 3327 3159 3381 dantibus
3208 3337 3325 3381 uta
3370 3327 3635 3384 Belisario

2054 3423 2399 3482 regerentur.
2437 3414 2709 3469 Nimirum
2759 3414 2963 3470 invicta
2996 3431 3085 3471 res
3126 3416 3468 3487 estjnstitia,
3508 3432 3633 3486 qua:

2052 3504 2209 3573 prius
2243 3504 2468 3558 infestos
2483 3513 2663 3573 potest
2687 3504 2894 3561 amicos
2923 3506 3174 3573 reddere,
3209 3520 3275 3561 ae
3297 3507 3484 3561 hostes
3506 3520 3636 3575 peri

2054 3591 2183 3646 inde
2202 3592 2435 3647 attrahit
2460 3602 2522 3647 ut
2554 3608 2776 3666 magnes
2802 3593 3038 3650 ferrum.
3069 3596 3390 3666 Exemplum
3418 3596 3637 3651 bonita-

2057 3683 2127 3738 tis
2151 3691 2208 3738 et
2232 3682 2595 3739 humanitatis
2618 3684 2737 3754 ejus
2770 3698 2901 3763 erga
2935 3685 3187 3742 subditos
3219 3685 3325 3741 hoc
3355 3701 3478 3743 esse
3510 3696 3634 3758 pot-

2053 3784 2157 3829 est.
2194 3774 2425 3840 Quidam
2467 3775 2623 3831 miles
2644 3789 2801 3831 avem
2834 3776 3201 3833 domesticam
3242 3788 3519 3849 rapuerat.
3554 3778 3631 3836 Ea

2053 3866 2149 3935 qui
2185 3881 2281 3935 per
2321 3865 2573 3937 iniuriam
2608 3867 2873 3937 spoliatus
2900 3878 3043 3933 crat,
3084 3870 3380 3925 clamorem
3422 3870 3633 3925 tumul-

2056 3958 2298 4013 tuarium
2334 3960 2495 4014 tollit.
2543 3961 2663 4027 Quo
2698 3961 2924 4031 quidem
2963 3961 3262 4018 Belisarius
3302 3962 3493 4017 audito
3550 3963 3634 4018 fa-

2054 4060 2204 4107 ctum
2230 4052 2362 4107 illud
2421 4055 2652 4109 molesto
2695 4056 2819 4109 tulit
2867 4055 3095 4121 animo;
3163 4053 3393 4108 militem
3428 4055 3638 4124 rapinis

2054 4141 2300 4198 deditum
2334 4145 2706 4214 perquirendo
2751 4146 3000 4215 reperit;
3040 4145 3328 4200 ardentius
3354 4145 3633 4201 excande-

2055 4247 2216 4288 scens
2276 4248 2493 4301 poenam
2527 4248 2626 4302 pro
2663 4234 2866 4289 delicto
2911 4250 3021 4288 non
3047 4218 3255 4306 magno
3300 4245 3548 4291 atrocem
3576 4244 3635 4291 et

2055 4336 2276 4392 gravem
2301 4320 2354 4374 in
2381 4338 2505 4381 eum
2533 4324 2767 4388 Statuit;
2800 4323 3006 4392 quippe
3038 4326 3300 4380 miserum
3326 4326 3383 4381 in
3410 4341 3631 4382 crucem

377 4402 847 4474 vehementerque
907 4422 1036 4463 casn
1102 4411 1265 4467 amici
1322 4414 1556 4470 adverso
1617 4429 1946 4484 commotus,
1981 4462 2028 4488 ,ι
2056 4411 2141 4483 agi
2186 4411 2371 4482 ἱυεδίι,
2417 4421 2582 4482 atque
2628 4412 2735 4467 hoc
2764 4413 3022 4483 ευρρὶίοίί
3059 4430 3235 4485 genus
3266 4426 3491 4488 propter
3511 4416 3633 4471 ani‘

378 4494 605 4549 classem
631 4496 864 4554 iniinitis
883 4497 1204 4556 instructam
1228 4505 1602 4573 copiiscontra
1619 4508 1949 4565 Gelimerem
1981 4494 2027 4522 υ
2058 4519 2209 4558 mum
2242 4502 2459 4574 ῖηὶυνίω
2489 4503 2748 4571 cupidum
2784 4506 3021 4576 ρθνρθιὶ-
3057 4506 3166 4577 65
3198 4507 3461 4574 Ουιιηὶνίθ
3482 4508 3631 4564 enim

378 4585 569 4651 misit,
608 4587 772 4658 eique
821 4605 921 4648 ceu
975 4592 1106 4648 belli
1141 4594 1336 4649 ducem
1394 4598 1640 4667 praefecit
1689 4616 1945 4670 magnum
2053 4610 2085 4650 a
2116 4603 2314 4650 natura
2337 4594 2419 4651 sic
2442 4604 2793 4665 comparatus
2815 4604 2937 4652 erat
2966 4604 3028 4651 ut
3050 4598 3469 4667 perhumaniter
3501 4613 3628 4653 cum

379 4675 532 4731 illum
569 4678 919 4748 Belisarium,
953 4682 1124 4752 ipsam
1152 4686 1523 4743 Romanorum
1558 4706 1819 4759 manum;
1853 4692 1949 4761 qui
2016 4750 2019 4753 ,
2053 4685 2371 4742 hominibus
2400 4694 2586 4756 θεοτει
2615 4685 2873 4758 dulcique
2904 4688 3065 4744 mene
3096 4687 3265 4743 verba
3293 4703 3393 4743 ⁸⁸³³
3422 4696 3633 4757 “"“Pe‘

378 4782 569 4824 omnes
596 4771 955 4842 imperatores
990 4776 1385 4849 copiarumque
1412 4780 1582 4836 duces
1610 4783 1777 4836 animi
1813 4798 1949 4838 con-
2055 4787 2221 4839 taret.
2255 4787 2436 4833 tamen
2471 4778 2617 4833 idem
2674 4787 2835 4834 norat
2877 4779 3228 4850 experientes
3267 4788 3326 4834 et
3353 4778 3531 4833 claros
3572 4778 3631 4833 in

377 4861 576 4915 staulia
599 4872 658 4917 et
683 4864 1118 4933 praeclarissimis
1142 4870 1389 4926 consiliis
1416 4871 1717 4940 superavit.
1739 4873 1945 4928 Belisa-
2056 4878 2306 4938 artc,sua
2352 4870 2596 4925 medicos
2647 4871 2825 4925 solere
2858 4886 3256 4940 nonnunquam
3300 4884 3485 4925 amara
3520 4869 3627 4956 mi-

377 4952 494 5005 rius
517 4963 745 5024 accepto
768 4956 1003 5025 imperio
1030 4973 1155 5013 cum
1201 4960 1538 5028 classiarios,
1570 4962 1785 5032 pedites
1815 4963 1955 5019 levis
2052 4978 2229 5019 scere.
2295 4961 2473 5033 Atque
2520 4963 2627 5017 hoc
2686 4964 2832 5018 facto
2863 4972 3197 5019 consecutus
3222 4972 3307 5018 est
3336 4970 3395 5016 ut
3435 4952 3630 5033 ingens

376 5051 432 5095 et
455 5045 635 5112 gravis
669 5057 961 5103 armaturae
998 5050 1223 5116 milites,
1255 5061 1519 5119 eetralos,
1552 5054 1791 5124 equites,
1822 5054 1953 5110 fun-
2054 5054 2279 5125 quidam
2349 5069 2520 5124 pavor
2571 5055 2878 5109 exercitum
2941 5053 3230 5108 invaderet
3281 5051 3627 5120 militumque

375 5132 606 5198 «litorcs,
628 5136 721 5204 qui
756 5152 856 5205 pro
883 5154 949 5193 eo
973 5139 1231 5195 lubenter
1260 5158 1319 5197 se
1344 5143 1758 5213 periclitaturos
1784 5147 1944 5217 proﬁ-
2054 5148 2219 5202 corda
2266 5154 2445 5201 metus
2482 5147 2890 5216 constringeret
2922 5184 2938 5207 ,
3013 5143 3219 5216 Libyca
3272 5159 3405 5198 vero
3451 5142 3626 5206 natio.

376 5234 646 5287 terentur.
674 5230 1004 5300 collegisset.
1038 5232 1198 5311 simul
1224 5234 1293 5288 ab
1326 5236 1652 5307 injustarum
1688 5239 1955 5309 direptio-
2053 5238 2317 5294 Romanis
2351 5239 2567 5301 infesta,
2610 5238 2931 5293 Belisarium
2979 5252 3166 5292 amare
3212 5235 3510 5305 occiperet,
3564 5248 3629 5287 ac

375 5328 509 5370 sum
529 5317 578 5372 vi
602 5308 831 5389 prorsus
851 5308 1172 5389 abstineret,
1196 5340 1497 5399 omnesque
1519 5308 1957 5387 consuefecissct
2054 5330 2250 5386 ducem
2288 5330 2437 5383 hunc
2492 5330 2664 5384 instar
2715 5328 2947 5399 alicujus
3002 5327 3099 5383 Dei
3144 5327 3402 5383 laudibus
3455 5324 3622 5395 vulgo

1738 5468 1941 5530 Varia:
1986 5466 2316 5530 lectiones.

451 5588 492 5677 ’ἶ
531 5586 832 5677 βαρύτοξτον
862 5594 928 5677 4·
1033 5594 1414 5677 ἶῖσεσομένρις
1444 5595 1663 5677 Αλ-’³
1693 5595 1939 5677 “sapae:
1971 5593 2083 5677 “li,
2112 5593 2351 5677 λυπξοδς
2382 5594 2460 5677 “1-
2572 5584 3628 5677 313:9"se;"-..."..“1?”I‘“’Y,“§'

378 5657 427 5736 ξξ
462 5656 846 5736 ᾖξαναστῇσας
878 5665 943 5736 Α,
981 5735 988 5736 7
1044 5665 1099 5736 "’A
1118 5656 1476 5736 καταστήσας
1503 5665 1621 5721 RR.
1729 5667 1775 5699 "
1808 5656 1951 5719 παθα

2046 5656 2200 5736 μενος
2225 5656 2289 5718 R.
2333 5656 2344 5658 ’
2392 5665 2533 5736 7”st
2564 5665 2724 5721 ARR.
2814 5656 2962 5719 ⁸³’θίτι
3000 5663 3111 5719 AR.
3151 5665 3191 5696 ³⁸
3227 5656 3515 5733 σύμμαχον
3552 5656 3633 5715 Βι

379 5726 428 5760 ⁸⁸
457 5726 826 5801 ἐξήρπασέἢ.
901 5734 944 5767 ³³
970 5733 1149 5806 δεινὴν
1179 5734 1290 5789 AR.
1348 5726 1411 5768 ’³⁸
1432 5726 1539 5789 έῑδε
1564 5736 1628 5792 R.
1707 5737 1752 5770 ⁸³
1782 5737 1881 5804 τὴν
1916 5726 2139 5803 καρδίαν
2163 5735 2228 5788 Β.
2305 5737 2350 5767 ⁸⁸
2382 5735 2509 5805 θεῷ.

1033 5596 1078 5626 ¹¹
1106 5594 1414 5664 σεϐομένοις
1444 5596 1509 5649 Α.
