4080 6206
354 354 460 422 341

373 463 594 537 Ἦμέρα
622 465 991 539 πανηγύρεως
1021 464 1240 541 ἡμέραν
1271 469 1353 536 εἰς
1377 469 1651 543 πενθίμην
1675 488 1688 503 ’

363 556 621 630 Τῶνςγάρ
650 559 926 614 πεσόντων
952 563 985 632 ή
1012 561 1224 631 πληθὺς
1254 562 1456 634 εὑρέθη
1489 564 1800 634 ποσουμένη

365 648 460 711 Εἰς
489 648 652 703 πέντε
676 650 814 720 πρὸς
844 652 1147 722 τριάκοντα
1176 653 1517 726 χιλιανδρίας
1540 654 1691 719 ὅλας.

367 737 442 791 Τδ
494 739 598 809 μὲν
627 739 724 793 οὖν
755 741 963 812 πλῆθος
1017 745 1285 799 συσταλὲν
1338 747 1554 819 ἀπέστη
1590 747 1692 813 τῆς
1724 754 1942 817 μανίας,

368 829 430 882 Ὅ
451 829 510 884 δὲ
538 830 762 901 κρατῶν
794 832 1028 902 ἐξέφυγε
1061 835 1191 898 τοὺς
1223 838 1284 888 ὲν
1317 837 1443 890 ποσὶ
1485 838 1786 901 κινδύνους.

348 912 349 915 “
428 921 538 977 Ἤν
552 924 714 978 τοῦτο
731 924 793 978 τὸ
813 927 1179 999 στρατήγημα
1197 929 1584 1000 λαμπρότερον
1600 932 1708 985 τῶν
1724 931 1939 1005 πρώην,

357 1013 471 1067 Καὶ
506 1016 682 1084 μέγας
706 1016 1025 1087 Βελισάριος
1057 1014 1127 1090 ἦν
1150 1021 1243 1075 ἐπὶ
1273 1024 1636 1093 στρατηγίαις
1662 1040 1676 1053 ⁸

355 1106 522 1160 Ἀλλὰ
548 1107 660 1178 γὰρ
688 1109 844 1163 ταῦτ’
874 1110 976 1163 οὐκ
1003 1111 1204 1182 ἤρεσκε
1240 1110 1318 1181 τῷ
1335 1111 1532 1184 ’φθόνῳ
1567 1115 1645 1183 τῷ
1670 1116 1939 1187 κακίστῳ.

362 1198 560 1252 Ἔνθεν
585 1200 784 1272 πικρὸν
818 1200 1073 1271 ἐνέϐλεψε
1100 1201 1196 1255 τοῦ
1233 1203 1543 1273 στρατηγοῦ
1570 1205 1648 1273 τῷ
1685 1206 1853 1269 κλέει,

359 1292 469 1344 Καὶ
508 1291 714 1356 πάσαις
737 1293 939 1363 ήλασεν
967 1293 1170 1365 ὁρμαῖς
1204 1295 1347 1349 κατά
1378 1296 1478 1366 τῆς
1517 1297 1707 1350 τούτου
1738 1298 1897 1368 δόξης
1925 1314 1940 1328 ο

369 1383 431 1435 'd
470 1384 663 1453 φθόνος
694 1384 826 1455 γὰρ,
862 1384 936 1448 ῶς
964 1385 1239 1456 λέγουσιν,
1271 1389 1370 1443 οὔκ
1400 1386 1507 1443 οἶδε
1542 1390 1605 1442 τὸ
1636 1391 1937 1461 συμφέρον.

371 1472 656 1526 Ἐντεῐθεν
694 1476 722 1527 6
746 1473 1071 1538 πολύολϐος,
1099 1478 1128 1529 6
1155 1477 1350 1546 μέγας,
1380 1481 1408 1532 6
1434 1480 1784 1551 στρατάρχης

370 1561 429 1614 ’0
461 1563 552 1615 τὸν
583 1564 834 1635 Χοσρόην
862 1565 1112 1632 ἐκφοϐῶν
1137 1567 1228 1620 τὸν
1251 1568 1481 1640 φοϐερὸν
1510 1568 1558 1601 ⁸⁸
1590 1571 1936 1643 Περσάρχην,

373 1652 434 1701 ’0
466 1650 513 1682 ⁸⁵
548 1652 787 1720 βασιλεῖς
819 1655 1123 1725 ὑπαγαγὼν
1151 1657 1256 1710 ὑπὸ
1281 1655 1445 1726 ζυγὸν
1474 1660 1743 1728 δουλείας,

368 1740 431 1791 ’0
469 1743 654 1814 σπάθῃ
685 1746 1096 1816 χειρωσάμενος
1125 1747 1259 1801 τόσα
1294 1748 1510 1804 Λιϐύων
1536 1750 1688 1821 ἔθνη,

370 1837 430 1886 ὐ
453 1834 876 1904 πολεμόκλονος,
910 1840 940 1892 6
967 1842 1096 1910 πρὶν
1123 1844 1181 1895 ἐν
1215 1843 1417 1913 μάχαις
1451 1844 1497 1875 ⁸⁸
1527 1844 1827 1915 θυμολέων,

355 1927 542 1998 Φθόνῳ
571 1932 1125 2002 καταστρατηγηθεὶς
1149 1934 1229 2004 τῷ
1261 1936 1487 2006 χαλεπῷ
1518 1937 1692 2009 θηρίῳ

358 2020 530 2091 Ἀτερ
566 2023 804 2093 στρατοῦ
845 2026 941 2078 καὶ
974 2028 1235 2098 μαχητῶν
1269 2028 1364 2083 καὶ
1401 2032 1866 2103 φαρετροφορίας,

354 2113 624 2168 Πέπτωκε
665 2117 864 2189 πτῶμα
895 2119 1265 2192 δύστλητονδτ,
1286 2124 1508 2189 ἐπάξιον
1527 2126 1799 2197 δακρύων.

354 2206 553 2272 Γέγονε
582 2208 684 2277 φεῦ
708 2209 721 2262 !
751 2209 1003 2277 ἐλεεινὸς,
1030 2214 1364 2286 γυμνότερος
1397 2217 1602 2286 ὑπέρου
1638 2234 1659 2249 ο

359 2297 523 2350 Ἐπιε
559 2299 697 2367 φεῦί
731 2300 842 2354 τῶν
878 2304 1176 2375 συμφορῶν
1199 2307 1299 2359 ὐπε
1312 2307 1496 2378 ρχειλῆ
1519 2308 1610 2363 τὸν
1641 2309 1847 2380 σκύφον
1871 2328 1885 2343 ο

369 2386 687 2457 Ἐγΰμνωτο
724 2391 832 2445 τῶν
859 2393 1061 2447 ἑαυτοῦ
1093 2395 1350 2467 καθάπερ
1380 2398 1560 2467 φυγάς
1592 2399 1777 2464 δοῦλος
1800 2418 1812 2430 °

357 2479 630 2550 Ἐκάθητο
651 2481 743 2535 τὸν
771 2484 965 2555 δήμιον
996 2484 1063 2555 (ὦ
1092 2487 1299 2553 πάθους
1324 2489 1364 2558 ί)
1392 2491 1724 2562 περιμένων,

358 2570 497 2623 Ιιότε
524 2572 601 2641 τῷ
632 2573 776 2641 ξίφει
808 2575 900 2630 τὸν
931 2575 1098 2631 αὐτοῦ
1127 2579 1399 2650 τράχηλον
1431 2581 1724 2653 ἀποκόψει.

356 2661 547 2730 ΦἸόνε,
578 2664 767 2736 θηρίον
798 2668 1059 2738 χαλεπὸν,
1092 2670 1284 2742 λῃστά,
1317 2673 1503 2741 φονεῦ,
1531 2673 1759 2741 διῶκτα,

358 2756 598 2826 Σκορπίε
626 2760 1010 2834 μυριόκεντρε,
1036 2763 1218 2833 τίγρις
1232 2763 1631 2835 ἀνθρωποϐόοε

360 2996 646 3052 Ιιοιιιίηιιῐη
677 2998 744 3053 ad
781 2998 1000 3069 triginta
1030 2999 1201 3056 millia
1224 3001 1522 3069 cecidisse;
1546 3018 1657 3074 quo
1674 3003 1821 3059 facto
1845 3006 1938 3076 ju-

360 3084 541 3138 cunda
572 3084 825 3141 hilaritas
861 3086 915 3142 in
965 3103 1260 3145 maerorem
1316 3092 1616 3146 maximum
1666 3101 1723 3149 et
1766 3095 1942 3149 festus

1462 351 1971 419 COMPENDlUM‘
2004 351 2478 415 ClIRONlCUM.

1972 467 2018 522 Δ
2050 462 2327 532 Δράκαινα
2362 464 2807 537 φαρμακεύτρια,
2840 463 3041 538 βοτάνη
3080 465 3382 537 θανασίμη,

3516 353 3624 418 34‘)

2055 551 2218 614 Βὲλος
2240 553 2520 624 ἀσίδηρον,
2553 555 2731 626 αἰχμὴ
2756 555 2947 609 πασῶν
2974 555 3387 627 τμητικωτέρα,

2054 638 2160 699 Οἴα
2194 647 2371 709 ποιεῖς
2405 646 2501 699 καὶ
2531 649 2882 717 κακουργεῖς,
2913 646 3003 701 οῖσ.
3035 648 3187 701 δεινὰ
3208 647 3496 718 τυρεῦειςι

2065 734 2371 807 ’Υπερνικᾷ
2390 734 2454 789 τὸ
2490 736 2663 801 πάθος
2693 754 2785 807 με,
2814 737 3037 809 συγχέει
3067 755 3135 808 με
3161 738 3224 791 τὸ
3252 737 3469 801 πένθος,

2055 825 2165 878 Καὶ
2194 826 2550 896 προκαλεῖται
2576 826 2621 859 ⁵⁸
2654 827 2892 899 δάκρυον
2930 830 2994 882 ἐκ
3026 828 3136 881 τῶν
3165 828 3314 899 ὲμῶν
3339 827 3628 899 ὀμμάτων.

2054 915 2198 981 Ἕως
2232 919 2325 971 καὶ
2348 919 2501 980 πότε,
2538 918 2781 989 λυμεὼν,
2813 918 2987 984 οὕτως
3022 921 3452 992 ὑπερισχύσεις;

2052 1010 2231 1079 Μέχρι
2263 1010 2358 1063 καὶ
2384 1011 2552 1074 τίνος.
2582 1012 2834 1079 κάκιστε,
2870 1013 2964 1065 τὸν
2997 1012 3111 1083 βίον
3139 1013 3533 1083 συγκυκήσεις,

2054 1100 2297 1170 Τύραννε
2334 1104 2708 1173 κακομήχανε,
2729 1106 2902 1172 φόνιε,
2937 1106 3323 1177 παντορέκτας

2052 1192 2226 1260 Κάγὼ
2258 1193 2387 1265 γάρ,
2412 1194 2486 1259 ὡς
2512 1197 2611 1249 οὐκ
2636 1196 2868 1266 ὤφελον.
2905 1201 3025 1261 σαῖς
3057 1199 3316 1270 ἐμπεσὼν
3350 1199 3635 1268 παλάμαις

2050 1283 2157 1336 Καὶ
2199 1285 2485 1355 πειραθείς
2540 1303 2636 1339 σου
2680 1290 2790 1341 τῶν
2838 1290 3011 1359 βελῶν
3052 1294 3244 1363 κεῖμαι
3291 1291 3488 1363 μικρὸν
3531 1292 3631 1360 ἐμ-

3337 1383 3562 1455 [πνέων.

2122 1467 2228 1520 Καὶ
2264 1468 2439 1521 ταῦτα
2471 1470 2572 1539 μὲν
2605 1471 2907 1542 ἐλέχθησαν
2931 1474 3063 1545 ἡμῖν
3102 1476 3160 1529 ἐν
3186 1476 3626 1546 παρεκϐάσει⁵⁹⁶

2060 1559 2124 1611 Ἡ
2164 1557 2274 1630 γὰρ
2305 1562 2502 1631 πικρία
2536 1564 2635 1632 τῆς
2666 1563 2846 1635 ψυχῆς
2873 1565 3057 1620 λαλεῖν
3085 1569 3520 1637 καταναγκάζει.

2060 1650 2116 1703 'o
2154 1650 2410 1721 βασιλεὺς
2441 1653 2499 1707 δὲ
2526 1654 2776 1727 ζηλωτὴς
2805 1644 3068 1729 ὑπάρχων
3096 1659 3382 1721 εὐσεϐείας
3447 1691 3461 1702 ι

2048 1742 2291 1813 Πόλεμον
2319 1746 2639 1815 ἀνερρίπισε
2675 1749 2818 1800 κατὰ
2851 1748 2960 1801 τῶν
2992 1749 3399 1804 δυσσεϐούντων
3425 1752 3493 1812 ⁶⁰.

1970 1821 2016 1879 Β
2047 1834 2154 1886 Καὶ
2185 1834 2347 1888 πλέον
2372 1835 2484 1890 τῶν
2525 1836 2885 1907 Ἑλληνιστῶν
2917 1842 3016 1911 τῆς
3040 1842 3354 1913 βωμολόχου
3388 1842 3628 1914 πλάνης,

2048 1926 2168 1980 Κᾶν
2208 1925 2438 1999 ὕστερον
2469 1930 2775 1999 ἀπατηθεὶς
2807 1933 2912 1986 ὑπό
2940 1952 3103 1987 τινων
3141 1935 3410 2005 βεϐήλων,

2049 2016 2127 2087 Τῇ
2159 2018 2265 2070 τῶν
2293 2018 2814 2095 Ἀφθαρτοδοκητῶν
2848 2025 2992 2078 ἑάλω
3013 2026 3326 2098 δυσσεϐείᾳ.

2123 2106 2292 2175 Οὗτος
2322 2112 2451 2166 ναὸν
2490 2114 2748 2187 ἐδείματο
2780 2118 2823 2150 ⁶¹
2853 2118 2944 2172 τὸν
2976 2122 3227 2191 φεραυγῆ
3260 2121 3358 2176 τὸν
3386 2122 3584 2193 μέγαν,

2047 2203 2122 2256 Τὸ
2157 2203 2252 2258 τοῦ
2283 2203 2420 2258 Θεοῦ
2459 2224 2560 2275 μου
2591 2209 2841 2278 τέμενος,
2871 2211 2963 2264 τὸν
2994 2212 3226 2282 οὐρανὸν
3254 2214 3347 2266 τὸν
3391 2214 3543 2268 κάτω
3563 2216 3630 2281 θ’,

2052 2297 2170 2362 Ὃν,
2196 2291 2370 2366 οἶμαι,
2390 2300 2484 2351 καὶ
2505 2299 2575 2351 τὰ
2605 2301 2849 2371 σεραφὶμ
2883 2301 3173 2373 αἰδούμενα
3198 2303 3488 2373 θαυμάζει.

2052 2386 2150 2439 Ἂν
2177 2387 2287 2457 γὰρ
2319 2386 2455 2450 Θεὸς
2484 2389 2736 2456 καταξιοῖ
2767 2391 2953 2462 μένειν
2987 2394 3043 2445 ἐν
3083 2394 3499 2464 χειροκμήτοις,

2046 2479 2138 2531 Ἐν
2158 2478 2332 2548 τούτῳ
2350 2478 2571 2542 πάντως
2595 2485 2875 2536 κατοικεῖ·
2896 2484 2993 2537 καὶ
3013 2484 3118 2538 ποῦ
3144 2485 3253 2556 γὰρ
3276 2485 3536 2557 ἀλλαχόθι
3559 2487 3628 2553 ⁶⁹ς

2049 2572 2148 2622 Ἂν
2177 2568 2272 2623 οὖν
2300 2587 2384 2630 τις
2408 2572 2769 2640 παρεικάσειε
2805 2574 3014 2645 σφαίρᾳ
3047 2576 3147 2646 μὲν
3163 2576 3394 2648 οὐρανίᾳ

2048 2662 2213 2715 Πόλιν
2237 2662 2338 2733 τὴν
2360 2660 2689 2726 ὀλϐιὸπολιν,
2721 2665 2819 2736 τὴν
2849 2667 3266 2721 Κωνσταντίνου
3304 2668 3491 2733 πόλιν,

2048 2754 2188 2820 Τοὺς
2219 2754 2275 2808 δὲ
2307 2752 2470 2816 ναοὺς
2499 2755 2624 2816 τοὺς
2656 2757 2837 2829 ἱεροὺς
2868 2759 3114 2831 ἀστέρων
3145 2759 3527 2833 φεραυγείαις,

3295 2886 3456 2943 Vers.
3490 2887 3635 2943 5974

2047 2993 2153 3048 bus
2180 3004 2238 3049 et
2296 2995 2779 3065 persecutionibus
2816 2994 3087 3068 gaudens,
3143 2996 3364 3066 scorpie
3395 2996 3638 3053 stimulis

2049 3085 2285 3144 infinitis
2311 3089 2563 3157 praedite,
2583 3088 2741 3160 tigris
2762 3088 3018 3144 homines
3042 3082 3336 3156 devorans,
3360 3089 3635 3156 dracaena,

361 3175 711 3246 celebrisque
761 3177 880 3233 dies
912 3178 968 3234 in
1000 3179 1295 3252 lugubrem
1353 3198 1656 3239 conversus
1689 3183 1812 3239 fuit,
1860 3186 1941 3241 ua
1972 3180 2016 3237 ο
2048 3176 2316 3241 veneﬁca.
2348 3178 2570 3235 lethalis
2596 3178 2792 3245 herba,
2824 3178 2994 3234 telum
3029 3178 3162 3234 ferri
3189 3195 3407 3251 expers,
3444 3179 3635 3250 cuspis

360 3266 550 3322 fractis
576 3269 778 3324 animis
810 3285 841 3324 a
874 3269 1063 3327 furore
1090 3288 1192 3334 suo
1223 3274 1378 3344 plebs
1404 3274 1637 3342 destitit,
1668 3283 1724 3331 et
1771 3276 1944 3345 impe-

361 3364 558 3412 ratore
577 3358 867 3428 periculis,
885 3375 1007 3431 quae
1038 3370 1251 3418 tantum
1276 3379 1386 3419 non
1422 3374 1549 3420 ante
1563 3366 1734 3436 pedes
1758 3376 1941 3432 erant,

363 3447 558 3503 evasit.

432 3539 550 3595 Hoc
582 3541 796 3598 facinus
816 3544 1229 3614 imperatorium
1257 3544 1504 3616 pristinis
1534 3546 1644 3602 illis
1679 3558 1798 3604 erat
1829 3548 1947 3603 illu-

363 3632 554 3698 strias,
592 3642 649 3689 et
682 3635 892 3706 ubique
925 3636 1225 3692 Belisarius
1255 3638 1326 3694 ob
1376 3638 1456 3693 rei
1505 3640 1763 3696 militaris
1791 3639 1945 3711 peri—

366 3726 496 3779 tiam
521 3740 623 3780 ceu
662 3742 893 3799 magnus
922 3729 1327 3786 celebrabatur.
1385 3729 1494 3787 Sed
1523 3732 1669 3787 enim
1709 3732 1828 3789 haec
1854 3733 1944 3789 in-

363 3818 529 3873 vidia:
579 3820 1016 3879 sceleratissime
1062 3839 1173 3879 non
1225 3824 1539 3895 placebant.
1601 3825 1947 3896 Quapropter

368 3905 815 3965 honestissimam
871 3910 1030 3968 ducis
1070 3911 1269 3968 famam
1317 3930 1508 3984 parum
1561 3917 1736 3985 aequis
1769 3917 1947 3973 oculis

367 3998 708 4067 intuebatur,
736 4009 793 4057 et
815 4010 928 4058 toto
952 4004 1158 4074 impetu
1180 4006 1409 4075 gloriam
1434 4008 1557 4078 ejus
1572 4008 1943 4079 oppugnabat.

364 4089 507 4145 Nam
544 4092 708 4163 vulgo
735 4093 884 4162 quod
919 4093 1146 4161 dicitur,
1177 4097 1310 4166 quid
1341 4097 1471 4154 utile
1502 4098 1592 4164 sit,
1628 4099 1843 4169 ignorat
1865 4102 1948 4155 in-

366 4178 539 4233 vidia.
587 4179 959 4247 Quamobrem
996 4182 1064 4237 ab
1101 4198 1168 4239 eo
1211 4192 1457 4255 tempore
1494 4186 1575 4241 vir
1605 4186 1940 4253 fortunatus,

364 4286 601 4340 magnus
635 4274 917 4342 cupiarum
952 4275 1172 4342 ductor,
1202 4276 1296 4347 qui
1320 4277 1726 4335 formidabilem
1753 4280 1949 4335 Persa-

367 4374 493 4414 rum
525 4360 828 4433 principem
866 4362 1168 4421 Cbosroem
1217 4376 1582 4432 exterruerat,
1640 4369 1735 4440 qui
1791 4386 1951 4441 reges

367 4452 656 4508 servitutis
703 4455 836 4526 jugo
868 4457 1199 4528 subjecerat,
1249 4460 1345 4528 qui
1397 4460 1581 4531 gladio
1636 4472 1716 4517 tot
1764 4461 1950 4534 Libyae

367 4539 625 4596 nationes
651 4542 979 4609 domuerat,
1033 4548 1120 4601 vir
1157 4548 1397 4618 denique
1446 4551 1752 4607 mavortius
1790 4562 1847 4608 ct
1885 4554 1945 4609 in

364 4632 570 4700 praeliis
614 4635 799 4689 animo
827 4635 1052 4692 leonino
1077 4640 1359 4708 praeditus,
1412 4640 1668 4698 immanis
1729 4644 1944 4713 bellum,

366 4722 631 4777 nimirum
665 4723 907 4792 invidiae,
940 4727 1083 4783 dolis
1116 4729 1551 4792 circumventus,
1595 4732 1804 4803 absque
1841 4736 1947 4788 mi-

366 4813 483 4879 lite,
525 4817 947 4885 pugnatoribus,
986 4819 1433 4889 pharetratorum
1486 4822 1669 4887 turba,
1730 4825 1948 4880 ruinam

369 4905 650 4976 indignant
679 4916 735 4963 et
766 4909 1020 4981 iacrymis
1048 4912 1441 4981 deplorandam
1479 4916 1589 4970 ruit
1615 4936 1629 4983 ;
1664 4919 1840 4972 factus
1864 4928 1950 4975 est

373 4996 481 5051 heu
520 4998 533 5050 !
566 4999 733 5053 miser
768 5000 972 5070 pistillo
1001 5002 1241 5070 nudior;
1275 5005 1542 5077 scyphum
1578 5007 1949 5064 calamitatum

368 5089 598 5160 largiter
620 5092 835 5157 hausit;
870 5109 970 5149 ceu
987 5093 1278 5165 fugitivum
1304 5098 1580 5167 quoddam
1615 5101 1950 5171 mancipium

374 5180 541 5237 rebus
564 5182 682 5237 suis
705 5184 979 5241 universis
1008 5196 1093 5241 est
1126 5189 1394 5257 spoliatus
1419 5206 1433 5254 ;
1465 5204 1534 5245 eo
1578 5190 1819 5261 denique
1847 5193 1952 5248 loci

378 5270 633 5328 redactus
652 5283 739 5330 est
776 5283 838 5330 ut
867 5276 997 5346 (heu
1022 5287 1226 5334 sortem
1257 5279 1512 5336 acerbam
1552 5283 1591 5353 !)
1634 5283 1951 5340 carnificem

378 5375 747 5434 exspectaret,
796 5369 1025 5437 quando
1049 5372 1295 5428 cervices
1338 5374 1388 5428 ei
1426 5374 1608 5444 gladio
1639 5384 1954 5432 resecturus

378 5463 546 5509 esset.
571 5455 616 5511 Ο
634 5457 865 5525 invidia,
900 5461 1080 5516 bellua
1105 5477 1333 5531 nocens,
1358 5463 1762 5531 latrocinatrix,
1791 5468 1954 5522 canti-

2049 3266 2391 3334 acutissima,
2420 3267 2604 3337 qualia
2634 3267 2890 3337 designas
2930 3276 2989 3322 et
3012 3266 3265 3336 improbe
3296 3265 3627 3321 committis!

2050 3372 2189 3427 quas
2246 3359 2590 3415 calamitates
2641 3368 2697 3413 et
2730 3374 2853 3428 qua:
2886 3358 3030 3412 mala
3085 3357 3294 3413 struis!
3344 3358 3518 3412 vincit
3549 3371 3638 3411 me

2050 3447 2229 3511 dolor,
2257 3448 2553 3502 conturbat
2572 3447 2777 3511 luctus,
2809 3454 2863 3501 et
2889 3446 3162 3516 lacrymas
3186 3445 3466 3516 exprimit.
3491 3445 3640 3511 Quo-

2040 3553 2228 3608 usque
2253 3577 2267 3602 ,
2307 3537 2580 3608 perditrix
2607 3576 2623 3602 ,
2680 3544 2897 3591 tantum
2928 3536 3135 3591 virium
3176 3534 3456 3591 habebis?
3499 3549 3640 3605 quo-

2049 3645 2249 3701 usque,
2273 3620 2720 3695 sceleratissima,
2738 3629 2908 3684 vitam
2930 3628 3226 3683 humanam
3252 3626 3629 3697 perturbabis,

2056 3738 2091 3777 o
2133 3731 2367 3794 tyranne
2415 3720 2555 3776 mala
2589 3722 2918 3793 machinans
2943 3763 2957 3787 ,
2990 3719 3345 3792 sanguinarie
3373 3759 3389 3783 ,
3434 3728 3637 3774 cuncta

2052 3813 2351 3883 appetens?
2376 3812 2555 3867 Etiam
2588 3812 2726 3883 ipse,
2751 3812 2898 3885 quod
2926 3826 3210 3882 nunquam
3234 3809 3442 3866 factum
3468 3825 3638 3880 opor-

2058 3908 2182 3974 tuit,
2240 3918 2366 3965 tuas
2420 3907 2477 3962 in
2532 3925 2729 3965 manus
2766 3909 2957 3976 incidi,
2995 3916 3199 3979 tuaque
3228 3907 3336 3962 tela
3369 3916 3637 3975 expertus

2047 4000 2226 4072 jaceo,
2250 3984 2557 4074 parumper
2584 4002 2766 4056 adhuc
2794 4001 3033 4070 spirans.

2068 4122 2075 4128 λ
2122 4093 2231 4164 67
2263 4093 2331 4153 Ει
2358 4093 2628 4148 hactenus
2648 4092 2789 4155 haec,
2817 4102 3078 4160 tanquam
3118 4090 3173 4144 in
3198 4090 3541 4161 digressione
3569 4087 3637 4143 ab

2012 4180 2021 4185 ’
2055 4184 2329 4247 instituto,
2358 4184 2503 4238 dicta
2535 4190 2698 4238 sunto
2732 4200 2744 4234 :
2796 4197 2927 4235 nam
2957 4181 3126 4235 animi
3153 4182 3395 4237 dolentis
3420 4185 3639 4239 acerbi-

2056 4284 2158 4339 tas,
2187 4283 2248 4329 ut
2271 4275 2387 4329 haec
2419 4274 2746 4344 proferrem,
2778 4273 2979 4344 coegit.
3018 4272 3292 4330 Caeterum
3330 4276 3638 4346 imperator

2052 4365 2315 4421 laudabili
2353 4365 2558 4435 pietate
2593 4365 2879 4434 prazditus,
2919 4376 3110 4420 contra
3145 4366 3312 4437 impie
3333 4369 3637 4424 sentientes

2058 4473 2121 4514 ac
2150 4457 2454 4528 prtescrtim
2487 4458 2753 4512 adversus
2783 4457 3076 4513 scurrilem
3097 4459 3447 4514 ethnicorum
3473 4476 3633 4515 erro-

2057 4566 2175 4605 rem
2220 4550 2424 4607 bellum
2474 4549 2797 4614 commovit,
2826 4565 3141 4620 quanquam
3165 4550 3231 4605 ad
3265 4560 3573 4606 extremum
3604 4567 3634 4606 a

2050 4643 2294 4715 profanis
2320 4642 2651 4713 quibusdam
2694 4642 3013 4699 hominibus
3045 4643 3308 4712 deceptus
3345 4644 3400 4697 in
3428 4658 3625 4697 eorum

2060 4737 2351 4807 prolapsus
2375 4745 2459 4790 est
2490 4735 2853 4805 impietatem,
2882 4735 2977 4806 qui
3010 4733 3326 4805 opinionem
3357 4733 3425 4789 dc
3453 4733 3643 4788 incor-

2063 4826 2313 4897 ruptibili
2353 4826 2612 4896 probant.

2137 4918 2426 4988 Templum
2464 4917 2598 4971 illud
2627 4916 3135 4986 splendidissimum
3161 4923 3218 4970 et
3247 4915 3643 4985 amplissimum

2069 5008 2341 5070 condidit,
2362 5007 2654 5062 delubrum
2684 5004 2775 5060 Dei
2803 5006 2935 5069 mei,
2960 5006 3159 5060 coelum
3192 5013 3475 5070 terrestre,
3496 5004 3644 5075 quod

2071 5104 2221 5170 ipsos
2266 5099 2431 5153 etiam
2464 5097 2739 5168 Seraphos
2799 5110 2925 5151 cum
2976 5095 3337 5152 veneratione
3378 5095 3645 5151 admirari

2070 5193 2335 5247 arbitror.
2391 5191 2526 5246 Nam
2566 5191 2613 5245 si
2649 5192 2794 5247 Deus
2837 5191 3166 5246 commorari
3202 5190 3463 5263 dignatur
3498 5190 3553 5245 in
3579 5189 3649 5246 iis

2070 5300 2193 5355 quae
2243 5284 2529 5338 hominum
2579 5298 2775 5338 manus
2813 5283 3211 5353 perpolierunt,
3265 5282 3494 5338 omnino
3535 5282 3647 5348 hic,

2061 5393 2165 5434 nec
2190 5392 2418 5447 usquam
2444 5376 2598 5441 alibi,
2626 5376 2859 5432 habitat.
2887 5376 3045 5442 Quod
3072 5378 3118 5433 si
3139 5378 3305 5433 etiam
3327 5376 3515 5431 lubeat
3537 5374 3641 5430 ali-

2061 5470 2150 5525 cui
2197 5470 2410 5525 beatam
2452 5469 2647 5524 urbem
2697 5466 3042 5538 Cpolitanam
3069 5484 3193 5525 cum
3226 5469 3391 5541 globo
3424 5466 3636 5524 caelesti

1741 5606 1938 5669 Variae
1982 5606 2306 5671 lectiones.

453 5725 499 5759 "
533 5727 844 5797 θαυμαστὸν
875 5729 939 5785 ιι.

1048 5732 1092 5763 ⁸⁸
1125 5733 1216 5785 καὶ
1365 5802 1383 5808 Δ
1410 5733 1454 5765 ⁸⁸
1477 5735 1504 5785 6
1534 5735 1663 5808 πρὶν
1712 5736 1768 5789 ὲν
1810 5739 2161 5808 στρατηγίαις
2191 5737 2254 5791 Β.
2334 5740 2376 5769 ⁸⁷
2405 5738 2745 5808 δύσπληκτον
2789 5737 2851 5802 Β,
2886 5737 3121 5808 χαλεπ³ιν
3162 5737 3226 5789 Β.

3319 5736 3365 5769 ⁸⁸
3396 5750 3645 5803 προσκα‹

383 5798 557 5851 λεῖται
586 5796 651 5851 ιι.
727 5800 769 5831 ⁵⁸
809 5801 1116 5870 παραϐάσει
1143 5807 1204 5857 Α.
1286 5804 1329 5834 ⁶⁰
1359 5796 1790 5873 δυσφημούντων
1834 5796 1899 5861 Μ’.
1980 5796 2313 5879 εἶ’ἁνήγειρε
2346 5809 2406 5863 ιι.
2486 5812 2529 5842 θ’
2560 5796 2650 5862 τδν
2686 5796 2856 5880 μέγαν
2886 5796 3048 5862 Ἀκιε.
3134 5808 3177 5839 ⁸³
3198 5796 3491 5873 ἀλλαχόθεν
3526 5801 3637 5855 Ali.
