4106 6206
496 273 601 331 341³
660 287 679 293 “

510 380 597 442 Ὠς
636 374 795 443 εἶδεν,
827 381 1196 450 ἀναφλέγεται
1240 383 1319 452 τῷ
1348 383 1494 454 ζήλῳ
1516 385 1615 456 τὴν
1637 387 1888 457 καρδίαν,

428 515 436 546 ί
502 472 610 524 Καὶ
641 472 1160 542 παρρησιασάμενος
1185 474 1318 542 φησὶ
1351 475 1487 544 πρὸς
1520 476 1807 530 Ἰουστίνον
1837 491 1852 506 ⁸

508 580 527 611 ι
564 563 623 614 Ei
647 560 746 629 μὲν
778 562 1055 631 ὲμμένεις,
1092 564 1334 634 βασιλεῦ,
1355 568 1466 629 τοῖς
1489 567 2069 638 προτεθεσπισμένοις,

504 651 609 703 Καὶ
644 650 821 721 βούλει
856 653 978 714 τοὺς
1001 654 1354 724 φιλάρπαγας
1379 657 1691 731 ὑπάγεσθαι
1718 661 1839 722 ταῖς
1864 660 2064 722 δίκαις,

504 741 674 807 Κάγώ
699 758 781 795 σοι
809 742 1091 813 πρόθυμος
1121 750 1293 798 ποιεῖν
1326 746 1395 800 τὰ
1421 752 1885 819 προϋπεσχημένα
1908 768 1921 783 ⁸

503 833 567 884 Εἰ
585 832 641 885 δέ
665 834 748 886 σοί
786 852 870 898 τις
892 837 1194 906 μετάμελος
1223 831 1298 892 ὧν
1330 838 1572 910 ἔπραξας
1610 842 1836 910 ἐπῆλθε,
1866 898 1871 899 ,

512 923 667 991 Ἐμοὶ
696 923 795 994 τὴν
824 924 1065 997 ἔπαρχον
1094 928 1270 1000 ἀρχὴν
1294 930 1500 1002 ταύτην
1532 934 1925 1003 παρεσχηκότι,

513 1012 643 1066 Ἰδού
675 1032 757 1068 σοι
790 1017 1051 1088 πάρεστιν
1073 1020 1244 1090 αὐτὴν
1275 1022 1438 1075 πάλιν
1471 1024 1904 1095 ἀπολαμϐάνειν.

503 1103 644 1169 Ἐγὼ
681 1108 788 1179 γὰρ
816 1110 1149 1176 ἀναιτίατος,
1184 1113 1277 1166 σοῦ
1306 1117 1629 1185 ¹ποιουμένου
1651 1118 1837 1185 φίλους
1904 1140 1917 1147 ί

503 1197 642 1259 Ἱόὺς
676 1196 992 1265 ἐξαγίστους
1022 1203 1112 1253 καὶ
1135 1206 1357 1268 σκαιοὺς
1376 1205 1611 1269 καὶτοὺς
1631 1207 1914 1279 ὑπομοχϐή
1923 1227 2067 1281 ρους,

505 1288 609 1338 Καὶ
641 1290 1275 1360 συμπαραλαμϐάνοντος
1305 1297 1589 1364 συμπότας
1618 1298 1967 1369 ὀμοδείπνους

505 1376 847 1447 Ἀνθρώπονς
873 1381 1300 1450 κακογνώμονας
1313 1386 1407 1438 καὶ
1429 1389 2019 1459 κακεντρεχεστάτους.
2050 1411 2067 1443 ι

504 1467 646 1536 Πρὸς
676 1469 829 1521 ταῦθ’
856 1472 884 1522 ὀ
924 1473 1290 1542 γαληνότατος
1319 1478 1414 1529 καὶ
1445 1480 1620 1549 πρᾶος
1647 1481 1935 1547 Ἱουστίνος

505 1555 812 1623 ιΙεριπαΟές
842 1576 893 1613 τι
924 1562 1018 1615 καὶ
1051 1563 1188 1633 βαρὺ
1204 1567 1247 1598 ³⁷
1279 1568 1370 1619 καὶ
1401 1567 1586 1637 βύθιον
1625 1570 1897 1642 οἰμώξας.

508 1664 530 1696 ι
570 1647 628 1699 Et
660 1647 761 1716 μὲν
788 1651 951 1718 ὲγὼ,›
997 1657 1182 1724 φησιν,
1215 1674 1233 1707 t
1257 1659 1417 1722 αὐτὸς
1446 1661 1630 1714 ἄδικον
1661 1664 1962 1734 εἴργασμαι
1998 1683 2069 1729 τι,

503 1739 711 1791 Αὔτίκοι
746 1758 814 1810 με
843 1746 1192 1817 κατάρραξον
1226 1750 1321 1802 τοῦ
1357 1752 1632 1822 βασιλείου
1665 1756 1859 1825 θρόνου
1881 1774 1895 1788 ⁵

502 1829 569 1880 Εἰ
597 1830 654 1884 δέ
682 1832 765 1894 τίς
790 1850 881 1901 μοι
916 1837 1025 1888 τῶν
1054 1841 1348 1908 συμποτῶν
1381 1844 1473 1894 καὶ
1501 1847 2002 1914 συνανακειμένων,

502 1919 675 1974 Ἰόὖτό
720 1939 802 1975 σοι
827 1926 1061 1995 πάρεστι
1090 1933 1262 1983 ποιεῖν
1298 1931 1325 1983 ὂ
1355 1932 1526 1985 πάλαι
1555 1934 1843 2005 διεσκὲψω.
1888 1956 1906 1988 ι

502 2010 676 2063 Βαϐαὶ
707 2014 807 2081 τῆς
829 2015 1198 2086 γαληνότητος
1236 2023 1329 2075 καὶ
1366 2024 1465 2092 τῆς
1492 2026 1859 2096 χρηστότητος
1885 2046 2000 2094 σου,

503 2102 933 2176 Αὐτοκρατόρων
962 2109 1173 2178 ἄριστε,
1204 2112 1559 2184 δικαιοφύλαξ
1591 2121 1735 2189 πρᾶε
1776 2122 1788 2174 !

504 2194 711 2265 Εἴρηκε
747 2198 846 2267 μὲν
879 2201 906 2252 ὀ
936 2200 1212 2270 βασιλεὺς,
1241 2205 1269 2256 ὁ
1309 2207 1612 2281 μάγιστρος
1634 2211 1679 2263 δ’
1712 2211 1911 2264 αὐτίκα

504 2286 871 2359 Ἀναρπαγεὶς
889 2293 1025 2362 πρὸς
1048 2294 1143 2347 τοῦ
1167 2299 1353 2368 κριτοῦ
1376 2302 1474 2353 σὺν
1491 2301 1783 2373 ἑλκυσμοῖς
1808 2305 1852 2337 νδ
1881 2305 2078 2375 βιαίοις

505 2378 600 2431 Ἐκ
634 2384 933 2449 συμποσίου
966 2387 1062 2439 καὶ
1089 2392 1323 2460 τρυφῆς,
1355 2392 1419 2442 ἐκ
1449 2392 1631 2462 μέσων
1664 2395 2053 2464 ὁμοδείπνων,’

505 2468 610 2553 "Ex
633 2475 923 2541 τραπεζῶν
960 2479 1270 2533 πολυτελῶν
1299 2483 1391 2536 καὶ
1433 2484 1910 2553 μεγαλοδαπάνων,

511 2562 714 2628 ’Ἡγετο
734 2566 779 2597 ⁹⁹
812 2569 950 2638 πρὸς
981 2574 1267 2642 κριτήριον
1299 2573 1455 2638 δίκας
1486 2576 1702 2644 ὑφέξειν
1735 2580 1966 2648 μέλλων.

504 2653 740 2725 Ἰτίστάθη
771 2658 877 2728 πρδ
899 2660 990 2713 τοῦ
1018 2661 1263 2733 ματος
1284 2666 1503 2736 τρέμων
1532 2669 1548 2700 ⁸
1583 2670 1985 2741 πεφοϐημένος,

517 2743 577 2796 Ὀ
605 2747 731 2815 πρὶν
759 2748 1211 2823 ὑπεραιρόμενος,
1250 2759 1278 2810 ὁ
1311 2758 1563 2831 σοϐαρὸς,
1597 2764 1624 2815 ὁ
1657 2763 1880 2834 γαῦρος.

506 2971 786 3029 sedentem
821 2977 1044 3033 videbat
1077 2997 1092 3047 ;
1135 2979 1281 3037 inter
1314 2984 1453 3040 alios
1500 2986 1759 3045 invitatos
1788 2991 1954 3047 etiam
1989 3007 2079 3047 ra-

1661 274 2179 339 CONSTANTINI
2219 278 2320 338 MA
2331 278 2603 340 NASSIS‘

2101 388 2147 444 Α
2175 387 2285 440 Καὶ
2319 385 2481 440 πάλιν
2511 386 2570 438 τὸ
2601 385 2703 456 μὲν
2729 384 2950 455 γύναιον
2972 386 3049 450 ὡς
3080 384 3274 458 πρώην
3292 382 3608 457 ’κατηγόρει

2169 476 2279 529 Καὶ¹
2302 473 2584 545 προῦφερε
2612 475 2713 545 τὴν
2742 473 3025 544 ἁρπαγὴν,
3056 472 3255 543 ἤλεγχε
3281 472 3382 543 τὴν
3413 473 3632 527 κακίανο

3636 281 3745 346 343

2186 567 2244 621 Ὀ
2266 568 2322 620 δὲ
2356 566 2647 634 πεφίμωτο
2688 564 2784 618 καὶ
2816 563 2944 635 βοῦν
2978 563 3073 617 ἐπὶ
3098 563 3199 632 τῆς
3221 561 3471 632 γλώττης
3502 557 3668 633 εἶχεν.

2182 657 2240 709 Ὀ
2267 655 2394 725 πρὶν
2432 655 2946 724 σοϐαροπρόσωπος,
2978 655 3006 706 ὁ
3032 652 3225 723 πρώην
3255 652 3559 721 φρυακτίας
3587 672 3599 684 ι

2172 742 2357 807 Οὕτως
2392 742 2844 813 ἀπαρρησίαστον
2893 741 3281 811 κακομηχάνου
3316 742 3511 809 στόμα.

2184 837 2271 898 Ὠς
2305 835 2396 888 οὖν
2426 836 2667 905 ζητήσας
2701 834 2945 905 ἀκριϐῶς
2969 835 3063 887 καὶ
3092 835 3635 903 πολυπραγμονήσας

2186 928 2246 982 Ὀ
2275 927 2603 996 μεγαλόνους
2630 925 2889 994 δικαστὴς
2916 926 3013 978 καὶ
3053 923 3149 977 τοῦ
3188 924 3399 976 δικαίου
3425 922 3600 992 φύλαξ

2176 1015 2312 1089 Εὗρε
2338 1018 2615 1072 παθοῦσαν
2649 1017 2935 1089 συμφορὰς
2974 1003 3557 1087 βαρυσυμφορῶτάτας

2174 1112 2284 1181 Τὴν
2302 1111 2702 1181 προσελθοῦσαν
2721 1110 2830 1171 ώς¹
2861 1127 2919 1180 χε
2930 1110 3048 1180 ρσ“ιν
3075 1107 3283 1170 ἀδίκοις
3311 1106 3721 1177 λῃστευοεῖσαν,

2175 1201 2355 1271 Ὠμοίς
2399 1201 2709 1270 βουνεύροις
2748 1202 2840 1253 τὸν
2868 1200 3122 1269 λαμπρὸν
3145 1201 3165 1232 ³
3196 1200 3400 1252 ἐκεῖνον
3425 1202 3733 1264 καταικέςει

2175 1294 2285 1347 Καὶ
2301 1297 2423 1356 ταῖς
2443 1292 2704 1363 χαλάζαις
2721 1292 2829 1345 τῶν
2851 1292 3073 1345 πυκνῶν
3099 1291 3380 1360 μαστίγων
3404 1292 3745 1361 μωλωπίζει,

2176 1386 2286 1438 Καὶ
2309 1387 2415 1438 πᾶν
2438 1384 2496 1437 τὸ
2523 1383 2683 1454 σῶμα
2697 1385 2817 1446 ταῖς
2833 1382 3071 1459 πληγαῖς
3101 1381 3467 1434 κατάστικτον
3486 1380 3737 1444 δεικνύει,

2174 1475 2311 1530 Εἶτα
2337 1476 2484 1546 ψιλοῖ
2506 1477 2528 1508 ⁸
2557 1476 2618 1530 τὸ
2653 1476 2860 1544 γένειον
2883 1474 2987 1538 ἓως
3023 1474 3390 1546 ὲπιδερμίδος,

2177 1570 2367 1638 Κείρει
2399 1569 2491 1624 καὶ
2522 1568 2717 1638 τρίχας
2758 1566 3025 1637 κεφαλῆς,
3063 1566 3123 1619 τὸ
3151 1567 3446 1637 πρόσωπον
3474 1564 3745 1636 αίσχύνει,

2177 1659 2505 1728 Παλιμπετῆ
2535 1658 2935 1728 παλίνστροφον
2963 1656 3273 1719 ἐπιδιδάξει
3308 1658 3537 1726 κτήνους
3557 1697 3571 1721 ,

2101 1721 2149 1779 Β
2177 1721 2505 1815 Δημοσιεὺει
2532 1745 2591 1799 τὸ
2619 1721 2786 1799 κακον
2821 1721 2879 1799 ἐν
2914 1745 3101 1815 μέσοις
3131 1721 3451 1817 λεωφόροιίς,

2180 1840 2290 1892 Καὶ
2320 1838 2641 1908 θριαμδεύει
2666 1838 2941 1902 δυσκλεῶς
2972 1836 3164 1891 τοῦτον
3189 1838 3286 1891 καὶ
3315 1837 3642 1908 στηλιτεύει,

2180 1932 2290 1983 Καὶ
2319 1930 2418 2001 τῆς
2455 1931 2642 1993 οὐσίας
2678 1930 2779 2000 τῆς
2810 1928 2976 1982 αὐτοῦ
3010 1928 3280 1998 δεσπότην
3307 1927 3625 2003 καθιστάντι

2179 2025 2290 2093 Τὴν
2306 2025 2397 2078 ὑπ’
2426 2024 2592 2077 αὕτοῦ
2623 2023 2793 2077 πολλὰ
2807 2023 2956 2077 δεινὰ
2980 2014 3185 2076 τλόῒσαν
3210 2023 3305 2075 καὶ
3331 2020 3746 2091 πικρανθεῖσαν.

2181 2117 2366 2180 Οὕτως
2398 2117 2550 2171 οὐδὲν
2580 2115 2876 2187 ἐφάμιλλον
2917 2116 3283 2187 φιλελευθέρῳ
3315 2115 3515 2188 γνώμῃ
3548 2115 3590 2146 ⁵·

2182 2206 2367 2269 Οὕτως
2392 2207 2657 2278 ἀφιλοχρή
2667 2223 2835 2276 ματος
2855 2208 2949 2262 καὶ
2982 2205 3057 2278 μὴ
3088 2204 3491 2275 δεδουλωμένος

2183 2294 2673 2367 Εὑπαρῤησίαστος
2700 2294 2841 2366 ἀνὴρ
2867 2295 2929 2348 οὐ
2962 2294 3232 2365 πρόσωπα
3255 2291 3550 2362 λαμϐάνει,

2182 2388 2257 2441 Οὐ
2280 2387 2449 2455 δειλιᾷ
2474 2387 2601 2451 τοὺς
2631 2386 2889 2457 ὑψηλοὺς,
2920 2386 3117 2440 οὐδένα
3135 2389 3542 2453 καταπτήσσει,

2183 2479 2414 2547 Πτηνδς,
2454 2477 2520 2532 ἂν
2550 2477 2732 2549 εἴπῃς,
2784 2477 2964 2542 ἀετὸς,
2984 2475 3270 2542 εὖπτερος,
3298 2473 3614 2543 ὑψιϐάμων,

2193 2570 2317 2625 ⁹Υπ’
2353 2569 2565 2631 οὐδενὸς
2597 2568 2971 2640 κρατούμενος
2991 2567 3100 2621 τῶν
3126 2570 3220 2621 ἐπὶ
3238 2570 3343 2638 γῆς
3377 2567 3748 2638 πραγμάτων,

2187 2663 2282 2714 Ἂν
2306 2660 2435 2734 ἔχῃς
2467 2660 2697 2733 γνώμην
2723 2662 2975 2731 καθαρὰν
3005 2660 3215 2733 κερδῶν
3244 2656 3610 2731 ὖψηλοτὲραν,

2186 2756 2282 2806 Ἂν
2320 2753 2394 2825 μὴ
2424 2752 2692 2826 ῥυπαίνῃς
2853 2752 3032 2823 ψυχὴν
3058 2753 3364 2825 λημμάτων
3387 2751 3688 2821 κιϐδηλίαις
3709 2751 3751 2814 “,

3422 2869 3576 2923 Vers.
3614 2867 3755 2921 5432

2184 2977 2426 3043 territus,
2459 2977 2553 3047 qui
2589 2993 2697 3033 non
2730 2978 2804 3033 ita
2839 2976 3050 3049 pridem
3072 2977 3218 3032 elato
3239 2977 3426 3032 animo
3462 2975 3755 3046 superbie-

506 3076 696 3129 pacem
744 3064 895 3121 illum
943 3069 1361 3131 accumbentem
1420 3077 1617 3134 cernit.
1670 3078 1750 3134 Eo
1783 3091 2079 3151 conspecto
2107 3080 2149 3138 C
2183 3074 2294 3130 bat.
2338 3073 2534 3129 Mulier
2565 3090 2758 3129 rursus
2781 3073 3186 3129 accusationem
3214 3088 3370 3128 suam
3403 3072 3751 3134 instituebat,

507 3156 771 3224 singulari
804 3159 1020 3218 fervore
1056 3166 1237 3222 cordis
1269 3167 1664 3239 inflammatur,
1696 3184 1751 3230 et
1785 3190 1883 3231 ore
1909 3176 2080 3232 liber-

508 3246 649 3301 rimo
672 3248 950 3307 Justinum
977 3254 1129 3312 hisce
1171 3258 1359 3314 verbis
1382 3262 1733 3332 alloquitur:
1800 3286 1818 3318 ι
1859 3267 1916 3322 Si
1956 3284 2082 3338 per-

508 3349 643 3404 Stas,
702 3341 1026 3413 imperator,
1082 3349 1137 3403 in
1171 3350 1240 3406 iis
1277 3367 1398 3422 qua:
1444 3357 1615 3410 semel
1653 3358 1753 3413 abs
1781 3369 1832 3414 te
1859 3360 2079 3418 decreta

507 3430 825 3500 sancitaque
851 3443 1001 3501 sunt,
1054 3447 1113 3492 et
1162 3439 1413 3497 homines
1453 3458 1682 3514 rapaces
1720 3449 1944 3505 multari
1973 3450 2077 3518 vis,

508 3520 761 3590 equidem
789 3537 1015 3595 paratus
1034 3544 1156 3584 sum
1188 3541 1353 3603 atque
1391 3536 1627 3606 cupidus
1645 3547 1707 3593 ut
1746 3539 1799 3595 id
1828 3552 2080 3612 praestem

508 3614 655 3680 quod
689 3616 894 3671 dudum
936 3611 1035 3674 me
1072 3621 1443 3691 praestiturum
1484 3629 1805 3697 pollicebar.
1833 3611 1952 3688 Sin
2005 3642 2078 3698 te,

508 3704 602 3771 qui
638 3707 874 3774 praefecti
927 3726 1126 3767 munus
1163 3715 1296 3770 mihi
1328 3719 1622 3787 mandasti,
1665 3731 1793 3777 ante
1835 3734 2080 3779 actorum

508 3794 762 3862 pmnitet,
794 3814 860 3852 en
914 3799 1230 3859 facultatem
1284 3805 1457 3864 babes
1504 3811 1627 3881 ejus
1662 3811 1795 3866 mihi
1842 3815 2080 3870 vicissim

507 3883 818 3943 auferendi.
868 3889 1003 3945 Nam
1043 3894 1299 3964 equidem
1347 3899 1507 3969 culpa
1546 3916 1740 3957 vacare
1778 3903 1923 3970 volo,
1956 3921 2081 3959 eum

506 3976 819 4046 piaculares
844 3991 901 4037 et
931 3982 1211 4053 improbos
1249 3989 1501 4046 homines
1534 3992 1743 4047 amicos
1770 3994 1959 4060 facias,
1990 3995 2085 4050 iti-

508 4069 742 4141 demque
768 4089 1059 4143 perversos
1081 4087 1136 4133 et
1163 4078 1229 4134 ad
1260 4082 1568 4136 nocendum
1588 4084 2080 4155 ingeniosissimus,

507 4164 777 4220 conviviis
811 4169 1126 4240 mensisque
1161 4174 1270 4228 tuis
1318 4174 1606 4231 adhibeas.
1633 4195 1651 4228 ›
1702 4177 1783 4232 Ad
1798 4179 1877 4234 'ea
1910 4179 2082 4249 placi-

507 4254 767 4312 dissimus
825 4258 914 4314 ille
966 4260 1224 4334 mitisque
1268 4264 1541 4335 Justinus,
1589 4268 1843 4326 dolenter
1875 4288 1941 4326 ex
1972 4273 2082 4328 imo

506 4359 733 4416 pectore
760 4349 928 4407 ducto
953 4356 1216 4426 suspirio,
1276 4376 1294 4410 ι
1329 4358 1385 4414 Si
1417 4376 1503 4416 me
1532 4361 1735 4430 ipsum,
1767 4382 1786 4415 ι
1819 4363 1917 4428 ait,
1950 4382 1969 4415 ι
1998 4364 2082 4418 in-

506 4438 751 4496 solenter
791 4443 999 4514 aliquid
1031 4447 1347 4518 designasse
1392 4460 1630 4518 constat,
1669 4468 1794 4507 mox
1845 4455 2082 4524 impera-
2116 4420 2157 4473 ί)

505 4530 650 4586 torio
692 4548 777 4589 me
803 4534 1005 4592 throno
1035 4538 1333 4594 detrahito.
1360 4539 1453 4595 Sin
1478 4541 1678 4611 aliquis
1699 4546 2077 4608 convivarum,

507 4624 602 4692 qui
640 4641 854 4682 mecum
882 4628 973 4684 hic
997 4627 1368 4697 accumbunt,
1387 4631 1623 4703 injurius
1663 4635 1718 4689 in
1748 4651 2079 4705 quemquam

508 4717 633 4783 fuit,
665 4718 795 4774 licet
824 4735 949 4776 mox
983 4722 1150 4778 facias
1186 4723 1334 4793 quod
1368 4724 1577 4779 dudum
1617 4734 1711 4780 tuo
1739 4710 1865 4781 cum
1895 4728 2083 4784 animo

512 4811 871 4866 constituisti.
907 4833 924 4865 ι
964 4815 1161 4886 Papae!
1207 4826 1411 4886 quanta
1441 4816 1543 4873 fttit
1574 4819 1690 4873 haec
1732 4820 1785 4873 in
1823 4829 1874 4875 te
1914 4821 2081 4875 animi

503 4903 772 4958 serenitas
801 4913 967 4974 atque
1004 4905 1246 4971 bonitas,
1276 4908 1670 4979 imperatorum
1700 4911 1926 4980 optime,
1941 4911 2082 4982 juris

504 4999 561 5051 et
588 4994 730 5061 aequi
761 4995 1051 5053 mitissime
1091 5008 1299 5055 custos.
1340 5002 1435 5056 Vix
1474 5001 1771 5071 imperator
1802 5001 1919 5057 haec
1956 5018 2081 5072 pro-

504 5082 724 5151 locutus
762 5085 960 5151 fuerat,
996 5105 1121 5144 cum
1151 5092 1410 5162 magister
1435 5092 1528 5148 ille
1556 5109 1655 5163 per
1680 5093 1789 5147 vim
1832 5109 1863 5148 a
1892 5095 2080 5164 judice

506 5175 575 5235 de
604 5180 961 5235 convivarum
1011 5193 1156 5239 cmtu
1190 5200 1503 5254 mensusque
1532 5186 1871 5255 sumptuosis
1915 5187 2077 5241 abre-

508 5277 636 5344 ptus
672 5270 780 5340 70
821 5272 887 5325 ad
947 5274 1190 5329 tribunal
1223 5274 1536 5340 deducitur,
1586 5277 1747 5333 illata:
1775 5294 1968 5348 poenas
1998 5277 2079 5331 in-

511 5360 668 5433 juria:
717 5365 977 5420 luiturus.
1036 5367 1227 5423 Stabat
1279 5377 1405 5424 ante
1456 5370 1694 5424 tribunal
1750 5380 1991 5424 tremens
2018 5382 2082 5421 ac

2182 3182 2304 3237 quae
2326 3183 2422 3236 per
2445 3170 2690 3237 rapinam
2721 3167 2998 3223 amisisset
3030 3166 3329 3233 indicabat,
3360 3165 3622 3222 facinoris
3655 3165 3755 3219 ho-

2182 3260 2389 3314 minem
2426 3260 2811 3316 t-onvincebat.
2860 3261 2954 3315 Ille
3005 3268 3218 3325 contra,
3269 3259 3423 3315 ferox
3445 3259 3680 3314 antehac
3698 3268 3755 3312 et

2182 3352 2445 3417 insolens,
2497 3362 2687 3408 mutus
2749 3353 2860 3408 illic
2898 3352 3098 3418 stabat,
3150 3359 3208 3407 et
3259 3352 3314 3406 in
3364 3352 3570 3420 lingua,
3602 3349 3751 3419 quod

2181 3447 2359 3509 aiunt,
2409 3447 2604 3502 bovem
2636 3445 2894 3501 habebat.
2951 3445 3028 3500 lta
3086 3444 3347 3498 nimirum
3391 3456 3456 3496 os
3509 3440 3753 3495 hominis

2182 3538 2416 3594 malefici
2448 3538 2702 3594 libertate
2748 3535 3010 3606 loquendi
3046 3534 3392 3591 destituitur.
3453 3530 3589 3588 Cum
3619 3546 3752 3602 ergo
3801 3574 3805 3579 .

2181 3627 2648 3696 prudentissimus
2678 3626 2847 3697 judex
2890 3633 2947 3681 et
2981 3625 3124 3695 aequi
3172 3625 3417 3696 justique
3453 3631 3659 3686 custos,
3695 3637 3755 3677 re

2183 3725 2439 3770 accurate
2469 3717 2799 3786 curioseque
2831 3716 3218 3785 pervestigata,
3252 3714 3631 3769 mulierculam
3667 3712 3753 3766 in-

2183 3805 2346 3878 digna
2368 3824 2583 3878 passam
2612 3808 2838 3878 suisque
2861 3807 3214 3862 facultatibus
3240 3805 3443 3878 injuste
3463 3805 3751 3876 spoliatam

2184 3894 2661 3966 deprehendisset,
2687 3896 2874 3952 crudis
2894 3897 3063 3953 boum
3087 3897 3276 3953 nervis
3301 3897 3574 3953 illustrem
3600 3896 3752 3950 illum

2184 3989 2364 4042 virum
2412 4004 2512 4058 per
2541 3989 2934 4043 contumeliam
2974 3988 3111 4044 caedi
3149 3988 3329 4060 jubet,
3371 4003 3438 4043 ac
3470 3997 3755 4057 tantopere

2184 4079 2467 4151 flagellari,
2516 4080 2647 4134 dum
2695 4095 2928 4151 corpore
2954 4088 3069 4136 toto
3117 4081 3398 4151 plagarum
3459 4082 3748 4137 cicatrices

2176 4181 2479 4233 exstarent.
2536 4171 2744 4226 Deinde
2795 4183 3045 4229 mentum
3097 4172 3148 4226 ei
3202 4172 3446 4226 denudat
3478 4173 3543 4227 ad
3574 4180 3754 4226 cutem

2188 4277 2384 4332 usque,
2413 4278 2477 4318 ac
2502 4263 2640 4318 rasis
2673 4264 2871 4333 capitis
2895 4264 3144 4320 crinibus
3173 4266 3437 4334 vultuque
3464 4264 3756 4332 deturpato

2187 4353 2464 4409 inversum
2489 4354 2645 4409 asino
2676 4355 2930 4425 imponit,
2990 4356 3205 4412 facinus
3237 4356 3436 4411 mediis
3470 4358 3525 4410 in
3557 4355 3756 4426 plateis

2186 4447 2508 4517 proclamat,
2536 4446 2816 4503 hominem
2840 4464 2939 4518 per
2958 4463 3228 4504 summam
3260 4449 3614 4520 ignominiam
3648 4449 3759 4503 cir-

2186 4540 2445 4596 cumvehi
2502 4541 2656 4596 velut
2712 4542 2768 4595 in
2811 4542 3094 4612 triumpho
3139 4553 3196 4598 et
3228 4542 3370 4598 allici
3428 4542 3760 4599 contumelia

2179 4633 2358 4704 jubet.
2408 4631 2654 4689 Tandem
2707 4633 2994 4690 facultates
3039 4637 3159 4706 ejus
3213 4634 3437 4690 mulieri
3482 4633 3756 4700 attribuit,

2184 4740 2306 4792 quae
2334 4740 2598 4794 oppressa
2624 4740 2721 4794 per
2750 4726 2927 4795 ipsum
2955 4726 3262 4796 acerbeque
3297 4733 3528 4781 tractata
3556 4724 3756 4779 fuerat.

2187 4813 2278 4869 Sic
2322 4815 2461 4869 nihil
2508 4815 2576 4870 ad
2606 4817 2849 4871 animum
2885 4817 3160 4872 libertatis
3198 4817 3508 4872 studiosum
3539 4831 3761 4886 compa-

2184 4906 2295 4961 rari
2319 4916 2537 4976 potest;
2579 4907 2660 4962 sic
2685 4908 2850 4963 homo
2883 4909 3099 4964 alienus
3137 4909 3207 4964 ab
3246 4908 3502 4974 avaritia,
3531 4924 3634 4963 nec
3666 4907 3761 4962 ulli

2184 4996 2261 5051 rei
2284 4998 2646 5068 mancipatus,
2697 4997 2792 5052 sed
2826 4998 3100 5068 ingenuus
3126 5039 3141 5063 ,
3176 4998 3414 5053 neminis
3471 5011 3762 5067 personam

2184 5094 2474 5156 acceptat;
2511 5103 2621 5141 non
2662 5086 2880 5142 excelso
2910 5086 3241 5156 conspicuos
3273 5086 3395 5141 loco
3422 5087 3640 5150 metuit,
3667 5100 3763 5140 ne-

2187 5180 2389 5233 minem
2428 5178 2716 5247 formidat;
2749 5178 2956 5234 dixeris
2972 5193 3099 5234 eum
3132 5193 3253 5234 esse
3279 5180 3583 5234 volucrem.
3604 5177 3764 5247 aqui-

2184 5270 2291 5324 latn
2326 5270 2582 5331 celerem,
2614 5270 2873 5324 sublimia
2916 5278 3216 5339 petentem,
3251 5271 3417 5326 nullis
3454 5270 3620 5325 rebus
3653 5275 3763 5321 ter-

2187 5362 2336 5417 renis
2364 5361 2660 5416 addictam.
2697 5363 2753 5415 Si
2777 5377 2971 5431 puram
3000 5363 3206 5420 habeas
3233 5370 3473 5419 mentem
3495 5371 3552 5416 et
3593 5358 3766 5415 lucris

1859 5511 2058 5572 Variae
2083 5507 2411 5570 lectiones.

587 5635 633 5668 "’
671 5634 805 5704 βαθὺ
830 5634 895 5689 R.
1003 5637 1049 5669 ³⁸
1071 5638 1457 5704 συνελκυσμοῖς
1489 5640 1550 5690 Α.

1656 5639 1699 5669 ’³
1724 5638 1895 5706 ἤγαγε
1947 5635 2024 5687 Μ.

1950 5635 2024 5687 Μ.
2133 5633 2148 5663 ³
2178 5630 2297 5694 ὅλος
2334 5628 2397 5682 R.

520 5708 542 5741 '
575 5699 954 5778 φιλελευθέρων
983 5708 1208 5778 γνώμης
1248 5699 1357 5763 liii.
1440 5710 1459 5739 θ
1495 5699 1791 5778 χρημάτων
1818 5699 2069 5776 βίε).υρίᾳ

2182 5705 2472 5774 λημμάτων
2499 5699 2749 5771 manu;
2776 5700 2840 5754 Α.

2508 5631 2526 5659 ²
2562 5630 2617 5680 ὲν
2666 5628 2731 5687 Β,
2773 5629 2866 5683 καὶ
2901 5631 2961 5686 ii.
3070 5631 3089 5662 ³
3124 5628 3292 5683 δεινδν
3328 5626 3389 5683 Β.
3468 5626 3487 5658 ⁸
3515 5622 3667 5694 ξυρεῖ
3692 5623 3758 5679 R.
