4080 6206
312 388 383 441 03
414 384 702 457 πτοηθήσῃ
734 382 997 455 βασιλεῖς,
1021 384 1120 440 οὐκ
1146 385 1482 461 αίσχυνθήσῃ
1510 390 1708 460 δῆμον,

312 478 384 531 οὗ
408 476 631 547 πτήξεις
658 477 1051 547 ὑπερέχοντας,
1079 477 1140 530 ού
1164 478 1667 551 μεγαλοδυνάμους.

314 567 454 622 Ἀλλ’
483 569 955 639 ὲπανακαμπτέον
993 586 1086 640 μοι
1116 570 1247 640 πρὸς
1272 570 1339 622 τὰ
1366 571 1464 641 τῆς
1489 572 1748 643 ἱστορίας.

310 661 476 715 Τοῦτο
504 660 731 726 πολλοὺς
763 662 1019 730 ἐφόϐησε,
1054 661 1212 716 τοῦτο
1250 662 1478 726 πολλοὺς
1511 662 1766 735 ἐπέσχενο

311 753 590 807 Ἐντεῦθεν
630 753 1042 822 συνεστάλησαν
1071 752 1256 807 πολλοὶ
1288 754 1386 822 τῆς
1420 754 1635 818 ἀδικίας

313 844 422 912 Τὴν
449 842 710 913 πρόθεσιν
732 842 831 895 καὶ
862 842 961 912 τὴν
986 844 1165 914 ὁρμὴν
1196 844 1297 913 τὴν
1322 846 1401 906 εἰς
1432 844 1749 911 πλεονεξίαν
1771 846 1810 877 ⁷·

310 934 383 986 Τὸ
427 932 886 1003 δυσπαράκλητον
926 935 1020 988 καὶ
1050 934 1281 1005 φοϐερὸν
1314 938 1394 999 είς
1419 937 1634 1007 κρίσεις

310 1022 414 1076 Τοῦ
445 1021 707 1076 δικαστοῦ
739 1023 1058 1076 κατέσεισεν
1107 1023 1363 1078 ἁπάντων
1384 1026 1483 1090 τὰς
1521 1027 1773 1096 καρδίας.

313 1114 502 1166 Ἐνθεν
532 1114 741 1184 γαλήνη
773 1115 1054 1185 πανταχοῦ
1084 1116 1181 1185 τῆς
1214 1116 1641 1187 δικαιοπραγίας

312 1204 455 1257 Ἀντὶ
477 1206 749 1274 χειμῶνος
782 1207 876 1259 καὶ
909 1207 1144 1275 στυγνῆς
1168 1206 1397 1278 Θυέλλης
1428 1209 1749 1279 ὲφηπλώθη.

312 1297 455 1349 Ἀντί
489 1298 751 1366 κυμάτων
775 1299 871 1350 καὶ
903 1296 1165 1369 βρασμῶν
1192 1297 1453 1366 ἐγέλασεν
1493 1300 1661 1363 εὐδία,

312 1388 419 1440 Καὶ
449 1388 685 1454 πέλαγος
712 1389 988 1457 ἀτάραχον
1018 1388 1247 1442 ὲπλέετο
1268 1389 1361 1442 τοῦ
1390 1388 1507 1459 βίου
1536 1406 1549 1420 ’

312 1479 532 1548 Πνεῦμα
553 1476 692 1531 Θεοῦ
725 1480 831 1550 γὰρ
856 1481 1118 1550 ἄντικρυς
1143 1483 1411 1535 ἐπέπνεεν
1436 1482 1731 1553 ἡδύπνουν,

310 1571 420 1624 Καὶ
446 1571 768 1638 κατεσίγαζε
799 1571 981 1636 δεινὰς
1010 1574 1105 1625 καὶ
1136 1574 1545 1646 πολυρῤὁθουςδ
1574 1576 1761 1640 ζάλας.

379 1660 569 1732 Τούτῳ
596 1663 764 1731 συνῆν
788 1663 866 1733 τῷ
899 1663 1111 1733 βασιλεῖ
1140 1666 1235 1718 καὶ
1266 1666 1497 1732 σύζυγος
1529 1667 1720 1736 Σοφία,

310 1751 578 1822 Ἀνδρεία,
617 1754 1017 1824 μεγαλόψυχος,
1052 1755 1567 1827 μεγαλοδωροτάτη.

311 1840 470 1903 ’Ἠτις
501 1844 751 1912 μαθοῦσα
776 1846 839 1896 τὸ
869 1845 1048 1899 κοινὸν
1079 1847 1378 1900 κόπτεσθαι
1413 1849 1508 1901 καὶ
1546 1850 1867 1918 στυγνάζειν

319 1929 406 1994 Ὠς
429 1932 612 2001 κρέεσι
648 1932 984 2005 βαρούμενον
1014 1930 1103 1989 οἷα
1130 1936 1350 2008 δεσμοῖς
1380 1939 1661 2008 ἀφύκτοις,

308 2021 696 2091 Συναγαγοῦσα
724 2026 831 2077 τῶν
857 2026 1034 2096 χρεῶν
1060 2027 1241 2082 πάντα
1268 2029 1336 2083 τὰ
1370 2034 1754 2100 γραμματεῖα,

306 2114 453 2169 Δύτά
491 2114 591 2184 μὲν
615 2118 984 2186 ὲπυρπόλησε,
1023 2121 1135 2181 τοῖς
1157 2119 1212 2173 δι
1256 2122 1683 2191 χρεωφειλέταις

307 2206 583 2260 ’Δπέδωκε
615 2208 683 2262 τὰ
714 2210 904 2263 δάνεια
931 2212 1238 2281 χρημάτων
1275 2211 1336 2276 ἐξ
1360 2213 1602 2268 οίκείων.

309 2297 494 2360 Ὀσοις
520 2300 566 2351 δ’
594 2300 802 2370 ὲτέροις
827 2301 1053 2369 ἀγαθοῖς
1085 2303 1179 2355 καὶ
1213 2302 1645 2373 μεγαλοδωρίαις

318 2390 376 2442 '0
416 2388 727 2462 βασιλεὺςή
764 2392 977 2461 βασιλὶς
1004 2394 1234 2447 ἐπίαναν
1269 2394 1369 2457 τὰς
1408 2394 1614 2460 πόλεις,

307 2481 517 2535 Ἅπασι
552 2484 784 2552 πάρεστι
819 2483 1014 2555 μαθεῖν
1044 2487 1107 2538 ὲκ
1136 2484 1245 2539 τῶν
1280 2485 1475 2554 ὀλίγων
1504 2486 1732 2540 τούτων’

305 2579 413 2633 Καὶ
445 2577 554 2649 γάρ
592 2597 674 2633 τοι
700 2581 793 2634 καὶ
831 2580 1159 2652 μικρότατον
1185 2582 1366 2654 γεῦμα
1391 2583 1479 2636 τὸν
1509 2584 1629 2638 ὅλον
1657 2584 1812 2639 πίθον
1835 2587 1877 2651 ³,

303 2671 413 2723 Καὶ
450 2671 656 2725 πέπλον
685 2672 744 2726 τὸ
772 2672 1077 2741 εύύφαντον
1103 2675 1163 2726 τὸ
1191 2677 1499 2746 κράσπεδον
1527 2677 1807 2745 γνωρίζει,

303 2762 415 2814 Καὶ
432 2762 571 2816 λέων
598 2765 628 2818 ό
660 2763 980 2833 μεγάθυμος
1009 2763 1164 2834 δῆλος
1197 2767 1260 2819 ἐκ
1285 2766 1394 2820 τῶν
1417 2767 1646 2838 ὀνύχων.

302 3001 674 3072 superiorem,
702 3002 746 3057 si
772 3003 1045 3057 donorum
1074 3002 1330 3072 captione
1358 3004 1604 3059 animant
1627 3021 1739 3061 non
1765 3021 1876 3062 sor-

301 3090 608 3157 didavcris,
668 3106 827 3163 reges
857 3106 969 3147 non
1019 3092 1367 3159 formidabis,
1400 3095 1616 3164 plebem
1650 3113 1760 3151 non
1795 3114 1877 3154 re-
1907 3090 1948 3117 "

298 3184 605 3251 vercberis,
633 3200 745 3240 non
774 3184 1012 3240 eximios
1040 3193 1095 3239 ct
1119 3200 1311 3256 magna
1335 3189 1596 3256 praeditos
1632 3192 1879 3260 potentia

299 3285 539 3336 metues.

377 3365 484 3422 Sed
515 3367 665 3422 enim
690 3366 758 3423 ad
804 3368 1050 3425 historiae
1091 3371 1293 3428 seriem
1324 3373 1464 3429 mihi
1489 3375 1880 3429 revertendum

298 3466 407 3513 est.
457 3456 576 3513 Hoc
619 3459 828 3514 factum
864 3461 1054 3516 multis
1101 3463 1297 3519 terrori
1333 3464 1441 3519 fuit
1472 3474 1528 3520 et
1566 3467 1770 3521 multos
1820 3466 1878 3520 in

298 3548 481 3606 oﬂicio
502 3550 800 3607 continuit.
849 3551 929 3606 Ex
967 3567 1035 3607 eo
1078 3564 1327 3624 tempore
1363 3555 1434 3609 ab
1465 3552 1771 3611 inferendis
1803 3555 1884 3609 in-

299 3645 463 3713 juriis
488 3646 796 3715 alienisque
821 3646 1282 3716 concupiscendis
1308 3647 1561 3718 plerique
1587 3657 1758 3704 semet
1786 3648 1879 3701 ab-

299 3738 624 3794 stinebant:
659 3738 862 3808 quippe
909 3737 1114 3809 judicis
1150 3737 1368 3793 animus
1408 3738 1774 3793 inexorabilis
1825 3736 1907 3792 et‘

300 3832 356 3885 in
382 3831 683 3901 judicaudo
709 3846 937 3886 severus
986 3837 1203 3886 mentes
1253 3830 1501 3886 omnium
1536 3831 1875 3901 perculerat.

298 3920 441 3987 Hinc
467 3939 571 3993 pro
616 3931 937 3993 tempestate
974 3938 1038 3979 ac
1082 3921 1225 3979 tristi
1269 3922 1509 3994 procella
1551 3922 1881 3977 succedebat

301 4014 507 4082 ubique
541 4014 811 4088 serenitas
839 4014 1242 4070 observationis
1274 4014 1404 4086 justi
1430 4023 1486 4070 et
1529 4015 1673 4085 aequi
1701 4031 1717 4071 :
1751 4015 1880 4068 hinc

300 4104 569 4161 ﬂuctuum
595 4115 651 4161 et
675 4107 874 4161 marini
899 4106 1186 4177 cujusdam
1211 4108 1361 4162 velut
1382 4117 1551 4162 aestus
1574 4108 1697 4162 loco
1731 4114 1882 4162 tran-

300 4199 548 4269 quillitas
573 4198 817 4270 jucunde
850 4198 1002 4253 velut
1033 4200 1338 4265 arridebat,
1387 4201 1623 4271 vitatque
1653 4201 1880 4271 pelagus

300 4293 438 4346 citra
486 4293 963 4362 perturbationem
1001 4292 1164 4347 ullam
1223 4293 1606 4365 navigabatur.
1661 4294 1874 4365 Quippe

297 4386 471 4440 divini
501 4385 788 4457 cujusdam
820 4384 1071 4456 gratique
1100 4385 1252 4440 venti
1287 4400 1421 4439 aura
1447 4386 1713 4455 spirabat.

370 4479 608 4534 Uxorem
642 4480 941 4548 imperator
973 4478 1064 4531 hic
1112 4476 1376 4547 Sepltiam
1408 4477 1667 4542 habebat,
1717 4478 1877 4532 femi-

298 4586 424 4625 nam
485 4571 727 4636 virilem,
784 4571 1207 4640 magnanimam,
1268 4571 1873 4637 muniiiccntissimam;

301 4679 418 4732 qtae
448 4679 575 4719 eum
609 4663 859 4718 homines
901 4663 1063 4734 vulgo
1097 4663 1374 4735 magnoin
1411 4677 1646 4717 maerore
1680 4663 1876 4733 degere

296 4756 667 4825 cognovisset,
695 4754 841 4824 quod
873 4770 982 4810 mre
1008 4755 1191 4809 alieno
1226 4770 1327 4810 ceu
1363 4754 1466 4824 71
1505 4753 1740 4808 vinculis
1789 4756 1872 4809 in-

296 4847 717 4903 extricabilibus
753 4857 1120 4917 gravarentur
1143 4887 1158 4912 ,
1210 4848 1469 4902 omnibus
1502 4846 1869 4902 obteratorum

296 4935 500 4991 tabulis
522 4936 789 5003 collectis,
824 4950 917 4991 eas
938 4936 1090 5007 ipsas
1116 4935 1339 5003 quidem
1372 4935 1768 5000 concremavit,
1816 4948 1873 4994 at

292 5028 666 5085 creditoribus
695 5045 818 5100 qua:
851 5029 1191 5085 deberentur
1221 5045 1290 5084 ex
1318 5044 1419 5083 suo
1447 5029 1725 5083 numerari
1776 5044 1874 5084 cu-

292 5120 454 5181 ravit.
490 5121 566 5175 De
597 5121 801 5190 quibus
833 5120 1107 5177 hactenus
1151 5120 1397 5176 breviter
1427 5122 1895 5176 commemoratis-

291 5211 602 5284 intelligere
659 5214 791 5269 licet
840 5214 1063 5284 quantis
1117 5214 1455 5282 caeteroquin
1506 5214 1673 5267 etiam
1708 5213 1871 5268 bonis

291 5315 613 5375 quantaque
643 5305 976 5361 liberalitate
1001 5314 1110 5361 tant
1132 5305 1437 5376 imperator
1466 5305 1553 5359 hic
1577 5320 1740 5376 quam
1770 5305 1873 5358 im-

1396 240 1899 342 COlllPENDIUM
1937 283 2415 350 CHRONICUM.

1912 398 1956 453 Α

2073 398 2229 451 Ἐπεὶ
2265 399 2311 451 δ’
2345 399 2446 452 οὐκ
2466 395 2532 470 ἦν
2565 400 2857 472 θυγάτριον
2885 402 2998 457 ἀλλ’
3028 404 3138 459 οὐδ’
3160 405 3273 471 υίὸς
3304 407 3558 474 ἐκείνοις,

1995 488 2055 543 '0
2085 489 2340 558 βασιλεὺς
2372 492 2624 561 Τιϐέριον
2655 495 2967 566 εἰσποίητον
2990 495 3066 560 ὡς
3099 497 3143 529 ³⁸
3173 497 3350 552 παῖδα

1995 581 2434 653 Ἐπιλεξάμενος,
2467 582 2638 637 δεινὸν
2666 585 2725 638 ὲν
2748 584 3099 654 στρατηγίαις
3123 586 3276 653 ὄντα,

1986 675 2183 744 Πρῶτα
2221 677 2321 744 μὲν
2353 676 2430 746 τῷ
2475 676 2569 729 τοῦ
2600 677 2879 747 Καίσαρος
2909 681 3250 751 κατακοσμεῖ
3281 680 3552 751 στεφάνῳ,

1983 769 2138 820 Μετᾶ
2178 768 2351 839 βραχὺ
2374 770 2431 821 δὲ
2462 769 2598 839 πρὸς
2633 770 2800 824 ταυτδ
2829 772 3153 840 συναγαγὼν
3181 771 3271 826 τὸν
3301 773 3482 843 ὄχλον,

1984 860 2121 921 Τοὺς
2153 862 2336 929 ἱερεῖς,
2363 860 2460 929 τὴν
2476 860 2779 928 σύγκλητον
2805 862 2869 925 ⁸⁸,
2891 862 3134 924 ἅπαντας
3159 864 3287 925 τοὺς
3310 863 3367 916 ὲν
3389 864 3562 931 τέλει,

1986 952 2092 1003 Καὶ
2118 952 2475 1021 παραινέσεσι
2506 953 2729 1016 πολλαῖς
2757 954 2959 1017 ἐνθέοις
2984 954 3343 1025 καταρτίσας,

1984 1043 2065 1095 Τὰ
2091 1043 2348 1113 σκῆπτρα
2386 1045 2724 1113 παραδίδωσι
2746 1046 2844 1116 τῆς
2883 1047 3339 1117 αὐτοκρατορίας,

1987 1135 2105 1187 Ἔτι
2149 1135 2243 1189 καὶ
2275 1135 2384 1200 ζῶν
2439 1138 2535 1190 καὶ
2570 1135 2776 1207 περιὼν
2798 1140 2892 1191 καὶ
2921 1138 2995 1209 μὴ
3031 1140 3100 1192 τὰ
3128 1139 3316 1193 λοῖσθα
3343 1138 3546 1202 πνέων,

1991 1226 2177 1278 Ἰἰτεσι
2205 1227 2338 1278 δέκα
2374 1228 2509 1295 πρὸς
2538 1232 2684 1298 τρισὶ
2732 1230 2908 1299 μῆνας
2936 1233 2980 1262 ¹²
3003 1231 3553 1302 σκηπτροκρατήσας.

1996 1317 2158 1370 Ἀλλὰ
2191 1317 2299 1388 γὰρ
2326 1317 2546 1371 ὕπνωσε
2587 1322 2784 1389 μικρὸν
2815 1321 3066 1383 ὲπιὸιοῦς
3098 1323 3189 1376 τὸν
3208 1322 3378 1376 ὕπνον

1982 1410 2085 1463 Τὸν
2122 1410 2387 1480 νήγρετον
2418 1411 2509 1463 καὶ
2544 1413 2863 1480 πάγκοινον,
2894 1414 2986 1467 τὸν
3020 1415 3128 1467 ἀπὸ
3158 1414 3253 1468 τοῦ
3290 1414 3555 1478 θανάτου,

1983 1502 2090 1554 Καὶ
2122 1501 2267 1565 λίθος
2292 1502 2640 1573 κατεκάλυψε
2662 1505 2754 1557 τὸν
2782 1504 3105 1575 τηλικοῦτον
3124 1506 3294 1577 ἄνδρα
3325 1523 3341 1538 ·

1982 1592 2055 1643 υύ
2088 1590 2199 1660 γὰρ
2227 1591 2412 1653 καλὸν,
2446 1592 2548 1645 οὐκ
2586 1593 2857 1663 ἔμπικρον
2910 1595 2943 1664 ἠ
2990 1594 3150 1663 φύσις
3190 1594 3549 1656 δυσωπεῖται,

1992 1680 2158 1750 Ὁμοῦ
2187 1682 2244 1735 δὲ
2274 1682 2481 1752 φύρδην
2512 1683 2763 1747 ἅπαντας
2787 1684 2970 1756 τίθησι
2993 1684 3441 1755 τυμϐοχὼστους.

2061 1774 2150 1836 Ὠς
2181 1774 2283 1843 ἤδη
2304 1774 2360 1826 δὲ
2393 1772 2643 1844 Τιΰὲριος
2674 1773 2950 1845 παρῆλθεν
2971 1777 3051 1838 εἰς
3086 1775 3149 1827 τὸ
3181 1777 3405 1844 κράτος,

1992 1863 2087 1916 Ἐκ
2109 1863 2355 1935 πρώτης,
2382 1863 2455 1928 ὥς
2483 1881 2637 1931 φασι,
2669 1866 2933 1935 γραμμῆς
2966 1866 3136 1930 ἔδειξε
3165 1866 3265 1929 τὰς
3296 1866 3518 1929 ἐλπίδας

1979 1957 2072 2027 Μὴ
2100 1956 2448 2026 ψευσαμένας
2479 1959 2565 2009 ἐπ’
2597 1959 2642 1989 ¹⁸
2660 1957 2811 2028 αύτῷ
2837 1958 2932 2010 τοῦ
2963 1960 3482 2029 προχειρισαμένου.

1983 2049 2095 2118 Τὴν
2136 2049 2235 2118 μὲν
2261 2048 2373 2119 γὰρ
2402 2048 2783 2120 μεγαλόδωρον
2826 2048 3149 2119 βασίλισσαν
3179 2050 3382 2118 Σοφίαν

1978 2140 2221 2209 Μυρίαις
2253 2139 2629 2210 ἀντημείψατο
2655 2143 2774 2204 ταῖς
2797 2140 3206 2210 ἀγαθοεργίαις,

1981 2233 2106 2295 Τοῖς
2135 2232 2181 2284 δ’
2199 2233 2461 2302 ὑπηκόοις
2499 2233 2718 2303 ὀχετοὺς
2740 2232 2964 2286 ἔϐλυσεν
2990 2234 3238 2297 εὐποιίας

1982 2325 2093 2376 Καὶ
2130 2323 2334 2392 φλέϐας
2360 2324 2709 2389 ἀνεστόμωσε
2736 2323 3054 2393 χρυσίτιδας
3084 2324 3373 2392 ἀφθόνους.

1994 2413 2119 2467 Ἐπὶ
2152 2413 2482 2485 παραμυθίᾳ
2513 2414 2569 2467 δὲ
2602 2414 2713 2467 τῶν
2743 2414 2920 2478 νόσοις
2956 2416 3301 2470 παλαιόντων

1984 2507 2090 2558 Καὶ
2116 2506 2226 2558 τῶν
2265 2506 2585 2576 καμνόντων
2611 2505 2686 2574 τῷ
2709 2506 2893 2576 λυγρῷ
2912 2506 3009 2560 καὶ
3033 2506 3319 2576 πολυπόνῳ
3338 2500 3487 2578 γήρᾳ
3509 2505 3559 2538 ¹⁸

1981 2595 2179 2659 Οἶκους
2207 2597 2465 2666 ἀνήγειρε
2494 2595 2721 2657 πολλοὺς
2752 2595 2847 2648 καὶ
2882 2597 3316 2665 πενητοτροφεῖα
3345 2595 3410 2649 ⁸⁸.

1984 2690 2095 2743 Καὶ
2122 2688 2342 2758 πρῶτος
2367 2690 2409 2719 ³⁸
2438 2687 2770 2742 κατεὸἀλετο
2794 2686 2890 2750 τὰς
2920 2688 3078 2758 ῥίζας
3100 2686 3194 2741 τοῦ
3222 2688 3486 2757 τεμένους

1984 2776 2105 2830 Τῶν
2138 2778 2549 2844 τεσσαράκοντα
2591 2776 2830 2849 Χριστοῦ
2864 2775 3164 2848 μαρτύρων
3202 2774 3552 2830 καλλινίκων.

3220 2868 3261 2922 ν
3297 2884 3375 2923 rs.
3414 2868 3558 2925 5.586

1984 3016 2222 3086 peratrix
2266 3024 2405 3071 totas
2432 3014 2594 3071 urbes
2618 3014 2875 3072 foverint.
2912 3015 3125 3087 Quippe
3157 3026 3351 3086 gustus
3385 3016 3552 3071 etiam

1984 3106 2317 3176 perexiguos
2362 3106 2495 3161 dolii
2532 3107 2721 3171 totius,
2770 3115 2828 3162 et
2877 3108 3119 3163 contexti
3161 3110 3378 3179 egregie
3406 3109 3555 3178 pepli

1982 3195 2378 3250 documentum
2436 3194 2651 3250 timbria
2697 3196 2926 3266 praebet,
2974 3205 3033 3250 ut
3059 3196 3148 3250 leo
3172 3197 3557 3267 magnanimus

1982 3301 2049 3340 ex
2082 3286 2359 3357 unguibus
2377 3286 2714 3356 agnoscitur.

2051 3375 2188 3432 Cum
2237 3386 2422 3433 autem
2470 3378 2684 3432 nullum
2734 3393 2914 3447 neque
2966 3378 3140 3433 lilium
3171 3394 3350 3450 neque
3378 3380 3546 3440 filiam

1982 3467 2273 3533 haberent,
2317 3468 2603 3523 Tiberium
2633 3468 2950 3537 imperator,
2983 3468 3262 3525 hominem
3282 3470 3336 3524 in
3367 3487 3426 3526 re
3453 3472 3557 3527 mi-

1980 3560 2130 3616 litari
2186 3567 2563 3630 praastantem,
2611 3559 2933 3630 adoptatum
2970 3561 3067 3615 lilii
3125 3560 3273 3626 loco,
3322 3561 3559 3621 Cesaris

1980 3651 2222 3721 primum
2258 3664 2459 3704 corona
2484 3656 2716 3704 exornat
2745 3666 2758 3714 ;
2792 3663 2973 3717 neque
3005 3647 3180 3703 multo
3203 3655 3326 3718 post
3352 3649 3559 3705 coactis

1982 3744 2037 3799 in
2067 3759 2236 3798 unum
2265 3743 2449 3814 plebe.
2484 3752 2701 3804 senatu,
2720 3740 3122 3806 sacerdotibus,
3147 3741 3418 3797 universis
3434 3758 3561 3813 pro-

1981 3833 2223 3900 ceribus,
2255 3848 2380 3888 cum
2408 3833 2597 3887 multis
2621 3840 2678 3886 et
2707 3831 2912 3887 divinis
2943 3846 3137 3886 omnes
3156 3831 3559 3888 cohortationi-

1981 3928 2086 3983 bus
2114 3926 2486 3990 instruxisset,
2526 3925 2717 3980 eidem
2774 3925 2992 3994 imperii
3043 3934 3259 3994 sceptra
3305 3926 3464 3980 vivus
3502 3933 3561 3981 et

1981 4026 2266 4089 superstes
2327 4018 2509 4072 adhuc
2548 4032 2649 4071 nec
2697 4016 2930 4070 halitum
2992 4026 3302 4071 extremum
3352 4015 3562 4070 ducens

1982 4111 2229 4165 tradidit.
2265 4109 2372 4164 Sed
2394 4109 2539 4162 enim
2566 4110 2830 4179 exiguum
2872 4108 2937 4163 ad
2973 4118 3188 4177 tempus
3235 4107 3349 4162 vita
3402 4106 3560 4163 dein-

1981 4217 2110 4273 ceps
2163 4202 2350 4255 fruens
2380 4216 2575 4255 somno
2617 4199 2810 4255 mortis
2839 4198 3176 4253 inexcitabili
3211 4206 3268 4253 et
3297 4198 3558 4253 omnibus

1980 4292 2260 4348 communi
2296 4292 2511 4360 sopitus
2537 4299 2641 4352 est,
2676 4305 2739 4345 ac
2768 4290 2874 4346 sub
2917 4292 3175 4361 exiguum
3208 4306 3399 4345 saxum
3431 4291 3554 4344 talis

1911 4393 2279 4451 plantusque
2318 4383 2403 4436 vir
2434 4382 2713 4437 conditus.
2759 4382 2972 4452 Quippe
3023 4397 3126 4436 nec
3172 4381 3412 4437 formoso
3455 4396 3558 4436 nec

1984 4476 2288 4547 experienti
2319 4483 2514 4530 natura
2554 4474 2747 4544 parcit,
2785 4474 2881 4528 sed
2934 4487 3129 4527 omnes
3158 4474 3296 4527 citra
3351 4471 3553 4526 discri-

1986 4586 2112 4625 men
2143 4568 2197 4622 in
2246 4568 2502 4637 sepulcra
2534 4568 2780 4636 conjicit.

2053 4662 2417 4731 Posteaquam
2451 4659 2742 4728 imperium
2795 4658 3053 4713 Tiberius
3083 4656 3409 4726 occepisset,
3441 4666 3554 4710 sta-

1984 4756 2081 4809 tim
2137 4753 2337 4825 prima,
2369 4752 2517 4823 quod
2571 4752 2801 4811 dicitur.
2848 4752 2993 4805 linea
3024 4748 3423 4804 demonstravit
3451 4748 3558 4801 mi—

1982 4845 2130 4898 nime
2160 4859 2353 4897 vanam
2413 4843 2584 4898 fuisse
2623 4857 2776 4912 spem
2821 4844 2942 4913 ejus
2975 4858 3004 4895 a
3039 4858 3147 4910 quo
3180 4840 3474 4910 adoptatus
3502 4847 3559 4893 ct

1977 4935 2269 5004 praefectus
2299 4934 2470 4989 rebus
2497 4933 2878 4989 fuisset..Nam
2912 4932 3185 4987 munifica:
3214 4929 3554 5002 imperatrici

1976 5025 2196 5095 Sophia:
2226 5025 2513 5081 beneficiis
2546 5025 2779 5081 infinitis
2811 5026 2986 5080 vicem
3018 5024 3292 5095 rependit,
3324 5030 3381 5078 et
3408 5023 3556 5077 dirc-

1977 5121 2082 5174 ctis
2113 5120 2168 5173 iu
2205 5119 2461 5174 subditos
2504 5117 2864 5190 benignitatis
2894 5116 3030 5172 rivis
3059 5132 3255 5171 aureas
3280 5131 3445 5170 venas
3473 5113 3558 5168 af-

1974 5208 2130 5265 fatim
2156 5210 2390 5280 aperuit.
2417 5211 2685 5266 Praeterea
2717 5208 2969 5265 fovendis
2996 5219 3052 5263 et
3070 5206 3281 5262 alendis
3310 5206 3555 5278 ωδε-οιίς,

1976 5304 2132 5358 senio
2162 5302 2451 5370 confectis,
2490 5302 2827 5372 pauperibus
2856 5301 3169 5371 complures
3215 5298 3411 5354 domos
3453 5314 3551 5355 ex-

1648 5449 1848 5519 Varim
1887 5447 2217 5511 lectiones.

354 5578 376 5606 '
406 5576 508 5645 ἐἷς
557 5577 873 5644 πλεονεξίας
901 5578 991 5631 AR
1092 5579 1113 5611 ³
1143 5580 1474 5651 πολυρῤόους
1505 5580 1567 5635 it.

281 5643 401 5695 Βῖὶ.
517 5648 561 5679 ³³
591 5651 770 5695 tam!»
817 5650 977 5695 αὖτ’,ε
1036 5649 1099 5695 Β.
1163 5667 1271 5695 “III-
1335 5669 1543 5695 vorem-

387 5688 428 5770 ἐι
517 5648 561 5679 ³³
591 5651 770 5717 τρισὶν
817 5650 977 5712 αὐτδλς
1036 5649 1101 5704 Β.
1163 5648 1544 5707 υιιιζλνιέιυι
1602 5652 1737 5706 ςιιῑτ
1778 5653 1841 5707 ιι.

279 5731 347 5768 τε,
387 5731 448 5772 ιι.

1644 5582 1665 5613 ⁹
1719 5582 1876 5635 πίθον
1916 5584 2036 5636 ὅλον
2082 5584 2145 5637 R.
2241 5584 2284 5615 ¹⁰
2315 5584 2392 5643 εἰς
2453 5580 2515 5634 Β.

2594 5578 2634 5611 ’³
2667 5579 2764 5649 τὴν
2813 5576 3139 5649 σύγκλητον,
3184 5572 3353 5649 τοὺς.
3380 5569 3545 5649 ίερξῖς

1948 5654 1991 5685 ¹³
2022 5671 2083 5707 ἣν
2130 5652 2193 5709 ll.
2278 5654 2317 5684 “
2346 5638 2444 5723 git}:
2493 5653 2555 5705 A.
2637 5650 2677 5680 ¹⁶
2711 5638 3135 5721 πενητοτροφίας
3168 5644 3234 5699 Λ.
3313 5639 3355 5672 ¹⁶
3389 5638 3538 5708 πρῶ·
