4080 6206
470 248 570 314 351

485 363 608 415 Ἐπὶ
635 361 758 415 δυσὶ
796 358 1035 415 σαλεύων
1064 361 1120 414 δὲ
1146 361 1236 414 τὸν
1266 361 1379 431 βίον
1408 361 1713 433 θυγατράσι

387 492 393 523 γ
472 451 691 504 Τούτων
720 453 820 521 μιᾷ
860 449 1187 518 συζεύγνυσι
1223 452 1529 523 Μαυρξκιον
1560 457 1638 517 εἰς
1666 455 1863 523 γάμον,

384 541 391 576 ι
476 543 681 609 ’Ἄνδρα
719 541 1216 612 δραστηριὼτατον,
1259 544 1320 596 τὸ
1346 544 1501 612 γένος
1529 547 1934 616 Καππαδόκην,

476 636 587 688 Καὶ
616 634 828 703 μέλλων
860 633 1194 704 γαμοδαίσια
1237 635 1336 703 τῆς
1372 636 1590 709 νύμφης
1625 639 1907 709 ἑορτάζειν

486 724 836 795 Ἀναγορεύει
866 725 1126 797 Καίσαρα
1150 727 1243 779 τὸν
1279 728 1378 798 τῆς
1400 729 1590 793 παιδὸς
1622 730 1882 799 νυμφίον.

472 818 584 869 Καὶ
603 815 721 885 μετ’
751 815 930 883 ὀλίγον
959 818 1186 888 τελευτᾷ
1218 817 1324 889 πρὸ
1355 819 1571 888 χρόνου,
1607 821 1713 888 πρὸ
1737 820 1836 889 τῆς
1871 821 2041 889 ὧρας,

473 906 564 977 Mi;
595 908 780 977 γήρως
810 908 852 939 ¹’
883 907 1258 978 ἐφαψάμενος,
1288 908 1365 979 μὴ
1386 910 1620 964 κατιδὼν
1648 913 1738 964 τὴν
1767 912 1970 979 στάχυν

478 996 591 1061 Τῆς
624 994 842 1064 ἡλικίας
875 994 1085 1065 ὦριμον
1117 996 1214 1050 καὶ
1250 998 1524 1069 χρῄζοντα
1546 998 1837 1069 δρεπάνου,

478 1086 683 1150 Ἰθύνας
715 1088 776 1140 τὸ
811 1086 1080 1157 βασίλειον
1103 1089 1370 1161 τέσσαρσι
1402 1092 1617 1161 χρόνοις
1641 1091 1865 1162 κράτος.

477 1177 652 1240 ΙλῖὗἿὺς
682 1178 727 1231 δ’
771 1178 1208 1250 ἐπιλαμϐάνεται
1255 1182 1560 1251 Μαυρίκιος
1588 1183 1697 1235 τῶν
1730 1184 2049 1256 σκήπτρων,

477 1268 585 1322 Τοῦ
616 1269 870 1341 Τιϐερίου
905 1270 1195 1340 κρίναντος
1213 1273 1303 1326 τὸν
1342 1273 1511 1342 ἄνδρα
1544 1272 1872 1343 βασιλεύειν.

552 1353 722 1424 Οὗτος
747 1362 999 1433 γαμϐρὸν
1026 1363 1113 1416 ἐπ’
1142 1364 1346 1435 ἀδελφῇ
1381 1364 1473 1418 τὸν
1511 1366 1837 1420 Φιλίππικον
1868 1364 2049 1437 ἔσχεν,

480 1452 682 1522 ’Ἄνδρα
706 1456 974 1519 γενναῖον,
1015 1455 1297 1525 εὔτολμον,
1349 1456 1522 1526 μέγαν
1557 1460 1616 1511 ὲν
1666 1458 2047 1530 στρατηγίαις,

481 1543 595 1594 Καὶ
629 1542 847 1613 πλούτῳ
889 1545 1279 1616 περιϐρίθοντα
1307 1548 1403 1601 καὶ
1432 1548 1718 1618 λάμποντα
1742 1549 1978 1610 συνέσει,

481 1634 547 1685 Ἀ
558 1652 641 1703 ρτι
664 1636 890 1690 λιπόντα
911 1637 1009 1707 τὴν
1026 1638 1284 1709 λαμπράν
1314 1639 1536 1711 Ῥώμην
1556 1640 1655 1711 τὴν
1678 1640 2055 1711 πρεσϐυτέραν

482 1725 593 1777 Καὶ
627 1727 760 1796 πρὸς
786 1729 1360 1784 Κωνσταντινούπολιν
1393 1730 1912 1803 μετακεχωρηκότα.

480 1814 681 1869 Τοῦτον
704 1818 958 1888 λαμπρὸν
991 1820 1281 1889 γενόμενον
1314 1823 1407 1873 ἐπὶ
1433 1819 1795 1891 τροπαιουχίᾳ

480 1906 595 1959 Καὶ
629 1907 1029 1974 παραλύσαντα
1060 1910 1288 1978 Περσῶν
1326 1910 1388 1963 τὸ
1418 1912 1688 1981 φρύαγμα
1738 1910 1799 1963 τὺ
1852 1911 2059 1983 γαῦρον

481 1994 589 2045 Καὶ
620 1998 1139 2067 καταγωνισάμενον
1166 2000 1226 2051 ὲν
1252 2000 1454 2071 μάχαις
1482 2001 1809 2070 φρικαλὲαις

490 2082 815 2141 Ὑπὼπτευε
841 2088 1154 2159 Μαυρέκιος
1182 2088 1258 2152 ῶς
1288 2090 1354 2160 δὴ
1383 2089 1746 2159 βασιλειῶντα

481 2177 593 2229 Καὶ
629 2178 1019 2250 παραρπάζειν
1066 2180 1288 2235 θέλοντα
1319 2182 1418 2254 τὴν
1453 2184 1911 2255 αύτοκρατορίαν.

473 2262 587 2322 Ἦν
620 2269 677 2322 δὲ
704 2271 991 2342 παραίτιον
1019 2273 1171 2345 αύτῷ
1193 2273 1401 2345 ταύτης
1421 2275 1521 2345 τῆς
1544 2274 1809 2345 ὑποψίας,

478 2361 604 2414 ’Ότι
627 2361 772 2427 τινὲς
805 2364 913 2417 τῶν
944 2368 1216 2436 περιττῶν
1244 2368 1339 2420 καὶ
1373 2367 1481 2421 τῶν
1510 2367 1989 2440 προφοιϐαζόντων

474 2449 569 2520 Τῷ
594 2451 890 2522 Μαυρικίῳ
923 2451 1238 2525 προῦφερον
1262 2453 1457 2518 ὕθλους
1478 2456 1632 2518 τινάς
1660 2455 1952 2525 γραώδεις,

493 2541 583 2604 Ὠς
605 2541 703 2612 τὴν
734 2541 879 2612 ζωὴν
912 2542 1009 2595 καὶ
1051 2544 1151 2612 τὴν
1185 2545 1363 2615 ἀρχὴν
1397 2545 1767 2616 ἀφαιρεθῆναι
1801 2547 1988 2617 μέλλοι

482 2632 622 2700 Πρός
643 2649 787 2694 τινος
812 2633 1029 2704 ἔχοντος
1058 2636 1120 2687 τὸ
1149 2638 1212 2704 φῖ
1242 2638 1506 2707 στοιχεῖον
1539 2639 1597 2692 ὲν
1631 2640 1698 2709 τῇ
1727 2639 1936 2709 κλήσει.

492 2720 773 2776 Ἐντεῦθεν
799 2725 828 2777 ὁ
862 2724 1268 2795 περίλκμπρος,
1291 2728 1319 2780 6
1353 2728 1527 2799 μέγας
1550 2730 1608 2783 ὲν
1637 2732 1758 2794 ταῖς
1788 2731 1991 2802 μάχαις

479 2812 587 2865 Τοῦ
615 2812 810 2881 φθόνου
839 2815 941 2885 φεύ
967 2818 980 2871 l
1009 2817 1344 2888 ἀποληφθεὶς
1365 2822 1423 2874 ἐν
1456 2821 1639 2891 μέσοις
1667 2821 2031 2893 ἀρκυστάτοις

478 2903 959 2973 Μεταμφιέννυται
992 2908 1229 2979 στυγνὴν
1257 2909 1380 2962 ἀντὶ
1414 2909 1673 2983 λαμπρᾶς
1717 2911 1945 2982 ἐσθῆτα,

1632 250 2144 313 CONSTANTINI
2187 251 2560 313 MANASSIS

3604 226 3723 311 352

2066 368 2117 425 A
2144 366 2251 419 Τοῦ
2280 365 2600 430 πολυόλϐου,
2628 362 2721 418 τοῦ
2759 362 2995 425 κλεινοῦ,
3024 363 3120 418 τοῦ
3158 361 3646 433 καρτεροκαρδίου.

2238 458 2377 511 Ἀλλ’
2406 453 2550 528 ἦσαν
2572 457 2681 528 ἄρα
2704 455 2956 528 γηγενῶν
2986 455 3310 524 ἐπισφαλεῖς
3333 456 3388 507 αἱ
3425 453 3645 524 φρένες,

2152 551 2263 603 Καὶ
2292 548 2427 619 πρὸς
2446 548 2516 602 τὰ
2531 549 2791 618 μέλλοντα
2808 546 3007 616 τυφλαὶ
3019 545 3128 600 τῶν
3143 546 3423 615 λογισμῶν
3455 546 3512 600 αἱ
3539 543 3719 615 κόραι.

2154 641 2248 703 Εἰς
2279 640 2328 693 τί
2362 640 2460 709 μὲν
2488 635 2582 693 οὖν
2606 640 2917 710 κατήντησε
2957 637 3054 692 καλ⁸
3082 638 3235 701 τέλος
3262 635 3373 693 οἷον
3400 636 3528 705 ἔσχε

2154 732 2226 784 T6
2251 731 2529 801 φοίϐασμα
2551 731 2646 784 καὶ
2671 729 2881 801 κόμψευ
2891 747 2968 801 μα
2993 729 3101 785 τῶν
3130 748 3188 784 τε
3196 727 3651 801 ρατολογούντων,

2155 828 2280 889 Ίόϊς
2311 828 2508 897 ἐφεξῆς
2542 828 3040 899 γνωσθήσεται”καὶ
3069 829 3184 890 τοῖς
3217 823 3612 898 ῥηθησομένοις
3636 820 3680 853 ’⁸
3704 839 3718 853 ”

2165 916 2223 969 '0
2254 918 2310 970 δὲ
2338 919 2575 988 χαγάνος
2608 918 2935 991 προσϐαλὼν
2981 916 3268 988 Ῥωμαίων
3296 916 3410 979 τοῖς
3442 911 3721 984 φρουρίοις

2157 1006 2287 1080 (Ἷιν
2298 1010 2342 1063 δ’
2354 1012 2382 1064 6
2399 1011 2633 1080 χαγάνος
2647 1009 2898 1080 βασιλεὺς
2908 1008 3130 1063 Σκυθῶν
3142 1008 3250 1062 τῶν
3263 1005 3645 1077 προσαρκτίων
3657 1003 3723 1071 ¹⁹)

2158 1103 2268 1155 Καὶ
2301 1102 2483 1165 πόλεις
2505 1103 2913 1173 χειρωσάμενος
2938 1100 3248 1171 εὐπύργους
3279 1097 3338 1163 ἐξ
3370 1096 3584 1166 ἐφόδου,

2158 1194 2268 1246 Καὶ
2299 1195 2480 1246 πᾶσαν
2508 1192 2905 1265 Ἰστρογείτονα
2931 1191 3115 1262 χώραν
3130 1191 3492 1262 λεηλατήσας,

2157 1286 2269 1338 Καὶ
2292 1285 2471 1351 δείξας
2501 1284 2887 1356 αἱματόφυρτα
2918 1283 3012 1337 τοῦ
3040 1281 3285 1353 ποταμοῦ
3306 1281 3377 1334 τὰ
3408 1280 3620 1352 ῥεῖθρα,

2159 1378 2267 1429 Καὶ
2297 1376 2447 1442 ξίφος
2474 1377 2581 1430 πᾶν
2610 1377 2704 1429 καὶ
2734 1376 2861 1445 δόρυ
2893 1377 3001 1429 πᾶν
3028 1377 3137 1436 τοῖς
3163 1375 3343 1441 φόνοις
3368 1371 3725 1436 καταλούσαέ,

2158 1466 2325 1527 Τέλος
2363 1466 2497 1519 πολὺ
2532 1466 2857 1535 συναγαγὼν
2880 1464 3233 1535 δορυαλώτων
3273 1463 3497 1532 σμῆνος.

2160 1555 2253 1618 Εἰς
2273 1552 2481 1608 δώδεκα
2505 1557 2673 1608 ποσού
2683 1573 2842 1617 μενον
2864 1555 3198 1626 χιλιανδρίας
3223 1553 3350 1615 ὅλας
3374 1552 3441 1616 ³ο,

2160 1646 2380 1714 Πέμπει
2412 1645 2550 1716 πρὸς
2574 1646 2666 1699 τὸν
2686 1646 2997 1717 Μαυρίκιον
3026 1646 3114 1700 τὸν
3137 1644 3379 1714 κράτορα
3411 1639 3720 1710 Ῥωμαίων,

2159 1736 2499 1807 Παρακαλῶν
2524 1737 2567 1767 ’ί
2597 1736 2974 1807 λυτρώσασθαι
3005 1739 3131 1799 τοὺς
3164 1732 3712 1808 ᾑχμαλωτισμένους,

2157 1831 2269 1883 Καὶ
2293 1831 2575 1899 χρήμασιν
2598 1828 2930 1896 ἀλλάξασθαι
2958 1830 3016 1883 τὸ
3044 1829 3241 1899 πλῆθος
3272 1825 3494 1897 τοσαρίθ
3505 1841 3623 1894 μοις
3646 1822 3716 1874 ¹².
3828 1866 3839 1876 .

2171 1920 2310 1974 Ἀλλ’
2336 1922 2398 1974 οὐ
2429 1922 2788 1993 κατέκαμψεν
2836 1921 3003 1976 αὐτοῦ
3039 1921 3138 1991 τὴν
3167 1916 3730 1989 σκληρογνωμοσύνην

2158 2012 2232 2064 Οὐ
2273 2010 2545 2080 Σκυθικῆς
2574 2011 2854 2081 ὠμότητος
2881 2010 3110 2065 ἀπόνοια
3140 2011 3185 2042 ⁸³
3222 2010 3317 2063 καὶ
3357 2007 3552 2070 λύσσα,

2159 2100 2274 2153 Οὐκ
2306 2101 2639 2172 ἁγριόθυμος
2674 2100 2818 2172 ὁρμὴ
2849 2099 2894 2132 ⁸⁵
2927 2100 3165 2169 χαγάνου
3196 2097 3292 2153 τοῦ
3325 2097 3624 2169 βαρϐάρου,

2160 2192 2234 2245 Οὐ
2270 2191 2483 2256 πένθος,
2508 2193 2607 2245 οὐκ
2624 2192 2954 2262 ὀλοφυρμὸς,
2982 2193 3045 2245 οὐ
3070 2192 3243 2262 δάκρυ
3263 2190 3371 2243 τῶν
3403 2190 3635 2242 ἁλόντων
3657 2186 3728 2217 ’⁸ο

2160 2284 2368 2353 Δεσμὺν
2393 2285 2504 2354 γὰρ
2530 2280 2677 2353 εἶχεν
2706 2284 2924 2356 ἀρραγῆ
2956 2283 3054 2355 τὴν
3092 2282 3553 2353 φιλοχρηματίαν.

2163 2375 2271 2428 Καὶ
2302 2373 2466 2427 πάλιν
2500 2375 2528 2427 6
2556 2373 2926 2445 τριϐάρϐαρος
2953 2373 3161 2434 ἐκεῖνος
3197 2372 3226 2423 6
3254 2370 3491 2441 χαγάνος

2174 2464 2477 2534 Ἐκπέμπει
2519 2463 2657 2534 πρὸς
2684 2462 2993 2534 Μαυρίκιον
3025 2461 3426 2533 μετριωτέρους
3467 2458 3660 2528 λόγους

2162 2556 2466 2624 Καθυφιεὶς
2491 2556 2586 2609 καὶ
2615 2554 2676 2608 τὸ
2708 2555 2874 2607 ποσὸν
2904 2555 3161 2621 κατάγων
3189 2552 3299 2605 τῶν
3337 2551 3656 2623 χρημάτων.

2173 2646 2261 2710 Ὧς
2292 2646 2337 2700 δ’
2369 2641 2438 2716 ἦν
2469 2645 2636 2709 ἀσπὶς
2658 2645 2689 2699 6
2725 2645 2980 2715 βασιλεὺς
3006 2644 3104 2708 τὰς
3133 2644 3303 2707 ἀκοὰς
3329 2641 3588 2714 συμϐύων

2162 2738 2284 2792 Οὐδ’
2319 2738 2646 2809 ἀνεχόμενος
2684 2736 2870 2807 φωνῆς
2889 2736 3031 2789 ἀΐειν
3062 2735 3370 2807 ἐπᾳδόντων
3390 2735 3457 2802 ’⁸,

2162 2828 2440 2901 Θυμοῦται
2474 2828 2611 2899 φεῦί
2642 2828 2717 2893 ὡς
2742 2827 3029 2898 πάρδαλις,
3061 2826 3136 2891 ὡς
3154 2827 3334 2897 τίγρις
3374 2825 3402 2878 6
3436 2824 3700 2896 χαγάνοςν

2163 2921 2619 2993 Καταψηφίζεται
2653 2922 2848 2992 πικρὸν
2883 2919 3310 2991 τοσαυτανδρίας
3339 2919 3570 2989 πότμον,

482 2992 594 3045 καὶ
624 2993 734 3047 τῶν
752 2996 955 3067 τριχῶν
984 2997 1083 3067 τῆς
1117 2999 1361 3072 κεφαλῆς
1394 3000 1612 3074 σίδηρος
1641 3005 1986 3075 κατορχεῖται
2083 3036 2133 3098 C
2165 2992 2393 3087 Gep£Cst
2416 3015 2518 3085 φεῦ
2545 3017 2657 3079 τοῖς
2692 3015 2873 3085 ξίφεσι
2898 3014 2958 3069 τὸ
2987 3014 3192 3084 πλῆθος
3223 3014 3266 3043 ’τ
3306 3012 3365 3065 τδ
3383 3009 3658 3073 τοσοῦτον,

481 3196 680 3251 ειτυιίι
708 3204 765 3252 et
803 3197 1118 3255 destinavit.
1149 3201 1368 3257 Primus
1392 3204 1555 3258 etiam
1587 3205 1773 3276 templi
1800 3205 1870 3259 40
1895 3205 2060 3261 Chri-

481 3288 550 3343 sti
579 3288 799 3344 testium
831 3329 847 3357 ,
897 3292 1159 3363 praeclara
1209 3293 1440 3349 victoria
1487 3296 1789 3367 potitoruni
1816 3337 1830 3362 ,
1862 3296 2061 3352 funda-

482 3389 666 3436 menta
685 3381 840 3453 jecit.
867 3381 1006 3438 Cum
1029 3393 1213 3439 autem
1242 3385 1381 3441 tilias
1408 3395 1617 3442 tantum
1648 3387 1786 3443 duas
1808 3388 2060 3454 haberet,

481 3485 673 3526 earum
700 3472 864 3527 alteri
898 3472 1222 3529 Mauricium
1258 3478 1615 3537 matrimonio
1640 3480 1843 3551 jungit,
1880 3480 2059 3534 virum

481 3561 552 3619 ad
581 3579 671 3619 res
692 3565 961 3635 gerendas
982 3568 1336 3634 acerrimum,
1383 3571 1609 3625 natione
1635 3570 2015 3642 Cappadocem
2043 3587 2058 3637 ;

481 3669 720 3721 cumque
744 3655 966 3724 nuptias
990 3658 1184 3725 puellae
1208 3659 1593 3716 celebraturus
1613 3670 1779 3724 esset,
1798 3677 2062 3731 sponsum

481 3743 602 3813 ejus
625 3741 900 3799 Caesarem
931 3748 1235 3803 renuntiat.
1278 3748 1465 3820 Neque
1513 3750 1687 3806 multo
1726 3761 1850 3822 post
1890 3762 2063 3808 morte

486 3835 780 3893 immatura
831 3839 1142 3896 exstinctus
1190 3852 1318 3907 est,
1382 3844 1768 3900 administrata
1824 3857 2064 3916 quatuor

487 3929 651 4003 annis
677 3930 937 4001 imperio.
1007 3932 1086 3987 Eo
1137 3943 1359 3989 mortuo
1410 3935 1712 3992 Mauricius
1766 3936 2061 4007 imperium

485 4017 706 4087 occipit,
739 4034 902 4089 quem
939 4021 1119 4076 virum
1158 4022 1416 4078 Tiberius
1451 4023 2061 4096 dignumjudicaverat,

485 4109 578 4178 qui
608 4120 893 4180 regnaret.

558 4201 803 4257 Habebat
826 4204 1133 4262 Mauricius
1166 4207 1380 4264 afﬁnem
1412 4210 1807 4282 Philippicum,
1840 4227 1953 4268 sua:
1984 4212 2067 4266 vi-

483 4294 681 4349 ιιυιὶοοι
718 4297 925 4352 sororis
958 4300 1238 4368 maritum,
1286 4302 1467 4357 virum
1501 4318 1861 4373 generosum,
1897 4304 2067 4359 auda-

3406 3103 3564 3160 Yers.
3594 3100 3735 3159 5545

2165 3201 2501 3257 clarissimus
2532 3211 2588 3256 et
2616 3215 2847 3273 magnus
2877 3202 2933 3256 in
2963 3200 3190 3271 praeliis,
3222 3199 3429 3254 medias
3466 3198 3522 3252 in
3552 3210 3736 3253 casses

2166 3292 2387 3348 invidiaa
2419 3292 2657 3359 delatus,
2690 3308 2816 3349 eum
2854 3302 3006 3348 veste
3033 3290 3320 3362 splendida
3346 3290 3558 3345 tristem
3585 3303 3735 3343 com-

2164 3394 2406 3440 mutaret
2433 3384 2741 3455 capitisque
2777 3386 2961 3441 crines
2990 3386 3290 3440 amitteret.

2236 3475 2531 3530 Enimvero
2568 3475 2906 3530 fallebantur
2944 3474 3254 3530 mortalium
3283 3470 3475 3538 animi,
3502 3479 3559 3527 et
3588 3469 3735 3526 oculi

2166 3564 2645 3621 ratiocinationum
2686 3565 2741 3620 in
2799 3565 2967 3621 rebus
3022 3565 3230 3620 futuris
3288 3562 3733 3618 alucinaoantur.

2164 3658 2423 3714 Vaticinii
2458 3658 2684 3728 quidem
2713 3657 2880 3726 hujus
2898 3657 3025 3728 quis
3047 3656 3217 3711 fuerit
3240 3656 3445 3716 exitus,
3474 3652 3736 3721 deinceps

2169 3766 2199 3806 a
2225 3751 2387 3807 nobis
2407 3758 2739 3822 exponetur.
2768 3748 3045 3806 Caeterum
3072 3748 3377 3820 chaganus,
3412 3744 3738 3818 Scytharum

2166 3845 2684 3915 septentrionalium
2731 3859 2849 3909 rex,
2902 3860 3033 3899 cum
3086 3843 3465 3897 Romanorum
3517 3836 3739 3894 castella

2168 3934 2479 4001 invasisset,
2524 3935 2732 4003 impetu
2781 3934 2963 4005 primo
3000 3934 3263 4003 quasdam
3298 3929 3542 3987 munitas
3575 3929 3744 3982 urbes

2167 4028 2422 4099 cepisset,
2457 4043 2676 4083 omnem
2700 4026 2842 4080 Istro
2872 4026 3107 4080 vicinam
3134 4025 3412 4095 regionem
3448 4020 3745 4092 populatus

2167 4122 2187 4176 ί
2193 4124 2382 4187 uisset,
2410 4120 2588 4177 amnis
2616 4120 2789 4191 ipsius
2806 4120 3031 4175 ﬂumina
3048 4119 3312 4191 sanguine
3330 4115 3741 4172 interfectorum

2170 4213 2442 4277 tinxisset,
2482 4227 2709 4267 suorum
2742 4226 2905 4266 enses
2928 4219 2986 4266 et
3011 4210 3196 4264 hastas
3224 4222 3426 4264 cruore
3453 4204 3741 4266 abluisset,

2172 4304 2390 4359 tandem
2456 4298 2667 4374 magna
2715 4304 3060 4373 captivorum
3121 4299 3478 4355 multitudine
3531 4304 3743 4358 coacta,

480 4402 624 4446 rem,
673 4387 727 4441 in
762 4386 1103 4446 ductitandis
1137 4392 1313 4462 copiis
1352 4409 1633 4465 magnum,
1667 4396 1865 4471 opibus
1902 4397 2060 4452 locu~
2088 4417 2142 4476 Β
2169 4407 2292 4461 qua;
2345 4390 2592 4445 virorum
2630 4391 2697 4445 ad
2741 4390 3032 4446 duodecim
3069 4389 3238 4443 millia
3288 4388 3619 4449 contineret.
3678 4383 3745 4438 ad

482 4473 702 4542 pictem.
758 4474 1022 4532 illustrem
1078 4480 1411 4548 prudentia;
1458 4482 1552 4551 qui
1578 4496 1689 4536 non
1740 4483 1812 4537 ita
1849 4484 2057 4539 dudum
2088 4473 2125 4476 —
2168 4482 2493 4537 Mauricium
2517 4484 2892 4537 Romanorum
2926 4482 3319 4548 imperatorem
3348 4476 3535 4542 mittit,
3574 4485 3744 4544 utque

484 4565 676 4619 relicta
720 4566 894 4622 Roma
941 4569 1119 4623 veteri
1169 4571 1275 4640 72
1324 4570 1519 4642 Cpolin
1574 4575 2052 4646 commigraverat.

484 4657 639 4712 llnnc
669 4659 915 4715 victoriis
956 4661 1223 4717 claratum
1261 4663 1604 4736 Persicaeque
1656 4668 1928 4738 superbiae
1957 4668 2058 4724 do-

483 4749 735 4804 mitorem
791 4760 1107 4821 suspectum
1162 4753 1461 4811 Mauricius
1520 4756 1762 4813 habebat
1794 4767 2053 4829 tanquam

485 4840 703 4909 imperii
749 4841 998 4911 rapiendi
1026 4843 1313 4914 cupidum.
1361 4846 1429 4901 Et
1453 4848 1775 4903 eratobiter
1804 4848 2054 4918 quaedam

484 4932 814 5002 suspicionis
845 4934 1010 5004 hujus
1053 4951 1239 5003 causa,
1287 4937 1431 5008 quod
1463 4940 1670 4996 curiosi
1700 4941 1921 5011 quidam
1954 4940 2055 4995 ho-

487 5028 661 5080 mines
705 5037 761 5082 ct
820 5027 1103 5083 divinandi
1155 5030 1319 5099 periti
1362 5030 1627 5086 Mauricio
1682 5046 1854 5101 nugas
1884 5029 2059 5086 aniles

488 5128 915 5188 proposuerant,
935 5120 1181 5176 futurum
1206 5122 1419 5177 scilicet
1438 5133 1497 5176 ut
1524 5123 1635 5177 vita
1658 5123 1864 5193 pariter
1885 5123 2062 5193 impc-

492 5214 684 5285 rinque
715 5215 1052 5284 spoliaretur
1074 5232 1104 5271 a
1160 5216 1398 5286 quodam
1433 5217 1638 5287 cujusa
1667 5219 1709 5269 Φ
1732 5218 1913 5272 littera
1961 5232 2064 5272 no-

490 5318 616 5357 men
671 5305 970 5375 occiperet.
1021 5306 1159 5362 llinc
1220 5308 1425 5363 factum
1470 5318 1534 5363 ut
1582 5308 1920 5379 Philippicas
1973 5308 2065 5364 ille

2168 4574 2416 4643 captivos
2449 4573 2686 4628 redimat
2711 4574 2986 4628 hortatur.
3034 4574 3237 4628 Verum
3262 4584 3438 4637 neque
3475 4568 3749 4638 Scythica

2162 4664 2512 4720 crudelitatis
2566 4672 2851 4719 extremus
2906 4661 3081 4725 furor,
3139 4674 3319 4730 neque
3346 4656 3571 4712 barbari
3601 4656 3748 4726 regis

2165 4754 2499 4819 immanitas,
2525 4768 2703 4823 neque
2720 4754 2923 4817 luctus,
2946 4750 3555 4822 ejulationcs,iacryma:
3575 4747 3750 4816 capti-

2165 4862 2358 4901 verum
2410 4846 2629 4902 ﬂectere
2684 4844 2881 4899 durum
2920 4841 3270 4913 imperatoris
3309 4839 3556 4895 animum
3588 4847 3745 4909 puteo

2164 4947 2306 5005 rant,
2339 4938 2432 5008 qui
2465 4938 2533 4992 ab
2564 4936 2792 4992 avaritia
2833 4944 2982 4990 totus
3012 4944 3133 4990 erat
3158 4942 3481 5004 occupatus.
3532 4931 3748 4986 Rursus

2168 5044 2300 5101 ergo
2336 5029 2764 5085 harbarissimus
2804 5028 2895 5083 ille
2942 5027 3243 5098 chaganus,
3279 5027 3395 5080 suis
3424 5025 3490 5078 ad
3539 5019 3745 5078 Mauri-

2164 5123 2311 5178 cium
2327 5123 2528 5189 missis,
2548 5124 2889 5178 moderatius
2909 5130 2962 5176 et
2985 5121 3199 5191 aequius
3224 5119 3310 5190 agi
3338 5134 3463 5174 cum
3486 5133 3554 5173 eo
3566 5114 3743 5186 jubet,

2173 5231 2365 5288 magna
2396 5216 2463 5271 dc
2494 5216 2676 5287 pretio
2706 5230 2918 5270 summa
2951 5214 3211 5270 deducta.
3236 5211 3372 5267 Cum
3414 5217 3598 5264 autem
3633 5205 3741 5259 im-

2172 5315 2394 5377 perator
2423 5306 2667 5376 aspidem
2696 5308 2921 5361 imitans
2943 5320 3108 5360 aures
3125 5305 3413 5359 obturaret
3428 5314 3531 5355 nec
3554 5310 3745 5353 vocem
3774 5324 3777 5329 -

1833 5421 2033 5484 Varias
2076 5419 2411 5484 lectiones.

569 5520 614 5550 ¹⁷
642 5519 821 5601 “Lips:
839 5521 982 5601 “1-.
1031 5521 1075 5554 ’³
1100 5525 1164 5601 an

1171 5524 1396 5603 θήσεται
1424 5523 1519 5603 καὶ
1540 5524 1651 5603 τοῖς
1675 5521 2094 5603 λεχθησομένοις
2210 5593 2224 5603 _
2269 5523 2313 5554 "
2337 5521 2478 5603 πρός
2496 5519 2786 5603 ιὶρκτιξκέυνἱ
2846 5520 2892 5552 ⁸⁸
2911 5519 3037 5603 ὅλας
3061 5514 3536 5603 χιλιανδρίαςπθῐὶέ
3553 5515 3614 5603 θ’)
3643 5529 3747 5603 παῖ

500 5586 817 5672 ρακινῶν
883 5595 943 5672 _'_'
970 5586 1273 5672 ἰσαρίθμοὶς
1307 5594 1374 5653 R,
1452 5594 1495 5626 ³³
1532 5586 1770 5663 ἁπηνειᾶ
1796 5586 1860 5652 ﬂ,
1915 5586 1981 5625 ’²“⁶
2018 5590 2159 5663 ἁρχὴ
2194 5593 2259 5647 Δ.
2337 5586 2393 5625 ’δ’
2419 5586 2666 5662 δάκρυον
2691 5591 2928 5646 ἁλόντων
2972 5592 3034 5645 Α.
3066 5586 3093 5591 ”
3115 5592 3159 5625 ³⁸
3182 5586 3365 5660 φωνὰς
3397 5588 3460 5645 Π.
3512 5586 3751 5657 ᾀδόντων

498 5661 707 5715 ἐπαΐειν
738 5659 798 5714 Il
882 5663 923 5692 ’⁷
951 5659 1248 5734 σμῆνοςΜ.
