  <div class='ocr_page' id='page_1' title='image "/cluster/home/n/w/nwhite01/storage/ocr_20150623/127/hvd.32044073502411/182.png"; bbox 0 0 4080 6206; ppageno 0'>
   <div class='ocr_carea' id='block_1_1' title="bbox 334 333 452 399">
    <p class='ocr_par' dir='ltr' id='par_1_1' title="bbox 334 333 452 399">
     <span class='ocr_line' id='line_1_1' title="bbox 334 333 452 399; baseline -0.017 0"><span class='ocrx_word' id='word_1_1' title='bbox 334 333 452 399; x_wconf 78' lang='lat'><strong>353</strong></span> 
     </span>
    </p>
   </div>
   <div class='ocr_carea' id='block_1_2' title="bbox 1441 318 2467 386">
    <p class='ocr_par' dir='ltr' id='par_1_2' title="bbox 1441 318 2467 386">
     <span class='ocr_line' id='line_1_2' title="bbox 1441 318 2467 386; baseline -0.003 0"><span class='ocrx_word' id='word_1_2' title='bbox 1441 322 1945 386; x_wconf 67' lang='lat' dir='ltr'><strong>COMPENDIUM</strong></span> <span class='ocrx_word' id='word_1_3' title='bbox 1985 318 2467 383; x_wconf 81' lang='lat' dir='ltr'><strong>CHRONICUM.</strong></span> 
     </span>
    </p>
   </div>
   <div class='ocr_carea' id='block_1_3' title="bbox 3503 326 3611 389">
    <p class='ocr_par' dir='ltr' id='par_1_3' title="bbox 3503 326 3611 389">
     <span class='ocr_line' id='line_1_3' title="bbox 3503 326 3611 389; baseline 0.019 -2"><span class='ocrx_word' id='word_1_4' title='bbox 3503 326 3611 389; x_wconf 60' lang='lat'><strong>3515</strong></span> 
     </span>
    </p>
   </div>
   <div class='ocr_carea' id='block_1_4' title="bbox 345 427 3538 513">
    <p class='ocr_par' dir='ltr' id='par_1_4' title="bbox 345 427 3538 513">
     <span class='ocr_line' id='line_1_4' title="bbox 345 427 3538 513; baseline -0.008 -12"><span class='ocrx_word' id='word_1_5' title='bbox 345 447 457 502; x_wconf 81' lang='lat' dir='ltr'><strong>Kal</strong></span> <span class='ocrx_word' id='word_1_6' title='bbox 473 445 579 499; x_wconf 81' lang='grc' dir='ltr'>πᾶν</span> <span class='ocrx_word' id='word_1_7' title='bbox 599 443 660 496; x_wconf 73' lang='grc' dir='ltr'><strong>τὸ</strong></span> <span class='ocrx_word' id='word_1_8' title='bbox 673 441 968 513; x_wconf 82' lang='grc' dir='ltr'>πρόσωπον</span> <span class='ocrx_word' id='word_1_9' title='bbox 992 438 1089 507; x_wconf 81' lang='grc' dir='ltr'>τῆς</span> <span class='ocrx_word' id='word_1_10' title='bbox 1110 437 1213 507; x_wconf 80' lang='grc' dir='ltr'>γῆς</span> <span class='ocrx_word' id='word_1_11' title='bbox 1230 438 1341 501; x_wconf 84' lang='grc' dir='ltr'>τοῖς</span> <span class='ocrx_word' id='word_1_12' title='bbox 1362 437 1617 506; x_wconf 86' lang='grc' dir='ltr'>πτώμασι</span> <span class='ocrx_word' id='word_1_13' title='bbox 1628 434 1896 489; x_wconf 84' lang='grc' dir='ltr'>καλύπτει</span> <span class='ocrx_word' id='word_1_14' title='bbox 1914 448 1927 461; x_wconf 86' lang='grc'><strong>·</strong></span> <span class='ocrx_word' id='word_1_15' title='bbox 1959 436 2005 491; x_wconf 75' lang='grc' dir='ltr'>Α</span> <span class='ocrx_word' id='word_1_16' title='bbox 2036 430 2461 499; x_wconf 81' lang='grc' dir='ltr'>Καταγινώσκει</span> <span class='ocrx_word' id='word_1_17' title='bbox 2491 429 2586 499; x_wconf 74' lang='grc' dir='ltr'>τῆς</span> <span class='ocrx_word' id='word_1_18' title='bbox 2613 427 2784 482; x_wconf 75' lang='grc' dir='ltr'>αὑτοῦ</span> <span class='ocrx_word' id='word_1_19' title='bbox 2819 428 3031 502; x_wconf 74' lang='grc' dir='ltr'>φαύλης</span> <span class='ocrx_word' id='word_1_20' title='bbox 3054 430 3447 502; x_wconf 73' lang='grc' dir='ltr'><strong>σμικρολογίας</strong></span> <span class='ocrx_word' id='word_1_21' title='bbox 3471 435 3538 500; x_wconf 52' lang='lat' dir='ltr'><strong>ss.</strong></span> 
     </span>
    </p>
   </div>
   <div class='ocr_carea' id='block_1_5' title="bbox 348 528 1818 603">
    <p class='ocr_par' dir='ltr' id='par_1_5' title="bbox 348 528 1818 603">
     <span class='ocr_line' id='line_1_5' title="bbox 348 528 1818 603; baseline -0.01 -10"><span class='ocrx_word' id='word_1_22' title='bbox 348 540 459 603; x_wconf 77' lang='grc' dir='ltr'><strong>Τὰς</strong></span> <span class='ocrx_word' id='word_1_23' title='bbox 500 535 758 597; x_wconf 83' lang='grc' dir='ltr'>πεδιάδας</span> <span class='ocrx_word' id='word_1_24' title='bbox 797 533 897 596; x_wconf 83' lang='grc' dir='ltr'>τὰς</span> <span class='ocrx_word' id='word_1_25' title='bbox 927 532 1046 584; x_wconf 79' lang='grc' dir='ltr'><strong>ὲκεῖ</strong></span> <span class='ocrx_word' id='word_1_26' title='bbox 1076 530 1322 583; x_wconf 83' lang='grc' dir='ltr'>δείκνυσι</span> <span class='ocrx_word' id='word_1_27' title='bbox 1380 528 1818 598; x_wconf 84' lang='grc' dir='ltr'>λυθροφύρτους,</span> 
     </span>
    </p>
   </div>
   <div class='ocr_carea' id='block_1_6' title="bbox 349 618 1926 698">
    <p class='ocr_par' dir='ltr' id='par_1_6' title="bbox 349 618 1926 698">
     <span class='ocr_line' id='line_1_6' title="bbox 349 618 1926 698; baseline -0.01 -12"><span class='ocrx_word' id='word_1_28' title='bbox 349 627 777 698; x_wconf 75' lang='grc' dir='ltr'>Καταστορέσας</span> <span class='ocrx_word' id='word_1_29' title='bbox 799 625 847 656; x_wconf 67' lang='grc'>’⁸</span> <span class='ocrx_word' id='word_1_30' title='bbox 858 624 933 686; x_wconf 79' lang='grc' dir='ltr'>ὡς</span> <span class='ocrx_word' id='word_1_31' title='bbox 950 622 1193 693; x_wconf 80' lang='grc' dir='ltr'>κορμοὺς</span> <span class='ocrx_word' id='word_1_32' title='bbox 1209 619 1420 689; x_wconf 77' lang='grc' dir='ltr'><strong>πεύκης</strong></span> <span class='ocrx_word' id='word_1_33' title='bbox 1437 619 1651 690; x_wconf 81' lang='grc' dir='ltr'>νεκρῶν</span> <span class='ocrx_word' id='word_1_34' title='bbox 1667 618 1926 687; x_wconf 80' lang='grc' dir='ltr'>σωρείαν.</span> 
     </span>
    </p>
   </div>
   <div class='ocr_carea' id='block_1_7' title="bbox 420 707 1843 791">
    <p class='ocr_par' dir='ltr' id='par_1_7' title="bbox 420 707 1843 791">
     <span class='ocr_line' id='line_1_7' title="bbox 420 707 1843 791; baseline -0.01 -18"><span class='ocrx_word' id='word_1_35' title='bbox 420 717 607 791; x_wconf 74' lang='grc' dir='ltr'>Χρυσὲ</span> <span class='ocrx_word' id='word_1_36' title='bbox 632 716 862 777; x_wconf 83' lang='grc' dir='ltr'>διῶκτα,</span> <span class='ocrx_word' id='word_1_37' title='bbox 895 712 1153 784; x_wconf 78' lang='grc' dir='ltr'><strong>τύραννε,</strong></span> <span class='ocrx_word' id='word_1_38' title='bbox 1184 712 1486 780; x_wconf 81' lang='grc' dir='ltr'>πάντολμε,</span> <span class='ocrx_word' id='word_1_39' title='bbox 1525 707 1843 771; x_wconf 86' lang='grc' dir='ltr'>δολοπλόκε,</span> 
     </span>
    </p>
   </div>
   <div class='ocr_carea' id='block_1_8' title="bbox 347 800 1786 875">
    <p class='ocr_par' dir='ltr' id='par_1_8' title="bbox 347 800 1786 875">
     <span class='ocr_line' id='line_1_8' title="bbox 347 800 1786 875; baseline -0.01 -8"><span class='ocrx_word' id='word_1_40' title='bbox 347 812 576 867; x_wconf 85' lang='grc' dir='ltr'>Πάντων</span> <span class='ocrx_word' id='word_1_41' title='bbox 605 808 792 862; x_wconf 83' lang='grc' dir='ltr'>κακῶν</span> <span class='ocrx_word' id='word_1_42' title='bbox 824 805 1148 875; x_wconf 85' lang='grc' dir='ltr'>ἀκρόπολις,</span> <span class='ocrx_word' id='word_1_43' title='bbox 1193 804 1455 875; x_wconf 75' lang='grc' dir='ltr'>φρούριον</span> <span class='ocrx_word' id='word_1_44' title='bbox 1489 800 1786 865; x_wconf 73' lang='grc' dir='ltr'>ἀπωλείας,</span> 
     </span>
    </p>
   </div>
   <div class='ocr_carea' id='block_1_9' title="bbox 361 893 1715 965">
    <p class='ocr_par' dir='ltr' id='par_1_9' title="bbox 361 893 1715 965">
     <span class='ocr_line' id='line_1_9' title="bbox 361 893 1715 965; baseline -0.007 -13"><span class='ocrx_word' id='word_1_45' title='bbox 361 897 661 963; x_wconf 83' lang='grc' dir='ltr'>Ἑλέπολις,</span> <span class='ocrx_word' id='word_1_46' title='bbox 697 895 1047 965; x_wconf 77' lang='grc' dir='ltr'>ριψέπαλξις,</span> <span class='ocrx_word' id='word_1_47' title='bbox 1080 893 1435 963; x_wconf 77' lang='grc' dir='ltr'>σπάράκτρια</span> <span class='ocrx_word' id='word_1_48' title='bbox 1463 893 1715 961; x_wconf 80' lang='grc' dir='ltr'><strong>τειχέων,</strong></span> 
     </span>
    </p>
   </div>
   <div class='ocr_carea' id='block_1_10' title="bbox 349 983 1646 1057">
    <p class='ocr_par' dir='ltr' id='par_1_10' title="bbox 349 983 1646 1057">
     <span class='ocr_line' id='line_1_10' title="bbox 349 983 1646 1057; baseline -0.008 -12"><span class='ocrx_word' id='word_1_49' title='bbox 349 991 564 1045; x_wconf 87' lang='grc' dir='ltr'>Πόλεων</span> <span class='ocrx_word' id='word_1_50' title='bbox 598 986 1019 1057; x_wconf 72' lang='grc' dir='ltr'>τειχοτείστρια,</span> <span class='ocrx_word' id='word_1_51' title='bbox 1042 986 1332 1056; x_wconf 86' lang='grc' dir='ltr'>τινάκτρια</span> <span class='ocrx_word' id='word_1_52' title='bbox 1354 983 1646 1053; x_wconf 76' lang='grc' dir='ltr'><strong>δωμάτων,</strong></span> 
     </span>
    </p>
   </div>
   <div class='ocr_carea' id='block_1_11' title="bbox 346 1073 1924 1149">
    <p class='ocr_par' dir='ltr' id='par_1_11' title="bbox 346 1073 1924 1149">
     <span class='ocr_line' id='line_1_11' title="bbox 346 1073 1924 1149; baseline -0.009 -11"><span class='ocrx_word' id='word_1_53' title='bbox 346 1084 492 1146; x_wconf 83' lang='grc' dir='ltr'>Οἴοις</span> <span class='ocrx_word' id='word_1_54' title='bbox 509 1083 702 1143; x_wconf 78' lang='grc' dir='ltr'><strong>κακοῖς</strong></span> <span class='ocrx_word' id='word_1_55' title='bbox 721 1081 849 1142; x_wconf 78' lang='grc' dir='ltr'>τοὺς</span> <span class='ocrx_word' id='word_1_56' title='bbox 869 1080 1120 1149; x_wconf 79' lang='grc' dir='ltr'><strong>γηγενεῖς</strong></span> <span class='ocrx_word' id='word_1_57' title='bbox 1139 1078 1483 1147; x_wconf 86' lang='grc' dir='ltr'>κρεωκοπεῖς</span> <span class='ocrx_word' id='word_1_58' title='bbox 1498 1077 1542 1108; x_wconf 80' lang='grc'><strong>²⁹</strong></span> <span class='ocrx_word' id='word_1_59' title='bbox 1564 1076 1657 1128; x_wconf 71' lang='grc' dir='ltr'>καὶ</span> <span class='ocrx_word' id='word_1_60' title='bbox 1674 1073 1924 1144; x_wconf 76' lang='grc' dir='ltr'>τρύχειςί</span> 
     </span>
    </p>
   </div>
   <div class='ocr_carea' id='block_1_12' title="bbox 347 1165 1819 1242">
    <p class='ocr_par' dir='ltr' id='par_1_12' title="bbox 347 1165 1819 1242">
     <span class='ocr_line' id='line_1_12' title="bbox 347 1165 1819 1242; baseline -0.007 -14"><span class='ocrx_word' id='word_1_61' title='bbox 347 1173 516 1229; x_wconf 70' lang='grc' dir='ltr'>Οὐδὲν</span> <span class='ocrx_word' id='word_1_62' title='bbox 546 1172 949 1242; x_wconf 81' lang='grc' dir='ltr'>ἀνθαμιλλᾶταί</span> <span class='ocrx_word' id='word_1_63' title='bbox 972 1186 1056 1222; x_wconf 86' lang='grc' dir='ltr'><strong>σοι</strong></span> <span class='ocrx_word' id='word_1_64' title='bbox 1088 1169 1431 1238; x_wconf 73' lang='grc' dir='ltr'>πραγμάτων</span> <span class='ocrx_word' id='word_1_65' title='bbox 1462 1166 1573 1219; x_wconf 82' lang='grc' dir='ltr'><strong>τῶν</strong></span> <span class='ocrx_word' id='word_1_66' title='bbox 1613 1168 1671 1219; x_wconf 84' lang='grc' dir='ltr'>ὲν</span> <span class='ocrx_word' id='word_1_67' title='bbox 1697 1165 1819 1235; x_wconf 84' lang='grc' dir='ltr'>βίῳ,</span> 
     </span>
    </p>
   </div>
   <div class='ocr_carea' id='block_1_13' title="bbox 346 1257 1785 1334">
    <p class='ocr_par' dir='ltr' id='par_1_13' title="bbox 346 1257 1785 1334">
     <span class='ocr_line' id='line_1_13' title="bbox 346 1257 1785 1334; baseline -0.007 -13"><span class='ocrx_word' id='word_1_68' title='bbox 346 1265 516 1321; x_wconf 84' lang='grc' dir='ltr'>οὐδὲν</span> <span class='ocrx_word' id='word_1_69' title='bbox 540 1263 945 1334; x_wconf 78' lang='grc' dir='ltr'>άντιφερίζει³⁰</span> <span class='ocrx_word' id='word_1_70' title='bbox 982 1279 1066 1315; x_wconf 90' lang='grc' dir='ltr'><strong>σοι</strong></span> <span class='ocrx_word' id='word_1_71' title='bbox 1097 1261 1321 1316; x_wconf 82' lang='grc' dir='ltr'>πάντων</span> <span class='ocrx_word' id='word_1_72' title='bbox 1355 1260 1465 1312; x_wconf 82' lang='grc' dir='ltr'>τῶν</span> <span class='ocrx_word' id='word_1_73' title='bbox 1502 1257 1785 1327; x_wconf 78' lang='grc' dir='ltr'>ἐπιγείων.</span> 
     </span>
    </p>
   </div>
   <div class='ocr_carea' id='block_1_14' title="bbox 346 1351 1929 1426">
    <p class='ocr_par' dir='ltr' id='par_1_14' title="bbox 346 1351 1929 1426">
     <span class='ocr_line' id='line_1_14' title="bbox 346 1351 1929 1426; baseline -0.008 -13"><span class='ocrx_word' id='word_1_74' title='bbox 346 1358 664 1420; x_wconf 73' lang='grc' dir='ltr'>Μαλάσσεις</span> <span class='ocrx_word' id='word_1_75' title='bbox 682 1357 725 1388; x_wconf 71' lang='grc' dir='ltr'>’ί</span> <span class='ocrx_word' id='word_1_76' title='bbox 741 1356 832 1409; x_wconf 82' lang='grc' dir='ltr'>τὸν</span> <span class='ocrx_word' id='word_1_77' title='bbox 849 1355 1189 1426; x_wconf 82' lang='grc' dir='ltr'><strong>ἀμάλακτον,</strong></span> <span class='ocrx_word' id='word_1_78' title='bbox 1207 1353 1298 1406; x_wconf 72' lang='grc' dir='ltr'>τὸν</span> <span class='ocrx_word' id='word_1_79' title='bbox 1314 1352 1557 1422; x_wconf 75' lang='grc' dir='ltr'>μαλακὸν</span> <span class='ocrx_word' id='word_1_80' title='bbox 1572 1351 1893 1421; x_wconf 87' lang='grc' dir='ltr'>σκληρύνεις</span> <span class='ocrx_word' id='word_1_81' title='bbox 1914 1361 1929 1377; x_wconf 80' lang='grc'><strong>⁸</strong></span> 
     </span>
    </p>
   </div>
   <div class='ocr_carea' id='block_1_15' title="bbox 348 1441 1782 1516">
    <p class='ocr_par' dir='ltr' id='par_1_15' title="bbox 348 1441 1782 1516">
     <span class='ocr_line' id='line_1_15' title="bbox 348 1441 1782 1516; baseline -0.005 -13"><span class='ocrx_word' id='word_1_82' title='bbox 348 1449 608 1503; x_wconf 81' lang='grc' dir='ltr'>Γλῶσσαν</span> <span class='ocrx_word' id='word_1_83' title='bbox 639 1446 881 1516; x_wconf 87' lang='grc' dir='ltr'>ἀνοίγεις</span> <span class='ocrx_word' id='word_1_84' title='bbox 902 1446 1139 1513; x_wconf 76' lang='grc' dir='ltr'>ἄφωνον,</span> <span class='ocrx_word' id='word_1_85' title='bbox 1178 1446 1337 1498; x_wconf 75' lang='grc' dir='ltr'>λάλον</span> <span class='ocrx_word' id='word_1_86' title='bbox 1371 1441 1745 1513; x_wconf 76' lang='grc' dir='ltr'>ὲπιστομίζεις</span> <span class='ocrx_word' id='word_1_87' title='bbox 1767 1458 1782 1474; x_wconf 75' lang='grc'><strong>⁸</strong></span> 
     </span>
    </p>
   </div>
   <div class='ocr_carea' id='block_1_16' title="bbox 350 1533 1924 1605">
    <p class='ocr_par' dir='ltr' id='par_1_16' title="bbox 350 1533 1924 1605">
     <span class='ocr_line' id='line_1_16' title="bbox 350 1533 1924 1605; baseline 0 -18"><span class='ocrx_word' id='word_1_88' title='bbox 350 1535 529 1598; x_wconf 72' lang='lat' dir='ltr'><strong>lintei;</strong></span> <span class='ocrx_word' id='word_1_89' title='bbox 555 1534 757 1605; x_wconf 80' lang='grc' dir='ltr'>βραδὺν</span> <span class='ocrx_word' id='word_1_90' title='bbox 776 1534 867 1587; x_wconf 79' lang='grc' dir='ltr'>τὸν</span> <span class='ocrx_word' id='word_1_91' title='bbox 887 1535 1168 1605; x_wconf 71' lang='grc' dir='ltr'>δρομικὸν,</span> <span class='ocrx_word' id='word_1_92' title='bbox 1191 1534 1501 1604; x_wconf 83' lang='grc' dir='ltr'>πτηνόπουν</span> <span class='ocrx_word' id='word_1_93' title='bbox 1520 1533 1612 1586; x_wconf 77' lang='grc' dir='ltr'>τὸν</span> <span class='ocrx_word' id='word_1_94' title='bbox 1629 1533 1924 1603; x_wconf 80' lang='grc' dir='ltr'>ἀργόπουν.</span> 
     </span>
    </p>
   </div>
   <div class='ocr_carea' id='block_1_17' title="bbox 348 1624 1979 1698">
    <p class='ocr_par' dir='ltr' id='par_1_17' title="bbox 348 1624 1979 1698">
     <span class='ocr_line' id='line_1_17' title="bbox 348 1624 1979 1698; baseline -0.001 -19"><span class='ocrx_word' id='word_1_95' title='bbox 348 1627 641 1698; x_wconf 78' lang='grc' dir='ltr'>Πειράζεις</span> <span class='ocrx_word' id='word_1_96' title='bbox 674 1627 777 1697; x_wconf 81' lang='grc' dir='ltr'>μὲν</span> <span class='ocrx_word' id='word_1_97' title='bbox 801 1625 897 1680; x_wconf 76' lang='grc' dir='ltr'>καὶ</span> <span class='ocrx_word' id='word_1_98' title='bbox 925 1625 1226 1697; x_wconf 79' lang='grc' dir='ltr'><strong>θέλγητρον</strong></span> <span class='ocrx_word' id='word_1_99' title='bbox 1244 1626 1476 1693; x_wconf 79' lang='grc' dir='ltr'><strong>ἐπάγεις</strong></span> <span class='ocrx_word' id='word_1_100' title='bbox 1509 1627 1631 1688; x_wconf 78' lang='grc' dir='ltr'>ταῖς</span> <span class='ocrx_word' id='word_1_101' title='bbox 1654 1624 1926 1695; x_wconf 74' lang='grc' dir='ltr'><strong>καρδίαις,</strong></span> <span class='ocrx_word' id='word_1_102' title='bbox 1976 1688 1979 1691; x_wconf 96' lang='lat'><em>_</em></span> 
     </span>
    </p>
   </div>
   <div class='ocr_carea' id='block_1_18' title="bbox 346 1717 1726 1790">
    <p class='ocr_par' dir='ltr' id='par_1_18' title="bbox 346 1717 1726 1790">
     <span class='ocr_line' id='line_1_18' title="bbox 346 1717 1726 1790; baseline -0.004 -16"><span class='ocrx_word' id='word_1_103' title='bbox 346 1720 459 1774; x_wconf 81' lang='lat' dir='ltr'><strong>Kal</strong></span> <span class='ocrx_word' id='word_1_104' title='bbox 479 1718 766 1790; x_wconf 84' lang='grc' dir='ltr'>γοητεύεις</span> <span class='ocrx_word' id='word_1_105' title='bbox 796 1718 972 1786; x_wconf 82' lang='grc' dir='ltr'>ίυγξιν</span> <span class='ocrx_word' id='word_1_106' title='bbox 1006 1718 1273 1786; x_wconf 78' lang='grc' dir='ltr'><strong>ἀφύκτοις</strong></span> <span class='ocrx_word' id='word_1_107' title='bbox 1287 1718 1388 1781; x_wconf 83' lang='grc' dir='ltr'>τὰς</span> <span class='ocrx_word' id='word_1_108' title='bbox 1417 1717 1726 1788; x_wconf 76' lang='grc' dir='ltr'><strong>αἰσθήσεις,</strong></span> 
     </span>
    </p>
   </div>
   <div class='ocr_carea' id='block_1_19' title="bbox 363 1809 1784 1882">
    <p class='ocr_par' dir='ltr' id='par_1_19' title="bbox 363 1809 1784 1882">
     <span class='ocr_line' id='line_1_19' title="bbox 363 1809 1784 1882; baseline -0.002 -18"><span class='ocrx_word' id='word_1_109' title='bbox 363 1812 524 1866; x_wconf 84' lang='grc' dir='ltr'>Ἀλλά</span> <span class='ocrx_word' id='word_1_110' title='bbox 551 1829 647 1865; x_wconf 89' lang='grc' dir='ltr'><strong>σου</strong></span> <span class='ocrx_word' id='word_1_111' title='bbox 680 1811 742 1864; x_wconf 80' lang='grc' dir='ltr'>τὸ</span> <span class='ocrx_word' id='word_1_112' title='bbox 777 1811 1100 1882; x_wconf 83' lang='grc' dir='ltr'>καλλίχροον</span> <span class='ocrx_word' id='word_1_113' title='bbox 1128 1810 1205 1873; x_wconf 83' lang='grc' dir='ltr'><strong>ὡς</strong></span> <span class='ocrx_word' id='word_1_114' title='bbox 1232 1810 1413 1881; x_wconf 76' lang='grc' dir='ltr'>ἔχιδνα</span> <span class='ocrx_word' id='word_1_115' title='bbox 1445 1809 1784 1880; x_wconf 71' lang='grc' dir='ltr'>φαρμάττει.</span> 
     </span>
    </p>
   </div>
   <div class='ocr_carea' id='block_1_20' title="bbox 346 1890 1924 1972">
    <p class='ocr_par' dir='ltr' id='par_1_20' title="bbox 346 1890 1924 1972">
     <span class='ocr_line' id='line_1_20' title="bbox 346 1890 1924 1972; baseline -0.004 -19"><span class='ocrx_word' id='word_1_116' title='bbox 346 1902 600 1972; x_wconf 63' lang='grc' dir='ltr'>Θεσμοίδς</span> <span class='ocrx_word' id='word_1_117' title='bbox 620 1903 717 1955; x_wconf 73' lang='grc' dir='ltr'>καὶ</span> <span class='ocrx_word' id='word_1_118' title='bbox 738 1901 938 1970; x_wconf 87' lang='grc' dir='ltr'>νόμους</span> <span class='ocrx_word' id='word_1_119' title='bbox 959 1903 1266 1971; x_wconf 86' lang='grc' dir='ltr'>σνμπατείς</span> <span class='ocrx_word' id='word_1_120' title='bbox 1286 1900 1380 1953; x_wconf 80' lang='grc' dir='ltr'>καὶ</span> <span class='ocrx_word' id='word_1_121' title='bbox 1402 1900 1502 1969; x_wconf 86' lang='grc' dir='ltr'>τὴν</span> <span class='ocrx_word' id='word_1_122' title='bbox 1525 1890 1660 1953; x_wconf 81' lang='grc' dir='ltr'>αίδῶ</span> <span class='ocrx_word' id='word_1_123' title='bbox 1685 1896 1924 1958; x_wconf 80' lang='grc' dir='ltr'><strong>διώκεις.</strong></span> 
     </span>
    </p>
   </div>
   <div class='ocr_carea' id='block_1_21' title="bbox 347 1988 1927 2064">
    <p class='ocr_par' dir='ltr' id='par_1_21' title="bbox 347 1988 1927 2064">
     <span class='ocr_line' id='line_1_21' title="bbox 347 1988 1927 2064; baseline -0.004 -18"><span class='ocrx_word' id='word_1_124' title='bbox 347 1993 769 2064; x_wconf 71' lang='grc' dir='ltr'>Τυμόωρυχεῖς,</span> <span class='ocrx_word' id='word_1_125' title='bbox 805 1993 1182 2063; x_wconf 86' lang='grc' dir='ltr'>τοιχωρυχείς,</span> <span class='ocrx_word' id='word_1_126' title='bbox 1219 1990 1587 2060; x_wconf 80' lang='grc' dir='ltr'>ἀπεμπολεῖς,</span> <span class='ocrx_word' id='word_1_127' title='bbox 1636 1988 1927 2059; x_wconf 83' lang='grc' dir='ltr'>προδίδως.</span> 
     </span>
    </p>
   </div>
   <div class='ocr_carea' id='block_1_22' title="bbox 347 2081 1731 2158">
    <p class='ocr_par' dir='ltr' id='par_1_22' title="bbox 347 2081 1731 2158">
     <span class='ocr_line' id='line_1_22' title="bbox 347 2081 1731 2158; baseline -0.004 -20"><span class='ocrx_word' id='word_1_128' title='bbox 347 2087 534 2158; x_wconf 80' lang='grc' dir='ltr'>Λῆρος</span> <span class='ocrx_word' id='word_1_129' title='bbox 557 2086 618 2138; x_wconf 78' lang='grc' dir='ltr'>τὸ</span> <span class='ocrx_word' id='word_1_130' title='bbox 647 2084 1082 2155; x_wconf 79' lang='grc' dir='ltr'>κομψευόμενον,</span> <span class='ocrx_word' id='word_1_131' title='bbox 1101 2083 1177 2145; x_wconf 84' lang='grc' dir='ltr'><strong>ὡς</strong></span> <span class='ocrx_word' id='word_1_132' title='bbox 1206 2083 1374 2146; x_wconf 80' lang='grc' dir='ltr'>ἔοικε,</span> <span class='ocrx_word' id='word_1_133' title='bbox 1408 2087 1503 2135; x_wconf 73' lang='grc' dir='ltr'>καὶ</span> <span class='ocrx_word' id='word_1_134' title='bbox 1535 2081 1731 2153; x_wconf 80' lang='grc' dir='ltr'>μῦθος,</span> 
     </span>
    </p>
   </div>
   <div class='ocr_carea' id='block_1_23' title="bbox 360 2172 1796 2248">
    <p class='ocr_par' dir='ltr' id='par_1_23' title="bbox 360 2172 1796 2248">
     <span class='ocr_line' id='line_1_23' title="bbox 360 2172 1796 2248; baseline 0 -18"><span class='ocrx_word' id='word_1_135' title='bbox 360 2178 449 2241; x_wconf 81' lang='lat'><strong>&#39;0;</strong></span> <span class='ocrx_word' id='word_1_136' title='bbox 474 2177 582 2248; x_wconf 79' lang='grc' dir='ltr'>ἄρα</span> <span class='ocrx_word' id='word_1_137' title='bbox 619 2176 713 2230; x_wconf 81' lang='grc' dir='ltr'>τὸν</span> <span class='ocrx_word' id='word_1_138' title='bbox 751 2175 1038 2246; x_wconf 78' lang='grc' dir='ltr'>ἀδάμαντα</span> <span class='ocrx_word' id='word_1_139' title='bbox 1074 2176 1237 2246; x_wconf 87' lang='grc' dir='ltr'>μόνον</span> <span class='ocrx_word' id='word_1_140' title='bbox 1271 2172 1414 2246; x_wconf 81' lang='grc' dir='ltr'>αἷμα</span> <span class='ocrx_word' id='word_1_141' title='bbox 1447 2174 1750 2245; x_wconf 81' lang='grc' dir='ltr'>μαλθάσσει</span> <span class='ocrx_word' id='word_1_142' title='bbox 1778 2192 1796 2208; x_wconf 77' lang='grc'><strong><em>⁵</em></strong></span> 
     </span>
    </p>
   </div>
   <div class='ocr_carea' id='block_1_24' title="bbox 351 2265 1928 2339">
    <p class='ocr_par' dir='ltr' id='par_1_24' title="bbox 351 2265 1928 2339">
     <span class='ocr_line' id='line_1_24' title="bbox 351 2265 1928 2339; baseline 0.001 -19"><span class='ocrx_word' id='word_1_143' title='bbox 351 2268 421 2321; x_wconf 91' lang='grc' dir='ltr'><strong>Τί</strong></span> <span class='ocrx_word' id='word_1_144' title='bbox 450 2268 558 2339; x_wconf 84' lang='grc' dir='ltr'><strong>γάρ</strong></span> <span class='ocrx_word' id='word_1_145' title='bbox 594 2284 688 2321; x_wconf 91' lang='grc' dir='ltr'><strong>σου</strong></span> <span class='ocrx_word' id='word_1_146' title='bbox 715 2266 1152 2339; x_wconf 86' lang='grc' dir='ltr'>δραστικώτερον</span> <span class='ocrx_word' id='word_1_147' title='bbox 1182 2268 1275 2321; x_wconf 83' lang='grc' dir='ltr'>καὶ</span> <span class='ocrx_word' id='word_1_148' title='bbox 1302 2265 1487 2331; x_wconf 83' lang='grc' dir='ltr'>λίθους</span> <span class='ocrx_word' id='word_1_149' title='bbox 1539 2266 1836 2322; x_wconf 81' lang='grc' dir='ltr'>ἀπαλύνειν</span> <span class='ocrx_word' id='word_1_150' title='bbox 1854 2269 1928 2333; x_wconf 74' lang='lat'><strong>3&#39;;</strong></span> 
     </span>
    </p>
   </div>
   <div class='ocr_carea' id='block_1_25' title="bbox 350 2360 1719 2432">
    <p class='ocr_par' dir='ltr' id='par_1_25' title="bbox 350 2360 1719 2432">
     <span class='ocr_line' id='line_1_25' title="bbox 350 2360 1719 2432; baseline -0.002 -17"><span class='ocrx_word' id='word_1_151' title='bbox 350 2360 420 2415; x_wconf 82' lang='grc' dir='ltr'>Τί</span> <span class='ocrx_word' id='word_1_152' title='bbox 457 2362 515 2414; x_wconf 83' lang='grc' dir='ltr'>δὲ</span> <span class='ocrx_word' id='word_1_153' title='bbox 538 2361 638 2432; x_wconf 81' lang='grc' dir='ltr'>τὴν</span> <span class='ocrx_word' id='word_1_154' title='bbox 673 2361 1042 2432; x_wconf 82' lang='grc' dir='ltr'>ὑπερίσχυρον</span> <span class='ocrx_word' id='word_1_155' title='bbox 1071 2360 1226 2432; x_wconf 74' lang='grc' dir='ltr'>ἰσχύν</span> <span class='ocrx_word' id='word_1_156' title='bbox 1267 2376 1363 2413; x_wconf 90' lang='grc' dir='ltr'><strong>σου</strong></span> <span class='ocrx_word' id='word_1_157' title='bbox 1408 2360 1719 2430; x_wconf 84' lang='grc' dir='ltr'>διαφεύγει;</span> 
     </span>
    </p>
   </div>
   <div class='ocr_carea' id='block_1_26' title="bbox 426 2446 1847 2526">
    <p class='ocr_par' dir='ltr' id='par_1_26' title="bbox 426 2446 1847 2526">
     <span class='ocr_line' id='line_1_26' title="bbox 426 2446 1847 2526; baseline -0.002 -17"><span class='ocrx_word' id='word_1_158' title='bbox 426 2446 553 2509; x_wconf 71' lang='grc' dir='ltr'>Ὧδε</span> <span class='ocrx_word' id='word_1_159' title='bbox 588 2455 687 2524; x_wconf 78' lang='grc' dir='ltr'><strong>μὲν</strong></span> <span class='ocrx_word' id='word_1_160' title='bbox 709 2453 884 2507; x_wconf 79' lang='grc' dir='ltr'>ταῦτα</span> <span class='ocrx_word' id='word_1_161' title='bbox 910 2455 1092 2526; x_wconf 76' lang='grc' dir='ltr'>στήτω</span> <span class='ocrx_word' id='word_1_162' title='bbox 1117 2470 1227 2524; x_wconf 87' lang='grc' dir='ltr'>μοι,</span> <span class='ocrx_word' id='word_1_163' title='bbox 1257 2452 1328 2505; x_wconf 84' lang='grc' dir='ltr'><strong>τά</strong></span> <span class='ocrx_word' id='word_1_164' title='bbox 1356 2452 1403 2506; x_wconf 87' lang='grc' dir='ltr'>δ’</span> <span class='ocrx_word' id='word_1_165' title='bbox 1430 2452 1631 2523; x_wconf 80' lang='grc' dir='ltr'>ἐφεξῆς</span> <span class='ocrx_word' id='word_1_166' title='bbox 1654 2455 1847 2521; x_wconf 65' lang='lat' dir='ltr'><strong>ditata;</strong></span> 
     </span>
    </p>
   </div>
   <div class='ocr_carea' id='block_1_27' title="bbox 353 2542 1777 2616">
    <p class='ocr_par' dir='ltr' id='par_1_27' title="bbox 353 2542 1777 2616">
     <span class='ocr_line' id='line_1_27' title="bbox 353 2542 1777 2616; baseline 0.001 -18"><span class='ocrx_word' id='word_1_167' title='bbox 353 2542 462 2598; x_wconf 80' lang='grc' dir='ltr'><strong>Τὸν</strong></span> <span class='ocrx_word' id='word_1_168' title='bbox 494 2544 652 2613; x_wconf 66' lang='grc' dir='ltr'>φόνον</span> <span class='ocrx_word' id='word_1_169' title='bbox 673 2544 766 2598; x_wconf 82' lang='grc' dir='ltr'>τὸν</span> <span class='ocrx_word' id='word_1_170' title='bbox 794 2544 1128 2616; x_wconf 70' lang='grc' dir='ltr'>μυρίανδρον</span> <span class='ocrx_word' id='word_1_171' title='bbox 1156 2547 1185 2599; x_wconf 88' lang='grc' dir='ltr'><strong>ό</strong></span> <span class='ocrx_word' id='word_1_172' title='bbox 1209 2543 1462 2615; x_wconf 81' lang='grc' dir='ltr'>βασιλεὺς</span> <span class='ocrx_word' id='word_1_173' title='bbox 1488 2544 1777 2616; x_wconf 80' lang='grc' dir='ltr'>μανθάνει,</span> 
     </span>
    </p>
   </div>
   <div class='ocr_carea' id='block_1_28' title="bbox 354 2796 1932 2869">
    <p class='ocr_par' dir='ltr' id='par_1_28' title="bbox 354 2796 1932 2869">
     <span class='ocr_line' id='line_1_28' title="bbox 354 2796 1932 2869; baseline -0.001 -13"><span class='ocrx_word' id='word_1_174' title='bbox 354 2799 767 2856; x_wconf 80' lang='lat' dir='ltr'><strong>excantantium</strong></span> <span class='ocrx_word' id='word_1_175' title='bbox 821 2796 1112 2853; x_wconf 90' lang='lat' dir='ltr'><strong>admittere</strong></span> <span class='ocrx_word' id='word_1_176' title='bbox 1161 2796 1348 2861; x_wconf 87' lang='lat' dir='ltr'><strong>vellet,</strong></span> <span class='ocrx_word' id='word_1_177' title='bbox 1376 2796 1730 2854; x_wconf 78' lang='lat' dir='ltr'><strong>excandescit</strong></span> <span class='ocrx_word' id='word_1_178' title='bbox 1771 2797 1932 2869; x_wconf 89' lang='lat' dir='ltr'><strong>(prob</strong></span> 
     </span>
    </p>
   </div>
   <div class='ocr_carea' id='block_1_29' title="bbox 354 2888 1934 2962">
    <p class='ocr_par' dir='ltr' id='par_1_29' title="bbox 354 2888 1934 2962">
     <span class='ocr_line' id='line_1_29' title="bbox 354 2888 1934 2962; baseline -0.002 -13"><span class='ocrx_word' id='word_1_179' title='bbox 354 2893 573 2962; x_wconf 85' lang='lat' dir='ltr'><strong>dolor!)</strong></span> <span class='ocrx_word' id='word_1_180' title='bbox 595 2891 874 2961; x_wconf 85' lang='lat' dir='ltr'><strong>chaganus</strong></span> <span class='ocrx_word' id='word_1_181' title='bbox 896 2888 1178 2960; x_wconf 77' lang='lat' dir='ltr'><strong>pantherae</strong></span> <span class='ocrx_word' id='word_1_182' title='bbox 1205 2904 1271 2946; x_wconf 91' lang='lat' dir='ltr'><strong>ac</strong></span> <span class='ocrx_word' id='word_1_183' title='bbox 1304 2889 1514 2960; x_wconf 86' lang='lat' dir='ltr'><strong>tigridis</strong></span> <span class='ocrx_word' id='word_1_184' title='bbox 1539 2890 1735 2955; x_wconf 91' lang='lat' dir='ltr'><strong>instar,</strong></span> <span class='ocrx_word' id='word_1_185' title='bbox 1770 2892 1934 2947; x_wconf 87' lang='lat' dir='ltr'><strong>morti</strong></span> 
     </span>
    </p>
   </div>
   <div class='ocr_carea' id='block_1_30' title="bbox 358 2981 1933 3053">
    <p class='ocr_par' dir='ltr' id='par_1_30' title="bbox 358 2981 1933 3053">
     <span class='ocr_line' id='line_1_30' title="bbox 358 2981 1933 3053; baseline -0.001 -13"><span class='ocrx_word' id='word_1_186' title='bbox 358 2996 440 3040; x_wconf 91' lang='lat' dir='ltr'><strong>tot</strong></span> <span class='ocrx_word' id='word_1_187' title='bbox 470 2983 722 3039; x_wconf 84' lang='lat' dir='ltr'><strong>homines</strong></span> <span class='ocrx_word' id='word_1_188' title='bbox 766 2981 998 3046; x_wconf 86' lang='lat' dir='ltr'><strong>addicit,</strong></span> <span class='ocrx_word' id='word_1_189' title='bbox 1048 2990 1256 3036; x_wconf 86' lang='lat' dir='ltr'><strong>tantam</strong></span> <span class='ocrx_word' id='word_1_190' title='bbox 1288 2981 1421 3050; x_wconf 90' lang='lat' dir='ltr'><strong>(heu</strong></span> <span class='ocrx_word' id='word_1_191' title='bbox 1448 2981 1487 3053; x_wconf 86' lang='lat' dir='ltr'><strong>l)</strong></span> <span class='ocrx_word' id='word_1_192' title='bbox 1518 2983 1933 3038; x_wconf 88' lang='lat' dir='ltr'><strong>multitudinem</strong></span> 
     </span>
    </p>
   </div>
   <div class='ocr_carea' id='block_1_31' title="bbox 356 3074 1933 3149">
    <p class='ocr_par' dir='ltr' id='par_1_31' title="bbox 356 3074 1933 3149">
     <span class='ocr_line' id='line_1_31' title="bbox 356 3074 1933 3149; baseline -0.001 -17"><span class='ocrx_word' id='word_1_193' title='bbox 356 3077 557 3149; x_wconf 75' lang='lat' dir='ltr'><strong>gladiis</strong></span> <span class='ocrx_word' id='word_1_194' title='bbox 588 3074 871 3139; x_wconf 85' lang='lat' dir='ltr'><strong>interficit,</strong></span> <span class='ocrx_word' id='word_1_195' title='bbox 905 3084 1074 3129; x_wconf 88' lang='lat' dir='ltr'><strong>totam</strong></span> <span class='ocrx_word' id='word_1_196' title='bbox 1104 3074 1346 3144; x_wconf 78' lang='lat' dir='ltr'><strong>regionis</strong></span> <span class='ocrx_word' id='word_1_197' title='bbox 1377 3077 1727 3144; x_wconf 75' lang='lat' dir='ltr'><strong>superﬁciem</strong></span> <span class='ocrx_word' id='word_1_198' title='bbox 1766 3076 1933 3132; x_wconf 83' lang='lat' dir='ltr'><strong>cada-</strong></span> 
     </span>
    </p>
   </div>
   <div class='ocr_carea' id='block_1_32' title="bbox 357 3161 1936 3233">
    <p class='ocr_par' dir='ltr' id='par_1_32' title="bbox 357 3161 1936 3233">
     <span class='ocr_line' id='line_1_32' title="bbox 357 3161 1936 3233; baseline 0 -14"><span class='ocrx_word' id='word_1_199' title='bbox 357 3164 585 3219; x_wconf 76' lang='lat' dir='ltr'><strong>veribus</strong></span> <span class='ocrx_word' id='word_1_200' title='bbox 613 3173 956 3217; x_wconf 90' lang='lat' dir='ltr'><strong>mortuorum</strong></span> <span class='ocrx_word' id='word_1_201' title='bbox 982 3161 1186 3231; x_wconf 84' lang='lat' dir='ltr'><strong>operit,</strong></span> <span class='ocrx_word' id='word_1_202' title='bbox 1211 3176 1437 3231; x_wconf 88' lang='lat' dir='ltr'><strong>campos</strong></span> <span class='ocrx_word' id='word_1_203' title='bbox 1458 3178 1652 3217; x_wconf 90' lang='lat' dir='ltr'><strong>omnes</strong></span> <span class='ocrx_word' id='word_1_204' title='bbox 1669 3163 1936 3233; x_wconf 83' lang='lat' dir='ltr'><strong>sanguine</strong></span> 
     </span>
    </p>
   </div>
   <div class='ocr_carea' id='block_1_33' title="bbox 359 3250 1937 3323">
    <p class='ocr_par' dir='ltr' id='par_1_33' title="bbox 359 3250 1937 3323">
     <span class='ocr_line' id='line_1_33' title="bbox 359 3250 1937 3323; baseline -0.002 -13"><span class='ocrx_word' id='word_1_205' title='bbox 359 3263 637 3318; x_wconf 83' lang='lat' dir='ltr'><strong>cruentat,</strong></span> <span class='ocrx_word' id='word_1_206' title='bbox 667 3252 880 3308; x_wconf 85' lang='lat' dir='ltr'><strong>acervis</strong></span> <span class='ocrx_word' id='word_1_207' title='bbox 913 3253 1199 3307; x_wconf 83' lang='lat' dir='ltr'><strong>hominum</strong></span> <span class='ocrx_word' id='word_1_208' title='bbox 1230 3250 1648 3309; x_wconf 84' lang='lat' dir='ltr'><strong>interfectorum</strong></span> <span class='ocrx_word' id='word_1_209' title='bbox 1682 3252 1750 3307; x_wconf 88' lang='lat' dir='ltr'><strong>ad</strong></span> <span class='ocrx_word' id='word_1_210' title='bbox 1786 3253 1937 3323; x_wconf 80' lang='lat' dir='ltr'><strong>pinei</strong></span> 
     </span>
    </p>
   </div>
   <div class='ocr_carea' id='block_1_34' title="bbox 359 3345 1314 3419">
    <p class='ocr_par' dir='ltr' id='par_1_34' title="bbox 359 3345 1314 3419">
     <span class='ocr_line' id='line_1_34' title="bbox 359 3345 1314 3419; baseline -0.008 -14"><span class='ocrx_word' id='word_1_211' title='bbox 359 3347 567 3419; x_wconf 74' lang='lat' dir='ltr'><strong>stipitis</strong></span> <span class='ocrx_word' id='word_1_212' title='bbox 597 3345 948 3400; x_wconf 85' lang='lat' dir='ltr'><strong>altitudinem</strong></span> <span class='ocrx_word' id='word_1_213' title='bbox 980 3354 1314 3400; x_wconf 89' lang='lat' dir='ltr'><strong>constratos.</strong></span> 
     </span>
    </p>
   </div>
   <div class='ocr_carea' id='block_1_35' title="bbox 431 3438 1941 3511">
    <p class='ocr_par' dir='ltr' id='par_1_35' title="bbox 431 3438 1941 3511">
     <span class='ocr_line' id='line_1_35' title="bbox 431 3438 1941 3511; baseline -0.002 -15"><span class='ocrx_word' id='word_1_214' title='bbox 431 3440 478 3497; x_wconf 91' lang='grc' dir='ltr'>Ο</span> <span class='ocrx_word' id='word_1_215' title='bbox 508 3455 728 3505; x_wconf 89' lang='lat' dir='ltr'><strong>aurum,</strong></span> <span class='ocrx_word' id='word_1_216' title='bbox 773 3450 1002 3511; x_wconf 84' lang='lat' dir='ltr'><strong>tyranne</strong></span> <span class='ocrx_word' id='word_1_217' title='bbox 1049 3438 1312 3504; x_wconf 86' lang='lat' dir='ltr'><strong>crudelis,</strong></span> <span class='ocrx_word' id='word_1_218' title='bbox 1345 3438 1633 3493; x_wconf 84' lang='lat' dir='ltr'><strong>hominum</strong></span> <span class='ocrx_word' id='word_1_219' title='bbox 1681 3454 1941 3509; x_wconf 86' lang='lat' dir='ltr'><strong>persecu-</strong></span> 
     </span>
    </p>
   </div>
   <div class='ocr_carea' id='block_1_36' title="bbox 365 3530 1940 3599">
    <p class='ocr_par' dir='ltr' id='par_1_36' title="bbox 365 3530 1940 3599">
     <span class='ocr_line' id='line_1_36' title="bbox 365 3530 1940 3599; baseline -0.003 -9"><span class='ocrx_word' id='word_1_220' title='bbox 365 3543 474 3599; x_wconf 87' lang='lat' dir='ltr'><strong>tor,</strong></span> <span class='ocrx_word' id='word_1_221' title='bbox 502 3531 891 3595; x_wconf 83' lang='lat' dir='ltr'><strong>audacissime,</strong></span> <span class='ocrx_word' id='word_1_222' title='bbox 940 3530 1311 3596; x_wconf 88' lang='lat' dir='ltr'><strong>frauduleute,</strong></span> <span class='ocrx_word' id='word_1_223' title='bbox 1351 3546 1449 3584; x_wconf 83' lang='lat' dir='ltr'><strong>arx</strong></span> <span class='ocrx_word' id='word_1_224' title='bbox 1493 3531 1764 3585; x_wconf 86' lang='lat' dir='ltr'><strong>malorum</strong></span> <span class='ocrx_word' id='word_1_225' title='bbox 1819 3546 1940 3585; x_wconf 91' lang='lat' dir='ltr'><strong>om-</strong></span> 
     </span>
    </p>
   </div>
   <div class='ocr_carea' id='block_1_37' title="bbox 363 3622 1938 3694">
    <p class='ocr_par' dir='ltr' id='par_1_37' title="bbox 363 3622 1938 3694">
     <span class='ocr_line' id='line_1_37' title="bbox 363 3622 1938 3694; baseline -0.003 -13"><span class='ocrx_word' id='word_1_226' title='bbox 363 3628 542 3690; x_wconf 87' lang='lat' dir='ltr'><strong>nium,</strong></span> <span class='ocrx_word' id='word_1_227' title='bbox 570 3625 819 3679; x_wconf 86' lang='lat' dir='ltr'><strong>omnium</strong></span> <span class='ocrx_word' id='word_1_228' title='bbox 848 3622 1316 3690; x_wconf 64' lang='lat' dir='ltr'><strong>malorumradix,</strong></span> <span class='ocrx_word' id='word_1_229' title='bbox 1340 3622 1624 3678; x_wconf 85' lang='lat' dir='ltr'><strong>castellum</strong></span> <span class='ocrx_word' id='word_1_230' title='bbox 1649 3622 1938 3694; x_wconf 86' lang='lat' dir='ltr'><strong>perniciei,</strong></span> 
     </span>
    </p>
   </div>
   <div class='ocr_carea' id='block_1_38' title="bbox 366 3714 1939 3797">
    <p class='ocr_par' dir='ltr' id='par_1_38' title="bbox 366 3714 1939 3797">
     <span class='ocr_line' id='line_1_38' title="bbox 366 3714 1939 3797; baseline -0.001 -25"><span class='ocrx_word' id='word_1_231' title='bbox 366 3718 476 3797; x_wconf 78' lang='lat'><strong>73</strong></span> <span class='ocrx_word' id='word_1_232' title='bbox 519 3727 760 3777; x_wconf 78' lang='lat' dir='ltr'><strong>vastator</strong></span> <span class='ocrx_word' id='word_1_233' title='bbox 808 3715 1070 3780; x_wconf 88' lang='lat' dir='ltr'><strong>urbium,</strong></span> <span class='ocrx_word' id='word_1_234' title='bbox 1117 3714 1656 3785; x_wconf 81' lang='lat' dir='ltr'><strong>propugnaculorum</strong></span> <span class='ocrx_word' id='word_1_235' title='bbox 1692 3731 1939 3784; x_wconf 84' lang='lat' dir='ltr'><strong>eversor,</strong></span> 
     </span>
    </p>
   </div>
   <div class='ocr_carea' id='block_1_39' title="bbox 366 3807 1940 3879">
    <p class='ocr_par' dir='ltr' id='par_1_39' title="bbox 366 3807 1940 3879">
     <span class='ocr_line' id='line_1_39' title="bbox 366 3807 1940 3879; baseline -0.001 -15"><span class='ocrx_word' id='word_1_236' title='bbox 366 3824 659 3864; x_wconf 82' lang='lat' dir='ltr'><strong>murorum</strong></span> <span class='ocrx_word' id='word_1_237' title='bbox 724 3807 1103 3871; x_wconf 87' lang='lat' dir='ltr'><strong>dilacerator,</strong></span> <span class='ocrx_word' id='word_1_238' title='bbox 1172 3807 1501 3876; x_wconf 85' lang='lat' dir='ltr'><strong>oppidorum</strong></span> <span class='ocrx_word' id='word_1_239' title='bbox 1571 3817 1940 3879; x_wconf 81' lang='lat' dir='ltr'><strong>oppugnatur,</strong></span> 
     </span>
    </p>
   </div>
   <div class='ocr_carea' id='block_1_40' title="bbox 363 3897 1944 3967">
    <p class='ocr_par' dir='ltr' id='par_1_40' title="bbox 363 3897 1944 3967">
     <span class='ocr_line' id='line_1_40' title="bbox 363 3897 1944 3967; baseline -0.001 -11"><span class='ocrx_word' id='word_1_240' title='bbox 363 3901 569 3957; x_wconf 63' lang='lat' dir='ltr'><strong>adium</strong></span> <span class='ocrx_word' id='word_1_241' title='bbox 602 3914 917 3964; x_wconf 86' lang='lat' dir='ltr'><strong>succussor,</strong></span> <span class='ocrx_word' id='word_1_242' title='bbox 969 3897 1225 3967; x_wconf 87' lang='lat' dir='ltr'><strong>qualibus</strong></span> <span class='ocrx_word' id='word_1_243' title='bbox 1276 3898 1436 3955; x_wconf 84' lang='lat' dir='ltr'><strong>malis</strong></span> <span class='ocrx_word' id='word_1_244' title='bbox 1483 3899 1743 3954; x_wconf 84' lang='lat' dir='ltr'><strong>mortales</strong></span> <span class='ocrx_word' id='word_1_245' title='bbox 1785 3900 1944 3955; x_wconf 85' lang='lat' dir='ltr'><strong>dive-</strong></span> 
     </span>
    </p>
   </div>
   <div class='ocr_carea' id='block_1_41' title="bbox 368 3989 1944 4047">
    <p class='ocr_par' dir='ltr' id='par_1_41' title="bbox 368 3989 1944 4047">
     <span class='ocr_line' id='line_1_41' title="bbox 368 3989 1944 4047; baseline 0 0"><span class='ocrx_word' id='word_1_246' title='bbox 368 3994 496 4047; x_wconf 75' lang='lat' dir='ltr'><strong>xasl</strong></span> <span class='ocrx_word' id='word_1_247' title='bbox 530 3992 681 4047; x_wconf 89' lang='lat' dir='ltr'><strong>nulla</strong></span> <span class='ocrx_word' id='word_1_248' title='bbox 711 4006 799 4046; x_wconf 90' lang='lat' dir='ltr'><strong>res</strong></span> <span class='ocrx_word' id='word_1_249' title='bbox 826 3991 880 4046; x_wconf 92' lang='lat' dir='ltr'><strong>in</strong></span> <span class='ocrx_word' id='word_1_250' title='bbox 915 3989 1201 4044; x_wconf 86' lang='lat' dir='ltr'><strong>hominum</strong></span> <span class='ocrx_word' id='word_1_251' title='bbox 1224 3990 1335 4044; x_wconf 88' lang='lat' dir='ltr'><strong>vita</strong></span> <span class='ocrx_word' id='word_1_252' title='bbox 1358 4000 1536 4045; x_wconf 88' lang='lat' dir='ltr'><strong>tecum</strong></span> <span class='ocrx_word' id='word_1_253' title='bbox 1577 3990 1634 4044; x_wconf 90' lang='lat' dir='ltr'><strong>in</strong></span> <span class='ocrx_word' id='word_1_254' title='bbox 1664 3999 1944 4047; x_wconf 88' lang='lat' dir='ltr'><strong>certamen</strong></span> 
     </span>
    </p>
   </div>
   <div class='ocr_carea' id='block_1_42' title="bbox 2033 521 3433 593">
    <p class='ocr_par' dir='ltr' id='par_1_42' title="bbox 2033 521 3433 593">
     <span class='ocr_line' id='line_1_42' title="bbox 2033 521 3433 593; baseline 0.001 -17"><span class='ocrx_word' id='word_1_255' title='bbox 2033 523 2328 591; x_wconf 81' lang='grc' dir='ltr'>Λογίζεται</span> <span class='ocrx_word' id='word_1_256' title='bbox 2354 522 2454 593; x_wconf 79' lang='grc' dir='ltr'>τὴν</span> <span class='ocrx_word' id='word_1_257' title='bbox 2482 521 2792 592; x_wconf 75' lang='grc' dir='ltr'>συμφορὰν,</span> <span class='ocrx_word' id='word_1_258' title='bbox 2823 523 2886 576; x_wconf 79' lang='grc' dir='ltr'><strong>τὸ</strong></span> <span class='ocrx_word' id='word_1_259' title='bbox 2916 523 3090 587; x_wconf 79' lang='grc' dir='ltr'>πάθος</span> <span class='ocrx_word' id='word_1_260' title='bbox 3119 525 3433 588; x_wconf 82' lang='grc' dir='ltr'>ἀναστένει,</span> 
     </span>
    </p>
   </div>
   <div class='ocr_carea' id='block_1_43' title="bbox 2031 612 3472 688">
    <p class='ocr_par' dir='ltr' id='par_1_43' title="bbox 2031 612 3472 688">
     <span class='ocr_line' id='line_1_43' title="bbox 2031 612 3472 688; baseline 0.004 -21"><span class='ocrx_word' id='word_1_261' title='bbox 2031 615 2141 667; x_wconf 83' lang='lat' dir='ltr'><strong>Kal</strong></span> <span class='ocrx_word' id='word_1_262' title='bbox 2175 615 2467 685; x_wconf 81' lang='grc' dir='ltr'>μεταμέλῳ</span> <span class='ocrx_word' id='word_1_263' title='bbox 2495 612 2595 685; x_wconf 79' lang='grc' dir='ltr'>τὴν</span> <span class='ocrx_word' id='word_1_264' title='bbox 2623 613 2803 685; x_wconf 79' lang='grc' dir='ltr'>ψυχὴν</span> <span class='ocrx_word' id='word_1_265' title='bbox 2831 616 3129 688; x_wconf 82' lang='grc' dir='ltr'>πλήττεται</span> <span class='ocrx_word' id='word_1_266' title='bbox 3158 615 3472 688; x_wconf 76' lang='grc' dir='ltr'><strong>βαρυτάτῳ.</strong></span> 
     </span>
    </p>
   </div>
   <div class='ocr_carea' id='block_1_44' title="bbox 2046 704 3544 780">
    <p class='ocr_par' dir='ltr' id='par_1_44' title="bbox 2046 704 3544 780">
     <span class='ocr_line' id='line_1_44' title="bbox 2046 704 3544 780; baseline 0.003 -21"><span class='ocrx_word' id='word_1_267' title='bbox 2046 704 2335 760; x_wconf 84' lang='grc' dir='ltr'>Ἐντεῦθεν</span> <span class='ocrx_word' id='word_1_268' title='bbox 2354 706 2593 775; x_wconf 86' lang='grc' dir='ltr'>δάκρυον</span> <span class='ocrx_word' id='word_1_269' title='bbox 2618 709 2770 779; x_wconf 77' lang='grc' dir='ltr'>αὐτῷ</span> <span class='ocrx_word' id='word_1_270' title='bbox 2810 707 3005 778; x_wconf 70' lang='grc' dir='ltr'>συχνὸν</span> <span class='ocrx_word' id='word_1_271' title='bbox 3039 709 3104 761; x_wconf 88' lang='grc' dir='ltr'>ὲκ</span> <span class='ocrx_word' id='word_1_272' title='bbox 3134 709 3246 763; x_wconf 83' lang='grc' dir='ltr'>τῶν</span> <span class='ocrx_word' id='word_1_273' title='bbox 3277 710 3544 780; x_wconf 82' lang='grc' dir='ltr'>ὀμμάτων</span> 
     </span>
    </p>
   </div>
   <div class='ocr_carea' id='block_1_45' title="bbox 2031 797 3491 871">
    <p class='ocr_par' dir='ltr' id='par_1_45' title="bbox 2031 797 3491 871">
     <span class='ocr_line' id='line_1_45' title="bbox 2031 797 3491 871; baseline -0.001 -20"><span class='ocrx_word' id='word_1_274' title='bbox 2031 798 2144 851; x_wconf 84' lang='lat' dir='ltr'><strong>Kal</strong></span> <span class='ocrx_word' id='word_1_275' title='bbox 2165 797 2465 867; x_wconf 73' lang='grc' dir='ltr'>στεναγμοὶ</span> <span class='ocrx_word' id='word_1_276' title='bbox 2495 797 2817 867; x_wconf 84' lang='grc' dir='ltr'>βαρύστονοι</span> <span class='ocrx_word' id='word_1_277' title='bbox 2846 799 3078 871; x_wconf 84' lang='grc' dir='ltr'>καρδίας</span> <span class='ocrx_word' id='word_1_278' title='bbox 3101 800 3211 853; x_wconf 76' lang='grc' dir='ltr'><strong>ἀπὸ</strong></span> <span class='ocrx_word' id='word_1_279' title='bbox 3232 800 3408 871; x_wconf 80' lang='grc' dir='ltr'>μέσης</span> <span class='ocrx_word' id='word_1_280' title='bbox 3426 801 3491 866; x_wconf 60' lang='grc' dir='ltr'>δι,</span> 
     </span>
    </p>
   </div>
   <div class='ocr_carea' id='block_1_46' title="bbox 2033 886 3522 959">
    <p class='ocr_par' dir='ltr' id='par_1_46' title="bbox 2033 886 3522 959">
     <span class='ocr_line' id='line_1_46' title="bbox 2033 886 3522 959; baseline 0.001 -18"><span class='ocrx_word' id='word_1_281' title='bbox 2033 888 2144 941; x_wconf 79' lang='lat' dir='ltr'><strong>Kal</strong></span> <span class='ocrx_word' id='word_1_282' title='bbox 2171 888 2417 954; x_wconf 79' lang='grc' dir='ltr'>πάταγος</span> <span class='ocrx_word' id='word_1_283' title='bbox 2452 886 2794 957; x_wconf 83' lang='grc' dir='ltr'>βαρύδουπος</span> <span class='ocrx_word' id='word_1_284' title='bbox 2818 889 2887 942; x_wconf 75' lang='grc' dir='ltr'><strong>τὰ</strong></span> <span class='ocrx_word' id='word_1_285' title='bbox 2911 890 3114 959; x_wconf 79' lang='grc' dir='ltr'>στέρνα</span> <span class='ocrx_word' id='word_1_286' title='bbox 3158 891 3522 957; x_wconf 79' lang='grc' dir='ltr'>μωλωπίζων,</span> 
     </span>
    </p>
   </div>
   <div class='ocr_carea' id='block_1_47' title="bbox 2034 978 3614 1051">
    <p class='ocr_par' dir='ltr' id='par_1_47' title="bbox 2034 978 3614 1051">
     <span class='ocr_line' id='line_1_47' title="bbox 2034 978 3614 1051; baseline 0.001 -19"><span class='ocrx_word' id='word_1_287' title='bbox 2034 978 2358 1048; x_wconf 76' lang='grc' dir='ltr'>Ὀλολυγμοὶ</span> <span class='ocrx_word' id='word_1_288' title='bbox 2399 978 2490 1031; x_wconf 83' lang='grc' dir='ltr'>καὶ</span> <span class='ocrx_word' id='word_1_289' title='bbox 2520 978 2826 1050; x_wconf 75' lang='grc' dir='ltr'>βρυχηθμοὶ</span> <span class='ocrx_word' id='word_1_290' title='bbox 2867 980 3127 1051; x_wconf 77' lang='grc' dir='ltr'>καὶπρὸς</span> <span class='ocrx_word' id='word_1_291' title='bbox 3171 982 3305 1034; x_wconf 72' lang='grc' dir='ltr'>Θεὸν</span> <span class='ocrx_word' id='word_1_292' title='bbox 3347 983 3614 1047; x_wconf 66' lang='grc' dir='ltr'>ἐντεύξεις</span> 
     </span>
    </p>
   </div>
   <div class='ocr_carea' id='block_1_48' title="bbox 2030 1068 3612 1144">
    <p class='ocr_par' dir='ltr' id='par_1_48' title="bbox 2030 1068 3612 1144">
     <span class='ocr_line' id='line_1_48' title="bbox 2030 1068 3612 1144; baseline 0.001 -20"><span class='ocrx_word' id='word_1_293' title='bbox 2030 1071 2124 1141; x_wconf 77' lang='grc' dir='ltr'><strong>Μὴ</strong></span> <span class='ocrx_word' id='word_1_294' title='bbox 2151 1072 2290 1141; x_wconf 71' lang='grc' dir='ltr'>πρὸς</span> <span class='ocrx_word' id='word_1_295' title='bbox 2319 1070 2381 1122; x_wconf 79' lang='grc' dir='ltr'>τὸ</span> <span class='ocrx_word' id='word_1_296' title='bbox 2407 1068 2601 1138; x_wconf 79' lang='grc' dir='ltr'>μέλλον</span> <span class='ocrx_word' id='word_1_297' title='bbox 2629 1071 2729 1135; x_wconf 80' lang='grc' dir='ltr'>τὰς</span> <span class='ocrx_word' id='word_1_298' title='bbox 2758 1072 2949 1137; x_wconf 82' lang='grc' dir='ltr'>ποινὰς</span> <span class='ocrx_word' id='word_1_299' title='bbox 2970 1072 3120 1144; x_wconf 77' lang='grc' dir='ltr'>αὐτῷ</span> <span class='ocrx_word' id='word_1_300' title='bbox 3152 1071 3612 1144; x_wconf 76' lang='grc' dir='ltr'>θησαυρισθῆναι,</span> 
     </span>
    </p>
   </div>
   <div class='ocr_carea' id='block_1_49' title="bbox 2045 1161 3618 1237">
    <p class='ocr_par' dir='ltr' id='par_1_49' title="bbox 2045 1161 3618 1237">
     <span class='ocr_line' id='line_1_49' title="bbox 2045 1161 3618 1237; baseline 0.002 -22"><span class='ocrx_word' id='word_1_301' title='bbox 2045 1161 2312 1217; x_wconf 82' lang='grc' dir='ltr'>Ἐνταῦθα</span> <span class='ocrx_word' id='word_1_302' title='bbox 2345 1162 2401 1215; x_wconf 84' lang='grc' dir='ltr'>δὲ</span> <span class='ocrx_word' id='word_1_303' title='bbox 2423 1163 2520 1215; x_wconf 77' lang='grc' dir='ltr'><strong>τοῦ</strong></span> <span class='ocrx_word' id='word_1_304' title='bbox 2550 1164 2899 1235; x_wconf 81' lang='grc' dir='ltr'>πταίσματος</span> <span class='ocrx_word' id='word_1_305' title='bbox 2921 1166 2968 1197; x_wconf 81' lang='grc'><strong>³⁵</strong></span> <span class='ocrx_word' id='word_1_306' title='bbox 3008 1164 3108 1228; x_wconf 86' lang='grc' dir='ltr'><strong>τάς</strong></span> <span class='ocrx_word' id='word_1_307' title='bbox 3159 1165 3318 1227; x_wconf 85' lang='grc' dir='ltr'>δίκας</span> <span class='ocrx_word' id='word_1_308' title='bbox 3349 1168 3618 1237; x_wconf 79' lang='grc' dir='ltr'>εἰσπραχ-</span> 
     </span>
    </p>
   </div>
   <div class='ocr_carea' id='block_1_50' title="bbox 3405 1254 3613 1328">
    <p class='ocr_par' dir='ltr' id='par_1_50' title="bbox 3405 1254 3613 1328">
     <span class='ocr_line' id='line_1_50' title="bbox 3405 1254 3613 1328; baseline 0.014 -21"><span class='ocrx_word' id='word_1_309' title='bbox 3405 1254 3613 1328; x_wconf 77' lang='grc' dir='ltr'>[θῆναι.</span> 
     </span>
    </p>
   </div>
   <div class='ocr_carea' id='block_1_51' title="bbox 2031 1346 3509 1415">
    <p class='ocr_par' dir='ltr' id='par_1_51' title="bbox 2031 1346 3509 1415">
     <span class='ocr_line' id='line_1_51' title="bbox 2031 1346 3509 1415; baseline 0.001 -17"><span class='ocrx_word' id='word_1_310' title='bbox 2031 1346 2362 1415; x_wconf 82' lang='grc' dir='ltr'>Κάμπτεται</span> <span class='ocrx_word' id='word_1_311' title='bbox 2387 1348 2646 1411; x_wconf 83' lang='grc' dir='ltr'>τούτοιςό</span> <span class='ocrx_word' id='word_1_312' title='bbox 2679 1347 2813 1410; x_wconf 76' lang='grc' dir='ltr'>Θεὸς</span> <span class='ocrx_word' id='word_1_313' title='bbox 2843 1351 2955 1410; x_wconf 82' lang='grc' dir='ltr'>τοῖς</span> <span class='ocrx_word' id='word_1_314' title='bbox 2990 1348 3163 1415; x_wconf 72' lang='grc' dir='ltr'>γόοις,</span> <span class='ocrx_word' id='word_1_315' title='bbox 3200 1346 3509 1411; x_wconf 79' lang='grc' dir='ltr'>ἐπικλᾶται,</span> 
     </span>
    </p>
   </div>
   <div class='ocr_carea' id='block_1_52' title="bbox 2031 1439 3460 1510">
    <p class='ocr_par' dir='ltr' id='par_1_52' title="bbox 2031 1439 3460 1510">
     <span class='ocr_line' id='line_1_52' title="bbox 2031 1439 3460 1510; baseline 0.001 -19"><span class='ocrx_word' id='word_1_316' title='bbox 2031 1439 2307 1509; x_wconf 86' lang='grc' dir='ltr'>οἰκτείρει</span> <span class='ocrx_word' id='word_1_317' title='bbox 2340 1439 2695 1510; x_wconf 75' lang='grc' dir='ltr'>λιταζόμενον</span> <span class='ocrx_word' id='word_1_318' title='bbox 2723 1439 2979 1510; x_wconf 81' lang='grc' dir='ltr'>ἐκθύμως</span> <span class='ocrx_word' id='word_1_319' title='bbox 3011 1441 3103 1492; x_wconf 70' lang='grc' dir='ltr'>τὸν</span> <span class='ocrx_word' id='word_1_320' title='bbox 3133 1439 3460 1509; x_wconf 82' lang='grc' dir='ltr'>κρατοῦντα,</span> 
     </span>
    </p>
   </div>
   <div class='ocr_carea' id='block_1_53' title="bbox 2031 1531 3431 1603">
    <p class='ocr_par' dir='ltr' id='par_1_53' title="bbox 2031 1531 3431 1603">
     <span class='ocr_line' id='line_1_53' title="bbox 2031 1531 3431 1603; baseline -0.001 -18"><span class='ocrx_word' id='word_1_321' title='bbox 2031 1533 2140 1585; x_wconf 72' lang='grc' dir='ltr'><strong>Καὶ</strong></span> <span class='ocrx_word' id='word_1_322' title='bbox 2170 1534 2309 1603; x_wconf 79' lang='grc' dir='ltr'>πρὸς</span> <span class='ocrx_word' id='word_1_323' title='bbox 2337 1535 2437 1603; x_wconf 83' lang='grc' dir='ltr'>τὴν</span> <span class='ocrx_word' id='word_1_324' title='bbox 2459 1533 2678 1601; x_wconf 76' lang='grc' dir='ltr'>αἴτησιν</span> <span class='ocrx_word' id='word_1_325' title='bbox 2708 1531 2875 1585; x_wconf 81' lang='grc' dir='ltr'>αὑτοῦ</span> <span class='ocrx_word' id='word_1_326' title='bbox 2916 1532 3132 1601; x_wconf 76' lang='grc' dir='ltr'>ταχέως</span> <span class='ocrx_word' id='word_1_327' title='bbox 3165 1531 3431 1596; x_wconf 80' lang='grc' dir='ltr'>ἐπινεύει,</span> 
     </span>
    </p>
   </div>
   <div class='ocr_carea' id='block_1_54' title="bbox 2032 1620 3513 1695">
    <p class='ocr_par' dir='ltr' id='par_1_54' title="bbox 2032 1620 3513 1695">
     <span class='ocr_line' id='line_1_54' title="bbox 2032 1620 3513 1695; baseline -0.001 -20"><span class='ocrx_word' id='word_1_328' title='bbox 2032 1624 2137 1677; x_wconf 78' lang='grc' dir='ltr'><strong>Σὺν</strong></span> <span class='ocrx_word' id='word_1_329' title='bbox 2166 1624 2493 1695; x_wconf 82' lang='grc' dir='ltr'>ἀναρίθμοις</span> <span class='ocrx_word' id='word_1_330' title='bbox 2512 1624 2569 1677; x_wconf 78' lang='grc' dir='ltr'>δὲ</span> <span class='ocrx_word' id='word_1_331' title='bbox 2603 1625 2853 1694; x_wconf 84' lang='grc' dir='ltr'>στρατοῖς</span> <span class='ocrx_word' id='word_1_332' title='bbox 2884 1624 3181 1677; x_wconf 79' lang='grc' dir='ltr'>ὀπτάνεται</span> <span class='ocrx_word' id='word_1_333' title='bbox 3208 1622 3331 1674; x_wconf 80' lang='grc' dir='ltr'>κατ’</span> <span class='ocrx_word' id='word_1_334' title='bbox 3356 1620 3513 1691; x_wconf 79' lang='grc' dir='ltr'>ὄναρ,</span> 
     </span>
    </p>
   </div>
   <div class='ocr_carea' id='block_1_55' title="bbox 2032 1713 3422 1787">
    <p class='ocr_par' dir='ltr' id='par_1_55' title="bbox 2032 1713 3422 1787">
     <span class='ocr_line' id='line_1_55' title="bbox 2032 1713 3422 1787; baseline 0 -21"><span class='ocrx_word' id='word_1_335' title='bbox 2032 1715 2143 1767; x_wconf 87' lang='lat' dir='ltr'><strong>Kal</strong></span> <span class='ocrx_word' id='word_1_336' title='bbox 2171 1714 2252 1785; x_wconf 83' lang='grc' dir='ltr'>τῷ</span> <span class='ocrx_word' id='word_1_337' title='bbox 2269 1716 2435 1787; x_wconf 80' lang='grc' dir='ltr'>Φωκᾷ</span> <span class='ocrx_word' id='word_1_338' title='bbox 2463 1715 2539 1785; x_wconf 80' lang='grc' dir='ltr'>τῷ</span> <span class='ocrx_word' id='word_1_339' title='bbox 2566 1714 2775 1784; x_wconf 80' lang='grc' dir='ltr'>φονικῷ</span> <span class='ocrx_word' id='word_1_340' title='bbox 2815 1713 3028 1767; x_wconf 79' lang='grc' dir='ltr'>κελεύει</span> <span class='ocrx_word' id='word_1_341' title='bbox 3062 1713 3422 1786; x_wconf 79' lang='grc' dir='ltr'>παραδοῦναι.</span> 
     </span>
    </p>
   </div>
   <div class='ocr_carea' id='block_1_56' title="bbox 1956 1783 3547 1877">
    <p class='ocr_par' dir='ltr' id='par_1_56' title="bbox 1956 1783 3547 1877">
     <span class='ocr_line' id='line_1_56' title="bbox 1956 1783 3547 1877; baseline -0.001 -17"><span class='ocrx_word' id='word_1_342' title='bbox 1956 1783 2004 1844; x_wconf 82' lang='grc' dir='ltr'><strong>Β</strong></span> <span class='ocrx_word' id='word_1_343' title='bbox 2031 1801 2142 1860; x_wconf 85' lang='grc' dir='ltr'><strong>Ἦν</strong></span> <span class='ocrx_word' id='word_1_344' title='bbox 2167 1783 2365 1873; x_wconf 83' lang='grc' dir='ltr'>τάῦτα,</span> <span class='ocrx_word' id='word_1_345' title='bbox 2390 1783 2485 1860; x_wconf 81' lang='grc' dir='ltr'><strong>καί</strong></span> <span class='ocrx_word' id='word_1_346' title='bbox 2512 1783 2651 1876; x_wconf 84' lang='grc' dir='ltr'><strong>μετά</strong></span> <span class='ocrx_word' id='word_1_347' title='bbox 2698 1783 2895 1877; x_wconf 76' lang='grc' dir='ltr'>μικρὸν</span> <span class='ocrx_word' id='word_1_348' title='bbox 2924 1806 3032 1859; x_wconf 83' lang='grc' dir='ltr'>ἀπὸ</span> <span class='ocrx_word' id='word_1_349' title='bbox 3053 1783 3156 1859; x_wconf 22' lang='grc' dir='ltr'>τοῦ*</span> <span class='ocrx_word' id='word_1_350' title='bbox 3182 1806 3547 1877; x_wconf 78' lang='grc' dir='ltr'>στρατοπέδου</span> 
     </span>
    </p>
   </div>
   <div class='ocr_carea' id='block_1_57' title="bbox 2045 1898 3465 1969">
    <p class='ocr_par' dir='ltr' id='par_1_57' title="bbox 2045 1898 3465 1969">
     <span class='ocr_line' id='line_1_57' title="bbox 2045 1898 3465 1969; baseline -0.001 -18"><span class='ocrx_word' id='word_1_351' title='bbox 2045 1898 2105 1951; x_wconf 85' lang='lat'><strong>&#39;0</strong></span> <span class='ocrx_word' id='word_1_352' title='bbox 2136 1899 2392 1962; x_wconf 71' lang='grc' dir='ltr'><strong>κάκιστοί³</strong></span> <span class='ocrx_word' id='word_1_353' title='bbox 2418 1899 2705 1969; x_wconf 79' lang='grc' dir='ltr'>ἐφίσταται</span> <span class='ocrx_word' id='word_1_354' title='bbox 2735 1899 3051 1962; x_wconf 77' lang='grc' dir='ltr'>Φωκᾶςτοῖς</span> <span class='ocrx_word' id='word_1_355' title='bbox 3084 1898 3377 1968; x_wconf 82' lang='grc' dir='ltr'>βασιλείοις</span> <span class='ocrx_word' id='word_1_356' title='bbox 3399 1899 3465 1966; x_wconf 77' lang='grc'><strong>³⁸,</strong></span> 
     </span>
    </p>
   </div>
   <div class='ocr_carea' id='block_1_58' title="bbox 2048 1989 3341 2061">
    <p class='ocr_par' dir='ltr' id='par_1_58' title="bbox 2048 1989 3341 2061">
     <span class='ocr_line' id='line_1_58' title="bbox 2048 1989 3341 2061; baseline 0.001 -19"><span class='ocrx_word' id='word_1_357' title='bbox 2048 1989 2503 2061; x_wconf 80' lang='grc' dir='ltr'>Ἐξαιτησόμενός</span> <span class='ocrx_word' id='word_1_358' title='bbox 2523 1991 2568 2022; x_wconf 81' lang='grc'><strong>⁸⁷</strong></span> <span class='ocrx_word' id='word_1_359' title='bbox 2599 2007 2721 2044; x_wconf 85' lang='grc' dir='ltr'>τινα</span> <span class='ocrx_word' id='word_1_360' title='bbox 2740 1990 2894 2061; x_wconf 71' lang='grc' dir='ltr'>παρὰ</span> <span class='ocrx_word' id='word_1_361' title='bbox 2917 1990 3009 2042; x_wconf 84' lang='grc' dir='ltr'><strong>τοῦ</strong></span> <span class='ocrx_word' id='word_1_362' title='bbox 3039 1990 3306 2060; x_wconf 84' lang='grc' dir='ltr'>βασιλέως</span> <span class='ocrx_word' id='word_1_363' title='bbox 3327 2005 3341 2019; x_wconf 84' lang='grc'><em>’</em></span> 
     </span>
    </p>
   </div>
   <div class='ocr_carea' id='block_1_59' title="bbox 2037 2076 3545 2153">
    <p class='ocr_par' dir='ltr' id='par_1_59' title="bbox 2037 2076 3545 2153">
     <span class='ocr_line' id='line_1_59' title="bbox 2037 2076 3545 2153; baseline -0.001 -18"><span class='ocrx_word' id='word_1_364' title='bbox 2037 2082 2148 2135; x_wconf 80' lang='lat' dir='ltr'><strong>Kal</strong></span> <span class='ocrx_word' id='word_1_365' title='bbox 2178 2081 2500 2153; x_wconf 75' lang='grc' dir='ltr'>μαστιχθεὶς</span> <span class='ocrx_word' id='word_1_366' title='bbox 2534 2081 2630 2135; x_wconf 71' lang='grc' dir='ltr'>καὶ</span> <span class='ocrx_word' id='word_1_367' title='bbox 2660 2081 2911 2153; x_wconf 73' lang='grc' dir='ltr'>διωχθεὶς</span> <span class='ocrx_word' id='word_1_368' title='bbox 2946 2082 3032 2150; x_wconf 80' lang='grc' dir='ltr'><strong>ἐφ’</strong></span> <span class='ocrx_word' id='word_1_369' title='bbox 3076 2076 3158 2144; x_wconf 72' lang='grc' dir='ltr'>οἷς</span> <span class='ocrx_word' id='word_1_370' title='bbox 3198 2081 3545 2151; x_wconf 77' lang='grc' dir='ltr'>ἀπεφλυάρει</span> 
     </span>
    </p>
   </div>
   <div class='ocr_carea' id='block_1_60' title="bbox 2048 2173 3623 2245">
    <p class='ocr_par' dir='ltr' id='par_1_60' title="bbox 2048 2173 3623 2245">
     <span class='ocr_line' id='line_1_60' title="bbox 2048 2173 3623 2245; baseline -0.001 -17"><span class='ocrx_word' id='word_1_371' title='bbox 2048 2173 2526 2245; x_wconf 79' lang='grc' dir='ltr'>’Λνθυποστρὲφει,</span> <span class='ocrx_word' id='word_1_372' title='bbox 2565 2175 2816 2242; x_wconf 83' lang='grc' dir='ltr'>φαίνεται</span> <span class='ocrx_word' id='word_1_373' title='bbox 2846 2173 3167 2245; x_wconf 77' lang='grc' dir='ltr'>λοχάρχαις,</span> <span class='ocrx_word' id='word_1_374' title='bbox 3203 2173 3623 2243; x_wconf 80' lang='grc' dir='ltr'>φαλαγγάρχαις</span> 
     </span>
    </p>
   </div>
   <div class='ocr_carea' id='block_1_61' title="bbox 2037 2263 3517 2335">
    <p class='ocr_par' dir='ltr' id='par_1_61' title="bbox 2037 2263 3517 2335">
     <span class='ocr_line' id='line_1_61' title="bbox 2037 2263 3517 2335; baseline 0 -19"><span class='ocrx_word' id='word_1_375' title='bbox 2037 2264 2222 2317; x_wconf 84' lang='grc' dir='ltr'>Πνὲων</span> <span class='ocrx_word' id='word_1_376' title='bbox 2265 2265 2462 2334; x_wconf 86' lang='grc' dir='ltr'>μανίας</span> <span class='ocrx_word' id='word_1_377' title='bbox 2495 2265 2587 2318; x_wconf 69' lang='grc' dir='ltr'>καὶ</span> <span class='ocrx_word' id='word_1_378' title='bbox 2624 2264 2822 2335; x_wconf 80' lang='grc' dir='ltr'>θυμοῦ,</span> <span class='ocrx_word' id='word_1_379' title='bbox 2871 2268 2967 2319; x_wconf 72' lang='grc' dir='ltr'>καὶ</span> <span class='ocrx_word' id='word_1_380' title='bbox 2992 2265 3185 2332; x_wconf 88' lang='grc' dir='ltr'>λόγους</span> <span class='ocrx_word' id='word_1_381' title='bbox 3214 2263 3517 2318; x_wconf 80' lang='grc' dir='ltr'>ἀποπτύων</span> 
     </span>
    </p>
   </div>
   <div class='ocr_carea' id='block_1_62' title="bbox 2033 2355 3538 2427">
    <p class='ocr_par' dir='ltr' id='par_1_62' title="bbox 2033 2355 3538 2427">
     <span class='ocr_line' id='line_1_62' title="bbox 2033 2355 3538 2427; baseline -0.014 -1"><span class='ocrx_word' id='word_1_382' title='bbox 2033 2355 2376 2425; x_wconf 73' lang='grc' dir='ltr'>Φληνάφους,</span> <span class='ocrx_word' id='word_1_383' title='bbox 2404 2356 2836 2426; x_wconf 73' lang='grc' dir='ltr'>ἀποπέμποντας</span> <span class='ocrx_word' id='word_1_384' title='bbox 2866 2356 3044 2427; x_wconf 78' lang='grc' dir='ltr'>ὀσμὴν</span> <span class='ocrx_word' id='word_1_385' title='bbox 3080 2357 3440 2420; x_wconf 81' lang='grc' dir='ltr'>ἀπαιδευσίας</span> <span class='ocrx_word' id='word_1_386' title='bbox 3467 2356 3538 2421; x_wconf 80' lang='grc'><strong>³⁸,</strong></span> 
     </span>
    </p>
   </div>
   <div class='ocr_carea' id='block_1_63' title="bbox 2037 2445 3392 2520">
    <p class='ocr_par' dir='ltr' id='par_1_63' title="bbox 2037 2445 3392 2520">
     <span class='ocr_line' id='line_1_63' title="bbox 2037 2445 3392 2520; baseline 0.002 -22"><span class='ocrx_word' id='word_1_387' title='bbox 2037 2445 2149 2499; x_wconf 81' lang='lat' dir='ltr'><strong>Kal</strong></span> <span class='ocrx_word' id='word_1_388' title='bbox 2182 2446 2389 2500; x_wconf 75' lang='grc' dir='ltr'>λύσσαν</span> <span class='ocrx_word' id='word_1_389' title='bbox 2421 2447 2783 2518; x_wconf 85' lang='grc' dir='ltr'>ἐρευγόμενος</span> <span class='ocrx_word' id='word_1_390' title='bbox 2814 2447 2976 2511; x_wconf 81' lang='grc' dir='ltr'>κυνὸς</span> <span class='ocrx_word' id='word_1_391' title='bbox 3009 2448 3392 2520; x_wconf 82' lang='grc' dir='ltr'>ὑλακομώρου.</span> 
     </span>
    </p>
   </div>
   <div class='ocr_carea' id='block_1_64' title="bbox 2034 2536 3621 2610">
    <p class='ocr_par' dir='ltr' id='par_1_64' title="bbox 2034 2536 3621 2610">
     <span class='ocr_line' id='line_1_64' title="bbox 2034 2536 3621 2610; baseline 0.003 -21"><span class='ocrx_word' id='word_1_392' title='bbox 2034 2537 2357 2591; x_wconf 84' lang='grc' dir='ltr'>Δεινοπαθεῖ</span> <span class='ocrx_word' id='word_1_393' title='bbox 2383 2536 2444 2591; x_wconf 77' lang='grc' dir='ltr'>τὸ</span> <span class='ocrx_word' id='word_1_394' title='bbox 2479 2538 2796 2610; x_wconf 85' lang='grc' dir='ltr'>στράτευμα</span> <span class='ocrx_word' id='word_1_395' title='bbox 2825 2539 3065 2610; x_wconf 75' lang='grc' dir='ltr'>ψευσθὲν</span> <span class='ocrx_word' id='word_1_396' title='bbox 3092 2540 3203 2594; x_wconf 86' lang='grc' dir='ltr'>τῶν</span> <span class='ocrx_word' id='word_1_397' title='bbox 3236 2540 3621 2610; x_wconf 72' lang='grc' dir='ltr'>ἡλπισμένων,</span> 
     </span>
    </p>
   </div>
   <div class='ocr_carea' id='block_1_65' title="bbox 3300 2629 3626 2687">
    <p class='ocr_par' dir='ltr' id='par_1_65' title="bbox 3300 2629 3626 2687">
     <span class='ocr_line' id='line_1_65' title="bbox 3300 2629 3626 2687; baseline 0 -2"><span class='ocrx_word' id='word_1_398' title='bbox 3300 2629 3454 2686; x_wconf 84' lang='lat' dir='ltr'><strong>Vers.</strong></span> <span class='ocrx_word' id='word_1_399' title='bbox 3483 2629 3626 2687; x_wconf 77' lang='grc'><strong>5595</strong></span> 
     </span>
    </p>
   </div>
   <div class='ocr_carea' id='block_1_66' title="bbox 2107 2792 3626 2864">
    <p class='ocr_par' dir='ltr' id='par_1_66' title="bbox 2107 2792 3626 2864">
     <span class='ocr_line' id='line_1_66' title="bbox 2107 2792 3626 2864; baseline -0.001 -16"><span class='ocrx_word' id='word_1_400' title='bbox 2107 2793 2409 2848; x_wconf 83' lang='lat' dir='ltr'><strong>Enimvero</strong></span> <span class='ocrx_word' id='word_1_401' title='bbox 2440 2792 2510 2848; x_wconf 89' lang='lat' dir='ltr'><strong>de</strong></span> <span class='ocrx_word' id='word_1_402' title='bbox 2541 2792 2649 2848; x_wconf 88' lang='lat' dir='ltr'><strong>hoc</strong></span> <span class='ocrx_word' id='word_1_403' title='bbox 2673 2792 2830 2849; x_wconf 88' lang='lat' dir='ltr'><strong>satis.</strong></span> <span class='ocrx_word' id='word_1_404' title='bbox 2879 2792 3023 2860; x_wconf 83' lang='lat' dir='ltr'><strong>Quid</strong></span> <span class='ocrx_word' id='word_1_405' title='bbox 3052 2793 3316 2864; x_wconf 87' lang='lat' dir='ltr'><strong>deinceps</strong></span> <span class='ocrx_word' id='word_1_406' title='bbox 3353 2796 3626 2849; x_wconf 85' lang='lat' dir='ltr'><strong>subsecu-</strong></span> 
     </span>
    </p>
   </div>
   <div class='ocr_carea' id='block_1_67' title="bbox 2040 2886 3624 2956">
    <p class='ocr_par' dir='ltr' id='par_1_67' title="bbox 2040 2886 3624 2956">
     <span class='ocr_line' id='line_1_67' title="bbox 2040 2886 3624 2956; baseline 0.001 -16"><span class='ocrx_word' id='word_1_407' title='bbox 2040 2896 2157 2941; x_wconf 90' lang='lat' dir='ltr'><strong>tum</strong></span> <span class='ocrx_word' id='word_1_408' title='bbox 2186 2888 2209 2940; x_wconf 85' lang='lat'>?</span> <span class='ocrx_word' id='word_1_409' title='bbox 2236 2886 2542 2956; x_wconf 83' lang='lat' dir='ltr'><strong>Imperator</strong></span> <span class='ocrx_word' id='word_1_410' title='bbox 2571 2886 2639 2941; x_wconf 90' lang='lat' dir='ltr'><strong>de</strong></span> <span class='ocrx_word' id='word_1_411' title='bbox 2672 2886 2956 2942; x_wconf 88' lang='lat' dir='ltr'><strong>immensis</strong></span> <span class='ocrx_word' id='word_1_412' title='bbox 2988 2887 3097 2943; x_wconf 89' lang='lat' dir='ltr'><strong>illis</strong></span> <span class='ocrx_word' id='word_1_413' title='bbox 3127 2887 3416 2942; x_wconf 91' lang='lat' dir='ltr'><strong>hominum</strong></span> <span class='ocrx_word' id='word_1_414' title='bbox 3457 2887 3624 2943; x_wconf 61' lang='lat' dir='ltr'><strong>caedi-</strong></span> 
     </span>
    </p>
   </div>
   <div class='ocr_carea' id='block_1_68' title="bbox 2036 2977 3625 3049">
    <p class='ocr_par' dir='ltr' id='par_1_68' title="bbox 2036 2977 3625 3049">
     <span class='ocr_line' id='line_1_68' title="bbox 2036 2977 3625 3049; baseline -0.001 -16"><span class='ocrx_word' id='word_1_415' title='bbox 2036 2978 2144 3033; x_wconf 89' lang='lat' dir='ltr'><strong>bus</strong></span> <span class='ocrx_word' id='word_1_416' title='bbox 2179 2977 2489 3048; x_wconf 73' lang='lat' dir='ltr'><strong>cognoscit,</strong></span> <span class='ocrx_word' id='word_1_417' title='bbox 2520 2977 2808 3032; x_wconf 85' lang='lat' dir='ltr'><strong>avaritiam</strong></span> <span class='ocrx_word' id='word_1_418' title='bbox 2845 2978 2962 3049; x_wconf 89' lang='lat' dir='ltr'><strong>ipse</strong></span> <span class='ocrx_word' id='word_1_419' title='bbox 2991 2995 3147 3035; x_wconf 91' lang='lat' dir='ltr'><strong>suam</strong></span> <span class='ocrx_word' id='word_1_420' title='bbox 3194 2979 3439 3046; x_wconf 85' lang='lat' dir='ltr'><strong>damnat,</strong></span> <span class='ocrx_word' id='word_1_421' title='bbox 3475 2978 3625 3033; x_wconf 80' lang='lat' dir='ltr'><strong>cala-</strong></span> 
     </span>
    </p>
   </div>
   <div class='ocr_carea' id='block_1_69' title="bbox 2039 3070 3630 3140">
    <p class='ocr_par' dir='ltr' id='par_1_69' title="bbox 2039 3070 3630 3140">
     <span class='ocr_line' id='line_1_69' title="bbox 2039 3070 3630 3140; baseline 0.001 -16"><span class='ocrx_word' id='word_1_422' title='bbox 2039 3070 2284 3125; x_wconf 81' lang='lat' dir='ltr'><strong>mitatem</strong></span> <span class='ocrx_word' id='word_1_423' title='bbox 2319 3080 2603 3140; x_wconf 89' lang='lat' dir='ltr'><strong>acceptam</strong></span> <span class='ocrx_word' id='word_1_424' title='bbox 2647 3071 2932 3140; x_wconf 81' lang='lat' dir='ltr'><strong>expendit,</strong></span> <span class='ocrx_word' id='word_1_425' title='bbox 2968 3072 3246 3127; x_wconf 90' lang='lat' dir='ltr'><strong>miseriam</strong></span> <span class='ocrx_word' id='word_1_426' title='bbox 3289 3079 3494 3126; x_wconf 89' lang='lat' dir='ltr'><strong>tantam</strong></span> <span class='ocrx_word' id='word_1_427' title='bbox 3533 3070 3630 3125; x_wconf 85' lang='lat' dir='ltr'><strong>de-</strong></span> 
     </span>
    </p>
   </div>
   <div class='ocr_carea' id='block_1_70' title="bbox 2041 3162 3625 3233">
    <p class='ocr_par' dir='ltr' id='par_1_70' title="bbox 2041 3162 3625 3233">
     <span class='ocr_line' id='line_1_70' title="bbox 2041 3162 3625 3233; baseline 0 -18"><span class='ocrx_word' id='word_1_428' title='bbox 2041 3162 2255 3232; x_wconf 84' lang='lat' dir='ltr'><strong>plorat;</strong></span> <span class='ocrx_word' id='word_1_429' title='bbox 2288 3162 2506 3218; x_wconf 89' lang='lat' dir='ltr'><strong>animus</strong></span> <span class='ocrx_word' id='word_1_430' title='bbox 2532 3162 2877 3231; x_wconf 65' lang='lat' dir='ltr'><strong>paenitudine</strong></span> <span class='ocrx_word' id='word_1_431' title='bbox 2922 3163 3243 3233; x_wconf 81' lang='lat' dir='ltr'><strong>gravissima</strong></span> <span class='ocrx_word' id='word_1_432' title='bbox 3282 3163 3625 3233; x_wconf 88' lang='lat' dir='ltr'><strong>percellitur.</strong></span> 
     </span>
    </p>
   </div>
   <div class='ocr_carea' id='block_1_71' title="bbox 2045 3263 3629 3336">
    <p class='ocr_par' dir='ltr' id='par_1_71' title="bbox 2045 3263 3629 3336">
     <span class='ocr_line' id='line_1_71' title="bbox 2045 3263 3629 3336; baseline 0 -18"><span class='ocrx_word' id='word_1_433' title='bbox 2045 3264 2185 3319; x_wconf 84' lang='lat' dir='ltr'><strong>Hine</strong></span> <span class='ocrx_word' id='word_1_434' title='bbox 2211 3264 2420 3319; x_wconf 72' lang='lat' dir='ltr'><strong>crebra:</strong></span> <span class='ocrx_word' id='word_1_435' title='bbox 2452 3264 2506 3317; x_wconf 86' lang='lat' dir='ltr'><strong>in</strong></span> <span class='ocrx_word' id='word_1_436' title='bbox 2539 3263 2716 3320; x_wconf 86' lang='lat' dir='ltr'><strong>oculis</strong></span> <span class='ocrx_word' id='word_1_437' title='bbox 2743 3265 3018 3335; x_wconf 67' lang='lat' dir='ltr'><strong>lacrymze,</strong></span> <span class='ocrx_word' id='word_1_438' title='bbox 3055 3267 3291 3336; x_wconf 79' lang='lat' dir='ltr'><strong>gemitus</strong></span> <span class='ocrx_word' id='word_1_439' title='bbox 3322 3282 3389 3321; x_wconf 83' lang='lat' dir='ltr'><strong>ex</strong></span> <span class='ocrx_word' id='word_1_440' title='bbox 3432 3266 3629 3319; x_wconf 88' lang='lat' dir='ltr'><strong>intimo</strong></span> 
     </span>
    </p>
   </div>
   <div class='ocr_carea' id='block_1_72' title="bbox 2044 3356 3632 3427">
    <p class='ocr_par' dir='ltr' id='par_1_72' title="bbox 2044 3356 3632 3427">
     <span class='ocr_line' id='line_1_72' title="bbox 2044 3356 3632 3427; baseline 0.001 -16"><span class='ocrx_word' id='word_1_441' title='bbox 2044 3357 2211 3411; x_wconf 87' lang='lat' dir='ltr'><strong>corde</strong></span> <span class='ocrx_word' id='word_1_442' title='bbox 2238 3356 2391 3410; x_wconf 89' lang='lat' dir='ltr'><strong>ducti</strong></span> <span class='ocrx_word' id='word_1_443' title='bbox 2419 3397 2433 3420; x_wconf 92' lang='lat'><strong>,</strong></span> <span class='ocrx_word' id='word_1_444' title='bbox 2472 3370 2666 3426; x_wconf 78' lang='lat' dir='ltr'><strong>graves</strong></span> <span class='ocrx_word' id='word_1_445' title='bbox 2718 3365 2773 3409; x_wconf 91' lang='lat' dir='ltr'><strong>et</strong></span> <span class='ocrx_word' id='word_1_446' title='bbox 2822 3371 2948 3410; x_wconf 84' lang='lat' dir='ltr'><strong>cum</strong></span> <span class='ocrx_word' id='word_1_447' title='bbox 2995 3357 3272 3412; x_wconf 87' lang='lat' dir='ltr'><strong>vibicibus</strong></span> <span class='ocrx_word' id='word_1_448' title='bbox 3323 3358 3632 3427; x_wconf 77' lang='lat' dir='ltr'><strong>conjunctae</strong></span> 
     </span>
    </p>
   </div>
   <div class='ocr_carea' id='block_1_73' title="bbox 2042 3446 3630 3517">
    <p class='ocr_par' dir='ltr' id='par_1_73' title="bbox 2042 3446 3630 3517">
     <span class='ocr_line' id='line_1_73' title="bbox 2042 3446 3630 3517; baseline 0.001 -17"><span class='ocrx_word' id='word_1_449' title='bbox 2042 3447 2283 3517; x_wconf 84' lang='lat' dir='ltr'><strong>pectoris</strong></span> <span class='ocrx_word' id='word_1_450' title='bbox 2309 3447 2739 3510; x_wconf 85' lang='lat' dir='ltr'><strong>verberationes,</strong></span> <span class='ocrx_word' id='word_1_451' title='bbox 2771 3446 3044 3510; x_wconf 77' lang='lat' dir='ltr'><strong>ululatus,</strong></span> <span class='ocrx_word' id='word_1_452' title='bbox 3081 3448 3316 3517; x_wconf 78' lang='lat' dir='ltr'><strong>rugitus,</strong></span> <span class='ocrx_word' id='word_1_453' title='bbox 3347 3448 3416 3501; x_wconf 89' lang='lat' dir='ltr'><strong>ad</strong></span> <span class='ocrx_word' id='word_1_454' title='bbox 3456 3448 3630 3502; x_wconf 85' lang='lat' dir='ltr'><strong>Deum</strong></span> 
     </span>
    </p>
   </div>
   <div class='ocr_carea' id='block_1_74' title="bbox 2046 3537 3627 3608">
    <p class='ocr_par' dir='ltr' id='par_1_74' title="bbox 2046 3537 3627 3608">
     <span class='ocr_line' id='line_1_74' title="bbox 2046 3537 3627 3608; baseline 0 -16"><span class='ocrx_word' id='word_1_455' title='bbox 2046 3537 2501 3606; x_wconf 88' lang='lat' dir='ltr'><strong>supplicationes,</strong></span> <span class='ocrx_word' id='word_1_456' title='bbox 2533 3552 2602 3591; x_wconf 89' lang='lat' dir='ltr'><strong>ne</strong></span> <span class='ocrx_word' id='word_1_457' title='bbox 2635 3537 2705 3591; x_wconf 88' lang='lat' dir='ltr'><strong>ad</strong></span> <span class='ocrx_word' id='word_1_458' title='bbox 2760 3539 2927 3592; x_wconf 87' lang='lat' dir='ltr'><strong>vitam</strong></span> <span class='ocrx_word' id='word_1_459' title='bbox 2984 3548 3299 3592; x_wconf 86' lang='lat' dir='ltr'><strong>secuturam</strong></span> <span class='ocrx_word' id='word_1_460' title='bbox 3352 3537 3627 3608; x_wconf 85' lang='lat' dir='ltr'><strong>supplicia</strong></span> 
     </span>
    </p>
   </div>
   <div class='ocr_carea' id='block_1_75' title="bbox 2045 3627 3629 3700">
    <p class='ocr_par' dir='ltr' id='par_1_75' title="bbox 2045 3627 3629 3700">
     <span class='ocr_line' id='line_1_75' title="bbox 2045 3627 3629 3700; baseline -0.001 -17"><span class='ocrx_word' id='word_1_461' title='bbox 2045 3627 2384 3691; x_wconf 85' lang='lat' dir='ltr'><strong>cumularet,</strong></span> <span class='ocrx_word' id='word_1_462' title='bbox 2428 3628 2524 3682; x_wconf 88' lang='lat' dir='ltr'><strong>sed</strong></span> <span class='ocrx_word' id='word_1_463' title='bbox 2575 3628 2667 3683; x_wconf 92' lang='lat' dir='ltr'><strong>hic</strong></span> <span class='ocrx_word' id='word_1_464' title='bbox 2728 3628 2915 3697; x_wconf 83' lang='lat' dir='ltr'><strong>lapsus</strong></span> <span class='ocrx_word' id='word_1_465' title='bbox 2970 3628 3055 3684; x_wconf 91' lang='lat' dir='ltr'><strong>sui</strong></span> <span class='ocrx_word' id='word_1_466' title='bbox 3110 3644 3302 3698; x_wconf 81' lang='lat' dir='ltr'><strong>poenas</strong></span> <span class='ocrx_word' id='word_1_467' title='bbox 3361 3630 3629 3700; x_wconf 75' lang='lat' dir='ltr'><strong>exigeret.</strong></span> 
     </span>
    </p>
   </div>
   <div class='ocr_carea' id='block_1_76' title="bbox 2047 3719 3632 3790">
    <p class='ocr_par' dir='ltr' id='par_1_76' title="bbox 2047 3719 3632 3790">
     <span class='ocr_line' id='line_1_76' title="bbox 2047 3719 3632 3790; baseline 0.002 -17"><span class='ocrx_word' id='word_1_468' title='bbox 2047 3719 2211 3774; x_wconf 83' lang='lat' dir='ltr'><strong>Hisce</strong></span> <span class='ocrx_word' id='word_1_469' title='bbox 2259 3719 2519 3773; x_wconf 82' lang='lat' dir='ltr'><strong>lamentis</strong></span> <span class='ocrx_word' id='word_1_470' title='bbox 2568 3720 2714 3774; x_wconf 91' lang='lat' dir='ltr'><strong>Deus</strong></span> <span class='ocrx_word' id='word_1_471' title='bbox 2761 3719 3004 3775; x_wconf 85' lang='lat' dir='ltr'><strong>ﬂectitur</strong></span> <span class='ocrx_word' id='word_1_472' title='bbox 3039 3760 3054 3785; x_wconf 96' lang='lat'><strong>,</strong></span> <span class='ocrx_word' id='word_1_473' title='bbox 3104 3721 3459 3790; x_wconf 84' lang='lat' dir='ltr'><strong>imperatoris</strong></span> <span class='ocrx_word' id='word_1_474' title='bbox 3516 3728 3632 3776; x_wconf 92' lang='lat' dir='ltr'><strong>toto</strong></span> 
     </span>
    </p>
   </div>
   <div class='ocr_carea' id='block_1_77' title="bbox 2046 3809 3634 3883">
    <p class='ocr_par' dir='ltr' id='par_1_77' title="bbox 2046 3809 3634 3883">
     <span class='ocr_line' id='line_1_77' title="bbox 2046 3809 3634 3883; baseline 0.002 -19"><span class='ocrx_word' id='word_1_475' title='bbox 2046 3820 2270 3880; x_wconf 88' lang='lat' dir='ltr'><strong>pectore</strong></span> <span class='ocrx_word' id='word_1_476' title='bbox 2301 3809 2662 3880; x_wconf 85' lang='lat' dir='ltr'><strong>supplicantis</strong></span> <span class='ocrx_word' id='word_1_477' title='bbox 2696 3812 3177 3867; x_wconf 88' lang='lat' dir='ltr'><strong>commiseratione</strong></span> <span class='ocrx_word' id='word_1_478' title='bbox 3207 3811 3469 3883; x_wconf 83' lang='lat' dir='ltr'><strong>tangitur,</strong></span> <span class='ocrx_word' id='word_1_479' title='bbox 3507 3828 3634 3883; x_wconf 84' lang='lat' dir='ltr'><strong>prc-</strong></span> 
     </span>
    </p>
   </div>
   <div class='ocr_carea' id='block_1_78' title="bbox 2046 3901 3634 3972">
    <p class='ocr_par' dir='ltr' id='par_1_78' title="bbox 2046 3901 3634 3972">
     <span class='ocr_line' id='line_1_78' title="bbox 2046 3901 3634 3972; baseline 0.001 -15"><span class='ocrx_word' id='word_1_480' title='bbox 2046 3902 2210 3957; x_wconf 89' lang='lat' dir='ltr'><strong>cibus</strong></span> <span class='ocrx_word' id='word_1_481' title='bbox 2240 3902 2415 3972; x_wconf 90' lang='lat' dir='ltr'><strong>ipsius</strong></span> <span class='ocrx_word' id='word_1_482' title='bbox 2446 3902 2662 3957; x_wconf 86' lang='lat' dir='ltr'><strong>annuit.</strong></span> <span class='ocrx_word' id='word_1_483' title='bbox 2713 3901 2819 3958; x_wconf 86' lang='lat' dir='ltr'><strong>Sed</strong></span> <span class='ocrx_word' id='word_1_484' title='bbox 2850 3912 3033 3958; x_wconf 89' lang='lat' dir='ltr'><strong>tamen</strong></span> <span class='ocrx_word' id='word_1_485' title='bbox 3076 3904 3223 3958; x_wconf 91' lang='lat' dir='ltr'><strong>inter</strong></span> <span class='ocrx_word' id='word_1_486' title='bbox 3249 3904 3634 3959; x_wconf 84' lang='lat' dir='ltr'><strong>innumerabi-</strong></span> 
     </span>
    </p>
   </div>
   <div class='ocr_carea' id='block_1_79' title="bbox 2045 3993 3634 4064">
    <p class='ocr_par' dir='ltr' id='par_1_79' title="bbox 2045 3993 3634 4064">
     <span class='ocr_line' id='line_1_79' title="bbox 2045 3993 3634 4064; baseline 0 -17"><span class='ocrx_word' id='word_1_487' title='bbox 2045 3993 2128 4048; x_wconf 87' lang='lat' dir='ltr'><strong>les</strong></span> <span class='ocrx_word' id='word_1_488' title='bbox 2161 3994 2351 4063; x_wconf 89' lang='lat' dir='ltr'><strong>copias</strong></span> <span class='ocrx_word' id='word_1_489' title='bbox 2414 3993 2681 4049; x_wconf 83' lang='lat' dir='ltr'><strong>Mauricio</strong></span> <span class='ocrx_word' id='word_1_490' title='bbox 2729 4009 2787 4050; x_wconf 90' lang='lat' dir='ltr'><strong>se</strong></span> <span class='ocrx_word' id='word_1_491' title='bbox 2830 4011 2931 4064; x_wconf 90' lang='lat' dir='ltr'><strong>per</strong></span> <span class='ocrx_word' id='word_1_492' title='bbox 2969 3995 3211 4064; x_wconf 89' lang='lat' dir='ltr'><strong>quietem</strong></span> <span class='ocrx_word' id='word_1_493' title='bbox 3269 3994 3634 4062; x_wconf 89' lang='lat' dir='ltr'><strong>spectandum</strong></span> 
     </span>
    </p>
   </div>
   <div class='ocr_carea' id='block_1_80' title="bbox 369 4081 3635 4156">
    <p class='ocr_par' dir='ltr' id='par_1_80' title="bbox 369 4081 3635 4156">
     <span class='ocr_line' id='line_1_80' title="bbox 369 4081 3635 4156; baseline 0 -19"><span class='ocrx_word' id='word_1_494' title='bbox 369 4081 709 4138; x_wconf 86' lang='lat' dir='ltr'><strong>descendere</strong></span> <span class='ocrx_word' id='word_1_495' title='bbox 753 4089 971 4151; x_wconf 88' lang='lat' dir='ltr'><strong>potest;</strong></span> <span class='ocrx_word' id='word_1_496' title='bbox 1009 4081 1158 4135; x_wconf 87' lang='lat' dir='ltr'><strong>nulla</strong></span> <span class='ocrx_word' id='word_1_497' title='bbox 1208 4095 1296 4134; x_wconf 89' lang='lat' dir='ltr'><strong>res</strong></span> <span class='ocrx_word' id='word_1_498' title='bbox 1319 4088 1533 4137; x_wconf 82' lang='lat' dir='ltr'><strong>terrena</strong></span> <span class='ocrx_word' id='word_1_499' title='bbox 1558 4089 1737 4135; x_wconf 88' lang='lat' dir='ltr'><strong>tecum</strong></span> <span class='ocrx_word' id='word_1_500' title='bbox 1768 4092 1947 4152; x_wconf 88' lang='lat' dir='ltr'><strong>potest</strong></span> <span class='ocrx_word' id='word_1_501' title='bbox 2048 4084 2297 4151; x_wconf 78' lang='lat' dir='ltr'><strong>exhibet,</strong></span> <span class='ocrx_word' id='word_1_502' title='bbox 2329 4101 2569 4155; x_wconf 90' lang='lat' dir='ltr'><strong>eumque</strong></span> <span class='ocrx_word' id='word_1_503' title='bbox 2619 4086 2971 4156; x_wconf 85' lang='lat' dir='ltr'><strong>sanguinario</strong></span> <span class='ocrx_word' id='word_1_504' title='bbox 3025 4086 3222 4141; x_wconf 79' lang='lat' dir='ltr'><strong>Phocae</strong></span> <span class='ocrx_word' id='word_1_505' title='bbox 3270 4084 3412 4138; x_wconf 89' lang='lat' dir='ltr'><strong>tradi</strong></span> <span class='ocrx_word' id='word_1_506' title='bbox 3451 4084 3635 4154; x_wconf 82' lang='lat' dir='ltr'><strong>jubet.</strong></span> 
     </span>
    </p>
   </div>
   <div class='ocr_carea' id='block_1_81' title="bbox 368 4171 1946 4242">
    <p class='ocr_par' dir='ltr' id='par_1_81' title="bbox 368 4171 1946 4242">
     <span class='ocr_line' id='line_1_81' title="bbox 368 4171 1946 4242; baseline 0 -13"><span class='ocrx_word' id='word_1_507' title='bbox 368 4175 426 4229; x_wconf 89' lang='lat' dir='ltr'><strong>in</strong></span> <span class='ocrx_word' id='word_1_508' title='bbox 458 4172 925 4242; x_wconf 89' lang='lat' dir='ltr'><strong>comparationem</strong></span> <span class='ocrx_word' id='word_1_509' title='bbox 954 4172 1163 4226; x_wconf 89' lang='lat' dir='ltr'><strong>venire.</strong></span> <span class='ocrx_word' id='word_1_510' title='bbox 1198 4171 1406 4225; x_wconf 89' lang='lat' dir='ltr'><strong>Durum</strong></span> <span class='ocrx_word' id='word_1_511' title='bbox 1441 4171 1676 4234; x_wconf 89' lang='lat' dir='ltr'><strong>emollis,</strong></span> <span class='ocrx_word' id='word_1_512' title='bbox 1726 4174 1946 4229; x_wconf 91' lang='lat' dir='ltr'><strong>mollem</strong></span> 
     </span>
    </p>
   </div>
   <div class='ocr_carea' id='block_1_82' title="bbox 2048 4176 3636 4247">
    <p class='ocr_par' dir='ltr' id='par_1_82' title="bbox 2048 4176 3636 4247">
     <span class='ocr_line' id='line_1_82' title="bbox 2048 4176 3636 4247; baseline -0.001 -16"><span class='ocrx_word' id='word_1_513' title='bbox 2048 4176 2170 4231; x_wconf 81' lang='lat' dir='ltr'><strong>Non</strong></span> <span class='ocrx_word' id='word_1_514' title='bbox 2204 4191 2401 4246; x_wconf 86' lang='lat' dir='ltr'><strong>magno</strong></span> <span class='ocrx_word' id='word_1_515' title='bbox 2431 4178 2694 4247; x_wconf 82' lang='lat' dir='ltr'><strong>temporis</strong></span> <span class='ocrx_word' id='word_1_516' title='bbox 2722 4178 3010 4247; x_wconf 87' lang='lat' dir='ltr'><strong>interjecto</strong></span> <span class='ocrx_word' id='word_1_517' title='bbox 3059 4177 3238 4245; x_wconf 88' lang='lat' dir='ltr'><strong>spatio</strong></span> <span class='ocrx_word' id='word_1_518' title='bbox 3266 4176 3636 4231; x_wconf 83' lang='lat' dir='ltr'><strong>Sceleratissi-</strong></span> 
     </span>
    </p>
   </div>
   <div class='ocr_carea' id='block_1_83' title="bbox 369 4262 3636 4336">
    <p class='ocr_par' dir='ltr' id='par_1_83' title="bbox 369 4262 3636 4336">
     <span class='ocr_line' id='line_1_83' title="bbox 369 4262 3636 4336; baseline -0.001 -14"><span class='ocrx_word' id='word_1_519' title='bbox 369 4264 599 4322; x_wconf 75' lang='lat' dir='ltr'><strong>indui-as</strong></span> <span class='ocrx_word' id='word_1_520' title='bbox 625 4281 640 4330; x_wconf 87' lang='lat'><strong>;</strong></span> <span class='ocrx_word' id='word_1_521' title='bbox 666 4265 909 4333; x_wconf 82' lang='lat' dir='ltr'><strong>linguam</strong></span> <span class='ocrx_word' id='word_1_522' title='bbox 941 4271 1147 4317; x_wconf 87' lang='lat' dir='ltr'><strong>mutam</strong></span> <span class='ocrx_word' id='word_1_523' title='bbox 1171 4262 1355 4332; x_wconf 81' lang='lat' dir='ltr'><strong>solvis,</strong></span> <span class='ocrx_word' id='word_1_524' title='bbox 1386 4262 1673 4332; x_wconf 87' lang='lat' dir='ltr'><strong>loquacem</strong></span> <span class='ocrx_word' id='word_1_525' title='bbox 1707 4264 1950 4333; x_wconf 84' lang='lat' dir='ltr'><strong>compri-</strong></span> <span class='ocrx_word' id='word_1_526' title='bbox 2051 4279 2175 4319; x_wconf 89' lang='lat' dir='ltr'><strong>mus</strong></span> <span class='ocrx_word' id='word_1_527' title='bbox 2197 4263 2287 4318; x_wconf 92' lang='lat' dir='ltr'><strong>ille</strong></span> <span class='ocrx_word' id='word_1_528' title='bbox 2314 4265 2525 4319; x_wconf 88' lang='lat' dir='ltr'><strong>Phocas</strong></span> <span class='ocrx_word' id='word_1_529' title='bbox 2548 4280 2578 4320; x_wconf 91' lang='lat' dir='ltr'><strong>e</strong></span> <span class='ocrx_word' id='word_1_530' title='bbox 2604 4266 2800 4319; x_wconf 88' lang='lat' dir='ltr'><strong>castris</strong></span> <span class='ocrx_word' id='word_1_531' title='bbox 2830 4265 3074 4330; x_wconf 81' lang='lat' dir='ltr'><strong>advenit,</strong></span> <span class='ocrx_word' id='word_1_532' title='bbox 3094 4266 3344 4335; x_wconf 61' lang='lat' dir='ltr'><strong>quaedam</strong></span> <span class='ocrx_word' id='word_1_533' title='bbox 3363 4266 3433 4320; x_wconf 85' lang='lat' dir='ltr'><strong>ab</strong></span> <span class='ocrx_word' id='word_1_534' title='bbox 3462 4267 3636 4336; x_wconf 84' lang='lat' dir='ltr'><strong>impe-</strong></span> 
     </span>
    </p>
   </div>
   <div class='ocr_carea' id='block_1_84' title="bbox 370 4351 1947 4423">
    <p class='ocr_par' dir='ltr' id='par_1_84' title="bbox 370 4351 1947 4423">
     <span class='ocr_line' id='line_1_84' title="bbox 370 4351 1947 4423; baseline 0 -12"><span class='ocrx_word' id='word_1_535' title='bbox 370 4358 515 4423; x_wconf 84' lang='lat' dir='ltr'><strong>mis;</strong></span> <span class='ocrx_word' id='word_1_536' title='bbox 539 4354 814 4410; x_wconf 89' lang='lat' dir='ltr'><strong>currendo</strong></span> <span class='ocrx_word' id='word_1_537' title='bbox 838 4354 1110 4409; x_wconf 89' lang='lat' dir='ltr'><strong>valentem</strong></span> <span class='ocrx_word' id='word_1_538' title='bbox 1146 4354 1359 4409; x_wconf 89' lang='lat' dir='ltr'><strong>tardum</strong></span> <span class='ocrx_word' id='word_1_539' title='bbox 1392 4351 1583 4420; x_wconf 79' lang='lat' dir='ltr'><strong>eilicis,</strong></span> <span class='ocrx_word' id='word_1_540' title='bbox 1612 4370 1676 4410; x_wconf 92' lang='lat' dir='ltr'><strong>ac</strong></span> <span class='ocrx_word' id='word_1_541' title='bbox 1703 4354 1947 4413; x_wconf 84' lang='lat' dir='ltr'><strong>vicissim</strong></span> 
     </span>
    </p>
   </div>
   <div class='ocr_carea' id='block_1_85' title="bbox 2052 4354 3635 4430">
    <p class='ocr_par' dir='ltr' id='par_1_85' title="bbox 2052 4354 3635 4430">
     <span class='ocr_line' id='line_1_85' title="bbox 2052 4354 3635 4430; baseline 0.004 -22"><span class='ocrx_word' id='word_1_542' title='bbox 2052 4363 2238 4409; x_wconf 90' lang='lat' dir='ltr'><strong>ratore</strong></span> <span class='ocrx_word' id='word_1_543' title='bbox 2297 4354 2775 4410; x_wconf 89' lang='lat' dir='ltr'><strong>commilitonibus</strong></span> <span class='ocrx_word' id='word_1_544' title='bbox 2846 4357 2963 4412; x_wconf 89' lang='lat' dir='ltr'><strong>suis</strong></span> <span class='ocrx_word' id='word_1_545' title='bbox 3036 4368 3318 4414; x_wconf 80' lang='lat' dir='ltr'><strong>exoratus.</strong></span> <span class='ocrx_word' id='word_1_546' title='bbox 3386 4360 3635 4430; x_wconf 85' lang='lat' dir='ltr'><strong>Cumque</strong></span> 
     </span>
    </p>
   </div>
   <div class='ocr_carea' id='block_1_86' title="bbox 368 4444 3637 4522">
    <p class='ocr_par' dir='ltr' id='par_1_86' title="bbox 368 4444 3637 4522">
     <span class='ocr_line' id='line_1_86' title="bbox 368 4444 3637 4522; baseline 0 -18"><span class='ocrx_word' id='word_1_547' title='bbox 368 4449 441 4504; x_wconf 86' lang='lat' dir='ltr'><strong>de</strong></span> <span class='ocrx_word' id='word_1_548' title='bbox 471 4447 629 4502; x_wconf 89' lang='lat' dir='ltr'><strong>tardo</strong></span> <span class='ocrx_word' id='word_1_549' title='bbox 669 4447 970 4502; x_wconf 89' lang='lat' dir='ltr'><strong>volucrem.</strong></span> <span class='ocrx_word' id='word_1_550' title='bbox 1018 4445 1200 4501; x_wconf 88' lang='lat' dir='ltr'><strong>Corda</strong></span> <span class='ocrx_word' id='word_1_551' title='bbox 1233 4445 1539 4501; x_wconf 80' lang='lat' dir='ltr'><strong>inflammas</strong></span> <span class='ocrx_word' id='word_1_552' title='bbox 1572 4455 1629 4500; x_wconf 92' lang='lat' dir='ltr'><strong>et</strong></span> <span class='ocrx_word' id='word_1_553' title='bbox 1668 4447 1947 4517; x_wconf 88' lang='lat' dir='ltr'><strong>voluptate</strong></span> <span class='ocrx_word' id='word_1_554' title='bbox 1974 4459 2028 4518; x_wconf 79' lang='grc' dir='ltr'><strong>ι)</strong></span> <span class='ocrx_word' id='word_1_555' title='bbox 2053 4444 2237 4516; x_wconf 83' lang='lat' dir='ltr'><strong>ﬂagris</strong></span> <span class='ocrx_word' id='word_1_556' title='bbox 2266 4461 2439 4501; x_wconf 85' lang='lat' dir='ltr'><strong>caesus</strong></span> <span class='ocrx_word' id='word_1_557' title='bbox 2458 4455 2515 4500; x_wconf 91' lang='lat' dir='ltr'><strong>et</strong></span> <span class='ocrx_word' id='word_1_558' title='bbox 2542 4447 2750 4518; x_wconf 85' lang='lat' dir='ltr'><strong>ejectus</strong></span> <span class='ocrx_word' id='word_1_559' title='bbox 2771 4463 2802 4503; x_wconf 93' lang='lat' dir='ltr'><strong>e</strong></span> <span class='ocrx_word' id='word_1_560' title='bbox 2834 4449 2986 4519; x_wconf 86' lang='lat' dir='ltr'><strong>regia</strong></span> <span class='ocrx_word' id='word_1_561' title='bbox 3021 4449 3163 4504; x_wconf 91' lang='lat' dir='ltr'><strong>foret</strong></span> <span class='ocrx_word' id='word_1_562' title='bbox 3193 4451 3264 4505; x_wconf 92' lang='lat' dir='ltr'><strong>ob</strong></span> <span class='ocrx_word' id='word_1_563' title='bbox 3292 4468 3356 4507; x_wconf 88' lang='lat' dir='ltr'><strong>ea</strong></span> <span class='ocrx_word' id='word_1_564' title='bbox 3384 4468 3507 4522; x_wconf 67' lang='lat' dir='ltr'><strong>quae</strong></span> <span class='ocrx_word' id='word_1_565' title='bbox 3534 4453 3637 4506; x_wconf 86' lang='lat' dir='ltr'><strong>im—</strong></span> 
     </span>
    </p>
   </div>
   <div class='ocr_carea' id='block_1_87' title="bbox 371 4535 1948 4609">
    <p class='ocr_par' dir='ltr' id='par_1_87' title="bbox 371 4535 1948 4609">
     <span class='ocr_line' id='line_1_87' title="bbox 371 4535 1948 4609; baseline 0 -15"><span class='ocrx_word' id='word_1_566' title='bbox 371 4539 607 4609; x_wconf 85' lang='lat' dir='ltr'><strong>quadam</strong></span> <span class='ocrx_word' id='word_1_567' title='bbox 638 4537 940 4599; x_wconf 87' lang='lat' dir='ltr'><strong>demulces,</strong></span> <span class='ocrx_word' id='word_1_568' title='bbox 962 4551 1177 4604; x_wconf 79' lang='lat' dir='ltr'><strong>sensus</strong></span> <span class='ocrx_word' id='word_1_569' title='bbox 1211 4535 1488 4592; x_wconf 91' lang='lat' dir='ltr'><strong>illecebris</strong></span> <span class='ocrx_word' id='word_1_570' title='bbox 1534 4537 1948 4594; x_wconf 88' lang='lat' dir='ltr'><strong>inevitabilibus</strong></span> 
     </span>
    </p>
   </div>
   <div class='ocr_carea' id='block_1_88' title="bbox 371 4628 1947 4699">
    <p class='ocr_par' dir='ltr' id='par_1_88' title="bbox 371 4628 1947 4699">
     <span class='ocr_line' id='line_1_88' title="bbox 371 4628 1947 4699; baseline -0.001 -13"><span class='ocrx_word' id='word_1_571' title='bbox 371 4646 475 4686; x_wconf 87' lang='lat' dir='ltr'><strong>ceu</strong></span> <span class='ocrx_word' id='word_1_572' title='bbox 527 4628 1174 4699; x_wconf 66' lang='lat' dir='ltr'><strong>praestigiisjquibusdam</strong></span> <span class='ocrx_word' id='word_1_573' title='bbox 1211 4635 1491 4692; x_wconf 85' lang='lat' dir='ltr'><strong>excantas,</strong></span> <span class='ocrx_word' id='word_1_574' title='bbox 1548 4643 1673 4683; x_wconf 92' lang='lat' dir='ltr'><strong>cum</strong></span> <span class='ocrx_word' id='word_1_575' title='bbox 1725 4630 1947 4685; x_wconf 89' lang='lat' dir='ltr'><strong>interim</strong></span> 
     </span>
    </p>
   </div>
   <div class='ocr_carea' id='block_1_89' title="bbox 372 4720 1950 4790">
    <p class='ocr_par' dir='ltr' id='par_1_89' title="bbox 372 4720 1950 4790">
     <span class='ocr_line' id='line_1_89' title="bbox 372 4720 1950 4790; baseline -0.001 -13"><span class='ocrx_word' id='word_1_576' title='bbox 372 4731 636 4778; x_wconf 89' lang='lat' dir='ltr'><strong>venustas</strong></span> <span class='ocrx_word' id='word_1_577' title='bbox 669 4721 758 4776; x_wconf 87' lang='lat' dir='ltr'><strong>illa</strong></span> <span class='ocrx_word' id='word_1_578' title='bbox 786 4733 881 4776; x_wconf 90' lang='lat' dir='ltr'><strong>tua</strong></span> <span class='ocrx_word' id='word_1_579' title='bbox 911 4736 1021 4775; x_wconf 91' lang='lat' dir='ltr'><strong>non</strong></span> <span class='ocrx_word' id='word_1_580' title='bbox 1073 4720 1256 4774; x_wconf 89' lang='lat' dir='ltr'><strong>minus</strong></span> <span class='ocrx_word' id='word_1_581' title='bbox 1289 4735 1503 4775; x_wconf 89' lang='lat' dir='ltr'><strong>veneno</strong></span> <span class='ocrx_word' id='word_1_582' title='bbox 1537 4735 1639 4776; x_wconf 93' lang='lat' dir='ltr'><strong>suo</strong></span> <span class='ocrx_word' id='word_1_583' title='bbox 1671 4736 1833 4790; x_wconf 89' lang='lat' dir='ltr'><strong>quam</strong></span> <span class='ocrx_word' id='word_1_584' title='bbox 1864 4721 1950 4776; x_wconf 88' lang='lat' dir='ltr'><strong>vi-</strong></span> 
     </span>
    </p>
   </div>
   <div class='ocr_carea' id='block_1_90' title="bbox 373 4812 1943 4887">
    <p class='ocr_par' dir='ltr' id='par_1_90' title="bbox 373 4812 1943 4887">
     <span class='ocr_line' id='line_1_90' title="bbox 373 4812 1943 4887; baseline -0.003 -16"><span class='ocrx_word' id='word_1_585' title='bbox 373 4832 506 4887; x_wconf 89' lang='lat' dir='ltr'><strong>pera</strong></span> <span class='ocrx_word' id='word_1_586' title='bbox 531 4824 748 4870; x_wconf 88' lang='lat' dir='ltr'><strong>noceat.</strong></span> <span class='ocrx_word' id='word_1_587' title='bbox 774 4813 949 4884; x_wconf 84' lang='lat' dir='ltr'><strong>Leges</strong></span> <span class='ocrx_word' id='word_1_588' title='bbox 974 4822 1031 4869; x_wconf 89' lang='lat' dir='ltr'><strong>et</strong></span> <span class='ocrx_word' id='word_1_589' title='bbox 1068 4814 1189 4883; x_wconf 87' lang='lat' dir='ltr'><strong>jura</strong></span> <span class='ocrx_word' id='word_1_590' title='bbox 1215 4812 1519 4882; x_wconf 87' lang='lat' dir='ltr'><strong>proculcas,</strong></span> <span class='ocrx_word' id='word_1_591' title='bbox 1552 4812 1943 4867; x_wconf 89' lang='lat' dir='ltr'><strong>verecundiam</strong></span> 
     </span>
    </p>
   </div>
   <div class='ocr_carea' id='block_1_91' title="bbox 372 4901 1945 4977">
    <p class='ocr_par' dir='ltr' id='par_1_91' title="bbox 372 4901 1945 4977">
     <span class='ocr_line' id='line_1_91' title="bbox 372 4901 1945 4977; baseline -0.003 -15"><span class='ocrx_word' id='word_1_592' title='bbox 372 4918 430 4962; x_wconf 85' lang='lat' dir='ltr'><strong>et</strong></span> <span class='ocrx_word' id='word_1_593' title='bbox 457 4906 726 4977; x_wconf 84' lang='lat' dir='ltr'><strong>pudorem</strong></span> <span class='ocrx_word' id='word_1_594' title='bbox 759 4904 956 4975; x_wconf 85' lang='lat' dir='ltr'><strong>abigis,</strong></span> <span class='ocrx_word' id='word_1_595' title='bbox 989 4902 1242 4973; x_wconf 88' lang='lat' dir='ltr'><strong>sepulcra</strong></span> <span class='ocrx_word' id='word_1_596' title='bbox 1272 4903 1465 4968; x_wconf 89' lang='lat' dir='ltr'><strong>violas,</strong></span> <span class='ocrx_word' id='word_1_597' title='bbox 1497 4901 1734 4973; x_wconf 89' lang='lat' dir='ltr'><strong>parietes</strong></span> <span class='ocrx_word' id='word_1_598' title='bbox 1761 4901 1945 4972; x_wconf 88' lang='lat' dir='ltr'><strong>perfo-</strong></span> 
     </span>
    </p>
   </div>
   <div class='ocr_carea' id='block_1_92' title="bbox 377 4991 1950 5063">
    <p class='ocr_par' dir='ltr' id='par_1_92' title="bbox 377 4991 1950 5063">
     <span class='ocr_line' id='line_1_92' title="bbox 377 4991 1950 5063; baseline -0.003 -12"><span class='ocrx_word' id='word_1_599' title='bbox 377 5013 490 5063; x_wconf 84' lang='lat' dir='ltr'><strong>ras,</strong></span> <span class='ocrx_word' id='word_1_600' title='bbox 518 4996 655 5051; x_wconf 90' lang='lat' dir='ltr'><strong>nihil</strong></span> <span class='ocrx_word' id='word_1_601' title='bbox 690 5011 798 5049; x_wconf 92' lang='lat' dir='ltr'><strong>non</strong></span> <span class='ocrx_word' id='word_1_602' title='bbox 831 4994 1003 5049; x_wconf 90' lang='lat' dir='ltr'><strong>habes</strong></span> <span class='ocrx_word' id='word_1_603' title='bbox 1028 4993 1244 5057; x_wconf 90' lang='lat' dir='ltr'><strong>venale,</strong></span> <span class='ocrx_word' id='word_1_604' title='bbox 1276 4993 1419 5047; x_wconf 90' lang='lat' dir='ltr'><strong>nihil</strong></span> <span class='ocrx_word' id='word_1_605' title='bbox 1442 5009 1552 5048; x_wconf 92' lang='lat' dir='ltr'><strong>non</strong></span> <span class='ocrx_word' id='word_1_606' title='bbox 1582 4991 1794 5062; x_wconf 91' lang='lat' dir='ltr'><strong>prodis.</strong></span> <span class='ocrx_word' id='word_1_607' title='bbox 1850 4992 1950 5047; x_wconf 71' lang='lat' dir='ltr'><strong>Ni-</strong></span> 
     </span>
    </p>
   </div>
   <div class='ocr_carea' id='block_1_93' title="bbox 380 5084 1955 5156">
    <p class='ocr_par' dir='ltr' id='par_1_93' title="bbox 380 5084 1955 5156">
     <span class='ocr_line' id='line_1_93' title="bbox 380 5084 1955 5156; baseline -0.003 -13"><span class='ocrx_word' id='word_1_608' title='bbox 380 5090 578 5143; x_wconf 86' lang='lat' dir='ltr'><strong>mirum</strong></span> <span class='ocrx_word' id='word_1_609' title='bbox 601 5087 854 5142; x_wconf 86' lang='lat' dir='ltr'><strong>frivolum</strong></span> <span class='ocrx_word' id='word_1_610' title='bbox 895 5084 1155 5156; x_wconf 83' lang='lat' dir='ltr'><strong>quiddam</strong></span> <span class='ocrx_word' id='word_1_611' title='bbox 1185 5094 1268 5140; x_wconf 76' lang='lat' dir='ltr'><strong>est</strong></span> <span class='ocrx_word' id='word_1_612' title='bbox 1293 5099 1358 5140; x_wconf 91' lang='lat' dir='ltr'><strong>ac</strong></span> <span class='ocrx_word' id='word_1_613' title='bbox 1386 5085 1572 5139; x_wconf 80' lang='lat' dir='ltr'><strong>fabula</strong></span> <span class='ocrx_word' id='word_1_614' title='bbox 1594 5099 1767 5150; x_wconf 89' lang='lat' dir='ltr'><strong>mera,</strong></span> <span class='ocrx_word' id='word_1_615' title='bbox 1792 5084 1955 5154; x_wconf 82' lang='lat' dir='ltr'><strong>vulgo</strong></span> 
     </span>
    </p>
   </div>
   <div class='ocr_carea' id='block_1_94' title="bbox 377 5175 1952 5251">
    <p class='ocr_par' dir='ltr' id='par_1_94' title="bbox 377 5175 1952 5251">
     <span class='ocr_line' id='line_1_94' title="bbox 377 5175 1952 5251; baseline -0.001 -20"><span class='ocrx_word' id='word_1_616' title='bbox 377 5179 529 5251; x_wconf 87' lang='lat' dir='ltr'><strong>quod</strong></span> <span class='ocrx_word' id='word_1_617' title='bbox 566 5178 791 5243; x_wconf 88' lang='lat' dir='ltr'><strong>dicitur,</strong></span> <span class='ocrx_word' id='word_1_618' title='bbox 817 5176 1164 5231; x_wconf 89' lang='lat' dir='ltr'><strong>adamantem</strong></span> <span class='ocrx_word' id='word_1_619' title='bbox 1194 5177 1369 5231; x_wconf 89' lang='lat' dir='ltr'><strong>solum</strong></span> <span class='ocrx_word' id='word_1_620' title='bbox 1420 5177 1685 5247; x_wconf 87' lang='lat' dir='ltr'><strong>sanguine</strong></span> <span class='ocrx_word' id='word_1_621' title='bbox 1725 5175 1952 5230; x_wconf 92' lang='lat' dir='ltr'><strong>molliri.</strong></span> 
     </span>
    </p>
   </div>
   <div class='ocr_carea' id='block_1_95' title="bbox 379 5267 1951 5340">
    <p class='ocr_par' dir='ltr' id='par_1_95' title="bbox 379 5267 1951 5340">
     <span class='ocr_line' id='line_1_95' title="bbox 379 5267 1951 5340; baseline -0.004 -12"><span class='ocrx_word' id='word_1_622' title='bbox 379 5273 522 5340; x_wconf 88' lang='lat' dir='ltr'><strong>Quid</strong></span> <span class='ocrx_word' id='word_1_623' title='bbox 550 5271 697 5328; x_wconf 88' lang='lat' dir='ltr'><strong>enim</strong></span> <span class='ocrx_word' id='word_1_624' title='bbox 730 5285 853 5327; x_wconf 88' lang='lat' dir='ltr'><strong>esse</strong></span> <span class='ocrx_word' id='word_1_625' title='bbox 885 5278 937 5326; x_wconf 90' lang='lat' dir='ltr'><strong>te</strong></span> <span class='ocrx_word' id='word_1_626' title='bbox 968 5270 1144 5340; x_wconf 89' lang='lat' dir='ltr'><strong>possit</strong></span> <span class='ocrx_word' id='word_1_627' title='bbox 1169 5267 1463 5333; x_wconf 76' lang='lat' dir='ltr'><strong>eﬁicacius,</strong></span> <span class='ocrx_word' id='word_1_628' title='bbox 1495 5268 1660 5324; x_wconf 88' lang='lat' dir='ltr'><strong>etiam</strong></span> <span class='ocrx_word' id='word_1_629' title='bbox 1708 5267 1765 5322; x_wconf 92' lang='lat' dir='ltr'><strong>in</strong></span> <span class='ocrx_word' id='word_1_630' title='bbox 1805 5267 1951 5322; x_wconf 77' lang='lat' dir='ltr'><strong>saxis</strong></span> 
     </span>
    </p>
   </div>
   <div class='ocr_carea' id='block_1_96' title="bbox 380 5363 773 5421">
    <p class='ocr_par' dir='ltr' id='par_1_96' title="bbox 380 5363 773 5421">
     <span class='ocr_line' id='line_1_96' title="bbox 380 5363 773 5421; baseline -0.008 0"><span class='ocrx_word' id='word_1_631' title='bbox 380 5364 730 5421; x_wconf 86' lang='lat' dir='ltr'><strong>emolliendis</strong></span> <span class='ocrx_word' id='word_1_632' title='bbox 749 5363 773 5418; x_wconf 77' lang='grc' dir='ltr'>’ί</span> 
     </span>
    </p>
   </div>
   <div class='ocr_carea' id='block_1_97' title="bbox 2057 4535 3634 4608">
    <p class='ocr_par' dir='ltr' id='par_1_97' title="bbox 2057 4535 3634 4608">
     <span class='ocr_line' id='line_1_97' title="bbox 2057 4535 3634 4608; baseline 0.003 -17"><span class='ocrx_word' id='word_1_633' title='bbox 2057 4546 2293 4608; x_wconf 86' lang='lat' dir='ltr'><strong>portune</strong></span> <span class='ocrx_word' id='word_1_634' title='bbox 2322 4535 2740 4601; x_wconf 84' lang='lat' dir='ltr'><strong>deblaterasset,</strong></span> <span class='ocrx_word' id='word_1_635' title='bbox 2774 4538 2835 4594; x_wconf 91' lang='lat' dir='ltr'><strong>in</strong></span> <span class='ocrx_word' id='word_1_636' title='bbox 2866 4550 3044 4595; x_wconf 85' lang='lat' dir='ltr'><strong>castra</strong></span> <span class='ocrx_word' id='word_1_637' title='bbox 3078 4541 3398 4607; x_wconf 87' lang='lat' dir='ltr'><strong>revertitur,</strong></span> <span class='ocrx_word' id='word_1_638' title='bbox 3431 4543 3634 4596; x_wconf 87' lang='lat' dir='ltr'><strong>cohor-</strong></span> 
     </span>
    </p>
   </div>
   <div class='ocr_carea' id='block_1_98' title="bbox 2058 4627 3637 4700">
    <p class='ocr_par' dir='ltr' id='par_1_98' title="bbox 2058 4627 3637 4700">
     <span class='ocr_line' id='line_1_98' title="bbox 2058 4627 3637 4700; baseline 0.002 -18"><span class='ocrx_word' id='word_1_639' title='bbox 2058 4628 2193 4682; x_wconf 89' lang='lat' dir='ltr'><strong>tium</strong></span> <span class='ocrx_word' id='word_1_640' title='bbox 2221 4627 2667 4697; x_wconf 86' lang='lat' dir='ltr'><strong>phalangumque</strong></span> <span class='ocrx_word' id='word_1_641' title='bbox 2702 4628 2965 4685; x_wconf 87' lang='lat' dir='ltr'><strong>ductores</strong></span> <span class='ocrx_word' id='word_1_642' title='bbox 3004 4630 3140 4695; x_wconf 89' lang='lat' dir='ltr'><strong>adit,</strong></span> <span class='ocrx_word' id='word_1_643' title='bbox 3171 4646 3379 4684; x_wconf 90' lang='lat' dir='ltr'><strong>meram</strong></span> <span class='ocrx_word' id='word_1_644' title='bbox 3417 4631 3637 4700; x_wconf 85' lang='lat' dir='ltr'><strong>spirans</strong></span> 
     </span>
    </p>
   </div>
   <div class='ocr_carea' id='block_1_99' title="bbox 2055 4717 3637 4789">
    <p class='ocr_par' dir='ltr' id='par_1_99' title="bbox 2055 4717 3637 4789">
     <span class='ocr_line' id='line_1_99' title="bbox 2055 4717 3637 4789; baseline 0.001 -16"><span class='ocrx_word' id='word_1_645' title='bbox 2055 4718 2348 4780; x_wconf 89' lang='lat' dir='ltr'><strong>insaniam,</strong></span> <span class='ocrx_word' id='word_1_646' title='bbox 2373 4717 2536 4786; x_wconf 88' lang='lat' dir='ltr'><strong>plena</strong></span> <span class='ocrx_word' id='word_1_647' title='bbox 2552 4717 2853 4773; x_wconf 85' lang='lat' dir='ltr'><strong>iracundiae</strong></span> <span class='ocrx_word' id='word_1_648' title='bbox 2879 4720 3048 4774; x_wconf 89' lang='lat' dir='ltr'><strong>verba</strong></span> <span class='ocrx_word' id='word_1_649' title='bbox 3080 4735 3375 4789; x_wconf 80' lang='lat' dir='ltr'><strong>exspuens,</strong></span> <span class='ocrx_word' id='word_1_650' title='bbox 3402 4735 3637 4789; x_wconf 63' lang='lat' dir='ltr'><strong>quaeque</strong></span> 
     </span>
    </p>
   </div>
   <div class='ocr_carea' id='block_1_100' title="bbox 2054 4808 3635 4881">
    <p class='ocr_par' dir='ltr' id='par_1_100' title="bbox 2054 4808 3635 4881">
     <span class='ocr_line' id='line_1_100' title="bbox 2054 4808 3635 4881; baseline 0 -16"><span class='ocrx_word' id='word_1_651' title='bbox 2054 4824 2263 4865; x_wconf 89' lang='lat' dir='ltr'><strong>meram</strong></span> <span class='ocrx_word' id='word_1_652' title='bbox 2290 4808 2649 4865; x_wconf 88' lang='lat' dir='ltr'><strong>stoliditatem</strong></span> <span class='ocrx_word' id='word_1_653' title='bbox 2688 4819 2745 4865; x_wconf 91' lang='lat' dir='ltr'><strong>et</strong></span> <span class='ocrx_word' id='word_1_654' title='bbox 2795 4810 3125 4881; x_wconf 90' lang='lat' dir='ltr'><strong>imperitiam</strong></span> <span class='ocrx_word' id='word_1_655' title='bbox 3171 4811 3509 4872; x_wconf 89' lang='lat' dir='ltr'><strong>redolerent,</strong></span> <span class='ocrx_word' id='word_1_656' title='bbox 3546 4812 3635 4865; x_wconf 86' lang='lat' dir='ltr'><strong>la-</strong></span> 
     </span>
    </p>
   </div>
   <div class='ocr_carea' id='block_1_101' title="bbox 2054 4901 3639 4972">
    <p class='ocr_par' dir='ltr' id='par_1_101' title="bbox 2054 4901 3639 4972">
     <span class='ocr_line' id='line_1_101' title="bbox 2054 4901 3639 4972; baseline 0.003 -16"><span class='ocrx_word' id='word_1_657' title='bbox 2054 4901 2258 4958; x_wconf 87' lang='lat' dir='ltr'><strong>trantis</strong></span> <span class='ocrx_word' id='word_1_658' title='bbox 2305 4901 2544 4972; x_wconf 88' lang='lat' dir='ltr'><strong>denique</strong></span> <span class='ocrx_word' id='word_1_659' title='bbox 2594 4903 2746 4958; x_wconf 87' lang='lat' dir='ltr'><strong>canis</strong></span> <span class='ocrx_word' id='word_1_660' title='bbox 2793 4903 2851 4956; x_wconf 92' lang='lat' dir='ltr'><strong>in</strong></span> <span class='ocrx_word' id='word_1_661' title='bbox 2910 4920 3120 4958; x_wconf 89' lang='lat' dir='ltr'><strong>morem</strong></span> <span class='ocrx_word' id='word_1_662' title='bbox 3150 4904 3227 4958; x_wconf 92' lang='lat' dir='ltr'><strong>nil</strong></span> <span class='ocrx_word' id='word_1_663' title='bbox 3279 4904 3639 4960; x_wconf 66' lang='lat' dir='ltr'><strong>nisi&#39;rabiem</strong></span> 
     </span>
    </p>
   </div>
   <div class='ocr_carea' id='block_1_102' title="bbox 2062 4991 3642 5065">
    <p class='ocr_par' dir='ltr' id='par_1_102' title="bbox 2062 4991 3642 5065">
     <span class='ocr_line' id='line_1_102' title="bbox 2062 4991 3642 5065; baseline 0.003 -18"><span class='ocrx_word' id='word_1_664' title='bbox 2062 5001 2342 5047; x_wconf 88' lang='lat' dir='ltr'><strong>eructans.</strong></span> <span class='ocrx_word' id='word_1_665' title='bbox 2400 4991 2542 5058; x_wconf 92' lang='lat' dir='ltr'><strong>Quin</strong></span> <span class='ocrx_word' id='word_1_666' title='bbox 2576 4992 2741 5046; x_wconf 89' lang='lat' dir='ltr'><strong>etiam</strong></span> <span class='ocrx_word' id='word_1_667' title='bbox 2773 4993 3053 5048; x_wconf 88' lang='lat' dir='ltr'><strong>miseriam</strong></span> <span class='ocrx_word' id='word_1_668' title='bbox 3094 4994 3376 5050; x_wconf 77' lang='lat' dir='ltr'><strong>exercitus</strong></span> <span class='ocrx_word' id='word_1_669' title='bbox 3404 4995 3642 5065; x_wconf 81' lang='lat' dir='ltr'><strong>amplifi-</strong></span> 
     </span>
    </p>
   </div>
   <div class='ocr_carea' id='block_1_103' title="bbox 2065 5081 3643 5154">
    <p class='ocr_par' dir='ltr' id='par_1_103' title="bbox 2065 5081 3643 5154">
     <span class='ocr_line' id='line_1_103' title="bbox 2065 5081 3643 5154; baseline 0.002 -17"><span class='ocrx_word' id='word_1_670' title='bbox 2065 5092 2174 5144; x_wconf 89' lang='lat' dir='ltr'><strong>cat.</strong></span> <span class='ocrx_word' id='word_1_671' title='bbox 2202 5098 2298 5152; x_wconf 86' lang='lat' dir='ltr'><strong>spe</strong></span> <span class='ocrx_word' id='word_1_672' title='bbox 2327 5098 2425 5139; x_wconf 91' lang='lat' dir='ltr'><strong>sua</strong></span> <span class='ocrx_word' id='word_1_673' title='bbox 2462 5082 2734 5137; x_wconf 80' lang='lat' dir='ltr'><strong>frustrati.</strong></span> <span class='ocrx_word' id='word_1_674' title='bbox 2773 5081 3121 5154; x_wconf 85' lang='lat' dir='ltr'><strong>Quapropter</strong></span> <span class='ocrx_word' id='word_1_675' title='bbox 3155 5084 3210 5138; x_wconf 90' lang='lat' dir='ltr'><strong>in</strong></span> <span class='ocrx_word' id='word_1_676' title='bbox 3262 5100 3432 5139; x_wconf 91' lang='lat' dir='ltr'><strong>unum</strong></span> <span class='ocrx_word' id='word_1_677' title='bbox 3466 5087 3643 5141; x_wconf 89' lang='lat' dir='ltr'><strong>coacti</strong></span> 
     </span>
    </p>
   </div>
   <div class='ocr_carea' id='block_1_104' title="bbox 2066 5172 3645 5243">
    <p class='ocr_par' dir='ltr' id='par_1_104' title="bbox 2066 5172 3645 5243">
     <span class='ocr_line' id='line_1_104' title="bbox 2066 5172 3645 5243; baseline 0.001 -14"><span class='ocrx_word' id='word_1_678' title='bbox 2066 5173 2351 5243; x_wconf 89' lang='lat' dir='ltr'><strong>copiarum</strong></span> <span class='ocrx_word' id='word_1_679' title='bbox 2399 5182 2457 5228; x_wconf 92' lang='lat' dir='ltr'><strong>et</strong></span> <span class='ocrx_word' id='word_1_680' title='bbox 2506 5172 2916 5242; x_wconf 88' lang='lat' dir='ltr'><strong>provinciarum</strong></span> <span class='ocrx_word' id='word_1_681' title='bbox 2958 5173 3127 5228; x_wconf 88' lang='lat' dir='ltr'><strong>duces</strong></span> <span class='ocrx_word' id='word_1_682' title='bbox 3173 5174 3445 5229; x_wconf 91' lang='lat' dir='ltr'><strong>furiosum</strong></span> <span class='ocrx_word' id='word_1_683' title='bbox 3495 5176 3645 5233; x_wconf 89' lang='lat' dir='ltr'><strong>hunc</strong></span> 
     </span>
    </p>
   </div>
   <div class='ocr_carea' id='block_1_105' title="bbox 2063 5267 3646 5338">
    <p class='ocr_par' dir='ltr' id='par_1_105' title="bbox 2063 5267 3646 5338">
     <span class='ocr_line' id='line_1_105' title="bbox 2063 5267 3646 5338; baseline -0.002 -14"><span class='ocrx_word' id='word_1_684' title='bbox 2063 5267 2368 5324; x_wconf 86' lang='lat' dir='ltr'><strong>Cerberum</strong></span> <span class='ocrx_word' id='word_1_685' title='bbox 2393 5268 2553 5338; x_wconf 83' lang='lat' dir='ltr'><strong>(proh</strong></span> <span class='ocrx_word' id='word_1_686' title='bbox 2575 5268 2587 5320; x_wconf 74' lang='grc' dir='ltr'><strong>ί</strong></span> <span class='ocrx_word' id='word_1_687' title='bbox 2611 5268 2838 5337; x_wconf 89' lang='lat' dir='ltr'><strong>impium</strong></span> <span class='ocrx_word' id='word_1_688' title='bbox 2868 5267 3104 5338; x_wconf 78' lang='lat' dir='ltr'><strong>facinus)</strong></span> <span class='ocrx_word' id='word_1_689' title='bbox 3136 5269 3522 5338; x_wconf 87' lang='lat' dir='ltr'><strong>imperatorem</strong></span> <span class='ocrx_word' id='word_1_690' title='bbox 3549 5267 3646 5321; x_wconf 85' lang='lat' dir='ltr'><strong>de-</strong></span> 
     </span>
    </p>
   </div>
   <div class='ocr_carea' id='block_1_106' title="bbox 2066 5358 3641 5429">
    <p class='ocr_par' dir='ltr' id='par_1_106' title="bbox 2066 5358 3641 5429">
     <span class='ocr_line' id='line_1_106' title="bbox 2066 5358 3641 5429; baseline -0.001 -14"><span class='ocrx_word' id='word_1_691' title='bbox 2066 5358 2294 5424; x_wconf 88' lang='lat' dir='ltr'><strong>clarant,</strong></span> <span class='ocrx_word' id='word_1_692' title='bbox 2326 5359 2681 5425; x_wconf 87' lang='lat' dir='ltr'><strong>sceleratum,</strong></span> <span class='ocrx_word' id='word_1_693' title='bbox 2697 5358 2945 5429; x_wconf 89' lang='lat' dir='ltr'><strong>inquam,</strong></span> <span class='ocrx_word' id='word_1_694' title='bbox 2966 5359 3262 5428; x_wconf 89' lang='lat' dir='ltr'><strong>latronem,</strong></span> <span class='ocrx_word' id='word_1_695' title='bbox 3284 5359 3641 5424; x_wconf 90' lang='lat' dir='ltr'><strong>iracundum,</strong></span> 
     </span>
    </p>
   </div>
   <div class='ocr_carea' id='block_1_107' title="bbox 1729 5494 2291 5559">
    <p class='ocr_par' dir='ltr' id='par_1_107' title="bbox 1729 5494 2291 5559">
     <span class='ocr_line' id='line_1_107' title="bbox 1729 5494 2291 5559; baseline 0 -3"><span class='ocrx_word' id='word_1_696' title='bbox 1729 5496 1930 5559; x_wconf 66' lang='lat' dir='ltr'><strong>Variis</strong></span> <span class='ocrx_word' id='word_1_697' title='bbox 1958 5494 2291 5558; x_wconf 87' lang='lat' dir='ltr'><strong>lectiones.</strong></span> 
     </span>
    </p>
   </div>
   <div class='ocr_carea' id='block_1_108' title="bbox 454 5619 3647 5708">
    <p class='ocr_par' dir='ltr' id='par_1_108' title="bbox 454 5619 3647 5708">
     <span class='ocr_line' id='line_1_108' title="bbox 454 5619 3647 5708; baseline -0.002 -26"><span class='ocrx_word' id='word_1_698' title='bbox 454 5628 502 5708; x_wconf 61' lang='grc' dir='ltr'><strong>ξε</strong></span> <span class='ocrx_word' id='word_1_699' title='bbox 520 5629 980 5708; x_wconf 46' lang='grc' dir='ltr'>κατασωρεύσας-</span> <span class='ocrx_word' id='word_1_700' title='bbox 1010 5628 1077 5692; x_wconf 70' lang='grc' dir='ltr'>Β,</span> <span class='ocrx_word' id='word_1_701' title='bbox 1153 5625 1625 5708; x_wconf 47' lang='grc' dir='ltr'>ἐγκατασξρώσρις.</span> <span class='ocrx_word' id='word_1_702' title='bbox 1676 5622 1741 5677; x_wconf 76' lang='grc' dir='ltr'><strong>Β.</strong></span> <span class='ocrx_word' id='word_1_703' title='bbox 1779 5694 1790 5708; x_wconf 37' lang='grc' dir='ltr'><em>ο</em></span> <span class='ocrx_word' id='word_1_704' title='bbox 1819 5623 1863 5655; x_wconf 79' lang='grc'><strong>²⁹</strong></span> <span class='ocrx_word' id='word_1_705' title='bbox 1891 5624 2323 5708; x_wconf 49' lang='grc' dir='ltr'>καξοποιεῖςΜΛ.</span> <span class='ocrx_word' id='word_1_706' title='bbox 2358 5621 2446 5708; x_wconf 46' lang='lat' dir='ltr'><strong>ﬁ&quot;</strong></span> <span class='ocrx_word' id='word_1_707' title='bbox 2478 5623 2880 5708; x_wconf 57' lang='grc' dir='ltr'>ἀντισφίιιρίζει</span> <span class='ocrx_word' id='word_1_708' title='bbox 3146 5620 3503 5708; x_wconf 48' lang='grc' dir='ltr'>μαλθάσσεξὶ</span> <span class='ocrx_word' id='word_1_709' title='bbox 3529 5619 3647 5708; x_wconf 49' lang='lat' dir='ltr'><strong>RE.</strong></span> 
     </span>
    </p>
   </div>
   <div class='ocr_carea' id='block_1_109' title="bbox 381 5690 2425 5770">
    <p class='ocr_par' dir='ltr' id='par_1_109' title="bbox 381 5690 2425 5770">
     <span class='ocr_line' id='line_1_109' title="bbox 381 5690 2425 5770; baseline -0.001 -19"><span class='ocrx_word' id='word_1_710' title='bbox 381 5690 763 5770; x_wconf 77' lang='grc' dir='ltr'>⁸¹ἀπαλύνεις’</span> <span class='ocrx_word' id='word_1_711' title='bbox 792 5699 857 5752; x_wconf 71' lang='grc' dir='ltr'>ιι.</span> <span class='ocrx_word' id='word_1_712' title='bbox 933 5690 981 5730; x_wconf 63' lang='grc'><strong>³³</strong></span> <span class='ocrx_word' id='word_1_713' title='bbox 1016 5690 1466 5770; x_wconf 31' lang='grc' dir='ltr'>μικρολογίας-Π.</span> <span class='ocrx_word' id='word_1_714' title='bbox 1544 5695 1673 5770; x_wconf 59' lang='grc' dir='ltr'>’δξκ</span> <span class='ocrx_word' id='word_1_715' title='bbox 1725 5694 1915 5770; x_wconf 41' lang='grc' dir='ltr'>μέσῃς.</span> <span class='ocrx_word' id='word_1_716' title='bbox 1952 5694 2051 5762; x_wconf 81' lang='grc' dir='ltr'>τῆς</span> <span class='ocrx_word' id='word_1_717' title='bbox 2071 5693 2311 5770; x_wconf 53' lang='grc' dir='ltr'><strong>Δκαρδίας</strong></span> <span class='ocrx_word' id='word_1_718' title='bbox 2358 5690 2425 5749; x_wconf 75' lang='grc' dir='ltr'><strong>Β.</strong></span> 
     </span>
    </p>
   </div>
   <div class='ocr_carea' id='block_1_110' title="bbox 2501 5690 3654 5768">
    <p class='ocr_par' dir='ltr' id='par_1_110' title="bbox 2501 5690 3654 5768">
     <span class='ocr_line' id='line_1_110' title="bbox 2501 5690 3654 5768; baseline -0.002 -23"><span class='ocrx_word' id='word_1_719' title='bbox 2501 5694 2557 5768; x_wconf 29' lang='grc'><strong>,⁸⁵</strong></span> <span class='ocrx_word' id='word_1_720' title='bbox 2590 5690 2882 5765; x_wconf 67' lang='grc' dir='ltr'>πτώματος</span> <span class='ocrx_word' id='word_1_721' title='bbox 2929 5695 2996 5748; x_wconf 80' lang='grc' dir='ltr'><strong>Α.</strong></span> <span class='ocrx_word' id='word_1_722' title='bbox 3068 5695 3114 5727; x_wconf 79' lang='grc'><strong>³⁸</strong></span> <span class='ocrx_word' id='word_1_723' title='bbox 3142 5690 3242 5765; x_wconf 75' lang='grc' dir='ltr'>τὴν</span> <span class='ocrx_word' id='word_1_724' title='bbox 3295 5692 3541 5762; x_wconf 81' lang='grc' dir='ltr'>βασιλίδα</span> <span class='ocrx_word' id='word_1_725' title='bbox 3577 5690 3654 5758; x_wconf 68' lang='grc' dir='ltr'>Β,</span> 
     </span>
    </p>
   </div>
   <div class='ocr_carea' id='block_1_111' title="bbox 380 5760 2278 5849">
    <p class='ocr_par' dir='ltr' id='par_1_111' title="bbox 380 5760 2278 5849">
     <span class='ocr_line' id='line_1_111' title="bbox 380 5760 2278 5849; baseline -0.002 -29"><span class='ocrx_word' id='word_1_726' title='bbox 380 5769 499 5832; x_wconf 84' lang='grc' dir='ltr'>τοῖς</span> <span class='ocrx_word' id='word_1_727' title='bbox 526 5760 889 5849; x_wconf 71' lang='grc' dir='ltr'>στρατιώταις</span> <span class='ocrx_word' id='word_1_728' title='bbox 912 5772 977 5822; x_wconf 81' lang='grc' dir='ltr'><strong>Α.</strong></span> <span class='ocrx_word' id='word_1_729' title='bbox 1016 5760 1028 5770; x_wconf 82' lang='grc'><em>’</em></span> <span class='ocrx_word' id='word_1_730' title='bbox 1055 5768 1099 5801; x_wconf 83' lang='grc'><strong>³⁷</strong></span> <span class='ocrx_word' id='word_1_731' title='bbox 1120 5760 1558 5835; x_wconf 76' lang='grc' dir='ltr'>’ἐξαιτησάμενος</span> <span class='ocrx_word' id='word_1_732' title='bbox 1594 5762 1661 5817; x_wconf 78' lang='grc' dir='ltr'><strong>Β.</strong></span> <span class='ocrx_word' id='word_1_733' title='bbox 1727 5760 1784 5793; x_wconf 70' lang='grc'><strong>’³⁸</strong></span> <span class='ocrx_word' id='word_1_734' title='bbox 1820 5760 1928 5817; x_wconf 79' lang='grc' dir='ltr'>ἀπὸ</span> <span class='ocrx_word' id='word_1_735' title='bbox 1957 5760 2182 5831; x_wconf 79' lang='grc' dir='ltr'>κάρδίας</span> <span class='ocrx_word' id='word_1_736' title='bbox 2212 5760 2278 5816; x_wconf 74' lang='grc' dir='ltr'><strong>Ιὶ.</strong></span> 
     </span>
    </p>
   </div>
  </div>
