4106 6206
403 339 503 405 θιι

404 454 515 512 τοῦ
545 452 604 507 δὲ
633 449 864 523 Περσῶν
894 449 1300 521 στρατεύματος
1325 450 1865 521 ἀντιπολιορκούντος

403 546 513 603 Καὶ
537 544 818 616 χαίνοντος
844 542 887 574 ‘"
922 544 1213 596 καταπιεῖν
1239 542 1341 611 τὴν
1364 541 1519 595 πόλιν
1551 542 1650 613 τὴν
1682 542 1869 595 ὀλϐίαν
1886 581 1902 605 ,

407 636 600 699 Ἄλλος
616 634 826 704 τραχὺς
838 630 885 662 ⁷⁸
905 631 1249 702 βαρύϐρομος
1270 633 1317 666 ’⁸
1338 649 1409 701 μυ
1417 632 1569 701 ριοκύ
1577 649 1692 701 μων
1703 631 1750 663 ³⁸
1770 631 1976 683 κλύδων

362 749 379 763 ο
405 723 845 794 Ἀντεπηγέρθη,
872 721 1104 791 φοϐερὸν
1128 721 1459 792 βρυχόμενος
1483 722 1558 785 ὡς
1583 721 1742 783 λέων,

404 818 517 871 Καὶ
550 811 912 876 κατακλύζειν
950 810 1195 863 ἀπειλῶν
1234 811 1338 880 τὴν
1369 809 1707 881 τηλικαύτην
1739 808 1972 878 σκάφην.

405 905 539 968 Ταῖς
564 903 863 974 Περσικαῖς
880 899 988 969 γὰρ
1011 899 1275 953 Σκυθικαὶ
1293 899 1554 969 δυνάμεις
1573 900 1771 969 συνδρα
1779 899 1975 968 μοῦσαι

402 996 528 1050 Καὶ·
543 993 822 1063 φάλαγγες
854 990 1156 1061 ίσόψαμμοι
1183 990 1466 1063 θηριωδῶν
1490 989 1760 1061 ’Δϐάρων,

415 1085 504 1147 Ὠς
528 1082 822 1153 χείμαρροι
836 1078 879 1112 ⁸⁸
908 1079 1238 1150 βαρύδουποι
1262 1080 1361 1132 σὺν
1378 1079 1573 1149 ψόφοις
1596 1082 1972 1149 συρραγεῖσαι,

405 1172 675 1243 Καθάπερ
701 1173 785 1233 είς
821 1171 1185 1241 μισγάγκειαν
1219 1169 1267 1202 ⁸⁸
1295 1170 1396 1240 τὴν
1434 1170 1588 1223 πόλιν
1621 1170 1971 1241 ὲπερῤόθουν.

403 1267 467 1319 οι
496 1264 703 1335 Πέρσαι
727 1262 826 1327 τὰς
855 1260 1209 1332 παρεμϐολὰς
1238 1256 1386 1331 εἶχον
1416 1262 1782 1325 ἀντενωπίους

402 1353 539 1423 (Καὶ
574 1353 738 1423 μέχρι
773 1350 883 1421 γάρ
913 1349 1211 1421 Δαμάλεως
1254 1351 1351 1403 καὶ
1382 1351 1491 1404 τῶν
1526 1353 1905 1423 Καλχηδονίων
1928 1356 1975 1388 ⁸³

404 1446 473 1499 Αἰ
496 1461 645 1513 σφων
667 1442 926 1513 δυνάμεις
948 1440 1175 1511 κέχυντο
1202 1440 1269 1510 βα
1278 1441 1508 1513 ρύθρουν
1528 1442 1902 1515 λαλαγούσαι),

406 1534 646 1605 Ἀϐαρες
668 1533 805 1603 πρὸς
830 1533 944 1595 τοῖς
966 1533 1203 1601 τείχεσιν
1229 1532 1526 1604 ἐφήδρευον
1551 1536 1651 1587 καὶ
1674 1535 1901 1602 Σκύθαι,

405 1626 511 1679 Καὶ
535 1624 644 1676 πᾶν
676 1621 849 1675 δεινὸν
877 1621 973 1676 καὶ
999 1623 1107 1674 πᾶν
1147 1621 1374 1689 στυγνὸν
1395 1623 1646 1691 ἐφαίνετο
1679 1626 1974 1695 προῦμμά-

1751 1712 1882 1784 Ιτων
1902 1714 1970 1766 ⁸⁸.

414 1799 649 1853 Ἐκεῖθεν
680 1800 801 1870 ἧχει
834 1797 1065 1871 φοϐερὸν
1091 1801 1125 1869 η
1156 1800 1532 1872 Σκυθοτρόφος
1560 1801 1795 1866 Σκύλλα,

403 1888 685 1943 Ἐντεῦθεν
709 1889 808 1957 τῆς
832 1887 1163 1958 Χαρύϐδεως
1192 1890 1437 1960 ἡνοίγετο
1464 1891 1525 1943 τὸ
1553 1893 1728 1960 στόμα
1746 1930 1762 1953 ,

400 1978 512 2033 Καὶ
546 1977 710 2049 μέσον
741 1978 1068 2048 ἐχειμάζετο
1094 1978 1193 2048 τῆς
1223 1979 1430 2042 πόλεως
1455 1980 1518 2032 τὸ
1549 1982 1777 2049 σκάφος,

400 2070 513 2122 Καὶ
543 2068 875 2139 πανταχόθεν
905 2069 1148 2134 κίνδυνος
1179 2068 1275 2125 καὶ
1307 2070 1646 2141 πανταχόθεν
1681 2071 1861 2135 σάλος.

410 2159 470 2212 ’0
499 2159 556 2213 δὲ
584 2160 793 2231 καιρὸς,
824 2158 897 2222 ὥς
931 2160 1106 2224 ἔοικε,
1140 2160 1457 2227 φιλονεικῶν
1485 2162 1514 2213 δ
1540 2159 1662 2214 τότε

403 2249 569 2302 Ἀλλο
596 2248 761 2319 μηδὲν
791 2251 1122 2319 παραλιπεῖν
1153 2250 1340 2318 μεῖξον
1365 2252 1537 2306 κακὸν
1564 2252 1899 2324 ἀνθρώποις,

398 2338 511 2392 Καὶ
546 2340 724 2393 πᾶσαν
750 2338 1101 2409 περιταύριον
1122 2339 1170 2373 ⁸⁸
1197 2341 1420 2413 ήγειρεν
1446 2340 1743 2412 ἐθναρχίαν
1770 2358 1783 2372 °

399 2429 625 2498 ’Δκρίδα
663 2429 1029 2501 μυριόπτερον
1059 2430 1204 2484 εῖποι
1233 2447 1318 2493 τις
1351 2429 1418 2484 ἂν
1446 2432 1741 2503 εὐστόχως.
1798 2423 1806 2431 ’

403 2519 516 2572 Καὶ
549 2524 657 2591 γάρ
686 2537 769 2573 τοι
799 2521 1218 2591 συμπηξάμενοι
1248 2522 1626 2594 θαλαττοπόρα
1653 2526 1834 2593 σκάφη

399 2611 803 2686 ταυροσκυθῶν
831 2613 877 2664 οἱ
903 2612 1165 2685 φύλαρχοι
1196 2613 1305 2669 τῶν
1334 2616 1757 2689 ἀγριοκαρδίων,

474 2865 580 2923 Sed
635 2868 751 2924 haec
788 2869 951 2923 annis
999 2871 1359 2940 sequentibus
1416 2872 1763 2929 acciderunt.
1829 2875 1966 2931 Cum

400 2967 582 3013 autem
612 2957 894 3015 Heraclius
926 2959 1106 3016 adhuc
1133 2961 1187 3015 in
1215 2962 1401 3017 Persia
1434 2974 1895 3032 commoraretur,
1914 2983 1970 3022 et

402 3048 688 3105 Persarum
717 3050 994 3107 exercitus
1023 3052 1217 3107 urbem
1258 3053 1611 3125 Byzantinam
1638 3054 1721 3112 sic
1748 3057 1970 3114 obside-

404 3149 490 3195 ret
516 3147 576 3193 ut
602 3139 655 3195 ei
677 3140 1005 3198 devorandae
1032 3158 1256 3213 prorsus
1288 3145 1551 3213 inhiaret,
1581 3148 1686 3205 alia
1719 3152 1968 3221 quaedam

399 3228 585 3299 gravis
638 3238 933 3301 tempestas
990 3234 1170 3290 excita
1214 3244 1320 3304 est,
1365 3252 1489 3307 quae
1511 3247 1567 3293 et
1616 3240 1733 3310 ipsa
1774 3256 1969 3297 navem

402 3319 551 3376 illam
580 3336 639 3376 se
658 3321 1037 3380 demersuram
1074 3326 1447 3384 minitaretur.
1500 3329 1607 3399 77
1660 3330 1877 3386 Etenim
1902 3331 1971 3386 ad

402 3412 677 3471 exercitus
705 3414 955 3471 Persicos
998 3414 1162 3471 etiam
1215 3418 1389 3487 copiae
1444 3418 1774 3489 Scytharum
1811 3436 1971 3477 acce-

399 3501 596 3559 dentes
623 3505 915 3574 arenisque
948 3519 1109 3574 pares
1150 3507 1683 3562 iinmanissimorum
1730 3510 1970 3566 Avarum

402 3586 728 3665 phalanges,
775 3596 1105 3651 torrentium
1137 3596 1193 3651 in
1229 3612 1445 3653 morem
1477 3599 1773 3669 eruptione
1808 3600 1972 3656 simul

400 3682 571 3749 facta,
603 3698 798 3738 versus
826 3684 1044 3751 urbem,
1094 3701 1194 3742 ceu
1221 3702 1409 3743 cavam
1433 3688 1725 3758 quamdam
1752 3691 1969 3759 vallem,

399 3773 616 3845 ingenti
674 3789 801 3831 cum
852 3776 1085 3847 strepitu
1145 3777 1487 3834 ferebantur.
1558 3782 1736 3837 Persa:
1795 3792 1970 3840 castra

399 3866 755 3923 metabantur
783 3884 850 3924 ex
872 3867 1108 3926 adverso
1138 3871 1313 3937 urbis,
1338 3871 1410 3928 ad
1439 3872 1703 3929 Damalim
1722 3891 1786 3931 ac
1808 3875 1974 3932 Chal-

400 3956 672 4013 cedonem
724 3975 897 4032 usque
954 3960 1170 4018 diffusis
1218 3977 1409 4018 eorum
1466 3964 1817 4034 agminibus,
1851 3983 1974 4038 qua:

405 4048 629 4119 quidem
671 4066 867 4106 sonum
917 4052 1256 4109 horrendum
1308 4054 1550 4112 edebant
1591 4073 1608 4111 :
1668 4057 1876 4113 Avarus
1917 4070 1975 4114 et

407 4139 623 4213 Scytha:
662 4142 765 4197 sub
807 4143 939 4212 ipsis
991 4146 1267 4202 mmnibus
1324 4146 1626 4203 bmrebant.
1666 4148 1825 4203 Nulla
1860 4165 1969 4204 non

406 4230 582 4287 tristis
638 4242 694 4287 et
743 4232 1020 4290 horrenda
1059 4250 1184 4293 sese
1228 4235 1396 4293 facies
1432 4238 1607 4293 oculis
1637 4240 1968 4294 ostentabat.

405 4321 492 4376 Ab
523 4338 630 4378 una
655 4336 807 4394 parte
840 4326 1157 4385 terribiliter
1184 4327 1438 4400 Scythica
1471 4328 1646 4401 Scylla
1664 4330 1969 4401 strepebat,

1513 335 1952 396 COMPENDIU
1962 337 2016 396 Μ
2055 334 2530 397 CHRUNICUM.

2003 455 2043 509 Α
2072 448 2183 501 Καὶ
2214 446 2415 518 πλῆθος
2446 444 2846 518 άπειράριθμον
2862 445 2977 507 τοῖς
3008 443 3275 514 σκάφεσιν
3303 444 3569 508 ἐνθέντες,

1993 3105 2040 3169 C

3537 339 3645 401 362

2076 539 2350 610 Ἐπῄεσαν
2381 537 2747 602 καλύπτοντες
2772 537 2843 590 τὰ
2870 538 3013 590 νῶτα
3042 538 3142 608 τῆς
3178 537 3453 606 θαλάσσης

2078 631 2201 688 Τοῖς
2218 631 2273 683 λε
2282 629 2525 699 μϐαδίοις
2539 633 2649 691 τοῖς
2667 633 2888 693 πυκνοῖς
2904 630 2971 694 ³⁸,
2990 631 3100 691 τοῖς
3115 629 3336 694 αὑτοξύλ
3348 646 3425 692 οις
3444 629 3643 691 πλόοις.

2078 722 2257 784 Οὕτως
2287 721 2614 788 αἱμάστιγες
2648 720 2840 772 πολλαὶ⁷
2870 720 3198 791 μυριαχόθεν
3224 716 3367 791 ἦσαν

2078 811 2187 862 Καὶ
2220 810 2484 864 πάντοθεν
2524 810 2591 862 τὰ
2620 809 2925 878 πράγματα
2956 809 3117 863 στενὰ
3148 812 3215 880 τῇ
3250 808 3499 879 βασιλίδι.

2077 895 2182 953 Ἶνιν
2203 903 2230 953 ό
2246 901 2345 969 μὲν
2361 900 2406 932 ⁸⁷
2439 899 2657 971 Πέρσης
2674 899 2750 962 ὡς
2763 900 2958 969 πικρὸς
2982 901 3247 970 σκορπίος
3258 889 3646 971 κεντροφόρος,

2085 988 2176 1053 Ὦς
2203 991 2250 1043 δ’
2273 990 2453 1060 ἔχιδνα
2481 990 2840 1061 φαρμάκτρια
2857 990 2903 1021 ⁸⁸
2928 989 3150 1043 Σκυθῶν
3183 990 3541 1061 θυμοτολμία,

2075 1079 2264 1151 Ἀκρὶς
2291 1083 2321 1134 ὁ
2354 1080 2746 1150 Ταυροσκύθης
2771 1080 2825 1133 δὲ
2859 1079 3200 1152 πεζόπτερος
3225 1084 3562 1151 πτηνόπους.

2076 1172 2265 1235 Τόσοις
2299 1174 2489 1235 κακοῖς
2519 1171 2746 1225 ὲπάλαιε
2776 1172 2837 1224 τὸ
2865 1171 3175 1237 Βυζαντίων
3197 1174 3358 1237 ἄστυ,

2078 1259 2346 1314 Πάντοθεν
2373 1261 2419 1313 δ’
2449 1258 2515 1331 ἦν
2544 1263 2803 1331 ἀμήχανα
2839 1263 2907 1315 τὰ
2933 1263 3032 1333 τῆς
3063 1263 3401 1336 ἐπικουρίας.

2077 1351 2217 1405 Ἀλλ’
2243 1352 2615 1422 ύπερήσπιζεν
2638 1352 2804 1407 αὑτοῦ
2838 1354 3172 1426 μεγασθενὴς
3214 1356 3483 1427 βραχίων,

2075 1442 2218 1497 Ἀλλ’
2241 1439 2309 1515 ἦν
2348 1442 2673 1515 ύπέρμαχος
2697 1443 2863 1497 αύτοῦ
2887 1445 3115 1516 παλάμη
3146 1449 3520 1521 κραταιόχειρ.

2076 1535 2188 1589 Καὶ
2214 1534 2397 1590 τοίνυν
2426 1533 2766 1605 ἐξεφύσησεν
2791 1536 2991 1605 ἄνεμος
3016 1536 3369 1607 ἀγριόπνους,

2074 1627 2185 1680 Καὶ
2211 1625 2489 1692 κλύδωνας
2516 1628 2774 1697 ἐξήγειρε
2802 1629 2898 1681 κοιλ⁸
2935 1629 3199 1699 στρόφους
3220 1630 3646 1701 πολυστρόφους,

2076 1717 2185 1769 Καὶ
2218 1718 2401 1771 πᾶσαν
2445 1717 2863 1772 κατεπόντωσεν
2886 1719 2932 1751 ⁸⁹
2966 1719 3200 1773 ἄπλετον
3234 1720 3583 1792 στολαρχίαν.

2004 1786 2047 1840 Β
2079 1808 2313 1862 Ἔδυσαν
2340 1807 2418 1871 ὡς
2449 1810 2481 1879 ἡ
2512 1809 2764 1878 μόλιϐδος
2798 1811 2878 1872 είς
2904 1810 3087 1880 ἅλμην
3116 1786 3412 1866 θαλαττίαν

2075 1899 2137 1951 Ol
2169 1896 2385 1965 κούφως
2410 1896 2763 1961 ἐπιπλέοντες
2789 1897 3219 1968 ὑγροκελεύθους
3253 1898 3475 1966 πόρους,

2087 1990 2173 2052 Ὠς
2206 1989 2337 2060 πρὶν
2370 1989 2860 2059 σοϐαροπρόσωποι
2891 1989 2986 2041 τοῦ
3028 1988 3231 2058 Φαραὼ
3264 1991 3549 2058 τριστάται

2074 2079 2354 2133 Ἐντεῦθεν
2382 2078 2718 2150 ἐξεχύθησαν
2737 2080 2783 2111 ὀ
2812 2080 2861 2131 οῖ
2887 2079 3019 2147 πρὶν
3048 2076 3417 2148 πεφοϐημένοι

2083 2169 2344 2240 Ῥωμαῖοι
2380 2170 2613 2232 καὶτοῖς
2654 2169 2893 2240 τείχεσιν
2922 2168 3124 2230 αὖτοὺς
3171 2169 3642 2235 συγκεκλεικότες.

2084 2261 2170 2325 Ὦς
2203 2261 2504 2324 σελευκίδες
2532 2260 2795 2331 ὤφθησαν
2825 2263 2945 2323 ταῖς
2975 2261 3284 2330 πτερωταῖς
3309 2259 3353 2292 ⁹⁴
3400 2258 3641 2329 ἀκρίσιν,

2083 2352 2169 2416 Ὠς
2202 2352 2337 2415 ίϐεις
2372 2354 2429 2406 δὲ
2463 2354 2792 2424 πτερόεσσαι
2818 2353 2866 2385 ⁸⁸
2894 2354 3001 2414 τοῖς
3032 2351 3219 2419 ὄφεσιν
3248 2349 3518 2420 ὑπῆρξαν.

2074 2444 2184 2496 Kal.
2213 2443 2371 2513 μέλος
2406 2445 2673 2497 ἐπινίκιον
2696 2442 2974 2513 ἠλάλαξαν
3006 2441 3301 2511 ὑμνοῦντες

2073 2535 2183 2587 Καὶ
2211 2535 2310 2598 τὰς
2343 2533 2488 2604 ᾠδὰς
2515 2536 2581 2604 τῇ
2615 2534 2910 2606 στρατηγῷ
2937 2529 3157 2595 θύοντες
3187 2532 3570 2600 καταλλήλους.

2073 2623 2260 2688 Οὕτως
2282 2624 2341 2676 ού
2366 2624 2530 2692 γίγας
2562 2622 2796 2686 σώζεται
2825 2622 2904 2693 τῷ
2934 2622 3127 2694 πλήθει
3158 2623 3258 2691 τῆς
3288 2622 3499 2695 ίσχύος,

3319 2767 3473 2821 Vers.
3503 2766 3642 2821 375.8

2071 2880 2246 2950 pactis
2296 2879 2513 2950 scaphis
2542 2887 2600 2934 et
2653 2876 3045 2932 innumerabili
3074 2875 3428 2930 multitudine
3461 2875 3515 2929 in
3547 2891 3641 2930 eas

2072 2971 2345 3041 imposita,
2383 2969 2642 3026 lintribus
2672 2984 2737 3023 ex
2768 2983 2877 3023 uno
2928 2968 3077 3038 ligno
3112 2965 3270 3022 factis
3318 2967 3638 3022 universum

2073 3078 2224 3118 mare
2252 3062 2630 3132 cooperibant.
2681 3059 2795 3115 Iloc
2825 3059 2987 3114 modo
3011 3060 3181 3129 plaga;
3212 3060 3375 3114 varia:
3403 3060 3472 3113 de
3508 3059 3639 3129 plu-

2074 3154 2229 3210 rimis
2263 3154 2399 3209 locis
2428 3151 2792 3218 exsistebant,
2820 3159 2877 3205 et
2902 3148 2977 3204 ab
3003 3149 3150 3203 omni
3191 3159 3345 3219 parte
3376 3165 3464 3205 res
3485 3151 3640 3204 urbis

2072 3243 2438 3313 imperatricis
2465 3243 2521 3296 in
2545 3249 2840 3311 angustum
2864 3238 3223 3307 cogebantur.
3264 3238 3428 3292 Persa
3459 3238 3640 3292 consi-

2073 3335 2220 3390 milis
2242 3344 2364 3390 erat
2386 3332 2653 3405 pungenti
2676 3330 2920 3399 scorpio,
2949 3328 3275 3399 Scytharum
3312 3327 3465 3381 ferox
3488 3329 3640 3382 natio

2072 3427 2359 3481 virulenta:
2390 3426 2617 3494 viperae,
2678 3422 3177 3491 Tauroscyttiarum
3226 3430 3360 3489 gens
3386 3417 3639 3480 locustae,

2072 3528 2198 3587 qua
2230 3523 2289 3569 et
2313 3512 2479 3584 pedes
2505 3510 2710 3567 incedit
2732 3519 2789 3565 et
2816 3509 2985 3565 volat.
3010 3508 3115 3563 Tot
3134 3516 3190 3565 et
3219 3506 3417 3563 talibus
3439 3519 3639 3561 aerum-

2074 3607 2162 3661 nis
2209 3604 2348 3660 urbs
2402 3601 2728 3668 laborabat,
2779 3608 2837 3654 et
2888 3598 3093 3671 ἰιιζιιίε
3172 3596 3431 3654 omnibus
3482 3598 3641 3651 malis

2072 3697 2261 3755 auxilii
2295 3695 2429 3752 nihil
2454 3693 2771 3765 apparebat.
2810 3691 2916 3747 Sed
2947 3690 3093 3747 enim
3114 3688 3495 3761 propugnabat
3518 3704 3639 3744 eam

2074 3802 2269 3843 manus
2298 3785 2695 3858 potentissima,
2747 3784 3145 3853 robustumque
3177 3780 3462 3836 brachium
3492 3779 3640 3834 illam

2073 3876 2422 3933 defendebat.
2472 3874 2662 3944 Itaque
2699 3882 2895 3929 ventus
2927 3871 3119 3943 ingens
3153 3879 3462 3927 commotus
3501 3878 3641 3924 tem-

2074 3976 2316 4040 pestates
2347 3974 2406 4022 et
2451 3978 2719 4035 aquarum
2763 3965 3001 4019 vertices
3030 3961 3326 4026 excitavit,
3363 3968 3641 4029 totamque

2074 4060 2304 4115 classem
2362 4056 2513 4112 illam
2568 4057 2891 4111 immensam
2952 4051 3234 4107 adobruit.
3292 4049 3493 4103 Videre
3526 4057 3638 4102 tum

2074 4159 2192 4205 erat
2228 4149 2400 4202 instar
2438 4147 2644 4216 plumbi
2678 4147 2780 4200 sub
2810 4158 2985 4213 aquas
3011 4141 3251 4196 marinas
3279 4138 3519 4209 demergi
3546 4153 3642 4193 eos

2076 4241 2170 4310 qui
2201 4247 2359 4293 antea
2389 4236 2496 4291 levi
2529 4245 2680 4291 motu
2714 4234 2938 4289 semitas
2981 4232 3102 4287 illas
3125 4230 3380 4284 humillas
3412 4229 3642 4301 navigiis

2077 4328 2466 4401 peragrabant,
2494 4341 2602 4381 non
2629 4325 2788 4379 aliter
2807 4331 2969 4392 atque
2996 4321 3128 4378 olim
3157 4322 3379 4392 superbi
3404 4321 3643 4377 Pharao-

404 4414 478 4467 ab
522 4414 692 4471 altera
731 4415 1037 4488 Charybdis
1068 4435 1131 4474 os
1174 4419 1423 4490 patulum
1473 4420 1967 4491 conspiciebatur:
2006 4442 2049 4498 ι)
2077 4421 2167 4478 nis
2205 4417 2535 4476 satellitibus
2581 4414 2799 4471 accidit.
2853 4413 2994 4469 Hine
3027 4414 3139 4484 jam
3189 4413 3441 4483 Romani,
3487 4416 3641 4485 prius

406 4503 465 4558 in
520 4504 714 4560 harum
762 4509 943 4563 medio
1001 4510 1204 4580 scapha
1234 4510 1389 4567 urbis
1422 4525 1616 4582 magna
1651 4520 1974 4581 tempestate

401 4597 741 4667 iactabatur,
771 4600 861 4655 cui
885 4601 1036 4657 nulla
1068 4615 1182 4657 non
1207 4618 1277 4658 ex
1303 4612 1459 4673 parte
1502 4602 1809 4672 periculum
1840 4618 1974 4675 pro-

402 4687 565 4743 cellis
598 4688 941 4746 imminebat.
995 4690 1133 4748 Cum
1183 4691 1422 4763 denique
1455 4700 1673 4764 tempus
1709 4696 1867 4762 illud,
1894 4696 1974 4752 uti

406 4780 633 4848 quidem
665 4782 906 4849 videtur,
935 4783 989 4838 in
1021 4784 1123 4840 hoc
1153 4793 1265 4840 tota
1298 4784 1499 4840 virium
1527 4787 1877 4842 contentione
1898 4787 1977 4843 in-

399 4871 691 4929 cumberet
723 4913 739 4940 ,
794 4890 865 4929 ne
916 4874 1067 4945 quod
1123 4875 1272 4931 aliud
1309 4876 1511 4931 malum
1546 4876 1691 4946 apud
1722 4876 1973 4934 homines

401 4960 715 5017 calamitate
772 4962 919 5017 illius
968 4963 1146 5019 aetatis
1197 4965 1374 5035 majus
1421 4972 1699 5028 exstaret,
1749 4973 1975 5022 cunctas

405 5054 576 5107 ctiam
634 5053 817 5108 Tauro
872 5054 1080 5110 vicinas
1144 5055 1395 5110 nationes
1443 5056 1779 5120 concitavit,
1842 5071 1978 5125 quas

401 5143 742 5199 locustarum
774 5144 1029 5200 inﬁnitati
1053 5161 1162 5200 non
1187 5145 1287 5200 abs
1314 5161 1374 5202 re
1401 5146 1526 5216 quis
1553 5147 1977 5216 comparaverit.

401 5234 623 5291 Etenim
650 5236 1148 5307 Tauroscytharum
1172 5236 1490 5292 immanium
1516 5238 1810 5308 principes,
1834 5252 1981 5293 com-

2085 4525 2297 4568 terrore
2323 4509 2496 4566 nimio
2541 4505 2804 4580 perculsi,
2850 4513 3005 4562 extra
3040 4505 3232 4560 urbem
3262 4515 3437 4559 semet
3463 4504 3642 4560 effun-

2080 4605 2305 4668 debaut,
2330 4610 2389 4658 et
2408 4602 2552 4657 intra
2579 4613 2768 4655 muros
2786 4596 3054 4669 quosdam
3085 4595 3360 4653 conclusis
3390 4595 3641 4650 hostibus

2082 4696 2159 4752 ita
2186 4693 2497 4750 tractabant
2525 4700 2684 4748 natos
2728 4690 2786 4745 in
2814 4687 3047 4761 rupibus
3079 4686 3369 4750 barbaros,
3396 4694 3459 4739 ιιι
3482 4684 3605 4739 locu
3625 4716 3639 4727 ο

2084 4796 2197 4843 stas
2227 4783 2542 4842 Seleucides
2569 4783 2772 4845 solent,
2811 4789 2871 4835 ut
2893 4781 3014 4838 ibes
3039 4779 3144 4833 illae
3190 4776 3441 4831 volatiles
3485 4790 3645 4846 agere

2080 4895 2206 4936 cum
2258 4876 2605 4947 serpentibus
2648 4886 3003 4929 consuevere.
3079 4868 3251 4926 Simul
3313 4866 3647 4937 triumphale

2074 4984 2295 5026 carmen
2324 4982 2449 5023 cum
2480 4965 2700 5038 hymnis
2726 4962 3113 5027 concinebant,
3160 4968 3217 5015 et
3247 4958 3645 5015 convenientes

2074 5060 2209 5116 edas
2236 5057 2375 5113 diva:
2406 5055 2638 5111 ductrici
2664 5054 2814 5107 velut
2839 5051 3212 5107 immolabant.
3249 5049 3326 5103 Ita
3359 5049 3509 5118 gigas
3535 5047 3637 5100 im.

2077 5166 2270 5206 menso
2299 5149 2497 5204 robore
2540 5146 2772 5201 salutem
2796 5157 2949 5199 suam
2979 5155 3089 5196 non
3119 5149 3324 5205 tuetur,
3354 5154 3456 5192 nec
3489 5138 3641 5207 prin-

2080 5258 2211 5313 ceps
2259 5239 2497 5313 potentis
2528 5235 2716 5309 populi
2769 5235 2979 5290 viribus
3014 5248 3071 5289 se
3118 5230 3384 5287 defendit.
3436 5229 3568 5283 Nam
3607 5228 3651 5283 si

1755 5374 1959 5436 Variae
1998 5373 2328 5437 lectiones.

481 5522 537 5593 '1
558 5523 838 5593 χαίροντος
874 5522 966 5576 Β)
1015 5523 1063 5557 ⁷⁸
1090 5522 1325 5593 ταχὺςΑ.
1404 5524 1448 5556 ⁷⁸
1485 5522 1897 5593 βαρύστονοςῐῖ.
1975 5522 2022 5593 ‘f'
2054 5522 2389 5593 βιαιοκύμων
2409 5521 2476 5573 Α.
2512 5588 2524 5593 _
2549 5519 2592 5551 ³⁸
2628 5515 2985 5593 χειμῶνος-Β.
3060 5518 3184 5593 "3.;
3206 5514 3651 5593 σμι-γάγκεισν

403 5592 458 5625 ’³
497 5592 878 5662 Χαλκηδονίων
922 5593 989 5647 Α.
1037 5661 1060 5662 ἡ
1090 5592 1136 5623 ’δ
1166 5592 1539 5662 πραγμάτων
1580 5592 1657 5647 Κ.

1730 5585 2135 5664 ξ’δὲκτζιταύρίονΔ
2173 5593 2242 5655 Β,
2274 5585 2799 5664 ’περιταύρειᾶν-ᾏΑ.
2874 5585 3254 5664 ⁸⁶Ακαρα6ίοις
3300 5585 3363 5639 Β.
3430 5586 3650 5664 πυκνοῖς

407 5663 509 5714 καὶ
544 5654 689 5715 αὐτ.⁷
743 5660 786 5691 ⁸¹
827 5660 925 5731 μὲν
947 5664 975 5714 ὁ
1034 5661 1101 5714 Β.
1177 5654 1224 5691 ⁸⁵
1254 5654 1677 5731 φὸῴμακεύτρια
1718 5661 1785 5717 Β.
1860 5662 1904 5694 ⁸³
1934 5654 2319 5715 κατεπόντισεν
2349 5654 2416 5712 R.
2489 5654 2888 5730 ’θ’ὲξεχέθησαν
2913 5661 2975 5712 Α.
3024 5654 3095 5690 ’⁸⁸
3121 5658 3234 5717 τοῖς
3266 5656 3565 5724 πτερωτοῖς
3592 5654 3654 5702 Α.

410 5734 461 5764 ⁸⁸
498 5731 823 5800 arepennem
848 5729 911 5782 R-

745 5822 1015 5884 PATBOL.
1064 5823 1182 5885 Gn.
1222 5821 1514 5885 CXXVII.

3218 5825 3291 5880 12
