4106 6206
1549 304 2056 368 COMPENDIUM
2096 308 2574 369 CHRONICUM.

443 416 541 477 Είς
565 414 842 485 προσγενῆ
879 412 971 467 καὶ
1001 414 1061 467 τὸ
1088 414 1132 447 ’⁸ο
1163 416 1330 487 μηδὲν
1357 417 1521 471 αὑτὸν
1557 421 1877 491 ἠδικηκότα,

444 505 557 559 Καὶ
591 505 672 575 τῷ
700 504 952 576 ζητοῦντι
974 506 1173 579 μελετᾷ
1198 508 1291 562 τὸν
1316 510 1552 581 δυστυχῆ
1596 514 1879 582 προέσθαι.

444 598 631 669 Χρυσὲ
670 598 929 669 προδότα,
960 599 1257 670 πάντολμε,
1292 601 1584 673 δύστροπε,
1610 606 1954 677 κακεργάτα,

446 690 556 743 Καὶ
587 689 759 759 φίλων
782 691 1147 762 ἀπεμπολητὰ
1175 694 1268 746 καὶ
1300 693 1491 761 γένους
1521 696 1805 768 ἀναιρέτα,

446 781 510 833 Τί
534 780 730 848 τοῦτο;
760 781 885 845 Πῶς
923 782 1289 853 παλιμπετεῖς
1317 786 1413 838 καὶ
1437 786 1807 857 παλιμϐόλους
1837 788 2023 858 τίθης;

447 872 572 936 Πῶς
602 872 661 927 δὲ
696 873 834 943 πρὸς
867 873 1305 943 ἀλλοπρόσαλλον
1323 875 1551 947 γνώμην
1582 879 1987 948 μεταϐιϐάζεις

447 965 586 1028 Τοὺς
607 965 923 1030 ἀποικίλους
934 967 1062 1031 τοὺς
1081 966 1283 1033 ἁπλοῦς
1303 968 1409 1023 ὑπὸ
1423 968 1464 1001 δ’
1484 971 1621 1024 Θεοῦ
1653 971 1991 1036 πλασθέντας
2009 988 2025 1039 ;

450 1056 612 1111 ’Ᾱλλὰ
641 1056 702 1110 τδ
729 1057 945 1129 μέλλον,
975 1057 1052 1120 ὥς
1081 1076 1239 1127 φασι,
1269 1062 1362 1114 καὶ
1392 1062 1453 1115 τὸ
1480 1064 1864 1135 κεκυρωμένον

449 1149 525 1200 Οὐ
547 1150 725 1219 τεῖχος
754 1149 929 1219 σχίσει
962 1149 1236 1220 σιδηροῦν,
1261 1153 1323 1204 οὐ
1351 1152 1446 1206 τοῦ
1478 1153 1704 1225 πυρὸςὴ
1736 1154 1950 1223 γνάθος⁴

461 1236 521 1291 Ὀ
548 1238 660 1309 γὰρ
690 1237 1066 1304 Ἰουστινιανὸς
1090 1241 1217 1304 τοῦς
1240 1241 1427 1303 δόλους
1446 1242 1544 1296 τοῦ
1569 1245 1809 1313 χαγάνου

449 1332 561 1385 Καὶ
594 1329 694 1392 τὰς
733 1332 929 1401 βουλὰς
953 1333 1253 1402 ἀναμαθὼν
1283 1335 1495 1389 ἐκεῖθεν
1521 1336 1870 1407 δραπετεύει,

451 1422 564 1475 Καὶ
592 1424 1158 1495 προσεταιρισάμενος
1188 1426 1379 1496 ἁδραῖς
1406 1428 1767 1496 ἐπαγγελίαις

451 1514 556 1565 Τὸν
602 1512 864 1584 Τέρὸεὶιν
925 1517 1018 1569 τὸν
1072 1516 1311 1589 ἄρχοντα
1375 1516 1470 1571 τοῦ
1528 1518 1640 1573 τῶν
1696 1518 2027 1587 Βουλγάρων

1749 1609 1956 1682 [ἔθνους

452 1695 879 1765 Καταλαμϐάνει
903 1697 1004 1750 σὺν
1039 1700 1195 1770 αὐτῴ
1222 1703 1320 1773 τὴν
1348 1703 1648 1768 Βυζαντίδσ
1674 1703 1723 1735 ⁸⁸
1753 1701 1938 1773 χθόνα,

452 1785 776 1856 Βουλγάρων
805 1788 1143 1859 ἐπαγόμενος
1172 1794 1402 1863 μυρίους
1432 1795 1726 1863 λεγεῶνας.

464 1877 695 1946 Ὀλίγοις
719 1878 777 1932 δὲ
801 1879 908 1933 τῶν
938 1882 1075 1952 ἀμφ’
1111 1886 1277 1938 αὐτὸν
1317 1888 1366 1919 ⁸³
1405 1888 1467 1939 τὸ
1499 1887 1770 1957 δούλευμα
1809 1886 2031 1940 πιστεύ-

1765 1974 1885 2047 [σας
1914 1976 1961 2008 ⁵⁵

452 2061 561 2113 Kal
593 2060 690 2113 σὺν
720 2064 904 2125 αὐτοῖς
936 2064 1270 2136 ὑποδραμὼν
1299 2068 1540 2135 σωλῆνας
1581 2068 1909 2139 ὑδρορῤὀους

450 2153 564 2223 Τὴν
592 2155 672 2217 εἰς
700 2155 799 2225 τὴν
828 2156 979 2210 πόλιν
1012 2158 1245 2229 πάροδον
1277 2160 1545 2231 ἐντέχνως
1576 2160 1928 2227 ὐποκλὲπτει,

454 2244 565 2297 Καὶ
598 2244 852 2315 δεύτερον
887 2248 1187 2318 ἁρχηγετεῖ
1216 2250 1311 2304 καὶ
1339 2251 1608 2315 ζώννυται
1636 2251 1699 2306 τὸ
1731 2254 1953 2322 κράτος.

451 2333 564 2397 Τὰς
596 2333 641 2385 δ’
668 2335 761 2387 ἐπὶ
783 2337 995 2401 τούτοις
1017 2339 1306 2409 συμφορὰς
1328 2341 1413 2403 τίς
1444 2344 1793 2413 παραστήσει
1838 2343 2027 2411 λόγος;

453 2425 543 2494 Τῷ
567 2424 664 2491 μὲν
696 2425 1022 2499 Βουλγάρων
1057 2428 1276 2499 ἄρχοντι
1325 2428 1523 2501 πληροῖ
1566 2433 1666 2496 τὰς
1707 2433 2031 2504 ὑποσχέσεις

454 2516 564 2567 Καὶ
595 2514 827 2586 δωρεαῖς
850 2516 1138 2586 ἀμείϐεται
1171 2519 1352 2588 πολλῷ
1384 2519 1824 2591 δαψιλεστέραις.

456 2605 595 2675 [lupi
622 2605 680 2658 δὲ
712 2606 896 2659 δίδωσι
927 2609 1153 2677 συχνοὺς
1181 2609 1290 2664 τῶν
1322 2611 1722 2682 περιλάμπρων
1747 2614 1929 2677 οἴκους
1962 2613 2029 2679 ⁸⁵,

455 2698 566 2749 Kal
589 2697 878 2770 διαρπάζει
910 2703 1189 2771 χρήματα,
1231 2705 1326 2756 καὶ
1362 2703 1523 2777 δίκην
1552 2704 1921 2777 βοσκημάτων

466 2789 576 2842 Γῶν
607 2792 950 2864 μεγιστάνων
980 2794 1231 2862 πλείονας
1259 2795 1506 2852 οἴκτιστα
1536 2799 1818 2854 καταθύει.

428 2890 431 2891 ⁷
458 2887 567 2939 Kal
590 2887 655 2957 δη
696 2888 790 2940 καὶ
826 2889 918 2942 τὸν
950 2891 1200 2943 Λεόντιον
1224 2892 1424 2945 κτείνει
1456 2891 1554 2945 σὺν
1580 2892 1874 2963 Ἀψιμάρίι

457 2973 561 3032 Οἷα
589 2978 792 3052 λῃστὰς
825 2980 917 3034 καὶ
944 2980 1202 3046 συλευιὰς
1232 2983 1275 3014 ⁸⁷
1309 2981 1473 3038 αὐτοῦ
1507 2982 1607 3054 τῆς
1633 2984 2027 3056 σκηπτουχίας.

460 3232 723 3301 [traditus
774 3233 977 3299 indole,
1024 3235 1318 3290 consilium
1363 3238 1511 3308 capit
1560 3240 1921 3293 inhumanum
1975 3255 2037 3293 ac

462 3323 762 3379 belluinum
798 3336 987 3381 contra
1026 3341 1186 3381 suum
1234 3328 1472 3392 amnem,
1500 3346 1531 3383 a
1561 3346 1673 3397 quo
1698 3330 1861 3384 laesus
1897 3347 2039 3383 nun-

461 3430 624 3483 quam
654 3414 851 3476 fuerat,
881 3416 1153 3472 meditans
1188 3417 1304 3486 ipsc
1330 3434 1519 3473 secum
1547 3434 1661 3488 quo
1686 3429 1848 3487 pacto
1873 3419 2041 3472 mise-

463 3522 584 3559 rum
606 3505 894 3575 Apsimaro
928 3507 1198 3575 qumrenti
1229 3509 1509 3575 proderet.
1536 3508 1583 3563 Ο
1609 3524 1829 3573 aurum,
1858 3511 2043 3579 prodi-

464 3605 571 3657 tor,
607 3603 835 3665 tyranne
865 3608 1147 3662 perverse,
1173 3594 1420 3649 maleﬁce
1442 3596 1746 3651 amicorum
1766 3598 2041 3663 venditor,

462 3687 673 3758 proprii
705 3687 923 3755 generis
964 3685 1305 3752 interfector,
1352 3689 1483 3758 quid
1525 3689 1631 3744 hoc
1662 3700 1748 3745 est
1784 3691 1901 3746 rei?
1944 3708 2044 3747 cur

464 3793 650 3833 tecum
670 3778 785 3848 ipse
800 3788 1007 3834 mutato
1028 3779 1260 3834 consilio
1288 3782 1534 3851 pugnas?
1555 3798 1655 3837 cur
1671 3783 2044 3840 inconstantes
2086 3781 2100 3794 ’

464 3868 641 3924 fucis?
682 3884 784 3924 cur
822 3870 877 3922 in
936 3869 1098 3922 aliam
1136 3868 1330 3924 faciem
1375 3880 1555 3926 mutas
1593 3888 1785 3927 eorum
1835 3884 2045 3930 mentes

467 3960 563 4030 qui
593 3960 872 4029 simplices
914 3969 972 4015 et
1020 3961 1301 4016 varietatis
1346 3970 1600 4032 expertes
1634 3978 1664 4018 a
1711 3963 1825 4019 Deo
1874 3965 2044 4020 creati

468 4053 622 4106 sunt?
650 4051 758 4106 Sed
793 4051 941 4105 enim
964 4051 1018 4105 id
1031 4051 1178 4121 quod
1195 4050 1442 4107 futurum
1460 4062 1566 4119 est,
1582 4056 1752 4110 semel
1780 4055 2047 4113 divinitus

470 4143 783 4207 decretum,
814 4157 916 4198 nec
951 4157 1164 4208 murus,
1197 4152 1258 4198 ut
1293 4143 1469 4207 aiunt,
1510 4143 1745 4212 ferreus,
1773 4161 1872 4200 nec
1904 4146 2049 4216 ignis

3593 316 3700 381 370

2049 426 2093 482 Α
2124 419 2280 475 Οῦτω
2317 423 2477 476 κακοὶ
2506 424 2617 485 τοῖς
2642 422 2945 493 ὁρθαλμοῖς
2973 421 3288 478 ὑπόκεινται
3320 426 3419 496 τῆς
3452 427 3607 497 δίκης
3634 448 3646 462 ι

2134 510 2250 563 Κᾶν
2278 512 2587 581 παραυτίκα
2618 509 2830 582 φύγωσι
2862 516 2932 569 τὰ
2964 514 3063 584 τῆς
3096 516 3474 585 ποινηλασίας,
3524 517 3535 528 ’

2144 601 2281 655 Ἀλλ’
2314 603 2539 674 ὕστερον
2560 604 2821 673 ὑπέχουσι
2864 606 3121 676 μείζονας
3158 612 3256 670 τὰς
3286 610 3560 673 κολάσεις.

2128 694 2206 748 Οὐ
2240 696 2424 764 μόνοις
2452 696 2507 749 δὲ
2540 698 2650 759 τοῖς
2680 698 2940 768 ἀρχηγοῖς
2972 700 3185 764 τούτοις
3206 702 3306 771 τῆς
3338 704 3653 773 τυραννίδος

2140 786 2421 838 Ἐπέσεισε
2450 787 2542 839 τὸν
2576 786 2795 857 σίδηρον
2820 789 3116 862 ἐκδικητὴν
3136 785 3211 845 ὧν
3243 793 3392 866 ἔτλη,

2104 876 2106 879 ’
2141 876 2302 929 Ἀλλά
2328 893 2389 944 γε
2421 880 2516 931 καὶ
2544 879 2867 933 Καλλίνικον
2899 883 3117 945 αἰκίσας
3146 886 3240 937 καὶ
3273 887 3567 955 χλευάσας,

2128 968 2233 1021 Τὸν
2265 969 2726 1040 ἀρχιερατεύοντα
2752 972 2957 1042 ταύτης
2989 975 3087 1045 τῆς
3122 976 3414 1046 βασιλίδος,

2130 1061 2240 1113 Καὶ
2272 1062 2574 1133 παιδαρίων
2597 1062 2821 1134 θέμενος
2847 1062 3004 1137 ὒὸριν
3041 1069 3425 1138 μωρονηπίων,

2128 1150 2295 1213 Τέλος
2320 1152 2629 1205 άπέσδεσεν
2656 1153 2821 1205 αὐτοῦ
2850 1155 2946 1207 τοῦ
2974 1156 3228 1225 σώματος
3262 1161 3391 1221 τοὺς
3429 1159 3663 1229 λύχνους
3688 1177 3702 1192 ο

2127 1237 2237 1295 Ἦν
2267 1241 2374 1313 γάρ
2415 1260 2499 1295 τοι
2545 1244 2639 1296 καὶ
2674 1244 2952 1308 συναίτιος
2985 1246 3031 1278 ⁸⁸
3084 1248 3175 1301 καὶ
3204 1248 3405 1320 ρέκτης
3441 1251 3534 1303 καὶ
3579 1269 3708 1304 συν-

3441 1341 3637 1414 [ίστλωρ

2130 1424 2250 1479 Τῶν
2285 1428 2365 1489 είς
2390 1426 2768 1482 Ἰουστινιανόν
2795 1446 2925 1482 ποτε
2961 1433 3404 1503 τετολμημένων.

2128 1517 2203 1569 Οὐ
2236 1518 2343 1588 μὴν
2370 1519 2504 1573 ἀλλὰ
2528 1521 2622 1574 καὶ
2648 1522 2790 1575 κατὰ
2822 1520 2948 1576 νοῦν
2973 1524 3303 1595 βαλλόμενος
3342 1528 3371 1579 δ
3407 1526 3632 1596 κράτωρ

2131 1609 2301 1669 Ὅσας
2329 1612 2600 1681 ἐκέρασαν
2627 1614 2778 1685 αὐτῷ
2808 1616 3037 1681 κύλικας
3070 1619 3436 1688 πικροπότους

2131 1698 2192 1749 Ol
2221 1698 2330 1751 τῶν
2360 1699 2526 1769 ὁρίων
2554 1702 2797 1757 κάτοικοι
2824 1705 2922 1776 τῆς
2950 1707 3218 1777 Ποντικῆς
3256 1706 3565 1779 Χερσῶνος,

2060 1762 2103 1823 Β
2133 1787 2262 1839 Ὅτε
2295 1762 2450 1856 διῆγε
2481 1790 2612 1859 παρ’
2640 1793 2821 1856 αὐτοῖς
2851 1762 3145 1858 έπελαθεὶς
3176 1762 3276 1848 τοῦ
3303 1762 3563 1869 κράτους,

2134 1877 2269 1930 Ποτὲ
2295 1879 2393 1947 μὲν
2418 1879 2900 1948 ἀποσκώπτοντες,
2941 1884 3069 1937 ποτὲ
3094 1885 3151 1937 δὲ
3180 1886 3593 1956 δυσφημοῦντες

2133 1970 2241 2022 Καὶ
2268 1969 2479 2039 βέλεσιν
2507 1972 2826 2043 ὀνειδισμῶν
2861 1975 3174 2039 κεντοῦντες
3206 1978 3634 2046 κακογλὼσσων,

2136 2061 2269 2114 [lore
2293 2060 2782 2133 βυσσοδομεύοντες
2815 2063 3011 2134 βουλάς
3039 2069 3483 2138 κακομηχάνους.

2144 2150 2288 2219 Ὤςῆ
2317 2152 2429 2213 τοῖς
2463 2151 2792 2222 σπλάγχνοις
2825 2156 2939 2216 τοῖς
2974 2154 3142 2208 αὑτοῦ
3183 2156 3413 2227 βάψαιεν
3454 2160 3549 2223 τὰς
3607 2179 3711 2229 μαο

3421 2248 3640 2319 [χαίροις

2134 2334 2207 2389 Ἦ
2239 2334 2332 2387 καὶ
2363 2334 2648 2403 δεσμώτην
2669 2333 2853 2388 ἄθλιον
2889 2335 3169 2405 πέμψειαν
3202 2337 3513 2408 ’Δψιμάρῳ,
3539 2350 3605 2378 -‘-

2133 2423 2297 2476 Ταῦτ’
2326 2419 2419 2478 οὖν
2441 2424 2819 2489 Ἰουστινιανὸς
2844 2428 2958 2489 τοῖς
2983 2427 3264 2497 λογισμοῖς
3284 2430 3603 2499 ἐγγράφων,

2133 2515 2246 2567 Καὶ
2284 2516 2405 2569 καθ’
2452 2517 2615 2570 αὒτδν
2660 2516 2955 2570 ἁνατυπῶν
2990 2519 3036 2551 ⁸ο
3083 2521 3177 2571 καὶ
3223 2521 3530 2590 ζωγραφῶν
3586 2522 3709 2586 τοὺς,

3323 2612 3546 2684 [τύπους
3570 2613 3638 2675 ⁸ο,

2136 2702 2245 2755 Καὶ
2279 2702 2696 2773 πικραινόμενος
2726 2703 2913 2764 αὐτοῖς
2937 2699 3024 2755 οἷα
3063 2703 3534 2775 βαρϐαροτρόποις

2140 2794 2352 2862 Πέμπει
2388 2793 2619 2864 στρατδν
2646 2793 2991 2857 ναυσίπλοον,
3030 2793 3270 2847 κελεύων
3301 2795 3674 2864 ἀποσφάττειν

2141 2881 2320 2936 Ἀπαν
2350 2882 2410 2934 τὸ
2440 2882 2592 2949 γένος
2617 2882 2820 2953 ἡϐηδὸν
2848 2881 2958 2936 τῶν
2992 2885 3511 2956 προλελυπηκότων,
3660 2874 3671 2886 ’

2136 2974 2248 3026 Καὶ
2278 2973 2551 3043 φείδεσθαι
2585 2973 2659 3045 μὴ
2690 2974 2989 3042 γυναικῶν,
3026 2976 3101 3047 μὴ
3134 2976 3244 3030 τῶν
3275 2977 3625 3042 ὑποτιτθίων,

3395 3105 3551 3162 Vcrs.
3574 3107 3718 3164 4002

2140 3229 2413 3299 pecudum
2476 3229 2743 3298 potiorem
2792 3237 3105 3299 magnatum
3143 3238 3352 3299 partem
3406 3231 3716 3287 miserrime

2142 3319 2402 3379 trucidat,
2452 3314 2758 3372 interfectis
2812 3318 2978 3373 etiam
3036 3319 3270 3373 Leontio
3321 3329 3377 3372 et
3426 3320 3716 3387 Apsimaro

2146 3419 2402 3476 tauquam
2437 3408 2745 3463 latronibus
2770 3418 2829 3462 et
2858 3408 3073 3477 imperii
3109 3408 3440 3476 raptoribus.
3464 3410 3556 3464 Sic
3590 3412 3716 3464 mali

2143 3502 2320 3556 oculis
2344 3500 2567 3570 iustitiae
2595 3511 2724 3556 sunt
2751 3500 3007 3570 expositi.
3036 3510 3091 3556 et
3121 3501 3373 3571 quamvis
3400 3503 3717 3572 aliquandiu

2144 3609 2335 3664 poenas
2366 3592 2650 3663 eﬂ‘ugiant,
2700 3596 3132 3649 tandemtamen
3196 3595 3465 3665 supplicia
3513 3596 3721 3667 majora

2145 3689 2325 3743 luunt.
2375 3686 2566 3755 Neque
2617 3693 2827 3739 tantum
2879 3684 3228 3740 Justinianus
3278 3686 3378 3742 hos
3418 3687 3723 3759 tyrannidis

2146 3789 2503 3849 usurpatores
2540 3777 2823 3848 principes
2868 3778 3049 3848 gladio
3092 3781 3365 3849 percussit
3407 3781 3586 3836 ultore
3619 3782 3723 3835 mi-

2146 3871 2414 3928 seriarum
2443 3885 2907 3937 suarum;verum
2928 3872 3093 3926 etiam
3111 3870 3376 3928 Callinico
3404 3873 3726 3941 patriarchae

2146 3963 2496 4020 contumeliis
2525 3971 2581 4017 et
2605 3961 2867 4018 ludibriis
2905 3962 3103 4019 affecto
3138 3979 3201 4017 ac
3234 3979 3537 4033 puerorum
3588 3966 3727 4035 inju-

2147 4053 2244 4108 riae
2281 4052 2530 4122 exposito
2563 4053 2787 4107 demum
2827 4052 3017 4107 oculos
3050 4052 3218 4115 eruit,
3249 4052 3396 4120 quod
3428 4053 3645 4122 adjutor
3670 4065 3727 4109 et

2149 4142 2404 4197 conscius
2429 4158 2622 4197 eorum
2655 4142 2852 4196 fuisset
2889 4156 3010 4210 quae
3044 4142 3326 4211 designata
3374 4142 3427 4196 in
3467 4143 3730 4199 Iustinia-

471 4236 741 4305 impedire
762 4235 1500 4306 poterit..lustinianusenim
1517 4237 1748 4308 cliagani
1765 4238 2050 4293 fraudibus
2149 4249 2281 4290 num
2311 4242 2489 4289 erant.
2518 4235 2792 4288 Praeterea
2844 4248 3110 4288 revocans
3149 4234 3219 4287 ad
3256 4234 3500 4291 animum
3550 4236 3723 4307 impe-

470 4337 527 4382 et
554 4327 801 4381 consiliis
844 4327 1148 4397 perspectis
1176 4326 1303 4395 fuga
1349 4328 1513 4382 saluti
1558 4328 1821 4390 consulit,
1847 4328 2046 4400 adjun-
2151 4334 2303 4380 rator
2357 4338 2521 4394 quam
2578 4323 2777 4378 acerbe
2835 4330 3101 4378 tractatus
3157 4324 3356 4380 luisset
3416 4343 3445 4381 a
3489 4327 3731 4384 Ponticae

473 4428 673 4487 ctoque
695 4417 799 4471 sibi
825 4416 1111 4489 promissis
1132 4417 1487 4487 amplissimis
1519 4417 1745 4473 Terberi
1778 4418 2045 4488 Bulgaro-
2074 4435 2127 4493 ι)
2151 4416 2457 4474 Chersonis
2485 4415 2700 4477 incolis,
2732 4430 2859 4469 cum
2901 4414 3132 4484 imperio
3160 4416 3408 4487 deiectus
3431 4420 3574 4489 apud
3608 4422 3731 4475 illos

475 4522 596 4559 rum
629 4505 878 4577 principe
900 4520 1025 4561 cum
1057 4506 1151 4559 illo
1185 4506 1506 4576 ByZantium
1540 4506 1736 4573 tendit,
1770 4506 1954 4562 ductis
1981 4522 2059 4562 eo
2150 4511 2359 4564 viveret
2391 4513 2537 4578 (nam
2588 4505 2753 4561 modo
2793 4505 3041 4561 dieteriis
3088 4507 3141 4561 in
3193 4524 3321 4563 eum
3377 4510 3686 4565 illudebant
3716 4553 3728 4574 ,

474 4600 831 4670 Bulgarorum
858 4598 1140 4654 immensis
1162 4597 1493 4669 legionibus.
1518 4598 1724 4655 Deinde
1761 4600 2055 4669 perpaucis

476 4702 702 4741 suorum
751 4686 985 4741 consilio
1017 4701 1120 4741 suo
1148 4686 1382 4751 credito,
1428 4702 1553 4742 cum
1600 4686 1793 4742 iisdem
1836 4688 2061 4742 canales

476 4778 896 4849 aqumductuum
943 4778 1223 4849 ingressus
1270 4780 1457 4836 furtim
1485 4790 1541 4836 et
1575 4780 1807 4836 solerter
1843 4780 2054 4834 aditum

477 4872 535 4925 in
573 4869 766 4925 urbem
797 4870 904 4926 sibi
944 4882 1133 4941 parat;
1168 4886 1277 4942 quo
1316 4871 1461 4928 facto
1498 4873 1699 4929 iterum
1741 4873 1912 4941 cmpit
1949 4872 2056 4927 im-

477 4977 695 5033 perare.
721 4961 1059 5018 Cousecutas
1098 4978 1231 5018 vero
1270 4963 1533 5034 deinceps
1560 4963 1900 5020 calamitates
1930 4979 2053 5033 quae

479 5056 656 5125 possit
706 5057 883 5111 oratio
934 5058 1071 5112 satis
1128 5058 1483 5128 exprimere?
1536 5059 1669 5122 Quae
1694 5058 2059 5130 Bulgarorum

480 5147 722 5218 principi
756 5150 1025 5217 promissa
1055 5149 1295 5217 fuerant,
1327 5160 1549 5222 praestat
1577 5168 1591 5203 :
1625 5150 1979 5221 amplissimis
2008 5151 2066 5205 ci-

482 5241 1013 5296 ntuneribus'vicem
1061 5241 1252 5296 refert.
1285 5243 1492 5297 Deinde
1518 5243 1831 5313 complures
1869 5242 2064 5297 domos

483 5333 730 5391 iliustres
770 5336 881 5406 igni
929 5346 1282 5402 concremat,
1319 5337 1606 5392 facultates
1637 5336 1849 5406 diripit,
1892 5336 2064 5391 instar

2154 4600 2316 4656 modo
2344 4600 2486 4653 mala
2529 4596 2995 4667 imprecabantur,
3029 4597 3193 4652 modo
3231 4600 3582 4654 contumeliis
3627 4602 3734 4654 im-

2156 4692 2452 4763 probarum
2488 4689 2799 4759 linguarum
2835 4687 3172 4757 pungebant,
3192 4688 3303 4758 82
3323 4687 3486 4742 modo
3506 4689 3733 4744 consilia

2156 4782 2385 4838 subdola
2415 4794 2613 4849 magno
2645 4779 2867 4833 silentio
2898 4776 3222 4843 tractabant,
3253 4777 3475 4847 quando
3514 4777 3732 4833 tandem

2158 4874 2366 4946 gladios
2392 4873 2447 4926 in
2482 4871 2655 4941 ipsius
2697 4870 3007 4925 visceribus
3043 4868 3265 4924 tincturi
3306 4877 3493 4923 essent
3530 4868 3615 4922 vel
3647 4868 3734 4922 in~

2160 4966 2376 5020 felicem
2422 4963 2884 5033 comprehensum
2932 4962 3222 5032 Apsimaro
3269 4959 3513 5023 missuri,
3548 4975 3733 5015 secum

2159 5058 2538 5128 dispicientcs)
2568 5057 2682 5111 haec
2700 5056 2866 5125 igitur
2887 5053 3316 5125 cogitationibus
3339 5053 3455 5108 suis
3470 5052 3736 5108 Justinia-

2160 5167 2278 5219 nus_
2309 5149 2640 5211 inscribens,
2684 5156 2741 5201 et
2793 5162 2892 5216 per
2951 5161 3012 5200 ea
3066 5152 3324 5214 tanquam
3369 5143 3737 5198 Barbaror‘um

2162 5240 2413 5296 moribus
2436 5244 2805 5293 consentanea
2850 5236 3207 5321 vebementer
3234 5224 3613 5297 exacerbatus,
3644 5248 3738 5288 co-

2160 5333 2280 5402 pias
2333 5330 2556 5386 navales
2614 5330 2831 5399 ablegat
2882 5327 3239 5383 interfectum
3292 5324 3565 5398 quidquid
3615 5324 3740 5379 istic

1840 5499 2045 5560 Varias
2082 5497 2419 5560 lectiones.

557 5624 603 5656 ⁸⁸
626 5626 714 5677 τὸν
739 5628 804 5679 Α.
886 5627 929 5695 f‘
957 5628 1065 5680 ἀπὸ
1098 5627 1211 5680 RR.
1295 5626 1340 5657 δ’
1370 5627 1552 5680 κλύσει
1587 5627 1651 5680 R.
1720 5626 1766 5658 ⁸³
1790 5625 2109 5690 Βυζαντίδος
2140 5625 2208 5683 Β.
2241 5623 2507 5695 βασιλίδος
2525 5624 2588 5678 R.
2656 5622 2711 5695 ξ*
2741 5621 2839 5695 ῦφξ
2860 5619 3010 5695 αὑτῷ
3036 5619 3101 5671 li.
3250 5618 3515 5691 βούλημα.
3594 5615 3641 5647 ⁸⁵
3670 5616 3737 5668 οῦ

486 5712 600 5749 κων
620 5694 784 5753 ABR.
859 5693 908 5730 "
941 5696 1205 5769 συληστὰς
1230 5696 1393 5750 Αιιιι.
1481 5699 1521 5730 ⁵⁸
1542 5715 1590 5749 τι
1620 5699 1710 5752 καὶ
1739 5688 2009 5760 συνέστιος
2034 5697 2097 5749 Α.
2170 5695 2214 5727 ’⁵³
2241 5688 2578 5750 ’ἀνασκοπῶν
2606 5691 2720 5747 AR.
2787 5692 2833 5725 ⁵⁰
2863 5690 3094 5754 τρόπους
3128 5688 3241 5742 illi.
