4138 6216
366 347 476 412 3'17

375 455 747 513 Ἀποστασίαν
779 455 981 527 μελετᾷ
1015 443 1156 510 κατὰ
1187 447 1497 516 Θεοδοσίου,

361 550 775 620 Συμπράκτορα
805 538 1171 617 συντυρευτὴν
1201 545 1311 599 τῶν
1344 543 1837 613 δολοπλοκημάτων

372 640 729 712 Ἐφτυρηκὼς
765 639 1152 710 Ἀρτάϐασδον,
1183 638 1353 708 ἄνδρα
1375 637 1485 690 τῶν
1513 635 1834 706 περιδόξων,

360 727 436 803 τῼ
473 732 564 785 καὶ
596 729 804 799 συνῆψε
828 729 929 797 τὴν
957 729 1121 783 αὑτοῦ
1160 729 1298 798 πρὸς
1328 727 1506 796 γάμον
1536 724 1836 793 θυγατέρα,

363 824 536 876 Ὅταν
562 820 951 890 είσώρουσεν⁹⁹
981 819 1010 871 ὁ
1035 817 1139 890 θὴρ
1157 820 1236 882 εἰς
1264 819 1331 872 τά
1353 815 1638 886 Ῥωμαίων
1664 815 1941 884 σκῆπτρα,

363 912 582 985 Ταύτην
611 912 789 975 διδοὺς
821 908 1158 981 άνταμοιϐὴν
1188 909 1265 980 τῷ
1290 906 1537 978 συνεργῷ
1569 906 1663 960 τοῦ
1685 906 1940 976 κράτους.

373 1008 432 1058 '0
455 1004 500 1058 δ’
526 1004 660 1070 άναξ
682 1003 963 1066 Θεοδόσιος
987 1001 1082 1055 τοῦ
1114 1000 1341 1065 Λέοντος
1369 1001 1429 1053 τὺ
1459 998 1660 1070 θράσος

362 1096 478 1150 Καὶ
507 1095 606 1167 τὴν
639 1095 1054 1164 θηριογνὼμονα
1086 1093 1314 1163 καρδίαν
1343 1090 1661 1156 ὑποπτήξας

362 1187 696 1259 Παραχωρεῖ
715 1185 792 1257 τῷ
817 1185 1075 1256 δυσμενεῖ
1095 1184 1188 1238 τοῦ
1217 1184 1406 1252 θρόνου
1433 1182 1530 1237 καὶ
1564 1180 1655 1235 τοῦ
1689 1181 1948 1251 στέφους,

375 1277 551 1332 Ἐκὼν
583 1279 762 1332 ἀέκων
796 1278 1071 1340 ὑπεκστὰς
1097 1276 1230 1349 ἄτερ
1257 1276 1440 1330 ὃπλων
1467 1274 1562 1328 καὶ
1595 1275 1796 1345 μάχης,

360 1373 468 1427 Καὶ
501 1371 759 1442 μέλαιναν
785 1368 1123 1440 άμπίσχεται
1151 1365 1347 1437 στολὴν
1374 1365 1496 1418 ἀντὶ
1524 1363 1838 1435 πορφὲρας,

361 1465 516 1520 Μόνα
545 1464 611 1516 τά
644 1461 796 1534 χείλη
829 1461 1005 1532 μέλιτι
1038 1460 1116 1531 τῷ
1144 1461 1244 1529 τῆς
1279 1457 1453 1528 ἀρχῆς
1479 1455 1692 1521 διάνας,

361 1554 544 1626 Αὐτὴν
576 1555 671 1623 τὴν
706 1552 962 1623 ὑπερῴαν
994 1552 1050 1606 δὲ
1084 1552 1158 1621 μὴ
1189 1549 1438 1620 δυνηθεὶς
1468 1548 1758 1616 γλυκᾶναι,

369 1649 554 1701 Ἐτεσι
589 1645 770 1716 μόνοις
799 1646 858 1703 ἐν
894 1644 1015 1698 δυσὶ
1043 1643 1384 1712 γευσάμενος
1417 1639 1511 1696 τοῦ
1536 1641 1774 1713 κράτους
1794 1638 1836 1694 ⁸.

447 1739 534 1801 Ὠς
558 1733 652 1791 οὖν
669 1739 690 1770 ³
719 1737 810 1790 ἐπὶ
836 1736 929 1790 τὸν
971 1735 1175 1790 Λέοντα
1215 1733 1307 1788 τὸν
1335 1733 1598 1787 κάκιστον
1631 1731 1835 1802 μετέϐη

1479 337 1986 402 COMPENDIUM
2025 337 2502 400 CIIRONICUM.

1979 453 2023 510 Α
2051 451 2163 504 Kal
2197 451 2352 516 γόνος
2386 450 2720 521 ὲχιδνότοκος
2763 449 3013 521 ἐξέθορεν
3047 450 3276 504 ἐκεῖθεν.

3520 345 3619 404 3Ίὸ

2128 541 2284 592 Ἐστι
2309 541 2356 594 δ’
2383 543 2482 594 οὐκ
2513 542 2931 613 ἄκαιρονείπεῖν
2955 543 3036 606 τίς
3062 544 3153 594 καὶ
3175 543 3336 594 πόθεν
3356 546 3446 596 καὶ
3474 547 3624 611 ποίας

2064 629 2160 683 Ἐκ
2189 629 2344 700 ρἔης
2367 631 2772 702 ἀνεϐλάστησεν
2803 635 2830 684 ὁ
2861 633 3190 702 βδελυγμίας
3219 635 3390 689 Λέων.

2080 723 2158 774 Εκ
2197 724 2294 792 μὲν
2328 724 2587 793 Ἰσαύρων
2611 725 2711 794 τὴν
2739 728 2928 796 σειρὰν
2951 727 2971 757 ⁸
2996 721 3146 779 εἷλκε
3173 727 3273 794 τῆς
3313 730 3626 799 γεναρχίας,

2051 812 2465 880 Χειροϐιώτωνδ
2494 814 2588 867 καὶ
2613 814 2839 885 λυπρῶν
2865 815 3046 886 τυχὼν
3075 817 3185 870 τῶν
3213 821 3554 890 γεννητόρων

2053 906 2163 959 Καὶ
2212 906 2549 962 παλαιόντων
2585 908 2679 962 τοῦ
2715 907 2874 979 λιμοῦ
2921 912 3044 974 ταῖς
3085 911 3409 982 φθαρτικαῖς
3449 912 3626 983 πυρά-

3319 1007 3551 1075 rem“

2053 1088 2162 1152 Τὰς
2190 1087 2399 1152 ἀτελεῖς
2421 1090 2477 1145 δὲ
2504 1091 2790 1162 παρελθὼν
2820 1094 2915 1147 καὶ
2939 1095 3162 1166 πρώτας
3189 1097 3404 1166 ἡλικίας

2052 1181 2257 1252 Μετῄει
2289 1183 2705 1254 παλιγκάπηλον
2736 1187 3040 1257 ἐμπορικὸν
3071 1205 3130 1240 τε
3172 1189 3307 1260 βίον.

2066 1273 2154 1338 Ὠς
2178 1270 2270 1330 οὖν
2299 1293 2430 1330 ποτε
2460 1279 2743 1348 παρώδευε
2766 1283 2880 1343 τοῖς
2904 1282 3415 1352 ἐμπεπορευμένοις

2067 1366 2479 1437 Ῥαμνοφαγοῦν
2499 1369 2714 1440 ὀνάριον
2743 1371 3090 1441 κατάφορτον
3121 1374 3389 1438 ἐλαύνων,

2054 1458 2213 1522 Ζειᾶς
2243 1459 2512 1530 μηδέποτε
2537 1461 2774 1532 πλησθὲν
2805 1463 2942 1534 μηδὲ
2969 1465 3391 1535 κριθοφαγῆσαν
3411 1467 3454 1531 ⁷,

2053 1549 2212 1604 Οῦτω
2242 1551 2456 1621 συμϐάν
2484 1553 2812 1625 συνέκυρσεν
2838 1556 3104 1626 ἐμπόροις
3147 1557 3446 1622 Ἰουδαίοις,

2053 1640 2161 1694 Καὶ
2192 1641 2527 1712 κοινωνήσας
2555 1644 2653 1714 τῆς
2686 1643 2804 1698 ὁδοῦ
2840 1647 2951 1710 τοῖς
2979 1647 3248 1712 σκολιοῖςδ
3284 1651 3518 1711 ἐκείνοις

2052 1732 2163 1786 Καὶ
2191 1735 2750 1805 συναναπαυσάμενος
2776 1736 3024 1792 ὕπνωσεν
3051 1741 3114 1792 ἐκ
3145 1741 3410 1809 καμάτου.

365 1815 446 1881 Τὰ
471 1800 582 1882 τῶν
611 1827 900 1897 Ῥωμαίων
923 1823 1250 1896 πράγματα,
1282 1824 1444 1896 βαϐαὶ
1463 1825 1598 1878 Θεοῦ
1625 1800 1940 1894 κριμάτωνί
1973 1800 2020 1860 Β
2052 1824 2117 1878 Ol
2147 1824 2329 1878 τοίνυν
2363 1800 2678 1896 ὀφιότροποι
2708 1826 2984 1899 θεομισεῖς
3027 1800 3271 1901 Ἑϐραῖοι

377 1921 657 1976 Ἐντεῦθεν
684 1908 1020 1988 ἐπεκῦμαινε
1047 1918 1188 1973 κατὰ
1213 1919 1310 1988 τῆς
1355 1917 1682 1987 Ἐκκλησίας

364 2008 594 2063 Κλύδων
621 2009 791 2080 βαρὺς
821 2010 886 2062 ἐκ
911 2008 1178 2071 λαίλαπος
1221 2006 1402 2076 δεινῆς
1433 2005 1788 2076 ἁγριοπνόου,

364 2099 479 2154 Καὶ
514 2099 679 2152 πάλιν
707 2100 868 2167 νέφος
899 2098 1162 2169 τετρυγδς
1185 2096 1553 2168 ὀλεθροφόρου
1593 2095 1736 2165 βίας,

279 2249 283 2253 ,
362 2195 477 2247 Καὶ
518 2193 683 2247 πάλιν
707 2193 868 2261 νέφος
895 2193 1126 2262 ζοςερδν
1165 2191 1508 2262 ἐγκυμονοῦν
1538 2189 1615 2253 ὡς
1658 2185 1878 2257 πνεῦμα

359 2283 560 2344 Φόνους
573 2281 669 2337 ἀνθ
677 2281 878 2352 ρώπων
893 2284 988 2336 καὶ
999 2280 1206 2353 φθοράς
1221 2281 1263 2346 ³,
1281 2280 1400 2334 ἀντὶ
1419 2279 1526 2332 τῶν
1547 2279 1575 2332 δ
1581 2277 1770 2348 μόρων
1787 2272 1951 2346 αἷμα.

377 2373 437 2427 '0
469 2374 578 2444 γάρ
605 2390 687 2426 τοι
709 2374 1147 2446 τρισκατάρατος
1176 2367 1332 2435 οὗτος
1355 2370 1596 2434 αὐτάναξ
1621 2370 1774 2424 Λέων

365 2461 546 2515 Ὤδινε
577 2461 696 2530 μὲν,
732 2463 806 2526 ὡς
830 2463 1028 2528 ἔοικεν,
1053 2461 1318 2525 ἐκτύπους
1346 2462 1594 2524 ἐπινοίας

360 2552 525 2607 Κατὰ
546 2551 788 2622 Χριστοῦ
831 2553 926 2606 καὶ
969 2552 1078 2607 τῶν
1105 2551 1272 2606 αὐτοῦ
1303 2551 1502 2623 τιμίων
1531 2550 1943 2620 μορφωμάτων,

361 2644 462 2708 Εἰς
495 2642 610 2711 φῶς
643 2644 688 2696 δ’
729 2644 834 2697 οὐκ
865 2643 1004 2714 ἔχων
1039 2645 1289 2711 ἐνεγκεῖν
1317 2643 1410 2696 τδν
1439 2643 1538 2712 τῆς
1562 2642 1761 2706 κακίας
1787 2642 1948 2696 τόκον

365 2733 465 2804 (Τὸ
493 2734 604 2804 γὰρ
635 2735 1090 2806 ἀπαρρησίαστον
1117 2734 1430 2804 ἠνάγκαζεν
1453 2734 1720 2803 ἐπέχειν),

375 2828 470 2890 Ὠς
495 2826 721 2898 ὕστερον
749 2827 1014 2898 ἐδράξατο
1037 2826 1231 2897 καιροῦ
1264 2826 1360 2880 καὶ
1391 2825 1729 2894 παρρησίας,

378 2918 670 2990 Ἐξέρρηξε
697 2918 787 2972 τὸν
809 2918 1031 2972 τοκετόν
1053 2933 1065 2946 ·
1108 2918 1142 2988 ἡ
1173 2917 1282 2988 γὰρ
1309 2915 1472 2986 νηδὺς
1497 2916 1732 2986 έρῤἀγηο

371 3171 698 3242 patriciatus
747 3171 1069 3242 dignitatem
1099 3169 1330 3240 adeptus
1359 3180 1415 3224 et
1462 3169 1705 3224 Orientis
1736 3167 1947 3226 exerci-

371 3274 532 3319 tuum
562 3263 881 3333 imperator,
917 3261 1182 3316 adversus
1214 3259 1583 3314 Theodosium
1613 3259 1944 3316 seditionem

366 3353 556 3408 moliri
607 3353 797 3423 cmpit,
833 3360 1057 3421 reperto
1108 3352 1162 3410 in
1216 3350 1505 3404 fraudibus
1533 3351 1824 3404 nectendis
1850 3348 1948 3403 ad-

366 3447 583 3518 jutore,
614 3445 736 3500 viro
758 3445 995 3511 quodam
1027 3443 1227 3499 illustri
1261 3443 1480 3496 nomine
1510 3441 1833 3503 Artabasdo,
1857 3440 1945 3494 cui

363 3537 634 3607 deinceps
673 3536 839 3590 filiam
864 3549 1043 3603 operae
1083 3543 1293 3586 navatae
1347 3531 1631 3599 praemium
1668 3529 1950 3584 matrimo-

361 3628 463 3684 nio
487 3629 692 3700 juuxit,
738 3626 833 3680 ubi
878 3624 1088 3680 scilicet
1117 3623 1171 3678 in
1224 3623 1596 3677 Romanorum
1655 3622 1945 3692 imperium

363 3721 558 3776 bellua
604 3719 716 3788 jam
753 3715 1069 3771 invasisset.
1104 3713 1450 3770 Theodosius
1481 3722 1663 3768 autem
1709 3714 1946 3782 impera-

363 3823 458 3867 tor
492 3810 694 3864 Leonis
747 3806 1032 3862 audaciam
1076 3806 1460 3873 feritatemque
1493 3803 1722 3868 veritus,
1756 3803 1946 3859 volens

362 3901 587 3962 nolens,
622 3898 762 3954 citra
794 3913 1032 3968 pugnam
1071 3905 1128 3952 et
1172 3910 1322 3949 arma
1367 3893 1598 3964 imperio
1619 3891 1786 3955 cedit,
1819 3906 1945 3961 pro-

366 4004 481 4058 que
523 4002 768 4058 purpura
834 3984 1193 4057 imperatoria
1232 3985 1439 4056 nigram
1495 3989 1701 4036 vestem
1743 3980 1940 4045 induit,

366 4093 499 4135 cum
522 4079 671 4134 labra
697 4088 908 4134 tantum
932 4077 1147 4147 imperii
1176 4077 1336 4131 melle
1368 4072 1772 4138 madefecissct,
1800 4073 1948 4142 pala-

368 4173 489 4226 tu'm
520 4185 651 4224 vero
682 4170 799 4239 ejus
840 4167 1133 4222 dulcedine
1187 4168 1441 4236 perluere
1496 4181 1605 4219 non
1650 4165 1942 4234 potuisset,

367 4260 523 4336 quod
554 4261 817 4315 nimirum
847 4259 1072 4314 biennio
1096 4258 1270 4313 solum
1298 4257 1661 4329 degustasset.

2050 1915 2188 1968 Καθ’
2219 1917 2448 1981 ἑαυτοὺς
2475 1917 2806 1987 σκεψάμενοι
2836 1921 2930 1973 καὶ
2963 1923 3380 1992 συννενοηκότες

2045 2007 2316 2076 ,Προεῖπον
2339 2008 2512 2080 τούτῳ
2535 2012 2635 2080 τὴν
2663 2012 2837 2083 ἀρχὴν
2865 2013 2960 2067 καὶ
2981 2013 3078 2084 τὴν
3100 2015 3420 2085 ἡγεμονίαν,

2050 2097 2165 2150 Εἶτ’
2195 2093 2287 2152 οὖν
2313 2100 2421 2154 ἀπὸ
2454 2100 2743 2173 μαθήσεως
2774 2104 2873 2156 εἴτ’
2897 2105 2961 2157 ἐκ
2985 2105 3344 2173 κακοτεχνίας

2055 2190 2124 2241 Ἢ
2145 2189 2463 2261 τεκμηρίων
2490 2191 2553 2246 ἐκ
2573 2209 2735 2247 τινων
2763 2194 2823 2247 τὸ
2849 2195 3080 2265 πρᾶγμα
3107 2211 3170 2246 συ
3182 2195 3500 2264 μὸαλόντες,

2051 2279 2159 2332 Kal
2181 2281 2280 2350 τῆς
2312 2283 2672 2353 προρρήσεως
2700 2283 2879 2338 αὐτῶν
2911 2283 3074 2354 ᾔτουν
3105 2284 3474 2354 ἀντιμισθίαν,

2060 2366 2283 2426 Ὀποίαν
2317 2372 2383 2425 ἂν
2410 2373 2691 2442 αίτήσαιεν
2726 2374 2943 2443 σχόντος
2965 2372 3063 2444 τὴν
3096 2376 3408 2445 κρατορίαν.

2051 2461 2290 2517 Ἤκουσε
2315 2465 2467 2519 ταῦθ’
2496 2466 2524 2517 ὁ
2552 2467 2875 2535 πάντολμος,
2899 2467 3221 2520 κατένευσεν
3249 2468 3448 2521 αὐτίκα

2054 2551 2170 2605 Ἐπ’
2196 2553 2443 2624 ἀπωλείᾳ
2464 2554 2564 2624 τῆς
2592 2555 2770 2626 ψυχῆς
2802 2557 2894 2609 καὶ
2927 2556 3026 2624 τῆς
3063 2556 3348 2626 Ῥωμαίων
3387 2559 3552 2624 τύχης
3575 2558 3620 2610 ⁸.

2049 2643 2171 2708 Τοῖς
2198 2641 2329 2712 γοῦν
2359 2646 2674 2716 χωράρχαις
2704 2647 3027 2717 γνωρισθεὶς
3053 2648 3146 2700 καὶ
3183 2650 3291 2710 τοῖς
3322 2647 3626 2717 κλιματαρ-

3347 2735 3550 2808 [χοῦσι,

2055 2824 2164 2877 Καὶ
2187 2824 2247 2878 τὸ
2274 2825 2738 2896 τολμηροκάρδιον
2775 2829 2918 2882 κατά
2948 2830 3143 2899 μικρὸν
3172 2831 3434 2901 ἐκφήνας,

2055 2915 2345 2987 Πατρίκιος
2369 2917 2691 2973 καθίσταται
2716 2919 2811 2973 καὶ
2835 2920 3006 2988 μέγας
3039 2923 3436 2993 ταγματάρχης

3311 3049 3462 3103 Vet's.
3483 3049 3617 3104 422!

2119 3167 2344 3224 Minime
2372 3183 2498 3224 vero
2527 3168 2697 3223 fuerit
2743 3168 2982 3224 alienum
3018 3169 3088 3224 ab
3119 3170 3372 3225 instituto
3412 3184 3622 3234 nostro.

2051 3260 2096 3315 si
2119 3259 2595 3330 explicaverimus,
2638 3259 2808 3324 unde,
2842 3260 2968 3329 quis
3015 3268 3071 3314 et
3101 3262 3250 3330 quali
3295 3262 3464 3332 stirpe
3494 3281 3622 3333 pro-

2051 3361 2271 3408 creatus
2292 3351 2681 3406 abominabilis
2717 3350 2807 3405 hic
2835 3350 2949 3405 Leo
2976 3349 3160 3404 fuerit'.
3196 3351 3443 3404 Habebat
3463 3369 3626 3421 gene-

2053 3439 2130 3492 ris
2158 3438 2426 3507 originem
2451 3454 2518 3492 ex
2549 3437 2774 3499 Isauria,
2809 3437 3131 3506 parentibus
3180 3438 3412 3493 fortuna:
3441 3443 3626 3496 tenuis

2051 3528 2164 3599 86
2189 3537 2246 3584 et
2276 3543 2538 3582 manuum
2563 3543 2786 3582 suarum
2820 3528 3006 3583 labore
3043 3529 3424 3585 victitantibus
3442 3541 3623 3586 natus.

2053 3621 2257 3676 Exacta
2287 3620 2462 3689 prima
2487 3627 2669 3682 aztate.
2700 3629 3027 3675 mercaturae
3068 3636 3292 3690 operam
3333 3621 3520 3681 dabat.
3569 3633 3628 3678 et

2053 3712 2232 3782 pretio
2262 3721 2512 3782 coempta
2535 3727 2752 3766 rursum
2787 3712 2922 3766 lucri
2948 3727 3112 3768 causa
3144 3713 3433 3768 vendebat.
3463 3715 3626 3771 Forte

2052 3800 2578 3871 acciditaliquando
2609 3813 2666 3857 ut
2712 3816 2836 3856 cum
2888 3802 3013 3856 aliis
3055 3803 3491 3874 negotiatoribus
3521 3807 3628 3862 iter

2053 3894 2258 3949 faciens
2289 3903 2345 3950 et
2383 3894 2600 3948 asinum
2634 3909 2745 3964 pra:
2772 3909 2829 3948 se
2862 3895 3138 3950 mercibus
3168 3907 3427 3951 onustum
3461 3913 3629 3968 agens

2054 3987 2106 4041 in
2130 3998 2465 4042 mercatores
2515 3986 2735 4042 Judaaos
2779 3988 3086 4054 incideret;
3139 3989 3469 4056 quibuscum
3522 3989 3628 4043 iter

2053 4093 2212 4134 suum
2244 4087 2569 4148 persecutus
2592 4089 2648 4134 et
2697 4079 3014 4150 fatigatione
3050 4079 3270 4133 tandem
3303 4079 3626 4147 consopitus

2052 4183 2173 4223 sese
2197 4169 2369 4235 quieti
2395 4169 2563 4223 dedit.
2604 4169 2837 4231 Hebraei,
2876 4184 2936 4222 re
2971 4168 3115 4222 inter
3141 4183 3198 4223 se
3224 4169 3628 4224 communicata

2052 4257 2413 4325 etdiligenter
2446 4256 2814 4318 considerata,
2845 4256 3135 4324 imperium
3169 4256 3335 4311 Leoni
3364 4257 3629 4311 vaticina-

446 4349 633 4407 Rebus
662 4349 922 4404 Romanis
958 4348 1126 4418 igitur
1153 4347 1217 4401 ad
1279 4348 1762 4402 sceleratissimum
1791 4346 1946 4400 Leo-
1979 4374 2025 4433 D
2056 4348 2277 4409 bantur,
2307 4347 2392 4400 vel
2424 4345 2656 4414 quadam
2690 4360 2756 4399 ex
2782 4345 3070 4412 discrplina
3101 4349 3187 4401 vel
3215 4356 3329 4401 arte
3380 4347 3628 4416 improha

377 4456 502 4499 nem
532 4441 752 4505 delatis,
777 4440 938 4511 (proh
970 4439 1152 4508 qualia
1182 4447 1313 4492 sunt
1336 4438 1430 4492 Dei
1467 4439 1732 4509 judicia!)
1765 4438 1947 4508 gravis

368 4543 671 4604 tempestas
700 4531 1001 4586 Ecclesiam
1026 4529 1261 4598 excepit,
1280 4529 1489 4600 magnis
1514 4545 1636 4582 cum
1659 4529 1946 4584 hominum

371 4620 617 4676 caedibus
647 4619 958 4688 conjuncta.
990 4617 1125 4671 Nam
1149 4613 1502 4671 exsecrabilis
1522 4616 1632 4670 Leo
1651 4615 1948 4687 imperator

369 4711 718 4784 parturiebat
770 4709 860 4765 ille
909 4709 1152 4778 quidem,
1214 4723 1314 4762 ceu
1356 4716 1784 4762 consentaneum
1839 4716 1944 4774 est,

370 4805 613 4861 absurda
647 4818 899 4873 novaque
929 4802 1158 4857 consilia
1181 4810 1373 4855 contra
1398 4799 1678 4854 Christum
1700 4810 1757 4854 et
1785 4815 1948 4854 vene-

369 4900 578 4954 rabiles
614 4899 735 4969 ejus
763 4897 1026 4966 imagines
1052 4914 1067 4961 ;
1097 4893 1194 4950 sed
1224 4894 1391 4948 fctum
1443 4895 1811 4964 improbitatis
1835 4910 1947 4951 suae

376 4989 435 5044 in
467 4989 646 5045 lucem
678 4987 930 5059 proferre
979 4986 1131 5041 nullo
1160 4985 1322 5039 modo
1356 4994 1593 5054 poterat.
1624 4985 1839 5056 Quippe
1879 4988 1946 5042 ti-

385 5080 569 5136 midus
623 5081 840 5136 animus
893 5093 1021 5135 eum
1073 5078 1142 5132 ab
1198 5077 1452 5133 instituto
1486 5092 1585 5131 suo
1646 5078 1955 5133 revocabat.

380 5170 629 5224 Tandem
668 5185 799 5225 vero
852 5178 1010 5241 capta
1044 5167 1465 5239 Opportunitate
1495 5178 1824 5238 sumptaque
1860 5185 1958 5223 au-

381 5262 541 5316 dacia
567 5261 735 5317 fetum
768 5261 945 5318 edidit
976 5280 991 5316 :
1023 5260 1179 5315 alvus
1206 5260 1355 5315 enim
1382 5269 1541 5331 rupta
1575 5269 1681 5324 est,
1730 5269 1784 5315 et
1806 5262 1949 5332 vipe-

383 5368 460 5408 rae
491 5353 711 5408 soboles
740 5355 794 5407 in
831 5353 1012 5408 lucem
1047 5351 1275 5422 prodiit.

2054 4443 2137 4497 vel
2163 4441 2330 4496 certis
2358 4439 2577 4494 indiciis
2601 4438 2655 4492 id
2695 4438 2840 4509 quod
2872 4440 3118 4494 futurum
3147 4449 3292 4495 esset
3313 4442 3629 4511 coniectau-

2053 4544 2156 4591 tes.
2193 4533 2367 4588 Simul
2399 4533 2467 4586 ab
2498 4547 2563 4587 eo
2603 4548 2703 4602 pro
2757 4532 2859 4587 hac
2896 4532 3255 4603 praedictione
3307 4548 3629 4587 remunera-

2056 4628 2260 4682 tionem
2300 4625 2620 4696 contingere
2677 4625 2783 4680 sibi
2831 4627 3111 4696 petebant,
3148 4625 3365 4695 qualem
3421 4625 3633 4679 scilicet

2053 4717 2384 4789 postulaturi
2417 4727 2598 4773 essent
2631 4718 2724 4773 ubi
2755 4719 2866 4790 jam
2907 4718 2975 4771 ad
3003 4718 3295 4788 imperium
3349 4717 3465 4786 ipse
3509 4731 3634 4785 per-

2054 4806 2317 4862 venisset.
2371 4803 2468 4861 His
2517 4805 2743 4870 auditis,
2789 4807 2875 4860 vir
2918 4805 3294 4861 ferocissimus
3343 4819 3456 4859 suae
3506 4818 3631 4858 cum

2061 4899 2258 4952 animae
2314 4897 2701 4968 felicitatisque
2752 4899 3127 4954 Romanorum
3173 4897 3507 4952 detrimento
3534 4912 3632 4950 an-

2060 4991 2204 5045 nuit.
2251 4989 2390 5045 Hinc
2420 4991 2704 5045 audaciam
2764 5005 2918 5045 suam
2945 4989 3204 5058 paulatim
3243 4988 3502 5057 probans,
3540 4989 3633 5042 ubi

2059 5085 2342 5153 regionum
2364 5084 2636 5153 praefectis
2663 5083 3018 5147 innotuisset,
3044 5083 3328 5152 patricius,
3349 5083 3632 5150 copiarum

2058 5175 2256 5229 ductor
2301 5185 2356 5230 et
2409 5178 2611 5245 (nonne
2643 5175 2735 5231 hic
2796 5189 3010 5230 mecum
3053 5173 3291 5245 gemitus
3351 5174 3637 5243 conjuugis

2061 5274 2204 5329 tuos,
2236 5266 2582 5337 ojustitia?)
2637 5266 2858 5319 demum
2916 5265 3219 5336 imperator
3248 5273 3493 5318 creatur.
3535 5264 3640 5318 lle-

2057 5357 2186 5411 braei
2227 5356 2864 5412 Lconisrenuntiatioue
2899 5356 3117 5426 cognita
3145 5370 3272 5411 mox
3303 5355 3370 5411 ad
3401 5356 3640 5426 impera-

1722 5492 1928 5553 Variae
1958 5493 2288 5555 lcetiones.

444 5622 492 5652 9°
521 5619 834 5689 είσὲιρρισεν
852 5618 919 5674 li.
940 5617 1032 5689 ὲσῤ

1042 5617 1284 5688 ρησενΔ.
1332 5619 1378 5688 _'
1414 5616 1572 5671 Hunc
1599 5635 1814 5674 versum
1855 5638 1964 5675 oin.
1994 5622 2059 5676 li.
2136 5623 2157 5653 ’

2186 5623 2235 5690 γ’
2254 5623 2347 5676 οὖν
2377 5625 2440 5676 Α.
2527 5622 2669 5695 {ml
2687 5623 2902 5695 σφαγὰς
2937 5623 3000 5677 R.
3078 5629 3099 5656 ⁸
3127 5623 3300 5695 ἀρχὴν
3346 5624 3411 5695 Δ.
3463 5621 3504 5695 μ’
3529 5637 3636 5695 χει-

378 5685 705 5766 ροϐιούντων
736 5689 802 5744 R.
880 5690 904 5722 ⁶
926 5687 1021 5743 τοῦ
1044 5685 1360 5760 νφθαρτικοῦ
1411 5687 1671 5759 πυράγρᾳ.
1696 5688 1761 5745 Β.
1838 5693 1856 5722 ⁷
1891 5691 1944 5744 ιιι

2103 5685 2316 5748 versum
2375 5711 2485 5750 om.
2540 5691 2600 5746 ll.
2679 5685 2824 5765 θεῆς
2877 5685 3089 5766 sitsi-.51;
3158 5685 3636 5762 ᾹΪ’⁹ἀρχῆς”Λ,

372 5760 487 5813 τῶν
509 5762 573 5814 Α.
