4138 6216
293 318 396 378 τίει

297 422 567 477 Τοσοῦτον
581 421 628 478 δ’
646 417 715 494 ἦν
735 423 795 478 τὸ
819 424 1009 497 περιὸν
1030 429 1128 499 τῆς
1151 429 1352 503 ἀρετῆς
1374 434 1604 500 ἐκείνοις

305 515 396 575 Ὠς
425 516 547 586 μηδ’
567 516 752 580 αὐτοῖς
778 521 892 581 τοῖς
920 518 1077 586 ἀναξι
1105 530 1452 596 καινοτομεῖν
1478 528 1683 594 ἐξεῖναι

297 608 372 660 Ἦ
391 608 652 678 πράττειν
662 625 716 662 τι
730 612 1098 682 καινοπρεπὲς
1121 617 1214 668 καὶ
1242 617 1388 687 πέρα
1408 620 1455 650 "
1470 619 1564 673 τοῦ
1584 623 1878 689 συνήθους,

294 698 401 751 ’Δν
427 698 503 769 μὴ
522 699 787 769 μετέσῃν
805 701 908 770 τῆς
935 701 1128 774 βουλῆς
1157 708 1355 762 ἐκεῖνοι
1377 712 1476 766 καὶ
1498 711 1599 782 τῆς
1625 715 1872 783 γνώμης.

291 788 584 853 Τοιούτους
612 786 708 844 οὖν
738 799 1139 866 σεμνοπρεπεῖς
1161 797 1324 864 ὄντας
1346 802 1440 854 καὶ
1463 803 1787 872 σεμνοϐίους

291 881 407 934 Καὶ
431 880 584 952 χύσιι
613 883 1006 952 πελαγίζοντας
1035 891 1391 946 παντοδαπῶν
1415 896 1654 966 χαρίτων

301 968 487 1036 Ἐντὸς
518 972 740 1044 ἀρκύων
762 975 1045 1034 συλλαϐεῖν
1073 982 1103 1033 ὁ
1129 980 1384 1050 βασιλεὺς
1412 984 1590 1056 ἐδίψα,

290 1065 407 1118 Καὶ
421 1069 568 1135 σχεῖν
583 1067 868 1132 κάκείνους
880 1074 1170 1136 κοινωνοὺς
1183 1075 1280 1144 τῆς
1293 1075 1497 1148 λύσσης
1513 1079 1612 1148 τῆς
1625 1079 1874 1133 δυσθέου.

299 1152 394 1218 Ὠς
423 1155 482 1208 δὲ
506 1157 738 1227 κινήσας
763 1161 1012 1229 μηχανὰς
1035 1163 1254 1228 ἁπάσας
1273 1166 1625 1240 ἀπεκρούσθη
1652 1170 1700 1202 Ia

291 1246 395 1312 (Οὐ
423 1248 532 1319 γάρ
555 1249 759 1335 φούῶν,
791 1251 892 1305 ούκ
924 1251 1164 1309 ἀπειλῶν
1192 1255 1381 1326 ἴσχυσε
1411 1258 1634 1324 τούτους
1657 1262 1870 1326 πεῖσαι,

292 1339 406 1391 Καὶ
427 1339 504 1409 τῷ
526 1341 710 1411 χρυσῷ
734 1344 1106 1414 χρησάμενος,
1135 1349 1413 1420 συμμάχῳ
1438 1351 1798 1424 δυσμαχήτῳ,

295 1429 482 1498 Ἔγνω
507 1431 720 1487 διώκων
745 1435 903 1488 ἀετὸν
933 1436 965 1506 ἢ
999 1436 1209 1506 βάλλων
1233 1441 1314 1502 είς
1341 1443 1575 1514 ἀστέρας
1602 1441 1695 1512 ⁸⁴,)

292 1522 372 1574 Τὸ
396 1523 708 1578 τελευταῖον
736 1526 1030 1594 ἀπογνοὺς,
1053 1529 1187 1584 ἀλλά
1218 1530 1329 1603 γὰρ
1351 1531 1470 1597 πῶς
1491 1532 1692 1598 ἐξείπω
1713 1550 1730 1602 ;

291 1611 499 1683 Βουλὴν
521 1612 836 1685 βουλεύεται
866 1621 1062 1673 σκαιάν
1092 1620 1321 1674 ἔκτοπον
1341 1621 1586 1688 ἀνοσίαν,

295 1707 404 1759 Ἦν
419 1707 536 1761 οὐδὲ
560 1708 774 1780 Σκύθης
797 1711 1008 1782 ἄγριος,
1026 1712 1141 1766 ἀλλ’
1158 1713 1279 1768 οὐδὲ
1301 1715 1696 1787 Μασσαγέτης.

292 1798 471 1869 ’Ὕλης
496 1801 728 1870 σωρεύει
759 1802 993 1872 φορυτδν
1009 1805 1193 1876 κύκλῳ
1223 1823 1290 1862 πε
1300 1807 1355 1880 ρὶ
1378 1808 1470 1862 τδν
1494 1805 1666 1876 οἷκον,

290 1889 470 1959 ’Υλην
503 1892 696 1963 ξηρὰν,
717 1894 1035 1961 εύέξαπτον,
1053 1896 1277 1968 δᾳδῖτιν,
1297 1903 1642 1969 φρυγανῖτιν,

287 1981 402 2034 Καὶ
431 1981 544 2053 πῦρ
571 1983 808 2053 ύφάπτει
836 1984 1087 2056 λιπαρὸν,
1110 1987 1204 2040 καὶ
1230 1991 1562 2059 καταφλὲγει
1585 1992 1797 2054 πάντας

287 2069 430 2134 Τοὺς
471 2071 673 2142 ἄνδρας
695 2073 798 2142 φεῦ
815 2077 940 2140 τοὺς
967 2077 1150 2148 ἱεροὺς
1173 2081 1266 2134 καὶ
1307 2082 1404 2136 σὺν
1425 2081 1611 2145 αὐτοῖς
1647 2083 1746 2146 τὰς
1784 2081 1869 2154 βί-

1587 2171 1606 2246 [
1613 2171 1794 2238 ὗλους.

285 2250 356 2303 Δῖ
377 2251 436 2304 αἲ
457 2253 749 2322 μισόκαλος
774 2254 948 2328 ψυχήί
972 2257 1079 2312 Φεῦ
1097 2259 1290 2332 γνώμη
1317 2261 1590 2337 θηριώδης
1617 2267 1662 2297 ’⁵
1683 2267 1695 2321 ι

300 2343 398 2396 Ἐκ
428 2344 538 2398 τῶν
558 2346 770 2416 ὀνύχων
793 2350 822 2402 ὁ
848 2349 1017 2414 δεινὸς
1037 2351 1252 2416 πάντως
1277 2353 1524 2426 ἐγνώσθη
1547 2357 1722 2411 Λέων.

285 2428 472 2490 Ἦσαν
500 2439 619 2492 ἐκεῖ
647 2439 717 2494 τά
745 2440 1005 2496 κάλλιστα
1039 2441 1258 2498 πάντων
1285 2447 1394 2499 τῶν
1424 2447 1832 2517 παιδευμάτων,

289 2527 406 2580 Καὶ
435 2528 599 2598 τόμος
629 2526 708 2593 εἷς
741 2531 980 2598 ἐξαίσιος
1002 2533 1066 2587 ἐκ
1094 2531 1394 2605 δράκοντος
1417 2537 1666 2610 ὲντὲρου,

289 2618 403 2682 Τὰς
443 2619 660 2686 δέλτους
682 2623 782 2686 τὰς
827 2621 1132 2696 Ὁμηρικὰς
1159 2628 1342 2699 φέρων
1381 2629 1864 2701 ἐγγεγραμμένας»

288 2703 404 2779 Τὴν
425 2711 618 2765 Ἰλιάδα
644 2712 704 2774 τέ
735 2731 877 2784 φημι
907 2715 1003 2768 καὶ
1031 2715 1099 2769 τὰ
1125 2718 1225 2787 τῆς
1258 2718 1587 2784 Ὀδυσσείας.

368 2801 455 2866 Ὠς
479 2802 525 2856 δ’
547 2806 639 2857 ἐπὶ
662 2807 886 2876 χρόνους
904 2806 1080 2861 εῖκοσι
1101 2809 1147 2841 ⁸⁸
1167 2808 1259 2864 τοῦ
1295 2811 1528 2883 κράτους
1551 2812 1868 2878 ἀπολαύσας

288 3062 630 3129 adimebant,
667 3080 780 3119 uno
820 3065 936 3130 illo,
968 3066 1036 3121 de
1063 3083 1174 3138 quo
1201 3066 1472 3133 diximus,
1501 3070 1646 3126 inter
1674 3086 1866 3129 omnes

289 3155 428 3210 solis
465 3155 637 3211 instar
678 3157 920 3213 lucente.
951 3159 1124 3215 Tanta
1151 3176 1283 3216 vero
1315 3162 1368 3216 in
1403 3163 1665 3233 opinione
1692 3165 1867 3220 virtu-

291 3247 368 3303 tis
398 3254 575 3310 erant,
601 3256 660 3302 ut
684 3263 752 3303 ne
778 3248 879 3318 ipsi
907 3250 1128 3319 quidem
1159 3251 1522 3321 imperatores
1550 3255 1678 3309 novi
1703 3255 1866 3325 quid-

289 3340 421 3395 dam
451 3349 507 3394 et
537 3340 778 3395 inusitati
805 3342 1077 3411 agendum
1101 3342 1204 3398 sibi
1235 3354 1492 3414 putarent
1525 3346 1633 3401 illis
1657 3347 1713 3401 in
1739 3363 1872 3402 con-

289 3435 480 3489 silium
516 3450 626 3488 non
660 3434 940 3488 adhibitis.
990 3431 1149 3490 Tales
1178 3452 1308 3506 ergo
1334 3437 1514 3500 viros,
1543 3439 1872 3493 auctoritate

287 3522 559 3594 singulari
588 3533 643 3579 et
673 3524 986 3578 innocentia
1015 3523 1142 3578 vitm
1171 3527 1518 3594 conspicuos,
1569 3527 1872 3582 variorum-

285 3630 399 3685 que
431 3612 704 3669 douorum
752 3614 923 3668 ubere
971 3614 1127 3682 copia
1175 3624 1536 3683 prmstantes,
1572 3617 1872 3687 imperator

285 3706 434 3762 intra
474 3721 573 3760 sua
605 3703 741 3758 retia
773 3705 1241 3775 comprehendere
1284 3707 1480 3777 suique
1515 3709 1721 3766 furoris
1759 3710 1865 3765 im-

286 3799 363 3868 pii
402 3795 705 3868 participes
737 3795 950 3851 ellicere
980 3797 1211 3851 multum
1242 3798 1482 3854 sitiebat.
1517 3801 1654 3856 Cum
1682 3813 1868 3858 autem

285 3890 506 3946 cunctis
544 3888 917 3944 molitionibus
943 3889 1204 3946 adhibitis
1231 3892 1532 3948 elideretur
1563 3895 1688 3966 (nec
1718 3895 1865 3950 enim

285 3982 378 4036 vel
412 3988 559 4035 metu
591 3979 675 4033 vel
708 3979 871 4033 minis
898 3993 995 4034 eos
1023 3981 1075 4033 in
1109 3983 1436 4042 sententiam
1468 3999 1621 4038 suam
1652 3994 1868 4054 pertra-

286 4075 427 4129 here
462 4081 708 4143 poterat,
744 4085 980 4141 cumque
1019 4072 1182 4127 etiam
1231 4090 1370 4129 auro
1410 4083 1680 4140 uteretur,
1706 4087 1870 4133 ciete-

289 4164 494 4234 roquin
523 4163 930 4234 inexpugnabili
959 4153 1130 4227 socio,
1163 4173 1342 4218 tamen
1377 4166 1615 4235 aquilam
1645 4181 1705 4222 se
1740 4182 1867 4236 pcr-

290 4257 453 4328 sequi
482 4257 564 4311 vel
601 4256 780 4311 sidera
809 4257 958 4327 jactu
981 4257 1300 4326 contingere
1321 4258 1460 4312 velle
1492 4257 1873 4328 deprehende-

292 4348 448 4418 bat),
483 4347 700 4402 tandem
739 4361 794 4401 re
827 4346 1112 4416 desperata
1151 4346 1404 4416 (quinam
1445 4347 1580 4411 haec,
1613 4352 1868 4414 obsecro,

1398 325 1906 392 COMPENDIUM
1944 330 2418 398 CHRONICUM.

1903 443 1949 500 Α
1987 439 2045 495 '0
2067 441 2171 514 θὴρ
2192 445 2220 498 ό
2249 445 2654 516 κακομήχανος.
2675 445 2705 496 ό
2737 443 3048 516 κρεωσόρος
3075 443 3228 499 Λέων

3441 341 3552 405 382

1980 537 2082 589 Σὺν
2111 536 2290 600 ἄλλοις
2343 537 2504 590 πέντε
2545 533 2848 602 δυσσεσῶς,
2877 537 2910 609 ἧ
2943 533 3145 608 μᾶλλον
3179 537 3553 610 τυραννήσας,

1979 627 2082 694 (Τά
2116 628 2224 697 γάρ
2249 628 2394 680 κακὲ
2427 627 2700 697 μακρόϐια
2730 629 2825 682 καὶ
2857 630 3010 698 μόλις
3035 629 3316 700 ἀπορρέει)

1981 718 2209 785 Ἔμελλε
2241 716 2397 786 rei-pq:
2425 716 2766 786 κρύπτεσθαι
2793 718 2888 771 καὶ
2917 720 2987 787 γῇ
3019 719 3085 787 τῇ
3111 717 3446 787 παντοδὸχῳ,

1990 806 2232 869 Ἐλπίδες
2255 805 2354 875 μὲν
2384 805 2484 858 ούκ
2514 805 2757 872 ἀγεννεῖς
2785 805 3078 859 ύπέσαινον
3101 805 3229 866 τοὺς
3257 805 3381 857 τότε

1977 899 2084 953 Τδν
2111 899 2213 968 τῆς
2239 897 2418 969 ἀρχῆς
2456 897 2701 966 διάδοχον
2733 898 2956 968 ἐπιεικῆ
2990 899 3229 968 φανῆναι

1978 989 2087 1042 Kal
2119 986 2315 1061 γνώμῃ
2341 986 2708 1059 μετριώτερον
2731 988 2822 1042 καὶ
2850 987 2926 1059 μὴ
2958 985 3422 1058 μιαιφονοῦντα’⁷.

1989 1080 2150 1135 Ἀλλά
2174 1080 2285 1150 γάρ
2312 1079 2501 1151 ὥσπερ
2522 1077 2782 1148 Εὔριπος,
2802 1079 2879 1142 ὼς
2900 1077 3101 1143 ἔοικεν,
3133 1078 3167 1148 ὴ
3197 1076 3361 1146 φύσις

1975 1173 2067 1234 Εἰς
2096 1174 2220 1236 τοὺς
2243 1172 2407 1234 ίδίους
2434 1170 2682 1240 ἀγωγοὺς
2704 1169 3174 1240 ἀνθυποστρέφειν
3203 1168 3409 1240 χαίρειο

1977 1261 2087 1314 Καὶ
2119 1260 2227 1332 γὰρ
2260 1260 2306 1292 ⁸⁸
2346 1259 2641 1324 ύπνοῦντος
2686 1258 2916 1323 Λέοντος
2956 1257 3227 1326 ἀγκάλαις
3272 1253 3548 1323 ἐνταφίοις

1988 1350 2053 1404 Ἦ
2086 1351 2351 1421 πάρδαλις
2373 1351 2589 1420 ἐξέθορε
2618 1349 2800 1419 πολλῷ
2827 1348 3207 1420 θυμικωτέρα,

1977 1444 2085 1496 Καὶ
2110 1441 2480 1513 καλυφθείσης
2511 1442 2604 1494 ἐπὶ
2627 1442 2730 1511 γῆς
2751 1434 2851 1508 τῆς
2886 1441 3043 1510 ῥίζης
3058 1439 3159 1508 τῆς
3191 1436 3471 1508 δυτχύμου
3491 1437 3537 1468 ⁸⁸

1977 1533 2162 1604 Πολλῷ
2196 1532 2700 1604 πικροκαρπότερος
2728 1530 2920 1595 κλάδος
2947 1530 3261 1600 ὑπανεφύη,

1985 1625 2042 1680 ’0
2067 1625 2640 1696 μυσαροκοπρώνυμος
2664 1624 2708 1657 ⁸⁰
2737 1623 2945 1687 ἐκεῖνος
2973 1623 3404 1685 Κωνσταντῖνος.

1981 1719 2079 1787 ζΕκ
2103 1719 2202 1787 τῆς
2227 1718 2453 1783 ἀσπίδος
2482 1717 2685 1788 ἔχιδνα,
2713 1716 3038 1788 προσφόροις
3065 1714 3132 1768 ἂν
3163 1729 3246 1778 τις
3272 1716 3439 1782 είποι,

1985 1807 2076 1874 Ἐξ
2105 1809 2387 1878 ἐλλεϐόρου
2414 1808 2658 1871 κώνειον,
2688 1809 2798 1861 άπὸ
2831 1805 3095 1875 σκορπίου
3117 1805 3359 1877 δράκων.

1941 1965 1944 1969 λ
1977 1900 2166 1962 Ἄλλος
2208 1899 2495 1968 Βαλτάσαρ
2521 1898 2742 1968 ἀναιδὴς
2765 1898 2829 1951 ἐκ
2862 1896 3354 1966 Ναύουχοδονόσορ,

2045 1992 2296 2062 Κατῆρξε
2324 1991 2453 2060 γοῦν
2483 1993 2511 2044 ὁ
2541 1989 2793 2061 βδελυρὸς
2820 1988 3195 2057 αίματοπότης
3222 1987 3406 2048 λύκος,

1971 2079 2042 2137 *Ω
2070 2086 2250 2138 πάντα
2281 2082 2492 2153 βλέπων
2515 2081 2765 2154 ἥλιε,καὶ
2796 2080 3040 2151 βασιλεῖς
3068 2080 3160 2133 καὶ
3196 2080 3395 2148 νόμοι)¹
3419 2082 3432 2121 1

1974 2176 2295 2247 Ἀνθρωπος
2319 2173 2800 2245 γόης,φαρμακδς,
2827 2171 3197 2242 ζωοσφαγίαις
3224 2171 3429 2242 χαίρων

1971 2269 2081 2322 Καὶ
2100 2268 2344 2331 τελεταῖς
2376 2269 2498 2330 ταῖς
2527 2267 2798 2336 μυσαραῖς
2821 2264 2921 2335 τῆς
2947 2263 3383 2335 ἡπατοσκοπίας,

1973 2362 2266 2431 Ἀντικρυς
2292 2357 2646 2429 τελματόόιος
2676 2355 3082 2428 βορόοροφάγος
3111 2358 3314 2426 χοῖρος.

1967 2445 2136 2515 Οὗτος
2165 2452 2194 2504 δ
2222 2449 2408 2513 δοῦλος
2441 2449 2542 2520 τῆς
2567 2448 2806 2517 γαστρὸς
2834 2447 2930 2502 καὶ
2961 2446 3063 2516 τῆς
3085 2447 3382 2510 ἀκολασίας

1970 2543 2036 2596 Τί
2059 2544 2157 2612 μὲν
2179 2543 2280 2595 οὐκ
2305 2535 2567 2611 ἔπενόησε
2593 2541 2703 2592 τῶν
2728 2539 2936 2593 θλίσειν
2955 2538 3000 2572 ⁸⁸
3025 2537 3365 2608 δυναμένων,

1967 2635 2033 2687 Τί
2061 2635 2118 2688 δὲ
2151 2635 2282 2705 παρ’
2304 2633 2482 2687 ἄλλων
2509 2632 2733 2703 εὑρεθὲν
2761 2629 2946 2698 αὔξειν
2973 2632 3074 2686 οὐκ
3104 2631 3378 2700 ἐπεχείρει
3404 2649 3420 2696 ;

1965 2728 2205 2798 Νύμφην
2227 2726 2326 2798 τὴν
2355 2724 2803 2796 χρυσοκόσμητον
2828 2723 2925 2777 καὶ
2945 2723 2991 2756 ³³
3036 2723 3543 2796 τρυφερευομένην,

1969 2821 2188 2892 Ἤνπερ
2218 2820 2502 2892 ἡρμόσατο
2528 2818 2766 2889 Χριστὸς
2789 2819 2818 2871 ὁ
2839 2816 3079 2889 καθαρὸς
3107 2815 3363 2888 νυμφίος,

3225 2946 3383 3004 Vers.
3407 2945 3541 3001 4551

1966 3077 2048 3132 hri
2078 3075 2376 3142 Homerici,
2411 3083 2518 3131 tam
2549 3074 2674 3130 Ilias
2705 3081 2817 3128 tota
2851 3087 3013 3143 quam
3048 3071 3296 3142 Ulyssea.

2045 3171 2407 3238 Posteaquam
2443 3168 2619 3223 solers
2659 3167 2714 3221 in
2753 3165 3107 3235 designandis
3156 3164 3316 3219 malis
3363 3162 3546 3219 bellua

1973 3262 2406 3330 carnivorusque
2437 3258 2570 3321 Leo,
2616 3257 2752 3313 satis
2799 3255 2958 3326 longo
2994 3265 3241 3323 tempore
3284 3262 3548 3324 percepto

1973 3351 2189 3419 imperii
2234 3349 2442 3414 fructu,
2470 3349 2580 3418 jam
2629 3346 2733 3402 sub
2781 3355 2985 3400 terram
3029 3343 3350 3398 condendos
3378 3349 3547 3404 esset.

1974 3455 2100 3510 spes
2129 3455 2238 3494 non
2269 3438 2577 3493 mediocres
2614 3437 2737 3506 ejus
2778 3435 2955 3489 etatis
2990 3433 3242 3487 homines
3271 3431 3552 3500 concipie-

1974 3531 2127 3595 bant,
2158 3529 2404 3584 futurum
2440 3536 2501 3581 ut
2532 3525 2746 3596 imperii
2776 3538 3061 3580 successor
3083 3537 3302 3592 aequum
3336 3536 3395 3577 se
3425 3521 3552 3577 sub-

1973 3621 2104 3677 ditis
2135 3618 2425 3691 praeberet,
2451 3616 2618 3672 animi
2645 3615 3030 3671 moderatioris
3058 3621 3224 3678 esset,
3252 3628 3283 3667 a
3307 3611 3552 3668 caedibus

1972 3714 2297 3768 abstineret.
2325 3709 2528 3764 Verum
2551 3718 2770 3771 natura,
2821 3707 2880 3762 in
2925 3720 3135 3763 morem
3176 3705 3402 3776 Euripi,
3447 3719 3549 3760 ceu

1973 3806 2217 3867 videtur,
2239 3803 2387 3857 intra
2414 3815 2546 3856 suos
2569 3801 2754 3856 alveos
2778 3800 2978 3856 reverti
3017 3799 3356 3869 perlibenter
3386 3797 3550 3852 solet.

1973 3896 2188 3953 Etenim
2221 3894 2378 3948 leone
2413 3892 2517 3947 sub
2540 3901 2687 3947 terra
2705 3891 3016 3961 consopito,
3046 3887 3282 3960 pardalis
3315 3887 3552 3958 prosiliit

1973 3989 2150 4044 multo
2194 3985 2532 4050 iracundior,
2580 3993 2638 4039 et
2681 3983 2866 4038 radice
2910 3983 3036 4037 mali
3079 3981 3230 4037 succi
3268 3979 3372 4036 sub
3404 3987 3550 4032 terra

1974 4081 2218 4145 condita,
2247 4079 2409 4148 longe
2456 4077 2799 4132 acerbiorem
2851 4075 3088 4129 fructum
3130 4075 3313 4126 ferens
3365 4085 3553 4125 ramis

1973 4180 2170 4227 enatus
2199 4177 2305 4231 est,
2337 4166 2598 4221 nimirum
2631 4164 3027 4220 Constantinus
3054 4162 3145 4216 ille
3166 4205 3179 4226 ,
3216 4161 3306 4216 cui
3343 4159 3553 4215 [malum

1973 4271 2031 4317 ct
2063 4258 2430 4314 abominabile
2462 4263 2764 4326 cognomen
2809 4271 2840 4309 a
2893 4264 3138 4309 stercore
3184 4252 3370 4307 datum
3423 4251 3555 4316 fuit,

1975 4367 2140 4422 quem
2174 4365 2282 4402 non
2316 4347 2772 4402 inconvenienter
2801 4354 3122 4416 prognatam
3155 4360 3222 4400 ex
3253 4343 3442 4415 aspide
3470 4343 3556 4397 vi-

291 4440 643 4511 exponam?)
688 4439 980 4494 consilium
1023 4453 1250 4502 saavum,
1280 4439 1601 4505 absurdum,
1637 4441 1864 4511 impium
1897 4455 1947 4513 ῃ
1976 4457 2184 4513 peram,
2218 4455 2284 4494 ex
2313 4438 2558 4492 elleboro
2590 4436 2854 4500 cicutam,
2884 4451 2951 4491 ex
2979 4436 3199 4506 scorpio
3228 4437 3551 4499 draconem,

291 4531 465 4600 capit,
496 4528 642 4598 quod
677 4543 746 4582 ne
773 4526 969 4598 Scytha
1015 4527 1238 4596 quidem
1273 4528 1526 4584 immanis
1551 4530 1636 4583 vel
1666 4530 1872 4586 Massa-

291 4634 452 4696 getes
487 4621 746 4692 cepiss'et.
776 4619 1054 4675 Materiem
1099 4619 1301 4674 siccam
1331 4629 1388 4676 et
1415 4623 1874 4678 concremabilcm

292 4733 367 4772 ex
397 4714 570 4769 aridis
593 4713 836 4768 fascibus
876 4722 1198 4775 coacervat,
1235 4726 1408 4781 eaque
1442 4727 1706 4768 succensa
1737 4730 1876 4770 cun-

292 4818 419 4863 ctos
454 4807 654 4868 exurit,
686 4806 959 4869 homines,
998 4805 1241 4874 inquam,
1273 4805 1394 4860 illus
1425 4805 1620 4876 (heu!)
1662 4808 1879 4878 religio-

292 4916 390 4956 sos
417 4915 544 4955 cum
570 4899 701 4970 ipsis
727 4897 900 4954 libris.
925 4898 1068 4953 Proh
1096 4897 1354 4952 infestum
1383 4898 1575 4953 virtuti
1602 4900 1868 4964 animum,

294 4993 441 5063 proh
496 4998 737 5045 mentem
795 4988 1125 5043 belluinaml
1177 4987 1436 5042 nimirum
1482 5003 1549 5042 ex
1599 4989 1874 5058 unguibus

293 5099 480 5139 saevus
529 5080 617 5136 ille
663 5082 750 5136 leo
791 5081 905 5152 jam
953 5080 1170 5151 agnitus
1217 5088 1319 5135 est.
1349 5080 1466 5150 88
1501 5079 1874 5135 Pulcherrima

293 5189 532 5245 quaque
557 5173 624 5228 de
650 5171 953 5242 disciplinis
980 5172 1238 5226 omnibus
1274 5172 1400 5226 istic
1428 5171 1870 5237 asscrvabantur,

293 5275 356 5319 et
389 5263 534 5317 inter
565 5263 670 5318 alia
703 5262 958 5317 volumen
992 5261 1242 5317 exstabat
1276 5261 1634 5324 admirabile,
1681 5262 1873 5318 confe-

295 5366 450 5413 ctum
480 5356 548 5409 de
577 5355 836 5410 draconis
878 5354 1173 5420 intestino,
1210 5353 1297 5409 cui
1332 5363 1488 5409 erant
1521 5353 1767 5422 inscripti
1801 5353 1870 5408 li-

1971 4548 2038 4588 es
2103 4527 2648 4586 Nabucliodonosore
2715 4528 3055 4582 Baltasarqu
3122 4527 3247 4597 quis
3308 4526 3552 4596 appelli.

1975 4625 2134 4680 verit.

2047 4718 2144 4773 llic
2173 4731 2304 4786 ergo
2338 4713 2678 4770 detestabilis
2727 4721 2784 4768 et
2831 4710 3216 4782 sanguinarius
3246 4709 3409 4777 lupus
3445 4708 3548 4760 im-

1973 4809 2130 4878 perio
2165 4806 2377 4877 potitus
2407 4814 2524 4868 est,
2560 4804 2684 4868 hic,
2718 4803 2939 4872 inquam
2987 4803 3055 4873 (ο
3098 4801 3180 4856 sol
3220 4809 3548 4856 cunctorum

1979 4899 2277 4968 inspector,
2311 4911 2345 4950 ο
2380 4896 2758 4966 imperatores,
2812 4907 2846 4946 ο
2893 4889 3110 4961 leges!)
3162 4888 3546 4959 praestigiator.

1977 4989 2275 5050 veneﬁcus,
2305 4986 2625 5042 animalium
2661 4981 3086 5038 mactationibus
3113 4989 3171 5035 et
3196 4977 3551 5035 exsecrabili-

1977 5081 2082 5136 bus
2117 5079 2224 5134 illis
2258 5078 2429 5133 sacris
2451 5075 2793 5146 extispicina:
2821 5072 3062 5139 deditus,
3112 5072 3167 5126 in
3199 5085 3358 5126 emno
3389 5071 3550 5140 plane

1977 5173 2179 5243 degens
2228 5185 2431 5240 porcus
2483 5176 2729 5224 stercore
2777 5178 3026 5220 vesceris.
3083 5162 3354 5229 Quidnam
3413 5160 3546 5215 illud

1976 5263 2187 5318 ventris
2219 5277 2282 5317 ac
2309 5261 2448 5331 gulae.
2476 5257 2807 5328 mancipium
2843 5271 2952 5311 non
2982 5254 3328 5326 excogitabat
3357 5251 3425 5306 ad
3459 5251 3550 5307 dio

1978 5353 2256 5408 vexandos
2285 5349 2538 5406 homines
2557 5349 2583 5403 ?
2611 5348 2754 5416 Quid
2785 5347 2855 5404 ab
2884 5347 3006 5403 aliis
3035 5347 3317 5402 inventum
3345 5359 3549 5416 augere

1650 5468 1856 5528 Variae
1895 5465 2231 5528 lectiones.

376 5593 420 5622 "
456 5591 642 5664 πέραν
666 5590 729 5656 R,
755 5591 904 5664 παρὰ
931 5595 997 5664 Α.
1065 5593 1121 5664 -‘_’
1157 5593 1493 5664 dvgxpodsilq
1526 5597 1592 5647 Λ.
1666 5594 1709 5624 ³⁵
1739 5595 1875 5662 ἀέρι
1899 5598 1962 5647 Λ.
2044 5597 2088 5626 ’⁵
2118 5593 2341 5661 γνώμης
2372 5591 2694 5664 θηριώδους

936 5663 981 5696 ³⁸
1018 5661 1154 5731 γοῦν
1177 5657 1368 5716 Λυκίη
1396 5657 1750 5734 δυαμάχουΛ.
1808 5657 1877 5694 ’³ο
1921 5657 2165 5734 μυσαρξς
2207 5657 2562 5734 κοπρώνυμος
2597 5667 2661 5718 Λ.
2737 5661 2779 5691 ⁸¹
2816 5662 2863 5714 oi
2897 5657 3094 5729 νόμοιῖ
3169 5658 3211 5691 ³³
3239 5657 3447 5729 θλίψειν
3471 5657 3538 5714 ξι.

299 5663 348 5693 ι’
384 5658 754 5728 μιαιφοιιῶντα
793 5658 856 5718 Δ.

299 5729 350 5765 ⁸³
377 5727 616 5803 καὶμὴν
645 5728 716 5783 ιι.

2895 5588 2941 5621 ⁸⁸
2967 5590 3180 5659 χρόνοις
3241 5589 3446 5659 ἱκανοῖς
3477 5587 3543 5659 Α.
