4138 6216
557 302 756 378 383.

570 412 781 483 Λῖφνης
811 410 1064 482 ἁρπάσας
1090 410 1184 463 ἀπ’
1212 409 1393 463 αὐτῶν
1416 408 1518 476 φεῦ
1543 410 1652 462 τῶν
1677 410 2066 479 παστοπηγίων
2170 414 2209 467 Λ

561 504 755 573 Χήραν
778 501 979 573 ρυσσὴν
1004 500 1251 563 ἀπέδειξε
1276 500 1372 554 καὶ
1396 498 1918 569 μελανειμονοῦσαν.

1730 302 2010 363 CONSTA
2021 301 2237 362 NT[.\'I
2286 299 2654 359 MANASSIS

3706 296 3814 361 384

2319 406 2477 459 Ἀλλὰ
2506 404 2616 474 γὰρ
2642 402 2944 473 ἐξῃτήσατο
2971 400 3064 455 καὶ
3096 400 3258 455 πάλιν
3283 401 3312 454 6
3338 399 3536 473 Βελίαρ

2243 498 2345 549 Τὸν
2386 496 2604 567 Ἰσραὴλ
2632 496 2724 549 τὸν
2751 494 3006 548 ἐκλεκτὸν
3033 494 3108 555 ὡς
3131 496 3278 546 σῖτον
3312 495 3602 550 emanat“

563 594 676 664 Τὴν
704 593 947 660 ἄμπελον
990 589 1088 658 τὴν
1135 590 1410 661 βρύουσαν
1434 590 1481 622 ⁸⁸
1506 590 1751 661 βοτρύων
1791 592 2136 662 καλλιράγων
2242 587 2433 658 (Οὔπω
2457 588 2551 641 καὶ
2578 588 2708 658 γὰρ,
2730 586 2806 648 ὡς
2828 586 3025 648 ἔοικεν,
3048 585 3365 655 ἀρκούντως
3393 588 3706 659 ἐκολάσθη),

564 682 793 750 Κάπρος
821 680 985 734 ποθὲν
1018 681 1126 734 ἀπὸ
1155 679 1361 749 δρυμοῦ
1383 680 1631 750 πηδήσας
1661 682 1972 750 χαυλιόδους

563 771 894 842 Αύτιῖρριζον
918 770 1186 841 ἐξώρυξεν
1209 772 1276 836 ⁸⁵,
1298 770 1591 843 ἐλῄστευσε
1623 772 1684 826 τὸ
1706 772 1923 838 κάλλος.

578 859 867 930 Ἐξέκοψεν
890 862 933 892 ³⁸
960 862 1024 914 ἑκ
1052 861 1161 913 τῶν
1188 861 1332 915 ναῶν
1351 863 1448 925 τὰς
1481 862 1631 932 ἱερὰς
1666 864 1999 934 μορφώσεις,

578 948 999 1023 Ἀντενεχάραξε
1029 953 1070 985 ³⁷
1094 952 1142 1006 δ’
1169 954 1354 1017 αὐτοῖς
1382 953 1642 1023 χρώμασι
1670 957 1766 1010 καὶ
1781 956 2014 1026 ψηφῖσιν

567 1044 651 1096 Τά
678 1044 806 1112 φίλα
833 1044 1131 1114 κυνηγέσια
1160 1044 1256 1098 καὶ
1281 1044 1380 1108 τὰς
1411 1045 1770 1116 ἱππηλασίας.

571 1135 645 1187 Οὐ
670 1134 846 1187 ταῦτα
873 1134 929 1187 δὲ
954 1135 1257 1204 τετόλμητο
1293 1136 1430 1206 μόνα
1459 1136 1541 1206 τῷ
1571 1139 1893 1209 καταράτῳ,

586 1224 746 1279 Ἀλλὰ
775 1227 869 1280 καὶ
898 1227 1024 1285 τοὺς
1051 1226 1381 1298 μονάζοντας
1412 1229 1489 1290 ὼς
1512 1227 1658 1281 κύων
1683 1228 1986 1299 ἀνιχνεύων

587 1310 673 1377 Ὠς
699 1318 867 1388 ἄρνας
892 1317 992 1387 φεῦ
1017 1319 1281 1374 κατέθυεν
1303 1319 1348 1351 ³⁸
1371 1319 1963 1391 ἐθελοσφαγουμένους.

591 1403 964 1472 Ἐξεκενοῦντο
990 1408 1280 1478 τοιγαροῦν
1301 1406 1443 1463 οἶκοι
1475 1410 1947 1480 μελενδυτούντων
1969 1414 2037 1477 ³⁸,

576 1496 850 1565 Σεμνείων
874 1494 942 1570 ἦν
972 1501 1301 1571 κατασκαφὴ
1324 1501 1371 1532 ’⁵⁸
1392 1501 1644 1572 καθάπερ
1666 1504 1992 1575 λῃστηρίων.

575 1585 1043 1658 Ἰσίστενοχὼρηντο
1067 1591 1301 1658 φρουραὶ
1323 1592 1436 1650 τοῖς
1460 1590 1986 1661 ἐγκαθειργνυμένοι
2003 1614 2041 1658 ὲ,

579 1677 688 1728 Kal
714 1677 978 1733 πάντοθεν
996 1680 1261 1750 ἠλαύνετο
1294 1681 1354 1732 τὸ
1385 1682 1556 1751 μέλαν
1580 1682 1771 1753 ὥσπερ
1801 1684 1971 1753 μύσος
1996 1686 2062 1739 ⁶¹.

650 1767 884 1821 Τοιαῦτα
910 1771 1089 1823 τοίνυν
1120 1771 1369 1843 καθορῶν
1402 1772 1768 1841 Ἀρτάϐασδος
1792 1775 2020 1837 ἐκεῖνος,

588 1860 686 1912 "Ov
717 1859 926 1927 φθάσας
957 1864 1358 1934 προεγνώρισεν
1381 1864 1409 1915 6
1432 1862 1630 1934 δρόμος
1662 1866 1690 1917 6
1720 1865 1813 1917 τοῦ
1847 1866 2006 1933 λόγου

581 1950 676 2013 Εἰς
702 1951 878 2021 γάμον
910 1953 1297 2023 ἁρμοσάμενον
1319 1954 1414 2008 τοῦ
1442 1956 1670 2019 Λέοντος
1699 1957 1801 2024 τὴν
1826 1958 2010 2020 παῖδα,

581 2043 691 2096 Kal
721 2041 820 2113 τὴν
848 2044 1291 2118 ἅγριοόάρσαρον
1313 2049 1549 2117 μισήσας
1578 2048 1621 2079 ’⁸³
1643 2051 1952 2120 τυραννίδα,

581 2133 849 2187 Συνάπτει
873 2134 1108 2205 πόλεμον
1135 2136 1306 2207 αὐτῷ,
1328 2137 1577 2193 δείκνυσι
1599 2139 1891 2208 φυγαδίαν,

582 2222 693 2274 Kal
720 2224 940 2295 κράτωρ
969 2225 1349 2280 ἀναδείκνυται
1385 2227 1674 2297 Ῥωμαίων
1701 2232 1803 2298 γῆς
1831 2233 2093 2300 αὐτάναξ.

582 2314 693 2366 Kal
724 2315 883 2368 πάλιν
915 2318 1399 2387 ἁπαστράπτουσιν
1426 2322 1646 2384 amics;
1674 2323 1960 2389 εὐσεϐείας

583 2404 697 2456 Kal
725 2403 883 2458 πάλιν
906 2408 1329 2479 πυριμάρμαροι
1354 2410 1597 2480 χαρίτων
1621 2413 1987 2485 στιλϐηδόνες,

585 2494 696 2548 Kal
725 2497 885 2550 πάλιν
913 2498 1248 2552 ἀνατέταλκε
1269 2500 1368 2569 τῆς
1400 2500 1636 2564 πίστεως
1663 2504 1693 2555 6
1723 2504 1879 2572 λόγος
1902 2507 1968 2560 ⁸³.

597 2588 1050 2654 Ἀναστῃλοῦνται
1072 2590 1142 2643 τὰ
1173 2591 1369 2656 σεπτὰ,
1392 2592 1707 2660 λάμπουσιν
1731 2596 1789 2647 al
1819 2597 2134 2666 μορφώσεις

586 2681 653 2733 Δί
674 2679 782 2734 τῶν
802 2680 1099 2754 μαρτύρων
1120 2682 1213 2735 καὶ
1235 2682 1281 2715 ⁸⁸
1307 2685 1550 2755 Χριστοῦ
1578 2688 1672 2740 καὶ
1693 2687 1794 2755 τῆς
1814 2689 1978 2743 αὐτὸν
2002 2689 2163 2755 τεξά-

1944 2778 2088 2853 [της.

588 2990 699 3029 non
749 2976 1095 3032 conabatur?
1144 2979 1449 3051 Nympham
1491 2982 1640 3036 illam
1671 2992 1992 3039 exornatam
2025 3001 2165 3040 auro

2244 679 2354 731 Kal
2381 678 2545 732 πάλιν
2574 678 2979 747 ἐπεστράτευσε
3006 678 3132 739 τοὺς
3165 678 3413 742 εὐσεϐεῖς
3437 678 3710 749 ὲκθλίψων
3736 682 3780 723 ι⁶

2254 770 2342 832 Ὠς
2376 769 2593 840 Ἰσραὴλ
2618 767 3020 838 Χουσαρσαθὲμ
3048 770 3076 822 6
3103 769 3293 840 Σύρων
3318 771 3739 844 σατραπάρχης.

2246 864 2311 916 Τί
2332 863 2389 916 δὲ
2418 863 2515 917 καὶ
2538 865 2689 917 ποῖον
2716 864 2778 916 τὸ
2808 862 3045 932 συμϐὰν,
3067 863 3096 915 6
3120 862 3277 931 λόγος
3305 865 3607 935 ίστορήσει.

2319 956 2395 1009 Οὐ
2420 956 2602 1023 στέγει
2626 954 2725 1027 τὴν
2748 956 3066 1010 ἀπόπτωσιν
3096 956 3196 1025 τὴν
3219 955 3321 1025 τῆς
3341 957 3563 1027 ἀρχῆςδ
3581 957 3817 1027 δράκων.

2246 1046 2579 1117 Βαρυθυμεί,
2608 1045 2954 1109 παθαίνεται,
2979 1046 3256 1099 κοινοῦται
3278 1047 3393 1109 τοῖς
3417 1046 3813 1118 cepa-ranam

2250 1138 2625 1208 Ιιροσφέρεται
2652 1137 2981 1200 ωλακικῶς,
3011 1135 3224 1190 ἐλπίσιν
3252 1135 3676 1208 ἐκθερμαίνειν,

2250 1229 2344 1292 Εἰς
2377 1229 2567 1282 ἑαυτὸν
2602 1229 2894 1298 ἐφέλκεται
2922 1230 3213 1300 χωράρχας
3238 1230 3640 1302 κλιματάρχας,

2252 1321 2364 1375 Καὶ
2381 1321 2608 1391 δύναμιν
2637 1321 2976 1391 κτησάμενος
3012 1321 3234 1393 βαρεῖαν
3262 1323 3684 1392 στρατευμάτων

2250 1413 2445 1483 Mian
2466 1413 2730 1465 συνάπτει
2748 1414 3045 1482 καρτερὰν,
3065 1413 3203 1483 ήττᾷ
3234 1414 3363 1475 τοὺς
3391 1414 3746 1487 άντιμάχους,

2252 1501 2566 1571 Τροποῦται
2595 1501 2686 1554 τὸν
2708 1499 3102 1571 ’Δρτάϐασδον,
3131 1501 3277 1570 νικᾷ,
3302 1499 3586 1568 χειροῦται
3620 1498 3823 1564 ζῶντα,

2255 1593 2365 1646 Kal
2408 1591 2506 1663 τὴν
2546 1590 2722 1662 ὁρμὴν
2766 1592 2861 1644 καὶ
2910 1591 3010 1662 τὴν
3039 1590 3211 1661 ὀργὴν
3239 1590 3336 1643 καὶ
3376 1589 3473 1646 τοῦ
3521 1589 3698 1660 θυμοῦ
3726 1592 3829 1660 τὴν

3561 1681 3758 1754 [ἀλκὴν

2182 1740 2231 1799 Β
2259 1773 2363 1827 Τοῦ
2394 1774 2690 1845 δυστυχοῦς
2725 1773 2818 1827 καὶ
2844 1772 3154 1841 τληπαθοῦς
3177 1772 3417 1843 ἄκρατον
3447 1740 3723 1844 κατάχέειξ

2260 1866 2367 1918 Kal
2400 1866 2506 1918 τῶν
2534 1865 2797 1935 ὀμμάτων
2831 1864 3078 1918 σὸἑννυσι
3096 1866 3193 1926 τὰς
3210 1868 3504 1934 φιραυγετς
3518 1866 3827 1935 λαμπέδας.

2265 1960 2375 2011 Kal
2403 1958 2565 2010 πάλιν
2589 1960 2617 2010 ὁ
2648 1956 2900 2025 μιτόΟεος
2926 1959 3084 2027 φορεῖ
3109 1958 3208 2026 τὴν
3237 1957 3549 2027 ἁλουργίδα.

2261 2050 2432 2103 Πάλιν
2462 2049 2488 2100 6
2508 2047 2612 2119 θὴρ
2640 2050 3104 2119 σκηπτροκρατεί,
3131 2047 3297 2101 πάλιν
3335 2048 3621 2117 Ῥωμαίων
3647 2052 3829 2121 ἄρχει,

2262 2142 2371 2193 Kal
2405 2141 2617 2208 γίνεται
2649 2139 2977 2211 πικρότερος
3007 2139 3098 2191 xal
3124 2138 3623 2210 Ναϐουχοδονόσορ.

2262 2234 2304 2285 Τ
2312 2232 2327 2284 ί
2360 2232 2518 2284 τοῦτο
2545 2230 2608 2284 τὸ
2628 2230 3031 2300 παλίνστροφον
3051 2228 3121 2293 ⁸⁸,
3141 2228 3342 2281 ἄστατε
3370 2230 3530 2300 τροχὲ
3542 2230 3588 2263 δ’
3610 2230 3758 2299 βίους

2263 2325 2336 2376 Τὸ
2368 2322 2520 2392 ῥόδον
2556 2321 2710 2392 μόλις
2736 2318 2973 2383 ἐξανθεῖ,
2990 2318 3177 2389 τάχιον
3198 2319 3245 2372 δ’
3267 2319 3551 2392 ὗωρρἐι,

2276 2415 2341 2467 'H
2371 2412 2733 2484 κεντροφόρος
2766 2411 2969 2480 ῥάμνος
2993 2410 3112 2462 ὀδὲ
3137 2408 3299 2479 μέχρι
3326 2409 3524 2462 πολλοῦ
3553 2410 3756 2473 νεάζει.

2273 2506 2334 2558 '0
2362 2505 2521 2567 Τίτος
2543 2502 2704 2574 μόνον
2731 2500 2924 2571 ἔϐλεψε
2950 2500 3042 2553 τοῦ
3076 2500 3311 2572 κράτους
3344 2501 3433 2553 τὸν
3458 2500 3721 2571 λειμῶνα,

2263 2597 2373 2651 Kal
2398 2596 2585 2665 τάχιον
2611 2594 2929 2666 ἀνήρπαστο
2959 2594 3034 2663 μὴ
3068 2591 3360 2661 μετασχὼν
3385 2593 3610 2662 ὀπώρας
3641 2611 3655 2627 ο

2264 2680 2434 2750 Οὗτος
2456 2688 2502 2740 δ’
2520 2689 2547 2740 6
2576 2683 3004 2757 μυσαρώνυμος,
3027 2684 3088 2737 τὸ
3120 2683 3393 2738 σκύϐαλον
3418 2685 3513 2737 τοῦ
3543 2685 3756 2752 γένους,

2277 2778 2527 2847 Ἐγένετο
2561 2776 2880 2849 μακρόϐιος,
2902 2774 2949 2828 ὣ
2973 2776 3015 2806 ⁸⁸
3046 2774 3215 2845 τύχης
3244 2776 3538 2845 ἀνωμάλου
3564 2777 3578 2829 l

3511 2885 3665 2939 Vers.
3696 2883 3835 2940 «I380

2338 2978 2445 3035 Sed
2482 2977 2628 3032 enim
2664 2990 2857 3030 rursus
2897 2974 3060 3030 Belial
3095 2974 3333 3028 electum
3372 2974 3626 3030 lsraelem
3664 2975 3837 3032 instar

585 3073 644 3121 et
675 3066 987 3131 delicatam,
1016 3082 1181 3137 quam
1211 3069 1317 3125 sibi
1339 3068 1617 3138 Christus,
1644 3086 1879 3141 sponsus
1921 3072 2014 3128 ille
2053 3088 2160 3143 pu-
2192 3088 2236 3147 ο
2268 3069 2531 3126 frumenti
2587 3066 2851 3137 expetivit
2892 3064 3175 3130 cribrare;
3225 3066 3468 3120 nondum
3513 3066 3661 3121 enim
3685 3108 3699 3132 ,
3734 3084 3835 3124 ceu

587 3170 684 3211 rus
709 3167 766 3213 et
793 3166 998 3222 castus,
1033 3159 1345 3227 despondit,
1377 3162 1447 3217 ab
1496 3162 1631 3233 ipsis
1659 3164 1838 3233 (heu!
1866 3164 1885 3231 )
1914 3164 2168 3221 thalamis

588 3246 870 3316 abreptam
895 3248 1162 3314 viduavit,
1192 3253 1345 3323 rugis
1367 3253 1701 3324 deturpavit,
1726 3255 1973 3311 vestibus
1995 3256 2169 3325 nigris

587 3337 826 3404 operuit.
898 3337 1270 3396 Consimiliter
1334 3342 1501 3396 vilem
1592 3343 1981 3411 pulcherrimis
2050 3346 2170 3400 uvis

586 3418 848 3483 refertam
908 3445 1007 3485 ceu
1062 3430 1358 3501 prosiliens
1408 3448 1541 3502 aper
1593 3435 1849 3491 alicunde
1912 3437 2170 3507 quapiam

589 3533 621 3572 e
663 3519 797 3574 silva
849 3521 1115 3577 radicitus
1162 3524 1375 3587 effodit,
1415 3527 1646 3596 ejusque
1684 3536 2025 3583 venustatem
2071 3528 2169 3584 de-

590 3612 870 3679 praatlatus
902 3621 1007 3667 est.
1042 3612 1241 3669 Sacras
1283 3632 1315 3670 e
1367 3616 1586 3686 templis
1630 3617 1895 3688 imagines
1943 3618 2167 3685 excidit,

592 3713 900 3768 earumque
944 3701 1067 3756 loco
1109 3704 1258 3774 pingi
1311 3706 1600 3776 sculpique
1638 3707 1852 3762 curavit
1881 3709 2170 3778 pneclaras

590 3788 805 3844 scilicet
834 3793 1157 3847 venationes
1185 3804 1242 3848 et
1272 3805 1558 3865 equestres
1587 3798 1767 3853 ludos.
1794 3798 1904 3855 Nec
1935 3811 2172 3857 conten-

594 3891 685 3936 tus
726 3882 878 3939 hisce
906 3882 1247 3940 facinoribus
1280 3888 1367 3939 vir
1398 3889 1754 3944 exsecrabilis
1777 3929 1792 3955 ,
1818 3890 1984 3945 etiam
2017 3893 2171 3947 canis

591 3972 647 4026 in
679 3989 887 4028 morem
926 3976 1308 4047 pervestigans
1336 3977 1599 4035 solitaria:
1629 3979 1754 4035 vita:
1782 3980 2020 4046 deditos,
2052 3992 2173 4038 tan-

592 4084 756 4139 quam
786 4085 957 4141 agnos
987 4069 1214 4126 minime
1244 4081 1613 4143 repugnantes
1642 4073 1951 4146 jugulabat.
1986 4077 2172 4133 Mona-

592 4162 757 4216 steria
787 4161 956 4216 veluti
988 4164 1371 4218 conventicula
1402 4163 1676 4219 latronum
1703 4168 2021 4232 evertebat;
2045 4185 2171 4225 car-

593 4267 749 4307 ceres
796 4253 868 4308 ob
922 4253 1258 4309 inclusorum
1309 4255 1705 4311 monachorum
1759 4258 2168 4314 multitudinem

593 4360 821 4414 prorsus
847 4344 951 4398 arti
977 4353 1174 4410 erant;
1209 4345 1416 4416 ubique
1455 4347 1611 4418 niger
1635 4349 1870 4404 vestitus
1912 4366 2015 4405 ceu
2055 4352 2172 4422 pia-

594 4439 780 4494 calum
810 4438 1085 4507 quoddam
1114 4441 1513 4510 expellehatur.

664 4529 796 4597 Quae
830 4546 954 4585 cum
988 4531 1333 4588 Artabasdus
1370 4533 1482 4598 ille,
1514 4550 1677 4602 quem
1713 4535 1823 4605 jam
1859 4545 1986 4589 ante
2025 4535 2169 4590 dixi-

595 4637 718 4676 mus
748 4637 973 4676 uxorem
1008 4622 1232 4677 duxisse
1262 4623 1464 4679 Leonis
1499 4623 1697 4689 filiam,
1740 4624 2011 4695 aspicer.-t
2035 4665 2050 4681 .
2097 4636 2175 4696 ty-

596 4713 884 4769 rannidem
945 4714 1261 4769 immaniter
1324 4716 1615 4771 barbaram
1678 4732 1911 4787 perosus
1968 4717 2171 4772 bellum

593 4806 954 4862 Constantino
999 4796 1151 4871 facit,
1194 4805 1308 4877 89
1353 4823 1463 4877 quo
1515 4807 1641 4876 fuga
1685 4808 1791 4863 sibi
1846 4808 2170 4863 consulente

595 4899 970 4953 Romanorum
1002 4898 1300 4968 imperator
1329 4899 1700 4955 renuntiatur.
1732 4898 1872 4953 Tum
1899 4912 2029 4953 vero
2057 4899 2169 4968 pie-

598 4988 724 5043 tatis
756 4988 895 5043 radii
921 4988 989 5043 de
1015 4988 1229 5059 integro
1254 4987 1464 5059 fulgere
1486 5028 1501 5054 ,
1530 4989 1877 5043 venerabiles
1908 4989 2171 5058 imagines

595 5096 757 5135 suum
797 5081 852 5135 in
886 5081 1067 5135 locum
1117 5080 1341 5151 reponi,
1389 5080 1626 5150 Virginis
1656 5079 1844 5135 Matris
1879 5089 1935 5135 et
1965 5079 2171 5135 Christi

596 5172 821 5227 testium
871 5171 1140 5242 imagines
1193 5170 1547 5242 splendorem
1594 5171 1889 5242 pristinum
1942 5185 2173 5241 recupe-

595 5275 721 5318 rare

2270 3160 2494 3217 credere
2526 3174 2625 3229 par
2660 3168 2765 3223 est,
2798 3157 2931 3213 satis
2960 3157 3316 3213 alﬂictionum
3346 3168 3403 3212 et
3428 3173 3713 3228 pmnarum
3742 3160 3851 3215 ha-'

2272 3250 2455 3306 behat.
2506 3249 2851 3320 Quapropter
2898 3248 3303 3318 expeditionem
3355 3263 3550 3303 noram
3604 3251 3850 3306 instituit

2270 3343 2337 3397 ad
2373 3342 2703 3413 premendos
2732 3339 2983 3395 homines
3021 3339 3339 3410 religiosos,
3384 3340 3614 3410 perinde
3646 3357 3712 3397 ac
3741 3344 3843 3414 Sy-
3877 3342 3883 3348 ’

2270 3451 2366 3490 rus
2418 3434 2511 3490 ille
2563 3443 2781 3504 satrapa
2829 3432 3331 3488 Chusarsathemus
3377 3432 3505 3486 olim
3559 3432 3842 3488 lsraclicos

2269 3528 2524 3583 vexabat.
2554 3526 2696 3594 Quid
2725 3534 2914 3582 autem
2941 3524 3224 3591 acciderit,
3248 3523 3560 3579 narratione
3590 3526 3845 3595 sequenti

2270 3619 2659 3674 declarabitur.

2340 3707 2519 3779 Equo
2553 3708 2696 3763 ferre
2744 3707 2927 3763 animo
2975 3706 3323 3761 amissionem
3373 3707 3587 3777 imperii
3636 3722 3844 3778 nequa-

2272 3814 2434 3868 quam
2468 3798 2557 3853 ille
2584 3797 2752 3853 draco
2783 3804 3016 3867 poterat.
3048 3796 3415 3862 Quamobrem
3449 3798 3701 3854 dolenter
3733 3814 3846 3853 sor-

2273 3899 2382 3945 tem
2436 3905 2589 3944 suam
2640 3888 2922 3961 cepiarum
2974 3886 3211 3943 ducibus
3259 3888 3507 3958 exponit,
3541 3889 3846 3946 adulatorie

2272 3997 2397 4038 cum
2423 3981 2505 4037 eis
2533 3978 2665 4053 a'git,
2699 3995 2796 4050 spe
2828 3978 3229 4049 promissorum
3263 3979 3587 4045 inflammat,
3626 3981 3849 4050 provin-

2272 4074 2481 4129 ciarum
2517 4072 2779 4143 prtesides
2805 4086 2934 4125 suas
2959 4070 3026 4126 ad
3059 4078 3246 4141 partes
3291 4071 3551 4127 traducit.
3586 4072 3846 4127 Exercitu

2272 4166 2512 4220 maximo
2554 4172 2742 4219 coacto
2775 4178 3011 4234 pugnam
3053 4178 3180 4218 cum
3214 4160 3543 4218 adversariis
3575 4164 3844 4229 conserit,

2272 4258 2502 4314 victoria
2538 4258 2762 4328 potitur,
2800 4255 3167 4311 Artabasdum
3197 4256 3384 4311 vivum
3420 4255 3585 4326 capit,
3617 4256 3754 4311 iram
3789 4257 3844 4310 in

2273 4364 2400 4405 eum
2440 4365 2594 4405 suam
2634 4348 2949 4403 universam
2991 4347 3217 4411 evomit,
3263 4355 3320 4403 et
3356 4348 3533 4403 oculis
3572 4347 3847 4403 infelicem

2203 4439 2249 4494 D
2277 4441 2491 4508 spoliat.
2530 4442 2741 4495 Rursus
2774 4439 2941 4510 igitur
2988 4439 3221 4494 infestus
3274 4439 3364 4493 ille
3406 4440 3517 4494 Deo
3549 4452 3851 4509 purpuram

2268 4540 2466 4601 gestat,
2499 4542 2556 4586 et
2597 4533 2716 4602 ipso
2757 4533 2866 4601 jam
2902 4529 3443 4585 Nabuchodonosore
3475 4529 3534 4583 fit
3564 4531 3847 4585 truculen-

2272 4624 2401 4679 tior.
2432 4627 2693 4689 Quasnam
2724 4623 2842 4678 hmc
2873 4621 3198 4677 vicissitudo
3223 4631 3329 4685 est,
3362 4636 3395 4675 ο
3427 4620 3704 4675 instabilis
3725 4618 3862 4673 vitae

2272 4715 2425 4769 rota!
2466 4715 2605 4768 Rosa
2632 4714 2723 4768 vix
2756 4712 2944 4769 florem
2983 4720 3138 4767 nacta
3166 4712 3419 4767 celeriter
3451 4711 3768 4774 marcescit;
3799 4720 3854 4764 at

2270 4804 2492 4873 spinosa
2522 4803 2787 4857 rhamnus
2817 4804 3039 4873 longum
3074 4802 3142 4857 ad
3185 4801 3450 4870 temporis
3494 4800 3846 4855 intervallum

2272 4896 2442 4965 viget.
2490 4892 2648 4948 Titus
2696 4893 2913 4963 imperii
2966 4906 3219 4962 campum
3271 4890 3512 4960 inspexit
3563 4888 3750 4953 modo,
3799 4896 3855 4943 et

2274 5002 2432 5057 aequo
2458 4987 2620 5042 citius
2645 4986 2905 5055 abreptus
2939 4985 3214 5055 particeps
3249 4983 3502 5038 autumni
3538 4982 3850 5036 fructuum-

2276 5093 2385 5148 que
2412 5078 2529 5133 ﬁeri
2565 5094 2674 5131 non
2705 5076 2921 5147 potuit;
2949 5085 3006 5130 at
3036 5074 3447 5145 impurissimus
3475 5073 3600 5137 iste,
3626 5070 3849 5125 humani

2278 5168 2496 5239 generis
2528 5175 2939 5223 excrementum
2963 5206 2977 5227 ,
3010 5165 3307 5235 longaevam
3344 5171 3541 5218 nactus
3569 5170 3654 5216 est
3683 5161 3850 5214 vitam

2282 5260 2338 5333 (ο
2384 5260 2659 5314 fortunam
2688 5257 3011 5327 inaequalem
3039 5258 3078 5328 l)
3129 5255 3454 5327 imperiique
3505 5256 3747 5310 fructum
3780 5253 3850 5307 ad

1948 5380 2156 5441 Varias
2195 5374 2530 5441 lectiones.

740 5505 1107 5579 vféouavn.
1155 5505 1226 5579 ,ξ’
1254 5505 1545 5579 ἐξώρυξεν]
1566 5505 1831 5579 ἐξέκοψεν
1862 5509 1921 5561 Α.
2002 5502 2432 5579 ³⁶ᾲὲξώρυγενιΛ.
2511 5502 2552 5579 ³)
2581 5498 2981 5579 ἀντᾳγξχάραξε
3008 5499 3071 5553 Α.
3140 5498 3185 5530 ³⁸
3231 5496 3521 5579 κλξιὴῢθξξν
3546 5491 3610 5579 R;
3686 5491 3731 5569 ξ’
3766 5507 3859 5579 l‘?‘

598 5572 971 5648 λενδυτοῦντες
1010 5578 1076 5629 Δ.
1153 5576 1197 5606 ⁸⁸
1237 5572 1593 5648 καταστροιρὴ
1620 5579 1685 5631 li.
1746 5572 1801 5608 ’δ’
1847 5580 2001 5648 μῖσος
2043 5577 2109 5629 ιι.

2186 5576 2230 5605 ⁸⁸
2262 5573 2479 5640 μυώσας
2513 5576 2576 5622 Δ.

2654 5570 2699 5600 ⁸³
2728 5561 2881 5622 illiue
2913 5585 3127 5623 versum
3156 5583 3267 5620 om.
3302 5561 3367 5618 li.
3442 5566 3487 5595 “
3521 5564 3614 5614 καὶ
3649 5561 3754 5611 τῶν
3797 5578 3856 5627 μ.

601 5645 692 5695 τοῦ
722 5644 785 5697 Il.
865 5646 909 5677 "
944 5629 1161 5701 ἆνιάται
1186 5648 1248 5699 Λ.
1328 5647 1372 5678 ⁸⁸
1404 5629 1737 5700 κόλάξωνλ.
1814 5629 1859 5678 δῖ
1890 5629 2348 5716 ἐκοξρςισίειωνἈ.
2429 5641 2469 5671 “
2497 5640 2861 5710 παλ’ντροπον
2901 5639 2966 5706 Α,
3028 5636 3378 5709 παλίντροχον
3413 5632 3477 5687 R.
3559 5631 3600 5663 ⁸³
3633 5630 3763 5684 xiiii
3790 5629 3854 5683 Δ.

601 5712 647 5742 ⁸ο
673 5715 862 5783 ράϐἇος
894 5715 958 5771 n.
1036 5715 1077 5747 ιι
1107 5715 1161 5768 αἳ
1188 5714 1301 5771 λιιι.
