4138 6216
304 339 405 403 385

308 457 409 509 Kal
439 452 537 523 τὴν
559 450 784 523 ὀπώραν
812 452 913 522 τῆς
946 455 1121 528 ἀρχῆς
1148 456 1449 529 ἐτρύγησεν
1475 462 1554 523 εἰς
1583 461 1767 531 κόρον.

230 576 239 583 -
304 538 466 607 Οὗτος
495 547 522 596 ὁ
549 545 957 615 τρισεξάγιστος
986 548 1222 619 ἐξήγαγε
1273 549 1368 602 τοῦ
1402 550 1519 620 βίου
1550 552 1594 583 ⁸¹

305 638 345 688 Τ
347 638 405 690 ὸν
434 637 706 705 Στέφανον
729 639 820 692 τὸν
854 640 1017 708 ἱερὸν,
1047 642 1155 694 τῶν
1190 644 1474 710 μοναστῶν
1499 644 1562 697 τὸ
1592 646 1804 714 στέφος·

308 722 408 779 Ἦν
440 727 547 797 γάρ
580 728 803 799 στερρὸς
828 729 1150 800 ὑπὲρμαχος
1179 731 1286 785 τῶν
1318 731 1485 801 ιερῶν
1506 733 1758 797 εἰκόνων,

305 818 411 869 Kal
447 818 507 869 τὸ
533 819 721 889 θηρίον
751 821 813 873 τὸ
839 821 1012 874 δεινὸν
1035 823 1305 895 εὐστόχως
1333 823 1630 894 διαπείρων

305 911 409 963 Καὶ
430 910 640 979 βάλλων
664 913 1006 983 κατακάρδια
1039 913 1321 983 βελέμνοις
1352 914 1463 967 τῶν
1489 915 1749 985 ἐλέγχων.

316 1002 478 1073 Ὀστά
501 1002 601 1070 τῆς
632 1002 945 1055 καλλινίκου
974 1004 1030 1056 δὲ
1056 1004 1331 1074 μάρτυρος
1360 1006 1648 1075 Εὑφημίας

305 1095 450 1145 Βοῶν
485 1095 693 1155 ὀστέοις
721 1096 814 1147 καὶ
845 1097 1024 1149 κυνῶν
1055 1094 1083 1149 ὁ
1110 1096 1334 1175 βέϐηλος
1365 1097 1643 1168 συμμίξας

307 1187 528 1250 Γνάθοις
562 1188 730 1258 πυρὸς
761 1189 1063 1259 παρέδωκε.
1084 1188 1191 1241 lim)
1221 1190 1489 1259 κεραυνοῦ
1517 1192 1579 1242 τὺ
1611 1190 1762 1260 βέλος
1787 1208 1802 1257 ;

306 1278 613 1348 Τριάκοντα
642 1279 686 1331 δ’
714 1280 771 1332 ἐν
799 1279 944 1332 ἔτεσι
975 1280 1112 1348 πρὸς
1138 1280 1401 1351 τέσσαρσι
1434 1284 1714 1351 κρατήσας

307 1371 437 1435 Ταῖς
469 1372 656 1425 Ἃιδου
686 1373 1123 1443 παραπέμπεται
1152 1373 1439 1427 κολάσεσιν
1472 1375 1715 1438 ἐνδίκως.

381 1462 538 1516 Ἐπεὶ
568 1462 613 1515 δ’
634 1463 897 1534 ἐξέρρηξε
932 1481 1062 1517 ποτε
1088 1463 1265 1535 ψυχὴν
1296 1465 1394 1537 τὴν
1427 1466 1733 1536 μιαιφόνον,

306 1552 458 1604 Λέων
480 1554 508 1605 ό
535 1554 664 1615 παῖς
692 1553 785 1606 τοῦ
809 1552 1067 1625 βδελυροῦ
1100 1555 1398 1624 χειρίζεται
1424 1556 1494 1609 τὰ
1526 1560 1803 1629 σκῆπτρα.

311 1644 468 1697 Ἀλλὰ
500 1644 593 1697 καὶ
618 1646 769 1699 Λέων
793 1646 981 1716 τάχιον
1008 1648 1175 1718 γῆθεν
1201 1650 1613 1718 μεταναστεύει,

265 1756 277 1766 ·
318 1732 417 1805 [ἧς
443 1734 719 1805 βασιλείας
752 1735 898 1790 ἔτεσι
920 1738 1103 1809 μόνοις
1129 1743 1290 1793 πέντε
1323 1741 1601 1812 κατάρξας
1631 1743 1704 1806 ⁸⁸,

307 1828 543 1899 Εἰρήνην
569 1829 667 1900 τὴν
693 1829 961 1901 ὁμόζυγον
983 1832 1030 1863 ⁵⁸
1054 1832 1148 1885 καὶ
1172 1832 1262 1886 τὸν
1282 1835 1346 1886 ἐκ
1373 1834 1578 1905 ταύτης
1612 1836 1779 1890 παῖδα

310 1911 415 1974 Τὸν
440 1922 850 1976 Κωνσταντῖνον
874 1922 1147 1994 κράτορας
1175 1924 1349 1978 λιπὼν
1377 1927 1806 1996 ἐννομωτάτους.

308 2007 469 2067 Οὗτοι
507 2013 736 2083 καὶγὰρ
774 2012 1130 2084 ἀθροίσαντες
1178 2016 1379 2087 ἄνδρας
1429 2016 1797 2090 θεοφορήτους

309 2102 422 2173 Τὴν
458 2102 702 2156 ἄκανθαν
725 2104 1050 2175 αὐτόρριζον
1074 2104 1173 2176 τῆς
1211 2106 1602 2178 εἰκονομαχίας

313 2191 651 2246 Ἀνέσπασαν
686 2192 785 2265 τὴν
819 2194 1085 2248 κνίσασαν
1117 2196 1217 2259 τὰς
1248 2196 1492 2260 εύσεδεϊς
1532 2197 1782 2269 καρδίας,

311 2285 424 2337 Kal
454 2286 575 2349 ταῖς
611 2286 878 2356 ἀρούραις
925 2286 1033 2339 τῶν
1078 2287 1268 2358 ψυχῶν
1290 2291 1411 2352 ταῖς
1440 2290 1885 2359 ὑλομανησάσαις

322 2376 416 2427 Γὸν
450 2378 650 2447 σπόρον
675 2377 1067 2433 κατεδάλλοντο
1091 2380 1185 2433 τὸν
1214 2380 1315 2450 τῆς
1338 2381 1669 2453 όρθοδοξίας.

316 2467 520 2537 ’Ἄμφω
545 2468 644 2537 μὲν
673 2464 766 2523 οὖν
791 2469 875 2538 ἐφ’
908 2471 1093 2525 ίκανδν
1118 2474 1247 2535 παῖς
1270 2489 1328 2525 τε
1359 2475 1454 2525 καὶ
1481 2474 1668 2544 μήτηρ
1690 2468 1882 2544 ἦρχον,

313 2559 425 2611 Kal
457 2560 642 2629 μήτηρ
670 2554 760 2631 ἦν,
785 2561 845 2614 τὸ
870 2561 964 2614 τοῦ
995 2562 1182 2627 Δαὸὶδ,
1216 2564 1308 2615 ἐπὶ
1343 2562 1498 2616 παιδὶ
1524 2562 1570 2594 ⁸⁵
1599 2563 1883 2633 τρυφῶσα.

312 2646 475 2701 Ἐπεὶ
502 2650 547 2702 δ’
579 2652 606 2703 ό
631 2654 759 2715 παῖς
784 2654 811 2704 ὁ
840 2651 1094 2722 βασιλεὺς
1118 2653 1303 2707 λοιπὸν
1330 2653 1607 2725 ηλικιοῦτο

314 2742 427 2794 Kal
463 2742 664 2811 μεῖραξ
686 2739 756 2814 ἦν
784 2744 1104 2817 καλλιφυὴς,
1157 2747 1463 2818 κροτάφους
1500 2747 1745 2810 ίουλίζων

314 2834 454 2901 (Καὶ
486 2834 595 2905 γὰρ
644 2836 927 2901 παιδίσκος
972 2838 1179 2903 ἁπαλὸς
1212 2838 1465 2893 λέλειπτο
1501 2839 1583 2910 τῷ
1628 2840 1885 2908 τεκόντι),

1413 320 1925 409 communium
1962 338 2435 413 CHRONICUM.

3450 358 3556 422 383

1908 472 1951 528 Α
1985 464 2514 539 Παρεισςρθαρέντων
2567 467 2648 530 εἰς
2684 466 2848 521 αὑτὸν
2875 468 2984 521 τῶν
3020 468 3476 539 πσνηροκολάκων
3506 470 3551 503 ⁸⁸

1987 556 2097 608 Kal
2120 557 2491 609 δαπανώντων
2533 559 2635 628 τὴν
2682 561 2850 613 αὐτοῦ
2888 560 3111 630 καρδίαν
3133 561 3448 622 κολακείαις

1992 648 2085 710 Ὠς
2113 648 2309 719 δένδρα
2343 654 2411 702 τὰ
2452 649 2779 720 γλυκύχυμα
2827 650 3108 719 σκώληκες
3137 650 3450 720 ξυλοφάγοι,

1995 736 2392 809 Ὑπερφρονεῖ,
2422 740 2759 809 μεγαλαυχεῖ
2792 744 2931 794 κατὰ
2967 741 3064 811 τῆς
3119 741 3414 812 βασιλίδος,
3472 734 3480 743 ’

1982 826 2155 889 Λύτός
2185 844 2245 879 τε
2280 827 2442 896 μόνος
2469 830 2737 897 ἐπαρκεῖν
2769 833 2883 893 τοῖς
2919 831 3210 899 πράγμασι
3259 834 3486 901 νομίσας

1981 918 2102 969 Τῶν
2133 919 2452 987 ἀνακτόρων
2480 919 2762 974 ἔκπτωτον
2818 924 3055 975 ποιεῖται
3082 922 3179 994 τὴν
3211 925 3422 996 μητέρα

1984 1009 2094 1060 Kal
2128 1011 2226 1063 σὺν
2254 1009 2392 1081 αὐτῇ
2420 1010 2520 1081 τὴν
2562 1014 2836 1083 κοσμικὴν
2893 1015 3121 1086 εἰρήνην
3160 1018 3554 1088 κουροτρόφον.

1981 1094 2264 1152 Ἐντεῦθεν
2291 1100 2604 1154 ἐκκυλίεται
2634 1104 2774 1173 πρὸς
2795 1103 3269 1176 ἀθεσμοπραγίας,

1982 1187 2090 1240 Kal
2133 1188 2308 1258 κείρει
2347 1190 2445 1259 μὲν
2471 1190 2570 1262 τὴν
2600 1191 2852 1247 σύνοικον
2897 1196 3000 1266 τὴν
3034 1197 3554 1266 σωφρονικωτάτην,

1986 1276 2190 1345 Ἀλλης
2225 1278 2283 1331 δὲ
2317 1276 2464 1348 μῖξιν
2496 1282 2757 1347 γυναικὸς
2789 1286 2904 1347 τοῖς
2952 1285 3203 1355 λέκτροις
3249 1286 3553 1354 ἐπεισάγει.

1980 1369 2089 1421 Kal
2119 1371 2227 1441 γὰρ
2259 1374 2413 1441 ῥανὶς
2450 1372 2726 1445 ἐνδελεχὴς
2752 1376 2957 1446 πέτραν
2986 1378 3229 1448 σκληρὰν
3275 1378 3555 1442 κοιλαίνει,

1980 1460 2090 1512 Kal
2125 1461 2348 1531 κάμπαι
2377 1462 2476 1526 τὰς
2517 1463 2853 1534 δενδρίτιδας
2889 1467 3163 1535 φυλλάδας
3196 1468 3479 1527 ἀναλοῦσι,

1979 1549 2091 1602 Kal
2115 1550 2346 1613 κόλακες
2368 1552 2638 1620 ἐσθίουσιν
2660 1554 2985 1626 ἀνθρώπους
3017 1558 3557 1626 μικροσπλὰγχνους.

1980 1640 2125 1694 Ἀλλ’
2167 1642 2367 1714 ἔνηψεν
2404 1644 2503 1713 ὀψέ
2530 1663 2660 1698 ποτε
2689 1647 2792 1716 τῆς
2832 1647 3009 1719 ἄκρας
3035 1649 3346 1717 φιλαυτίας,

1981 1734 2222 1804 Συνῆκεν
2261 1734 2337 1797 ὡς
2369 1736 2737 1807 συνείληπται
2771 1740 2935 1809 μέσος
2974 1741 3018 1772 ⁸⁷
3050 1745 3243 1805 κακοῖς
3286 1742 3559 1811 ἐσχάτοις.

1908 1810 1956 1870 Β
1984 1826 2095 1879 Kal
2136 1826 2301 1879 πάλιν
2330 1827 2428 1897 τὴν
2461 1827 2786 1898 βασίλισσαν
2815 1830 3114 1902 ἐκλιπαρεῖ
3137 1834 3353 1904 μητέρα

1988 1917 2213 1971 Ἰθύνειν
2230 1917 2291 1970 τὸ
2317 1920 2699 1990 καλλίπρωρον
2726 1922 2824 1990 τῆς
2850 1922 3130 1992 βασιλείας
3158 1926 3384 1990 σκάςος.

1984 2008 2314 2078 Κάμπτεται
2349 2009 2532 2078 λόγοις
2565 2010 2662 2064 τοῦ
2696 2013 2885 2075 παιδὸς
2914 2015 2947 2084 ἡ
2976 2014 3188 2082 βασιλὶς
3219 2011 3451 2085 Εἰρήνη.

1991 2100 2102 2152 Kal
2132 2100 2299 2153 πάλιν
2326 2095 2396 2172 ἦν
2425 2103 2523 2155 σὺν
2556 2103 2634 2171 τῷ
2676 2103 2851 2168 παιδὶ,
2894 2106 2985 2157 καὶ
3008 2106 3104 2159 σὺν
3138 2105 3285 2175 αὐτῷ
3315 2106 3489 2159 διεῖπε

1984 2193 2059 2245 Τὸ
2075 2193 2275 2265 κράτος
2292 2197 2387 2247 καὶ
2406 2194 2474 2248 τὰ
2492 2197 2795 2266 πράγματα
2814 2199 2908 2249 καὶ
2926 2198 3027 2266 τὴν
3053 2197 3344 2269 Ῥωμαίων
3366 2198 3559 2269 τύχηνο

1984 2279 2094 2335 Ἦν
2117 2284 2225 2355 γὰρ
2252 2286 2348 2339 καὶ
2364 2286 2524 2354 φύσει
2552 2286 2815 2357 φίλαρχος
2842 2287 3053 2341 καὶτοῦ
3075 2290 3302 2359 κρατεῖν
3324 2289 3558 2358 διψῶσα.

1988 2374 2133 2429 ’Λλλ’
2172 2377 2199 2427 ὁ
2247 2376 2491 2447 λαλήσας
2518 2377 2725 2448 ψίθυρα
2762 2382 2881 2443 ταῖς
2906 2380 3097 2443 ἀκοαῖς
3129 2380 3227 2450 τῆς
3255 2378 3416 2446 Εὔας,

1990 2466 2100 2518 Kal
2139 2468 2238 2536 τῆς
2278 2468 2476 2529 κακίας
2507 2469 2597 2522 τὸν
2633 2470 2711 2522 ίὺν
2741 2470 2820 2532 εἰς
2849 2468 2947 2540 τῂν
2979 2453 3162 2540 ψυχὴν
3193 2470 3419 2540 ἐμέσας,

1992 2558 2101 2609 Kal
2149 2557 2345 2620 πείσας
2370 2560 2787 2626 ἀπογεύσασθαι
2820 2561 2981 2626 ξύλου
3012 2563 3112 2614 τοῦ
3159 2562 3559 2633 καλλικάρπου,

1991 2650 2100 2703 Kal
2131 2650 2362 2704 θάνατον
2412 2650 2729 2719 ἐπενεγκὼν
2762 2652 2883 2706 ἀντὶ
2939 2651 3085 2720 ζωῆς
3132 2652 3355 2717 ἀλύτου,

1992 2743 2099 2796 Kal
2131 2743 2190 2796 τὸ
2212 2744 2446 2814 τερπνὸν
2478 2746 2803 2813 μεταΰαλὼν
2827 2747 2908 2809 είς
2930 2747 3171 2816 ἄκρατον
3203 2748 3452 2818 πικρίαι,

1994 2836 2103 2889 Kal
2133 2837 2192 2889 τὸ
2233 2837 2505 2906 γλυκάζον
2530 2838 2611 2901 είς
2639 2837 2825 2911 χολὴν,
2848 2839 2910 2893 τὸ
2936 2839 3128 2909 θέλγον
3173 2842 3254 2903 είς
3279 2838 3492 2910 ὀδύνην,

3244 2931 3398 2986 Vers.
3425 2930 3565 2986 M57

312 3125 630 3182 satietatem
661 3141 833 3197 usque
869 3126 1165 3197 decerpsit.
1196 3125 1477 3182 lnterfecit
1512 3128 1679 3183 etiam
1710 3130 1885 3185 seelc-
1917 3171 1960 3227 ε
1994 3133 2048 3186 ἰη
2078 3131 2312 3202 pueritia
2342 3139 2517 3201 patre,
2549 3129 2833 3186 sceleratis
2873 3129 3204 3200 quibusdam
3254 3138 3565 3185 assentato-

310 3214 596 3269 stissimus
632 3214 798 3270 homo
833 3225 1081 3270 sanctum
1120 3215 1275 3269 illum
1309 3217 1489 3270 virum
1527 3216 1885 3288 Stephanum,
1919 3214 1960 3227 "
2002 3223 2156 3276 ribus
2192 3223 2245 3275 in
2285 3222 2404 3292 ejus
2432 3221 2727 3276 amicitiam
2771 3235 2831 3275 se
2882 3221 3293 3276 insinuantibus
3333 3229 3389 3275 et
3426 3220 3566 3276 adu-

315 3305 715 3360 monacborum
744 3306 933 3372 decus,
954 3307 1100 3377 quod
1130 3322 1408 3363 sacrarum
1440 3312 1736 3381 imaginum
1763 3328 1891 3381 pro-
1997 3312 2161 3365 laudo
2187 3327 2282 3366 cor
2305 3312 2671 3366 adolescentis
2691 3309 3075 3369 exedentibus,
3099 3308 3565 3379 quemadmodum

314 3404 588 3463 pugnator
616 3404 873 3450 constans
897 3406 1063 3461 esset,
1099 3411 1163 3451 ac
1201 3411 1401 3452 sazvam
1448 3398 1687 3454 belluam
1717 3400 1893 3454 felici-
2000 3402 2159 3455 tinea:
2207 3402 2384 3455 dulcis
2427 3401 2652 3455 arbores
2700 3397 2848 3453 succi
2886 3399 3178 3453 eorrodcre
3218 3399 3421 3461 solent,
3456 3414 3567 3452 non

316 3496 408 3543 ter
441 3485 759 3557 contigeret,
790 3488 1020 3557 ejusque
1052 3488 1261 3541 viscera
1291 3490 1505 3559 sagittis
1537 3499 1892 3560 argumento-
1999 3492 2173 3545 solum
2216 3498 2444 3544 matrem
2496 3487 2900 3558 itnperatricem
2951 3487 3317 3558 jactabundus
3361 3503 3475 3559 prae
3509 3505 3570 3544 se

312 3593 443 3632 rum
471 3578 809 3633 vulneraret.
846 3578 1092 3647 Denique
1137 3578 1305 3632 telum
1349 3580 1595 3635 fulminis
1638 3598 1760 3637 ossa
1808 3583 1891 3638 vi—
1999 3579 2403 3644 contemnebat,
2436 3594 2625 3633 verum
2651 3578 2815 3633 etiam
2845 3592 3029 3632 rerum
3072 3593 3133 3632 se
3182 3577 3567 3648 gubernationi

314 3671 509 3727 ctricis
534 3670 684 3725 illius
713 3669 865 3724 testis
885 3669 1221 3739 Euphemiae,
1246 3671 1410 3726 boum
1432 3674 1650 3729 ossibus
1671 3690 1897 3730 canum-
1994 3670 2105 3742 iam
2144 3670 2401 3726 idoneum
2453 3670 2585 3726 satis
2634 3670 2973 3735 arbitratus.
3022 3687 3089 3726 ex
3138 3670 3284 3742 regia
3335 3681 3567 3727 matrem

314 3779 427 3834 que
465 3761 728 3831 permista
749 3800 764 3825 ,
795 3762 1186 3817 concremavit.
1218 3762 1276 3817 In
1303 3762 1450 3818 hunc
1479 3765 1700 3820 modum
1736 3767 1895 3823 annis
2000 3760 2194 3813 lrenen
2228 3759 2354 3829 (hoc
2379 3767 2464 3814 est
2494 3761 2706 3829 pacem)
2731 3776 2837 3814 una
2868 3776 2992 3815 cum
3027 3776 3162 3830 pace
3185 3761 3374 3817 mundi
3403 3763 3572 3819 totius

316 3856 417 3910 ubi
456 3853 679 3924 triginta
711 3861 947 3923 quatuor
978 3865 1289 3925 regnasset,
1339 3855 1408 3911 ad
1450 3854 1577 3912 Orci
1626 3857 1893 3927 supplicia
1998 3850 2272 3921 ejicicbat.
2295 3849 2505 3905 Deinde
2529 3850 2595 3905 ad
2621 3851 2851 3906 nefanda
2878 3850 3125 3922 qumdam
3154 3852 3397 3908 facinora
3421 3868 3570 3907 exor-

312 3948 470 4018 justo
498 3943 711 4016 judicio
740 3943 999 4000 detrusus
1024 3953 1131 4000 est.

394 4040 533 4095 Cum
566 4037 784 4093 tandem
816 4038 1152 4108 inquinatam
1182 4037 1424 4094 caedibus
1451 4037 1689 4093 animam
1719 4038 1896 4109 exspi-

316 4139 522 4193 rasset,
555 4127 666 4184 Leo
698 4128 844 4183 ﬁlius
872 4129 993 4199 ejus
1037 4129 1286 4198 impurus
1334 4138 1552 4199 sceptra
1597 4129 1893 4200 consequi-

319 4232 416 4277 tur
444 4240 460 4288 ;
504 4221 600 4276 sed
632 4230 812 4277 tamen
843 4229 899 4274 et
929 4220 1045 4291 ipse
1090 4229 1266 4275 terras
1297 4221 1407 4276 cito
1434 4220 1734 4291 relinquit,
1772 4227 1897 4291 post

315 4327 533 4368 annum
564 4311 779 4383 imperii
810 4312 1096 4382 quintum,
1134 4310 1290 4366 lrene
1318 4312 1549 4382 conjuge
1578 4311 1892 4367 Constanti-

316 4416 509 4473 noque
544 4401 658 4456 ﬁlio
677 4440 693 4465 ,
723 4415 888 4471 quem
917 4415 985 4455 ex
1010 4416 1073 4455 ea
1103 4409 1453 4470 susceperat,
1485 4402 1898 4457 successoribus

320 4494 655 4565 in'imperio
696 4492 860 4562 longe
906 4491 1129 4561 optimis
1176 4492 1493 4562 designatis.
1524 4491 1635 4562 9o
1670 4491 1805 4547 Nam
1839 4493 1894 4547 bi
1934 4518 1972 4570 υ

320 4584 715 4656 religiosorum
745 4592 801 4638 et
826 4582 1254 4653 gubernatorum
1298 4583 1563 4638 divinitus
1615 4583 1899 4638 hominum

319 4685 480 4732 cmtu
511 4682 722 4740 coacto,
758 4674 945 4744 spinas
981 4674 1408 4745 oppugnationis
1432 4675 1754 4746 imaginum,
1782 4693 1905 4746 qua:

320 4768 451 4838 pias
491 4774 705 4821 mentes
740 4764 1063 4837 jamdudum
1100 4778 1428 4836 punxerant,
1460 4766 1725 4821 radicitus
1749 4770 1905 4821 evul-

320 4867 561 4922 serunt,
595 4865 651 4912 et
680 4857 733 4910 in
765 4857 912 4912 arvis
939 4857 1250 4911 animorum
1296 4857 1705 4913 luxuriantibus
1743 4868 1906 4913 rectm

322 4949 583 5004 veritatis
609 4947 873 5002 doctrina:
897 4947 1103 5001 semina
1129 4957 1510 5003 conseverunt.
1536 4946 1904 5001 Administra-

326 5041 470 5096 bant
497 5048 677 5094 autem
718 5038 1027 5108 conjunctis
1054 5038 1237 5108 aperis
1266 5039 1555 5108 imperium
1590 5026 1697 5092 tam
1729 5048 1905 5093 mater

324 5145 498 5201 quam
533 5130 677 5184 filius
704 5130 836 5183 satis
866 5128 1030 5200 longo
1061 5137 1306 5198 tempore
1327 5168 1342 5192 ,
1371 5143 1496 5183 cum
1531 5129 1755 5198 quidem
1788 5143 1905 5181 ma-

327 5233 443 5287 ter,
471 5222 549 5275 uti
582 5221 815 5276 Davides
846 5221 1112 5290 loquitur,
1140 5234 1210 5275 ex
1235 5221 1349 5274 filio
1377 5220 1713 5290 voluptatem
1749 5235 1909 5291 cape-

326 5320 442 5367 ret.
483 5310 590 5366 Sed
641 5311 731 5365 ubi
781 5311 926 5366 filius
954 5311 1252 5381 imperator
1296 5311 1646 5377 adolevisset,
1685 5312 1908 5383 jamque

324 5402 537 5472 lanugo
568 5402 739 5457 malas
764 5402 885 5471 ejus
918 5402 1115 5457 vestire
1162 5403 1418 5471 coepisset
1438 5442 1453 5467 ,
1503 5403 1705 5457 amisso
1733 5401 1909 5471 prima

1998 3941 2155 3996 bitat.
2188 3940 2417 4013 Conjugi
2451 3941 2869 4014 modestissimae
2898 3942 3373 4013 pudicissima:un
3404 3945 3571 4014 capil-

2001 4033 2082 4087 los
2118 4032 2279 4097 radit,
2306 4012 2430 4088 feta
2474 4012 2642 4104 prioi'i
2672 4012 3022 4088 matrimonio
3051 4012 3320 4089 secundas
3354 4033 3423 4089 ad
3457 4012 3563 4088 nu-

2002 4122 2145 4192 ptias
2177 4123 2395 4177 transit.
2420 4122 2689 4177 Nimirum
2735 4131 2889 4195 gutta
2919 4123 3181 4177 continuo
3214 4122 3428 4177 stillans
3469 4122 3573 4178 du-

2004 4228 2123 4268 rum
2159 4215 2322 4269 etiam
2353 4228 2541 4268 saxum
2574 4225 2834 4280 excavat;
2869 4224 2925 4269 et
2958 4214 3213 4267 arborum
3241 4212 3369 4268 folia
3394 4228 3573 4271 eruca:

2003 4305 2336 4361 absumunt;
2373 4310 2428 4357 et
2472 4312 2841 4357 assentatores
2866 4302 2934 4356 ad
2974 4312 3284 4359 extremum
3317 4302 3573 4359 homines

2004 4393 2221 4464 pusillis
2249 4392 2509 4463 praeditos
2540 4391 2740 4447 animis
2787 4392 3049 4448 exedunt.
3092 4393 3345 4449 Vicissim
3391 4407 3571 4449 tamen

2003 4499 2069 4539 ex
2102 4485 2205 4539 hoc
2238 4498 2421 4538 amore
2446 4482 2529 4538 sui
2562 4481 2732 4536 nimio
2764 4483 3059 4553 resipiscit,
3081 4484 3345 4539 extremis
3367 4498 3427 4539 se
3454 4500 3573 4539 ma-

2003 4576 2071 4631 lis
2119 4575 2388 4630 inclusum
2432 4573 2604 4629 teneri
2648 4573 3030 4644 deprehendit,
3069 4581 3298 4628 matrem
3331 4573 3571 4644 impera-

2004 4668 2195 4723 tricem
2242 4674 2433 4721 exorat
2477 4674 2536 4718 ut
2583 4664 2649 4718 ad
2698 4663 3150 4735 gubernationem
3181 4680 3240 4719 se
3269 4679 3456 4719 rursus
3484 4680 3573 4717 ac-

2004 4757 2208 4828 cingat.
2246 4755 2399 4810 Irene
2432 4754 2528 4809 filii
2556 4754 2739 4808 verbis
2776 4752 3040 4818 flectitur,
3074 4754 3141 4808 ad
3169 4768 3295 4808 eum
3340 4753 3574 4807 reverti-

2006 4858 2114 4913 tur,
2143 4847 2329 4902 oncris
2363 4846 2416 4899 in
2454 4844 2850 4915 gubernatione
2878 4854 3085 4914 partem
3119 4845 3171 4899 in
3203 4860 3260 4900 se
3294 4843 3573 4910 transfert,

2008 4937 2153 5009 quod
2181 4938 2347 4992 etiam
2388 4951 2418 4989 a
2450 4946 2642 4989 natura
2674 4934 2754 4990 sic
2779 4942 3092 5004 comparata
3135 4934 3276 4989 foret
3308 4940 3369 4988 ut
3404 4934 3575 5002 impe-

2012 5032 2154 5083 rium
2195 5028 2477 5083 aﬂ'cctarct
2505 5042 2569 5081 ac
2606 5027 2833 5082 mirifice
2878 5027 3146 5083 dominari
3196 5034 3440 5096 cuperet.
3474 5026 3573 5081 Ve-

2007 5136 2129 5174 rum
2162 5119 2207 5173 is
2239 5119 2333 5189 qui
2366 5133 2630 5173 susurros
2672 5118 2726 5172 in
2776 5133 2939 5174 aures
2982 5118 3107 5173 Eva:
3153 5117 3400 5189 ingessit,
3445 5117 3574 5170 mali

2004 5225 2279 5264 venenum
2332 5209 2384 5263 in
2437 5209 2557 5276 ejus
2606 5208 2849 5262 animant
2899 5209 3164 5273 evomuit,
3199 5216 3259 5261 ut
3291 5206 3421 5278 ligni
3454 5206 3577 5275 pul-

2006 5306 2265 5362 cherrimi
2298 5306 2534 5359 fructum
2567 5312 2809 5373 gustaret
2852 5302 3144 5372 persuasit,
3193 5311 3425 5357 mortem
3477 5316 3579 5370 pro

2007 5409 2211 5455 aeterna
2258 5399 2368 5451 vita
2413 5395 2720 5462 substituit,
2751 5394 3083 5463 voluptatem
3132 5409 3255 5449 cum
3305 5392 3579 5449 amariore

1682 5542 1889 5604 Variae
1922 5539 2254 5603 lectiones.

408 5690 456 5722 ι’
482 5684 635 5765 [tunc
657 5701 876 5765 versum
906 5702 1016 5765 om.
1052 5686 1144 5765 il.“
1192 5683 1241 5718 ⁵³
1276 5682 1433 5742 llunc
1463 5701 1682 5742 versum
1700 5701 1810 5741 om.
1834 5684 1899 5739 li.

1993 5684 2020 5716 “
2046 5683 2289 5754 ὁμόζυγα
2316 5687 2385 5736 Α.
2458 5682 2503 5715 ⁵⁵
2529 5678 2620 5734 ἐπὶ
2636 5677 2787 5733 παιδὶ
2809 5677 2868 5731 τὸ
2883 5678 2979 5733 τοῦ
3004 5677 3171 5733 Δαδὶδ
3186 5676 3253 5734 R.
3329 5676 3375 5709 ’θ
3408 5692 3576 5749 πονη-
3599 5758 3608 5765 _

258 5800 271 5813 κ
324 5756 639 5834 ρωιαρδίων
668 5762 735 5814 ιι.
810 5756 851 5791 ⁸’
885 5759 1069 5828 μέσοις
1104 5754 1169 5809 Β.
