4122 6212
538 323 649 392 3S7

1697 319 2203 386 CONSTA‘NTINI
2246 262 2620 378 blANASSIS

3682 302 3790 366 388

542 439 850 498 Κάντεῦθεν
897 439 998 508 τὴν
1038 436 1392 507 τριτάλαιναν
1430 438 1511 500 είς
1547 437 1784 505 πέλαγος
1826 437 2110 497 ποντώσας
2137 437 2186 496 Α
2214 430 2321 483 Καὶ
2346 424 2560 496 χάλαζα
2594 420 2914 476 κατέϐαινεν
2943 420 3006 472 ὲκ
3029 415 3190 489 φόνου
3221 415 3622 508 σφαιρουμένη·

543 533 653 584 Καὶ
672 528 992 598 πειρασμῶν
1012 528 1090 590 είς
1112 527 1393 581 Θάλασσαν
1412 526 1508 579 καὶ
1528 527 1824 596 συμφορῶν
1842 528 1918 587 εἰς
1941 524 2111 594 κῦμα,

543 617 712 683 Οὗτος
741 622 831 671 καὶ
855 618 965 672 τότ’
994 617 1282 680 ἐπίϐουλος
1314 617 1410 670 καὶ
1436 615 1740 685 σύμϐουλος
1769 614 1974 688 Εἰρήνῃ

543 715 622 782 Τῇ
655 709 888 781 βασιλίδι
915 708 1178 776 γεγονὼς,
1205 710 1299 760 καὶ
1325 707 1518 772 θέλξας
1541 709 1639 778 τὴν
1674 708 1903 777 καρδίαν

544 804 588 854 Τ
599 810 654 869 ἦς
686 800 982 871 μοναρχίας
1009 800 1172 869 ἔρωτι
1201 798 1298 851 καὶ
1331 798 1788 868 μονοκρατορίας,

547 893 729 945 Πείοει
761 892 900 944 κατὰ
931 890 1024 944 τοῦ
1072 889 1330 959 μείρακος
1363 889 1557 942 τούτου
1585 888 1681 942 τοῦ
1712 888 1976 959 βασιλέως

545 985 750 1054 Βουλὴν
775 983 1167 1054 βουλεύσασθαι
1198 982 1417 1044 σκαιὰν,
1438 981 1560 1049 φεῦ,
1587 980 2115 1052 ἀπανθρωποτοὶτην⁷

559 1081 662 1130 Ἢν
693 1077 811 1130 οὐδὲ
841 1074 1289 1146 τιγροπάρδαλις,
1319 1073 1379 1126 οὐ
1410 1073 1457 1105 ⁸⁸
1496 1072 1635 1124 λέων
1664 1072 1984 1141 βρυχητίας,

547 1169 660 1220 Οὐκ
693 1167 892 1237 ἄρκτος
923 1166 1279 1236 ἁγριόθυμος,
1315 1163 1376 1216 ού
1427 1162 1645 1234 δράκων
1685 1159 2000 1229 ὠμοφάγος.

552 1258 776 1328 Ὀρῶσα
815 1259 921 1326 γάρ
953 1275 1036 1311 τοι
1066 1257 1157 1309 τὸν
1192 1255 1308 1308 υἱὸν
1336 1255 1590 1324 άσέμνως
1628 1269 1688 1304 τε
1725 1251 1940 1321 βιοῦντα

545 1352 659 1403 Καὶ
695 1352 828 1402 πᾶσι
865 1349 1312 1418 προσφερόμενον
1353 1348 1494 1399 κατὰ
1521 1345 1582 1397 τὸ
1625 1344 1929 1414 βουλητέον,

545 1443 724 1511 Αὐτὴν
759 1443 815 1496 δὲ
843 1440 1275 1510 διαπράττεσθαι
1303 1439 1471 1508 μηδὲν
1495 1455 1546 1490 τι
1577 1435 1904 1505 δυναμένην,

549 1531 862 1600 Πάτροκλον
891 1530 1055 1600 δῆθεν
1095 1529 1372 1600 πρόφασιν
1403 1529 1448 1560 ⁵⁵
1479 1525 1703 1592 εὔλογον
1751 1525 2047 1596 εὑραμένη.

563 1622 648 1684 Ὠς
679 1623 738 1674 οὑ
769 1621 948 1684 καλῶς
982 1623 1009 1674 ὁ
1050 1620 1305 1690 βασιλεὺς
1335 1618 1470 1672 ἀλλὰ
1517 1618 1612 1670 καὶ
1648 1617 1978 1687 παρανόμως

547 1713 660 1775 Τάς
709 1712 876 1778 κόρας
909 1710 1303 1780 ἅπησϐόλωσεν
1353 1708 1518 1762 αὑτοῦ
1555 1709 1663 1761 τῶν
1699 1706 2115 1777 πατραδέλφων,

2213 519 2382 581 Αὐτὸς
2422 517 2467 570 δ’
2492 516 2521 568 ὁ
2551 513 3004 582 τληπαθέστατος
3030 509 3217 563 ἔκειτο
3251 507 3623 576 σφακελίζων,

2215 611 2405 678 Θέαμα
2431 607 2532 675 φεῦ
2559 603 2816 670 ἐλεεινὸν,
2846 601 3034 655 πεῖθον
3067 600 3286 652 πενθεῖν
3326 597 3422 652 καὶ
3442 596 3648 664 λίθους,

2227 703 2376 753 Ἑκεί
2401 702 2502 761 τὰς
2538 696 2688 766 ὄψεις
2710 694 2990 757 ἐκκοπεὶς,
3023 694 3142 745 ἐκεῖ
3192 690 3443 754 σϐεσθεὶς
3473 690 3572 754 τὰς
3603 689 3792 760 κόρας,

2218 795 2392 846 Ὅπου
2417 790 2478 844 τδ
2509 789 2726 860 πρῶτον
2759 786 2985 855 ἔϐλεψεν
3020 785 3175 857 ἡλίου
3202 785 3304 848 τὰς
3334 777 3650 855 λαμπάδας⁶

2219 881 2514 954 Πορφύραν
2539 878 2904 952 ὀνομάζουσιν
2935 878 3143 930 ἐκεῖνον
3175 877 3266 930 τὸν
3292 876 3560 931 οἰκίσκον.

2219 975 2315 1038 Τίς
2344 972 2679 1042 τηλικαύτην
2707 972 2910 1042 ἢκουσε
2941 971 2986 1002 ⁸ο
3024 968 3342 1040 βαρύθυμον
3378 969 3598 1037 μανίαν,

2218 1066 2442 1136 Μητρὸς
2479 1064 2680 1135 μανίαν
2711 1065 2791 1127 είς
2827 1064 2978 1130 υίόν;
3026 1061 3094 1114 Ai
3145 1060 3357 1124 πάθους
3387 1061 3431 1092 ⁸⁸
3465 1060 3792 1132 φιλαρχίαςῖ

2221 1157 2297 1210 Οὐ
2322 1156 2592 1228 πάρδαλις
2622 1155 2945 1225 ὲκμαίνεται
2976 1152 3117 1207 κατὰ
3157 1152 3265 1205 τῶν
3311 1152 3569 1221 σκύμνων
3599 1151 3792 1214 οὕτως’

2221 1250 2334 1318 Οὐχ
2372 1247 2546 1310 οὕτως
2572 1247 2920 1316 άγριαίνεται
2952 1245 3097 1298 κατὰ
3131 1245 3241 1297 τῶν
3275 1243 3586 1297 σκυλακίων

2221 1343 2297 1394 Οὐ
2358 1340 2560 1411 τίγρις,
2597 1339 2718 1392 οὐδὲ
2758 1338 3036 1409 κάρχαρος
3070 1335 3190 1389 οὐδὲ
3225 1334 3502 1405 λυσσώδης
3535 1334 3700 1388 κύων.

2221 1433 2462 1502 Μήδειαν
2488 1432 2656 1501 μόνην
2685 1429 2936 1499 λέγουσιν
2977 1429 3188 1487 τέκνοις
3214 1423 3620 1490 ἐπιϐουλεῦσαι,

2224 1524 2334 1578 Καὶ
2360 1521 2564 1593 ταύτην
2596 1523 2705 1577 άπὸ
2729 1519 3006 1588 Σκυθικῆς
3042 1517 3582 1588 ἁγριογνωμοσύνης.

2229 1618 2407 1670 Μόνον
2429 1615 2616 1668 ἀκούω
2641 1614 2736 1667 τὸν
2763 1612 2916 1682 ἰχθὺν
2945 1609 3037 1662 τὸν
3067 1608 3368 1677 πελαγίτην
3400 1607 3589 1660 θύννον

2226 1710 2568 1762 Πεινάσαντα
2601 1703 2968 1777 καταῤῥοφεῖν
2993 1703 3084 1756 τὸν
3116 1703 3270 1772 γόνον
3293 1702 3381 1754 τὶν
3404 1702 3624 1761 οἰκεῖον,

548 1800 838 1854 Κοινοῧται
861 1800 962 1870 φεῦ
983 1803 1096 1864 τοῖς
1120 1800 1260 1870 ἀμφ’
1285 1798 1454 1869 αὐτὴν
1483 1798 1580 1868 τὴν
1603 1797 1844 1868 θηριώδη
1868 1796 2117 1867 γνώμην,
2155 1789 2195 1842 9
2225 1803 2387 1855 Ἀλλο
2412 1802 2456 1854 δ’
2478 1801 2629 1854 οὐδὲν
2661 1800 2762 1853 ούκ
2786 1800 2835 1837 ⁸³
2863 1797 3114 1868 ένυγρον,
3150 1795 3265 1850 ἀλλ’
3288 1795 3409 1848 οὐδὲ
3438 1793 3794 1865 χερσοπόρον*

547 1891 809 1961 Εὖρίσκει
841 1891 1048 1953 πάντας
1081 1889 1354 1952 εὐπειθεῖς
1373 1929 1387 1952 ,
1421 1890 1651 1959 ἀνήκοον
1679 1887 1868 1940 οὐδένα
1889 1901 1904 1916 ⁶

552 1981 663 2034 Καὶ
691 1980 744 2034 τί
771 1981 880 2050 γὰρ
912 1981 976 2034 ἂν
1006 1982 1106 2034 ούκ
1149 1981 1383 2053 ἔδρασαν
1419 1983 1468 2034 οἱ
1504 1979 2016 2050 θαλαμηπολοῦντες

553 2073 812 2144 Εὐνοῦχοι
843 2072 1242 2144 ῥυπαρόψυχοι,
1278 2073 1500 2127 πάντων
1534 2072 1722 2126 κακῶν
1750 2072 2021 2143 ὲργάται;

550 2165 785 2235 Τυρεύει
815 2164 913 2235 τὴν
955 2164 1248 2235 ἐπιϐουλὴν
1291 2163 1392 2234 φεῦ
1427 2167 1566 2218 κατὰ
1593 2162 1690 2216 τοῦ
1729 2163 2012 2232 φιλτάτου,

548 2256 690 2318 Τοὺς
725 2256 961 2326 τρόπους
995 2255 1334 2309 ὑποτίθεται.
1373 2254 1438 2307 Τί
1483 2254 1541 2306 δὲ
1573 2254 1634 2306 τὸ
1665 2255 1805 2324 μετὰ
1831 2253 2046 2319 ταῦτας

550 2347 840 2401 ’Ύπνωττε
879 2348 978 2417 μὲν
1018 2348 1046 2400 ὁ
1091 2345 1367 2415 βασιλεὺς,
1396 2347 1513 2400 ἀλλ’
1560 2345 1729 2401 ὕπνον
1774 2345 2118 2414 σκοτοδότην,

550 2439 763 2493 ’Υπνον
796 2440 916 2510 μεθ’
957 2440 1016 2493 δν
1050 2441 1150 2492 οὐκ
1182 2439 1372 2509 ἔμελλε
1398 2441 1593 2503 κάλλος
1629 2441 1782 2507 ἡλίου
1809 2439 2048 2510 βλέπεινσ

551 2533 614 2586 Οἱ
648 2532 693 2585 δ’
723 2531 1026 2603 είσπηδῶσι
1058 2532 1296 2602 κόρακες
1323 2531 1514 2602 ὥσπερ
1539 2533 2017 2602 όφθαλμορύκται,

553 2624 666 2678 Καὶ
694 2624 803 2677 τῶν
835 2608 1100 2695 ὀμμάτων
1133 2623 1234 2692 φεῦ
1283 2623 1446 2678 αὑτοῦ
1488 2623 1548 2676 τὸ
1586 2623 1744 2686 σέλας
1788 2623 2117 2696 ἀμαυροῦσι.

552 2715 666 2768 Καὶ
693 2713 888 2784 γλῆναι
922 2715 1021 2786 μὲν
1056 2714 1352 2786 κατέρρεον
1381 2717 1446 2768 ὲκ
1475 2715 1584 2768 τῶν
1613 2715 1780 2769 αὐτοῦ
1813 2715 2120 2785 βλεφάρων,

552 2807 665 2860 Καὶ
695 2807 1003 2878 σταλαγμὸς
1035 2807 1340 2878 αἰματηρδς
1373 2807 1600 2878 ἐμόλυνε
1629 2808 1753 2870 τοὺς
1786 2807 2045 2872 πέπλους,

2223 1895 2288 1947 Αἱ
2313 1895 2423 1962 γὰρ
2457 1891 2758 1946 Εἰλείθυιαι
2790 1891 2961 1943 δειναὶ
2982 1889 3226 1959 μητέρας
3253 1885 3584 1940 δυσωποῦσι.

2227 1983 2398 2054 Ἔσϐη
2429 1985 2497 2036 τὰ
2531 1981 2907 2052 σελαγίσματα
2943 1979 3064 2033 τότε
3103 1979 3171 2033 τὰ
3207 1977 3302 2032 τοῦ
3343 1977 3656 2047 φωσφόρου,

2226 2078 2347 2141 Φῶς
2377 2077 2476 2130 οὐκ
2503 2076 2672 2128 ἐδίδου
2724 2073 3087 2146 λαμπραυγὲς
3133 2069 3482 2140 παντοφανὴς
3523 2070 3550 2121 ὁ
3581 2068 3796 2138 λύχνος,

2237 2168 2475 2238 Ἐπέμυε
2504 2168 2548 2200 ⁸³
2575 2168 2633 2220 τὸ
2669 2165 2938 2237 βλέφαρον
2970 2167 3001 2234 ἡ
3032 2161 3345 2232 φωτοφόρος
3381 2163 3426 2193 ⁸⁸
3459 2162 3618 2233 κόρη,

2225 2261 2396 2331 Ζὸφος
2421 2259 2468 2313 δ’
2496 2258 2787 2329 ἐφήπλωτο
2817 2256 2986 2327 βαθὺς
3019 2256 3110 2309 ἐπὶ
3148 2256 3368 2326 συχναῖς
3399 2253 3654 2323 ἡμέραις·

2228 2353 2337 2406 Καὶ
2363 2353 2431 2406 τὰ
2455 2353 2697 2421 στοιχεῖα
2725 2350 2834 2420 γὰρ
2876 2348 3017 2402 αὑτά
3062 2348 3158 2416 τὴν
3196 2363 3259 2400 συ
3270 2347 3484 2417 μφορὰν
3513 2342 3794 2396 ἐπένθουν.

2227 2444 2298 2498 Ai
2334 2443 2506 2507 πάθος
2545 2441 2868 2511 ἐλεούμενον
2897 2439 3132 2512 οἰκτρῶς
3167 2438 3210 2470 ⁸⁸
3243 2437 3340 2491 καὶ
3380 2439 3492 2498 τοῖς
3522 2434 3793 2506 ἀψύχοιςξ

2228 2535 2386 2588 Οὕτω
2413 2535 2471 2588 δὲ
2503 2533 2660 2588 τοῦτο
2689 2533 2940 2605 δράσασα
2973 2532 3034 2586 τὸ
3067 2531 3376 2600 πάντολμον
3402 2529 3588 2598 εκείνη

2240 2629 2566 2698 Ἀρχηγετεί
2600 2626 2695 2681 καὶ
2731 2627 2994 2696 μοναρχεί
3019 2624 3200 2693 (τοῦτο
3226 2623 3322 2676 καὶ
3360 2622 3468 2691 γὰρ
3495 2620 3698 2692 ἐπόθει)

2229 2722 2338 2774 Καὶ
2370 2719 2506 2789 μόνη
2537 2715 2941 2791 περιζώννυται
2975 2716 3072 2786 τὴν
3103 2714 3555 2784 αύτοκρατορίαν.

2302 2811 2437 2866 Τότε
2472 2813 2565 2864 καὶ
2607 2809 2797 2882 Ῥώμῃ
2821 2811 2887 2878 τῇ
2929 2807 3177 2877 λαμπρᾷ,
3208 2807 3276 2876 τῇ
3303 2805 3548 2876 γηραλέα
3583 2803 3796 2874 Ῥώμῃ.

3487 2919 3642 2974 Vers.
3666 2917 3803 2973 4490

554 3048 707 3088 mero
733 3033 1105 3097 commutavit,
1130 3050 1254 3090 cum
1281 3035 1388 3090 bile
1408 3033 1914 3102 duleedinem,cum
1937 3036 2125 3091 dolore
2230 3052 2521 3094 corvorum
2563 3037 2616 3094 in
2647 3050 2859 3091 morem
2895 3035 3084 3090 oculos
3114 3032 3452 3099 cruentium,
3512 3031 3805 3103 imperato-

552 3125 998 3191 delectationem,
1028 3126 1231 3196 quique
1266 3125 1524 3197 deinceps
1555 3127 1719 3181 Evam
1753 3127 1898 3181 illam
1929 3128 2125 3183 miser-
2153 3136 2197 3198 ο
2231 3133 2309 3187 ris
2339 3133 2393 3185 in
2422 3130 2681 3186 conclave
2712 3128 3048 3198 irrumpunt,
3075 3135 3130 3182 et
3159 3127 3345 3181 lumen
3373 3124 3658 3180 oculorum
3683 3123 3806 3195 eius

553 3218 748 3273 rimam
797 3219 851 3273 in
904 3234 1052 3274 mare
1099 3219 1459 3273 tentationum
1513 3219 1994 3292 calamitatumque
2030 3221 2127 3276 dc-
2233 3220 2404 3292 (proh
2437 3218 2645 3275 fcedum
2680 3218 2963 3289 facinus!)
3007 3217 3381 3288 exstinguunt.
3425 3216 3546 3270 Mox
3587 3215 3809 3286 pupilla:

554 3313 766 3376 mersit,
796 3309 841 3365 is
872 3310 1040 3380 igitur
1065 3310 1230 3365 etiam
1261 3311 1366 3364 hoc
1401 3320 1647 3381 tempore
1674 3327 1782 3366 non
1817 3320 1924 3367 tam
1955 3313 2132 3367 consi-
2231 3311 2520 3368 oculorum
2569 3309 2786 3375 delabi,
2821 3309 2982 3364 stilla:
3031 3309 3342 3380 sanguineae
3379 3307 3570 3377 peplos
3622 3307 3807 3377 inqui-

553 3400 746 3456 liarius
774 3417 936 3472 quam
969 3401 1256 3460 insidiator
1285 3402 1459 3457 [rente
1501 3401 1716 3470 factus,
1751 3401 1842 3458 ubi
1880 3421 1976 3458 cor
2008 3405 2128 3476 ejus
2231 3416 2385 3464 nare,
2416 3415 2582 3455 cruor
2610 3399 2666 3453 in
2703 3413 2912 3454 morem
2949 3397 3228 3468 grandinis
3253 3395 3591 3467 conglobari,
3625 3396 3798 3465 impe-

555 3493 907 3548 demulsisset
938 3507 1124 3548 arnore
1167 3492 1501 3557 dominatus,
1529 3509 1640 3563 quo
1679 3495 1792 3549 sola
1827 3495 2126 3562 frueretur,

557 3583 797 3652 denique
826 3583 1124 3651 persuadet
1171 3590 1230 3636 ut
1275 3583 1541 3638 adversus
1571 3584 1963 3653 imperatorem
1995 3587 2129 3640 ado-

556 3672 855 3728 lcscentem
887 3672 1111 3728 crudele
1141 3674 1434 3727 consilium
1457 3684 1512 3728 et
1561 3675 1669 3729 heu
1695 3677 1706 3729 !
1743 3675 1902 3746 longe
1933 3677 2129 3731 imma-

558 3762 848 3816 nissimum
896 3761 1079 3825 iniret,
1137 3763 1281 3832 quod
1335 3780 1401 3817 ne
1452 3765 1832 3836 tigrepardalis
1881 3766 2129 3836 quidem,

561 3868 664 3908 nec
695 3853 919 3923 rugiens
966 3853 1072 3917 leo,
1110 3870 1211 3909 nec
1261 3856 1559 3910 iracundus
1598 3872 1779 3920 ursus,
1813 3873 1916 3912 nec
1948 3859 2134 3913 crudi-

557 3960 727 4000 vorus
773 3944 941 3999 draco
995 3955 1235 4015 caperet.
1278 3945 1415 4002 Cum
1469 3948 1616 4001 enim
1674 3945 1845 4001 filium
1894 3949 2131 4018 quodam

561 4036 726 4089 modo
763 4036 928 4090 vitam
985 4035 1300 4091 indecoram
1355 4051 1516 4108 agere
1559 4052 1768 4107 proque
1824 4039 1993 4092 animi
2048 4041 2135 4096 sui

560 4128 832 4182 arbitratu
885 4137 1080 4182 cuncta
1129 4144 1319 4198 gerere
1357 4129 1590 4194 videret,
1642 4129 1747 4200 91
1791 4130 1906 4202 ipsa
1942 4145 2135 4201 parum

559 4219 860 4274 admodum
891 4219 1108 4275 efficere
1135 4220 1370 4286 valente,
1420 4229 1634 4292 reperta
1681 4221 1892 4277 scilicet
1937 4237 2139 4293 oppor-

564 4319 719 4375 tuna,
747 4325 850 4365 ceu
891 4310 1000 4367 diei
1034 4312 1198 4377 solet,
1227 4314 1540 4379 occasione,
1581 4330 1702 4384 quae
1746 4316 1985 4385 speciem
2033 4317 2136 4371 ali-

561 4417 728 4472 quam
778 4404 1053 4473 aequitatis
1105 4415 1160 4460 et
1203 4407 1432 4460 rationis
1467 4406 1718 4473 haberet,
1752 4408 1906 4479 quasi
1939 4418 2138 4480 praeter

2235 3504 2384 3549 rator
2431 3493 2548 3563 ipse
2599 3491 3108 3548 ca-lamitosissimus
3155 3489 3219 3542 ad
3275 3496 3476 3542 terram
3526 3488 3808 3560 proiectus

2234 3584 2418 3638 animo
2436 3583 2693 3649 deficere,
2715 3583 3085 3654 spectaculum
3104 3582 3232 3652 (heu
3253 3583 3290 3652 !)
3311 3581 3642 3648 miserabile,
3659 3581 3806 3652 quod

2235 3667 2370 3748 ipsis
2394 3676 2668 3748 lapidibus
2717 3676 2960 3730 dolorem
3005 3683 3308 3731 excuteret.
3361 3674 3429 3728 Et
3477 3674 3696 3745 quidem
3741 3688 3808 3730 eo

2237 3773 2356 3840 ipso
2388 3770 2441 3824 in
2471 3769 2591 3825 loco
2610 3769 2789 3824 visum
2815 3769 2991 3823 oculis
3013 3766 3227 3823 effossis
3247 3766 3451 3832 amisit,
3475 3782 3586 3837 quo
3607 3766 3662 3820 in
3688 3765 3808 3822 loco

2235 3862 2474 3932 primum
2501 3861 2749 3915 omnium
2779 3861 2965 3915 radios
2991 3859 3124 3915 solis
3150 3871 3462 3929 aspexerat.
3491 3859 3684 3915 Solent
3711 3875 3811 3914 au-

2237 3961 2345 4006 tem
2381 3951 2604 4007 domum
2648 3950 2795 4006 illam
2828 3963 3150 4020 nuncupare
3178 3949 3514 4020 Porphyram
3537 3989 3552 4013 ,
3588 3949 3693 4005 hoc
3725 3958 3813 4004 est

2236 4058 2558 4116 purpuram.
2611 4041 2746 4108 Quis
2789 4056 3030 4111 unquam
3072 4049 3283 4096 tantum
3336 4040 3578 4095 furorem
3645 4041 3811 4096 fando

2236 4136 2468 4200 audivit,
2503 4150 2668 4207 quem
2704 4142 2879 4192 mater
2911 4135 2968 4188 in
3013 4134 3184 4192 tilium
3211 4134 3559 4190 evomuerit?
3586 4133 3684 4189 Hei
3715 4132 3814 4189 do-

2237 4228 2480 4284 minandi
2513 4227 2796 4282 libidinem
2820 4228 2832 4281 ι
2870 4227 2990 4282 Non
3020 4227 3102 4281 sic
3131 4227 3370 4298 pardalis
3393 4241 3524 4282 suos
3546 4228 3814 4282 adversus

2237 4320 2448 4375 catulos
2479 4318 2631 4385 furit,
2665 4333 2775 4374 non
2809 4319 2884 4374 ita
2919 4318 3075 4374 saevit
3119 4320 3172 4374 in
3207 4319 3451 4374 sobolem
3484 4319 3660 4387 tigris,
3699 4334 3813 4372 non

2239 4424 2391 4478 aper,
2425 4422 2533 4462 non
2567 4409 2720 4464 canis
2747 4409 3006 4462 furiosus.
3043 4407 3226 4464 Solam
3257 4407 3500 4461 Medeam
3529 4407 3646 4460 suis
3674 4407 3814 4465 libeo

557 4491 651 4562 jus
676 4500 840 4562 atque
891 4492 971 4548 fas
1025 4493 1325 4563 imperator
1355 4496 1469 4550 suis
1501 4499 1714 4564 patruis
1743 4498 1933 4553 oculos
1957 4499 2135 4553 eruis—
2169 4515 2212 4569 ι)
2241 4499 2318 4553 ris
2349 4497 2660 4552 insidiatam
2691 4499 3002 4568 perhibent,
3034 4506 3090 4553 et
3120 4496 3344 4567 quidem
3375 4511 3442 4550 ex
3470 4495 3814 4554 immanitate

561 4591 671 4648 set,
700 4599 824 4637 cum
872 4583 989 4638 suis
1037 4585 1272 4638 immane
1323 4585 1615 4641 consilium
1662 4589 2051 4651 communicat,
2083 4597 2140 4644 et

561 4677 786 4747 quidem
819 4691 1011 4731 omnes
1053 4675 1468 4747 obtemperandi
1500 4680 1730 4749 cupidos
1764 4682 2006 4751 reperit,
2038 4681 2138 4736 ad-

561 4776 876 4824 versantem
907 4767 1207 4822 neminem.
1256 4769 1397 4834 Quid
1431 4770 1578 4824 enim
1630 4772 2008 4826 eubiculorum
2043 4788 2142 4827 cu—

561 4861 748 4916 stodes
781 4860 1044 4926 eunuchi,
1079 4861 1242 4917 foedis
1292 4863 1491 4918 animis
1541 4864 1779 4933 praediti,
1813 4872 2138 4918 cunctorum

564 4952 835 5006 malorum
863 4962 1289 5021 perpetratores,
1320 4968 1430 5006 non
1471 4953 1758 5009 facerent?
1805 4954 1976 5023 Igitur
2005 4954 2140 5008 insi-

561 5039 680 5096 dias
707 5041 821 5096 ﬁlio
857 5043 1183 5098 charissimo
1226 5059 1326 5114 per
1366 5044 1642 5112 speciem,
1689 5045 1844 5112 quasi
1901 5044 2038 5098 male
2078 5060 2138 5102 se

561 5147 797 5206 gereret,
829 5134 1027 5202 struit;
1056 5151 1219 5205 quem
1255 5143 1513 5189 conatum
1543 5135 1858 5206 hujnsmodi
1885 5136 2136 5207 quaedam

563 5235 860 5281 consecuta
891 5234 1038 5280 sunt.
1064 5227 1225 5282 Forte
1255 5242 1508 5281 somnum
1538 5226 1785 5296 capiebat
1814 5226 2132 5296 imperator,

563 5317 919 5386 peracerbum
954 5318 1054 5388 ipsi
1086 5317 1350 5387 profecto,
1383 5327 1506 5387 post
1533 5333 1695 5387 quem
1726 5334 1835 5372 non
1863 5320 1972 5389 jam
2005 5318 2137 5373 solis

566 5407 1034 5478 pulchritudinem
1096 5409 1332 5480 amplius
1383 5411 1601 5466 visurus
1650 5419 1814 5466 esset.
1865 5412 2003 5465 Tum
2058 5412 2136 5465 illi

2240 4589 2518 4661 Scythica.
2543 4590 2732 4645 Solum
2762 4591 3026 4662 thymium
3057 4588 3242 4652 audio,
3271 4588 3478 4658 piscem
3513 4590 3812 4654 marinum,

2240 4683 2283 4736 si
2313 4681 2542 4744 esuriat,
2577 4680 2821 4736 sobolem
2854 4679 3129 4750 prapriant
3162 4677 3467 4749 deglutire;
3497 4693 3601 4734 nec
3640 4681 3812 4736 ullum

2241 4772 2388 4826 aliud
2422 4772 2621 4826 animal
2654 4786 2797 4836 esse,
2827 4771 2911 4825 vel
2939 4773 3176 4842 aquatile
3221 4771 3304 4825 vel
3347 4779 3632 4835 terrestre,
3665 4772 3815 4841 quod

2241 4862 2511 4935 ejusmodi
2545 4862 2806 4933 quiddam
2836 4870 3136 4932 perpetret.
3186 4861 3399 4932 Quippe
3449 4863 3817 4933 parturigines

2245 4954 2376 5023 ipsa:
2407 4953 2475 5008 ad
2506 4952 2847 5008 efﬁciendam
2887 4953 2944 5007 in
2980 4953 3249 5008 matribus
3286 4953 3652 5009 reverentiam
3687 4969 3816 5024 erga

2247 5044 2492 5102 sobolem
2525 5043 2897 5098 eﬂicacitatem
2942 5043 3276 5114 singularem
3314 5042 3538 5099 habent.
3576 5044 3730 5098 Tunc
3757 5053 3818 5099 et

2243 5135 2376 5191 solis
2417 5135 2678 5205 splendor
2720 5134 3026 5189 exstinctus
3075 5142 3182 5196 est,
3231 5145 3286 5188 et
3318 5135 3448 5190 luna
3499 5134 3716 5198 defecit,
3761 5143 3818 5188 et

2245 5226 2627 5296 compluribus
2671 5227 2869 5280 diebus
2921 5226 3112 5296 ingens
3156 5225 3330 5296 caligo
3373 5225 3519 5279 fuit:
3553 5225 3816 5280 nimirum

2247 5318 2366 5388 ipsa
2415 5318 2686 5372 elementa
2739 5316 3087 5372 Constantini
3144 5317 3510 5372 calamitatem
3565 5316 3820 5386 deplora-

2248 5412 2400 5465 bant.
2425 5411 2541 5464 Heu
2568 5409 2781 5465 facinus
2805 5409 3064 5465 inanimis
3089 5411 3251 5465 etiam
3279 5411 3443 5466 rebus
3468 5410 3814 5465 miserabile!

1921 5543 2118 5606 Varias
2152 5547 2484 5609 lectiones.

636 5669 684 5743 "_
709 5669 805 5743 mi.
834 5668 907 5743 Β.
934 5668 1022 5743 __'9
1050 5669 1077 5721 ὅ
1111 5685 1274 5736 φασιν
1312 5672 1374 5724 Α.
1455 5673 1498 5704 ⁸ο
1531 5671 1721 5741 ἔϐλεψε
1763 5673 1823 5726 Λ.
1902 5675 1946 5704 ⁸³
1972 5672 2145 5736 πάθος
2167 5673 2279 5727 All.
2357 5673 2401 5704 ⁸³
2433 5666 2666 5741 οὖκ]ούδ’
2695 5674 2757 5724 Δ.
2838 5673 2883 5704 ⁸³
2916 5673 3134 5743 άπέμυε
3167 5671 3232 5728 R.
3310 5673 3354 5704 ⁸⁵
3389 5671 3732 5743 φωτοτρόφος
3755 5672 3820 5724 Δ.

567 5737 613 5774 ⁸⁵
638 5740 852 5808 οἰκτρὸν
885 5738 996 5794 Ali.
