  <div class='ocr_page' id='page_1' title='image "/cluster/home/n/w/nwhite01/storage/ocr_20150623/127/hvd.32044073502411/200.png"; bbox 0 0 4138 6216; ppageno 0'>
   <div class='ocr_carea' id='block_1_1' title="bbox 346 414 1742 487">
    <p class='ocr_par' dir='ltr' id='par_1_1' title="bbox 346 414 1742 487">
     <span class='ocr_line' id='line_1_1' title="bbox 346 414 1742 487; baseline -0.002 -16"><span class='ocrx_word' id='word_1_1' title='bbox 346 419 502 484; x_wconf 68' lang='grc' dir='ltr'>Λόγου</span> <span class='ocrx_word' id='word_1_2' title='bbox 526 414 617 468; x_wconf 70' lang='grc' dir='ltr'><strong>καὶ</strong></span> <span class='ocrx_word' id='word_1_3' title='bbox 652 415 870 485; x_wconf 80' lang='grc' dir='ltr'>μνήμης</span> <span class='ocrx_word' id='word_1_4' title='bbox 899 415 1049 478; x_wconf 76' lang='grc' dir='ltr'>ἄξιον</span> <span class='ocrx_word' id='word_1_5' title='bbox 1079 415 1309 487; x_wconf 63' lang='grc' dir='ltr'>πρᾶγμά</span> <span class='ocrx_word' id='word_1_6' title='bbox 1340 433 1388 467; x_wconf 87' lang='grc' dir='ltr'><strong>τι</strong></span> <span class='ocrx_word' id='word_1_7' title='bbox 1425 416 1742 485; x_wconf 70' lang='grc' dir='ltr'><strong>συνηνέχθη.</strong></span> 
     </span>
    </p>
   </div>
   <div class='ocr_carea' id='block_1_2' title="bbox 339 506 1580 577">
    <p class='ocr_par' dir='ltr' id='par_1_2' title="bbox 339 506 1580 577">
     <span class='ocr_line' id='line_1_2' title="bbox 339 506 1580 577; baseline -0.001 -16"><span class='ocrx_word' id='word_1_8' title='bbox 339 507 434 561; x_wconf 81' lang='grc' dir='ltr'>Ἶίν</span> <span class='ocrx_word' id='word_1_9' title='bbox 467 506 768 573; x_wconf 80' lang='grc' dir='ltr'>ἀγιστεύων</span> <span class='ocrx_word' id='word_1_10' title='bbox 817 509 875 558; x_wconf 81' lang='grc' dir='ltr'>ὲν</span> <span class='ocrx_word' id='word_1_11' title='bbox 910 507 1046 577; x_wconf 80' lang='grc' dir='ltr'>αὐτῇ</span> <span class='ocrx_word' id='word_1_12' title='bbox 1079 508 1176 570; x_wconf 80' lang='grc' dir='ltr'>τὰς</span> <span class='ocrx_word' id='word_1_13' title='bbox 1209 508 1357 577; x_wconf 78' lang='grc' dir='ltr'>ἱερὰς</span> <span class='ocrx_word' id='word_1_14' title='bbox 1390 506 1580 570; x_wconf 75' lang='grc' dir='ltr'>Θυσίας</span> 
     </span>
    </p>
   </div>
   <div class='ocr_carea' id='block_1_3' title="bbox 339 597 1646 668">
    <p class='ocr_par' dir='ltr' id='par_1_3' title="bbox 339 597 1646 668">
     <span class='ocr_line' id='line_1_3' title="bbox 339 597 1646 668; baseline -0.002 -18"><span class='ocrx_word' id='word_1_15' title='bbox 339 599 445 650; x_wconf 76' lang='grc' dir='ltr'><strong>Τῶν</strong></span> <span class='ocrx_word' id='word_1_16' title='bbox 469 597 642 650; x_wconf 87' lang='grc' dir='ltr'>ἄλλων</span> <span class='ocrx_word' id='word_1_17' title='bbox 667 613 724 648; x_wconf 82' lang='grc' dir='ltr'><strong>τε</strong></span> <span class='ocrx_word' id='word_1_18' title='bbox 767 597 1120 666; x_wconf 79' lang='grc' dir='ltr'>πρωτόαρχος</span> <span class='ocrx_word' id='word_1_19' title='bbox 1153 599 1447 668; x_wconf 86' lang='grc' dir='ltr'>ίεροπόλων</span> <span class='ocrx_word' id='word_1_20' title='bbox 1475 599 1646 651; x_wconf 79' lang='grc' dir='ltr'>Λέων·</span> 
     </span>
    </p>
   </div>
   <div class='ocr_carea' id='block_1_4' title="bbox 341 689 1885 761">
    <p class='ocr_par' dir='ltr' id='par_1_4' title="bbox 341 689 1885 761">
     <span class='ocr_line' id='line_1_4' title="bbox 341 689 1885 761; baseline 0 -19"><span class='ocrx_word' id='word_1_21' title='bbox 341 691 516 751; x_wconf 77' lang='grc' dir='ltr'>ῐιὰπας</span> <span class='ocrx_word' id='word_1_22' title='bbox 541 689 976 758; x_wconf 70' lang='grc' dir='ltr'><strong>κατονομάζεται</strong></span> <span class='ocrx_word' id='word_1_23' title='bbox 1007 693 1070 761; x_wconf 80' lang='grc' dir='ltr'>τῇ</span> <span class='ocrx_word' id='word_1_24' title='bbox 1102 690 1214 742; x_wconf 87' lang='grc' dir='ltr'><strong>τῶν</strong></span> <span class='ocrx_word' id='word_1_25' title='bbox 1254 692 1544 761; x_wconf 82' lang='grc' dir='ltr'>Ῥωμαίων</span> <span class='ocrx_word' id='word_1_26' title='bbox 1566 691 1787 760; x_wconf 83' lang='grc' dir='ltr'>γλώσσῃ</span> <span class='ocrx_word' id='word_1_27' title='bbox 1818 692 1885 722; x_wconf 80' lang='grc'><strong>⁸⁸⁸·</strong></span> 
     </span>
    </p>
   </div>
   <div class='ocr_carea' id='block_1_5' title="bbox 225 779 1888 852">
    <p class='ocr_par' dir='ltr' id='par_1_5' title="bbox 225 779 1888 852">
     <span class='ocr_line' id='line_1_5' title="bbox 225 779 1888 852; baseline 0.001 -21"><span class='ocrx_word' id='word_1_28' title='bbox 225 797 234 804; x_wconf 90' lang='grc'>·</span> <span class='ocrx_word' id='word_1_29' title='bbox 341 781 510 850; x_wconf 78' lang='grc' dir='ltr'>Τούτῳ</span> <span class='ocrx_word' id='word_1_30' title='bbox 539 780 754 850; x_wconf 82' lang='grc' dir='ltr'>πικρῶς</span> <span class='ocrx_word' id='word_1_31' title='bbox 787 779 1156 849; x_wconf 79' lang='grc' dir='ltr'>βασκήναντες</span> <span class='ocrx_word' id='word_1_32' title='bbox 1181 782 1372 850; x_wconf 83' lang='grc' dir='ltr'>ἄνδρες</span> <span class='ocrx_word' id='word_1_33' title='bbox 1400 782 1542 844; x_wconf 82' lang='grc' dir='ltr'>τινὲς</span> <span class='ocrx_word' id='word_1_34' title='bbox 1565 784 1630 835; x_wconf 84' lang='grc' dir='ltr'>ὲκ</span> <span class='ocrx_word' id='word_1_35' title='bbox 1670 781 1888 852; x_wconf 79' lang='grc' dir='ltr'>Ῥώμης</span> 
     </span>
    </p>
   </div>
   <div class='ocr_carea' id='block_1_6' title="bbox 338 870 1744 943">
    <p class='ocr_par' dir='ltr' id='par_1_6' title="bbox 338 870 1744 943">
     <span class='ocr_line' id='line_1_6' title="bbox 338 870 1744 943; baseline 0.004 -23"><span class='ocrx_word' id='word_1_36' title='bbox 338 873 390 920; x_wconf 80' lang='grc' dir='ltr'><strong>(ὶὶ</strong></span> <span class='ocrx_word' id='word_1_37' title='bbox 415 873 728 938; x_wconf 83' lang='grc' dir='ltr'>προσγενείς</span> <span class='ocrx_word' id='word_1_38' title='bbox 774 870 1038 939; x_wconf 80' lang='grc' dir='ltr'>’Λδριανῴ</span> <span class='ocrx_word' id='word_1_39' title='bbox 1068 872 1146 938; x_wconf 82' lang='grc' dir='ltr'>τῷ</span> <span class='ocrx_word' id='word_1_40' title='bbox 1177 874 1283 941; x_wconf 80' lang='grc' dir='ltr'><strong>πρὸ</strong></span> <span class='ocrx_word' id='word_1_41' title='bbox 1309 873 1535 943; x_wconf 71' lang='grc' dir='ltr'>βραχέος</span> <span class='ocrx_word' id='word_1_42' title='bbox 1563 874 1744 942; x_wconf 58' lang='lat' dir='ltr'><strong>narra,</strong></span> 
     </span>
    </p>
   </div>
   <div class='ocr_carea' id='block_1_7' title="bbox 344 961 1778 1035">
    <p class='ocr_par' dir='ltr' id='par_1_7' title="bbox 344 961 1778 1035">
     <span class='ocr_line' id='line_1_7' title="bbox 344 961 1778 1035; baseline 0.004 -25"><span class='ocrx_word' id='word_1_43' title='bbox 344 962 439 1013; x_wconf 67' lang='grc' dir='ltr'>Καὶ</span> <span class='ocrx_word' id='word_1_44' title='bbox 466 963 707 1023; x_wconf 73' lang='grc' dir='ltr'>στάσεως</span> <span class='ocrx_word' id='word_1_45' title='bbox 729 961 1024 1014; x_wconf 80' lang='grc' dir='ltr'><strong>κλυδώνιον</strong></span> <span class='ocrx_word' id='word_1_46' title='bbox 1067 963 1412 1031; x_wconf 84' lang='grc' dir='ltr'>κυμάναντες</span> <span class='ocrx_word' id='word_1_47' title='bbox 1451 964 1778 1035; x_wconf 79' lang='grc' dir='ltr'>βαρύθρουν,</span> 
     </span>
    </p>
   </div>
   <div class='ocr_carea' id='block_1_8' title="bbox 339 1051 1711 1122">
    <p class='ocr_par' dir='ltr' id='par_1_8' title="bbox 339 1051 1711 1122">
     <span class='ocr_line' id='line_1_8' title="bbox 339 1051 1711 1122; baseline 0.007 -23"><span class='ocrx_word' id='word_1_48' title='bbox 339 1051 433 1101; x_wconf 78' lang='grc' dir='ltr'>Τοὖ</span> <span class='ocrx_word' id='word_1_49' title='bbox 453 1051 643 1118; x_wconf 79' lang='grc' dir='ltr'>θρόνου</span> <span class='ocrx_word' id='word_1_50' title='bbox 675 1052 882 1120; x_wconf 76' lang='grc' dir='ltr'>καὶ·τῆς</span> <span class='ocrx_word' id='word_1_51' title='bbox 918 1053 1126 1115; x_wconf 75' lang='grc' dir='ltr'>πόλεως</span> <span class='ocrx_word' id='word_1_52' title='bbox 1168 1054 1448 1108; x_wconf 78' lang='grc' dir='ltr'>ἐλαύνουσι</span> <span class='ocrx_word' id='word_1_53' title='bbox 1475 1055 1711 1122; x_wconf 76' lang='grc' dir='ltr'>φυγάδα.</span> 
     </span>
    </p>
   </div>
   <div class='ocr_carea' id='block_1_9' title="bbox 347 1142 1630 1216">
    <p class='ocr_par' dir='ltr' id='par_1_9' title="bbox 347 1142 1630 1216">
     <span class='ocr_line' id='line_1_9' title="bbox 347 1142 1630 1216; baseline 0.004 -23"><span class='ocrx_word' id='word_1_54' title='bbox 347 1142 399 1192; x_wconf 82' lang='grc'><strong>’0</strong></span> <span class='ocrx_word' id='word_1_55' title='bbox 425 1142 474 1194; x_wconf 69' lang='grc' dir='ltr'><strong>δὲ</strong></span> <span class='ocrx_word' id='word_1_56' title='bbox 504 1143 764 1210; x_wconf 75' lang='grc' dir='ltr'><strong>,σημάνας</strong></span> <span class='ocrx_word' id='word_1_57' title='bbox 795 1144 854 1194; x_wconf 75' lang='grc' dir='ltr'>ἑν</span> <span class='ocrx_word' id='word_1_58' title='bbox 885 1148 1069 1214; x_wconf 77' lang='grc' dir='ltr'>γραφῇ</span> <span class='ocrx_word' id='word_1_59' title='bbox 1101 1145 1274 1197; x_wconf 82' lang='grc' dir='ltr'>ταῦτα</span> <span class='ocrx_word' id='word_1_60' title='bbox 1299 1148 1366 1215; x_wconf 83' lang='grc' dir='ltr'>τῇ</span> <span class='ocrx_word' id='word_1_61' title='bbox 1401 1147 1630 1216; x_wconf 76' lang='grc' dir='ltr'><strong>βασιλίδι</strong></span> 
     </span>
    </p>
   </div>
   <div class='ocr_carea' id='block_1_10' title="bbox 346 1233 1654 1309">
    <p class='ocr_par' dir='ltr' id='par_1_10' title="bbox 346 1233 1654 1309">
     <span class='ocr_line' id='line_1_10' title="bbox 346 1233 1654 1309; baseline 0.008 -27"><span class='ocrx_word' id='word_1_62' title='bbox 346 1233 682 1302; x_wconf 73' lang='grc' dir='ltr'>Ἑπκουρίας</span> <span class='ocrx_word' id='word_1_63' title='bbox 712 1251 770 1286; x_wconf 88' lang='grc' dir='ltr'><strong>τε</strong></span> <span class='ocrx_word' id='word_1_64' title='bbox 801 1238 984 1305; x_wconf 79' lang='grc' dir='ltr'><strong>τυχεῖν</strong></span> <span class='ocrx_word' id='word_1_65' title='bbox 1014 1239 1078 1289; x_wconf 79' lang='grc' dir='ltr'>ἐκ</span> <span class='ocrx_word' id='word_1_66' title='bbox 1111 1237 1316 1309; x_wconf 80' lang='grc' dir='ltr'><strong>ταύτης</strong></span> <span class='ocrx_word' id='word_1_67' title='bbox 1349 1238 1654 1302; x_wconf 77' lang='grc' dir='ltr'>ἱκετεύσας,</span> 
     </span>
    </p>
   </div>
   <div class='ocr_carea' id='block_1_11' title="bbox 346 1322 1820 1397">
    <p class='ocr_par' dir='ltr' id='par_1_11' title="bbox 346 1322 1820 1397">
     <span class='ocr_line' id='line_1_11' title="bbox 346 1322 1820 1397; baseline 0.007 -25"><span class='ocrx_word' id='word_1_68' title='bbox 346 1323 422 1382; x_wconf 87' lang='grc' dir='ltr'>Ὠς</span> <span class='ocrx_word' id='word_1_69' title='bbox 450 1322 590 1388; x_wconf 83' lang='grc' dir='ltr'>ἔγνω</span> <span class='ocrx_word' id='word_1_70' title='bbox 623 1324 798 1376; x_wconf 80' lang='grc' dir='ltr'>πάντα</span> <span class='ocrx_word' id='word_1_71' title='bbox 833 1327 1036 1394; x_wconf 77' lang='grc' dir='ltr'>μάταια</span> <span class='ocrx_word' id='word_1_72' title='bbox 1061 1328 1396 1397; x_wconf 85' lang='grc' dir='ltr'>τεχνώμενος</span> <span class='ocrx_word' id='word_1_73' title='bbox 1442 1331 1535 1381; x_wconf 76' lang='grc' dir='ltr'><strong>καὶ</strong></span> <span class='ocrx_word' id='word_1_74' title='bbox 1563 1331 1820 1397; x_wconf 80' lang='grc' dir='ltr'>πράττων</span> 
     </span>
    </p>
   </div>
   <div class='ocr_carea' id='block_1_12' title="bbox 337 1413 1748 1491">
    <p class='ocr_par' dir='ltr' id='par_1_12' title="bbox 337 1413 1748 1491">
     <span class='ocr_line' id='line_1_12' title="bbox 337 1413 1748 1491; baseline 0.007 -27"><span class='ocrx_word' id='word_1_75' title='bbox 337 1413 434 1464; x_wconf 69' lang='grc' dir='ltr'>Καὶ</span> <span class='ocrx_word' id='word_1_76' title='bbox 454 1413 684 1482; x_wconf 77' lang='grc' dir='ltr'>γράφειν</span> <span class='ocrx_word' id='word_1_77' title='bbox 725 1416 784 1467; x_wconf 72' lang='grc' dir='ltr'>τὸ</span> <span class='ocrx_word' id='word_1_78' title='bbox 819 1417 1113 1486; x_wconf 83' lang='grc' dir='ltr'>λεγόμενον</span> <span class='ocrx_word' id='word_1_79' title='bbox 1150 1420 1446 1489; x_wconf 78' lang='grc' dir='ltr'>ἐπιχειρῶν</span> <span class='ocrx_word' id='word_1_80' title='bbox 1479 1423 1557 1480; x_wconf 76' lang='grc' dir='ltr'><strong>είς</strong></span> <span class='ocrx_word' id='word_1_81' title='bbox 1582 1420 1748 1491; x_wconf 83' lang='grc' dir='ltr'>ὓδωρ.</span> 
     </span>
    </p>
   </div>
   <div class='ocr_carea' id='block_1_13' title="bbox 337 1505 1890 1582">
    <p class='ocr_par' dir='ltr' id='par_1_13' title="bbox 337 1505 1890 1582">
     <span class='ocr_line' id='line_1_13' title="bbox 337 1505 1890 1582; baseline 0.006 -29"><span class='ocrx_word' id='word_1_82' title='bbox 337 1505 434 1555; x_wconf 67' lang='grc' dir='ltr'><strong>Καὶ</strong></span> <span class='ocrx_word' id='word_1_83' title='bbox 466 1507 796 1574; x_wconf 78' lang='grc' dir='ltr'>πανταχόθεν</span> <span class='ocrx_word' id='word_1_84' title='bbox 841 1509 1112 1575; x_wconf 75' lang='grc' dir='ltr'>ἀπογνοὺς</span> <span class='ocrx_word' id='word_1_85' title='bbox 1156 1510 1490 1581; x_wconf 74' lang='grc' dir='ltr'>προσφεύγει</span> <span class='ocrx_word' id='word_1_86' title='bbox 1519 1510 1597 1580; x_wconf 84' lang='grc' dir='ltr'>τῷ</span> <span class='ocrx_word' id='word_1_87' title='bbox 1625 1511 1890 1582; x_wconf 79' lang='grc' dir='ltr'>Καρούλῳ</span> 
     </span>
    </p>
   </div>
   <div class='ocr_carea' id='block_1_14' title="bbox 333 1587 1886 1670">
    <p class='ocr_par' dir='ltr' id='par_1_14' title="bbox 333 1587 1886 1670">
     <span class='ocr_line' id='line_1_14' title="bbox 333 1587 1886 1670; baseline 0.007 -27"><span class='ocrx_word' id='word_1_88' title='bbox 333 1587 454 1659; x_wconf 83' lang='grc' dir='ltr'><strong>(Ἦν</strong></span> <span class='ocrx_word' id='word_1_89' title='bbox 480 1595 534 1646; x_wconf 78' lang='grc' dir='ltr'>δὲ</span> <span class='ocrx_word' id='word_1_90' title='bbox 563 1597 669 1648; x_wconf 86' lang='grc' dir='ltr'><strong>τών</strong></span> <span class='ocrx_word' id='word_1_91' title='bbox 695 1597 966 1668; x_wconf 76' lang='grc' dir='ltr'>Φράγγων</span> <span class='ocrx_word' id='word_1_92' title='bbox 989 1599 1266 1670; x_wconf 81' lang='grc' dir='ltr'><strong>φύλαρχος</strong></span> <span class='ocrx_word' id='word_1_93' title='bbox 1289 1603 1318 1654; x_wconf 97' lang='lat'><strong>6</strong></span> <span class='ocrx_word' id='word_1_94' title='bbox 1344 1602 1625 1670; x_wconf 78' lang='grc' dir='ltr'>Κάρουλος</span> <span class='ocrx_word' id='word_1_95' title='bbox 1657 1605 1886 1664; x_wconf 77' lang='grc' dir='ltr'>ἐκεῖνος·</span> 
     </span>
    </p>
   </div>
   <div class='ocr_carea' id='block_1_15' title="bbox 349 1680 1890 1760">
    <p class='ocr_par' dir='ltr' id='par_1_15' title="bbox 349 1680 1890 1760">
     <span class='ocr_line' id='line_1_15' title="bbox 349 1680 1890 1760; baseline 0.006 -26"><span class='ocrx_word' id='word_1_96' title='bbox 349 1680 538 1751; x_wconf 75' lang='grc' dir='ltr'>Ῥἧγας</span> <span class='ocrx_word' id='word_1_97' title='bbox 569 1687 697 1748; x_wconf 86' lang='grc' dir='ltr'>τούς</span> <span class='ocrx_word' id='word_1_98' title='bbox 747 1705 896 1758; x_wconf 75' lang='grc' dir='ltr'>σφων</span> <span class='ocrx_word' id='word_1_99' title='bbox 925 1689 1302 1760; x_wconf 72' lang='grc' dir='ltr'><strong>κατάρχοντας</strong></span> <span class='ocrx_word' id='word_1_100' title='bbox 1321 1692 1498 1746; x_wconf 79' lang='grc' dir='ltr'>οἴδασι</span> <span class='ocrx_word' id='word_1_101' title='bbox 1529 1694 1771 1760; x_wconf 77' lang='grc' dir='ltr'>Φρὰγγοι</span> <span class='ocrx_word' id='word_1_102' title='bbox 1801 1692 1890 1744; x_wconf 87' lang='grc' dir='ltr'>λέ-</span> 
     </span>
    </p>
   </div>
   <div class='ocr_carea' id='block_1_16' title="bbox 1657 1784 1817 1854">
    <p class='ocr_par' dir='ltr' id='par_1_16' title="bbox 1657 1784 1817 1854">
     <span class='ocr_line' id='line_1_16' title="bbox 1657 1784 1817 1854; baseline 0 -1"><span class='ocrx_word' id='word_1_103' title='bbox 1657 1784 1817 1854; x_wconf 59' lang='grc' dir='ltr'>[γεμὴ</span> 
     </span>
    </p>
   </div>
   <div class='ocr_carea' id='block_1_17' title="bbox 332 1867 1886 1945">
    <p class='ocr_par' dir='ltr' id='par_1_17' title="bbox 332 1867 1886 1945">
     <span class='ocr_line' id='line_1_17' title="bbox 332 1867 1886 1945; baseline 0.008 -29"><span class='ocrx_word' id='word_1_104' title='bbox 332 1867 430 1918; x_wconf 79' lang='grc' dir='ltr'>Καὶ</span> <span class='ocrx_word' id='word_1_105' title='bbox 457 1868 632 1921; x_wconf 85' lang='grc' dir='ltr'>δεῖται</span> <span class='ocrx_word' id='word_1_106' title='bbox 657 1867 844 1923; x_wconf 78' lang='grc' dir='ltr'>τούτου</span> <span class='ocrx_word' id='word_1_107' title='bbox 874 1870 972 1939; x_wconf 80' lang='grc' dir='ltr'>τῆς</span> <span class='ocrx_word' id='word_1_108' title='bbox 995 1871 1178 1942; x_wconf 75' lang='grc' dir='ltr'>χειρὸς</span> <span class='ocrx_word' id='word_1_109' title='bbox 1208 1873 1282 1934; x_wconf 83' lang='grc' dir='ltr'>ὡς</span> <span class='ocrx_word' id='word_1_110' title='bbox 1319 1874 1363 1904; x_wconf 82' lang='grc'><strong>⁸⁷</strong></span> <span class='ocrx_word' id='word_1_111' title='bbox 1415 1873 1886 1945; x_wconf 81' lang='grc' dir='ltr'>μεγαλοδυνάμου,</span> 
     </span>
    </p>
   </div>
   <div class='ocr_carea' id='block_1_18' title="bbox 338 1956 1668 2029">
    <p class='ocr_par' dir='ltr' id='par_1_18' title="bbox 338 1956 1668 2029">
     <span class='ocr_line' id='line_1_18' title="bbox 338 1956 1668 2029; baseline 0.007 -22"><span class='ocrx_word' id='word_1_112' title='bbox 338 1956 418 2019; x_wconf 84' lang='grc' dir='ltr'>Ὠς</span> <span class='ocrx_word' id='word_1_113' title='bbox 445 1958 801 2027; x_wconf 76' lang='grc' dir='ltr'>ἐπαρκέσειεν</span> <span class='ocrx_word' id='word_1_114' title='bbox 829 1959 978 2029; x_wconf 79' lang='grc' dir='ltr'>αὐτῷ</span> <span class='ocrx_word' id='word_1_115' title='bbox 1004 1961 1144 2013; x_wconf 82' lang='grc' dir='ltr'>κατὰ</span> <span class='ocrx_word' id='word_1_116' title='bbox 1173 1961 1282 2014; x_wconf 88' lang='grc' dir='ltr'><strong>τῶν</strong></span> <span class='ocrx_word' id='word_1_117' title='bbox 1312 1961 1668 2017; x_wconf 80' lang='grc' dir='ltr'>ἀδικούντων.</span> 
     </span>
    </p>
   </div>
   <div class='ocr_carea' id='block_1_19' title="bbox 325 2047 1891 2124">
    <p class='ocr_par' dir='ltr' id='par_1_19' title="bbox 325 2047 1891 2124">
     <span class='ocr_line' id='line_1_19' title="bbox 325 2047 1891 2124; baseline 0.009 -30"><span class='ocrx_word' id='word_1_118' title='bbox 325 2047 543 2116; x_wconf 78' lang='grc' dir='ltr'>Δέχεται</span> <span class='ocrx_word' id='word_1_119' title='bbox 571 2049 758 2102; x_wconf 86' lang='grc' dir='ltr'>τοῦτον</span> <span class='ocrx_word' id='word_1_120' title='bbox 787 2051 832 2080; x_wconf 74' lang='grc'><strong>⁸⁸</strong></span> <span class='ocrx_word' id='word_1_121' title='bbox 865 2051 1139 2121; x_wconf 83' lang='grc' dir='ltr'>Κάρουλος</span> <span class='ocrx_word' id='word_1_122' title='bbox 1168 2047 1257 2122; x_wconf 80' lang='grc' dir='ltr'><strong>(ἦν</strong></span> <span class='ocrx_word' id='word_1_123' title='bbox 1286 2054 1396 2124; x_wconf 81' lang='grc' dir='ltr'><strong>γὰρ</strong></span> <span class='ocrx_word' id='word_1_124' title='bbox 1426 2055 1891 2124; x_wconf 71' lang='grc' dir='ltr'>παπποπατρδθεν</span> 
     </span>
    </p>
   </div>
   <div class='ocr_carea' id='block_1_20' title="bbox 338 2137 1890 2217">
    <p class='ocr_par' dir='ltr' id='par_1_20' title="bbox 338 2137 1890 2217">
     <span class='ocr_line' id='line_1_20' title="bbox 338 2137 1890 2217; baseline 0.006 -27"><span class='ocrx_word' id='word_1_125' title='bbox 338 2137 468 2192; x_wconf 84' lang='grc' dir='ltr'>Ὑπὸ</span> <span class='ocrx_word' id='word_1_126' title='bbox 493 2140 545 2172; x_wconf 77' lang='grc'><strong>⁸⁸</strong></span> <span class='ocrx_word' id='word_1_127' title='bbox 572 2140 812 2210; x_wconf 83' lang='grc' dir='ltr'>Χριστοῦ</span> <span class='ocrx_word' id='word_1_128' title='bbox 842 2143 1176 2214; x_wconf 83' lang='grc' dir='ltr'>καλούμενος</span> <span class='ocrx_word' id='word_1_129' title='bbox 1203 2147 1300 2198; x_wconf 76' lang='grc' dir='ltr'><strong>καὶ</strong></span> <span class='ocrx_word' id='word_1_130' title='bbox 1331 2147 1505 2200; x_wconf 72' lang='grc' dir='ltr'>σέϐων</span> <span class='ocrx_word' id='word_1_131' title='bbox 1540 2146 1777 2217; x_wconf 80' lang='grc' dir='ltr'>Χριστοῦ</span> <span class='ocrx_word' id='word_1_132' title='bbox 1807 2147 1890 2199; x_wconf 74' lang='grc' dir='ltr'><strong>νόο</strong></span> 
     </span>
    </p>
   </div>
   <div class='ocr_carea' id='block_1_21' title="bbox 1616 2235 1818 2306">
    <p class='ocr_par' dir='ltr' id='par_1_21' title="bbox 1616 2235 1818 2306">
     <span class='ocr_line' id='line_1_21' title="bbox 1616 2235 1818 2306; baseline -0.01 0"><span class='ocrx_word' id='word_1_133' title='bbox 1616 2235 1818 2306; x_wconf 69' lang='grc' dir='ltr'>[μους)υ</span> 
     </span>
    </p>
   </div>
   <div class='ocr_carea' id='block_1_22' title="bbox 324 2321 1504 2397">
    <p class='ocr_par' dir='ltr' id='par_1_22' title="bbox 324 2321 1504 2397">
     <span class='ocr_line' id='line_1_22' title="bbox 324 2321 1504 2397; baseline 0.008 -24"><span class='ocrx_word' id='word_1_134' title='bbox 324 2321 562 2375; x_wconf 77' lang='grc' dir='ltr'>Λξδεῖται</span> <span class='ocrx_word' id='word_1_135' title='bbox 595 2322 944 2395; x_wconf 77' lang='grc' dir='ltr'>λιταζόμενον</span> <span class='ocrx_word' id='word_1_136' title='bbox 978 2327 1070 2379; x_wconf 77' lang='grc' dir='ltr'>τὸν</span> <span class='ocrx_word' id='word_1_137' title='bbox 1100 2327 1504 2397; x_wconf 85' lang='grc' dir='ltr'>ίεροΘυτοῦντα,</span> 
     </span>
    </p>
   </div>
   <div class='ocr_carea' id='block_1_23' title="bbox 323 2402 1678 2490">
    <p class='ocr_par' dir='ltr' id='par_1_23' title="bbox 323 2402 1678 2490">
     <span class='ocr_line' id='line_1_23' title="bbox 323 2402 1678 2490; baseline 0.007 -29"><span class='ocrx_word' id='word_1_138' title='bbox 323 2412 516 2468; x_wconf 78' lang='grc' dir='ltr'>Δίδωσι</span> <span class='ocrx_word' id='word_1_139' title='bbox 541 2402 712 2484; x_wconf 63' lang='grc' dir='ltr'>τούττρ</span> <span class='ocrx_word' id='word_1_140' title='bbox 737 2415 1024 2487; x_wconf 83' lang='grc' dir='ltr'>σύμμαχον</span> <span class='ocrx_word' id='word_1_141' title='bbox 1053 2418 1364 2488; x_wconf 75' lang='grc' dir='ltr'>μεγασθενῆ</span> <span class='ocrx_word' id='word_1_142' title='bbox 1397 2420 1678 2490; x_wconf 78' lang='grc' dir='ltr'><strong>παλάμην,</strong></span> 
     </span>
    </p>
   </div>
   <div class='ocr_carea' id='block_1_24' title="bbox 323 2503 1779 2584">
    <p class='ocr_par' dir='ltr' id='par_1_24' title="bbox 323 2503 1779 2584">
     <span class='ocr_line' id='line_1_24' title="bbox 323 2503 1779 2584; baseline 0.01 -31"><span class='ocrx_word' id='word_1_143' title='bbox 323 2503 422 2556; x_wconf 80' lang='grc' dir='ltr'><strong>Καὶ</strong></span> <span class='ocrx_word' id='word_1_144' title='bbox 452 2505 623 2559; x_wconf 68' lang='grc' dir='ltr'>πάλιν</span> <span class='ocrx_word' id='word_1_145' title='bbox 648 2507 1006 2576; x_wconf 69' lang='grc' dir='ltr'>ἔγκαθίστησι</span> <span class='ocrx_word' id='word_1_146' title='bbox 1036 2512 1104 2580; x_wconf 82' lang='grc' dir='ltr'>τῇ</span> <span class='ocrx_word' id='word_1_147' title='bbox 1130 2510 1284 2563; x_wconf 83' lang='grc' dir='ltr'>πόλει</span> <span class='ocrx_word' id='word_1_148' title='bbox 1331 2512 1426 2565; x_wconf 79' lang='grc' dir='ltr'>καὶ</span> <span class='ocrx_word' id='word_1_149' title='bbox 1461 2512 1540 2583; x_wconf 81' lang='grc' dir='ltr'>τῷ</span> <span class='ocrx_word' id='word_1_150' title='bbox 1581 2512 1779 2584; x_wconf 67' lang='grc' dir='ltr'><strong>Θρᾶνῳ.</strong></span> 
     </span>
    </p>
   </div>
   <div class='ocr_carea' id='block_1_25' title="bbox 332 2594 1680 2672">
    <p class='ocr_par' dir='ltr' id='par_1_25' title="bbox 332 2594 1680 2672">
     <span class='ocr_line' id='line_1_25' title="bbox 332 2594 1680 2672; baseline 0.007 -26"><span class='ocrx_word' id='word_1_151' title='bbox 332 2594 616 2650; x_wconf 72' lang='grc' dir='ltr'>Ἐντεῦθεν</span> <span class='ocrx_word' id='word_1_152' title='bbox 640 2597 1010 2668; x_wconf 78' lang='grc' dir='ltr'>ἀμειϐόμενος</span> <span class='ocrx_word' id='word_1_153' title='bbox 1036 2601 1127 2654; x_wconf 71' lang='grc' dir='ltr'><strong>τὸν</strong></span> <span class='ocrx_word' id='word_1_154' title='bbox 1151 2602 1434 2672; x_wconf 76' lang='grc' dir='ltr'>Κάρουλον</span> <span class='ocrx_word' id='word_1_155' title='bbox 1472 2607 1500 2657; x_wconf 86' lang='lat'><strong>6</strong></span> <span class='ocrx_word' id='word_1_156' title='bbox 1528 2606 1680 2658; x_wconf 80' lang='grc' dir='ltr'>Λέων</span> 
     </span>
    </p>
   </div>
   <div class='ocr_carea' id='block_1_26' title="bbox 320 2850 1891 2923">
    <p class='ocr_par' dir='ltr' id='par_1_26' title="bbox 320 2850 1891 2923">
     <span class='ocr_line' id='line_1_26' title="bbox 320 2850 1891 2923; baseline 0.006 -22"><span class='ocrx_word' id='word_1_157' title='bbox 320 2855 420 2902; x_wconf 58' lang='lat' dir='ltr'><strong>tau:</strong></span> <span class='ocrx_word' id='word_1_158' title='bbox 453 2851 639 2905; x_wconf 85' lang='lat' dir='ltr'><strong>atroci</strong></span> <span class='ocrx_word' id='word_1_159' title='bbox 677 2850 884 2922; x_wconf 86' lang='lat' dir='ltr'><strong>ﬂagitio</strong></span> <span class='ocrx_word' id='word_1_160' title='bbox 925 2851 1211 2922; x_wconf 85' lang='lat' dir='ltr'><strong>designato</strong></span> <span class='ocrx_word' id='word_1_161' title='bbox 1261 2853 1376 2908; x_wconf 88' lang='lat' dir='ltr'><strong>sola</strong></span> <span class='ocrx_word' id='word_1_162' title='bbox 1426 2852 1686 2923; x_wconf 81' lang='lat' dir='ltr'><strong>deinceps</strong></span> <span class='ocrx_word' id='word_1_163' title='bbox 1733 2854 1891 2910; x_wconf 87' lang='lat' dir='ltr'><strong>lrena</strong></span> 
     </span>
    </p>
   </div>
   <div class='ocr_carea' id='block_1_27' title="bbox 320 2943 1887 3013">
    <p class='ocr_par' dir='ltr' id='par_1_27' title="bbox 320 2943 1887 3013">
     <span class='ocr_line' id='line_1_27' title="bbox 320 2943 1887 3013; baseline 0.005 -23"><span class='ocrx_word' id='word_1_164' title='bbox 320 2953 505 3008; x_wconf 80' lang='lat' dir='ltr'><strong>regnat</strong></span> <span class='ocrx_word' id='word_1_165' title='bbox 563 2958 578 2995; x_wconf 85' lang='lat'><strong>:</strong></span> <span class='ocrx_word' id='word_1_166' title='bbox 634 2943 780 3010; x_wconf 85' lang='lat' dir='ltr'><strong>quod</strong></span> <span class='ocrx_word' id='word_1_167' title='bbox 831 2959 1000 2997; x_wconf 91' lang='lat' dir='ltr'><strong>unum</strong></span> <span class='ocrx_word' id='word_1_168' title='bbox 1053 2959 1184 2998; x_wconf 83' lang='lat' dir='ltr'><strong>sane</strong></span> <span class='ocrx_word' id='word_1_169' title='bbox 1229 2947 1576 3013; x_wconf 73' lang='lat' dir='ltr'><strong>quaesiverat,</strong></span> <span class='ocrx_word' id='word_1_170' title='bbox 1625 2947 1736 2999; x_wconf 79' lang='lat' dir='ltr'><strong>sola</strong></span> <span class='ocrx_word' id='word_1_171' title='bbox 1784 2946 1887 3001; x_wconf 84' lang='lat' dir='ltr'><strong>sibi</strong></span> 
     </span>
    </p>
   </div>
   <div class='ocr_carea' id='block_1_28' title="bbox 319 3033 897 3102">
    <p class='ocr_par' dir='ltr' id='par_1_28' title="bbox 319 3033 897 3102">
     <span class='ocr_line' id='line_1_28' title="bbox 319 3033 897 3102; baseline 0.012 -20"><span class='ocrx_word' id='word_1_172' title='bbox 319 3042 552 3102; x_wconf 79' lang='lat' dir='ltr'><strong>usurpat</strong></span> <span class='ocrx_word' id='word_1_173' title='bbox 583 3033 897 3102; x_wconf 84' lang='lat' dir='ltr'><strong>imperium.</strong></span> 
     </span>
    </p>
   </div>
   <div class='ocr_carea' id='block_1_29' title="bbox 383 3123 1890 3194">
    <p class='ocr_par' dir='ltr' id='par_1_29' title="bbox 383 3123 1890 3194">
     <span class='ocr_line' id='line_1_29' title="bbox 383 3123 1890 3194; baseline 0.003 -17"><span class='ocrx_word' id='word_1_174' title='bbox 383 3123 438 3177; x_wconf 77' lang='grc' dir='ltr'><strong>ῘιΙ</strong></span> <span class='ocrx_word' id='word_1_175' title='bbox 500 3127 772 3194; x_wconf 84' lang='lat' dir='ltr'><strong>temporis</strong></span> <span class='ocrx_word' id='word_1_176' title='bbox 821 3126 985 3182; x_wconf 84' lang='lat' dir='ltr'><strong>ctiam</strong></span> <span class='ocrx_word' id='word_1_177' title='bbox 1045 3126 1426 3184; x_wconf 81' lang='lat' dir='ltr'><strong>illustrissima:</strong></span> <span class='ocrx_word' id='word_1_178' title='bbox 1480 3129 1664 3184; x_wconf 72' lang='lat' dir='ltr'><strong>Roma:</strong></span> <span class='ocrx_word' id='word_1_179' title='bbox 1716 3128 1890 3182; x_wconf 88' lang='lat' dir='ltr'><strong>veteri</strong></span> 
     </span>
    </p>
   </div>
   <div class='ocr_carea' id='block_1_30' title="bbox 313 3216 1890 3288">
    <p class='ocr_par' dir='ltr' id='par_1_30' title="bbox 313 3216 1890 3288">
     <span class='ocr_line' id='line_1_30' title="bbox 313 3216 1890 3288; baseline 0.003 -21"><span class='ocrx_word' id='word_1_180' title='bbox 313 3217 582 3284; x_wconf 80' lang='lat' dir='ltr'><strong>quiddam</strong></span> <span class='ocrx_word' id='word_1_181' title='bbox 614 3216 833 3282; x_wconf 84' lang='lat' dir='ltr'><strong>accidit,</strong></span> <span class='ocrx_word' id='word_1_182' title='bbox 874 3217 1099 3288; x_wconf 84' lang='lat' dir='ltr'><strong>dignum</strong></span> <span class='ocrx_word' id='word_1_183' title='bbox 1147 3219 1293 3288; x_wconf 89' lang='lat' dir='ltr'><strong>quod</strong></span> <span class='ocrx_word' id='word_1_184' title='bbox 1347 3220 1653 3274; x_wconf 87' lang='lat' dir='ltr'><strong>litterarum</strong></span> <span class='ocrx_word' id='word_1_185' title='bbox 1691 3236 1890 3273; x_wconf 87' lang='lat' dir='ltr'><strong>monu-</strong></span> 
     </span>
    </p>
   </div>
   <div class='ocr_carea' id='block_1_31' title="bbox 315 3307 1890 3378">
    <p class='ocr_par' dir='ltr' id='par_1_31' title="bbox 315 3307 1890 3378">
     <span class='ocr_line' id='line_1_31' title="bbox 315 3307 1890 3378; baseline 0.003 -20"><span class='ocrx_word' id='word_1_186' title='bbox 315 3308 510 3361; x_wconf 72' lang='lat' dir='ltr'><strong>mentis</strong></span> <span class='ocrx_word' id='word_1_187' title='bbox 561 3307 835 3361; x_wconf 67' lang='lat' dir='ltr'><strong>memoriae</strong></span> <span class='ocrx_word' id='word_1_188' title='bbox 878 3309 1164 3378; x_wconf 80' lang='lat' dir='ltr'><strong>prodatur.</strong></span> <span class='ocrx_word' id='word_1_189' title='bbox 1214 3309 1344 3364; x_wconf 84' lang='lat' dir='ltr'><strong>Erat</strong></span> <span class='ocrx_word' id='word_1_190' title='bbox 1395 3311 1448 3364; x_wconf 91' lang='lat' dir='ltr'><strong>in</strong></span> <span class='ocrx_word' id='word_1_191' title='bbox 1501 3326 1564 3365; x_wconf 92' lang='lat' dir='ltr'><strong>ea</strong></span> <span class='ocrx_word' id='word_1_192' title='bbox 1609 3325 1890 3364; x_wconf 88' lang='lat' dir='ltr'><strong>sacrorum</strong></span> 
     </span>
    </p>
   </div>
   <div class='ocr_carea' id='block_1_32' title="bbox 313 3396 1892 3469">
    <p class='ocr_par' dir='ltr' id='par_1_32' title="bbox 313 3396 1892 3469">
     <span class='ocr_line' id='line_1_32' title="bbox 313 3396 1892 3469; baseline 0.001 -20"><span class='ocrx_word' id='word_1_193' title='bbox 313 3398 556 3452; x_wconf 84' lang='lat' dir='ltr'><strong>antistes</strong></span> <span class='ocrx_word' id='word_1_194' title='bbox 576 3396 706 3462; x_wconf 87' lang='lat' dir='ltr'><strong>Leo,</strong></span> <span class='ocrx_word' id='word_1_195' title='bbox 735 3397 1074 3468; x_wconf 85' lang='lat' dir='ltr'><strong>reliquorum</strong></span> <span class='ocrx_word' id='word_1_196' title='bbox 1096 3399 1446 3454; x_wconf 86' lang='lat' dir='ltr'><strong>sacerdotum</strong></span> <span class='ocrx_word' id='word_1_197' title='bbox 1475 3402 1706 3469; x_wconf 89' lang='lat' dir='ltr'><strong>primus,</strong></span> <span class='ocrx_word' id='word_1_198' title='bbox 1729 3415 1892 3468; x_wconf 86' lang='lat' dir='ltr'><strong>quem</strong></span> 
     </span>
    </p>
   </div>
   <div class='ocr_carea' id='block_1_33' title="bbox 314 3487 1892 3560">
    <p class='ocr_par' dir='ltr' id='par_1_33' title="bbox 314 3487 1892 3560">
     <span class='ocr_line' id='line_1_33' title="bbox 314 3487 1892 3560; baseline 0.002 -18"><span class='ocrx_word' id='word_1_199' title='bbox 314 3487 569 3542; x_wconf 80' lang='lat' dir='ltr'><strong>Romana</strong></span> <span class='ocrx_word' id='word_1_200' title='bbox 631 3489 814 3559; x_wconf 83' lang='lat' dir='ltr'><strong>lingua</strong></span> <span class='ocrx_word' id='word_1_201' title='bbox 875 3505 1068 3558; x_wconf 81' lang='lat' dir='ltr'><strong>papam</strong></span> <span class='ocrx_word' id='word_1_202' title='bbox 1129 3497 1352 3544; x_wconf 89' lang='lat' dir='ltr'><strong>vocant.</strong></span> <span class='ocrx_word' id='word_1_203' title='bbox 1405 3491 1514 3560; x_wconf 66' lang='lat'><strong>92</strong></span> <span class='ocrx_word' id='word_1_204' title='bbox 1570 3490 1711 3545; x_wconf 78' lang='lat' dir='ltr'><strong>Huic</strong></span> <span class='ocrx_word' id='word_1_205' title='bbox 1766 3507 1892 3546; x_wconf 89' lang='lat' dir='ltr'><strong>cum</strong></span> 
     </span>
    </p>
   </div>
   <div class='ocr_carea' id='block_1_34' title="bbox 312 3577 1894 3654">
    <p class='ocr_par' dir='ltr' id='par_1_34' title="bbox 312 3577 1894 3654">
     <span class='ocr_line' id='line_1_34' title="bbox 312 3577 1894 3654; baseline 0.005 -24"><span class='ocrx_word' id='word_1_206' title='bbox 312 3579 510 3634; x_wconf 90' lang='lat' dir='ltr'><strong>acerbe</strong></span> <span class='ocrx_word' id='word_1_207' title='bbox 567 3577 800 3635; x_wconf 79' lang='lat' dir='ltr'><strong>Romani</strong></span> <span class='ocrx_word' id='word_1_208' title='bbox 848 3578 1110 3647; x_wconf 88' lang='lat' dir='ltr'><strong>quidam,</strong></span> <span class='ocrx_word' id='word_1_209' title='bbox 1157 3579 1450 3650; x_wconf 86' lang='lat' dir='ltr'><strong>propinqui</strong></span> <span class='ocrx_word' id='word_1_210' title='bbox 1500 3579 1726 3636; x_wconf 82' lang='lat' dir='ltr'><strong>Adriani</strong></span> <span class='ocrx_word' id='word_1_211' title='bbox 1773 3583 1894 3654; x_wconf 89' lang='lat' dir='ltr'><strong>ejus</strong></span> 
     </span>
    </p>
   </div>
   <div class='ocr_carea' id='block_1_35' title="bbox 313 3668 1892 3739">
    <p class='ocr_par' dir='ltr' id='par_1_35' title="bbox 313 3668 1892 3739">
     <span class='ocr_line' id='line_1_35' title="bbox 313 3668 1892 3739; baseline 0.004 -17"><span class='ocrx_word' id='word_1_212' title='bbox 313 3669 400 3738; x_wconf 89' lang='lat' dir='ltr'><strong>qui</strong></span> <span class='ocrx_word' id='word_1_213' title='bbox 431 3684 557 3723; x_wconf 82' lang='lat' dir='ltr'><strong>non</strong></span> <span class='ocrx_word' id='word_1_214' title='bbox 592 3668 665 3721; x_wconf 87' lang='lat' dir='ltr'><strong>ita</strong></span> <span class='ocrx_word' id='word_1_215' title='bbox 700 3668 910 3737; x_wconf 82' lang='lat' dir='ltr'><strong>pridem</strong></span> <span class='ocrx_word' id='word_1_216' title='bbox 945 3684 1082 3739; x_wconf 88' lang='lat' dir='ltr'><strong>papa</strong></span> <span class='ocrx_word' id='word_1_217' title='bbox 1117 3669 1329 3737; x_wconf 87' lang='lat' dir='ltr'><strong>fuerat,</strong></span> <span class='ocrx_word' id='word_1_218' title='bbox 1374 3670 1718 3737; x_wconf 81' lang='lat' dir='ltr'><strong>inviderent,</strong></span> <span class='ocrx_word' id='word_1_219' title='bbox 1746 3675 1892 3728; x_wconf 88' lang='lat' dir='ltr'><strong>sedi—</strong></span> 
     </span>
    </p>
   </div>
   <div class='ocr_carea' id='block_1_36' title="bbox 314 3755 1894 3832">
    <p class='ocr_par' dir='ltr' id='par_1_36' title="bbox 314 3755 1894 3832">
     <span class='ocr_line' id='line_1_36' title="bbox 314 3755 1894 3832; baseline 0.005 -24"><span class='ocrx_word' id='word_1_220' title='bbox 314 3758 464 3812; x_wconf 88' lang='lat' dir='ltr'><strong>tione</strong></span> <span class='ocrx_word' id='word_1_221' title='bbox 494 3755 779 3810; x_wconf 85' lang='lat' dir='ltr'><strong>concitata</strong></span> <span class='ocrx_word' id='word_1_222' title='bbox 806 3772 912 3812; x_wconf 91' lang='lat' dir='ltr'><strong>non</strong></span> <span class='ocrx_word' id='word_1_223' title='bbox 950 3757 1149 3812; x_wconf 87' lang='lat' dir='ltr'><strong>tbrouo</strong></span> <span class='ocrx_word' id='word_1_224' title='bbox 1199 3767 1409 3813; x_wconf 86' lang='lat' dir='ltr'><strong>tantum</strong></span> <span class='ocrx_word' id='word_1_225' title='bbox 1442 3759 1720 3815; x_wconf 82' lang='lat' dir='ltr'><strong>hominem</strong></span> <span class='ocrx_word' id='word_1_226' title='bbox 1753 3761 1894 3832; x_wconf 88' lang='lat' dir='ltr'><strong>deji-</strong></span> 
     </span>
    </p>
   </div>
   <div class='ocr_carea' id='block_1_37' title="bbox 313 3849 1892 3924">
    <p class='ocr_par' dir='ltr' id='par_1_37' title="bbox 313 3849 1892 3924">
     <span class='ocr_line' id='line_1_37' title="bbox 313 3849 1892 3924; baseline 0.004 -21"><span class='ocrx_word' id='word_1_227' title='bbox 313 3851 506 3912; x_wconf 86' lang='lat' dir='ltr'><strong>ciunt,</strong></span> <span class='ocrx_word' id='word_1_228' title='bbox 557 3850 656 3903; x_wconf 84' lang='lat' dir='ltr'><strong>sed</strong></span> <span class='ocrx_word' id='word_1_229' title='bbox 704 3850 869 3904; x_wconf 75' lang='lat' dir='ltr'><strong>etiam</strong></span> <span class='ocrx_word' id='word_1_230' title='bbox 922 3849 991 3904; x_wconf 85' lang='lat' dir='ltr'><strong>ab</strong></span> <span class='ocrx_word' id='word_1_231' title='bbox 1046 3849 1181 3904; x_wconf 82' lang='lat' dir='ltr'><strong>urbe</strong></span> <span class='ocrx_word' id='word_1_232' title='bbox 1237 3851 1455 3920; x_wconf 85' lang='lat' dir='ltr'><strong>pulsum</strong></span> <span class='ocrx_word' id='word_1_233' title='bbox 1486 3863 1688 3924; x_wconf 86' lang='lat' dir='ltr'><strong>cogunt</strong></span> <span class='ocrx_word' id='word_1_234' title='bbox 1715 3855 1892 3909; x_wconf 88' lang='lat' dir='ltr'><strong>solum</strong></span> 
     </span>
    </p>
   </div>
   <div class='ocr_carea' id='block_1_38' title="bbox 1449 299 2468 366">
    <p class='ocr_par' dir='ltr' id='par_1_38' title="bbox 1449 299 2468 366">
     <span class='ocr_line' id='line_1_38' title="bbox 1449 299 2468 366; baseline -0.003 -4"><span class='ocrx_word' id='word_1_235' title='bbox 1449 302 1948 366; x_wconf 73' lang='lat' dir='ltr'><strong>COMPENDlUM</strong></span> <span class='ocrx_word' id='word_1_236' title='bbox 1984 299 2468 360; x_wconf 70' lang='lat' dir='ltr'><strong>ClliiONlCU-M.</strong></span> 
     </span>
    </p>
   </div>
   <div class='ocr_carea' id='block_1_39' title="bbox 1915 406 3426 482">
    <p class='ocr_par' dir='ltr' id='par_1_39' title="bbox 1915 406 3426 482">
     <span class='ocr_line' id='line_1_39' title="bbox 1915 406 3426 482; baseline -0.003 -17"><span class='ocrx_word' id='word_1_237' title='bbox 1915 421 1960 476; x_wconf 64' lang='grc' dir='ltr'>Α</span> <span class='ocrx_word' id='word_1_238' title='bbox 2003 411 2349 482; x_wconf 65' lang='grc' dir='ltr'>’Λναγορεὺει</span> <span class='ocrx_word' id='word_1_239' title='bbox 2383 409 2626 477; x_wconf 78' lang='grc' dir='ltr'>κράτορα</span> <span class='ocrx_word' id='word_1_240' title='bbox 2653 409 2751 477; x_wconf 74' lang='grc' dir='ltr'>τῆς</span> <span class='ocrx_word' id='word_1_241' title='bbox 2793 406 3134 479; x_wconf 83' lang='grc' dir='ltr'>παλαιτέρας</span> <span class='ocrx_word' id='word_1_242' title='bbox 3183 407 3426 477; x_wconf 76' lang='grc' dir='ltr'>Ῥώμης,</span> 
     </span>
    </p>
   </div>
   <div class='ocr_carea' id='block_1_40' title="bbox 3453 302 3558 365">
    <p class='ocr_par' dir='ltr' id='par_1_40' title="bbox 3453 302 3558 365">
     <span class='ocr_line' id='line_1_40' title="bbox 3453 302 3558 365; baseline 0.029 -3"><span class='ocrx_word' id='word_1_243' title='bbox 3453 302 3558 365; x_wconf 71' lang='lat'><strong>300</strong></span> 
     </span>
    </p>
   </div>
   <div class='ocr_carea' id='block_1_41' title="bbox 1991 497 3418 569">
    <p class='ocr_par' dir='ltr' id='par_1_41' title="bbox 1991 497 3418 569">
     <span class='ocr_line' id='line_1_41' title="bbox 1991 497 3418 569; baseline -0.002 -16"><span class='ocrx_word' id='word_1_244' title='bbox 1991 503 2100 554; x_wconf 72' lang='grc' dir='ltr'>Καὶ</span> <span class='ocrx_word' id='word_1_245' title='bbox 2139 501 2334 569; x_wconf 81' lang='grc' dir='ltr'>στέφος</span> <span class='ocrx_word' id='word_1_246' title='bbox 2364 497 2708 568; x_wconf 76' lang='grc' dir='ltr'>περιτίθησιν</span> <span class='ocrx_word' id='word_1_247' title='bbox 2737 497 2812 559; x_wconf 86' lang='grc' dir='ltr'><strong>ώς</strong></span> <span class='ocrx_word' id='word_1_248' title='bbox 2833 500 2882 550; x_wconf 82' lang='lat' dir='ltr'><strong>oi</strong></span> <span class='ocrx_word' id='word_1_249' title='bbox 2922 498 3212 568; x_wconf 79' lang='grc' dir='ltr'>Ῥωμαίων</span> <span class='ocrx_word' id='word_1_250' title='bbox 3245 499 3418 568; x_wconf 83' lang='grc' dir='ltr'>νόμοι.</span> 
     </span>
    </p>
   </div>
   <div class='ocr_carea' id='block_1_42' title="bbox 1989 588 3416 662">
    <p class='ocr_par' dir='ltr' id='par_1_42' title="bbox 1989 588 3416 662">
     <span class='ocr_line' id='line_1_42' title="bbox 1989 588 3416 662; baseline -0.004 -16"><span class='ocrx_word' id='word_1_251' title='bbox 1989 594 2061 646; x_wconf 77' lang='grc' dir='ltr'><strong>Οὐ</strong></span> <span class='ocrx_word' id='word_1_252' title='bbox 2107 599 2212 662; x_wconf 75' lang='grc' dir='ltr'>μὴν</span> <span class='ocrx_word' id='word_1_253' title='bbox 2241 592 2376 646; x_wconf 80' lang='grc' dir='ltr'>ἀλλὰ</span> <span class='ocrx_word' id='word_1_254' title='bbox 2418 589 2762 661; x_wconf 82' lang='grc' dir='ltr'>χρησάμενος</span> <span class='ocrx_word' id='word_1_255' title='bbox 2795 590 2888 642; x_wconf 76' lang='grc' dir='ltr'><strong>καὶ</strong></span> <span class='ocrx_word' id='word_1_256' title='bbox 2919 588 3106 660; x_wconf 83' lang='grc' dir='ltr'>νόμοις</span> <span class='ocrx_word' id='word_1_257' title='bbox 3146 589 3416 642; x_wconf 80' lang='grc' dir='ltr'>Ἰουδαὲων</span> 
     </span>
    </p>
   </div>
   <div class='ocr_carea' id='block_1_43' title="bbox 2002 679 3384 751">
    <p class='ocr_par' dir='ltr' id='par_1_43' title="bbox 2002 679 3384 751">
     <span class='ocr_line' id='line_1_43' title="bbox 2002 679 3384 751; baseline -0.004 -14"><span class='ocrx_word' id='word_1_258' title='bbox 2002 685 2098 738; x_wconf 85' lang='grc' dir='ltr'><strong>Ἐκ</strong></span> <span class='ocrx_word' id='word_1_259' title='bbox 2121 682 2363 751; x_wconf 78' lang='grc' dir='ltr'><strong>κεφαλῆς</strong></span> <span class='ocrx_word' id='word_1_260' title='bbox 2395 683 2558 750; x_wconf 86' lang='grc' dir='ltr'>μέχρι</span> <span class='ocrx_word' id='word_1_261' title='bbox 2603 679 2780 732; x_wconf 81' lang='grc' dir='ltr'>ποδῶν</span> <span class='ocrx_word' id='word_1_262' title='bbox 2810 679 2972 749; x_wconf 70' lang='grc' dir='ltr'>ἐλαίῳ</span> <span class='ocrx_word' id='word_1_263' title='bbox 3001 679 3188 733; x_wconf 83' lang='grc' dir='ltr'>τοῦτον</span> <span class='ocrx_word' id='word_1_264' title='bbox 3218 680 3384 750; x_wconf 80' lang='grc' dir='ltr'>χρίει,</span> 
     </span>
    </p>
   </div>
   <div class='ocr_carea' id='block_1_44' title="bbox 1991 768 3314 840">
    <p class='ocr_par' dir='ltr' id='par_1_44' title="bbox 1991 768 3314 840">
     <span class='ocr_line' id='line_1_44' title="bbox 1991 768 3314 840; baseline 0 -16"><span class='ocrx_word' id='word_1_265' title='bbox 1991 775 2104 826; x_wconf 82' lang='grc' dir='ltr'>Οὐκ</span> <span class='ocrx_word' id='word_1_266' title='bbox 2136 768 2251 826; x_wconf 71' lang='grc' dir='ltr'>οῖδα</span> <span class='ocrx_word' id='word_1_267' title='bbox 2284 772 2396 825; x_wconf 88' lang='grc' dir='ltr'>τίσι</span> <span class='ocrx_word' id='word_1_268' title='bbox 2435 771 2717 840; x_wconf 80' lang='grc' dir='ltr'>λογισμοῖς</span> <span class='ocrx_word' id='word_1_269' title='bbox 2758 770 2791 840; x_wconf 83' lang='grc' dir='ltr'>ἢ</span> <span class='ocrx_word' id='word_1_270' title='bbox 2826 770 3002 832; x_wconf 80' lang='grc' dir='ltr'>ποίαις</span> <span class='ocrx_word' id='word_1_271' title='bbox 3029 771 3314 833; x_wconf 72' lang='grc' dir='ltr'>ἐπινοίαις.</span> 
     </span>
    </p>
   </div>
   <div class='ocr_carea' id='block_1_45' title="bbox 1990 866 3485 940">
    <p class='ocr_par' dir='ltr' id='par_1_45' title="bbox 1990 866 3485 940">
     <span class='ocr_line' id='line_1_45' title="bbox 1990 866 3485 940; baseline 0.001 -20"><span class='ocrx_word' id='word_1_272' title='bbox 1990 868 2175 929; x_wconf 74' lang='grc' dir='ltr'>Οὕτως</span> <span class='ocrx_word' id='word_1_273' title='bbox 2204 870 2232 921; x_wconf 89' lang='lat'><strong>6</strong></span> <span class='ocrx_word' id='word_1_274' title='bbox 2262 867 2454 937; x_wconf 81' lang='grc' dir='ltr'>πρώην</span> <span class='ocrx_word' id='word_1_275' title='bbox 2478 867 2527 898; x_wconf 83' lang='grc'>⁷⁰</span> <span class='ocrx_word' id='word_1_276' title='bbox 2555 866 2848 936; x_wconf 67' lang='grc' dir='ltr'>σύνδεσμος</span> <span class='ocrx_word' id='word_1_277' title='bbox 2871 867 2981 919; x_wconf 87' lang='grc' dir='ltr'><strong>τῶν</strong></span> <span class='ocrx_word' id='word_1_278' title='bbox 3017 867 3226 920; x_wconf 87' lang='grc' dir='ltr'>πόλεων</span> <span class='ocrx_word' id='word_1_279' title='bbox 3254 869 3485 940; x_wconf 72' lang='grc' dir='ltr'>ἐρράγη·</span> 
     </span>
    </p>
   </div>
   <div class='ocr_carea' id='block_1_46' title="bbox 1989 957 3487 1032">
    <p class='ocr_par' dir='ltr' id='par_1_46' title="bbox 1989 957 3487 1032">
     <span class='ocr_line' id='line_1_46' title="bbox 1989 957 3487 1032; baseline -0.002 -19"><span class='ocrx_word' id='word_1_280' title='bbox 1989 960 2150 1015; x_wconf 76' lang='grc' dir='ltr'>Οὕτω</span> <span class='ocrx_word' id='word_1_281' title='bbox 2179 960 2386 1032; x_wconf 78' lang='grc' dir='ltr'>μητρὸς</span> <span class='ocrx_word' id='word_1_282' title='bbox 2425 958 2520 1012; x_wconf 75' lang='grc' dir='ltr'><strong>καὶ</strong></span> <span class='ocrx_word' id='word_1_283' title='bbox 2555 957 2821 1028; x_wconf 80' lang='grc' dir='ltr'>θυγατρὸς</span> <span class='ocrx_word' id='word_1_284' title='bbox 2850 959 3014 1028; x_wconf 77' lang='grc' dir='ltr'>μέσον</span> <span class='ocrx_word' id='word_1_285' title='bbox 3038 957 3248 1028; x_wconf 67' lang='grc' dir='ltr'>ἑπέπτη</span> <span class='ocrx_word' id='word_1_286' title='bbox 3284 959 3487 1029; x_wconf 77' lang='grc' dir='ltr'>σπάθη,</span> 
     </span>
    </p>
   </div>
   <div class='ocr_carea' id='block_1_47' title="bbox 1990 1049 3419 1122">
    <p class='ocr_par' dir='ltr' id='par_1_47' title="bbox 1990 1049 3419 1122">
     <span class='ocr_line' id='line_1_47' title="bbox 1990 1049 3419 1122; baseline -0.001 -17"><span class='ocrx_word' id='word_1_287' title='bbox 1990 1051 2296 1122; x_wconf 75' lang='grc' dir='ltr'>Διχάζουσα</span> <span class='ocrx_word' id='word_1_288' title='bbox 2330 1051 2424 1103; x_wconf 71' lang='grc' dir='ltr'><strong>καὶ</strong></span> <span class='ocrx_word' id='word_1_289' title='bbox 2448 1051 2723 1119; x_wconf 75' lang='grc' dir='ltr'>τέμνουσα</span> <span class='ocrx_word' id='word_1_290' title='bbox 2756 1050 2897 1120; x_wconf 73' lang='grc' dir='ltr'>μετὰ</span> <span class='ocrx_word' id='word_1_291' title='bbox 2928 1049 3105 1118; x_wconf 82' lang='grc' dir='ltr'><strong>Θυμοῦ</strong></span> <span class='ocrx_word' id='word_1_292' title='bbox 3142 1050 3419 1122; x_wconf 74' lang='grc' dir='ltr'>ῥομφαίας</span> 
     </span>
    </p>
   </div>
   <div class='ocr_carea' id='block_1_48' title="bbox 1993 1140 3453 1213">
    <p class='ocr_par' dir='ltr' id='par_1_48' title="bbox 1993 1140 3453 1213">
     <span class='ocr_line' id='line_1_48' title="bbox 1993 1140 3453 1213; baseline -0.002 -17"><span class='ocrx_word' id='word_1_293' title='bbox 1993 1145 2198 1198; x_wconf 81' lang='grc' dir='ltr'>Νεᾶνιν</span> <span class='ocrx_word' id='word_1_294' title='bbox 2221 1143 2320 1212; x_wconf 85' lang='grc' dir='ltr'><strong>τὴν</strong></span> <span class='ocrx_word' id='word_1_295' title='bbox 2343 1142 2725 1213; x_wconf 82' lang='grc' dir='ltr'>εὐπρόσωπον,</span> <span class='ocrx_word' id='word_1_296' title='bbox 2756 1142 2856 1213; x_wconf 79' lang='grc' dir='ltr'>τὴν</span> <span class='ocrx_word' id='word_1_297' title='bbox 2895 1141 3168 1212; x_wconf 83' lang='grc' dir='ltr'>νεωτέραν</span> <span class='ocrx_word' id='word_1_298' title='bbox 3209 1140 3453 1210; x_wconf 81' lang='grc' dir='ltr'>Ῥώμην,</span> 
     </span>
    </p>
   </div>
   <div class='ocr_carea' id='block_1_49' title="bbox 1993 1231 3560 1306">
    <p class='ocr_par' dir='ltr' id='par_1_49' title="bbox 1993 1231 3560 1306">
     <span class='ocr_line' id='line_1_49' title="bbox 1993 1231 3560 1306; baseline -0.001 -19"><span class='ocrx_word' id='word_1_299' title='bbox 1993 1236 2087 1288; x_wconf 88' lang='grc' dir='ltr'><strong>Ἐκ</strong></span> <span class='ocrx_word' id='word_1_300' title='bbox 2106 1236 2202 1305; x_wconf 87' lang='grc' dir='ltr'>τῆς</span> <span class='ocrx_word' id='word_1_301' title='bbox 2222 1233 2428 1306; x_wconf 79' lang='grc' dir='ltr'>ρυσσῆς</span> <span class='ocrx_word' id='word_1_302' title='bbox 2446 1234 2541 1286; x_wconf 77' lang='grc' dir='ltr'>καὶ</span> <span class='ocrx_word' id='word_1_303' title='bbox 2558 1233 2795 1296; x_wconf 80' lang='grc' dir='ltr'>παλαιᾶς</span> <span class='ocrx_word' id='word_1_304' title='bbox 2813 1234 2910 1287; x_wconf 79' lang='grc' dir='ltr'>καὶ</span> <span class='ocrx_word' id='word_1_305' title='bbox 2930 1232 3303 1302; x_wconf 87' lang='grc' dir='ltr'>τριπεμπέλου</span> <span class='ocrx_word' id='word_1_306' title='bbox 3318 1231 3560 1300; x_wconf 71' lang='grc' dir='ltr'>Ῥώμης,</span> 
     </span>
    </p>
   </div>
   <div class='ocr_carea' id='block_1_50' title="bbox 2064 1321 3485 1394">
    <p class='ocr_par' dir='ltr' id='par_1_50' title="bbox 2064 1321 3485 1394">
     <span class='ocr_line' id='line_1_50' title="bbox 2064 1321 3485 1394; baseline -0.004 -17"><span class='ocrx_word' id='word_1_307' title='bbox 2064 1326 2172 1377; x_wconf 78' lang='grc' dir='ltr'>Καὶ</span> <span class='ocrx_word' id='word_1_308' title='bbox 2199 1324 2374 1377; x_wconf 85' lang='grc' dir='ltr'>ταῦτα</span> <span class='ocrx_word' id='word_1_309' title='bbox 2402 1325 2503 1394; x_wconf 82' lang='grc' dir='ltr'><strong>μὲν</strong></span> <span class='ocrx_word' id='word_1_310' title='bbox 2524 1323 2797 1393; x_wconf 83' lang='grc' dir='ltr'>τετύχηκε</span> <span class='ocrx_word' id='word_1_311' title='bbox 2830 1323 3250 1393; x_wconf 85' lang='grc' dir='ltr'>τοιουτοτρόπου</span> <span class='ocrx_word' id='word_1_312' title='bbox 3277 1321 3485 1383; x_wconf 78' lang='grc' dir='ltr'>τέλους·</span> 
     </span>
    </p>
   </div>
   <div class='ocr_carea' id='block_1_51' title="bbox 2002 1413 3280 1486">
    <p class='ocr_par' dir='ltr' id='par_1_51' title="bbox 2002 1413 3280 1486">
     <span class='ocr_line' id='line_1_51' title="bbox 2002 1413 3280 1486; baseline -0.004 -17"><span class='ocrx_word' id='word_1_313' title='bbox 2002 1416 2066 1469; x_wconf 84' lang='grc' dir='ltr'><strong>Ἦ</strong></span> <span class='ocrx_word' id='word_1_314' title='bbox 2098 1415 2305 1486; x_wconf 73' lang='grc' dir='ltr'>βασιλὶς</span> <span class='ocrx_word' id='word_1_315' title='bbox 2334 1416 2536 1484; x_wconf 75' lang='grc' dir='ltr'>Είρήνη</span> <span class='ocrx_word' id='word_1_316' title='bbox 2562 1415 2620 1468; x_wconf 77' lang='grc' dir='ltr'>δὲ</span> <span class='ocrx_word' id='word_1_317' title='bbox 2648 1414 2820 1467; x_wconf 74' lang='grc' dir='ltr'>πολλὰ</span> <span class='ocrx_word' id='word_1_318' title='bbox 2851 1413 3280 1482; x_wconf 76' lang='grc' dir='ltr'>προθυμουμένη</span> 
     </span>
    </p>
   </div>
   <div class='ocr_carea' id='block_1_52' title="bbox 1993 1503 3299 1575">
    <p class='ocr_par' dir='ltr' id='par_1_52' title="bbox 1993 1503 3299 1575">
     <span class='ocr_line' id='line_1_52' title="bbox 1993 1503 3299 1575; baseline -0.002 -16"><span class='ocrx_word' id='word_1_319' title='bbox 1993 1506 2204 1559; x_wconf 81' lang='grc' dir='ltr'>Μανίαν</span> <span class='ocrx_word' id='word_1_320' title='bbox 2233 1505 2332 1574; x_wconf 75' lang='grc' dir='ltr'>τὴν</span> <span class='ocrx_word' id='word_1_321' title='bbox 2370 1503 2740 1575; x_wconf 72' lang='grc' dir='ltr'>τριϐάρϐαρον</span> <span class='ocrx_word' id='word_1_322' title='bbox 2774 1505 2995 1573; x_wconf 73' lang='grc' dir='ltr'>ἐκείνην</span> <span class='ocrx_word' id='word_1_323' title='bbox 3035 1505 3299 1571; x_wconf 77' lang='grc' dir='ltr'>ἀφανίσαι</span> 
     </span>
    </p>
   </div>
   <div class='ocr_carea' id='block_1_53' title="bbox 1995 1595 3488 1668">
    <p class='ocr_par' dir='ltr' id='par_1_53' title="bbox 1995 1595 3488 1668">
     <span class='ocr_line' id='line_1_53' title="bbox 1995 1595 3488 1668; baseline -0.003 -18"><span class='ocrx_word' id='word_1_324' title='bbox 1995 1600 2102 1652; x_wconf 70' lang='grc' dir='ltr'><strong>Καὶ</strong></span> <span class='ocrx_word' id='word_1_325' title='bbox 2144 1596 2313 1668; x_wconf 84' lang='grc' dir='ltr'>μύσος</span> <span class='ocrx_word' id='word_1_326' title='bbox 2346 1597 2484 1668; x_wconf 79' lang='grc' dir='ltr'>ὅπερ</span> <span class='ocrx_word' id='word_1_327' title='bbox 2523 1596 2789 1666; x_wconf 73' lang='grc' dir='ltr'>δέδρακεν</span> <span class='ocrx_word' id='word_1_328' title='bbox 2813 1597 2892 1658; x_wconf 82' lang='grc' dir='ltr'><strong>είς</strong></span> <span class='ocrx_word' id='word_1_329' title='bbox 2921 1595 3014 1647; x_wconf 79' lang='grc' dir='ltr'>τὸν</span> <span class='ocrx_word' id='word_1_330' title='bbox 3059 1595 3172 1647; x_wconf 75' lang='grc' dir='ltr'>υἱὸν</span> <span class='ocrx_word' id='word_1_331' title='bbox 3203 1595 3488 1655; x_wconf 83' lang='grc' dir='ltr'>ὲκπλῦναι,</span> 
     </span>
    </p>
   </div>
   <div class='ocr_carea' id='block_1_54' title="bbox 1993 1687 3419 1762">
    <p class='ocr_par' dir='ltr' id='par_1_54' title="bbox 1993 1687 3419 1762">
     <span class='ocr_line' id='line_1_54' title="bbox 1993 1687 3419 1762; baseline -0.004 -18"><span class='ocrx_word' id='word_1_332' title='bbox 1993 1692 2311 1762; x_wconf 82' lang='grc' dir='ltr'>Χρημάτων</span> <span class='ocrx_word' id='word_1_333' title='bbox 2334 1690 2491 1752; x_wconf 74' lang='grc' dir='ltr'>ὅλους</span> <span class='ocrx_word' id='word_1_334' title='bbox 2523 1688 2832 1759; x_wconf 74' lang='grc' dir='ltr'>θησαυροὺς</span> <span class='ocrx_word' id='word_1_335' title='bbox 2876 1688 3109 1740; x_wconf 78' lang='grc' dir='ltr'>ἑκένωσε</span> <span class='ocrx_word' id='word_1_336' title='bbox 3147 1690 3213 1757; x_wconf 83' lang='grc' dir='ltr'>τῇ</span> <span class='ocrx_word' id='word_1_337' title='bbox 3241 1687 3419 1747; x_wconf 84' lang='grc' dir='ltr'>πόλει,</span> 
     </span>
    </p>
   </div>
   <div class='ocr_carea' id='block_1_55' title="bbox 1923 1763 3558 1850">
    <p class='ocr_par' dir='ltr' id='par_1_55' title="bbox 1923 1763 3558 1850">
     <span class='ocr_line' id='line_1_55' title="bbox 1923 1763 3558 1850; baseline -0.003 -16"><span class='ocrx_word' id='word_1_338' title='bbox 1923 1763 1961 1815; x_wconf 64' lang='grc' dir='ltr'><strong>Β</strong></span> <span class='ocrx_word' id='word_1_339' title='bbox 1996 1784 2105 1836; x_wconf 75' lang='grc' dir='ltr'><strong>Καὶ</strong></span> <span class='ocrx_word' id='word_1_340' title='bbox 2141 1782 2233 1834; x_wconf 78' lang='grc' dir='ltr'>τὸν</span> <span class='ocrx_word' id='word_1_341' title='bbox 2279 1779 2524 1850; x_wconf 82' lang='grc' dir='ltr'>χειμῶνα</span> <span class='ocrx_word' id='word_1_342' title='bbox 2556 1780 2668 1832; x_wconf 85' lang='grc' dir='ltr'><strong>τῶν</strong></span> <span class='ocrx_word' id='word_1_343' title='bbox 2715 1780 2891 1849; x_wconf 83' lang='grc' dir='ltr'>χρεῶν</span> <span class='ocrx_word' id='word_1_344' title='bbox 2923 1778 3150 1848; x_wconf 71' lang='grc' dir='ltr'>ἔτρεψεν</span> <span class='ocrx_word' id='word_1_345' title='bbox 3175 1780 3253 1841; x_wconf 84' lang='grc' dir='ltr'><strong>είς</strong></span> <span class='ocrx_word' id='word_1_346' title='bbox 3282 1777 3464 1831; x_wconf 82' lang='grc' dir='ltr'>εὐδίαν</span> <span class='ocrx_word' id='word_1_347' title='bbox 3490 1777 3558 1840; x_wconf 77' lang='grc'><strong>⁷⁸,</strong></span> 
     </span>
    </p>
   </div>
   <div class='ocr_carea' id='block_1_56' title="bbox 1997 1870 3238 1945">
    <p class='ocr_par' dir='ltr' id='par_1_56' title="bbox 1997 1870 3238 1945">
     <span class='ocr_line' id='line_1_56' title="bbox 1997 1870 3238 1945; baseline -0.002 -21"><span class='ocrx_word' id='word_1_348' title='bbox 1997 1875 2134 1945; x_wconf 81' lang='grc' dir='ltr'>Ἔαρ</span> <span class='ocrx_word' id='word_1_349' title='bbox 2159 1871 2397 1940; x_wconf 80' lang='grc' dir='ltr'>χρυσοῦν</span> <span class='ocrx_word' id='word_1_350' title='bbox 2424 1871 2661 1939; x_wconf 73' lang='grc' dir='ltr'>ἐκχέασα</span> <span class='ocrx_word' id='word_1_351' title='bbox 2687 1871 2789 1939; x_wconf 80' lang='grc' dir='ltr'>τῆς</span> <span class='ocrx_word' id='word_1_352' title='bbox 2812 1870 3238 1940; x_wconf 84' lang='grc' dir='ltr'>μεγαλοδωρίας.</span> 
     </span>
    </p>
   </div>
   <div class='ocr_carea' id='block_1_57' title="bbox 1994 1960 3557 2037">
    <p class='ocr_par' dir='ltr' id='par_1_57' title="bbox 1994 1960 3557 2037">
     <span class='ocr_line' id='line_1_57' title="bbox 1994 1960 3557 2037; baseline -0.005 -18"><span class='ocrx_word' id='word_1_353' title='bbox 1994 1967 2136 2037; x_wconf 80' lang='grc' dir='ltr'>Πλὴν</span> <span class='ocrx_word' id='word_1_354' title='bbox 2163 1965 2280 2018; x_wconf 76' lang='grc' dir='ltr'>ἀλλ’</span> <span class='ocrx_word' id='word_1_355' title='bbox 2301 1966 2330 2017; x_wconf 93' lang='lat'><strong>6</strong></span> <span class='ocrx_word' id='word_1_356' title='bbox 2353 1964 2563 2034; x_wconf 78' lang='grc' dir='ltr'>βλέπων</span> <span class='ocrx_word' id='word_1_357' title='bbox 2583 1963 2652 2015; x_wconf 79' lang='grc' dir='ltr'>τὰ</span> <span class='ocrx_word' id='word_1_358' title='bbox 2667 1963 2887 2032; x_wconf 81' lang='grc' dir='ltr'>κρυπτὰ</span> <span class='ocrx_word' id='word_1_359' title='bbox 2906 1963 3004 2014; x_wconf 79' lang='grc' dir='ltr'>καὶ</span> <span class='ocrx_word' id='word_1_360' title='bbox 3035 1961 3239 2022; x_wconf 75' lang='grc' dir='ltr'>συνιεὶς</span> <span class='ocrx_word' id='word_1_361' title='bbox 3260 1961 3340 2022; x_wconf 87' lang='grc' dir='ltr'>εἰς</span> <span class='ocrx_word' id='word_1_362' title='bbox 3361 1960 3557 2020; x_wconf 62' lang='lat' dir='ltr'><strong>nauta,</strong></span> 
     </span>
    </p>
   </div>
   <div class='ocr_carea' id='block_1_58' title="bbox 2003 2048 3486 2123">
    <p class='ocr_par' dir='ltr' id='par_1_58' title="bbox 2003 2048 3486 2123">
     <span class='ocr_line' id='line_1_58' title="bbox 2003 2048 3486 2123; baseline -0.007 -14"><span class='ocrx_word' id='word_1_363' title='bbox 2003 2055 2062 2108; x_wconf 86' lang='lat'><strong>&#39;0</strong></span> <span class='ocrx_word' id='word_1_364' title='bbox 2102 2054 2492 2123; x_wconf 73' lang='grc' dir='ltr'>παντεπόπτης</span> <span class='ocrx_word' id='word_1_365' title='bbox 2522 2050 2823 2121; x_wconf 71' lang='grc' dir='ltr'>ὀφθαλμὸς,</span> <span class='ocrx_word' id='word_1_366' title='bbox 2857 2053 2885 2104; x_wconf 90' lang='lat'><strong>6</strong></span> <span class='ocrx_word' id='word_1_367' title='bbox 2909 2049 3008 2112; x_wconf 79' lang='grc' dir='ltr'>τὰς</span> <span class='ocrx_word' id='word_1_368' title='bbox 3037 2048 3264 2119; x_wconf 86' lang='grc' dir='ltr'>καρδίας</span> <span class='ocrx_word' id='word_1_369' title='bbox 3288 2048 3486 2119; x_wconf 80' lang='grc' dir='ltr'>κρίνων</span> 
     </span>
    </p>
   </div>
   <div class='ocr_carea' id='block_1_59' title="bbox 1994 2139 3419 2217">
    <p class='ocr_par' dir='ltr' id='par_1_59' title="bbox 1994 2139 3419 2217">
     <span class='ocr_line' id='line_1_59' title="bbox 1994 2139 3419 2217; baseline -0.006 -17"><span class='ocrx_word' id='word_1_370' title='bbox 1994 2145 2326 2217; x_wconf 84' lang='grc' dir='ltr'>Προσέσχεν,</span> <span class='ocrx_word' id='word_1_371' title='bbox 2359 2140 2520 2208; x_wconf 76' lang='grc' dir='ltr'>εἶδεν,</span> <span class='ocrx_word' id='word_1_372' title='bbox 2553 2141 2801 2212; x_wconf 72' lang='grc' dir='ltr'>ἐῦλεψεν,</span> <span class='ocrx_word' id='word_1_373' title='bbox 2827 2141 3120 2211; x_wconf 75' lang='grc' dir='ltr'>ἐζήλωσεν,</span> <span class='ocrx_word' id='word_1_374' title='bbox 3155 2139 3419 2210; x_wconf 77' lang='grc' dir='ltr'>ἠχθέσθη.</span> 
     </span>
    </p>
   </div>
   <div class='ocr_carea' id='block_1_60' title="bbox 1993 2229 3559 2304">
    <p class='ocr_par' dir='ltr' id='par_1_60' title="bbox 1993 2229 3559 2304">
     <span class='ocr_line' id='line_1_60' title="bbox 1993 2229 3559 2304; baseline -0.006 -16"><span class='ocrx_word' id='word_1_375' title='bbox 1993 2237 2103 2289; x_wconf 85' lang='lat' dir='ltr'><strong>Ka‘t</strong></span> <span class='ocrx_word' id='word_1_376' title='bbox 2140 2235 2278 2304; x_wconf 72' lang='grc' dir='ltr'>πρὸς</span> <span class='ocrx_word' id='word_1_377' title='bbox 2303 2233 2476 2303; x_wconf 78' lang='grc' dir='ltr'>βραχὺ</span> <span class='ocrx_word' id='word_1_378' title='bbox 2502 2233 2600 2302; x_wconf 83' lang='grc' dir='ltr'><strong>τῆς</strong></span> <span class='ocrx_word' id='word_1_379' title='bbox 2621 2231 2813 2302; x_wconf 83' lang='grc' dir='ltr'>ἡδονῆς</span> <span class='ocrx_word' id='word_1_380' title='bbox 2846 2229 2942 2283; x_wconf 81' lang='grc' dir='ltr'>τοῦ</span> <span class='ocrx_word' id='word_1_381' title='bbox 2970 2229 3206 2299; x_wconf 81' lang='grc' dir='ltr'>κράτους</span> <span class='ocrx_word' id='word_1_382' title='bbox 3247 2229 3559 2298; x_wconf 76' lang='grc' dir='ltr'>γευσαμένη</span> 
     </span>
    </p>
   </div>
   <div class='ocr_carea' id='block_1_61' title="bbox 2005 2319 3202 2394">
    <p class='ocr_par' dir='ltr' id='par_1_61' title="bbox 2005 2319 3202 2394">
     <span class='ocr_line' id='line_1_61' title="bbox 2005 2319 3202 2394; baseline -0.004 -17"><span class='ocrx_word' id='word_1_383' title='bbox 2005 2322 2414 2394; x_wconf 76' lang='grc' dir='ltr'>’Δψινθιάζοντα</span> <span class='ocrx_word' id='word_1_384' title='bbox 2446 2322 2640 2392; x_wconf 75' lang='grc' dir='ltr'>πικρὸν</span> <span class='ocrx_word' id='word_1_385' title='bbox 2666 2320 2899 2389; x_wconf 79' lang='grc' dir='ltr'>ἐκέρασε</span> <span class='ocrx_word' id='word_1_386' title='bbox 2929 2319 3202 2391; x_wconf 82' lang='grc' dir='ltr'>κρατῆρα,</span> 
     </span>
    </p>
   </div>
   <div class='ocr_carea' id='block_1_62' title="bbox 1995 2411 3418 2484">
    <p class='ocr_par' dir='ltr' id='par_1_62' title="bbox 1995 2411 3418 2484">
     <span class='ocr_line' id='line_1_62' title="bbox 1995 2411 3418 2484; baseline -0.003 -16"><span class='ocrx_word' id='word_1_387' title='bbox 1995 2415 2102 2469; x_wconf 73' lang='grc' dir='ltr'><strong>Καὶ</strong></span> <span class='ocrx_word' id='word_1_388' title='bbox 2133 2415 2224 2470; x_wconf 83' lang='grc' dir='ltr'><strong>τὸν</strong></span> <span class='ocrx_word' id='word_1_389' title='bbox 2253 2415 2484 2484; x_wconf 89' lang='grc' dir='ltr'>τρυγίαν</span> <span class='ocrx_word' id='word_1_390' title='bbox 2524 2413 2624 2481; x_wconf 84' lang='grc' dir='ltr'>τῆς</span> <span class='ocrx_word' id='word_1_391' title='bbox 2652 2414 2823 2483; x_wconf 77' lang='grc' dir='ltr'>ὀργῆς</span> <span class='ocrx_word' id='word_1_392' title='bbox 2851 2414 2916 2483; x_wconf 83' lang='grc' dir='ltr'>τῇ</span> <span class='ocrx_word' id='word_1_393' title='bbox 2958 2411 3418 2483; x_wconf 77' lang='grc' dir='ltr'>παρανομησὰσῃ.</span> 
     </span>
    </p>
   </div>
   <div class='ocr_carea' id='block_1_63' title="bbox 1991 2501 3560 2576">
    <p class='ocr_par' dir='ltr' id='par_1_63' title="bbox 1991 2501 3560 2576">
     <span class='ocr_line' id='line_1_63' title="bbox 1991 2501 3560 2576; baseline -0.006 -14"><span class='ocrx_word' id='word_1_394' title='bbox 1991 2507 2426 2569; x_wconf 79' lang='grc' dir='ltr'>Ἐπαναστάντος</span> <span class='ocrx_word' id='word_1_395' title='bbox 2468 2505 2578 2576; x_wconf 86' lang='grc' dir='ltr'>γὰρ</span> <span class='ocrx_word' id='word_1_396' title='bbox 2617 2504 2756 2573; x_wconf 73' lang='grc' dir='ltr'>αὐτῇ</span> <span class='ocrx_word' id='word_1_397' title='bbox 2785 2519 2931 2566; x_wconf 87' lang='grc' dir='ltr'>τινος</span> <span class='ocrx_word' id='word_1_398' title='bbox 2959 2504 3065 2556; x_wconf 85' lang='grc' dir='ltr'><strong>τῶν</strong></span> <span class='ocrx_word' id='word_1_399' title='bbox 3094 2502 3195 2571; x_wconf 84' lang='grc' dir='ltr'>τῆς</span> <span class='ocrx_word' id='word_1_400' title='bbox 3234 2501 3560 2570; x_wconf 82' lang='grc' dir='ltr'>συγκλήτου.</span> 
     </span>
    </p>
   </div>
   <div class='ocr_carea' id='block_1_64' title="bbox 1992 2589 3562 2668">
    <p class='ocr_par' dir='ltr' id='par_1_64' title="bbox 1992 2589 3562 2668">
     <span class='ocr_line' id='line_1_64' title="bbox 1992 2589 3562 2668; baseline -0.006 -16"><span class='ocrx_word' id='word_1_401' title='bbox 1992 2600 2114 2652; x_wconf 86' lang='grc' dir='ltr'>Τῶν</span> <span class='ocrx_word' id='word_1_402' title='bbox 2132 2598 2529 2668; x_wconf 76' lang='grc' dir='ltr'>περιλάμπρων</span> <span class='ocrx_word' id='word_1_403' title='bbox 2547 2597 2642 2650; x_wconf 80' lang='grc' dir='ltr'>καὶ</span> <span class='ocrx_word' id='word_1_404' title='bbox 2662 2593 2947 2663; x_wconf 82' lang='grc' dir='ltr'>γνωστῶν,</span> <span class='ocrx_word' id='word_1_405' title='bbox 2968 2591 3204 2663; x_wconf 74' lang='grc' dir='ltr'>τοῦνομα</span> <span class='ocrx_word' id='word_1_406' title='bbox 3222 2589 3562 2661; x_wconf 81' lang='grc' dir='ltr'>Νικηφόρου,</span> 
     </span>
    </p>
   </div>
   <div class='ocr_carea' id='block_1_65' title="bbox 3237 2719 3565 2776">
    <p class='ocr_par' dir='ltr' id='par_1_65' title="bbox 3237 2719 3565 2776">
     <span class='ocr_line' id='line_1_65' title="bbox 3237 2719 3565 2776; baseline -0.015 0"><span class='ocrx_word' id='word_1_407' title='bbox 3237 2720 3394 2776; x_wconf 81' lang='lat' dir='ltr'><strong>Vers.</strong></span> <span class='ocrx_word' id='word_1_408' title='bbox 3423 2719 3565 2774; x_wconf 66' lang='lat' dir='ltr'><strong>i558</strong></span> 
     </span>
    </p>
   </div>
   <div class='ocr_carea' id='block_1_66' title="bbox 1993 2844 3566 2921">
    <p class='ocr_par' dir='ltr' id='par_1_66' title="bbox 1993 2844 3566 2921">
     <span class='ocr_line' id='line_1_66' title="bbox 1993 2844 3566 2921; baseline -0.006 -13"><span class='ocrx_word' id='word_1_409' title='bbox 1993 2853 2196 2908; x_wconf 87' lang='lat' dir='ltr'><strong>sterius</strong></span> <span class='ocrx_word' id='word_1_410' title='bbox 2222 2851 2428 2921; x_wconf 86' lang='lat' dir='ltr'><strong>quibus</strong></span> <span class='ocrx_word' id='word_1_411' title='bbox 2463 2864 2533 2904; x_wconf 79' lang='lat' dir='ltr'><strong>ex</strong></span> <span class='ocrx_word' id='word_1_412' title='bbox 2577 2846 2762 2904; x_wconf 82' lang='lat' dir='ltr'><strong>causis</strong></span> <span class='ocrx_word' id='word_1_413' title='bbox 2786 2861 2851 2902; x_wconf 88' lang='lat' dir='ltr'><strong>ac</strong></span> <span class='ocrx_word' id='word_1_414' title='bbox 2878 2846 3183 2903; x_wconf 85' lang='lat' dir='ltr'><strong>rationibus</strong></span> <span class='ocrx_word' id='word_1_415' title='bbox 3213 2845 3414 2900; x_wconf 88' lang='lat' dir='ltr'><strong>factum</strong></span> <span class='ocrx_word' id='word_1_416' title='bbox 3447 2844 3566 2899; x_wconf 84' lang='lat' dir='ltr'><strong>fue-</strong></span> 
     </span>
    </p>
   </div>
   <div class='ocr_carea' id='block_1_67' title="bbox 1994 2936 3566 3014">
    <p class='ocr_par' dir='ltr' id='par_1_67' title="bbox 1994 2936 3566 3014">
     <span class='ocr_line' id='line_1_67' title="bbox 1994 2936 3566 3014; baseline -0.004 -16"><span class='ocrx_word' id='word_1_417' title='bbox 1994 2946 2105 3011; x_wconf 82' lang='lat' dir='ltr'><strong>rit,</strong></span> <span class='ocrx_word' id='word_1_418' title='bbox 2151 2943 2412 3014; x_wconf 84' lang='lat' dir='ltr'><strong>equidem</strong></span> <span class='ocrx_word' id='word_1_419' title='bbox 2460 2941 2604 2996; x_wconf 89' lang='lat' dir='ltr'><strong>scire</strong></span> <span class='ocrx_word' id='word_1_420' title='bbox 2654 2953 2890 3010; x_wconf 81' lang='lat' dir='ltr'><strong>nequeo.</strong></span> <span class='ocrx_word' id='word_1_421' title='bbox 2943 2938 3035 2994; x_wconf 88' lang='lat' dir='ltr'><strong>Sic</strong></span> <span class='ocrx_word' id='word_1_422' title='bbox 3081 2937 3378 3009; x_wconf 90' lang='lat' dir='ltr'><strong>pristinum</strong></span> <span class='ocrx_word' id='word_1_423' title='bbox 3429 2936 3566 2991; x_wconf 82' lang='lat' dir='ltr'><strong>illud</strong></span> 
     </span>
    </p>
   </div>
   <div class='ocr_carea' id='block_1_68' title="bbox 1993 3029 3564 3100">
    <p class='ocr_par' dir='ltr' id='par_1_68' title="bbox 1993 3029 3564 3100">
     <span class='ocr_line' id='line_1_68' title="bbox 1993 3029 3564 3100; baseline -0.003 -10"><span class='ocrx_word' id='word_1_424' title='bbox 1993 3037 2188 3091; x_wconf 87' lang='lat' dir='ltr'><strong>harum</strong></span> <span class='ocrx_word' id='word_1_425' title='bbox 2222 3035 2444 3090; x_wconf 84' lang='lat' dir='ltr'><strong>urbium</strong></span> <span class='ocrx_word' id='word_1_426' title='bbox 2477 3031 2759 3088; x_wconf 83' lang='lat' dir='ltr'><strong>vinculum</strong></span> <span class='ocrx_word' id='word_1_427' title='bbox 2789 3039 3012 3100; x_wconf 89' lang='lat' dir='ltr'><strong>ruptum</strong></span> <span class='ocrx_word' id='word_1_428' title='bbox 3044 3029 3180 3096; x_wconf 89' lang='lat' dir='ltr'><strong>fuit,</strong></span> <span class='ocrx_word' id='word_1_429' title='bbox 3213 3029 3295 3086; x_wconf 92' lang='lat' dir='ltr'><strong>sic</strong></span> <span class='ocrx_word' id='word_1_430' title='bbox 3333 3037 3564 3085; x_wconf 86' lang='lat' dir='ltr'><strong>matrem</strong></span> 
     </span>
    </p>
   </div>
   <div class='ocr_carea' id='block_1_69' title="bbox 1997 3121 3566 3198">
    <p class='ocr_par' dir='ltr' id='par_1_69' title="bbox 1997 3121 3566 3198">
     <span class='ocr_line' id='line_1_69' title="bbox 1997 3121 3566 3198; baseline -0.004 -14"><span class='ocrx_word' id='word_1_431' title='bbox 1997 3146 2026 3184; x_wconf 90' lang='lat' dir='ltr'><strong>a</strong></span> <span class='ocrx_word' id='word_1_432' title='bbox 2061 3129 2167 3183; x_wconf 82' lang='lat' dir='ltr'><strong>filia</strong></span> <span class='ocrx_word' id='word_1_433' title='bbox 2198 3127 2411 3198; x_wconf 82' lang='lat' dir='ltr'><strong>gladius</strong></span> <span class='ocrx_word' id='word_1_434' title='bbox 2445 3125 2633 3181; x_wconf 81' lang='lat' dir='ltr'><strong>divisit</strong></span> <span class='ocrx_word' id='word_1_435' title='bbox 2659 3140 2724 3180; x_wconf 88' lang='lat' dir='ltr'><strong>ac</strong></span> <span class='ocrx_word' id='word_1_436' title='bbox 2754 3124 3025 3189; x_wconf 88' lang='lat' dir='ltr'><strong>resecuit,</strong></span> <span class='ocrx_word' id='word_1_437' title='bbox 3055 3124 3284 3179; x_wconf 82' lang='lat' dir='ltr'><strong>Romam</strong></span> <span class='ocrx_word' id='word_1_438' title='bbox 3318 3121 3444 3178; x_wconf 83' lang='lat' dir='ltr'><strong>dico</strong></span> <span class='ocrx_word' id='word_1_439' title='bbox 3475 3137 3566 3178; x_wconf 89' lang='lat' dir='ltr'><strong>re-</strong></span> 
     </span>
    </p>
   </div>
   <div class='ocr_carea' id='block_1_70' title="bbox 1999 3214 3568 3287">
    <p class='ocr_par' dir='ltr' id='par_1_70' title="bbox 1999 3214 3568 3287">
     <span class='ocr_line' id='line_1_70' title="bbox 1999 3214 3568 3287; baseline -0.004 -12"><span class='ocrx_word' id='word_1_440' title='bbox 1999 3221 2324 3285; x_wconf 87' lang='lat' dir='ltr'><strong>centiorem,</strong></span> <span class='ocrx_word' id='word_1_441' title='bbox 2356 3218 2652 3272; x_wconf 81' lang='lat' dir='ltr'><strong>formosam</strong></span> <span class='ocrx_word' id='word_1_442' title='bbox 2696 3215 2840 3270; x_wconf 89' lang='lat' dir='ltr'><strong>illam</strong></span> <span class='ocrx_word' id='word_1_443' title='bbox 2870 3215 3219 3287; x_wconf 90' lang='lat' dir='ltr'><strong>juvenculam</strong></span> <span class='ocrx_word' id='word_1_444' title='bbox 3241 3254 3257 3278; x_wconf 87' lang='lat'><strong><em>.</em></strong></span> <span class='ocrx_word' id='word_1_445' title='bbox 3295 3214 3364 3268; x_wconf 87' lang='lat' dir='ltr'><strong>ab</strong></span> <span class='ocrx_word' id='word_1_446' title='bbox 3395 3214 3568 3268; x_wconf 90' lang='lat' dir='ltr'><strong>altera</strong></span> 
     </span>
    </p>
   </div>
   <div class='ocr_carea' id='block_1_71' title="bbox 2000 3311 2771 3381">
    <p class='ocr_par' dir='ltr' id='par_1_71' title="bbox 2000 3311 2771 3381">
     <span class='ocr_line' id='line_1_71' title="bbox 2000 3311 2771 3381; baseline -0.006 -17"><span class='ocrx_word' id='word_1_447' title='bbox 2000 3327 2196 3381; x_wconf 87' lang='lat' dir='ltr'><strong>rugosa</strong></span> <span class='ocrx_word' id='word_1_448' title='bbox 2231 3311 2500 3380; x_wconf 89' lang='lat' dir='ltr'><strong>planeque</strong></span> <span class='ocrx_word' id='word_1_449' title='bbox 2535 3315 2771 3362; x_wconf 87' lang='lat' dir='ltr'><strong>vetusta.</strong></span> 
     </span>
    </p>
   </div>
   <div class='ocr_carea' id='block_1_72' title="bbox 2069 3393 3570 3468">
    <p class='ocr_par' dir='ltr' id='par_1_72' title="bbox 2069 3393 3570 3468">
     <span class='ocr_line' id='line_1_72' title="bbox 2069 3393 3570 3468; baseline -0.005 -13"><span class='ocrx_word' id='word_1_450' title='bbox 2069 3403 2339 3457; x_wconf 62' lang='lat' dir='ltr'><strong>Cancrum</strong></span> <span class='ocrx_word' id='word_1_451' title='bbox 2389 3398 2705 3468; x_wconf 79' lang='lat' dir='ltr'><strong>imperatrix</strong></span> <span class='ocrx_word' id='word_1_452' title='bbox 2743 3396 2896 3449; x_wconf 85' lang='lat' dir='ltr'><strong>lrena</strong></span> <span class='ocrx_word' id='word_1_453' title='bbox 2922 3434 2937 3460; x_wconf 96' lang='lat'><strong>,</strong></span> <span class='ocrx_word' id='word_1_454' title='bbox 2977 3409 3101 3449; x_wconf 89' lang='lat' dir='ltr'><strong>cum</strong></span> <span class='ocrx_word' id='word_1_455' title='bbox 3138 3408 3334 3461; x_wconf 77' lang='lat' dir='ltr'><strong>magno</strong></span> <span class='ocrx_word' id='word_1_456' title='bbox 3383 3393 3570 3448; x_wconf 89' lang='lat' dir='ltr'><strong>studio</strong></span> 
     </span>
    </p>
   </div>
   <div class='ocr_carea' id='block_1_73' title="bbox 1999 3489 3566 3561">
    <p class='ocr_par' dir='ltr' id='par_1_73' title="bbox 1999 3489 3566 3561">
     <span class='ocr_line' id='line_1_73' title="bbox 1999 3489 3566 3561; baseline -0.008 -8"><span class='ocrx_word' id='word_1_457' title='bbox 1999 3498 2239 3553; x_wconf 86' lang='lat' dir='ltr'><strong>furorem</strong></span> <span class='ocrx_word' id='word_1_458' title='bbox 2275 3497 2429 3549; x_wconf 89' lang='lat' dir='ltr'><strong>illum</strong></span> <span class='ocrx_word' id='word_1_459' title='bbox 2463 3491 2914 3548; x_wconf 87' lang='lat' dir='ltr'><strong>barbarissimum</strong></span> <span class='ocrx_word' id='word_1_460' title='bbox 2949 3499 3006 3547; x_wconf 91' lang='lat' dir='ltr'><strong>et</strong></span> <span class='ocrx_word' id='word_1_461' title='bbox 3044 3490 3237 3561; x_wconf 85' lang='lat' dir='ltr'><strong>ingens</strong></span> <span class='ocrx_word' id='word_1_462' title='bbox 3270 3489 3566 3560; x_wconf 89' lang='lat' dir='ltr'><strong>piaculum,</strong></span> 
     </span>
    </p>
   </div>
   <div class='ocr_carea' id='block_1_74' title="bbox 1999 3580 3574 3660">
    <p class='ocr_par' dir='ltr' id='par_1_74' title="bbox 1999 3580 3574 3660">
     <span class='ocr_line' id='line_1_74' title="bbox 1999 3580 3574 3660; baseline -0.008 -17"><span class='ocrx_word' id='word_1_463' title='bbox 1999 3588 2146 3660; x_wconf 91' lang='lat' dir='ltr'><strong>quod</strong></span> <span class='ocrx_word' id='word_1_464' title='bbox 2178 3588 2230 3640; x_wconf 91' lang='lat' dir='ltr'><strong>in</strong></span> <span class='ocrx_word' id='word_1_465' title='bbox 2265 3586 2436 3640; x_wconf 84' lang='lat' dir='ltr'><strong>filium</strong></span> <span class='ocrx_word' id='word_1_466' title='bbox 2469 3583 2845 3646; x_wconf 89' lang='lat' dir='ltr'><strong>commiserat,</strong></span> <span class='ocrx_word' id='word_1_467' title='bbox 2873 3582 3058 3636; x_wconf 90' lang='lat' dir='ltr'><strong>eluere</strong></span> <span class='ocrx_word' id='word_1_468' title='bbox 3091 3580 3386 3649; x_wconf 90' lang='lat' dir='ltr'><strong>delercque</strong></span> <span class='ocrx_word' id='word_1_469' title='bbox 3409 3594 3574 3649; x_wconf 81' lang='lat' dir='ltr'><strong>cupe-</strong></span> 
     </span>
    </p>
   </div>
   <div class='ocr_carea' id='block_1_75' title="bbox 2001 3672 3571 3748">
    <p class='ocr_par' dir='ltr' id='par_1_75' title="bbox 2001 3672 3571 3748">
     <span class='ocr_line' id='line_1_75' title="bbox 2001 3672 3571 3748; baseline -0.007 -12"><span class='ocrx_word' id='word_1_470' title='bbox 2001 3690 2121 3747; x_wconf 85' lang='lat' dir='ltr'><strong>ret,</strong></span> <span class='ocrx_word' id='word_1_471' title='bbox 2157 3689 2299 3735; x_wconf 89' lang='lat' dir='ltr'><strong>totos</strong></span> <span class='ocrx_word' id='word_1_472' title='bbox 2352 3676 2709 3748; x_wconf 90' lang='lat' dir='ltr'><strong>pecuniarum</strong></span> <span class='ocrx_word' id='word_1_473' title='bbox 2767 3674 3053 3728; x_wconf 81' lang='lat' dir='ltr'><strong>thesauros</strong></span> <span class='ocrx_word' id='word_1_474' title='bbox 3105 3672 3159 3726; x_wconf 90' lang='lat' dir='ltr'><strong>in</strong></span> <span class='ocrx_word' id='word_1_475' title='bbox 3211 3672 3364 3727; x_wconf 85' lang='lat' dir='ltr'><strong>urbis</strong></span> <span class='ocrx_word' id='word_1_476' title='bbox 3410 3686 3571 3726; x_wconf 89' lang='lat' dir='ltr'><strong>usqu</strong></span> 
     </span>
    </p>
   </div>
   <div class='ocr_carea' id='block_1_76' title="bbox 1997 3765 3571 3834">
    <p class='ocr_par' dir='ltr' id='par_1_76' title="bbox 1997 3765 3571 3834">
     <span class='ocr_line' id='line_1_76' title="bbox 1997 3765 3571 3834; baseline -0.005 -8"><span class='ocrx_word' id='word_1_477' title='bbox 1997 3771 2380 3834; x_wconf 78' lang='lat' dir='ltr'><strong>exhauriebat,</strong></span> <span class='ocrx_word' id='word_1_478' title='bbox 2407 3778 2464 3824; x_wconf 90' lang='lat' dir='ltr'><strong>et</strong></span> <span class='ocrx_word' id='word_1_479' title='bbox 2494 3775 2782 3824; x_wconf 76' lang='lat' dir='ltr'><strong>vexantem</strong></span> <span class='ocrx_word' id='word_1_480' title='bbox 2813 3765 3082 3820; x_wconf 70' lang='lat' dir='ltr'><strong>obmratos</strong></span> <span class='ocrx_word' id='word_1_481' title='bbox 3109 3772 3483 3834; x_wconf 80' lang='lat' dir='ltr'><strong>tempestatem</strong></span> <span class='ocrx_word' id='word_1_482' title='bbox 3514 3765 3571 3819; x_wconf 88' lang='lat' dir='ltr'><strong>in</strong></span> 
     </span>
    </p>
   </div>
   <div class='ocr_carea' id='block_1_77' title="bbox 1998 3856 3575 3926">
    <p class='ocr_par' dir='ltr' id='par_1_77' title="bbox 1998 3856 3575 3926">
     <span class='ocr_line' id='line_1_77' title="bbox 1998 3856 3575 3926; baseline -0.005 -7"><span class='ocrx_word' id='word_1_483' title='bbox 1998 3863 2353 3919; x_wconf 83' lang='lat' dir='ltr'><strong>serenitatem</strong></span> <span class='ocrx_word' id='word_1_484' title='bbox 2399 3858 2796 3922; x_wconf 85' lang='lat' dir='ltr'><strong>commutabat,</strong></span> <span class='ocrx_word' id='word_1_485' title='bbox 2841 3856 3218 3912; x_wconf 83' lang='lat' dir='ltr'><strong>munificentia</strong></span> <span class='ocrx_word' id='word_1_486' title='bbox 3265 3872 3365 3911; x_wconf 87' lang='lat' dir='ltr'><strong>sua</strong></span> <span class='ocrx_word' id='word_1_487' title='bbox 3399 3857 3575 3926; x_wconf 82' lang='lat' dir='ltr'><strong>quod-</strong></span> 
     </span>
    </p>
   </div>
   <div class='ocr_carea' id='block_1_78' title="bbox 315 3941 1894 4020">
    <p class='ocr_par' dir='ltr' id='par_1_78' title="bbox 315 3941 1894 4020">
     <span class='ocr_line' id='line_1_78' title="bbox 315 3941 1894 4020; baseline 0.006 -25"><span class='ocrx_word' id='word_1_488' title='bbox 315 3951 557 3997; x_wconf 84' lang='lat' dir='ltr'><strong>vertere.</strong></span> <span class='ocrx_word' id='word_1_489' title='bbox 589 3941 728 3995; x_wconf 82' lang='lat' dir='ltr'><strong>Tum</strong></span> <span class='ocrx_word' id='word_1_490' title='bbox 763 3942 856 3998; x_wconf 87' lang='lat' dir='ltr'><strong>iile</strong></span> <span class='ocrx_word' id='word_1_491' title='bbox 891 3958 952 3997; x_wconf 82' lang='lat' dir='ltr'><strong>re</strong></span> <span class='ocrx_word' id='word_1_492' title='bbox 979 3952 1090 3998; x_wconf 79' lang='lat' dir='ltr'><strong>tota</strong></span> <span class='ocrx_word' id='word_1_493' title='bbox 1116 3959 1242 3998; x_wconf 75' lang='lat' dir='ltr'><strong>mox</strong></span> <span class='ocrx_word' id='word_1_494' title='bbox 1270 3945 1424 4015; x_wconf 87' lang='lat' dir='ltr'><strong>Cpoli</strong></span> <span class='ocrx_word' id='word_1_495' title='bbox 1455 3947 1705 4002; x_wconf 85' lang='lat' dir='ltr'><strong>nuntiata</strong></span> <span class='ocrx_word' id='word_1_496' title='bbox 1733 3963 1894 4020; x_wconf 89' lang='lat' dir='ltr'><strong>opem</strong></span> 
     </span>
    </p>
   </div>
   <div class='ocr_carea' id='block_1_79' title="bbox 313 4033 3571 4117">
    <p class='ocr_par' dir='ltr' id='par_1_79' title="bbox 313 4033 3571 4117">
     <span class='ocr_line' id='line_1_79' title="bbox 313 4033 3571 4117; baseline 0.002 -32"><span class='ocrx_word' id='word_1_497' title='bbox 313 4033 415 4087; x_wconf 84' lang='lat' dir='ltr'><strong>sibi</strong></span> <span class='ocrx_word' id='word_1_498' title='bbox 454 4034 600 4089; x_wconf 89' lang='lat' dir='ltr'><strong>ferri</strong></span> <span class='ocrx_word' id='word_1_499' title='bbox 648 4035 909 4104; x_wconf 75' lang='lat' dir='ltr'><strong>postulat.</strong></span> <span class='ocrx_word' id='word_1_500' title='bbox 942 4035 1046 4091; x_wconf 86' lang='lat' dir='ltr'><strong>Ubi</strong></span> <span class='ocrx_word' id='word_1_501' title='bbox 1087 4035 1287 4090; x_wconf 84' lang='lat' dir='ltr'><strong>frustra</strong></span> <span class='ocrx_word' id='word_1_502' title='bbox 1321 4051 1380 4091; x_wconf 88' lang='lat' dir='ltr'><strong>se</strong></span> <span class='ocrx_word' id='word_1_503' title='bbox 1413 4039 1597 4092; x_wconf 84' lang='lat' dir='ltr'><strong>omnia</strong></span> <span class='ocrx_word' id='word_1_504' title='bbox 1631 4039 1812 4094; x_wconf 91' lang='lat' dir='ltr'><strong>moliri</strong></span> <span class='ocrx_word' id='word_1_505' title='bbox 1839 4049 1896 4096; x_wconf 89' lang='lat' dir='ltr'><strong>et</strong></span> <span class='ocrx_word' id='word_1_506' title='bbox 2004 4047 2095 4102; x_wconf 86' lang='lat' dir='ltr'><strong>ille</strong></span> <span class='ocrx_word' id='word_1_507' title='bbox 2124 4047 2220 4117; x_wconf 86' lang='lat' dir='ltr'><strong>qui</strong></span> <span class='ocrx_word' id='word_1_508' title='bbox 2251 4045 2466 4100; x_wconf 87' lang='lat' dir='ltr'><strong>occulta</strong></span> <span class='ocrx_word' id='word_1_509' title='bbox 2495 4043 2796 4114; x_wconf 87' lang='lat' dir='ltr'><strong>perspicit,</strong></span> <span class='ocrx_word' id='word_1_510' title='bbox 2837 4042 3019 4096; x_wconf 85' lang='lat' dir='ltr'><strong>omnia</strong></span> <span class='ocrx_word' id='word_1_511' title='bbox 3071 4038 3359 4107; x_wconf 76' lang='lat' dir='ltr'><strong>intelligit,</strong></span> <span class='ocrx_word' id='word_1_512' title='bbox 3404 4038 3571 4092; x_wconf 85' lang='lat' dir='ltr'><strong>corda</strong></span> 
     </span>
    </p>
   </div>
   <div class='ocr_carea' id='block_1_80' title="bbox 314 4123 3574 4208">
    <p class='ocr_par' dir='ltr' id='par_1_80' title="bbox 314 4123 3574 4208">
     <span class='ocr_line' id='line_1_80' title="bbox 314 4123 3574 4208; baseline 0.002 -34"><span class='ocrx_word' id='word_1_513' title='bbox 314 4138 480 4194; x_wconf 83' lang='lat' dir='ltr'><strong>agere</strong></span> <span class='ocrx_word' id='word_1_514' title='bbox 511 4123 928 4192; x_wconf 69' lang='lat' dir='ltr'><strong>animadvertit,</strong></span> <span class='ocrx_word' id='word_1_515' title='bbox 955 4135 1012 4180; x_wconf 90' lang='lat' dir='ltr'><strong>et</strong></span> <span class='ocrx_word' id='word_1_516' title='bbox 1043 4126 1099 4179; x_wconf 89' lang='lat' dir='ltr'><strong>in</strong></span> <span class='ocrx_word' id='word_1_517' title='bbox 1127 4142 1286 4197; x_wconf 88' lang='lat' dir='ltr'><strong>aqua,</strong></span> <span class='ocrx_word' id='word_1_518' title='bbox 1315 4143 1416 4182; x_wconf 92' lang='lat' dir='ltr'><strong>ceu</strong></span> <span class='ocrx_word' id='word_1_519' title='bbox 1442 4130 1735 4199; x_wconf 88' lang='lat' dir='ltr'><strong>proverbio</strong></span> <span class='ocrx_word' id='word_1_520' title='bbox 1761 4131 1898 4186; x_wconf 85' lang='lat' dir='ltr'><strong>dici-</strong></span> <span class='ocrx_word' id='word_1_521' title='bbox 1998 4137 2230 4208; x_wconf 85' lang='lat' dir='ltr'><strong>judicat,</strong></span> <span class='ocrx_word' id='word_1_522' title='bbox 2264 4135 2332 4190; x_wconf 85' lang='lat' dir='ltr'><strong>ad</strong></span> <span class='ocrx_word' id='word_1_523' title='bbox 2364 4135 2579 4190; x_wconf 86' lang='lat' dir='ltr'><strong>lrenam</strong></span> <span class='ocrx_word' id='word_1_524' title='bbox 2613 4148 2673 4187; x_wconf 89' lang='lat' dir='ltr'><strong>se</strong></span> <span class='ocrx_word' id='word_1_525' title='bbox 2709 4131 3015 4196; x_wconf 76' lang='lat' dir='ltr'><strong>convertit,</strong></span> <span class='ocrx_word' id='word_1_526' title='bbox 3044 4144 3164 4184; x_wconf 85' lang='lat' dir='ltr'><strong>eam</strong></span> <span class='ocrx_word' id='word_1_527' title='bbox 3197 4128 3429 4199; x_wconf 81' lang='lat' dir='ltr'><strong>aspexit,</strong></span> <span class='ocrx_word' id='word_1_528' title='bbox 3465 4129 3574 4184; x_wconf 82' lang='lat' dir='ltr'><strong>fcr-</strong></span> 
     </span>
    </p>
   </div>
   <div class='ocr_carea' id='block_1_81' title="bbox 312 4213 3575 4298">
    <p class='ocr_par' dir='ltr' id='par_1_81' title="bbox 312 4213 3575 4298">
     <span class='ocr_line' id='line_1_81' title="bbox 312 4213 3575 4298; baseline 0.004 -34"><span class='ocrx_word' id='word_1_529' title='bbox 312 4213 670 4276; x_wconf 81' lang='lat' dir='ltr'><strong>tur,litteras</strong></span> <span class='ocrx_word' id='word_1_530' title='bbox 689 4228 937 4281; x_wconf 72' lang='lat' dir='ltr'><strong>exarare,</strong></span> <span class='ocrx_word' id='word_1_531' title='bbox 970 4231 1028 4270; x_wconf 89' lang='lat' dir='ltr'><strong>re</strong></span> <span class='ocrx_word' id='word_1_532' title='bbox 1056 4217 1126 4270; x_wconf 88' lang='lat' dir='ltr'><strong>ab</strong></span> <span class='ocrx_word' id='word_1_533' title='bbox 1155 4219 1302 4271; x_wconf 88' lang='lat' dir='ltr'><strong>omni</strong></span> <span class='ocrx_word' id='word_1_534' title='bbox 1338 4228 1489 4288; x_wconf 81' lang='lat' dir='ltr'><strong>parte</strong></span> <span class='ocrx_word' id='word_1_535' title='bbox 1514 4219 1801 4290; x_wconf 84' lang='lat' dir='ltr'><strong>desperata</strong></span> <span class='ocrx_word' id='word_1_536' title='bbox 1828 4221 1898 4276; x_wconf 79' lang='lat' dir='ltr'><strong>ad</strong></span> <span class='ocrx_word' id='word_1_537' title='bbox 2002 4244 2136 4284; x_wconf 82' lang='lat' dir='ltr'><strong>vore</strong></span> <span class='ocrx_word' id='word_1_538' title='bbox 2187 4226 2426 4298; x_wconf 88' lang='lat' dir='ltr'><strong>quodam</strong></span> <span class='ocrx_word' id='word_1_539' title='bbox 2475 4238 2742 4279; x_wconf 86' lang='lat' dir='ltr'><strong>accensus</strong></span> <span class='ocrx_word' id='word_1_540' title='bbox 2788 4230 2894 4288; x_wconf 88' lang='lat' dir='ltr'><strong>est,</strong></span> <span class='ocrx_word' id='word_1_541' title='bbox 2951 4220 3191 4292; x_wconf 74' lang='lat' dir='ltr'><strong>graviter</strong></span> <span class='ocrx_word' id='word_1_542' title='bbox 3235 4221 3575 4291; x_wconf 82' lang='lat' dir='ltr'><strong>molesteque</strong></span> 
     </span>
    </p>
   </div>
   <div class='ocr_carea' id='block_1_82' title="bbox 309 4303 3576 4388">
    <p class='ocr_par' dir='ltr' id='par_1_82' title="bbox 309 4303 3576 4388">
     <span class='ocr_line' id='line_1_82' title="bbox 309 4303 3576 4388; baseline -0 -19"><span class='ocrx_word' id='word_1_543' title='bbox 309 4303 585 4358; x_wconf 64' lang='grc' dir='ltr'><strong>αθηιιιιω</strong></span> <span class='ocrx_word' id='word_1_544' title='bbox 642 4303 912 4374; x_wconf 67' lang='lat' dir='ltr'><strong>confugit.</strong></span> <span class='ocrx_word' id='word_1_545' title='bbox 966 4305 1096 4359; x_wconf 70' lang='grc' dir='ltr'><strong>Εηῑ</strong></span> <span class='ocrx_word' id='word_1_546' title='bbox 1159 4309 1205 4360; x_wconf 73' lang='lat' dir='ltr'><strong>i8</strong></span> <span class='ocrx_word' id='word_1_547' title='bbox 1267 4307 1603 4363; x_wconf 68' lang='lat' dir='ltr'><strong>Francorum</strong></span> <span class='ocrx_word' id='word_1_548' title='bbox 1659 4311 1900 4366; x_wconf 65' lang='lat' dir='ltr'><strong>nationis</strong></span> <span class='ocrx_word' id='word_1_549' title='bbox 2004 4320 2219 4376; x_wconf 80' lang='lat' dir='ltr'><strong>facinus</strong></span> <span class='ocrx_word' id='word_1_550' title='bbox 2249 4317 2367 4388; x_wconf 88' lang='lat' dir='ltr'><strong>ejus</strong></span> <span class='ocrx_word' id='word_1_551' title='bbox 2393 4316 2557 4380; x_wconf 88' lang='lat' dir='ltr'><strong>tulit;</strong></span> <span class='ocrx_word' id='word_1_552' title='bbox 2605 4329 2840 4383; x_wconf 88' lang='lat' dir='ltr'><strong>cumque</strong></span> <span class='ocrx_word' id='word_1_553' title='bbox 2872 4311 3231 4384; x_wconf 76' lang='lat' dir='ltr'><strong>perexiguum</strong></span> <span class='ocrx_word' id='word_1_554' title='bbox 3257 4313 3328 4368; x_wconf 84' lang='lat' dir='ltr'><strong>ad</strong></span> <span class='ocrx_word' id='word_1_555' title='bbox 3359 4322 3576 4383; x_wconf 82' lang='lat' dir='ltr'><strong>tempus</strong></span> 
     </span>
    </p>
   </div>
   <div class='ocr_carea' id='block_1_83' title="bbox 1999 3947 3572 4010">
    <p class='ocr_par' dir='ltr' id='par_1_83' title="bbox 1999 3947 3572 4010">
     <span class='ocr_line' id='line_1_83' title="bbox 1999 3947 3572 4010; baseline -0.005 0"><span class='ocrx_word' id='word_1_556' title='bbox 1999 3955 2124 4010; x_wconf 90' lang='lat' dir='ltr'><strong>dam</strong></span> <span class='ocrx_word' id='word_1_557' title='bbox 2169 3955 2321 4009; x_wconf 88' lang='lat' dir='ltr'><strong>velut</strong></span> <span class='ocrx_word' id='word_1_558' title='bbox 2364 3967 2593 4008; x_wconf 87' lang='lat' dir='ltr'><strong>aureum</strong></span> <span class='ocrx_word' id='word_1_559' title='bbox 2630 3968 2727 4007; x_wconf 89' lang='lat' dir='ltr'><strong>ver</strong></span> <span class='ocrx_word' id='word_1_560' title='bbox 2777 3950 3088 4007; x_wconf 82' lang='lat' dir='ltr'><strong>effundens.</strong></span> <span class='ocrx_word' id='word_1_561' title='bbox 3130 3949 3328 4002; x_wconf 78' lang='lat' dir='ltr'><strong>Verum</strong></span> <span class='ocrx_word' id='word_1_562' title='bbox 3378 3947 3572 4003; x_wconf 83' lang='lat' dir='ltr'><strong>oculus</strong></span> 
     </span>
    </p>
   </div>
   <div class='ocr_carea' id='block_1_84' title="bbox 310 4395 1896 4471">
    <p class='ocr_par' dir='ltr' id='par_1_84' title="bbox 310 4395 1896 4471">
     <span class='ocr_line' id='line_1_84' title="bbox 310 4395 1896 4471; baseline 0.006 -23"><span class='ocrx_word' id='word_1_563' title='bbox 310 4395 607 4465; x_wconf 79' lang='lat' dir='ltr'><strong>princeps,</strong></span> <span class='ocrx_word' id='word_1_564' title='bbox 639 4411 802 4464; x_wconf 83' lang='lat' dir='ltr'><strong>quem</strong></span> <span class='ocrx_word' id='word_1_565' title='bbox 833 4397 1020 4467; x_wconf 80' lang='lat' dir='ltr'><strong>lingua</strong></span> <span class='ocrx_word' id='word_1_566' title='bbox 1064 4412 1161 4452; x_wconf 88' lang='lat' dir='ltr'><strong>sua</strong></span> <span class='ocrx_word' id='word_1_567' title='bbox 1214 4399 1408 4454; x_wconf 85' lang='lat' dir='ltr'><strong>Franci</strong></span> <span class='ocrx_word' id='word_1_568' title='bbox 1461 4416 1644 4471; x_wconf 82' lang='lat' dir='ltr'><strong>regem</strong></span> <span class='ocrx_word' id='word_1_569' title='bbox 1680 4419 1896 4458; x_wconf 55' lang='lat' dir='ltr'><strong>nuncu-</strong></span> 
     </span>
    </p>
   </div>
   <div class='ocr_carea' id='block_1_85' title="bbox 316 4488 1899 4562">
    <p class='ocr_par' dir='ltr' id='par_1_85' title="bbox 316 4488 1899 4562">
     <span class='ocr_line' id='line_1_85' title="bbox 316 4488 1899 4562; baseline 0.008 -24"><span class='ocrx_word' id='word_1_570' title='bbox 316 4501 448 4554; x_wconf 87' lang='lat' dir='ltr'><strong>pare</strong></span> <span class='ocrx_word' id='word_1_571' title='bbox 503 4497 938 4543; x_wconf 85' lang='lat' dir='ltr'><strong>consueverunt.</strong></span> <span class='ocrx_word' id='word_1_572' title='bbox 976 4488 1150 4560; x_wconf 85' lang='lat' dir='ltr'><strong>Hujus</strong></span> <span class='ocrx_word' id='word_1_573' title='bbox 1197 4504 1416 4545; x_wconf 86' lang='lat' dir='ltr'><strong>manum</strong></span> <span class='ocrx_word' id='word_1_574' title='bbox 1463 4494 1899 4562; x_wconf 87' lang='lat' dir='ltr'><strong>potentissimam</strong></span> 
     </span>
    </p>
   </div>
   <div class='ocr_carea' id='block_1_86' title="bbox 314 4577 1902 4658">
    <p class='ocr_par' dir='ltr' id='par_1_86' title="bbox 314 4577 1902 4658">
     <span class='ocr_line' id='line_1_86' title="bbox 314 4577 1902 4658; baseline 0.008 -27"><span class='ocrx_word' id='word_1_575' title='bbox 314 4577 607 4649; x_wconf 83' lang='lat' dir='ltr'><strong>implorat,</strong></span> <span class='ocrx_word' id='word_1_576' title='bbox 652 4588 712 4633; x_wconf 83' lang='grc' dir='ltr'><strong>ιιι</strong></span> <span class='ocrx_word' id='word_1_577' title='bbox 748 4581 1014 4634; x_wconf 71' lang='lat' dir='ltr'><strong>auxilium</strong></span> <span class='ocrx_word' id='word_1_578' title='bbox 1050 4582 1156 4636; x_wconf 91' lang='lat' dir='ltr'><strong>sibi</strong></span> <span class='ocrx_word' id='word_1_579' title='bbox 1187 4582 1359 4637; x_wconf 89' lang='lat' dir='ltr'><strong>ferret</strong></span> <span class='ocrx_word' id='word_1_580' title='bbox 1389 4585 1656 4641; x_wconf 86' lang='lat' dir='ltr'><strong>adversus</strong></span> <span class='ocrx_word' id='word_1_581' title='bbox 1685 4603 1782 4642; x_wconf 91' lang='lat' dir='ltr'><strong>eos</strong></span> <span class='ocrx_word' id='word_1_582' title='bbox 1807 4589 1902 4658; x_wconf 87' lang='lat' dir='ltr'><strong>qui</strong></span> 
     </span>
    </p>
   </div>
   <div class='ocr_carea' id='block_1_87' title="bbox 314 4668 1902 4748">
    <p class='ocr_par' dir='ltr' id='par_1_87' title="bbox 314 4668 1902 4748">
     <span class='ocr_line' id='line_1_87' title="bbox 314 4668 1902 4748; baseline 0.009 -29"><span class='ocrx_word' id='word_1_583' title='bbox 314 4668 602 4724; x_wconf 62' lang='lat' dir='ltr'><strong>laser-ant.</strong></span> <span class='ocrx_word' id='word_1_584' title='bbox 630 4669 864 4726; x_wconf 83' lang='lat' dir='ltr'><strong>Carulus</strong></span> <span class='ocrx_word' id='word_1_585' title='bbox 909 4671 1150 4727; x_wconf 87' lang='lat' dir='ltr'><strong>Leonem</strong></span> <span class='ocrx_word' id='word_1_586' title='bbox 1201 4674 1434 4745; x_wconf 83' lang='lat' dir='ltr'><strong>benigne</strong></span> <span class='ocrx_word' id='word_1_587' title='bbox 1470 4677 1689 4747; x_wconf 80' lang='lat' dir='ltr'><strong>accipit.</strong></span> <span class='ocrx_word' id='word_1_588' title='bbox 1718 4679 1902 4748; x_wconf 90' lang='lat' dir='ltr'><strong>utqui</strong></span> 
     </span>
    </p>
   </div>
   <div class='ocr_carea' id='block_1_88' title="bbox 312 4759 1903 4832">
    <p class='ocr_par' dir='ltr' id='par_1_88' title="bbox 312 4759 1903 4832">
     <span class='ocr_line' id='line_1_88' title="bbox 312 4759 1903 4832; baseline 0.007 -20"><span class='ocrx_word' id='word_1_589' title='bbox 312 4759 381 4813; x_wconf 85' lang='lat' dir='ltr'><strong>ab</strong></span> <span class='ocrx_word' id='word_1_590' title='bbox 417 4761 545 4814; x_wconf 82' lang='lat' dir='ltr'><strong>avis</strong></span> <span class='ocrx_word' id='word_1_591' title='bbox 577 4769 634 4813; x_wconf 91' lang='lat' dir='ltr'><strong>et</strong></span> <span class='ocrx_word' id='word_1_592' title='bbox 667 4763 848 4816; x_wconf 82' lang='lat' dir='ltr'><strong>atavis</strong></span> <span class='ocrx_word' id='word_1_593' title='bbox 883 4778 1058 4832; x_wconf 86' lang='lat' dir='ltr'><strong>usque</strong></span> <span class='ocrx_word' id='word_1_594' title='bbox 1093 4763 1441 4822; x_wconf 87' lang='lat' dir='ltr'><strong>Christianus</strong></span> <span class='ocrx_word' id='word_1_595' title='bbox 1481 4777 1628 4823; x_wconf 88' lang='lat' dir='ltr'><strong>esset</strong></span> <span class='ocrx_word' id='word_1_596' title='bbox 1665 4769 1903 4824; x_wconf 83' lang='lat' dir='ltr'><strong>Christi-</strong></span> 
     </span>
    </p>
   </div>
   <div class='ocr_carea' id='block_1_89' title="bbox 314 4852 1904 4928">
    <p class='ocr_par' dir='ltr' id='par_1_89' title="bbox 314 4852 1904 4928">
     <span class='ocr_line' id='line_1_89' title="bbox 314 4852 1904 4928; baseline 0.006 -23"><span class='ocrx_word' id='word_1_597' title='bbox 314 4865 424 4920; x_wconf 89' lang='lat' dir='ltr'><strong>que</strong></span> <span class='ocrx_word' id='word_1_598' title='bbox 457 4852 615 4923; x_wconf 84' lang='lat' dir='ltr'><strong>leges</strong></span> <span class='ocrx_word' id='word_1_599' title='bbox 641 4854 894 4916; x_wconf 86' lang='lat' dir='ltr'><strong>coleret;</strong></span> <span class='ocrx_word' id='word_1_600' title='bbox 938 4860 1280 4910; x_wconf 83' lang='lat' dir='ltr'><strong>sacerdotem</strong></span> <span class='ocrx_word' id='word_1_601' title='bbox 1333 4859 1639 4928; x_wconf 85' lang='lat' dir='ltr'><strong>supplicem</strong></span> <span class='ocrx_word' id='word_1_602' title='bbox 1685 4874 1904 4914; x_wconf 87' lang='lat' dir='ltr'><strong>revere-</strong></span> 
     </span>
    </p>
   </div>
   <div class='ocr_carea' id='block_1_90' title="bbox 315 4942 1902 5020">
    <p class='ocr_par' dir='ltr' id='par_1_90' title="bbox 315 4942 1902 5020">
     <span class='ocr_line' id='line_1_90' title="bbox 315 4942 1902 5020; baseline 0.007 -26"><span class='ocrx_word' id='word_1_603' title='bbox 315 4951 426 5008; x_wconf 87' lang='lat' dir='ltr'><strong>tur,</strong></span> <span class='ocrx_word' id='word_1_604' title='bbox 461 4942 792 4999; x_wconf 79' lang='lat' dir='ltr'><strong>auxiliarem</strong></span> <span class='ocrx_word' id='word_1_605' title='bbox 827 4945 877 4998; x_wconf 89' lang='lat' dir='ltr'><strong>ei</strong></span> <span class='ocrx_word' id='word_1_606' title='bbox 909 4962 1134 5002; x_wconf 89' lang='lat' dir='ltr'><strong>manum</strong></span> <span class='ocrx_word' id='word_1_607' title='bbox 1163 4948 1412 5019; x_wconf 87' lang='lat' dir='ltr'><strong>porrigit,</strong></span> <span class='ocrx_word' id='word_1_608' title='bbox 1442 4949 1580 5003; x_wconf 84' lang='lat' dir='ltr'><strong>solio</strong></span> <span class='ocrx_word' id='word_1_609' title='bbox 1607 4950 1815 5020; x_wconf 84' lang='lat' dir='ltr'><strong>pariter</strong></span> <span class='ocrx_word' id='word_1_610' title='bbox 1845 4959 1902 5005; x_wconf 87' lang='lat' dir='ltr'><strong>et</strong></span> 
     </span>
    </p>
   </div>
   <div class='ocr_carea' id='block_1_91' title="bbox 313 5037 1900 5100">
    <p class='ocr_par' dir='ltr' id='par_1_91' title="bbox 313 5037 1900 5100">
     <span class='ocr_line' id='line_1_91' title="bbox 313 5037 1900 5100; baseline 0.006 -10"><span class='ocrx_word' id='word_1_611' title='bbox 313 5037 443 5092; x_wconf 88' lang='lat' dir='ltr'><strong>urbi</strong></span> <span class='ocrx_word' id='word_1_612' title='bbox 498 5038 764 5093; x_wconf 88' lang='lat' dir='ltr'><strong>restituit.</strong></span> <span class='ocrx_word' id='word_1_613' title='bbox 811 5039 949 5094; x_wconf 85' lang='lat' dir='ltr'><strong>Tum</strong></span> <span class='ocrx_word' id='word_1_614' title='bbox 1000 5057 1132 5096; x_wconf 87' lang='lat' dir='ltr'><strong>vero</strong></span> <span class='ocrx_word' id='word_1_615' title='bbox 1178 5043 1353 5096; x_wconf 88' lang='lat' dir='ltr'><strong>vicem</strong></span> <span class='ocrx_word' id='word_1_616' title='bbox 1397 5043 1598 5098; x_wconf 86' lang='lat' dir='ltr'><strong>Carulo</strong></span> <span class='ocrx_word' id='word_1_617' title='bbox 1653 5044 1900 5100; x_wconf 88' lang='lat' dir='ltr'><strong>referens</strong></span> 
     </span>
    </p>
   </div>
   <div class='ocr_carea' id='block_1_92' title="bbox 311 5130 1904 5202">
    <p class='ocr_par' dir='ltr' id='par_1_92' title="bbox 311 5130 1904 5202">
     <span class='ocr_line' id='line_1_92' title="bbox 311 5130 1904 5202; baseline 0.002 -16"><span class='ocrx_word' id='word_1_618' title='bbox 311 5130 451 5194; x_wconf 87' lang='lat' dir='ltr'><strong>Leo,</strong></span> <span class='ocrx_word' id='word_1_619' title='bbox 489 5130 681 5185; x_wconf 70' lang='lat' dir='ltr'><strong>Romae</strong></span> <span class='ocrx_word' id='word_1_620' title='bbox 727 5134 933 5186; x_wconf 81' lang='lat' dir='ltr'><strong>veteris</strong></span> <span class='ocrx_word' id='word_1_621' title='bbox 981 5147 1106 5186; x_wconf 90' lang='lat' dir='ltr'><strong>eum</strong></span> <span class='ocrx_word' id='word_1_622' title='bbox 1163 5133 1547 5202; x_wconf 83' lang='lat' dir='ltr'><strong>imperatorem</strong></span> <span class='ocrx_word' id='word_1_623' title='bbox 1605 5136 1904 5201; x_wconf 84' lang='lat' dir='ltr'><strong>renuntiat,</strong></span> 
     </span>
    </p>
   </div>
   <div class='ocr_carea' id='block_1_93' title="bbox 312 5225 1902 5294">
    <p class='ocr_par' dir='ltr' id='par_1_93' title="bbox 312 5225 1902 5294">
     <span class='ocr_line' id='line_1_93' title="bbox 312 5225 1902 5294; baseline 0.003 -18"><span class='ocrx_word' id='word_1_624' title='bbox 312 5239 503 5294; x_wconf 81' lang='lat' dir='ltr'><strong>neque</strong></span> <span class='ocrx_word' id='word_1_625' title='bbox 558 5232 769 5277; x_wconf 81' lang='lat' dir='ltr'><strong>tantum</strong></span> <span class='ocrx_word' id='word_1_626' title='bbox 817 5237 1019 5277; x_wconf 87' lang='lat' dir='ltr'><strong>corona</strong></span> <span class='ocrx_word' id='word_1_627' title='bbox 1067 5235 1233 5292; x_wconf 89' lang='lat' dir='ltr'><strong>caput</strong></span> <span class='ocrx_word' id='word_1_628' title='bbox 1285 5225 1406 5294; x_wconf 86' lang='lat' dir='ltr'><strong>ejus</strong></span> <span class='ocrx_word' id='word_1_629' title='bbox 1447 5241 1602 5281; x_wconf 90' lang='lat' dir='ltr'><strong>more</strong></span> <span class='ocrx_word' id='word_1_630' title='bbox 1651 5225 1902 5282; x_wconf 76' lang='lat' dir='ltr'><strong>Romanu</strong></span> 
     </span>
    </p>
   </div>
   <div class='ocr_carea' id='block_1_94' title="bbox 309 5315 1908 5386">
    <p class='ocr_par' dir='ltr' id='par_1_94' title="bbox 309 5315 1908 5386">
     <span class='ocr_line' id='line_1_94' title="bbox 309 5315 1908 5386; baseline 0.002 -16"><span class='ocrx_word' id='word_1_631' title='bbox 309 5317 516 5386; x_wconf 82' lang='lat' dir='ltr'><strong>cingit,</strong></span> <span class='ocrx_word' id='word_1_632' title='bbox 554 5330 742 5370; x_wconf 87' lang='lat' dir='ltr'><strong>verum</strong></span> <span class='ocrx_word' id='word_1_633' title='bbox 774 5315 940 5370; x_wconf 90' lang='lat' dir='ltr'><strong>etiam</strong></span> <span class='ocrx_word' id='word_1_634' title='bbox 981 5315 1191 5384; x_wconf 84' lang='lat' dir='ltr'><strong>legibus</strong></span> <span class='ocrx_word' id='word_1_635' title='bbox 1227 5315 1537 5370; x_wconf 54' lang='lat' dir='ltr'><strong>Iudaeorum</strong></span> <span class='ocrx_word' id='word_1_636' title='bbox 1569 5333 1720 5385; x_wconf 89' lang='lat' dir='ltr'><strong>usus,</strong></span> <span class='ocrx_word' id='word_1_637' title='bbox 1755 5335 1785 5373; x_wconf 86' lang='lat' dir='ltr'><strong>a</strong></span> <span class='ocrx_word' id='word_1_638' title='bbox 1818 5334 1908 5373; x_wconf 87' lang='lat' dir='ltr'><strong>ca-</strong></span> 
     </span>
    </p>
   </div>
   <div class='ocr_carea' id='block_1_95' title="bbox 1933 4403 3575 4499">
    <p class='ocr_par' dir='ltr' id='par_1_95' title="bbox 1933 4403 3575 4499">
     <span class='ocr_line' id='line_1_95' title="bbox 1933 4403 3575 4499; baseline -0.007 -32"><span class='ocrx_word' id='word_1_639' title='bbox 1933 4444 1976 4499; x_wconf 70' lang='lat' dir='ltr'><strong>n</strong></span> <span class='ocrx_word' id='word_1_640' title='bbox 2005 4409 2225 4483; x_wconf 72' lang='lat' dir='ltr'><strong>imperii</strong></span> <span class='ocrx_word' id='word_1_641' title='bbox 2249 4408 2586 4477; x_wconf 87' lang='lat' dir='ltr'><strong>voluptatem</strong></span> <span class='ocrx_word' id='word_1_642' title='bbox 2623 4405 2712 4459; x_wconf 86' lang='lat' dir='ltr'><strong>illa</strong></span> <span class='ocrx_word' id='word_1_643' title='bbox 2744 4403 3381 4499; x_wconf 56' lang='lat' dir='ltr'><strong>degustasset,_ama_rum</strong></span> <span class='ocrx_word' id='word_1_644' title='bbox 3416 4403 3575 4474; x_wconf 82' lang='lat' dir='ltr'><strong>ﬂagi-</strong></span> 
     </span>
    </p>
   </div>
   <div class='ocr_carea' id='block_1_96' title="bbox 2005 4494 3574 4572">
    <p class='ocr_par' dir='ltr' id='par_1_96' title="bbox 2005 4494 3574 4572">
     <span class='ocr_line' id='line_1_96' title="bbox 2005 4494 3574 4572; baseline -0.006 -14"><span class='ocrx_word' id='word_1_645' title='bbox 2005 4503 2080 4558; x_wconf 91' lang='lat' dir='ltr'><strong>tio</strong></span> <span class='ocrx_word' id='word_1_646' title='bbox 2111 4501 2330 4572; x_wconf 70' lang='lat' dir='ltr'><strong>pollutae</strong></span> <span class='ocrx_word' id='word_1_647' title='bbox 2354 4505 2644 4560; x_wconf 86' lang='lat' dir='ltr'><strong>craterem,</strong></span> <span class='ocrx_word' id='word_1_648' title='bbox 2679 4511 2791 4552; x_wconf 65' lang='lat' dir='ltr'><strong>suae</strong></span> <span class='ocrx_word' id='word_1_649' title='bbox 2819 4495 3072 4550; x_wconf 86' lang='lat' dir='ltr'><strong>videlicet</strong></span> <span class='ocrx_word' id='word_1_650' title='bbox 3111 4495 3206 4550; x_wconf 78' lang='lat' dir='ltr'><strong>ira:</strong></span> <span class='ocrx_word' id='word_1_651' title='bbox 3243 4494 3401 4549; x_wconf 66' lang='lat' dir='ltr'><strong>faeces</strong></span> <span class='ocrx_word' id='word_1_652' title='bbox 3439 4497 3574 4550; x_wconf 90' lang='lat' dir='ltr'><strong>mis-</strong></span> 
     </span>
    </p>
   </div>
   <div class='ocr_carea' id='block_1_97' title="bbox 2001 4586 3576 4663">
    <p class='ocr_par' dir='ltr' id='par_1_97' title="bbox 2001 4586 3576 4663">
     <span class='ocr_line' id='line_1_97' title="bbox 2001 4586 3576 4663; baseline -0.008 -13"><span class='ocrx_word' id='word_1_653' title='bbox 2001 4596 2138 4650; x_wconf 87' lang='lat' dir='ltr'><strong>cuit.</strong></span> <span class='ocrx_word' id='word_1_654' title='bbox 2170 4595 2382 4663; x_wconf 87' lang='lat' dir='ltr'><strong>Quippe</strong></span> <span class='ocrx_word' id='word_1_655' title='bbox 2408 4592 2677 4647; x_wconf 86' lang='lat' dir='ltr'><strong>coucitata</strong></span> <span class='ocrx_word' id='word_1_656' title='bbox 2717 4589 2986 4644; x_wconf 87' lang='lat' dir='ltr'><strong>seditione</strong></span> <span class='ocrx_word' id='word_1_657' title='bbox 3022 4603 3121 4658; x_wconf 88' lang='lat' dir='ltr'><strong>per</strong></span> <span class='ocrx_word' id='word_1_658' title='bbox 3148 4586 3437 4657; x_wconf 89' lang='lat' dir='ltr'><strong>quemdam</strong></span> <span class='ocrx_word' id='word_1_659' title='bbox 3483 4602 3576 4639; x_wconf 89' lang='lat' dir='ltr'><strong>or-</strong></span> 
     </span>
    </p>
   </div>
   <div class='ocr_carea' id='block_1_98' title="bbox 2001 4675 3578 4740">
    <p class='ocr_par' dir='ltr' id='par_1_98' title="bbox 2001 4675 3578 4740">
     <span class='ocr_line' id='line_1_98' title="bbox 2001 4675 3578 4740; baseline -0.006 -4"><span class='ocrx_word' id='word_1_660' title='bbox 2001 4681 2148 4736; x_wconf 90' lang='lat' dir='ltr'><strong>dinis</strong></span> <span class='ocrx_word' id='word_1_661' title='bbox 2177 4679 2437 4735; x_wconf 89' lang='lat' dir='ltr'><strong>senatorii</strong></span> <span class='ocrx_word' id='word_1_662' title='bbox 2465 4679 2642 4732; x_wconf 88' lang='lat' dir='ltr'><strong>virum</strong></span> <span class='ocrx_word' id='word_1_663' title='bbox 2673 4677 2941 4732; x_wconf 87' lang='lat' dir='ltr'><strong>illustrem</strong></span> <span class='ocrx_word' id='word_1_664' title='bbox 2973 4685 3029 4731; x_wconf 91' lang='lat' dir='ltr'><strong>et</strong></span> <span class='ocrx_word' id='word_1_665' title='bbox 3063 4676 3296 4740; x_wconf 85' lang='lat' dir='ltr'><strong>clarum,</strong></span> <span class='ocrx_word' id='word_1_666' title='bbox 3341 4675 3429 4730; x_wconf 91' lang='lat' dir='ltr'><strong>cui</strong></span> <span class='ocrx_word' id='word_1_667' title='bbox 3477 4690 3578 4728; x_wconf 77' lang='lat' dir='ltr'><strong>no-</strong></span> 
     </span>
    </p>
   </div>
   <div class='ocr_carea' id='block_1_99' title="bbox 2003 4767 3577 4841">
    <p class='ocr_par' dir='ltr' id='par_1_99' title="bbox 2003 4767 3577 4841">
     <span class='ocr_line' id='line_1_99' title="bbox 2003 4767 3577 4841; baseline -0.004 -14"><span class='ocrx_word' id='word_1_668' title='bbox 2003 4788 2128 4827; x_wconf 91' lang='lat' dir='ltr'><strong>men</strong></span> <span class='ocrx_word' id='word_1_669' title='bbox 2149 4771 2514 4841; x_wconf 80' lang='lat' dir='ltr'><strong>Nicephorus,</strong></span> <span class='ocrx_word' id='word_1_670' title='bbox 2545 4769 2777 4839; x_wconf 87' lang='lat' dir='ltr'><strong>imperio</strong></span> <span class='ocrx_word' id='word_1_671' title='bbox 2803 4769 3013 4840; x_wconf 88' lang='lat' dir='ltr'><strong>dejecta</strong></span> <span class='ocrx_word' id='word_1_672' title='bbox 3046 4777 3150 4834; x_wconf 89' lang='lat' dir='ltr'><strong>est,</strong></span> <span class='ocrx_word' id='word_1_673' title='bbox 3175 4782 3274 4837; x_wconf 90' lang='lat' dir='ltr'><strong>pro</strong></span> <span class='ocrx_word' id='word_1_674' title='bbox 3295 4767 3577 4837; x_wconf 87' lang='lat' dir='ltr'><strong>voluptate</strong></span> 
     </span>
    </p>
   </div>
   <div class='ocr_carea' id='block_1_100' title="bbox 2008 4857 3577 4926">
    <p class='ocr_par' dir='ltr' id='par_1_100' title="bbox 2008 4857 3577 4926">
     <span class='ocr_line' id='line_1_100' title="bbox 2008 4857 3577 4926; baseline -0.004 -8"><span class='ocrx_word' id='word_1_675' title='bbox 2008 4863 2286 4919; x_wconf 87' lang='lat' dir='ltr'><strong>molestias</strong></span> <span class='ocrx_word' id='word_1_676' title='bbox 2320 4878 2417 4918; x_wconf 88' lang='lat' dir='ltr'><strong>cor</strong></span> <span class='ocrx_word' id='word_1_677' title='bbox 2447 4862 2747 4917; x_wconf 79' lang='lat' dir='ltr'><strong>exedentes</strong></span> <span class='ocrx_word' id='word_1_678' title='bbox 2779 4867 3106 4926; x_wconf 86' lang='lat' dir='ltr'><strong>consecuta,</strong></span> <span class='ocrx_word' id='word_1_679' title='bbox 3135 4859 3414 4914; x_wconf 88' lang='lat' dir='ltr'><strong>molestias</strong></span> <span class='ocrx_word' id='word_1_680' title='bbox 3434 4898 3450 4921; x_wconf 88' lang='lat'><strong>,</strong></span> <span class='ocrx_word' id='word_1_681' title='bbox 3488 4857 3577 4913; x_wconf 84' lang='lat' dir='ltr'><strong>in-</strong></span> 
     </span>
    </p>
   </div>
   <div class='ocr_carea' id='block_1_101' title="bbox 2007 4950 3576 5026">
    <p class='ocr_par' dir='ltr' id='par_1_101' title="bbox 2007 4950 3576 5026">
     <span class='ocr_line' id='line_1_101' title="bbox 2007 4950 3576 5026; baseline -0.004 -16"><span class='ocrx_word' id='word_1_682' title='bbox 2007 4972 2194 5026; x_wconf 85' lang='lat' dir='ltr'><strong>quam,</strong></span> <span class='ocrx_word' id='word_1_683' title='bbox 2227 4970 2338 5010; x_wconf 89' lang='lat' dir='ltr'><strong>non</strong></span> <span class='ocrx_word' id='word_1_684' title='bbox 2382 4964 2490 5008; x_wconf 87' lang='lat' dir='ltr'><strong>tam</strong></span> <span class='ocrx_word' id='word_1_685' title='bbox 2538 4952 2888 5023; x_wconf 86' lang='lat' dir='ltr'><strong>appellandas</strong></span> <span class='ocrx_word' id='word_1_686' title='bbox 2921 4952 3200 5006; x_wconf 89' lang='lat' dir='ltr'><strong>molestias</strong></span> <span class='ocrx_word' id='word_1_687' title='bbox 3234 4965 3397 5021; x_wconf 86' lang='lat' dir='ltr'><strong>quam</strong></span> <span class='ocrx_word' id='word_1_688' title='bbox 3427 4950 3576 5005; x_wconf 81' lang='lat' dir='ltr'><strong>cala-</strong></span> 
     </span>
    </p>
   </div>
   <div class='ocr_carea' id='block_1_102' title="bbox 2008 5043 3579 5113">
    <p class='ocr_par' dir='ltr' id='par_1_102' title="bbox 2008 5043 3579 5113">
     <span class='ocr_line' id='line_1_102' title="bbox 2008 5043 3579 5113; baseline -0.003 -13"><span class='ocrx_word' id='word_1_689' title='bbox 2008 5047 2259 5100; x_wconf 88' lang='lat' dir='ltr'><strong>mitatum</strong></span> <span class='ocrx_word' id='word_1_690' title='bbox 2291 5044 2387 5100; x_wconf 89' lang='lat' dir='ltr'><strong>fllii</strong></span> <span class='ocrx_word' id='word_1_691' title='bbox 2420 5045 2691 5100; x_wconf 88' lang='lat' dir='ltr'><strong>stimulos.</strong></span> <span class='ocrx_word' id='word_1_692' title='bbox 2723 5043 2902 5110; x_wconf 85' lang='lat' dir='ltr'><strong>Quare</strong></span> <span class='ocrx_word' id='word_1_693' title='bbox 2946 5043 3206 5113; x_wconf 88' lang='lat' dir='ltr'><strong>deinceps</strong></span> <span class='ocrx_word' id='word_1_694' title='bbox 3241 5057 3390 5097; x_wconf 88' lang='lat' dir='ltr'><strong>mare</strong></span> <span class='ocrx_word' id='word_1_695' title='bbox 3438 5043 3579 5097; x_wconf 72' lang='lat' dir='ltr'><strong>afﬂi—</strong></span> 
     </span>
    </p>
   </div>
   <div class='ocr_carea' id='block_1_103' title="bbox 2005 5131 3658 5204">
    <p class='ocr_par' dir='ltr' id='par_1_103' title="bbox 2005 5131 3658 5204">
     <span class='ocr_line' id='line_1_103' title="bbox 2005 5131 3658 5204; baseline -0.003 -13"><span class='ocrx_word' id='word_1_696' title='bbox 2005 5138 2248 5192; x_wconf 89' lang='lat' dir='ltr'><strong>ctionum</strong></span> <span class='ocrx_word' id='word_1_697' title='bbox 2287 5135 2596 5199; x_wconf 87' lang='lat' dir='ltr'><strong>hauriebat,</strong></span> <span class='ocrx_word' id='word_1_698' title='bbox 2623 5145 2879 5204; x_wconf 88' lang='lat' dir='ltr'><strong>tanquam</strong></span> <span class='ocrx_word' id='word_1_699' title='bbox 2930 5135 3264 5204; x_wconf 88' lang='lat' dir='ltr'><strong>paupercula</strong></span> <span class='ocrx_word' id='word_1_700' title='bbox 3295 5134 3494 5189; x_wconf 90' lang='lat' dir='ltr'><strong>mulier</strong></span> <span class='ocrx_word' id='word_1_701' title='bbox 3523 5143 3578 5187; x_wconf 86' lang='lat' dir='ltr'><strong>ct</strong></span> <span class='ocrx_word' id='word_1_702' title='bbox 3643 5131 3658 5148; x_wconf 87' lang='lat'><strong><em>‘</em></strong></span> 
     </span>
    </p>
   </div>
   <div class='ocr_carea' id='block_1_104' title="bbox 2004 5222 3581 5294">
    <p class='ocr_par' dir='ltr' id='par_1_104' title="bbox 2004 5222 3581 5294">
     <span class='ocr_line' id='line_1_104' title="bbox 2004 5222 3581 5294; baseline -0.003 -12"><span class='ocrx_word' id='word_1_703' title='bbox 2004 5227 2188 5282; x_wconf 83' lang='lat' dir='ltr'><strong>uendo</strong></span> <span class='ocrx_word' id='word_1_704' title='bbox 2210 5226 2415 5281; x_wconf 91' lang='lat' dir='ltr'><strong>victum</strong></span> <span class='ocrx_word' id='word_1_705' title='bbox 2448 5239 2723 5294; x_wconf 67' lang='lat' dir='ltr'><strong>quaerens.</strong></span> <span class='ocrx_word' id='word_1_706' title='bbox 2751 5223 2859 5294; x_wconf 79' lang='lat'><strong>93</strong></span> <span class='ocrx_word' id='word_1_707' title='bbox 2887 5223 3170 5292; x_wconf 86' lang='lat' dir='ltr'><strong>Ejusmodi</strong></span> <span class='ocrx_word' id='word_1_708' title='bbox 3199 5222 3417 5279; x_wconf 85' lang='lat' dir='ltr'><strong>eﬂicere</strong></span> <span class='ocrx_word' id='word_1_709' title='bbox 3452 5223 3581 5278; x_wconf 64' lang='lat' dir='ltr'><strong>vita:</strong></span> 
     </span>
    </p>
   </div>
   <div class='ocr_carea' id='block_1_105' title="bbox 2007 5311 3585 5377">
    <p class='ocr_par' dir='ltr' id='par_1_105' title="bbox 2007 5311 3585 5377">
     <span class='ocr_line' id='line_1_105' title="bbox 2007 5311 3585 5377; baseline -0.005 -4"><span class='ocrx_word' id='word_1_710' title='bbox 2007 5317 2254 5373; x_wconf 88' lang='lat' dir='ltr'><strong>mortalis</strong></span> <span class='ocrx_word' id='word_1_711' title='bbox 2280 5313 2644 5369; x_wconf 89' lang='lat' dir='ltr'><strong>inconstantia</strong></span> <span class='ocrx_word' id='word_1_712' title='bbox 2681 5313 2990 5377; x_wconf 88' lang='lat' dir='ltr'><strong>consuevit,</strong></span> <span class='ocrx_word' id='word_1_713' title='bbox 3022 5322 3076 5367; x_wconf 91' lang='lat' dir='ltr'><strong>et</strong></span> <span class='ocrx_word' id='word_1_714' title='bbox 3107 5313 3212 5368; x_wconf 88' lang='lat' dir='ltr'><strong>hoc</strong></span> <span class='ocrx_word' id='word_1_715' title='bbox 3239 5312 3401 5367; x_wconf 88' lang='lat' dir='ltr'><strong>modo</strong></span> <span class='ocrx_word' id='word_1_716' title='bbox 3435 5311 3585 5366; x_wconf 87' lang='lat' dir='ltr'><strong>Deus</strong></span> 
     </span>
    </p>
   </div>
   <div class='ocr_carea' id='block_1_106' title="bbox 313 5402 3579 5497">
    <p class='ocr_par' dir='ltr' id='par_1_106' title="bbox 313 5402 3579 5497">
     <span class='ocr_line' id='line_1_106' title="bbox 313 5402 3579 5497; baseline -0.001 -38"><span class='ocrx_word' id='word_1_717' title='bbox 313 5405 427 5473; x_wconf 63' lang='lat' dir='ltr'><strong>rite</strong></span> <span class='ocrx_word' id='word_1_718' title='bbox 487 5404 562 5459; x_wconf 82' lang='lat' dir='ltr'><strong>ad</strong></span> <span class='ocrx_word' id='word_1_719' title='bbox 607 5405 775 5476; x_wconf 88' lang='lat' dir='ltr'><strong>pedes</strong></span> <span class='ocrx_word' id='word_1_720' title='bbox 803 5405 925 5461; x_wconf 93' lang='lat' dir='ltr'><strong>oleo</strong></span> <span class='ocrx_word' id='word_1_721' title='bbox 954 5413 1126 5460; x_wconf 88' lang='lat' dir='ltr'><strong>totum</strong></span> <span class='ocrx_word' id='word_1_722' title='bbox 1159 5410 1434 5478; x_wconf 88' lang='lat' dir='ltr'><strong>perungit.</strong></span> <span class='ocrx_word' id='word_1_723' title='bbox 1463 5408 1616 5475; x_wconf 85' lang='lat' dir='ltr'><strong>Quod</strong></span> <span class='ocrx_word' id='word_1_724' title='bbox 1649 5425 1780 5464; x_wconf 89' lang='lat' dir='ltr'><strong>sane</strong></span> <span class='ocrx_word' id='word_1_725' title='bbox 1810 5424 1910 5480; x_wconf 83' lang='lat' dir='ltr'><strong>po-</strong></span> <span class='ocrx_word' id='word_1_726' title='bbox 2013 5409 2334 5497; x_wconf 52' lang='lat' dir='ltr'><strong>injuriaym</strong></span> <span class='ocrx_word' id='word_1_727' title='bbox 2380 5405 2701 5461; x_wconf 89' lang='lat' dir='ltr'><strong>auctoribus</strong></span> <span class='ocrx_word' id='word_1_728' title='bbox 2743 5403 3051 5459; x_wconf 88' lang='lat' dir='ltr'><strong>mercedem</strong></span> <span class='ocrx_word' id='word_1_729' title='bbox 3094 5403 3305 5459; x_wconf 91' lang='lat' dir='ltr'><strong>tribuit.</strong></span> <span class='ocrx_word' id='word_1_730' title='bbox 3339 5402 3579 5473; x_wconf 66' lang='lat' dir='ltr'><strong>Contigit</strong></span> 
     </span>
    </p>
   </div>
   <div class='ocr_carea' id='block_1_107' title="bbox 1692 5570 2270 5634">
    <p class='ocr_par' dir='ltr' id='par_1_107' title="bbox 1692 5570 2270 5634">
     <span class='ocr_line' id='line_1_107' title="bbox 1692 5570 2270 5634; baseline 0.007 -6"><span class='ocrx_word' id='word_1_731' title='bbox 1692 5571 1901 5634; x_wconf 70' lang='lat' dir='ltr'><strong>Varia)</strong></span> <span class='ocrx_word' id='word_1_732' title='bbox 1932 5570 2270 5634; x_wconf 82' lang='lat' dir='ltr'><strong>lectiones.</strong></span> 
     </span>
    </p>
   </div>
   <div class='ocr_carea' id='block_1_108' title="bbox 384 5689 2944 5771">
    <p class='ocr_par' dir='ltr' id='par_1_108' title="bbox 384 5689 2944 5771">
     <span class='ocr_line' id='line_1_108' title="bbox 384 5689 2944 5771; baseline -0 -24"><span class='ocrx_word' id='word_1_733' title='bbox 384 5699 433 5731; x_wconf 74' lang='lat'>“</span> <span class='ocrx_word' id='word_1_734' title='bbox 470 5696 689 5771; x_wconf 74' lang='grc' dir='ltr'>γλώττῃ</span> <span class='ocrx_word' id='word_1_735' title='bbox 716 5697 777 5751; x_wconf 82' lang='lat' dir='ltr'><strong>R.</strong></span> <span class='ocrx_word' id='word_1_736' title='bbox 857 5699 902 5731; x_wconf 84' lang='grc'><strong>⁸⁷</strong></span> <span class='ocrx_word' id='word_1_737' title='bbox 923 5697 1022 5770; x_wconf 81' lang='grc' dir='ltr'><strong>ὡς]</strong></span> <span class='ocrx_word' id='word_1_738' title='bbox 1039 5698 1136 5768; x_wconf 77' lang='grc' dir='ltr'>τῆς</span> <span class='ocrx_word' id='word_1_739' title='bbox 1170 5699 1230 5751; x_wconf 80' lang='grc' dir='ltr'><strong>Α.</strong></span> <span class='ocrx_word' id='word_1_740' title='bbox 1314 5697 1358 5730; x_wconf 76' lang='grc'><strong>⁸³</strong></span> <span class='ocrx_word' id='word_1_741' title='bbox 1399 5695 1550 5750; x_wconf 82' lang='grc' dir='ltr'>τοῦτο</span> <span class='ocrx_word' id='word_1_742' title='bbox 1573 5697 1636 5751; x_wconf 79' lang='grc' dir='ltr'><strong>Δ.</strong></span> <span class='ocrx_word' id='word_1_743' title='bbox 1718 5699 1762 5731; x_wconf 72' lang='grc'><strong>⁸³</strong></span> <span class='ocrx_word' id='word_1_744' title='bbox 1791 5697 1895 5750; x_wconf 51' lang='lat' dir='ltr'><strong>art-‘1</strong></span> <span class='ocrx_word' id='word_1_745' title='bbox 1924 5696 2034 5749; x_wconf 79' lang='lat' dir='ltr'><strong>AR.</strong></span> <span class='ocrx_word' id='word_1_746' title='bbox 2117 5697 2164 5729; x_wconf 71' lang='grc' dir='ltr'><strong>τ’</strong></span> <span class='ocrx_word' id='word_1_747' title='bbox 2199 5695 2411 5767; x_wconf 82' lang='grc' dir='ltr'>πρῶτος</span> <span class='ocrx_word' id='word_1_748' title='bbox 2445 5692 2508 5747; x_wconf 83' lang='grc' dir='ltr'><strong>ιι.</strong></span> <span class='ocrx_word' id='word_1_749' title='bbox 2591 5692 2631 5725; x_wconf 80' lang='grc'><strong>⁷⁸</strong></span> <span class='ocrx_word' id='word_1_750' title='bbox 2666 5689 2849 5745; x_wconf 75' lang='grc' dir='ltr'>ἄδειαν</span> <span class='ocrx_word' id='word_1_751' title='bbox 2878 5691 2944 5746; x_wconf 80' lang='grc' dir='ltr'><strong>Δ.</strong></span> 
     </span>
    </p>
   </div>
  </div>
