4122 6212
482 286 582 355 κη

502 406 858 460 Ἐκεάλλεται
898 402 993 458 τοῦ
1022 404 1122 473 τῆς
1145 402 1322 473 ἀρχῆς
1365 399 1758 472 ἀγλαοδένδρου
1781 402 1983 472 κήπου,

496 498 645 551 Ἀντὶ
676 497 889 568 τρυφῆς
929 492 1261 564 καρπίζεται
1308 492 1732 563 δακνοκαρδίους
1758 493 1976 554 πόνους,

486 589 692 652 Πόνους
726 589 786 640 οὐ
811 587 1005 648 πόνους
1024 581 1270 647 τοκετοῦ,
1296 582 1404 636 τῶν
1426 583 1725 654 συμφορῶν
1752 582 1810 636 δὲ
1825 582 2050 653 κέντρα,

488 679 702 747 Ἀλμην
731 695 789 730 τε
823 677 965 730 πίνει
1000 676 1233 745 θλίψεως
1269 676 1344 739 ὡς
1391 676 1637 746 πένησσα
1669 673 1943 745 χερνῆτις.

485 766 725 820 Τοιαῦτα
751 766 809 818 τὸ
840 763 1242 834 παλίνστροφον
1268 764 1562 835 ἐργάζεται
1591 762 1683 817 τοῦ
1710 763 1830 834 βίου
1855 779 1870 792 ·

484 856 674 918 Οὕτως
713 855 1106 909 ἀνταποδίδωσι
1138 855 1271 918 Θεὸς
1317 859 1433 920 τοῖς
1467 856 1731 910 ἀδικοῦσι.

484 948 638 1016 Μόνη
673 948 771 1017 μὲν
808 941 901 1001 οὖν
929 945 1227 1014 τετύχηκεν
1250 946 1342 998 ἐπὶ
1357 945 1555 1016 μικρὸν
1597 946 1694 999 τοῦ
1730 946 1963 1017 κράτους
1982 948 2049 1009 ⁷³,

483 1040 589 1092 Σὺν
612 1038 1008 1108 Κωνσταντίνῳ
1036 1037 1091 1090 δὲ
1114 1037 1215 1108 υίῷ
1251 1038 1462 1107 χρόνοις
1494 1037 1633 1090 ἑπτά
1662 1037 1800 1108 πρὸς
1823 1038 1975 1093 δέκα.

556 1129 664 1181 Τοῦ
688 1129 935 1199 κράτους
957 1130 1136 1181 τοίνυν
1158 1129 1186 1181 ὁ
1209 1127 1402 1199 τροχὸς
1423 1128 1482 1193 ἐξ
1512 1128 1688 1182 ἄλλων
1722 1131 1800 1193 είς
1834 1129 2053 1199 ἐτέρους

485 1222 847 1292 Κυλινδηθεὶς
875 1223 925 1258 ⁷³
953 1221 1047 1274 καὶ
1067 1220 1402 1291 συστραφεὶς
1425 1221 1484 1272 ἐν
1502 1219 1723 1290 δρόμοις
1744 1220 2052 1292 ἀνωμάλοις

483 1313 680 1365 Φθάνει
726 1314 862 1364 ποτὲ
920 1311 1192 1381 μετέωρον
1222 1309 1360 1379 ἄρας
1390 1310 1485 1362 καὶ
1507 1309 1846 1380 Νικηφόρον,

490 1402 810 1470 ’Ἄνθρωπον
841 1401 1231 1469 φονικώτατον,
1262 1400 1591 1470 δύστροπον,
1622 1401 1891 1473 κακοήθη,

486 1495 685 1549 Δοῦλον
712 1494 915 1566 χρυσοῦ
943 1493 1286 1564 χρυσομανῆ,
1325 1491 1559 1562 κίμϐικα
1593 1493 1976 1564 σμικρολόγον,

493 1589 789 1658 Ἀντικρυς
820 1585 998 1640 Μίδαν
1021 1584 1112 1637 τόν
1143 1600 1273 1637 ποτε
1308 1582 1661 1653 κατάρξαντα
1692 1585 1954 1655 Φρυγίας,

493 1679 592 1741 Ὃς
616 1678 710 1740 τὰς
740 1677 916 1748 ἀρχὰς
940 1677 1051 1730 τῶν
1072 1676 1279 1729 πόλεων
1298 1674 1492 1737 ὠνίους
1517 1676 1768 1742 ἐποιεῖτο,

488 1766 605 1819 Οὐκ
631 1766 946 1835 ἀριστίνδην
973 1765 1070 1829 τὰς
1097 1764 1264 1834 τιμάς
1310 1764 1446 1818 ἀλλὰ
1481 1764 1802 1835 πλουτίνδην
1848 1768 2050 1837 νέμων.
2087 1749 2129 1808 Β

487 1851 615 1926 Εἶχε
638 1855 837 1927 χρυσὸν
865 1857 924 1910 ὲν
953 1855 1176 1926 χείλεσι,
1213 1853 1339 1924 βοῦν
1381 1855 1473 1908 ἐπὶ
1498 1855 1746 1927 γλώττης
1777 1852 1912 1929 εἶχε,

486 1951 701 2018 Χρυσδν
735 1949 1122 2020 ὲπιτραπέζιον
1151 1948 1215 2013 ⁷⁸,
1240 1948 1441 2018 χρυσὸν
1481 1948 1852 2020 ὠνειροπόλει.

490 2042 600 2095 Καὶ
619 2043 733 2103 τοῖς
760 2039 860 2110 μὲν
889 2038 1070 2102 ἄλλοις
1100 2037 1426 2108 σκυθρωπὸς
1464 2042 1557 2092 καὶ
1586 2040 1840 2112 κατηφὴς
1866 2041 2052 2114 ἐῴκει,

490 2134 589 2185 “Av
619 2131 675 2185 δὲ
704 2130 908 2202 χρυσοῦ
936 2146 1015 2193 τις
1047 2129 1241 2200 ἔφερεν
1269 2128 1434 2199 ὁλκὴν
1466 2130 1816 2200 ὲπικολπίαν,

486 2225 621 2280 Τότε
652 2223 717 2295 δὴ
743 2222 864 2277 τότε
917 2222 1192 2293 προσηνὲς
1227 2220 1290 2274 τὸ
1345 2220 1614 2293 βλέφαρον
1644 2222 1880 2290 ἐδείκνυ,

487 2314 600 2367 Καὶ
652 2312 1117 2384 σκυθρωπότητος
1169 2308 1341 2381 ἀχλὺς
1388 2311 1491 2364 οὐκ
1542 2306 1611 2383 ἦν
1645 2311 1705 2364 ἐν
1736 2314 1850 2375 τοῖς
1883 2328 2051 2383 προσ-

1691 2401 1881 2478 [ώποις
1914 2406 1982 2459 ⁷⁸.

500 2492 782 2549 Ἐντεῦθεν
824 2494 1005 2557 πάσας
1043 2491 1290 2563 μηχανὰς
1325 2491 1617 2563 ὑπώρυττε
1668 2494 1762 2545 καὶ
1789 2492 2052 2561 τρόπους,

490 2586 602 2640 Καὶ
638 2585 849 2647 πάντας
878 2584 1246 2655 ὑπεὸόθρευεν
1286 2583 1334 2616 ⁷⁴
1356 2581 1752 2653 εὑρεσικάκους
1779 2580 1986 2646 δόλους,

506 2677 595 2740 Ὠς
627 2676 681 2729 sf
706 2693 805 2729 που
836 2673 1262 2745 παρευρίσκοιτο
1291 2672 1336 2704 ⁷⁷
1365 2671 1588 2743 χρυσίον
1618 2670 1883 2741 κενωθείη

494 2770 604 2822 Καὶ
635 2769 772 2837 πρὸς
817 2767 980 2820 αὑτὸν
1015 2765 1334 2836 μετενεχθῇ.
1360 2764 1472 2833 Τῆς
1510 2761 1975 2834 φιλοχρηματίαςί

493 2852 661 2919 οὗτος
693 2856 740 2889 ⁷⁸
767 2856 1007 2928 ἐπέθηκε
1040 2855 1179 2927 βαρὺ
1211 2858 1323 2918 τοῖς
1358 2854 1676 2918 Βυζαντίοις
1724 2853 1910 2923 ἄχθος,

492 2951 568 3005 0-3
609 2950 814 3019 κοῦφον
848 2948 959 3002 οὐδ’
981 2945 1308 3016 εὐάγκαλον,
1358 2944 1468 2998 οὔδ’
1495 2944 1729 3015 ἐλαφρὸν
1761 2942 2049 3014 βαστάσαι,

506 3041 883 3102 ’Λνανεώσεως
912 3040 1111 3108 τειχῶν
1134 3039 1293 3107 χάριν
1326 3035 1435 3089 τῶν
1465 3035 1843 3107 γηρασάντων,

500 3132 565 3185 '0
594 3131 813 3200 λέγουσι
836 3130 1125 3201 δικέρατον
1149 3130 1201 3184 οί
1233 3128 1424 3183 τούτου
1452 3128 1812 3200 τελωνάρχαι.

493 3383 678 3430 autem
729 3372 831 3444 ipsi
875 3372 1039 3444 longo
1092 3380 1360 3442 tempore,
1418 3379 1528 3424 tam
1578 3369 1680 3424 soli
1727 3382 1889 3440 quam
1935 3382 2060 3425 cum

494 3467 607 3522 tilio
649 3465 1043 3529 Constantino,
1089 3464 1322 3536 imperio
1374 3461 1524 3530 frui,
1575 3462 1834 3518 nimirum
1881 3463 1946 3518 ad
1996 3462 2063 3518 l7

493 3573 689 3615 annos.

567 3649 739 3719 lgitur
768 3647 982 3718 imperii
1020 3653 1141 3702 rota
1166 3662 1292 3702 cum
1322 3648 1392 3703 ab
1419 3648 1545 3703 aliis
1565 3648 1631 3703 ad
1654 3648 1793 3703 alios
1818 3646 2063 3702 volutata

494 3754 875 3809 conversaque
900 3739 1044 3794 foret
1076 3739 1434 3809 inaequalibus
1457 3755 1589 3795 sane
1614 3738 1885 3802 cursibus,
1913 3745 2064 3792 nunc

495 3831 714 3887 tandem
740 3830 1111 3901 Nicephorum
1155 3831 1211 3885 in
1242 3831 1481 3887 sublime
1510 3831 1751 3897 sustulit,
1782 3830 2062 3887 hominem

493 3923 929 3993 sanguinarium,
962 3922 1209 3978 moribus
1236 3924 1548 3993 perversis,
1582 3922 1911 3992 improbum,
1943 3921 2064 3977 auri

493 4013 828 4084 mancipium
875 4013 1196 4079 sordidum,
1250 4012 1407 4069 Mida:
1459 4014 1731 4085 Phrygum
1785 4015 2060 4086 quondam

493 4108 609 4178 regi
642 4121 740 4178 per
767 4106 955 4163 omnia
981 4105 1240 4161 similem.
1277 4104 1625 4176 Magistratus
1652 4104 1873 4161 urbium
1898 4122 2065 4162 vena-

493 4197 577 4254 les
608 4195 862 4263 habebat,
895 4211 1076 4267 neque
1104 4195 1399 4268 dignitates
1425 4211 1492 4253 ex
1523 4195 1746 4252 virtutis
1774 4195 1869 4252 sed
1897 4212 2063 4267 opum

496 4299 751 4360 respectu
809 4289 1150 4347 conferebat.
1207 4292 1413 4344 Aurum
1466 4288 1702 4344 habebat
1752 4289 1809 4344 in
1866 4289 2061 4355 labris,

1648 284 2155 347 CONSTANTINI
2190 283 2566 345 MANASSIS

2090 408 2129 465 Α
2160 400 2414 470 Σφίγγων
2442 400 2500 453 δὲ
2528 401 2706 455 πάντα
2730 401 2850 463 ταῖς
2874 396 3070 464 κλεισὶ,
3091 398 3187 451 καὶ
3212 397 3416 469 θύραζε
3450 397 3526 470 μὴ
3547 399 3728 470 φέρων

3624 282 3729 346 ars
3748 376 3752 379 Α

2162 493 2278 547 Οὐκ
2306 494 2548 564 ἄργυρον
2579 492 2698 545 οῦδὲ
2721 492 2940 564 χρυσὸν,
2970 492 3072 544 οὐκ
3101 490 3440 560 εὐυφάντους
3469 492 3730 560 πέπλους,

2159 586 2273 640 Καὶ
2302 584 2462 638 τοῦτο
2506 585 2566 638 τδ
2603 584 2897 654 λεγόμενον
2931 579 2987 635 ὲν
3024 583 3216 653 μύθοις
3236 583 3587 647 Δίσωπείοις,

2159 677 2393 730 Πλεῖστα
2420 676 2523 747 μὲν
2557 677 2700 748 ἴχνια
2740 675 2953 739 δεικνὺς
2980 675 3284 746 χρημάτων
3313 675 3614 739 είσιόντων,

2173 765 2577 838 Ἐξερχομένων
2610 767 2657 820 δ’
2692 764 2946 835 οὐδαμῶς
2967 764 3079 817 οὐδ’
3108 765 3587 836 άποκενουμένων,

2173 856 2467 929 Ἐστέρησε
2498 857 2596 912 καὶ
2641 858 2732 911 τὸν
2766 855 2999 927 στρατὸν
3035 858 3146 909 τῶν
3184 857 3650 926 ὲποφειλομένων.

2170 948 2421 1002 Ἐντεῦθε
2466 947 2631 1017 θροῦς
2662 947 2987 1011 δυσκέλαδος
3026 947 3123 1002 καὶ
3148 946 3339 1010 στάσις
3368 946 3589 1016 ὀλεθρία

2159 1040 2268 1093 Kal
2295 1039 2507 1112 λαλαγὴ
2540 1040 2883 1113 κακόχαρτος
2908 1041 3004 1096 καὶ
3039 1039 3425 1111 δυσφημοῦσαι
3457 1040 3726 1110 γλῶσσαι.

2158 1131 2271 1185 Καὶ
2304 1131 2704 1201 συνδραμόντες
2742 1133 2824 1195 είς
2866 1131 3035 1185 ταύτὸ
3068 1132 3206 1202 μετὰ
3232 1130 3484 1204 κραυγῆς
3513 1131 3723 1202 ἀσήμου

2156 1222 2482 1277 Αὑτάνακτα
2507 1223 2803 1294 Βαρδάνιον
2838 1224 2932 1277 τὸν
2971 1223 3093 1277 τότε
3141 1223 3587 1294 στραταρχοῦντα

2159 1313 2420 1367 Γενέσθαι
2456 1313 2836 1380 καθικέτευον,
2883 1314 3290 1386 προσφέροντες
3314 1314 3410 1367 καὶ
3440 1313 3581 1383 βίαν.

2171 1405 2229 1456 'U
2250 1404 2368 1458 δὀὐ
2382 1405 2423 1437 ⁷⁸
2438 1404 2723 1474 γινώσκων
2741 1404 2841 1475 τὴν
2872 1406 3045 1477 ῥοπὴν
3059 1407 3159 1475 τῆς
3178 1405 3539 1475 ταλαντοῦχου
3557 1407 3724 1477 τύχης

2160 1498 2273 1552 Kal
2314 1496 2415 1567 τὴν
2462 1497 2816 1569 άμφίρῤοπον
2843 1498 3014 1569 αὐτῆς
3048 1498 3268 1567 θέλησιν
3295 1498 3623 1568 ὑποτρέσας,

2171 1587 2468 1659 Ἀνθρώπῳ
2493 1587 2622 1658 θείῳ
2656 1589 2961 1660 προσφοιτᾷ
3005 1590 3101 1642 καὶ
3140 1588 3552 1658 θεοφορουμένῳ

2162 1679 2271 1731 Καὶ
2298 1679 2422 1740 ταῖς
2465 1678 2561 1731 τοῦ
2608 1677 2918 1750 πνεύματος
2950 1678 3147 1748 αὐγαῖς
3171 1677 3458 1742 πλουσίαις
3486 1693 3730 1747 πυρσου-

3483 1767 3655 1841 [μένῳ

2173 1858 2453 1930 Ἐκφαίνει
2488 1861 2550 1913 τδ
2586 1858 2988 1930 κρυπτόμενον,
3022 1860 3242 1915 ἅπαντα
3271 1858 3581 1929 καταλέγει,

2161 1951 2272 2022 Τὴν
2309 1954 2496 2004 στάσιν
2536 1953 2631 2005 xal
2673 1952 2764 2005 τὸν
2789 1955 3030 2022 τάραχον
3056 1953 3148 2005 καὶ
3176 1951 3271 2005 τοῦ
3297 1951 3427 2005 λαοῦ
3456 1953 3557 2022 τὴν
3581 1949 3723 2021 βίαν.

2173 2040 2385 2100 Ἀκούει
2406 2044 2561 2099 ταῦθ’
2584 2047 2612 2099 ό
2641 2046 2826 2110 πολιὸς
2852 2050 2949 2110 τὰς
2970 2046 3172 2116 φρένας
3200 2045 3417 2109 καὶτὰς
3442 2046 3656 2118 τρίχας,

2171 2138 2232 2190 ’0
2280 2136 2480 2201 κύκνος
2512 2138 2539 2191 ὁ
2565 2136 2662 2192 τοῦ
2703 2135 3038 2207 πνεύματος,
3063 2139 3092 2190 ὁ
3132 2136 3376 2190 κελαδῶν
3396 2136 3468 2191 τά
3513 2138 3652 2191 θείαο

2173 2228 2555 2299 Ἀπαγορεύει,
2594 2227 2839 2282 νουθετεῖ
2868 2229 3037 2299 μηδὲν
3080 2228 3446 2300 νεωτερίζειν,

2165 2338 2186 2372 ι
2224 2321 2316 2391 Μὴ
2350 2321 2446 2375 καὶ
2485 2320 2585 2384 τὰς
2623 2320 2791 2391 κόρας
2844 2320 3131 2393 κεντηθῇς,
3170 2339 3191 2375 ι
3233 2322 3387 2393 φησὶ,
3432 2338 3451 2373 ι
3487 2320 3584 2383 τὰς
3616 2319 3725 2374 τῶν

3337 2408 3641 2482 [ὀμμάτων,

2160 2501 2271 2554 Kal
2305 2501 2485 2556 πάντα
2507 2502 2965 2574 προσαποσαλεῖς,
2998 2504 3178 2559 πάντα
3210 2503 3651 2575 προσαπολέσεις.
3696 2521 3716 2555 ι

2162 2592 2363 2645 Βλέπει
2401 2592 2866 2664 βαρυθυμήσαντα
2911 2594 3204 2666 Βαρδάνιον
3235 2597 3264 2650 ὁ
3293 2595 3491 2663 γέρων,

2161 2679 2360 2749 Βλέπει
2406 2682 2532 2745 τοὺς
2553 2682 2812 2747 ἕλκοντας
2853 2682 3020 2736 αὐτοῦ
3046 2683 3141 2737 τὸν
3190 2681 3356 2736 ῐππον
3393 2683 3470 2753 τῷ
3503 2684 3721 2755 ῥυτῆρι,

2163 2770 2273 2824 Kal
2296 2772 2803 2842 μετακαλεσάμενος
2833 2764 2988 2836 αὖθις
3003 2773 3094 2826 τὸν
3117 2772 3515 2844 στρατηγέτην,

2167 2878 2187 2912 ι
2220 2861 2292 2915 Σὺ
2352 2862 2474 2933 μὲν,
2501 2862 2879 2936 λαμπρότατε,
2914 2883 2933 2917 ι
2998 2864 3157 2934 φησὶ,
3197 2882 3216 2916 ι
3280 2864 3633 2934 τρισμέγιστε
3677 2863 3723 2895 ⁸⁸

3294 2954 3656 3028 Ῐστρατάρχα,

2164 3046 2278 3101 Οὐκ
2306 3041 2570 3121 ἐπιτεύξῃ
2601 3047 2704 3116 τῆς
2729 3046 2926 3118 ἀρχῆς,
2952 3048 3000 3101 εί
3031 3048 3129 3102 καὶ
3161 3047 3205 3079 ⁹¹
3243 3048 3414 3119 μυρία
3441 3048 3621 3118 κάμῃς
3641 3065 3654 3077 ’

2163 3137 2284 3192 Τῶν
2300 3139 2644 3210 ταττομένων
2670 3138 2725 3193 δέ
2752 3156 2899 3204 τινες
2926 3138 3032 3193 ὑπὸ
3057 3140 3157 3210 τὴν
3189 3138 3290 3210 σὴν
3324 3139 3584 3208 παλάμην

3404 3265 3558 3322 Vers.
3587 3266 3727 3322 4597

2162 3375 2461 3446 quidquam
2485 3376 2708 3446 prodire
2740 3377 2949 3434 sineret
2978 3377 3065 3434 vel
3094 3376 3304 3448 argenti
3331 3376 3415 3432 vel
3445 3377 3584 3440 auri,
3610 3384 3729 3431 tex-

2163 3475 2342 3522 tarum
2369 3474 2624 3533 vestium,
2659 3477 2716 3523 ct
2764 3469 2999 3539 plurima
3046 3470 3301 3539 quidem,
3344 3467 3494 3523 velut
3536 3478 3621 3522 est
3670 3467 3728 3521 in

2160 3558 2433 3630 Esapicis
2458 3559 2679 3628 fabulis,
2699 3560 2924 3631 vestigia
2952 3560 3308 3631 pecuniarum
3332 3560 3728 3615 introeuntium

2161 3659 2510 3719 apparerent,
2546 3651 2865 3706 exeuntium
2897 3665 3029 3706 vero
3065 3659 3121 3705 et
3161 3665 3525 3720 expensarum
3557 3650 3728 3715 nulla,

2162 3741 2369 3798 milites
2394 3741 2561 3796 etiam
2585 3741 2787 3796 debitis
2810 3741 3102 3812 stipendiis
3127 3743 3427 3812 spoliabat;
3453 3757 3563 3812 quo
3586 3742 3729 3796 facto

2163 3848 2415 3887 murmur
2444 3832 2784 3898 infaustum,
2818 3832 2982 3887 noxia
3028 3832 3258 3897 seditio,
3293 3847 3457 3888 voces
3486 3832 3730 3888 insolen-

2164 3933 2267 3986 tes,
2294 3924 2497 3995 linguae
2521 3924 2801 3979 maledica:
2815 3923 3017 3993 passim
3046 3922 3448 3978 excitabantur.
3470 3922 3729 3992 Adeoque

2162 4028 2432 4070 concurso
2456 4013 2601 4068 facto
2623 4028 2748 4068 cum
2771 4013 3007 4069 clamore
3032 4014 3379 4069 inarticulato
3396 4012 3729 4069 Bardanium

2162 4104 2387 4169 milites,
2414 4105 2510 4174 qui
2537 4105 2820 4175 copiarum
2856 4105 2907 4161 id
2942 4106 3202 4175 temporis
3225 4105 3336 4160 dux
3362 4114 3507 4168 erat,
3532 4111 3593 4158 ut
3626 4104 3729 4162 im-

2165 4199 2378 4269 perium
2417 4196 2487 4253 ab
2514 4211 2575 4253 se
2605 4196 2851 4252 oblatum
2884 4195 3182 4265 acciperet.
3216 4210 3325 4251 non
3363 4201 3577 4248 tantum
3604 4208 3732 4263 pre-

2164 4290 2322 4346 cibus
2360 4288 2459 4344 sed
2499 4288 2666 4344 etiam
2710 4287 2764 4343 vi
2807 4286 3051 4342 adhibita
3081 4286 3368 4358 cogebant.
3400 4285 3470 4341 At
3497 4285 3591 4339 illc
3618 4298 3729 4337 non

494 4381 690 4437 bovem
736 4381 790 4436 in
839 4382 1027 4452 lingua
1059 4380 1317 4453 gerebat,
1365 4379 1433 4435 de
1480 4395 1615 4435 auro
1647 4380 1978 4451 loquebatur
2006 4382 2061 4435 in
2095 4416 2139 4471 υ
2165 4392 2468 4450 agnoscens
2514 4376 2731 4434 initium
2766 4376 2873 4431 hoc
2908 4374 3308 4431 adversissimaa
3351 4372 3633 4471 fortunae,
3671 4380 3728 4471 et

497 4482 707 4532 mensa,
736 4484 835 4539 per
859 4470 1098 4540 quietem
1128 4484 1323 4525 aurum
1348 4468 1675 4535 somniabat,
1709 4478 1764 4524 et
1791 4479 1909 4526 erat
1931 4486 2061 4540 erga
2097 4461 2134 4471 ⁷
2169 4480 2352 4527 tamen
2387 4469 2723 4525 voluntatem
2754 4469 2872 4539 ejus
2906 4465 3218 4522 instabilem
3257 4463 3550 4526 reveritus,
3580 4461 3725 4515 divi-

493 4567 724 4614 cattcros
756 4560 978 4629 quidem
1024 4548 1233 4615 severo“
1259 4560 1512 4629 tristique
1543 4560 1732 4627 vultu,
1774 4575 1963 4615 verum
2012 4561 2057 4615 si

491 4652 618 4721 quis
643 4653 762 4708 auri
795 4654 1009 4723 pondus
1034 4653 1157 4707 sinu
1187 4651 1382 4716 ferret,
1425 4668 1550 4707 cum
1582 4651 1781 4708 blande
1809 4650 2063 4707 intueba-

495 4750 607 4805 tur,
645 4757 749 4797 nec
787 4744 959 4797 ullum
1003 4742 1240 4798 tristitiae
1271 4742 1558 4813 vestigium
1587 4742 1642 4798 in
1671 4743 1823 4797 vultu
1853 4751 2061 4797 restare

493 4836 824 4904 patiebatur.
856 4836 995 4891 lline
1024 4835 1187 4890 ﬁebat
1215 4846 1278 4890 ut
1307 4836 1525 4907 quidvis
1547 4836 1668 4890 auri
1698 4836 2061 4906 conquirendi

494 4942 657 4982 causa
682 4929 989 4994 moliretur,
1011 4942 1188 4997 coque
1207 4930 1429 4982 nomine
1452 4927 1672 4982 fraudes
1695 4926 2061 4982 astutissimas

495 5021 764 5076 universis
787 5021 1096 5075 clanculum
1122 5028 1385 5079 strueret.
1411 5018 1685 5088 Byzantiis
1700 5018 2061 5088 onusgravis-

493 5107 693 5163 simum
722 5108 1003 5179 imposuit,
1036 5117 1283 5164 veterum
1316 5120 1600 5160 murorum
1637 5104 2061 5163 reficiendorum

496 5212 681 5263 causa,
710 5199 857 5269 quod
892 5199 1234 5254 tributorum
1283 5203 1568 5252 exactores
1616 5194 1922 5250 diceratum
1961 5212 2061 5251 vo-

497 5298 642 5344 cant.
670 5289 919 5360 Cumque
947 5290 1194 5345 clavibus
1219 5286 1534 5343 occluderet
1563 5285 1766 5351 omnia,
1792 5301 1894 5342 nec
1918 5285 2064 5343 foras

2162 4574 2294 4613 num
2322 4558 2614 4628 quemdam
2645 4557 2714 4612 ad
2748 4557 3025 4613 hominem
3054 4570 3173 4611 sesc
3200 4552 3434 4616 confert,
3466 4566 3727 4606 arcanum

2162 4650 2246 4704 sui
2275 4650 2458 4705 cordis
2478 4649 2679 4720 aperit,
2703 4648 2907 4704 indicat
2928 4646 3131 4711 omnia,
3150 4643 3498 4706 seditionem,
3523 4642 3727 4697 tumul-

2166 4749 2281 4795 tum
2325 4741 2651 4804 militarem,
2689 4739 2801 4794 vim
2847 4736 3066 4807 populi,
3104 4748 3267 4805 quam
3299 4733 3409 4790 sibi
3446 4732 3727 4797 adhibeat.

2165 4831 2335 4886 Audit
2365 4830 2482 4886 haec
2510 4845 2682 4886 canus
2710 4829 2800 4883 ille
2830 4837 2935 4882 tam
2968 4826 3180 4896 capillis
3216 4839 3379 4896 quam
3417 4824 3603 4879 animo
3632 4838 3728 4894 cy-

2168 4938 2307 4993 gnus
2340 4921 2660 4992 spiritualis,
2690 4918 2874 4973 divina
2897 4914 3141 4973 carmina
3165 4916 3502 4973 concinens:
3528 4930 3598 4970 ne
3628 4914 3732 4968 mia

2160 5014 2350 5069 litibus
2387 5013 2732 5082 obtemperet
2777 5009 2969 5074 edicit,
3005 5023 3035 5062 a
3069 5009 3236 5063 rebus
3269 5016 3332 5062 ut
3371 5007 3529 5062 novis
3560 5004 3730 5060 absti-

2160 5118 2289 5162 neat
2328 5107 2606 5172 hortatur,
2637 5120 2706 5159 ne
2747 5104 2887 5160 forte
2914 5104 3184 5175 jacturam
3221 5102 3507 5158 oculorum
3542 5099 3728 5155 faciat.

2160 5197 2258 5252 llis
2306 5197 2468 5251 dictis
2514 5196 2843 5251 Bardanium
2902 5209 3068 5250 senex
3120 5193 3498 5263 perturbatum
3544 5188 3728 5244 animo

2158 5289 2332 5354 videt,
2353 5290 2627 5357 simulque
2658 5288 2929 5359 conspicit
2955 5302 3051 5343 eos
3078 5287 3172 5356 qui
3198 5300 3402 5355 equum
3431 5285 3548 5354 ejus
3575 5281 3729 5335 freno

1840 5447 2050 5511 Varia;
2081 5449 2416 5513 lectiones.

566 5593 795 5648 "Hunc
865 5610 1019 5665 vers.
1061 5603 1117 5650 et
1186 5610 1302 5665 seq.
1353 5611 1464 5650 0m.
1520 5596 1588 5649 ll.

1663 5598 1708 5670 ’ξ
1738 5597 2111 5670 κυλινδρηθεὶς
2151 5599 2217 5657 ll.
2256 5669 2263 5670 ί
2294 5599 2345 5670 ’ξ
2365 5598 2565 5670 χρυσὸς
2604 5599 2993 5670 ἑπιτραπέζιος
3045 5600 3111 5670 Α,

3187 5595 3232 5628 ⁷⁵
3259 5596 3336 5664 τῲ
3362 5590 3637 5661 προσώπῳ
3663 5590 3732 5645 ll.

491 5665 542 5700 "
572 5666 939 5737 ὕπετρόπευεν
968 5664 1045 5719 Μ.
1123 5665 1164 5697 ⁷⁷
1204 5664 1631 5736 παρευρίσκεται
1669 5666 1734 5720 R.
1809 5668 1854 5700 ⁷⁸
1889 5664 2062 5731 οὕτως
2082 5673 2151 5726 Α.
2224 5669 2269 5703 ’³
2290 5664 2415 5723 sit?"
2465 5669 2512 5701 ”
2545 5669 2639 5721 καὶ
2670 5664 2898 5738 μέγιστε
2935 5669 2999 5722 ιι.
3074 5668 3118 5700 ⁸¹
3160 5664 3261 5719 κᾶν
3290 5665 3385 5717 καὶ
3412 5664 3478 5715 Α.
