4138 6216
361 407 472 473 Τὴν
494 400 673 473 ζώνην
703 395 1073 460 άναζὼσονται
1105 393 1203 465 τὴν
1226 393 1323 465 τῆς
1358 395 1651 465 ἡγεμονίας
1684 394 1751 447 ⁸⁸,

371 495 534 565 Ὁρᾷς
580 491 706 554 τοὺς
747 489 873 551 σοὺς
921 487 1267 548 ὑπασπιστὰς
1313 486 1553 548 ἐκείνους
1602 487 1727 548 τοὺς
1784 487 1929 555 τρεῖς

1676 577 1892 650 [ἄνδρας
1912 595 1927 643 ;

363 680 537 748 Λέων,
568 677 772 747 Θωμᾶς
801 676 897 729 καὶ
926 674 1146 747 Μιχαὴλ
1182 675 1237 729 αἱ
1284 672 1503 743 κλήσεις
1530 672 1641 733 τοῖς
1681 670 1929 741 ἀνδράσι.

364 772 581 824 Τούτων
610 770 640 822 ό
671 768 825 821 Λέων
865 767 977 820 τῶν
1022 768 1232 839 ἀνδρῶν
1287 765 1502 837 πρῶτος
1541 765 1931 834 ἀρχηγετήσει,

372 865 482 917 Καὶ
514 863 636 932 μετ’
662 860 825 913 αὐτὸν
857 859 935 930 τῷ
964 859 1183 932 Μιχαὴλ
1212 858 1273 912 τὸ
1298 857 1499 929 κράτος
1518 855 1930 927 προσφοιτήσει.

375 953 435 1006 ’0
461 953 519 1006 δὲ
549 951 754 1019 Θωμᾶς
800 952 828 1003 ὁ
854 949 1106 1020 τρίτατος
1140 948 1404 1017 σφαδάσει
1442 948 1541 1019 μὲν
1574 945 1830 1016 ἐκθύμως

366 1045 475 1098 Kal
503 1040 784 1112 βασιλείας
809 1040 981 1112 ὄνομα
1010 1041 1058 1073 ⁸⁸
1087 1040 1221 1110 πρὸς
1244 1038 1438 1093 ἑαυτὸν
1474 1037 1711 1102 ἐλκύσει,

368 1136 517 1205 Πλὴν
544 1135 646 1187 οὐκ
669 1136 749 1200 είς
776 1134 928 1197 τέλος
957 1135 1203 1201 ἐνεγκεῖν
1231 1132 1291 1186 τὸ
1317 1131 1540 1202 θελητδν
1566 1131 1797 1201 ίσχύσει,

368 1227 489 1280 Τῶν
515 1225 814 1297 ὀφθαλμῶν
837 1224 895 1278 δὲ
942 1225 1041 1287 τὰς
1077 1225 1251 1293 αὐγὰς
1289 1223 1707 1293 ἀπεσϐεσμένας
1741 1222 1872 1289 ἕξει.
1913 1240 1933 1274 ι

436 1318 547 1369 Kal
574 1316 749 1369 ταῦτα
782 1314 881 1385 μὲν
908 1313 1195 1385 ἀπέϐησαν
1220 1314 1278 1366 ἑν
1297 1311 1512 1384 χρόνοις
1532 1314 1645 1376 τοῖς
1674 1311 1849 1377 ἰδίοις,

379 1409 467 1472 Ὠς
504 1410 538 1478 ἡ
581 1406 1085 1477 πνευματοκίνητος
1116 1404 1437 1474 ὲθεσπιῴδει
1468 1402 1724 1471 σάλπιγξ.

385 1500 442 1553 '0
475 1500 530 1552 δὲ
558 1497 1072 1571 σμικρολογώτατος
1099 1497 1341 1562 αὐτάναξ
1363 1496 1677 1566 Νικηφόρος

372 1592 702 1661 Βουλγάροις
744 1589 1131 1660 Ἰστρογείτοσι
1162 1590 1341 1659 μάχην
1366 1588 1600 1661 στερρἀ
1630 1586 1873 1656 συνάψας

376 1684 576 1753 Ἔργον
630 1681 904 1751 μαχαίρας
931 1680 1164 1748 γίνεται,
1198 1678 1590 1750 βρωματισμὸς
1647 1678 1941 1749 ῥομφαίας,

374 1751 462 1843 Τῷ
511 1773 831 1845 Σταυρακίῳ
877 1772 956 1843 τῷ
1011 1771 1167 1825 παιδὶ
1202 1771 1519 1825 καταλιπὼν
1561 1770 1630 1824 τὰ
1666 1770 1943 1841 σκῆπτρα.
1980 1751 2021 1806 Β

262 1912 273 1920 .
372 1864 538 1918 Ἀλλά
564 1865 670 1934 γὰρ
703 1866 793 1917 καὶ
814 1863 1152 1932 Σταυράκιος
1174 1862 1360 1933 τάχιον
1384 1862 1674 1931 ἀποφθίνει

375 1957 466 2009 Ἐν
486 1955 659 2026 ταύτῃ
678 1953 1081 2026 δορατότρωτος
1103 1954 1401 2022 ἀναφανεὶς
1422 1955 1488 2024 τῇ
1519 1953 1668 2025 μάχῃ

375 2044 700 2114 Καταϐελής
730 2061 789 2097 τε
817 2041 1082 2111 γεγονὼς,
1113 2041 1358 2112 ἔξαιμος,
1382 2040 1754 2112 τραυματίας,

377 2135 469 2206 Τῷ
502 2134 722 2205 Μιχαὴλ
750 2133 807 2187 δὶ
839 2132 1118 2204 προσγελᾷ
1145 2132 1223 2203 τῷ
1265 2131 1536 2201 Ῥαγγαϐὲ
1563 2131 1624 2184 τὸ
1654 2131 1876 2201 κράτος,

378 2227 493 2297 Τῆς
522 2227 841 2298 Νικηφόρου
870 2225 1141 2295 θυγατρὸς
1162 2225 1381 2297 γαμέτῃ
1410 2224 1459 2258 ⁸⁸
1499 2222 1838 2296 Προκοπίας.

381 2316 617 2387 Ἐελεψε
643 2318 765 2370 τότε
790 2317 1057 2382 Βυζαντὶς
1091 2315 1309 2389 ἡμέραν
1347 2315 1665 2387 ἐλευθέραν,

381 2408 548 2479 ’Λτερ
592 2407 843 2478 αἱμάτων
901 2409 996 2461 καὶ
1026 2406 1276 2477 σφαγῶν,
1307 2405 1499 2476 βιαίων
1546 2405 1948 2478 ἁρπαγμάτων,

393 2496 746 2560 ’Λσκότωτον,
776 2496 1067 2562 ἀθόλωτον,
1096 2496 1198 2549 οὐκ
1227 2496 1717 2567 ἐξαμαυρουμένην

352 2602 367 2614 '
390 2586 812 2656 ’Δνδροκτασίας
842 2587 1058 2659 ζοφερῷ
1094 2588 1142 2621 ⁸³
1169 2588 1266 2642 καὶ
1296 2586 1601 2660 ταραχώδει
1634 2586 1807 2656 νέφει.

385 2675 617 2745 Ἐϐλεψε
648 2678 769 2730 τότε
794 2678 1057 2743 Βυζαντὶς
1083 2679 1269 2751 ἡλίους
1289 2679 1538 2743 εὐποιίας

382 2769 493 2820 Kal
523 2769 676 2821 στιλϐ
687 2770 875 2838 ηδόνας
904 2770 1127 2839 ἀγαθῶν
1158 2773 1251 2826 καὶ
1280 2770 1499 2842 δωρεῶν
1522 2772 1769 2834 ἀκτῖνας.

381 2854 490 2909 ἾΙν
517 2858 626 2929 γὰρ
660 2859 846 2923 καλοῖς
874 2864 902 2913 ὁ
931 2860 1153 2933 Μιχαὴλ
1202 2862 1480 2925 παντοίοις
1519 2862 1950 2930 ἀπαστράπτων,

383 2949 493 3002 Kal
523 2949 901 3025 φιλελεύθερος
925 2953 1065 3026 ἀνὴρ
1104 2951 1200 3007 καὶ
1231 2952 1465 3024 γαληνὸς
1496 2952 1588 3005 καὶ
1616 2951 1813 3023 πρᾶος,

385 3154 676 3210 ducebant.
723 3153 1065 3224 Quapropter
1114 3162 1371 3209 revocato
1413 3152 1600 3208 duce:
1648 3172 1667 3204 ι
1702 3152 1785 3208 Τυ
1830 3153 1957 3224 qui-

388 3247 568 3311 dem,»
608 3245 704 3312 ait,
743 3244 1137 3301 «illustrissime
1170 3244 1661 3315 potentissimeque
1687 3245 1817 3311 dux,
1841 3243 1955 3315 95

388 3338 682 3408 imperium
713 3351 824 3391 non
850 3335 1207 3407 consequeris
1225 3375 1241 3401 ,
1274 3335 1493 3390 etiamsi
1522 3334 1740 3389 labores
1769 3333 1956 3387 inﬁni-

391 3443 480 3487 tos
508 3430 796 3502 suscipias.
825 3429 897 3484 At
924 3428 1129 3484 subditi
1173 3426 1397 3497 quidam
1438 3425 1517 3481 tui
1545 3441 1613 3481 eo
1651 3426 1957 3495 potientur.

387 3524 556 3579 Vides
582 3523 674 3576 hic
703 3530 816 3576 tres
856 3520 978 3574 illos
1013 3528 1134 3573 tuos
1169 3517 1463 3580 satellites,
1508 3515 1776 3582 Leonem,
1809 3515 1960 3570 Tito-

386 3628 535 3667 mam
559 3620 616 3666 et
642 3608 985 3664 Micltaelum.
1004 3606 1086 3661 Ex
1110 3606 1199 3661 his
1226 3605 1439 3676 primus
1461 3605 1573 3661 Leo
1593 3604 1961 3676 principatum

386 3704 750 3774 adipiscetur.
780 3700 851 3755 Et
876 3708 999 3770 post
1026 3698 1205 3770 ipsum
1236 3697 1527 3768 imperium
1566 3698 1853 3769 perveniet
1889 3697 1960 3753 ad

385 3795 742 3854 Michaclum.
763 3792 985 3847 Tertius
1005 3791 1244 3847 Thomas
1269 3800 1382 3846 toto
1409 3790 1630 3862 quidem
1663 3790 1709 3845 is
1738 3801 1961 3860 pectore

389 3884 838 3947 discruciabitur,
864 3890 920 3936 et
946 3882 1338 3951 imperatorum
1381 3896 1583 3936 nomen
1626 3879 1697 3936 ad
1740 3896 1800 3936 se
1832 3896 1962 3951 pcr-

394 3980 576 4034 trahet
608 3994 623 4030 :
658 3989 848 4030 verunt
884 3973 1137 4028 obtinere
1173 3973 1389 4027 tandem
1438 3973 1494 4027 id
1541 3972 1690 4044 quod
1732 3973 1963 4028 affecta-

394 4072 477 4125 bit
511 4069 661 4123 nullo
696 4065 860 4121 modo
896 4065 1139 4136 poterit,
1171 4064 1267 4120 sed
1300 4066 1358 4118 in
1403 4064 1510 4121 hoc
1537 4076 1739 4121 conatu
1773 4066 1966 4123 oculos

392 4161 624 4215 amittet.
655 4178 674 4208 ι

464 4251 641 4319 Atque
674 4249 791 4303 haec
814 4247 1074 4318 deinceps
1105 4246 1180 4301 ita
1204 4246 1319 4302 suis
1344 4247 1681 4316 temporibus
1709 4262 1966 4313 evenere,

1484 287 1779 348 COMPEN
1793 287 1867 348 DI
1881 289 1984 349 ΗΜ
2027 290 2121 350 Cll
2136 291 2283 352 RON
2297 291 2498 353 lCUM.

3487 296 3590 359 μοι

1961 402 2003 455 Α
2035 400 2145 468 Οὐχ
2174 400 2370 468 αἵματι
2395 396 2748 467 τερπόμενος,
2776 395 2875 450 οὐκ
2898 396 3197 468 ὲπιχαίριυν
3229 399 3431 469 φόνοις,

2046 487 2185 540 Ἀλλ’
2219 487 2380 551 ἄλσος
2411 487 2789 555 θεοφύτευτον,
2814 486 2947 541 ἀλλὰ
2980 487 3186 557 λειμὼν
3204 491 3462 561 χαρίτων,

2036 581 2366 651 Παρᾶδεισος
2393 581 2740 650 κηπεύσιμος
2769 581 2978 651 νάμασι
3028 581 3363 652 θεοϐρύτοις.

2118 668 2280 721 Ἀλλά
2307 668 2398 721 καὶ
2431 667 2593 721 πάλιν
2622 667 2850 739 ἐρρευσε
2885 669 2945 722 τὸ
2977 670 3132 740 ῥόδον
3165 671 3272 743 πρὸ
3303 673 3399 742 τῆς
3430 671 3601 741 ὧρας,

2046 760 2134 823 Ὧς
2164 761 2439 830 ἄγρωστις
2469 760 2831 831 δροσότροπος
2868 761 2915 793 ⁸⁸
2944 762 3120 834 ὲψύγη
3154 765 3252 817 καὶ
3298 764 3610 835 παρῆλθεν..

2046 852 2135 916 ὀς
2172 852 2350 915 ἄνθος,
2377 852 2405 905 ὃ
2441 869 2599 922 φασι,
2631 852 2848 925 λοκρδν,
2886 853 3019 909 ὡσεὶ
3066 856 3296 923 καπνὸς,
3329 857 3404 920 ὡς
3449 858 3603 927 ὄναρ,

2050 942 2312 1014 Ἀνθῆσαν
2358 944 2453 996 ἐπὶ
2476 944 2772 1014 τέσσαρσιν
2802 945 3016 1017 χρόνοις
3047 947 3221 1018 μῆνας
3269 948 3427 1001 ἐννέα
3464 949 3534 1011 ⁸⁷,

2050 1034 2243 1105 Ἀνέϐη
2274 1034 2320 1088 δ’
2343 1033 2568 1105 ἄχερδος
2596 1039 2833 1101 πυκναῖς
2856 1038 3164 1108 φρίσσουσα
3191 1041 3312 1103 ταῖς
3343 1039 3608 1104 ἀκάνθαις

2040 1128 2149 1182 Kal
2176 1128 2381 1199 ῥάμνος
2411 1128 2797 1201 ἀγριόκεντρος
2825 1131 3174 1200 αίμάσσουσα
3210 1133 3460 1203 καρδίας,

2051 1217 2109 1272 ’0
2139 1216 2293 1272 Λέων
2313 1218 2342 1271 ὁ
2378 1218 2693 1290 δυσώνυμος
2723 1221 2971 1294 ἐπιπηδᾷ
3000 1223 3079 1293 τῷ
3108 1224 3325 1292 κράτει,

2053 1307 2112 1361 '0
2142 1306 2454 1379 κρεωϐόρος
2486 1308 2514 1360 ὁ
2541 1307 2713 1372 δεινὸς
2741 1310 2852 1364 τῶν
2892 1311 2989 1365 τοῦ
3020 1314 3261 1383 Χριστοῦ
3296 1312 3586 1385 προϐάτων

2053 1398 2112 1452 '0
2133 1398 2313 1451 τοίνυν
2339 1399 2560 1471 κράτωρ
2595 1400 2819 1473 Μιχαὴλ
2846 1401 2946 1473 τὴν
2989 1404 3193 1474 τόλμαν
3226 1404 3322 1458 τοῦ
3344 1404 3609 1475 τυράννου

2045 1491 2156 1545 Καὶ
2178 1491 2275 1562 τὴν
2302 1491 2478 1562 ὁρμὴν
2512 1491 2813 1564 ἀναμαθὼν
2836 1495 2934 1548 καὶ
2968 1495 3068 1565 τὴν
3092 1497 3437 1553 ἀποστασίαν

2046 1585 2217 1649 aest;
2243 1582 2384 1638 ἑκὼν
2416 1582 2694 1650 ἐξίσταται
2727 1586 2823 1640 τοῦ
2867 1586 3175 1659 πολυζήλου
3220 1589 3436 1662 θρόνον,

2048 1678 2277 1748 [ιληρῶν
2311 1677 2414 1730 κάν
2447 1676 2624 1747 τούτῳ
2654 1677 2749 1732 τοῦ
2785 1679 3025 1750 Χριστοῦ
3074 1682 3198 1747 τοὺς
3236 1683 3437 1754 νόμους
3486 1685 3611 1749 τοὺς

3351 1773 3610 1846 [ὲνθέυυς,

2048 1858 2158 1912 Kal
2210 1858 2287 1928 τῷ
2313 1857 2520 1930 διώκτῃ
2571 1858 2828 1929 πεφηνὼς
2855 1861 3115 1934 ἄντικρυς
3166 1862 3326 1928 ἄλλος
3366 1867 3613 1938 κάστωρ.

2049 1949 2280 2018 Λέγουσι
2313 1949 2422 2019 γὰρ
2468 1949 2526 2001 ai
2575 1948 2802 2004 παλαιαὶ
2839 1951 2949 2003 τῶν
2982 1950 3322 2023 ζωογράφων
3351 1954 3398 1987 ⁸³
3444 1956 3617 2026 βίϐλοι

2059 2039 2149 2104 Ὠς
2181 2039 2297 2093 ἔστι
2336 2038 2474 2103 ζῶον
2530 2039 2824 2111 χέρσυδρον
2855 2041 2900 2075 ⁸³
2946 2042 3169 2115 κάστωρ
3208 2047 3617 2117 ὠνομασμένον,

2050 2131 2163 2185 Kal
2204 2130 2395 2184 τούτου
2440 2133 2871 2203 χρησιμεύουσιν
2916 2133 2963 2185 oi
3007 2132 3278 2205 κύλινδροι
3328 2136 3423 2190 τοῦ
3456 2137 3617 2206 γόνου

2051 2222 2194 2292 Πρὸς
2217 2220 2557 2293 ἀποσόϐησιν
2575 2223 2812 2295 οἰκτρῶν
2836 2223 2885 2257 ⁹⁰
2910 2224 3097 2278 παθῶν
3127 2225 3618 2283 δνσαπαλλάκτωνο

2053 2313 2229 2384 Ὅπερ
2264 2314 2463 2377 εἰδότες
2491 2314 2536 2346 ’⁸
2574 2314 2623 2367 οί
2656 2315 2840 2370 πολλοὶ
2866 2316 2976 2371 τῶν
3001 2316 3514 2388 θηροδιωκτούντων

2052 2406 2125 2457 Th
2155 2405 2294 2470 ζῶον
2328 2406 2650 2477 μεταθέουσι
2683 2409 2919 2473 δικτύοις
2948 2409 3307 2477 λινοπλόκοις,

2053 2497 2162 2550 Kal
2194 2499 2307 2561 τοῖς
2337 2499 2462 2552 κυσὶ
2484 2501 2597 2562 τοῖς
2624 2498 2904 2571 δρομικοῖς
2928 2504 3205 2573 χρώμενοι
3236 2505 3620 2575 συνεργάταις.

2064 2588 2124 2643 Ὀ
2156 2588 2378 2660 κάστωρ
2404 2589 2580 2642 τοίνυν
2626 2590 2853 2645 συνιδὼν
2891 2592 2988 2661 τῆς
3035 2594 3213 2664 μάχης
3259 2596 3359 2674 τὴν
3418 2599 3622 2665 αἰτίαν,

2056 2678 2166 2732 Kal
2190 2679 2421 2732 κατιδὼν
2459 2679 2534 2745 ὡς
2557 2680 2791 2752 ἄφυκτοι
2820 2683 2929 2736 τῶν
2955 2682 3207 2754 θηρατῶν
3232 2687 3287 2739 αἱ
3314 2687 3516 2756 πάγαι,

2055 2770 2195 2835 Τοὺς
2228 2771 2632 2842 σπερμογόνους
2667 2773 2911 2829 ἐνδακὼν
2934 2775 3028 2828 καὶ
3055 2774 3420 2847 παιδουργοὺς
3438 2778 3626 2831 κυλίν-

3442 2867 3627 2940 [ὅρους

2056 2952 2362 3025 Χαρίζεται
2410 2955 2525 3019 τοῖς
2563 2954 2836 3023 θέλουσιν,
2876 2959 2905 3010 ὁ
2953 2957 2998 3011 δ’
3042 2957 3332 3032 ἀποτρέχει
3387 2962 3628 3031 φεύγων,

3305 3051 3460 3108 Vers.
3491 3053 3631 3109 4652

2059 3151 2366 3209 beneﬁcum
2406 3159 2461 3207 et
2490 3152 2760 3209 bonorum
2826 3156 3092 3212 scintillas
3113 3167 3170 3212 et
3201 3156 3385 3212 radios
3440 3174 3633 3214 mune-

2057 3260 2200 3302 rum.
2231 3244 2367 3299 Nam
2393 3244 2689 3301 Michaelus
2720 3245 3029 3317 omnigenis
3064 3247 3364 3302 virtutibus
3392 3250 3633 3304 colluce-

2058 3332 2172 3396 bat,
2234 3333 2319 3387 vir
2365 3335 2640 3390 libertatis
2688 3349 2901 3399 amans,
2955 3336 3228 3404 placidus,
3289 3338 3461 3404 mitis,
3522 3355 3636 3396 non

2059 3422 2301 3479 caedibus
2327 3432 2384 3479 et
2405 3426 2690 3494 sanguinis
2726 3425 3042 3495 profusione
3067 3428 3334 3500 gaudens,
3357 3432 3454 3487 sed
3478 3432 3637 3489 lucus

2059 3513 2212 3583 quasi
2235 3514 2457 3583 quidam
2487 3515 2754 3572 divinitus
2779 3519 3048 3586 consitus,
3069 3521 3368 3592 gratiarum
3388 3538 3636 3595 campus,

2060 3602 2346 3675 paradisus
2375 3604 2507 3660 rivis
2535 3607 2751 3663 ctelitus
2777 3610 3127 3667 manantibus
3156 3611 3419 3681 irriguus.

2133 3695 2427 3753 Enimvero
2480 3697 2598 3754 haec
2650 3700 2816 3755 etiam
2874 3717 2999 3758 rosa
3043 3704 3204 3775 plane
3248 3718 3377 3764 ante
3422 3719 3640 3781 tempus

2063 3788 2355 3855 emarcuit,
2405 3790 2574 3862 inque
2624 3808 2836 3850 morem
2895 3798 3159 3866 graminis
3188 3814 3219 3855 a
3262 3816 3389 3857 rore
3442 3804 3638 3859 nutriti

2064 3880 2350 3936 contabuit
2395 3892 2559 3954 atque
2606 3887 2793 3957 periit,
2835 3904 2958 3944 cum
3002 3890 3070 3944 ad
3100 3906 3275 3946 annos
3321 3901 3559 3961 quatuor
3585 3903 3642 3948 tt

2066 3987 2261 4028 novem
2299 3990 2518 4032 menses
2546 3978 2845 4036 ﬂoruisset.
2900 3983 3031 4052 Ejus
3060 3983 3112 4036 in
3141 3983 3322 4038 locum
3371 3986 3641 4039 acherdns

2065 4072 2226 4118 enata
2254 4075 2358 4128 est,
2388 4066 2775 4137 frequentibus
2812 4071 3042 4126 horrens
3066 4073 3259 4142 spinis,
3291 4082 3348 4128 et
3377 4075 3641 4131 rhamnns

2068 4154 2370 4223 asperrime
2417 4157 2579 4212 corda
2631 4175 2879 4230 pungens
2934 4173 3099 4231 atque
3142 4163 3457 4221 vulnerans.
3506 4168 3641 4222 Nam

2070 4239 2297 4296 infausti
2353 4244 2593 4299 nominis
2632 4245 2741 4300 Leo
2801 4248 3037 4316 prosiliit
3061 4249 3128 4304 ad
3161 4251 3473 4321 imperium,
3527 4256 3644 4312 fera

394 4338 856 4413 quemadmodum
910 4338 994 4392 vir
1024 4338 1117 4392 ille
1144 4351 1302 4392 sacro
1334 4336 1547 4391 amatus
1587 4337 1783 4408 spiritu
1828 4352 1970 4408 pm-
2071 4331 2600 4397 carnivora,Christi
2615 4335 2813 4391 ovibus
2833 4337 3081 4395 immitis.
3108 4343 3177 4398 At
3200 4342 3496 4402 Michaelus
3522 4350 3646 4418 qui-

396 4434 629 4488 dixerat.
676 4429 946 4485 Caeterum
1001 4427 1415 4483 sordidissimus
1464 4428 1759 4498 imperator
1806 4428 1970 4483 Nice-
2073 4420 2197 4476 dem
2256 4420 2585 4492 imperator,
2635 4426 2820 4482 audita
2866 4431 3079 4500 tyranni
3133 4431 3356 4501 ferocia,
3413 4437 3644 4507 impetu,

395 4524 605 4593 phorus
645 4518 796 4590 gravi
833 4518 1023 4589 praelio
1064 4525 1253 4573 contra
1305 4516 1563 4587 Bulgaros
1592 4517 1729 4573 Istro
1755 4518 1968 4575 vicinos
2000 4532 2044 4587 ι)
2073 4513 2402 4580 defectione,
2455 4525 2668 4572 suamet
2690 4531 2881 4589 sponte
2930 4521 3129 4577 throno
3169 4524 3433 4594 imperiali
3458 4532 3648 4591 cessit.

397 4615 536 4669 inito
571 4626 743 4667 caesus
779 4619 898 4677 est;
956 4610 1179 4678 filioque
1232 4607 1517 4663 Stauracio
1569 4611 1970 4678 possessionem
2070 4605 2176 4661 hoc
2200 4605 2320 4676 ipso
2347 4606 2491 4661 facto
2514 4607 2720 4665 divinis
2770 4610 2975 4667 Christi
3005 4613 3173 4684 jussis
3197 4613 3561 4680 satisfaciens,
3589 4631 3650 4671 et

342 4708 349 4713 ’
399 4706 613 4776 imperii
663 4704 910 4775 reliquit.
958 4704 1161 4759 Verum
1186 4711 1243 4757 et
1272 4700 1592 4757 Stauracius
1616 4702 1671 4756 in
1695 4718 1760 4757 eo
1784 4703 1975 4773 praelio
2071 4709 2199 4765 erga
2253 4705 2657 4765 persecutorem
2701 4714 2809 4754 non
2860 4701 3021 4757 aliter
3072 4718 3195 4759 sese
3242 4719 3438 4774 gerens
3482 4714 3648 4774 atque

397 4799 723 4854 vulneratus
754 4797 932 4862 hasta,
958 4794 1126 4848 nimia
1155 4793 1213 4848 vi
1239 4793 1524 4864 sanguinis
1557 4792 1805 4863 profusa,
1830 4795 1978 4849 eele-
2075 4796 2256 4842 castor
2302 4788 2417 4842 sive
2444 4787 2582 4843 fiber
2611 4789 2793 4846 facere
2833 4795 3139 4848 consuevit.
3191 4793 3448 4864 Legimus
3500 4797 3650 4850 enini

401 4891 537 4945 riter
565 4890 865 4945 exstinctus
881 4896 984 4943 est.
1012 4885 1357 4956 Quapropter
1379 4885 1672 4954 imperium
1714 4885 1982 4940 Michaelo
2081 4877 2135 4930 in
2172 4877 2367 4947 priscis
2395 4878 2503 4934 illis
2547 4883 2918 4937 monumentis
2963 4898 3154 4938 eorum
3186 4885 3280 4955 qui
3308 4886 3375 4941 de
3403 4888 3655 4942 animali-

402 4982 675 5053 Rangaba:
724 4980 968 5035 delatum
1006 4978 1149 5041 fuit,
1202 4990 1437 5046 quocum
1496 4977 1764 5045 Procopia
1821 4976 1982 5033 Nice-
2082 4968 2185 5022 bus
2212 4968 2502 5038 scripsere,
2535 4969 2730 5026 librum
2780 4974 2979 5028 animal
3006 4989 3129 5030 esse
3154 4976 3300 5045 quod
3333 4977 3389 5031 in
3417 4986 3654 5048 utroque

403 5076 564 5146 phori
595 5075 706 5129 filia
752 5081 926 5143 nupta
976 5077 1116 5127 erat.
1168 5069 1321 5124 Diem
1348 5067 1401 5123 id
1432 5067 1696 5137 temporis
1743 5067 1978 5122 liberum
2083 5058 2231 5112 vivat
2251 5060 2544 5127 elemento,
2565 5072 2619 5117 et
2644 5073 2810 5118 testes
2831 5065 3029 5120 habeat
3052 5067 3306 5122 arcendis
3326 5070 3655 5137 quibusdam

406 5168 541 5223 urbs
569 5167 857 5238 cpomana
884 5164 1039 5229 γίάίι,
1064 5173 1122 5217 ει
1150 5162 1451 5216 immunem
1470 5175 1501 5215 ε
1526 5160 1789 5226 caedibus,
1819 5162 1981 5231 jugu.
2086 5150 2294 5205 morbis
2322 5166 2452 5206 sane
2477 5154 2735 5229 gravibus
2789 5155 3184 5212 conducibiles.
3207 5157 3316 5229 95
3346 5158 3503 5225 Quod
3529 5177 3656 5216 cum

404 5258 723 5326 Iationibus,
746 5255 1152 5327 direptionibus
1182 5252 1457 5317 violentis,
1488 5260 1767 5322 expertem
1794 5252 1980 5322 malo-
2086 5244 2337 5313 plerique
2379 5255 2668 5300 venatores
2720 5247 2925 5310 norint,
2977 5247 3178 5303 animal
3226 5251 3460 5307 canibus
3498 5253 3657 5323 longe

403 5367 530 5406 rum
565 5359 623 5406 et
660 5350 966 5406 turbarum.
1018 5347 1170 5405 Vidit
1209 5357 1268 5402 et
1311 5345 1483 5402 solem
1522 5344 1653 5399 urbs
1692 5343 1980 5414 Cpolitana
2088 5338 2449 5397 velocissimis
2473 5339 2833 5393 insectantur.
2864 5337 3038 5409 Hujus
3063 5355 3258 5412 pugnae
3283 5358 3502 5399 causam
3533 5359 3659 5400 cum

1754 5487 1964 5550 Varim
1997 5484 2340 5547 lectiones.

515 5618 562 5689 θ’
586 5616 742 5683 mg.
795 5618 895 5688 τῆς
951 5612 1380 5689 αὐτοκρατορίας
1425 5617 1490 5689 A_.
1565 5612 1611 5689 ξ
1649 5609 1889 5689 solivaga
1947 5612 2011 5664 Α.
2088 5610 2139 5689 ’ξ
2166 5607 2417 5689 {atteri};
2596 5606 2644 5687 '_'
2692 5604 2929 5689 φοϐερξις
2984 5602 3174 5689 m3"
3204 5607 3550 5689 δροσόπωρος
3594 5605 3661 5660 Β.

404 5689 452 5722 ⁸⁷
483 5688 637 5744 llunc
658 5676 1013 5744 versum'om.
1048 5676 1138 5739 R3
1187 5676 1537 5750 ⁸⁸-ζωῢγρίων
1566 5678 1635 5735 R.
1711 5681 1757 5714 ⁶⁹
1788 5676 1953 5752 γ’έρσυ

2056 5697 2090 5732 ,ν
2115 5681 2229 5734 Λ.⁹⁰
2255 5676 2415 5731 τινῶν
2440 5676 2693 5748 οἰκτρῶν.
2738 5691 2835 5730 “ro
2854 5676 2918 5727 A.
2993 5677 3037 5709 ⁰¹
3077 5676 3272 5740 ἰδόντες
3308 5681 3374 5737 Α.

726 5781 998 5842 Damon.
1041 5781 1152 5841 Gn.
1202 5773 1513 5839 CXXVII.
3272 5768 3346 5829 13
