4122 6212
469 255 569 318 3i5

1629 260 2135 321 CONSTANTINI
2183 262 2554 322 MANASSIS

3598 273 3702 334 396

463 370 772 426 Κὰντεῦθεν
816 370 989 424 πᾶντα
1019 370 1265 441 περιττὰ,
1296 372 1390 425 καὶ
1448 373 1638 444 δρομοι
1670 377 1764 426 καὶ
1790 372 2024 439 διώξεις,
2059 378 2102 436 Α
2133 374 2227 437 El;
2257 376 2301 407 ’⁵
2334 374 2560 446 ὕστερον
2600 377 2889 448 ἀρχιερεὺς
2926 377 3142 451 Ῥώμης
3168 382 3262 451 τῆς
3288 383 3414 447 νέας
3451 382 3627 455 ὤφθη,

462 464 572 518 Kal
597 464 713 523 τῶν
731 462 964 517 δικτύων
998 464 1051 515 ai
1084 463 1285 518 πλοκαὶ
1316 463 1534 519 καὶτῶν
1564 465 1743 519 κυνῶν
1760 466 1820 519 τὸ
1837 467 2020 538 τάχος.

460 553 646 616 οὕτως
677 552 818 606 ἑκὼν
859 554 953 607 καὶ
981 553 1203 625 Μιχαὴλ
1242 557 1569 627 παραχωρεῖ
1592 555 1685 610 τοῦ
1719 556 1948 625 στέφους
1977 558 2023 589 9⁸

462 641 554 714 Τῷ
586 641 911 713 θηροτρόπῳ
936 642 1146 706 Λέοντι,
1178 642 1255 715 τῷ
1283 643 1778 716 δυσωνυμουμένῳ,

466 736 562 797 Ὃς
593 728 659 804 ἦν
690 731 914 802 βλαστὸς
947 734 1319 799 κακόόλαστος
1345 734 1404 799 ἐξ
1449 734 1591 807 ὅρων
1630 735 1955 807 ’Λρμενίων.

463 825 629 878 Πάλιν
655 822 883 893 ἁνέζησε
924 827 1096 896 πικρὰ
1129 827 1254 897 ῥίζα
1285 828 1382 895 τῆς
1420 827 1549 897 πρὶν
1578 827 1851 898 ἀκάνθης.

459 915 628 969 Πάλιν
643 912 899 985 ἐξήνεγκε
915 915 1145 985 βλαστοῦ
1160 935 1175 978 ;
1192 915 1299 969 τῶν
1312 919 1438 988 πρὶν
1453 918 2024 991 κεντρωδεστέρους⁹³.

459 1006 571 1059 Kal
603 1006 663 1059 τὸ
689 1004 921 1077 χρυσοῦν
947 1006 1214 1076 γεώργιον
1238 1008 1502 1077 ἠπείλησε
1541 1008 1858 1078 συμπνῖξαι,

458 1097 571 1149 Kal
598 1094 760 1148 πάλιν
787 1095 848 1147 τὸ
876 1094 969 1148 τοῦ
996 1095 1287 1165 δράκοντος
1316 1095 1537 1166 οὐραῖον
1565 1097 1817 1168 ἐκινήθη.

470 1186 536 1238 Ἦ
568 1185 894 1257 βδελυρότης
931 1186 1165 1258 δή·φημι
1194 1188 1291 1259 τῆς
1317 1187 1704 1258 εἰκονομαχίας

470 1280 559 1343 Ὦς
605 1279 821 1350 δράκων
872 1278 1043 1349 μέγας
1090 1279 1316 1348 εἴρπυσε
1371 1279 1648 1349 φρικώδης
1700 1282 2028 1352 χασματίας,

470 1371 789 1443 Ἐρροίζησε
817 1372 1107 1423 καταπιεῖν
1132 1370 1292 1423 πάλιν
1307 1370 1404 1439 τὴν
1424 1369 1755 1441 Ἐκκλησίαν

470 1460 562 1524 Ὧς
594 1459 912 1530 ὀρταλίχους
934 1460 1185 1523 νεοσσοὺς
1211 1461 1495 1532 στρουθίου
1530 1462 1922 1532 μικροπτέρου.

460 1553 527 1606 Δί
555 1551 662 1605 τῶν
698 1551 867 1621 ἁγίων
893 1552 987 1603 καὶ
1028 1550 1269 1621 Χριστοῦ
1305 1552 1619 1624 μορφώσεις
1673 1554 2024 1623 ὴσϐολοῦντο,

461 1646 674 1715 Τιτάνῳ
700 1644 1072 1715 κατεχρίοντο,
1111 1644 1243 1715 πυρὶ
1289 1645 1818 1715 κατεμπιμπρῶντο,

460 1737 865 1809 ’Δνηρευνῶντο
896 1737 1159 1805 σπήλαια,
1176 1727 1499 1803 καταγωγαὶ
1525 1737 1790 1805 σεμνείων

470 1831 588 1882 Kal
624 1828 1021 1898 φροντιστήρια
1047 1826 1238 1896 ψυχῶν
1286 1826 1342 1878 αἶ
1389 1825 1512 1878 κατ’
1543 1826 1810 1895 ἀγγέλους
1864 1828 2025 1893 ἔζων,

460 1920 570 1971 Kal
596 1920 704 1982 πᾶς
737 1917 1000 1987 ἠλαύνετο
1032 1916 1244 1970 σεπτῶν
1276 1917 1323 1949 θδ
1346 1918 1731 1987 προσκυνητὴς
1779 1919 2024 1973 εἰκόνων.

461 2010 709 2063 Ἐπένθει
732 2009 853 2060 τότε
888 2006 985 2060 καὶ
1015 2006 1150 2060 Σιὼν
1181 2006 1217 2077 ἧ
1237 2005 1329 2058 τοῦ
1383 2006 1518 2059 Θεοῦ
1545 2005 1813 2077 θυγάτηρ’

461 2105 571 2157 Kal
600 2103 832 2173 δάκρυον
861 2101 1235 2155 σταλάττουσα
1281 2099 1514 2164 πένθλυς
1566 2101 1755 2171 ἐφόρει
1792 2101 2023 2169 σάκκον,

460 2197 609 2250 ’Λντὶ
629 2194 819 2267 στολῆς
844 2194 900 2249 δὲ
932 2194 1208 2265 νυμφικῆς
1237 2194 1465 2264 χηρείας
1491 2193 1833 2264 χιτωνίσκον.

460 2285 711 2338 Ἐπὲνθει
740 2284 865 2338 τότε
896 2284 993 2337 καὶ
1020 2283 1179 2354 χορὸς
1214 2283 1460 2353 ἀστέρων
1500 2283 1790 2354 οὐρανίων,

460 2378 568 2432 Kal
583 2377 720 2449 πρὸς
739 2377 838 2449 τὴν
854 2378 957 2446 γῆν
977 2374 1296 2446 ὴντράνιζεν
1322 2376 1379 2427 ὲν
1407 2380 1699 2451 σκοτεινοῖς
1715 2376 2026 2447 βλεφάροις.

531 2465 702 2534 Οὗτος
730 2471 790 2523 τὸ
814 2468 972 2538 γένος
1003 2467 1221 2539 Μιχαὴλ
1257 2467 1578 2535 φιλονεικῶν
1606 2468 1860 2538 ἐκτρῖψαι

460 2563 541 2614 Τὰ
591 2560 889 2628 παιδογόνα
920 2557 1014 2612 τοῦ
1041 2557 1228 2620 παιδὸς
1260 2556 1483 2627 ἐξέτεμε
1512 2557 1748 2625 Νικήτα.

462 2658 552 2724 Μή
592 2672 704 2718 πως
731 2650 1027 2706 τεκνώσειέ
1060 2667 1189 2703 ποτε
1214 2649 1310 2702 xal
1339 2648 1528 2701 τοῦτον
1556 2649 1866 2718 ἀμυνεῖται.

474 2744 535 2798 ὐ
566 2745 747 2798 τοίνυν
782 2746 910 2808 παῖς
934 2741 1028 2798 τοῦ
1055 2741 1275 2813 Μιχαὴλ
1298 2740 1492 2812 τομίας
1526 2740 1868 2811 χρηματίσας

461 2998 578 3067 ipse
607 2992 744 3049 liber
773 2992 937 3047 etiam
990 2990 1263 3060 cognitam
1309 2987 1523 3056 habeat,
1579 2989 1871 3058 perhibent
1899 3006 2023 3046 eum

461 3102 647 3143 morsu
695 3093 937 3140 resectos
976 3090 1142 3137 testes
1209 3081 1447 3151 abjicere
1495 3088 1659 3151 atque
1696 3082 1771 3136 ita
1799 3097 2028 3137 curren-

460 3192 573 3236 tem
626 3177 789 3234 saluti
836 3190 950 3231 suae
1002 3174 1322 3237 consulere;
1387 3189 1496 3243 quo
1544 3173 1690 3228 facto
1737 3184 2028 3230 venatores

458 3274 629 3330 ieram
678 3268 935 3341 persequi
983 3265 1257 3321 desinant.
1298 3265 1389 3321 Sic
1426 3265 1686 3320 nimirum
1732 3266 2029 3322 Michaelus

459 3376 679 3433 quoque
707 3360 899 3415 volens
922 3357 1212 3425 imperium
1243 3355 1538 3426 resignavit
1559 3356 1750 3420 Leoni,
1770 3355 2028 3411 belluinis

459 3454 707 3510 moribus
750 3458 805 3509 et
830 3449 1023 3505 indole
1078 3448 1257 3503 ferina
1316 3446 1567 3517 praedito,
1618 3448 1710 3516 qui
1761 3446 2029 3502 oriundus

457 3553 579 3605 erat
602 3560 670 3598 ex
701 3541 981 3597 Armenia.
1012 3539 1151 3593 Tum
1182 3554 1311 3594 vero
1344 3553 1561 3592 rursum
1615 3539 1799 3593 enasci
1826 3538 2029 3608 prioris

458 3636 628 3705 spina:
680 3633 835 3687 radix
890 3631 1114 3693 acerba,
1166 3644 1388 3684 rursum
1450 3629 1694 3700 germina
1759 3629 2025 3699 proferre,

459 3726 631 3797 magis
684 3722 979 3793 pungentia
1026 3736 1189 3791 quam
1245 3720 1451 3791 priora,
1508 3735 1794 3789 aureasque
1856 3730 2029 3791 segeii

458 3814 872 3873 sullueationem
929 3811 1167 3865 minitari
1205 3826 1219 3862 :
1260 3825 1477 3864 rursum
1516 3811 1721 3865 moveri
1769 3811 2027 3867 draconis

458 3906 550 3960 illa
578 3901 771 3967 cauda,
808 3899 1121 3970 imaginum,
1158 3899 1404 3967 inquam,
1443 3900 1864 3970 oppugnationis
1894 3903 2026 3960 abo-

455 3994 709 4057 minatio,
746 4008 868 4061 qua:
908 3991 1020 4061 jam
1050 3990 1220 4045 instar
1249 3989 1429 4059 magni
1471 3989 1749 4048 horribilis
1797 3991 2029 4047 hiantis-

455 4102 563 4158 que
627 4082 883 4143 draconis
934 4080 1191 4151 serpebat
1246 4089 1305 4136 et
1351 4096 1478 4136 cum
1531 4081 1692 4137 sibilo
1736 4083 2023 4150 stridebat,

455 4180 782 4236 devoratura
833 4190 1026 4232 rursus
1074 4174 1374 4230 Ecclesiam
1402 4175 1553 4230 velut
1587 4174 1879 4245 implumes
1901 4180 2024 4233 exi-

453 4269 577 4340 guis
604 4268 709 4322 alis
737 4265 994 4335 praeditos
1036 4266 1274 4334 passeris
1312 4265 1512 4335 pullos.
1560 4265 1763 4321 Christi
1786 4277 1841 4322 et
1865 4268 2025 4322 divo-

2127 467 2513 539 Μετακληθεὶς
2543 468 2800 537 Ἰγνάτιος
2825 472 2882 525 ὲν
2913 472 3200 541 μεταθέσει
3234 475 3373 544 βίον.

2198 553 2365 623 Οὗτος
2388 560 2416 612 ὁ
2441 559 2544 630 θὴρ
2570 561 2598 612 ὁ
2624 558 2878 629 χαλεπδς,
2903 563 2930 614 ὁ
2966 561 3266 632 βρυχητῑας
3297 566 3473 627 Λέων.

2127 650 2439 705 Ἀναπολῶν
2483 650 2605 704 καθ’
2635 650 2826 704 ἑαυτὸν
2858 653 2955 715 τὰς
2989 654 3139 724 ἱερὰς
3167 659 3504 727 προρρήσεις

2128 743 2234 796 Τοῦ
2287 743 2591 813 θαυμασίου
2623 743 2900 815 γέροντος,
2923 745 3017 798 τοῦ
3047 749 3423 820 χρυσοπτέρου
3470 749 3697 818 κύκνου,

2129 833 2240 889 Kal
2268 833 2453 897 δεδιὼς
2469 834 2557 887 τὸν
2585 834 2802 905 Μιχαὴλ
2830 833 2888 898 ὃς
2910 830 2978 906 ἦν
3009 835 3069 901 ἐξ
3097 838 3357 907 ’Δμορίου

2130 925 2219 994 Μὴ
2245 926 2381 996 πρὸς
2408 926 2572 979 αὐτὸν
2609 928 2636 980 ὁ
2664 926 2946 996 κύλινδρος
2974 929 3070 980 τοῦ
3098 931 3335 999 κράτους
3384 933 3701 1007 μεταπέσῃ,

2131 1015 2424 1085 Δεσμώτην
2459 1014 2884 1086 ὲγκαθείργνυσι
2908 1020 3123 1087 φρουρᾷ
3141 1018 3557 1091 λαϐυρινθώδει,

2132 1106 2243 1158 Kal
2271 1104 2412 1159 κατὰ
2444 1106 2570 1160 νοῦν
2598 1108 2901 1160 ἐσκέπτετο
2920 1107 3035 1170 πῶς
3060 1109 3332 1163 ἀναλώσει
3352 1109 3563 1167 τοῦτον.

2144 1196 2280 1250 Ἀλλ’
2302 1197 2536 1267 ἀσθενὴς
2556 1199 2662 1260 πᾶς
2679 1198 2774 1251 ἄνθ
2784 1215 2963 1269 ρωπος
2979 1198 3113 1269 πρὸς
3136 1199 3234 1264 τὰς
3251 1199 3389 1254 Θεοῦ
3410 1200 3668 1271 παλάμας
3682 1217 3699 1234 ·

2144 1287 2304 1341 Ἀλλὰ
2332 1288 2440 1359 γὰρ
2476 1288 2876 1359 μικροδύναμος
2916 1291 3071 1360 ἰσχὺς
3101 1292 3215 1355 τοῖς
3243 1292 3557 1363 γηγενέσιν.

2148 1378 2205 1431 Ὀ
2242 1378 2297 1432 δὲ
2331 1378 2462 1441 Θεὸς
2492 1379 2833 1451 μεγασθενὴς
2858 1382 2952 1433 καὶ
2981 1380 3459 1452 μεγαλοσραχίων,

2136 1469 2246 1522 Kal
2272 1469 2352 1532 τίς
2386 1469 2828 1524 ἀντιπα).αίσειεν
2862 1471 3028 1525 αὑτοῦ
3058 1474 3125 1543 τῇ
3159 1472 3493 1543 δυναστείας

2149 1560 2206 1613 '0
2227 1562 2447 1632 Μιχαὴλ
2476 1561 2531 1615 δὲ
2556 1562 2829 1623 πεποιθὼς
2855 1565 2968 1623 τοῖς
3002 1562 3421 1635 θεσπιῳδηθεῖσι

2133 1651 2224 1722 Τῴ
2254 1652 2383 1706 καλ).
2394 1650 2635 1723 ιγλώττῳ
2656 1652 2898 1724 γέροντι,
2926 1653 3006 1723 τῷ
3034 1655 3532 1726 προφητικωτάτῳ,

2144 1740 2556 1807 Ἀνακαλύπτει,
2580 1759 2711 1811 φανε
2720 1744 2822 1813 ροῖ,
2860 1760 2927 1812 γυ
2934 1745 3056 1815 μ.νοί
3068 1743 3127 1796 τὸ
3147 1745 3545 1815 κεκρυμμένον.

2130 1834 2275 1906 Πρὸς
2304 1834 2395 1888 τδν
2427 1834 2539 1888 τῶν
2567 1837 2733 1890 οῐκων
2767 1834 2986 1903 φύλακα
3012 1835 3102 1888 τὸν
3149 1837 3206 1888 ὲν
3232 1839 3345 1898 τοῖς
3377 1837 3699 1907 ἀνακτόροις

2132 1926 2373 1998 (Παπίαν
2397 1925 2632 1997 λέγομεν
2675 1926 2835 1980 αὑτὸν
2878 1928 3023 1981 κατὰ
3059 1927 3346 1998 Ῥωμαίων
3395 1928 3698 1998 γλῶσσαν),

2132 2018 2241 2069 Kal
2269 2016 2366 2068 σὺν
2397 2015 2547 2086 αὐτῷ
2596 2017 2690 2070 καὶ
2719 2017 2789 2068 δι’
2836 2015 3002 2070 αὐτοῦ
3029 2015 3091 2070 τὸ
3128 2016 3311 2089 δρᾶμα
3374 2019 3700 2083 συσκευάζει

2128 2108 2242 2161 Kal
2288 2107 2493 2176 σκύφον
2539 2106 2638 2177 τῆς
2675 2107 2967 2176 ἐπιϐουλῆς
3009 2107 3204 2178 ἀρτύει
3245 2107 3323 2178 τῷ
3376 2109 3696 2180 κρατοῦντι.

2129 2199 2240 2252 Kal
2268 2198 2447 2252 τοίνυν
2475 2199 2855 2267 συνεισάγουσι
2886 2199 3103 2271 νύκτωρ
3137 2200 3251 2264 τοῖς
3293 2200 3701 2271 ψαλτῳδοῦσι⁹⁸

2129 2289 2562 2361 Θωρακοφόρους
2619 2276 2896 2362 αἰχμητὰς
2944 2291 3150 2358 ἄνδρας
3208 2293 3651 2364 ρομφαιοφόρους
3682 2330 3700 2354 .

2130 2380 2194 2433 Οἳ
2230 2376 2612 2448 ’συμπεσόντες
2651 2381 2728 2450 τῷ
2759 2379 2887 2450 θηρὶ
2913 2379 2991 2451 τῷ
3032 2380 3493 2451 παλαμναιοτὰτῳ

2130 2469 2391 2522 Τελοῦντι
2443 2467 2505 2521 τὸ
2554 2468 2927 2541 λειτούργημα
2973 2470 3080 2524 τῶν
3117 2469 3427 2539 ὑπορθρίων
3475 2468 3662 2540 ὓμνων

2130 2560 2255 2623 Τοῖς
2290 2558 2468 2628 ξίφεσι
2500 2560 2869 2627 συγκόπτουσι
2896 2561 2990 2613 καὶ⁵
3012 2559 3231 2614 θύουσιν
3261 2561 3337 2621 ὡς
3367 2560 3528 2630 ἄρνα,

2068 2695 2083 2711 ,
2131 2651 2300 2704 Πέντε
2335 2650 2470 2720 μησὶ
2498 2651 2634 2722 πρὸς
2666 2654 2778 2714 τοῖς
2818 2651 2959 2725 me
2988 2651 3206 2722 χρόνοις
3227 2652 3610 2723 κεκρατηκότα
3630 2653 3697 2706 ⁹¹.

2128 2740 2241 2794 Καὶ
2307 2739 2527 2810 Μιχαὴλ
2582 2740 2910 2799 καθίσταται
2959 2743 3201 2812 κράτωρ,
3250 2743 3372 2797 ἀντὶ
3422 2741 3700 2813 δεσμώτου

3389 2833 3537 2891 Vers.
3562 2834 3704 2890 4706

2126 2996 2226 3050 bra
2255 2995 2524 3053 destinata
2572 2994 2942 3065 procreationi
2989 2996 3256 3062 exsecuit,
3288 3010 3357 3051 ne
3388 2995 3591 3051 liberos
3616 2996 3704 3067 gi-

2129 3094 2340 3157 gneret,
2383 3086 2478 3156 qui
2510 3095 2794 3156 paternam
2824 3094 2880 3141 et
2923 3085 3123 3140 avitam
3172 3087 3428 3156 iniuriam
3469 3087 3697 3141 ulcisce-

2129 3188 2343 3234 rentur.
2376 3177 2475 3232 llic
2508 3177 2757 3232 Michaeli
2803 3176 2971 3241 ﬁlius,
3000 3192 3161 3246 quem
3210 3187 3506 3232 castratum
3534 3177 3700 3232 fuisse

2128 3270 2392 3333 diximus,
2421 3267 2683 3337 deinceps
2718 3282 2872 3322 novre
2902 3268 3086 3323 Roma
3117 3269 3355 3335 pontifex
3385 3269 3559 3323 factus
3591 3278 3696 3334 est,

2128 3374 2251 3413 cum
2283 3358 2407 3412 vita:
2453 3373 2653 3429 genere
2698 3365 2910 3413 mutato
2954 3358 3119 3414 etiam
3168 3360 3387 3414 nomine
3432 3359 3613 3428 prisco
3641 3365 3702 3414 et

2128 3449 2321 3521 lgnatii
2359 3458 2661 3518 assumpto.

2200 3541 2513 3597 Secundum
2553 3540 2669 3594 haec
2700 3538 2939 3594 crudelis
2968 3539 3058 3594 ille
3087 3539 3415 3611 rugiensque
3445 3540 3574 3605 Leo,
3607 3556 3700 3597 sa-

2127 3649 2248 3689 cras
2280 3646 2464 3688 secum
2487 3631 2601 3700 ipse
2629 3629 3007 3700 prazdictioncs
3039 3631 3351 3700 expendens
3382 3632 3528 3687 illius
3553 3635 3700 3687 senis

2127 3722 2438 3778 admirandi
2458 3729 2515 3774 et
2540 3734 2713 3790 cygno
2741 3718 3065 3782 consimilis,
3096 3720 3367 3790 simulque
3401 3722 3699 3777 formiilans

2128 3813 2453 3869 Michaelum
2482 3810 2777 3867 oriundum
2802 3824 2872 3864 ex
2891 3810 3134 3872 Amorio.
3156 3826 3226 3865 ne
3254 3813 3319 3866 ad
3353 3813 3529 3884 ipsum
3560 3812 3700 3869 forte

2128 3904 2347 3974 imperii
2391 3911 2510 3957 rota
2559 3902 2983 3967 devolveretur,
3033 3901 3308 3958 hominem
3358 3906 3596 3958 vinctum
3643 3907 3702 3959 in

2126 4011 2402 4055 carcerem
2450 3993 2762 4065 labyrintho
2792 4008 2900 4048 non
2932 3993 3238 4049 absimilem
3284 3995 3581 4058 concludit,
3613 4012 3701 4050 sc-

2125 4103 2251 4144 cum
2280 4096 2540 4159 praeterea
2570 4084 2872 4155 dispiciens
2892 4100 3002 4154 quo
3032 4093 3195 4154 pacto
3238 4085 3390 4138 illum
3415 4085 3483 4140 de
3513 4087 3703 4142 medio

2126 4180 2363 4235 tolleret.
2431 4177 2637 4232 Verum
2703 4176 2985 4230 enimvero
3058 4175 3348 4229 imbecillis
3392 4184 3476 4230 est
3518 4177 3705 4233 omnis

2126 4270 2310 4335 homo,
2339 4269 2386 4324 si
2413 4283 2537 4323 cum
2564 4266 2661 4322 Dei
2692 4266 2946 4321 manibus
2971 4266 3288 4321 conferatur
3313 4283 3326 4319 :
3352 4267 3461 4320 imo
3486 4270 3700 4337 perexi-

453 4374 575 4415 rum
608 4358 870 4428 imagines
894 4356 949 4411 in
971 4355 1187 4411 favillas
1238 4356 1649 4427 redigebantur,
1700 4359 1847 4414 calce
1897 4360 2019 4414 viva
2044 4370 2290 4434 Dguum
2338 4362 2506 4415 robur
2545 4366 2631 4414 est
2673 4359 3008 4422 mortalium,
3056 4373 3181 4412 cum
3220 4359 3365 4411 Deus
3395 4359 3694 4428 plurimum

452 4451 921 4523 pcrungebantur,
985 4450 1111 4520 igne
1157 4449 1674 4505 concremabantur.
1734 4451 2020 4521 Spelunca;
2125 4455 2297 4526 possit
2340 4462 2395 4508 et
2437 4453 2670 4507 lacertos
2716 4449 3125 4506 robustissimos
3175 4450 3393 4504 habeat.
3451 4450 3584 4513 Quis
3611 4461 3698 4505 est

452 4544 935 4618 perquirebantur,
987 4541 1226 4610 itemque
1267 4555 1545 4596 sacrarum
1587 4542 1786 4597 aedium
1834 4544 2020 4616 hospi-
2124 4548 2293 4611 enim,
2354 4545 2528 4614 ipsius
2583 4557 2898 4613 oppugnare
2959 4542 3257 4611 potentiam
3315 4542 3409 4609 qui
3472 4542 3701 4610 possit?

452 4640 548 4701 tia,
577 4637 695 4691 loca
713 4631 1199 4690 exercitationibus
1217 4631 1522 4686 animorum
1548 4632 1750 4695 dicata.
1765 4636 1858 4705 qui
1880 4651 2019 4706 quo—
2124 4639 2347 4694 lnterim
2378 4637 2677 4692 Michaelus
2704 4633 2976 4688 vaticiniis
3021 4633 3219 4687 diserti
3260 4633 3407 4687 senis
3436 4632 3691 4687 maximi-

451 4737 563 4791 quo
582 4720 743 4776 modo
780 4720 948 4775 vitam
972 4718 1271 4789 angelicam
1302 4719 1643 4776 redolebant.
1686 4723 2019 4780 Adoratores
2123 4743 2231 4800 que
2260 4737 2447 4783 vatum
2485 4714 2658 4780 fretus
2682 4724 2793 4794 96
2818 4722 3060 4791 exponit,
3089 4722 3367 4790 patefacit,
3394 4721 3571 4790 aperit
3601 4737 3691 4777 ar-

450 4812 891 4869 venerandarum
942 4810 1240 4881 imaginum
1295 4813 1733 4881 expellebantur.
1772 4814 2017 4886 Lugebat
2121 4837 2319 4878 canum
2370 4821 2419 4875 ei
2467 4818 2560 4888 qui
2618 4816 2817 4870 aedium
2874 4814 3034 4884 regiae
3083 4822 3269 4868 custos
3313 4821 3452 4878 erat,
3508 4815 3694 4885 lingua

448 4908 557 4963 hoc
590 4915 831 4976 tempore
873 4904 1026 4968 Sion,
1071 4902 1275 4958 Christi
1308 4902 1438 4966 filia,
1481 4904 1855 4976 lacrymasqne
1883 4923 2013 4977 pro-
2121 4916 2489 4970 Romanorum
2542 4910 2728 4981 papias
2772 4907 2972 4961 dictus.
3018 4904 3192 4960 Simul
3230 4920 3339 4961 una
3372 4921 3497 4960 cum
3550 4906 3668 4976 ipso

448 4971 943 5055 fundens-saccum
986 4996 1273 5068 lugubrem
1316 4971 2013 5068 gestabathuge—liat-hoc
2115 5017 2173 5064 ει
2221 5020 2317 5075 per
2368 4971 2569 5074 ipsum;
2613 4971 2729 5056 rem
2783 5005 2953 5052 totam
3014 4995 3314 5065 componit,
3367 5005 3424 5051 et
3463 4971 3695 5055 insidia;

445 5101 691 5163 tempore
735 5091 978 5147 siderum
1009 5090 1311 5146 cwlestium
1344 5097 1540 5156 cattus,
1569 5099 1625 5145 et
1654 5092 2011 5149 tenebricosis
2113 5097 2433 5169 imperatori
2464 5088 2647 5150 struit.
2675 5092 2848 5147 Noctu
2879 5104 3008 5161 ergo
3037 5103 3161 5143 cum
3193 5088 3530 5143 Psalmorum
3559 5105 3691 5143 can-

448 5184 724 5255 Palpebl'is
758 5191 961 5239 lenam
991 5181 1311 5252 θερίοὶθῢειι.
2115 5188 2335 5245 toribus
2370 5185 2567 5240 armati
2599 5182 2823 5254 quidam
2856 5178 3299 5242 introducuntur,
3330 5179 3425 5248 qui
3456 5179 3687 5233 bellum»

523 5274 784 5331 Utautem
801 5275 1099 5343 imperator
1116 5273 1226 5328 Leo
1240 5282 1436 5342 praeter
1452 5284 1646 5328 caetera
1661 5289 1832 5345 genus
1847 5276 2011 5329 etiam
2118 5277 2571 5335 immanissimam
2636 5275 2967 5345 hymnorum
3024 5270 3419 5325 matutiuorum
3473 5284 3687 5324 sacrum

447 5362 697 5421 Michaeli
744 5362 1139 5431 exstingueret,
1172 5362 1376 5417 Nicena
1423 5362 1671 5417 Michaeli
1700 5364 1811 5419 [ilio
1839 5380 2014 5420 mem-
2120 5376 2469 5440 peragentem
2499 5365 2733 5437 aggressi
2763 5362 2958 5435 gladiis
2981 5358 3303 5417 confodiunt
3321 5369 3378 5415 et
3406 5366 3465 5414 ut
3490 5371 3692 5427 agnum

1790 5478 1994 5543 Varia)
2028 5479 2364 5546 lectiones.

591 5597 818 5664 κράτους
851 5599 916 5652 Α.
991 5599 1037 5630 ⁸³
1077 5599 1288 5676 καρπὸν
1336 5600 1446 5654 τῶν
1491 5602 1623 5670 πρὶν
1680 5603 2161 5676 κεντρωδεστέρων
2211 5603 2285 5659 Β.

447 5666 490 5695 ’⁷
525 5668 675 5719 ιίυιος
703 5682 918 5720 versum
952 5683 1061 5722 orn.
1096 5666 1157 5719 ll.
1227 5708 1229 5711 .

2380 5603 2427 5636 “
2448 5601 2669 5672 σεμνῶν.
2701 5602 2767 5657 R.
2865 5601 2911 5635 "
2937 5603 2994 5665 ἐς
3012 5596 3088 5677 Β.
3182 5597 3229 5630 ⁸⁸
3248 5593 3596 5668 ψαλμῳδοῦσι
3621 5597 3684 5647 Δ.
