4122 6212
446 356 549 420 337

1579 366 2083 430 COMPENDIUM
2124 370 2601 437 CHRONICUM.

3574 386 3681 450 398

446 469 782 539 Ἐλεύθερος,
812 470 919 524 ἀπὸ
972 469 1021 505 ⁸⁸
1072 477 1313 547 φρουρᾶς
1346 478 1604 543 αὖτάναξ,
1638 482 2012 550 αὐτοκράτωρ.
2047 490 2090 545 Α
2130 486 2238 538 Kal
2270 488 2449 541 πᾶσαν
2477 490 2718 543 κάκωσιν
2751 491 2941 556 αὑταῖς
2974 493 3287 561 ἐπενεγκὼν
3324 495 3571 567 βαρεῖαν,

527 562 634 615 Kal
658 560 834 615 ταῦτα
867 561 1055 631 μέντοι
1083 567 1274 630 τοιαδὶ,
1304 568 1370 622 τὰ
1401 569 1446 621 δ’
1477 569 1674 639 ἑφεξῆς
1695 573 1853 624 ὁποῖα
1878 590 1892 637 ;

457 650 704 718 Ἑστύγει
738 651 841 721 μιν
868 654 961 705 καὶ
984 654 1204 727 Μιχαὴλ
1228 657 1326 720 τὰς
1354 659 1503 727 ἱεράς
1528 661 1765 723 εἰκόνας,

457 745 597 797 Ἀλλ’
623 746 723 797 ούκ
754 746 1167 817 ἐνεπικραίνετο
1190 750 1301 807 τοῖς
1331 750 1552 815 ταύταις
1587 754 2006 823 προσκυνοῦσιν,

444 837 576 889 Οὐδὲ
606 837 707 899 τάς
755 838 968 907 σάρκας
1001 838 1099 903 τὰς
1150 839 1332 893 αὐτῶν
1371 843 1623 911 μάστιξιν
1655 844 1894 913 ίιχαλάζα
1938 846 2007 899 ’⁸.

456 927 543 979 Ἐν
571 927 673 980 οὐκ
705 925 911 993 ὀλίγοις
936 928 1226 1000 τοιγαροῦν
1255 932 1593 999 ἀποσφαλεὶς
1626 935 1751 996 ταῖς
1805 934 2007 1004 μάχαις

443 1020 567 1081 Τοῖς
585 1022 649 1072 ὲκ
676 1019 779 1089 τῆς
803 1020 984 1090 Ἀγαρ
1012 1023 1330 1091 ὲμπαιγμὺς
1361 1024 1451 1076 καὶ
1487 1024 1792 1095 χλευασμὸς
1814 1026 2007 1096 ἐφάνη,

442 1108 505 1161 02
537 1110 635 1170 τὰς
668 1108 956 1177 Ῥωμαίων
971 1110 1254 1177 φάλαγγας
1273 1114 1682 1182 σπαράσσοντες
1713 1117 2010 1186 ⁸συχνάκις

441 1200 550 1251 Kal
574 1198 938 1267 δορυκτήτους
969 1200 1195 1267 ἄγοντες
1222 1204 1350 1266 τοὺς
1383 1205 1587 1258 τούτων
1615 1208 2009 1276 ταγματάρχας

444 1290 629 1343 Δειλον
663 1291 1100 1362 μαλακοκάρδιον
1138 1296 1364 1349 ἐκάλουν
1399 1297 1490 1350 τὸν
1522 1299 1843 1369 κρατοῦντα.

454 1379 735 1435 Ἐντεῦθεν
771 1381 887 1451 εἶχε
924 1384 1140 1454 Μιχαὴλ
1169 1384 1361 1450 ὀδύνας
1382 1389 1705 1458 ὲγκαρδίους

444 1471 550 1523 Kal
589 1471 879 1540 συμφοράς
908 1471 1234 1541 θυμοδακείς
1257 1476 1351 1529 καὶ
1380 1476 1610 1547 θλίψεων
1632 1482 1857 1550 πικρίας
1889 1498 1902 1511 ο

445 1559 554 1630 Τὴν
584 1561 692 1632 γὰρ
737 1561 918 1631 δεινὴν
949 1563 1043 1616 καὶ
1074 1564 1413 1634 φαυλουργὸν
1457 1567 1781 1623 δυσσέϐειαν
1814 1570 2007 1636 ἐνόσει,

459 1651 939 1722 ’Λποτειχίζουσαν
967 1652 1131 1706 αὐτὸν
1179 1655 1287 1709 ἀπὸ
1316 1656 1451 1709 Θεοῦ
1484 1658 1788 1730 βλεφάρων.

455 1742 892 1813 Ἀλλεπαλλήλων
922 1743 1015 1797 οὖν
1046 1745 1232 1800 κακῶν
1254 1748 1708 1811 ὲπεμπιπτόντων
1732 1751 1905 1820 τούτῳ

442 1833 553 1886 Kal
607 1832 765 1904 δίκην
819 1834 1196 1904 πολυκύμονος
1247 1836 1522 1907 θαλάσσης
1575 1838 1940 1909 ἐκθροούντων
1968 1841 2010 1906 ⁸,
2042 1832 2089 1891 Β

442 1925 754 1995 Δεινότερος
781 1925 1062 1993 ὲπάφλασε
1095 1927 1492 1998 μεγαλοκύμων
1528 1930 1800 1997 φλοῖσϐος,

446 2015 552 2069 Καὶ
578 2016 679 2085 τὴν
706 2015 874 2070 αὐτοῦ
907 2016 1179 2073 συνέσεισε
1212 2019 1441 2089 καρδίαν
1464 2019 1539 2084 ὡς
1559 2021 1782 2079 ὁλκάδα.

454 2107 515 2161 '0
541 2108 650 2177 γὰρ
680 2110 902 2178 Θωμᾶς,
934 2103 994 2163 οὗ
1019 2110 1283 2180 πρότερον
1308 2111 1336 2162 ὁ
1357 2110 1513 2178 λόγος
1535 2110 1877 2183 ἐπεμνήσθη,

455 2196 779 2267 Ἄνθρωπος
814 2198 1216 2270 πολυμήχανος,
1249 2199 1517 2271 ὲμπύριος
1548 2200 1606 2255 re
1636 2202 1856 2272 θράσος,

442 2287 847 2358 Στρατσύσιμον
874 2290 1249 2361 συνηθροικὼς
1287 2291 1444 2361 ἰσχὺν
1480 2291 1831 2361 μυριαχόθεν,

451 2375 713 2441 Ὁπλίτας
733 2380 1141 2451 αίματοχαρεῖς,
1174 2382 1462 2451 ἀλκίμους,
1497 2382 1835 2451 εὐκαρδίους,

441 2468 798 2539 Φονοεργοὺς,
821 2472 1100 2542 άρεῖκοὺς,
1129 2472 1449 2544 εὐτόλμους,
1486 2464 1899 2545 θρασυμάχους,

455 2559 728 2632 Ἐπεπηδᾷ
763 2561 842 2634 τῷ
865 2563 1087 2633 Μιχαὴλ
1119 2564 1256 2634 μετά
1288 2565 1525 2634 σιροδρᾶς
1548 2564 1648 2635 τῆς
1682 2564 1885 2635 ῥύμης.

442 2650 707 2722 Καθάπερ
732 2652 829 2715 σῦς
847 2652 955 2705 άπὸ
975 2653 1180 2725 δρυμοῦ
1208 2654 1302 2707 καὶ
1323 2654 1529 2724 λόχμης
1550 2653 1868 2720 πολυξύλου,

441 2743 512 2794 Ἦ
553 2741 794 2812 σκύμνος
812 2743 1165 2815 ὀρεσίτροφος
1189 2744 1409 2815 λεαίνης
1437 2744 1792 2814 φιλαιμάτου,

440 2834 550 2886 Kal
583 2836 765 2889 πᾶσαν
784 2837 1143 2909 περιθρᾴκιον
1167 2836 1586 2907 περιστοιχήσας
1620 2835 1773 2889 πόλιν

452 2924 541 2978 Ἐν
585 2927 868 2988 ναυτικαῖς
885 2925 1150 2996 δυνάμεσι
1177 2926 1322 2997 χειρί
1346 2942 1406 2978 τε
1439 2924 1757 2996 πεζομάχῳ,

440 3203 698 3257 mactant.
735 3210 858 3251 cum
901 3210 1074 3251 annos
1102 3195 1156 3251 in
1179 3194 1414 3265 imperio
1455 3203 1663 3265 septem
1690 3204 1745 3250 et
1772 3194 2014 3266 quinque

443 3303 662 3342 menses
696 3287 988 3358 exegisset.

510 3380 639 3435 Post
664 3378 779 3434 haec
801 3378 1096 3434 Michaelus
1117 3394 1183 3434 ex
1204 3377 1420 3449 captivo
1444 3386 1662 3434 creatur
1695 3378 2013 3459 imperator,

438 3469 746 3524 libertatem
774 3484 880 3523 una
909 3484 1033 3523 cum
1062 3485 1231 3542 regno
1264 3478 1613 3525 consecutus.
1645 3468 1839 3536 Qualia
1862 3471 2019 3526 dein-

440 3576 572 3629 ceps
605 3561 927 3623 acciderint,
962 3562 1261 3617 videamus.
1290 3560 1492 3618 Oderat
1523 3561 1688 3616 etiam
1724 3561 2018 3618 llicbaelus

441 3652 708 3725 imagines
760 3668 964 3719 sacras,
1010 3654 1106 3709 sed
1146 3670 1339 3709 earum
1392 3654 1776 3711 adoratoribus
1819 3654 2018 3710 acerbe
2050 3660 2081 3681 ‘

440 3760 553 3801 non
582 3745 962 3811 succensebat,
1002 3760 1104 3801 nec
1143 3745 1325 3817 flagris
1355 3761 1546 3801 eorum
1578 3762 1807 3816 corpora
1844 3747 2016 3801 viola-

440 3835 557 3893 bat.
608 3837 817 3892 Przeliis
863 3837 1072 3907 aliquot
1120 3836 1412 3893 infeliciter
1475 3838 1802 3904 commissis,
1852 3838 2019 3908 cmpit

438 3927 706 3999 Agarenis
761 3927 1029 3982 ridiculus
1074 3927 1270 3991 videri,
1327 3926 1422 3997 qui
1464 3928 1833 3983 Romanorum
1881 3928 2017 3997 pha-

440 4019 628 4088 langes
655 4019 855 4089 saepius
886 4026 1327 4088 perrumpentes,
1352 4026 1410 4073 et
1433 4032 1621 4072 earum
1657 4017 1826 4072 duces
1849 4018 2019 4087 capti-

440 4123 541 4163 vos
603 4109 980 4176 abducentes,
1050 4107 1440 4178 imperatorem
1495 4108 1907 4164 formidolosum
1962 4121 2018 4165 et

440 4201 626 4256 mollis
649 4202 816 4257 animi
845 4204 1023 4256 virum
1053 4201 1466 4272 nuncupabant.
1501 4202 1575 4256 Ea
1610 4216 1693 4255 res
1722 4202 2017 4257 Miachaelo

442 4310 669 4365 magnos
705 4293 871 4348 animi
904 4294 1144 4358 dolores,
1174 4307 1447 4348 aerumnas
1464 4292 1894 4361 afﬂictionesque
1925 4309 2017 4361 pe-

442 4387 609 4458 perit.
646 4385 914 4439 Nimirum
958 4384 1245 4440 horrendze
1287 4385 1674 4452 sceleraueqne
1724 4385 2016 4453 impietatis

2119 578 2226 629 Kal
2271 579 2817 653 καταδουλωσάμενος
2857 585 2951 637 καὶ
3004 587 3173 655 ῥήξας
3232 587 3326 640 καὶ
3383 591 3683 661 σπαράξας,

2123 665 2263 730 Ἕως
2294 667 2463 737 αὖτῆς
2486 670 2761 741 ἐπέδραμε
2795 673 3001 738 πόλεως
3024 678 3124 746 τῆς
3155 677 3363 740 ὀλϐίας.

2119 758 2259 810 Ἀλλ’
2294 758 2359 812 ἂν
2394 760 2526 825 Θεὸς
2552 764 2580 814 ὀ
2609 764 2914 837 πανσθενὴς
2946 766 3157 836 θνητοῖς
3182 770 3494 841 ὲναντιῷτο,

2128 849 2294 913 Ἱστὸς
2341 853 2585 922 ἀράχνης
2613 854 2873 926 ἄντικρυς
2909 860 3059 914 πᾶσα
3102 861 3265 931 βουλὴ
3299 866 3393 917 καὶ
3454 867 3677 936 πρᾶξις.

2118 941 2190 993 Τὸ
2222 940 2375 993 Θεῖον
2396 943 2575 995 τοίνυν
2618 944 2645 997 ὀ
2671 944 2871 1015 Θωμᾶς
2902 947 3255 1019 ύπερμαχοῦν
3283 952 3383 1004 οὐκ
3421 953 3561 1024 ἔχων

2117 1030 2210 1093 Εἰς
2250 1030 2475 1101 ψάμμον
2498 1032 2601 1102 τῆς
2634 1036 2926 1107 ἐπιϐουλῆς
2956 1039 3080 1103 τοὺς
3107 1039 3352 1113 πύργους
3384 1043 3676 1115 ᾠκοδόμει,

2130 1122 2245 1174 Ἐπ’
2275 1122 2534 1187 ἀσθενοῦς
2570 1128 2838 1196 ὲπήγνυεν
2866 1129 3031 1182 αὐτοῦ
3052 1131 3179 1194 τοὺς
3207 1133 3511 1202 θεμελίους.

2118 1212 2423 1267 Κάντεῦθεν
2451 1215 2509 1267 τδ
2539 1216 2855 1285 κτιζόμενον
2886 1218 3099 1291 ῥιζόθεν
3131 1224 3436 1295 ἀνετράπη,

2120 1304 2225 1357 Καὶ
2256 1304 2439 1373 φόνοις
2463 1307 2667 1376 χράνας
2712 1309 2809 1375 τὰς
2840 1310 3006 1365 αὑτοῦ
3043 1313 3437 1383 φιλοπολέμους
3470 1318 3680 1387 χεῖρας,

2117 1395 2227 1449 Kal
2255 1396 2380 1465 δόρυ
2412 1400 2519 1452 πᾶν
2553 1401 2899 1455 κατάϐαπτον
2915 1406 3029 1467 τοῖς
3057 1406 3251 1475 αἵμασι
3283 1408 3540 1479 ποιήσας,

2118 1486 2190 1539 Τὸ
2216 1487 2525 1543 τελευταῖον
2560 1489 2863 1563 ζωγρηθεὶς
2901 1495 3189 1565 ὀρύττεται
3219 1500 3319 1562 τὰς
3356 1506 3525 1571 κόρας

2117 1578 2225 1631 Kal
2246 1578 2528 1634 σϐέννυται
2559 1582 2938 1654 καλλιφεγγεῖς
2965 1587 3188 1658 λύχνους
3212 1592 3334 1653 τοὺς
3362 1591 3470 1643 τῶν
3497 1592 3681 1661 ὀμμά-

3527 1681 3682 1754 [των,

2121 1758 2227 1811 Kal
2260 1760 2397 1829 μετὰ
2427 1762 2597 1816 ταῦτα
2633 1763 2808 1833 ξίφεσι
2837 1767 3025 1831 δεινῶς
3061 1772 3480 1840 χρεωκοπεῖται.

2199 1850 2259 1903 Ὀ
2304 1851 2561 1921 βασιλεὺς
2589 1854 2645 1910 δὲ
2690 1856 2908 1927 Μιχαὴλ
2944 1860 3153 1929 μέλλων
3179 1862 3269 1915 τὸν
3301 1863 3414 1934 βίον
3453 1863 3681 1927 λείπειν,

2128 1938 2242 2007 Ἐφ’
2272 1940 2411 2005 ὅλοις
2442 1942 2618 1995 ἔτεσιν
2648 1944 2790 1997 ὀκτὼ
2831 1944 3119 2016 Ῥωμαίων
3158 1949 3483 2019 βασιλεύσας
3508 1951 3552 2015 ³,

2115 2029 2205 2100 Τῷ
2232 2030 2472 2101 Θεοφίλῳ
2499 2032 2576 2103 τῷ
2601 2035 2749 2088 πα.δ“ι
2775 2034 2837 2088 τὸ
2864 2036 3141 2108 σκῆπτρον
3171 2039 3470 2119 ἐγχειρίζει
3504 2056 3519 2072 ο

2119 2122 2216 2185 '0;
2248 2122 2307 2175 ἐν
2328 2125 2438 2187 τοῖς
2472 2123 2650 2188 ἄλλοις
2687 2127 2856 2180 ἅπασι
2890 2127 2986 2197 τὴν
3014 2128 3193 2199 ᾰλμην
3224 2129 3322 2201 τὴν
3348 2130 3440 2183 τοῦ
3474 2129 3588 2201 βίου

2114 2212 2452 2284 Κακοτυχῶς
2492 2214 2587 2269 καί⁵
2625 2216 2910 2286 σφαλερῶς
2944 2216 3057 2268 ἀλλ’
3104 2218 3204 2271 οὐκ
3257 2218 3448 2284 aestu;
3506 2220 3684 2274 πλέων

2115 2303 2287 2357 Τοῦτο
2318 2305 2410 2358 καὶ
2447 2305 2607 2374 μόνον
2628 2306 2689 2357 τὸ
2713 2306 2875 2360 καλὸν
2901 2305 3101 2378 εὕρατο
3127 2307 3471 2378 παραδόξως,

2116 2394 2227 2465 Τὴν
2262 2395 2567 2466 πάνσεμνον
2600 2396 2620 2426 ⁸
2654 2397 2711 2448 ὲν
2732 2395 2944 2465 γυναιξὶ
2966 2399 3056 2451 καὶ
3083 2395 3234 2450 θείαν
3273 2398 3577 2470 Θεοδώραν,

2126 2485 2213 2549 Ὠς
2242 2486 2527 2555 μάργαρον
2565 2486 2917 2552 κατάλευκον,
2958 2487 3032 2551 ὡς
3061 2488 3206 2541 λίθον
3236 2489 3557 2560 ἀνθρακίαν.

2115 2572 2334 2642 Ταύτην
2356 2569 2447 2626 οὖν
2467 2572 2610 2643 σχὼν
2634 2575 2933 2645 κοινολεχῆ,
2957 2576 3161 2647 ταύτην
3185 2576 3371 2645 ζυγεὶς
3393 2580 3471 2643 είς
3486 2580 3687 2651 γάμον,

2113 2662 2225 2716 Kal
2250 2661 2457 2715 παίδων
2478 2662 2664 2729 γέγονε
2685 2663 2870 2734 πατὴρ
2894 2663 3006 2726 εἰς’
3032 2664 3134 2733 γῆν
3160 2665 3387 2736 γονίμην
3424 2669 3686 2740 σπείρων,

2115 2752 2222 2804 Kal
2257 2750 2421 2805 πλέον
2448 2751 2822 2822 ὲπευτύχησεν
2862 2752 3037 2824 Ἀδάμ
3058 2756 3153 2809 τοῦ
3186 2759 3616 2825 πρωτοπλάστου
3639 2761 3684 2816 ⁸.

2113 2843 2217 2896 Τὸν
2262 2842 2496 2912 μὲνγὰρ
2543 2845 2574 2912 ἡ
2635 2844 2982 2915 πλευροφυὴς
3027 2847 3120 2898 καὶ
3165 2850 3542 2919 πρωτομήτωρ
3575 2849 3686 2903 Εὕα

2114 2932 2209 2986 Ἐκ
2238 2932 2341 3001 τῆς
2381 2932 2594 3003 τρυφῆς
2632 2933 2741 2986 τῶν
2788 2933 2885 3003 τῆς
2925 2935 3086 3006 Ἐδὲμ
3119 2936 3355 3008 ἐξήγαγε
3381 2939 3643 3007 δενδρέων
3669 2957 3685 2971 ’

3364 3026 3519 3084 Vers.
3546 3026 3677 3082 4761

2117 3200 2295 3256 modis
2319 3198 2645 3262 divexasset,
2684 3200 2736 3252 in
2767 3200 3091 3255 servitutem
3132 3201 3452 3272 redegisset,
3479 3203 3688 3259 diruis-

2116 3301 2221 3358 set,
2273 3292 2587 3355 lacerasset,
2637 3290 2704 3344 ad
2757 3290 2929 3360 ipsam
2991 3306 3165 3361 usque
3214 3292 3434 3361 Cpolin,
3489 3292 3683 3347 urbem

2117 3384 2473 3446 fortunatam,
2502 3381 2762 3436 excurrit.
2798 3381 3091 3437 Enimvero
3115 3382 3161 3435 si
3192 3382 3335 3436 Deus
3358 3382 3450 3436 ille
3479 3396 3689 3452 praepu-

2118 3482 2239 3529 tens
2265 3472 2587 3526 mortalibus
2611 3471 2954 3536 adversetur,
2980 3485 3143 3527 omne
3158 3471 3445 3527 consilium
3474 3472 3685 3527 omnis-

2120 3578 2237 3635 que
2267 3570 2501 3619 conatus
2519 3576 2711 3631 reapse
2737 3562 2876 3616 nihil
2898 3570 2983 3619 est
3001 3563 3149 3619 aliud
3174 3578 3336 3633 quam
3359 3577 3681 3619 aranearum

2118 3656 2241 3710 tela.
2278 3654 2622 3723 Quapropter
2646 3669 2771 3708 cum
2799 3653 3086 3709 Thomasa
3108 3653 3333 3709 numine
3362 3652 3547 3707 divino
3577 3669 3687 3707 non

2115 3755 2575 3816 propugnaretur,
2613 3746 2936 3800 insidiarum
2970 3760 3193 3801 suarum
3221 3755 3404 3801 turres
3424 3744 3477 3798 in
3505 3746 3690 3799 arenis

2116 3836 2455 3901 exstruebat,
2513 3837 2679 3907 inque
2706 3851 2766 3891 re
2794 3836 3154 3906 perimbecilli
3205 3835 3560 3891 fundamenta
3592 3849 3691 3890 sua

2117 3928 2465 3990 collocabat,
2511 3938 2567 3982 et
2615 3928 2815 3982 ideirco
2867 3938 3038 3984 totum
3090 3927 3379 3982 aediﬁcium
3427 3927 3691 3982 radicitus

2118 4018 2347 4073 corruit.
2399 4019 2531 4075 Nam
2564 4020 2653 4074 ubi
2690 4019 2929 4075 meatibus
2978 4032 3170 4071 manus
3215 4016 3337 4071 illas
3382 4031 3688 4086 pugnarum

2115 4109 2305 4164 avidas
2366 4110 2706 4179 inquinasset
2754 4117 2810 4164 et
2855 4109 3037 4162 hastas
3092 4106 3356 4177 sanguine
3413 4106 3689 4171 tinxisset,

2119 4198 2334 4252 tandem
2366 4197 2523 4251 vivus
2553 4200 2606 4251 in
2634 4198 2873 4252 hostium
2902 4204 3226 4265 potestatem
3258 4196 3524 4264 pervenit,
3553 4210 3689 4251 ocu-

2116 4287 2292 4355 lisque
2342 4288 2606 4355 spoliatus
2642 4286 2749 4355 97
2799 4294 2855 4339 et
2897 4293 3085 4356 postea
3137 4285 3334 4355 gladiis
3376 4285 3495 4341 sine
3539 4286 3690 4341 omni

2120 4375 2496 4431 misericordia
2527 4376 2883 4432 obtruncatus
2908 4385 3012 4431 est.

442 4477 636 4532 morbo
662 4477 968 4543 laborabat,
992 4476 1085 4546 qui
1114 4491 1239 4531 eum
1266 4476 1335 4530 ab
1357 4475 1533 4531 oculis
1556 4475 1649 4529 Dei
1679 4476 2011 4530 secludebat.
2044 4492 2095 4550 ι)
2190 4468 2489 4523 Michaelus
2545 4475 2726 4521 autem
2778 4481 3106 4522 excessurus
3129 4482 3161 4521 θ
3186 4468 3318 4531 vita.
3368 4483 3492 4523 cum
3529 4470 3691 4523 almis

438 4568 578 4625 Cum
629 4568 795 4640 igitur
841 4568 965 4623 aliis
1011 4575 1135 4638 post
1172 4567 1277 4621 alia
1324 4566 1483 4620 malis
1532 4565 1623 4621 ille
1656 4577 2017 4636 premeretur,

444 4662 613 4715 maris
644 4660 813 4714 instar
844 4672 968 4713 cum
1005 4656 1241 4727 strepitu
1290 4655 1649 4719 irruentibus,
1696 4655 1862 4710 etiam
1893 4671 2019 4725 gra-

444 4751 566 4804 vior
588 4750 836 4821 quzedam
868 4757 1165 4817 tempestas
1189 4745 1459 4810 incubuit,
1486 4746 1713 4815 ejusque
1735 4761 1829 4800 eor
1858 4741 2021 4817 velut,

445 4847 630 4899 navim
663 4843 970 4898 onerariam
1027 4839 1318 4895 succussit.
1357 4838 1595 4893 Thomas
1625 4836 1772 4892 enim
1802 4838 1893 4893 ille
1922 4852 2021 4892 cu-

438 4937 530 5005 jus
578 4942 738 4989 antea
795 4935 1128 4989 mentionem
1177 4930 1431 4991 fecimus,
1484 4929 1567 4983 vir
1616 4927 1918 4983 industrius
1961 4935 2018 4981 ct

444 5023 671 5077 audacia
703 5023 957 5092 ﬂagrans,
989 5021 1161 5090 copiis
1182 5020 1531 5089 undiquaque
1550 5016 1812 5081 collectis,
1846 5016 2018 5070 maxi-
2059 5052 2065 5057 ο

444 5129 536 5168 mo
567 5129 692 5167 cum
740 5113 946 5183 impetu
992 5111 1318 5167 Michaelum
1364 5108 1563 5165 invasit
1606 5109 1775 5163 instar
1809 5106 1929 5176 apri
1953 5105 2022 5161 de

445 5207 581 5260 silva
630 5205 931 5276 lustrisque
960 5206 1079 5260 suis
1110 5204 1425 5275 proruentis
1452 5201 1537 5256 vel
1567 5199 1773 5256 leonini
1817 5198 2020 5263 catuli;

444 5314 681 5369 cumque
714 5298 881 5353 urbes
922 5298 1207 5353 universas
1250 5293 1496 5350 Thraciae
1529 5292 1698 5348 totius
1727 5300 1835 5346 tam
1878 5304 2020 5345 nau-

447 5390 570 5444 titis
616 5391 789 5461 ecpiis
832 5405 996 5462 quam
1049 5388 1395 5461 pedestribus
1436 5385 1719 5452 cinxisset,
1763 5383 2022 5441 omnibus

2117 4566 2244 4613 octo
2271 4557 2533 4612 Romanis
2560 4556 2887 4627 praefuisset,
2917 4557 3223 4627 Theophilo
3252 4556 3363 4612 ﬁlio
3388 4573 3490 4613 suo
3513 4559 3691 4627 impe-

2120 4651 2264 4704 rium
2299 4649 2553 4713 tradidit;
2581 4649 2674 4718 qui
2708 4659 2903 4703 caetera
2926 4665 3022 4719 per
3039 4665 3255 4704 omnem
3280 4650 3445 4704 vitam
3478 4649 3687 4710 infelix,

2120 4755 2292 4795 unum
2343 4740 2546 4794 bonum
2599 4740 2922 4795 mirabiliter
2970 4753 3161 4795 nactus
3206 4747 3310 4806 est,
3344 4738 3691 4793 Theodoram

2116 4832 2428 4902 coniugem,
2480 4830 2737 4885 feminam
2793 4832 2951 4900 plane
3004 4831 3268 4894 divinam,
3321 4829 3691 4886 venerabilem

2120 4923 2264 4975 inter
2295 4920 2555 4974 mulieres
2580 4918 2732 4982 alias,
2761 4918 2947 4972 unioni
2974 4918 3360 4974 candidissimo
3382 4927 3438 4973 et
3458 4918 3645 4972 carbo:
3667 4945 3694 4959 -

2120 5014 2249 5069 culo
2281 5012 2638 5083 persimilem.
2668 5010 2807 5066 Huic
2837 5011 2927 5067 ille
2957 5011 3305 5066 matrimonio
3332 5011 3556 5080 junctus
3581 5025 3691 5062 non

2117 5106 2296 5162 solum
2336 5105 2639 5160 liberorum
2680 5115 2837 5173 pater
2863 5117 2929 5157 ex
2962 5103 3191 5158 fecunda
3240 5102 3471 5171 conjuge
3514 5099 3691 5156 factus

2117 5207 2223 5261 est,
2255 5212 2449 5252 verum
2475 5195 2640 5252 etiam
2681 5195 2944 5252 felicitate
2976 5193 3281 5265 principem
3327 5192 3483 5247 illum
3507 5191 3691 5246 homi-

2116 5304 2250 5342 num
2301 5287 2569 5343 Adamum
2615 5287 2917 5357 superavit.
2971 5285 3108 5341 Nam
3154 5285 3423 5341 Adamum
3468 5293 3585 5341 orta
3621 5284 3693 5338 de

2117 5390 2269 5437 costa
2299 5388 2582 5451 materque
2612 5381 2867 5449 princeps
2916 5378 3204 5434 hominum
3245 5378 3357 5433 Eva
3387 5376 3688 5447 voluptate,

1788 5538 1995 5601 Variae
2028 5536 2358 5599 lectiones.

518 5693 566 5726 "
598 5693 718 5745 ἀντὶ
742 5693 802 5745 Α.
878 5693 924 5724 ”
946 5688 1209 5761 ὲχαλάζου
1240 5688 1307 5743 Β.
1388 5689 1403 5719 ‘
1434 5684 1834 5761 σπαράττρντες
1865 5684 1933 5741 R.
2007 5688 2021 5718 ¹

2117 5682 2431 5755 ικρουόντων
2463 5681 2532 5738 Β.
2611 5680 2631 5712 ³
2662 5678 2819 5736 Hunc
2866 5693 3088 5737 versum
3137 5692 3247 5733 om.
3281 5674 3349 5731 Β.
3427 5674 3449 5707 ⁸
3488 5673 3688 5728 πάνσε-

450 5777 582 5815 πτον
609 5768 674 5817 Λ.
750 5762 771 5791 ⁸
796 5762 870 5824 ὡς
903 5753 1130 5826 εἰξΛΙὶ.
1208 5761 1229 5791 ⁸
1249 5753 1592 5829 πρωτογόνου
1616 5753 1729 5810 AR.
