4138 6216
448 336 580 398 “399

481 448 552 500 Ἦ
592 447 648 498 δέ
680 445 769 498 τὸν
803 446 1197 516 συνοικήσαντα
1227 445 1321 498 καὶ
1362 447 1617 501 κοινωνὸν
1658 449 1751 500 τοῦ
1783 448 1900 518 βίου

477 538 587 606 Τῆς
623 536 802 601 δεξιᾶς
833 535 1098 604 πεποίηκε
1124 536 1219 589 καὶ
1260 536 1578 608 σωζομένης
1614 538 1832 609 μοίρας.

478 627 768 680 Κάνταῦθα
804 626 964 696 μόνον
995 625 1072 696 τῷ
1096 627 1262 680 Δαϐὶδ
1290 627 1464 698 ἤχησε
1497 629 1648 698 παρά
1675 629 1837 698 μέλος

487 719 551 771 'H
583 719 838 780 καὶτοὺς
885 717 1067 782 λίθους
1118 717 1389 786 θέλγουσα
1439 721 1774 792 καλλιμελὴς
1827 722 2044 794 κινύρα.

489 807 552 860 Ἠ
581 807 681 877 μὲν
707 806 816 876 γάρ
847 807 1208 875 ἀποφαίνεται
1239 807 1358 878 Θεῷ
1387 809 1767 879 ψαλαττομένη
1789 825 1803 840 ·

475 914 499 945 ‹
561 897 701 959 Τοὺς
733 896 1099 964 μονοτρόπους
1128 897 1156 948 ό
1197 897 1329 960 Θεὸς
1373 899 1432 950 ὲν
1475 899 1610 969 οἴκῳ
1660 897 1982 962 κατοικίζει.
2024 917 2042 949 ι

475 985 739 1038 Ἐνταῦθα
769 984 827 1038 δὲ
855 985 1159 1056 συνέδραμε
1199 987 1400 1057 κόπρος
1426 987 1614 1040 εὐώδει
1639 988 1796 1060 μύρῳ

477 1077 584 1129 Καὶ
615 1076 768 1146 ῥόδον
809 1076 1211 1147 ἐρυθρόφυλλον
1251 1079 1462 1150 ἀχέρδῳ
1486 1082 1836 1152 κεντροφίρῳ

475 1170 584 1221 Καὶ
610 1167 807 1238 χρῶμα
827 1167 1180 1238 χολοϐάφινον
1215 1170 1465 1240 βάμματι
1496 1172 1813 1242 πορφυρέῳ.

489 1264 553 1316 Ἦ
584 1263 682 1334 μὲν
711 1264 821 1334 γὰρ
851 1263 1056 1327 ’πάσαις
1090 1265 1313 1334 ἀρεταῖς
1339 1266 1648 1334 κατάφυτον
1681 1261 1748 1336 ἦν
1784 1263 1944 1327 άλσος

475 1354 584 1406 Καὶ
609 1352 786 1423 κῆπος
815 1353 1242 1424 χαριτόϐλαστος
1285 1355 1378 1407 καὶ
1406 1355 1622 1426 δένδρον
1650 1353 1975 1428 εὐκοσμίας,

486 1443 547 1495 ’0
579 1442 636 1494 δὲ
667 1442 868 1512 χωρίον
885 1442 1159 1512 ’ἄντικρυς
1193 1443 1459 1513 τριϐόλων
1487 1443 1805 1507 δυσσεϐείας

477 1533 587 1588 Καὶ
625 1533 785 1602 βάτος
800 1533 1170 1605 ἀκανθοϐελὴς
1203 1535 1297 1586 καὶ
1327 1534 1535 1604 ράμνος
1564 1534 2045 1605 σπλαγχνοτύπος.

479 1623 586 1674 Καὶ
615 1624 726 1694 γὰρ
752 1623 1199 1694 ἀπεχθανόμενος
1233 1627 1353 1688 ταῖς
1389 1625 1768 1696 ίερογραφίαις

480 1713 589 1766 Καὶ
612 1716 722 1777 τοῖς
756 1716 1178 1786 ἀπεικονίσμασι
1201 1715 1442 1786 Χριστοῦ
1467 1717 1562 1769 καὶ
1585 1716 1693 1770 τῶν
1731 1716 2047 1788 μαρτύρων,

1631 335 2147 396 CONSTANTINI
2190 336 2566 399 MANASSIS

3612 337 3718 399 400

2074 455 2117 510 Α
2151 451 2212 503 Ἀ
2223 469 2326 518 γαν
2353 453 2557 515 σκαιῶς
2589 451 2683 505 καὶ
2711 450 2961 522 πονηρῶς
2981 467 3074 504 και
3105 448 3457 518 κακοτρόπως
3475 441 3641 518 εἶχεν,

2149 539 2228 594 Τὰ
2257 542 2301 593 δ’
2335 540 2470 594 ἀλλα
2497 543 2592 593 καὶ
2613 541 3006 612 λαμπρόψυχος
3035 535 3103 609 ἦν
3127 539 3220 591 καὶ
3273 535 3721 607 μεγαλογνώμων

2149 630 2260 684 Καὶ
2282 629 2374 683 τοῦ
2401 629 2608 684 δικαίου
2636 629 2964 700 φροντιστὴς
2988 628 3082 681 καὶ
3119 628 3229 680 τῶν
3257 627 3488 681 ἐνδίκων
3516 627 3717 696 νόμων.

2147 720 2221 789 Ση
2231 721 2378 788 μεῖον
2400 721 2794 792 ἐναργέστατον
2819 721 2918 790 τῆς
2950 716 3428 789 μεγαλοπρεπείας

2161 811 2436 878 Ὀργάνων
2463 811 2838 881 φιλοτέχνησις
2872 811 2981 864 τῶν
3011 808 3508 880 χρυσιοκροτήτων,

2162 900 2252 964 Ἐξ
2275 894 2348 954 ὧν
2387 901 2846 970 άναπεμπόμενον
2875 901 2933 953 ὲν
2964 901 3183 970 μηχανῇ
3210 898 3271 952 τὸ
3293 897 3512 969 πνεῦμα

2150 990 2260 1052 Τὰς
2291 990 2614 1054 εύκελάδους
2639 990 2734 1042 καὶ
2771 988 3012 1060 τερπνὰς
3053 985 3620 1058 ἀπήχει,μελουργίας

2150 1079 2262 1133 Καὶ
2285 1078 2506 1150 λιγυρὸν
2545 1079 2894 1148 μουσίκευμα
2923 1076 3201 1148 γάργαλον
3224 1076 3521 1148 ἀπορρέον.

2153 1170 2257 1225 Σὺν
2288 1171 2502 1234 τούτοις
2541 1173 2610 1225 τά
2631 1171 2952 1241 κατάχρυσα
2984 1170 3079 1223 καὶ
3110 1168 3490 1240 τηλαυγοῦντα
3511 1168 3724 1240 δένδρα,

2152 1260 2390 1330 Χρυσίου
2423 1262 2488 1332 τῇ
2527 1260 2830 1332 χλωρότητι
2857 1259 3207 1332 πυρράζοντα
3253 1259 3548 1329 μακρόθεν,

2164 1351 2254 1406 Ἐν
2281 1346 2363 1414 οἷς
2389 1352 2645 1421 στρουθία
2670 1351 2906 1422 μουσικά
2933 1352 3310 1422 χρυσότευκτα
3336 1350 3598 1419 καθῆστο,

2165 1443 2252 1505 Ὠς
2285 1444 2341 1496 ἐν
2376 1443 2630 1506 πετάλοις
2658 1444 2846 1506 πίτυος
2877 1443 2911 1514 ἢ
2949 1442 3158 1513 πεύκης
3187 1443 3526 1514 ἀκροκόμου,

2139 1532 2261 1586 -Ἐκ
2287 1535 2534 1604 μηχανῆς
2572 1533 2834 1604 ἐκχέοντα
2867 1533 3086 1603 λάλημα
3119 1534 3391 1602 μελιτόεν.

2154 1625 2340 1688 Οῦτως
2370 1625 2676 1696 ἀνθρώπων
2699 1627 3018 1698 τεχνουργοί⁵
3042 1625 3444 1697 πολυμηχάνων
3473 1627 3653 1697 χεῖρες

2175 1713 2598 1784 Ἀντιφερίζουσι
2638 1713 2838 1785 μικροῦ
2863 1717 2928 1785 τῇ
2953 1715 3235 1786 ψυχωτρίᾳ.
3265 1714 3447 1784 φύσει.

479 1804 617 1870 Τοὺς
666 1807 1046 1877 ἅττ-,νέμοντας
1081 1809 1264 1870 αὐτοῖς
1296 1808 1357 1860 τὸ
1409 1809 1556 1861 κατά
1599 1808 1785 1878 σχέσιν
1841 1808 2006 1872 σέϐας
2034 1809 2054 1839 ⁷
2087 1792 2129 1847 Β
2230 1805 2291 1857 Ei
2317 1804 2372 1857 δέ
2395 1821 2478 1866 τις
2507 1805 2898 1877 ἀκριϐέστερον
2919 1807 3257 1876 καταμαθεῖν
3282 1807 3502 1878 θελήσει

478 1896 866 1966 ’Λνυποφόροις
929 1899 1023 1952 καὶ
1072 1898 1272 1962 δειναῖς
1309 1897 1708 1968 στρεϐλώσεσιν
1759 1900 1961 1954 ἐκάκου
2008 1902 2052 1956 ⁸.

480 1983 641 2038 ’Λλλά
688 1987 938 2050 καὶτοὺς
974 1987 1359 2058 ἐκλάμποντας
1395 1988 1473 2057 τῷ
1506 1987 1608 2059 βίῳ
1652 1988 1749 2042 καὶ
1780 1987 1859 2060 τῷ
1909 1989 2055 2060 λόγῳ

494 2077 668 2146 Ὑπὲρ
693 2077 938 2149 ἀστέρων
968 2079 1257 2142 καλλονάς,
1292 2081 1434 2149 ὑπὲρ
1463 2079 1618 2150 ἡλίου
1657 2079 1841 2144 σέλας,

481 2169 586 2222 Τὸν
629 2170 774 2240 ἱερὸν
805 2170 1100 2242 Θεόδωρον,
1131 2170 1222 2224 τὸν
1265 2171 1408 2224 θεῖον
1442 2170 1748 2242 Θεοφάνην,

480 2261 804 2331 Ἐπιφοραῖς
840 2261 1166 2333 βαρυαλγῶν
1193 2261 1448 2331 ,βασάνων
1479 2261 1763 2328 ἐκπιέσας,

483 2355 592 2407 Καὶ
607 2352 771 2422 φλοῦν
798 2352 890 2405 τοῦ
917 2352 1173 2421 σώματος
1200 2351 1381 2405 αὐτῶν
1405 2350 1715 2423 βουνεύροις
1744 2355 2056 2422 ἐκλεπίσας,

484 2443 705 2508 Ἕστιξε
727 2442 822 2496 καὶ
847 2442 915 2495 τὰ
955 2443 1181 2512 μέτωπα
1215 2442 1408 2512 μέχρις
1435 2443 1615 2495 αὐτῶν
1642 2443 1882 2512 ὀφρύων,

478 2534 594 2587 Καὶ
628 2532 831 2596 τύπους
873 2531 1198 2602 ἐνεχάραξεν
1227 2534 1411 2596 αὐτοῖς
1461 2532 1884 2603 ίαμϐοπλόκους.

551 2621 712 2680 Οὗτοι
745 2625 845 2696 μὲν
872 2621 964 2678 οὖν
994 2625 1092 2695 τὴν
1119 2626 1373 2696 κέντησιν
1405 2626 1504 2696 τὴν
1534 2628 1916 2697 ἐπιμετωπίαν

487 2717 584 2780 Ὦς
610 2717 804 2786 στέφος
827 2717 1259 2788 καταμάργαρον
1293 2715 1623 2786 λιθολαμπές
1650 2718 1882 2786 ἐφόρουν
1905 2737 1917 2748 ·

490 2809 554 2860 Ὀ
584 2809 806 2879 κράτωρ
833 2808 889 2860 δὲ
921 2807 1177 2876 Θεόφιλος
1209 2808 1336 2878 περὶ
1360 2807 1458 2878 μὲν
1475 2809 1572 2872 τὰς
1601 2810 1818 2872 εἰκόνας

484 2905 592 2958 Καὶ
621 2903 687 2956 τὰ
721 2902 1225 2974 στηλογραφήματα
1256 2903 1362 2955 τῶν
1397 2903 1559 2974 ίερῶν
1593 2903 1900 2976 προσώπων

2158 1897 2232 1950 Τὸ
2264 1895 2637 1966 μεγαλόψυχον
2667 1897 2833 1950 αὐτοῦ
2860 1897 2954 1951 καὶ
2980 1897 3078 1968 τὴν
3105 1897 3486 1969 φιλοκοσμίαν,

2158 1981 2254 2046 Et;
2291 1981 2419 2046 τοὺς
2443 1983 2935 2052 θαλασσογείτονας
2965 1985 3218 2056 βλεψάτω
3249 1987 3599 2058 περιϐόλους,

2159 2074 2222 2128 Ui
2254 2075 2354 2146 τὴν
2385 2075 2645 2148 λαμπρὰν
2673 2079 2732 2130 ἐν
2762 2077 2952 2131 πόλεσι
2984 2079 3418 2150 περιφρουροῦσι
3448 2079 3626 2134 πόλιν.

2159 2165 2380 2236 Χειμὼν
2403 2167 2510 2238 γὰρ
2539 2167 2731 2239 ἄγριός
2758 2185 2890 2222 ποτε
2931 2169 3280 2240 κατενεχθεὶς
3309 2173 3329 2203 ⁸
3360 2170 3664 2241 βαρύθρους

2160 2256 2273 2328 Τὴν
2298 2257 2478 2329 ἅλμην
2505 2260 2954 2330 ἐκρυστάλλωσεν
2985 2260 3088 2324 ἐως
3114 2261 3352 2316 ἀπλέτου
3378 2263 3577 2333 βάθους

2159 2349 2272 2404 Καὶ
2302 2351 2402 2422 τὴν
2434 2351 2610 2424 ὑγρὰν
2629 2351 2858 2406 ἐλίθωσε
2885 2353 3064 2424 πήξας
3086 2355 3258 2424 αὐτῆς
3283 2354 3384 2425 τὴν
3417 2355 3594 2426 ρύσιν.

2160 2442 2270 2496 Καὶ
2289 2442 2566 2497 θάλασσαν
2585 2443 2916 2514 ὠστράκωσε
2939 2444 3242 2515 δυσάνεμος
3261 2445 3488 2516 ψυχρία.

2161 2533 2317 2588 Μετά
2349 2534 2545 2604 μικρὸν
2573 2533 2617 2587 δ’
2643 2533 2954 2601 αὐγάσασαι
2984 2534 3322 2606 θερμότητες
3349 2535 3503 2606 ἡλίου

2161 2627 2236 2678 Τὸ
2265 2627 2483 2697 συνεχὲς
2513 2626 2814 2680 διέσπασαν
2843 2627 2942 2697 τῆς
2965 2626 3292 2696 λιθωθείσης
3324 2627 3526 2698 ἅλμης,

2163 2715 2475 2769 Κάντεῦθεν
2515 2718 2914 2789 ἀπερράγησαν
2946 2717 3299 2787 κρυστάλλων
3330 2719 3667 2782 ἀποσπάδες,

2163 2804 2272 2856 Καὶ
2291 2804 2471 2868 λίθους
2503 2805 2911 2876 ἀμαξοπληθείς
2938 2806 3168 2862 νικῶσαι
3193 2806 3272 2877 τῷ
3305 2808 3547 2877 μεγέθει.

2170 2888 2306 2948 Εἰπέ
2347 2913 2430 2959 τις
2467 2894 2533 2950 ἂν
2552 2895 2627 2960 ὡς
2653 2896 2892 2966 κορυφαὶ
2925 2895 3365 2969 βαθυφαράγγων
3389 2897 3568 2966 λόφων

3408 2988 3565 3046 Vers.
3598 2991 3740 3046 4817

482 3119 646 3174 quam
681 3119 745 3157 ex
790 3103 1082 3160 arboribus
1118 3103 1324 3158 Edenis
1375 3101 1735 3174 percipiebat,
1783 3104 2058 3176 privavit:
2089 3133 2132 3192 ο
2164 3111 2430 3182 picturas.
2466 3112 2521 3168 in
2551 3114 2750 3171 statuis
2795 3129 3103 3186 expressas,
3157 3116 3390 3172 allectus
3424 3125 3620 3173 caetera
3650 3133 3744 3188 ge-

486 3197 599 3251 haec
627 3197 884 3250 maritum
915 3195 1150 3265 vitaeque
1183 3194 1395 3250 socium
1428 3195 1496 3250 ad
1527 3197 1806 3252 dexteram
1853 3209 2061 3268 partem

481 3301 672 3341 eorum
712 3283 955 3339 traduxit
980 3283 1076 3354 qui
1110 3283 1340 3340 salutem
1375 3295 1809 3355 consequuntur.
1841 3287 1908 3341 Et
1939 3289 2064 3358 qui-

482 3376 605 3430 dem
655 3375 746 3430 hic
793 3383 1008 3430 tantum
1059 3375 1242 3430 suavis
1285 3375 1377 3430 illa
1420 3375 1631 3431 cithara
1670 3377 1912 3443 Davidis,
1948 3379 2064 3449 ipsa

481 3481 700 3536 quoque
722 3482 850 3522 saxa
875 3467 1218 3534 demnlcens,
1246 3467 1511 3538 quiddam
1541 3468 1809 3524 absonum
1839 3470 2062 3535 cecinit,

482 3571 607 3609 cum
638 3555 714 3610 ait
748 3557 918 3610 Deum
951 3559 1115 3612 unius
1143 3567 1200 3613 et
1223 3558 1471 3628 ejusdem
1509 3560 1710 3614 indolis
1742 3570 1908 3630 atque
1944 3575 2064 3615 mo-

483 3657 608 3695 rum
637 3641 887 3697 homines
911 3643 967 3697 in
994 3660 1162 3698 unum
1203 3644 1543 3700 domicilium
1586 3649 1879 3703 collocare.
1929 3649 2063 3703 Nam

485 3732 576 3786 hic
630 3741 843 3791 stercus
877 3741 933 3788 et
982 3742 1322 3805 unguentum
1375 3734 1643 3805 fragrans,
1691 3753 1813 3791 rosa
1863 3739 2067 3794 rubens

483 3833 540 3878 et
560 3823 843 3878 .acherdus
869 3824 1110 3892 spinosa,
1147 3827 1386 3879 tinctura
1418 3825 1542 3878 bilis
1566 3834 1623 3879 et
1649 3842 1910 3895 purpura:
1949 3829 2068 3882 coio

484 3923 707 3968 verunt.
758 3914 1046 3969 Theodora
1075 3916 1223 3969 enim
1255 3915 1412 3970 lucus
1439 3925 1559 3972 erat
1603 3919 1821 3972 cunctis
1846 3919 2067 3974 virtuti-

483 4004 590 4059 bus
622 4012 870 4068 ornatns,
920 4003 1170 4058 consitus
1211 4003 1402 4073 gratiis
1451 4004 1666 4068 hortus,
1699 4005 1863 4060 arbor
1888 4008 2068 4062 omnis

482 4096 766 4166 elegantia:
812 4094 1226 4164 modestiaeque.
1271 4095 1611 4165 TheOphilus
1635 4115 1666 4149 ο
1695 4097 1915 4153 diverso
1939 4115 2068 4169 ager

485 4195 605 4244 erat
635 4203 798 4244 merae
821 4187 1120 4258 impietatis
1150 4188 1367 4244 tribulis
1393 4188 1649 4254 refertus,
1683 4190 1855 4244 rubus
1881 4207 2065 4261 asper,

483 4279 688 4336 laedens
737 4279 950 4335 viscera
1015 4279 1301 4336 rhamnus.
1351 4280 1488 4335 Nam
1545 4281 1718 4336 sacris
1773 4282 1974 4339 litteris
2013 4293 2070 4339 et

482 4370 689 4426 Christi
719 4379 1135 4442 martyrumque
1183 4370 1516 4443 imaginibus
1547 4371 1798 4438 infestus,
1823 4388 1921 4429 eos
1948 4390 2068 4429 om-

2164 3218 2398 3258 nerosns
2423 3215 2563 3270 erat,
2598 3206 2840 3275 praeclari
2866 3206 3083 3278 judicii,
3107 3206 3246 3278 juris
3265 3215 3322 3262 et
3347 3208 3489 3279 aequi
3525 3218 3746 3265 sancta-

2166 3311 2399 3365 rumque
2439 3296 2622 3367 legum
2683 3298 3224 3356 observantissimus.
3286 3300 3743 3371 Magniﬁcentiam

2165 3387 2269 3441 viri
2323 3388 2455 3442 licet
2498 3403 2566 3444 ex
2612 3389 2715 3444 hoc
2775 3389 3191 3446 evidentissimo
3245 3390 3444 3445 indicio
3493 3391 3742 3461 colligas,

2164 3479 2278 3549 98
2303 3479 2449 3549 quod
2491 3490 2666 3536 artem
2714 3482 3044 3550 excogitavit
3077 3481 3345 3537 condendi
3377 3498 3576 3553 organa
3614 3499 3741 3536 mn-

2166 3572 2299 3635 sica,
2333 3571 2401 3624 de
2435 3571 2638 3641 quibus
2684 3572 2935 3626 machina
2973 3572 3206 3642 quadam
3245 3573 3473 3642 spiritus
3508 3573 3747 3629 emissus

2162 3661 2436 3731 jucundos
2487 3676 2551 3716 ac
2605 3663 2848 3717 suaviter
2913 3671 3236 3717 resonantes
3295 3672 3490 3716 cantus
3558 3664 3744 3720 ellicit.

2166 3751 2319 3806 Adde
2360 3752 2447 3806 his
2478 3752 2703 3808 arbores
2735 3753 2855 3808 illas
2881 3769 3079 3808 aureas
3113 3754 3330 3823 lateque
3373 3745 3745 3824 splendentes,

2168 3842 2224 3897 in
2271 3843 2473 3913 quibus
2506 3844 2731 3899 aviculae
2775 3846 2997 3899 musicae
3026 3859 3092 3900 ex
3130 3859 3265 3900 auro
3310 3845 3470 3900 facta:
3497 3847 3750 3904 conside-

2170 3933 2302 3988 bant
2347 3944 2601 4005 tanquam
2631 3937 2684 3989 in
2725 3936 2889 4005 pinus
2917 3944 3010 3990 aut
3041 3951 3284 4005 procerae
3337 3938 3505 4006 piceae
3558 3939 3748 4003 ramis.

2169 4025 2358 4080 itidem
2388 4027 2654 4081 machina:
2700 4027 2985 4099 cujusdam
3023 4043 3188 4097 opera
3219 4027 3474 4082 melleum
3526 4045 3747 4084 carmen

2170 4114 2536 4169 modulantes.
2570 4117 2839 4170 Nimirum
2869 4118 2942 4171 ita
2979 4118 3292 4173 mortalium
3337 4120 3487 4173 varia
3529 4123 3749 4191 excogi-

2167 4207 2404 4261 tantium
2441 4206 2751 4262 artiﬁciosa:
2789 4224 2983 4263 manus
3036 4225 3230 4279 parum
3274 4210 3430 4264 abest
3460 4211 3591 4280 quin
3635 4213 3748 4281 ipsa

2169 4311 2296 4350 cum
2357 4307 2572 4361 natura,
2620 4312 2709 4351 res
2757 4298 2906 4353 vivas
2963 4299 3325 4369 producente,
3374 4301 3428 4354 in
3471 4311 3748 4357 certamen

2168 4385 2526 4439 descendant.
2601 4385 2808 4453 Quodsi
2861 4389 2985 4458 quis
3039 4393 3352 4444 accuratius
3421 4406 3751 4460 cognoscere

486 4477 588 4518 nes
633 4461 1058 4518 intolerantibus
1093 4473 1150 4518 et
1177 4463 1516 4533 gravissimis
1555 4467 1844 4520 tormentis
1870 4483 2068 4522 excru-
2097 4484 2142 4536 ι)
2171 4475 2321 4543 cupit
2367 4475 2658 4545 Theophili
2699 4477 3156 4548 magnificentiam
3185 4489 3240 4536 et
3271 4482 3324 4534 in
3354 4481 3517 4536 rebus
3551 4497 3753 4536 ονηειει-

485 4552 668 4608 ciabat
693 4551 787 4622 qui
812 4553 1020 4606 cultum
1049 4553 1133 4606 eis
1160 4552 1419 4622 religiose
1454 4553 1755 4608 deferrent.
1801 4557 2070 4611 Praeterea

485 4643 692 4698 sanctis
732 4641 867 4697 viris
891 4641 1184 4698 Theodoro
1209 4657 1274 4696 ac
1304 4641 1661 4713 Theophane,
1695 4646 1789 4715 qui
1819 4655 1928 4700 tam
1961 4648 2071 4702 vita

487 4751 653 4806 quam
707 4735 960 4790 doctrina
1013 4749 1180 4804 supra
1233 4733 1474 4790 siderum
1524 4737 1989 4806 pulchritudinem
2017 4749 2073 4795 et

487 4827 623 4883 solis
639 4826 806 4898 jubar
833 4825 1115 4890 lucebant,
1150 4824 1480 4882 tristissiniis
1503 4829 1842 4884 cruciatibus
1862 4829 2076 4887 alllictis

487 4931 545 4975 et
585 4919 768 4990 flagris
807 4917 1104 4974 excoriatis
1131 4961 1146 4985 ,
1207 4918 1373 4974 etiam
1417 4919 1603 4974 vultus
1631 4919 1695 4973 ad
1730 4920 1846 4989 ipsa
1897 4935 2070 4990 usque

487 5009 780 5082 supercilia
827 5011 976 5066 notis
1027 5009 1402 5074 deformavit,
1459 5019 1517 5065 et
1562 5026 1756 5066 versus
1804 5012 2070 5068 iambicos

490 5104 622 5174 ipsis
693 5103 1023 5173 impressit;
1077 5117 1216 5171 quas
1281 5102 1360 5156 illi
1413 5111 1573 5157 notas
1634 5102 1800 5156 fronti
1870 5105 2080 5159 inustas

488 5210 600 5249 non
646 5193 808 5249 aliter
851 5194 1140 5265 gestabant
1184 5200 1350 5263 atque
1370 5208 1634 5249 coronam
1694 5193 1992 5251 unionibus
2015 5208 2072 5252 et

489 5286 717 5353 gemmis
744 5295 1084 5340 exornatam.

560 5376 694 5432 Tam
727 5376 893 5446 impie
920 5385 1129 5442 autem,
1155 5377 1466 5433 immaniter
1487 5387 1542 5432 et
1568 5377 1801 5448 maligne
1836 5379 2070 5450 impera-

487 5478 576 5524 tor
604 5467 946 5538 Theophilus
973 5482 1099 5536 erga
1128 5467 1394 5538 imagines
1421 5478 1476 5522 et
1502 5482 1786 5523 sacrorum
1817 5470 2065 5526 vultuum

2169 4565 2254 4618 dis
2277 4565 2542 4631 studium,
2567 4567 2616 4622 is
2640 4568 2775 4622 mihi
2802 4568 2963 4623 velim
3001 4585 3192 4625 muros
3225 4571 3348 4626 illos
3375 4572 3513 4625 mari
3543 4573 3752 4626 vicinos

2170 4653 2470 4707 intueatur.

2240 4745 2448 4799 Accidit
2477 4745 2623 4800 enim
2651 4745 2770 4816 ipso
2802 4747 3104 4817 imperante
3135 4759 3195 4804 ut
3217 4749 3393 4804 hiems
3423 4765 3565 4804 saeva
3600 4765 3751 4803 mare

2169 4842 2390 4904 cogeret
2431 4834 2486 4888 in
2521 4835 2749 4905 glaciem
2785 4839 2852 4890 ad
2898 4838 3328 4907 profunditatem
3362 4855 3492 4894 sane
3521 4841 3752 4894 immen-

2177 4939 2315 4989 sam,
2365 4925 2762 4997 humidumque
2792 4928 2925 4984 illud
2955 4930 3287 4986 elementum
3329 4931 3528 5002 lapidis
3550 4932 3618 4985 ad
3649 4935 3752 4985 du-

2121 5043 2128 5051 -
2176 5017 2355 5072 ritiem
2386 5018 2627 5074 ﬂuxione
2676 5035 2901 5089 prorsus
2935 5021 3188 5093 adempta
3223 5022 3521 5094 redigeret,
3549 5023 3753 5092 frigore

2169 5107 2430 5162 nimirum
2471 5124 2537 5164 ex
2567 5109 2789 5166 acribus
2837 5121 3125 5167 ventorum
3179 5112 3403 5167 ﬂatibus
3435 5123 3560 5168 orto
3603 5128 3753 5166 mare

2171 5208 2343 5252 totum
2378 5215 2477 5254 ceu
2533 5211 2832 5257 testaceum
2886 5202 3179 5258 etlicienle.
3225 5204 3346 5258 Non
3391 5205 3566 5258 multo
3607 5213 3750 5273 post,

2170 5291 2450 5346 radiorum
2480 5293 2740 5347 solarium
2769 5294 2981 5350 calores
3005 5294 3074 5349 ad
3099 5295 3215 5350 saxi
3247 5295 3480 5351 formam
3508 5295 3749 5350 indurati

2168 5381 2336 5436 maris
2397 5384 2818 5440 continuilatem
2852 5386 3168 5454 solvebant;
3205 5388 3350 5442 unde
3376 5387 3539 5442 fiebat
3561 5386 3752 5454 utgla-

2167 5473 2270 5528 eiei
2304 5474 2574 5544 fragmina
2627 5475 2839 5547 reliquo
2863 5492 2892 5532 a
2919 5493 3150 5548 corpore
3199 5479 3590 5545 avellerentur,
3630 5491 3752 5546 qua:

1848 5606 2056 5668 Variae
2089 5608 2425 5670 lectiones.

561 5723 582 5753 τ
613 5719 770 5776 llunc
797 5735 1011 5778 versum
1038 5735 1150 5778 om.
1187 5722 1255 5778 ῐι.
1327 5726 1347 5757 ³
1377 5725 1687 5784 κακώσεσιν
1717 5730 2005 5800 ἐστρέϐλου
2047 5741 2063 5785 1

2188 5736 2208 5765 ’
2233 5733 2590 5799 κατασχεθεὶς
2629 5735 2698 5802 R,
2735 5753 2802 5792 an
2840 5739 3199 5807 καταχεθείςῖ
