4138 6216
421 330 515 396 4σί

437 444 673 500 ’Υψόθεν
703 443 1106 513 ἁποσπὼμεναι
1137 443 1477 498 κυλίνδονται
1511 446 1609 500 σὺν
1642 447 1858 518 κτύπῳ,

426 538 489 592 ’11
514 536 653 589 λίθοι
677 536 1064 606 premamus;
1103 537 1357 589 πέτονται
1387 539 1772 608 τειχοσεῖσται,

424 627 912 700 Περιρῤοιζοῦντες
947 629 1036 681 τὸν
1068 628 1267 682 λεπτὸν
1295 629 1435 697 ἀέρα
1461 632 1524 699 τῇ
1563 631 1799 700 κινήσει.

425 720 529 774 Kal
554 720 740 773 τοίνυν
773 720 1201 773 καταϐαίνουται
1233 719 1506 787 πελάγους
1538 721 1602 772 ὲκ
1638 721 1861 774 Ποντίου

425 810 818 880 Προσήρασσον
849 811 962 872 τοῖς
995 809 1201 880 τείχεσι
1233 812 1346 873 τοῖς
1375 811 1786 880 παραιγιαλίοις

423 899 530 953 Kal
561 898 879 953 συνεδόνουν
903 898 973 951 τὰ
1001 898 1206 970 στερρὰ
1235 898 1345 952 τῶν
1388 900 1922 972 πυργοδομημάτων.

423 982 631 1060 Ὦνπερ
660 989 784 1044 ἰδὼν
816 991 845 1043 ὁ
869 987 1124 1060 βασιλεὺς
1151 987 1252 1052 τὰς
1279 991 1781 1060 καταμωλωπίσεις

422 1081 528 1134 Καὶ
558 1082 686 1145 τοὺς
719 1080 960 1144 πυκνοὺς
989 1081 1446 1151 τραυματισμοὺς
1495 1083 1527 1154 ἦ
1562 1084 1765 1154 μᾶλλον
1813 1103 1997 1154 παρα-

1765 1175 1991 1248 [λύσεις,

422 1261 864 1333 Συγκατεσείσθη
888 1260 986 1332 τὴν
1019 1263 1197 1336 ψυχὴν
1227 1265 1322 1318 ἐπὶ
1347 1266 1426 1336 τῷ
1441 1268 1708 1336 γεγονότι,

422 1354 524 1407 Kal
548 1353 718 1408 θέλων
741 1353 1115 1420 ἐπιδείξασθαι
1139 1357 1454 1429 φιλοτιμίας
1480 1360 1720 1415 πλοῦτον

431 1445 515 1509 Ὧς
549 1445 835 1516 κάχληκας
861 1447 1134 1502 ἐκένωσεν
1165 1451 1418 1521 ἀχρείους
1437 1452 1499 1507 τὺ
1529 1455 1775 1525 χρυσίον,

422 1538 523 1590 Kal
545 1538 604 1592 τὺ
639 1537 840 1610 σαθρὸν
863 1539 1117 1613 ἐνίσχυσε
1144 1545 1238 1598 καὶ
1269 1545 1330 1598 τὸ
1347 1545 1513 1601 πεσὸν
1544 1547 1766 1618 ἐγείρας

419 1627 541 1690 Τοῖς
567 1629 805 1700 τείχεσιν
836 1631 1120 1702 ἐπέγραψε
1145 1633 1244 1704 τὴν
1264 1633 1456 1706 κλῆσιν
1486 1637 1586 1707 τὴν
1617 1637 1774 1694 ἰδίαν.

486 1721 599 1774 Kal
634 1723 808 1776 ταῦτα
849 1724 950 1794 μὲν
970 1724 1204 1790 κατάξια
1236 1726 1490 1796 γλώσσης
1528 1728 1874 1800 ὐμνητηρίας
1900 1747 1914 1760 °

428 1812 567 1880 Ἐγὼ
594 1813 639 1866 δ’
685 1814 1206 1886 ὑπερεκπλήττομαι
1244 1818 1343 1888 τὴν
1376 1820 1804 1891 δικαιοπραγίαν

419 1903 526 1956 Kal
546 1903 646 1974 τὴν
665 1905 1171 1977 ἀπροσωπόληπτον
1192 1909 1320 1977 περὶ
1333 1909 1430 1972 τὰς
1450 1909 1662 1980 κρίσεις
1678 1910 1924 1982 γνώμην.

414 1996 520 2047 Καὶ
544 1996 608 2065 δὴ
636 1997 1032 2066 παρατιθέσθω
1056 2016 1147 2070 μοι
1176 2001 1378 2070 δεῖγμα
1411 2002 1612 2071 μικρὸν
1647 2001 1741 2056 τοῦ
1762 2004 1988 2074 τρόπου,

425 2087 513 2152 Ὧς
554 2092 620 2143 ὲκ
649 2090 920 2162 θαλάττης
942 2091 1168 2158 κύαθος,
1200 2093 1276 2156 ὼς
1299 2093 1406 2148 ἀπὺ
1435 2093 1595 2146 πίθου
1627 2093 1830 2164 γεῦμα,

413 2180 600 2253 Βραχύ
626 2200 686 2236 τε
724 2183 1180 2255 σπινθηράκισμα
1219 2185 1456 2254 καμίνου
1482 2185 1805 2251 πολυξύλου.

409 2273 552 2344 Γυνὴ
585 2275 862 2346 προσῆλθε
895 2278 1126 2350 πενιχρὰ
1147 2277 1322 2348 τούτῳ
1343 2276 1420 2349 τῷ
1447 2279 1690 2350 Θεοφίλῳ

409 2366 756 2420 Καταὸοῶσα
787 2369 1050 2439 Πετρωνᾶ
1075 2386 1227 2434 τινος
1261 2369 1628 2440 μεγαλοτίμου
1660 2384 1677 2402 ο

408 2455 611 2524 Βίγλας
645 2458 754 2530 γὰρ
780 2454 848 2530 ἦν
869 2459 1260 2532 δρουγγάριος,
1283 2461 1486 2513 εῐποιεν
1527 2460 1593 2514 ἂν
1637 2460 1918 2530 Ῥωμαῖοι,

408 2547 520 2601 Kal
550 2548 878 2620 ριζωμάτων
899 2551 1007 2604 τῶν
1036 2551 1218 2606 αὐτῶν
1253 2551 1415 2620 ἐξέφυ
1438 2550 1705 2621 Θεοφίλῳ.

420 2637 652 2707 Ἐφώνει
675 2640 808 2706 γοῦν
842 2642 1169 2713 περιπαθῶς
1197 2643 1292 2696 καὶ
1321 2642 1562 2713 δάκρυον
1591 2643 1852 2714 κατῆγεν,

419 2728 729 2803 Ἀμύντορα
759 2732 854 2786 τὸν
887 2733 1132 2805 κράτορα
1157 2733 1423 2805 ιγενέσθαι
1455 2733 1768 2805 λιπαροῦσα
1823 2785 1827 2788 .

406 2821 518 2877 Kal
545 2823 646 2890 τὰς
675 2825 935 2898 παλάμας
959 2821 1205 2898 ἐπισχεῖν
1227 2827 1328 2892 τὰς
1364 2827 1880 2898 γιγαντοπαλάμους

401 3099 618 3170 lapides
643 3102 806 3157 etiam
842 3101 1165 3172 plaustrales
1207 3099 1584 3173 magnitudine
1631 3103 1988 3173 superabant.

403 3165 520 3246 Non
554 3193 739 3262 inepte
786 3165 990 3250 di-xerit
1014 3193 1216 3265 aliquis
1257 3165 1493 3250 vertices
1534 3165 1988 3267 quasi-quosdam
2018 3165 2064 3225 θ

399 3284 655 3350 collium,
701 3285 992 3354 profundis
1043 3286 1388 3342 convallibus
1443 3286 1874 3353 imminentium,
1921 3288 1992 3344 de

399 3374 632 3430 sublimi
700 3377 921 3432 avulsus
979 3376 1189 3447 ingenti
1241 3392 1368 3432 cum
1421 3378 1658 3448 strepitu
1715 3377 1994 3431 volutatos

397 3465 607 3532 fuisse;
643 3467 730 3520 vel
771 3466 981 3536 lapides
1034 3467 1571 3537 propugnaculorum
1598 3474 1655 3520 et
1703 3476 1992 3520 murorum

397 3561 769 3616 subversores
810 3559 884 3612 ita
913 3559 1146 3618 volasse.
1182 3566 1242 3612 ut
1274 3566 1426 3613 motu
1474 3573 1575 3613 suo
1614 3559 1906 3628 strepitum
1936 3559 1991 3614 in

394 3668 530 3707 aere
569 3661 760 3704 tenero
781 3647 1104 3703 excitarent.
1138 3647 1262 3704 Haec
1285 3665 1416 3720 ergo
1445 3649 1734 3720 fragmina,
1757 3666 1787 3705 e
1809 3650 1992 3705 medio

395 3742 542 3796 mari
575 3739 776 3804 delata,
811 3754 1000 3794 muros
1027 3738 1198 3794 littori
1230 3739 1441 3796 vicinos
1476 3740 1746 3796 feriebant
1768 3750 1824 3795 et
1852 3741 1990 3795 vali-

393 3835 501 3888 das
536 3831 705 3887 etiam
740 3841 923 3887 turres
953 3831 1356 3886 succutiebant.
1394 3831 1699 3902 Imperator
1725 3833 1990 3888 moenium

397 3925 753 3992 turriumque
806 3923 984 3988 rimis,
1045 3938 1168 3993 quae
1220 3925 1362 3979 lassa:
1411 3933 1697 3994 ruptaeque
1749 3923 1988 3988 fuerant,

395 4015 737 4086 conspectis,
786 4015 971 4070 animo
1005 4025 1315 4071 commotus
1357 4023 1442 4070 est
1489 4023 1712 4085 propter
1753 4015 1805 4070 id
1841 4017 1990 4084 quod

396 4109 716 4164 accidisset.
760 4109 934 4164 Simul
983 4108 1265 4163 declarare
1307 4108 1498 4163 volens
1527 4107 1988 4178 magnificentiam

395 4215 585 4266 suam,
620 4215 816 4255 aurum
846 4214 911 4254 ea
940 4199 1096 4270 c0pia
1126 4198 1406 4269 profundit
1437 4198 1595 4268 quasi
1651 4198 1838 4254 silices
1867 4200 1991 4255 inu-

396 4294 529 4350 tiles
561 4293 933 4362 expenderet;
969 4302 1133 4360 atque
1161 4291 1266 4346 hoc
1297 4291 1458 4346 modo
1491 4291 1751 4347 slabilitis
1778 4293 1845 4348 iis
1869 4309 1991 4364 quae

397 4393 686 4441 vetustate
757 4385 1136 4448 labascerent,
1177 4391 1234 4437 et
1276 4381 1530 4436 excitatis
1578 4398 1701 4452 quze
1751 4384 1990 4455 collapsa

397 4477 645 4538 fuerant,
679 4489 840 4528 suum
880 4473 1054 4528 muris
1088 4487 1290 4526 nomen
1322 4471 1622 4539 inscripsit.

467 4570 540 4626 Et
569 4569 685 4624 haec
721 4581 852 4622 sane
883 4565 1270 4636 praadicatione
1315 4563 1478 4634 digna
1515 4563 1759 4618 fuerunt.
1808 4563 1984 4620 Justi-

400 4664 534 4716 tiam
582 4675 716 4715 vero
748 4657 1040 4728 Theophili
1079 4667 1136 4713 et
1177 4657 1423 4712 animum
1452 4656 1507 4710 in
1525 4655 1752 4725 judiciis
1786 4656 1991 4710 nullam

399 4755 676 4822 rationem
726 4764 1087 4821 personarum
1139 4747 1434 4802 habentem
1477 4761 1588 4800 non
1629 4761 1851 4816 possum
1879 4762 1992 4801 non

399 4859 758 4912 summopere
812 4841 1095 4895 admirari.
1138 4841 1216 4895 Ac
1266 4840 1403 4894 libet
1451 4839 1542 4893 hic
1580 4838 1754 4908 ipsius
1790 4839 1894 4894 hac
1935 4839 1990 4893 in

398 4947 560 5007 parte
596 4935 797 4990 indolis
838 4933 1101 4988 indicium
1147 4931 1422 5002 quoddam
1453 4931 1714 5002 adjicere,
1748 4930 1894 5000 quod
1923 4931 1995 4984 sit

401 5030 580 5084 instar
611 5029 792 5084 hausti
817 5028 886 5082 de
912 5027 1048 5080 mari
1101 5024 1281 5094 cyathi
1313 5024 1397 5078 vel
1428 5032 1621 5094 gustus
1653 5038 1684 5076 e
1713 5023 1863 5077 dolio
1906 5022 1990 5077 vel

401 5124 617 5192 exiguae
661 5120 912 5175 scintilla:
945 5119 1088 5188 ignis
1122 5116 1324 5185 magni.
1355 5115 1664 5170 Accedebat
1692 5113 1988 5184 aliquando

402 5213 776 5282 Theophilum
805 5208 1160 5280 paupercula,
1211 5205 1503 5261 Petronam
1557 5220 1764 5276 magna:
1802 5202 1985 5274 digni-
2042 5274 2051 5282 _

405 5306 537 5358 tatis
575 5304 752 5357 virum
805 5317 1088 5356 accusans.
1122 5299 1250 5353 Erat
1279 5298 1426 5351 enim
1453 5298 1499 5351 is
1531 5297 1708 5368 biglze,
1742 5312 1842 5352 ceu
1874 5296 1986 5350 Ro-

407 5396 554 5449 mani
586 5395 909 5463 loquuntur.
957 5391 1308 5462 drungarius,
1337 5398 1393 5444 ct
1415 5390 1610 5444 eodem
1642 5405 1766 5444 cum
1808 5389 1988 5443 Theo-

403 5487 560 5558 philo
618 5499 818 5557 genere
869 5494 1049 5540 natus.
1099 5483 1212 5553 99
1255 5483 1515 5538 Dolentcr
1566 5481 1653 5535 illa
1695 5480 1984 5550 quiritarc,

1553 335 2061 397 COMPENDlUM
2099 337 2577 400 CIIRONICUM.

3528 369 3532 374 ·
3574 343 3706 406 402*

2029 447 2077 507 Α
2103 448 2211 501 Τοῦ
2242 450 2524 520 Πετρωνᾶ,
2550 449 2913 522 λυττήσαντος
2943 450 3007 505 ὲκ
3035 451 3315 517 φιλαδίκου
3343 454 3568 528 γνώμης

2108 541 2216 592 Kal
2242 541 2303 593 τὺ
2327 540 2530 610 λυπρὸν
2550 541 2818 610 δωμάτιον
2844 542 3014 611 αὐτῆς
3037 543 3476 611 έπισκοτοῦντος,

2108 631 2299 694 Ὅπως
2337 632 2411 702 μὴ
2444 632 2634 700 φέρειν
2666 631 2867 701 ἔχουσα
2903 632 2964 685 τὸ
2993 633 3313 704 τηλικοῦτον
3335 637 3527 699 σκότος

2117 721 2382 791 Ἀνέμων,
2423 723 2450 776 ὃ
2474 739 2629 790 φασι,
2661 726 2850 785 πνοαῖς
2897 724 2989 777 τὸν
3012 720 3162 778 οἷκον
3192 727 3524 800 καταλείπῃ.

2105 804 2345 860 Ἤκουσε
2365 808 2520 862 ταῦθ’
2549 811 2576 863 ὁ
2602 809 2877 880 βασιλεὺς,
2918 811 3152 883 ἐζήτησε
3181 815 3242 868 τὸ
3263 817 3530 888 πρᾶγμαί

2108 898 2290 965 Ἔγνω
2321 900 2386 952 τὸ
2424 901 2832 973 φιλομόχθηρον
2859 903 2954 957 τοῦ
2985 907 3434 978 καταϐοωμένου.

2106 990 2215 1042 Καὶ
2249 991 2340 1042 τὸν
2378 991 2478 1061 μὲν
2507 987 2663 1046 οἷκον
2683 997 2942 1066 κατασπᾷ
2975 997 3136 1068 μέχρι
3167 999 3263 1052 xal
3281 999 3578 1070 ’θεμελίων

2105 1082 2209 1135 Τὸν
2241 1081 2410 1136 νύκτα
2449 1086 2830 1156 χειροποίητον
2869 1089 2942 1159 τῇ·
2966 1089 3187 1157 γυναικὶ
3224 1093 3505 1158 ποιοῦντας

2103 1174 2275 1227 Αὐτὸν
2297 1175 2354 1227 δὲ
2380 1175 2545 1244 μέσον
2582 1177 2807 1247 ἀγαγὼν
2835 1179 2934 1250 τῆς
2968 1180 3246 1251 λεωφόρου
3273 1183 3464 1250 τρίϐου

2115 1266 2297 1334 Ὡμοῖς
2335 1266 2648 1338 βουνεύροις
2673 1269 2772 1333 τὰς
2807 1270 2972 1325 αὑτοῦ
3020 1273 3409 1344 καταμελαίνει
3438 1275 3674 1346 capita;

2183 1357 2356 1410 Τοῦτο
2392 1359 2590 1429 μικρὸν
2608 1362 2917 1432 τεκμήριον
2948 1364 3130 1436 ψυχῆς
3159 1365 3262 1436 τῆς
3283 1367 3566 1437 Θεοφίλου,

2102 1445 2412 1516 Δυνάμενον
2445 1448 2727 1519 κατάδηλα
2762 1452 2858 1504 καὶ
2886 1452 2952 1505 τὰ
2975 1453 3144 1508 λοιπά
3177 1455 3402 1526 ποιῆσαι
3429 1472 3443 1486 ·

2101 1538 2346 1608 Καὶ-γὰρ
2371 1539 2470 1592 καὶ
2496 1541 2783 1612 Βόκχορις,
2810 1544 2999 1612 φασὶν,
3041 1547 3070 1599 ό
3103 1547 3329 1618 κράτωρ
3365 1549 3680 1617 Αἰγυπτίων

2113 1629 2246 1682 ’Λπὸ
2273 1629 2644 1701 ψελλίσματος
2676 1633 2796 1697 ἐνὸς
2817 1636 3143 1706 ἀρτιγενοῦς
3177 1639 3404 1709 νηπίου-

2101 1721 2213 1790 Τὴν
2234 1720 2573 1794 παλαιτέραν
2591 1725 2819 1779 ἀπασῶν
2844 1727 3126 1784 διάλεκτον
3155 1730 3394 1800 ἐπέγνω.

2025 1809 2066 1864 Β
2097 1811 2170 1862 Τὸ
2199 1811 2244 1864 δ’
2271 1813 2758 1884 ἑλευθεροκάρδιον
2781 1818 2919 1887 πρὸς
2945 1819 3044 1883 τὰς
3082 1822 3539 1893 αἰσχροκερδείας

2101 1905 2210 1957 Kal
2243 1906 2304 1958 τὸ
2338 1907 2412 1977 μὴ
2445 1907 2736 1977 βούλεσθαι
2768 1911 2971 1982 χρυσὸν
3001 1912 3148 1982 ἔχειν
3182 1915 3246 1966 ὲκ
3268 1915 3577 1984 καπηλείας

2111 1995 2413 2067 ’ἰσχύσουσι
2444 2000 2490 2032 ¹⁰
2530 2001 2910 2056 πιστώσασθαι
2937 2003 3005 2056 τὰ
3051 2003 3320 2073 μέλλοντα
3354 2006 3616 2077 ῥηθῆναιι

2102 2090 2333 2160 Ἔτυχεν
2361 2089 2570 2146 ἄνωθεν
2601 2092 2777 2157 ἑστὼς
2802 2095 2914 2148 τῶν
2951 2095 3242 2167 βασιλείων
3275 2099 3465 2165 οἴκων,
3639 2093 3642 2098 ’

2080 2181 2272 2235 ιἜνθα
2296 2181 2570 2252 γλυφεῖσα
2601 2184 2645 2216 ⁸⁸
2678 2183 2871 2251 δεξιῶς
2896 2185 3191 2258 μάρμαρος
3221 2189 3550 2260 χιονόχρους-

2099 2273 2237 2326 Βοῦν
2279 2275 2728 2347 μεγαλόπλευρον
2767 2279 2950 2341 τυποῖ,
2983 2278 3078 2331 καὶ
3111 2278 3302 2333 λέοντα
3337 2280 3607 2352 μορφάξει
3642 2308 3647 2312 -

2111 2366 2502 2435 Ἐπιπηδῶντα
2530 2371 2596 2440 τῇ
2632 2368 2717 2439 βοῒ
2744 2371 2839 2425 καὶ
2862 2371 3087 2425 πίνοντα
3110 2371 3203 2424 τοῦ
3234 2372 3396 2441 φόνου
3418 2389 3435 2405 ·

2099 2457 2211 2512 Kal
2244 2458 2434 2528 γέγονε
2459 2461 2526 2514 τὰ
2554 2461 2852 2532 γλύμματα
2879 2462 3054 2517 ταῦτα
3081 2464 3159 2534 τῷ
3179 2464 3331 2535 τόπῳ
3356 2464 3569 2535 κλῆσις.

2111 2549 2381 2604 Ἐνταῦθα
2405 2551 2537 2619 γοῦν
2566 2553 2594 2606 δ
2619 2552 2872 2622 βασιλεὺς
2907 2554 3081 2618 ἑστὼς
3103 2555 3197 2608 καὶ
3222 2558 3288 2628 τῇ
3321 2556 3568 2628 θαλάσσῃ
3597 2579 3602 2585 -

2097 2639 2237 2704 Τοὺς
2266 2639 2584 2712 ὀφθαλμοὺς
2610 2643 2865 2712 ἐπαφιεὶς
2896 2645 3126 2715 (γαλήνη
3158 2644 3267 2716 γὰρ
3307 2645 3498 2715 ἐγέλα)

2097 2733 2210 2787 Kal
2232 2734 2354 2797 ταῖς
2393 2733 2604 2788 ἐκεῖθεν
2637 2735 2824 2806 χάρισι
2856 2735 3208 2807 ψυχαγωγῶν
3230 2738 3331 2803 τὰς
3365 2737 3519 2808 ὄψεις
3548 2761 3556 2767 ·

2097 2823 2288 2879 Πλοῖον
2308 2825 2410 2896 ὁρᾷ
2437 2826 2780 2898 κατάφορτον
2805 2829 2871 2899 τῇ
2904 2827 3086 2899 χέρσῳ
3107 2828 3446 2902 πλησιάζον.·

3349 2919 3506 2978 V’ers.
3540 2922 3708 2981 4870..

2097 3104 2364 3176 lacrymas
2420 3105 2676 3171 fundere,
2729 3122 2890 3177 opem
2947 3105 3298 3178 imperatoris
3352 3106 3677 3178 implorare;

2095 3192 2378 3264 giganteas
2427 3202 2487 3247 ut
2538 3209 2734 3249 manus
2785 3195 3034 3250 Petronze
3088 3204 3390 3261 coerceret,
3439 3196 3533 3266 qui
3578 3211 3679 3266 per

2093 3299 2362 3338 summam
2397 3284 2648 3354 injuriam
2673 3285 2728 3339 in
2756 3300 2816 3340 se
2841 3285 3280 3341 debaccharetur
3322 3301 3548 3356 suaeque
3574 3286 3679 3342 do-

2094 3372 2387 3436 munculae,
2420 3373 2556 3428 satis
2578 3389 2678 3443 per
2699 3389 2760 3428 se
2803 3375 3007 3439 tenuis,
3055 3376 3362 3430 luminibus
3406 3376 3680 3440 alliceret,

2094 3474 2164 3514 ne
2205 3460 2424 3515 tandem
2474 3462 2642 3516 nimia
2690 3471 2918 3532 cogente
2967 3463 3200 3532 caligine
3243 3463 3470 3518 domum
3504 3465 3680 3520 solam

2093 3551 2479 3622 desertamque
2509 3552 2707 3615 ventis,
2742 3555 2887 3623 quod
2919 3554 3095 3620 aiunt,
3138 3535 3470 3625 perﬂandam
3506 3557 3676 3612 invita

2093 3643 2450 3713 relinqueret.
2501 3643 2595 3699 His
2632 3644 2856 3711 auditis,
2888 3646 3190 3717 imperator
3221 3648 3289 3703 de
3328 3663 3387 3702 re
3427 3648 3677 3718 inquirit,

2092 3737 2332 3790 accusati
2367 3737 2675 3806 nequitiam
2695 3739 2998 3809 cognoscit.
3031 3755 3094 3795 ac
3117 3743 3262 3796 aedes
3281 3741 3502 3811 quidem
3535 3742 3678 3806 illas,

2092 3841 2214 3896 quae
2246 3826 2456 3882 lumina
2505 3828 2694 3884 domui
2734 3830 2981 3885 mulieris
3029 3831 3411 3896 obstruebant,
3457 3833 3524 3888 ad
3561 3833 3678 3904 ipsa

2092 3934 2269 3990 usque
2303 3919 2660 3976 fundamenta
2707 3922 3005 3978 demolitur
3033 3941 3046 3977 :
3075 3925 3366 3980 Petronam
3412 3941 3544 3981 vero
3577 3942 3678 3995 pu-

2091 4011 2288 4067 blicam
2317 4013 2539 4069 in.viam
2574 4014 2871 4071 deductum
2897 4015 3080 4084 ﬂagris
3108 4017 3242 4070 caedi
3276 4018 3459 4086 jussit.

2162 4105 2279 4160 Hoc
2311 4105 2410 4161 tibi
2455 4119 2840 4176 argumentum
2891 4109 3072 4162 animi.
3101 4109 3266 4178 hujus
3306 4110 3675 4178 imperatoris,

2090 4196 2350 4266 exiguum
2400 4197 2619 4266 quidem
2664 4197 2820 4262 illud,
2867 4207 3021 4264 esto;
3075 4198 3144 4254 de
3171 4215 3281 4269 quo
3316 4203 3679 4256 tamen-aesti-

2093 4302 2247 4342 mare
2279 4297 2472 4342 caetera
2506 4304 2616 4341 non
2651 4287 2943 4343 difﬁculter
2970 4290 3167 4359 possis.
3193 4291 3332 4346 Nam
3353 4299 3409 4346 et
3432 4291 3678 4348 Boccho-

2094 4378 2192 4443 ris,
2219 4379 2297 4432 uti
2324 4378 2620 4448 perhibent
2652 4377 3008 4434 historiarum
3039 4381 3358 4451 scriptores,
3389 4382 3675 4455 Egyptio-

2013 4500 2066 4560 Β
2094 4486 2216 4524 rum
2249 4486 2364 4534 rex,
2389 4469 2457 4524 de
2488 4469 2648 4523 balba
2680 4470 2913 4540 quadam
2949 4471 3174 4527 infantis
3201 4489 3330 4528 voce
3361 4474 3672 4545 linguarum

2091 4561 2336 4615 omnium
2360 4561 2794 4631 antiquissimam
2827 4577 3124 4634 agnoscere
3156 4566 3352 4634 potuit.
3381 4566 3500 4620 Jam
3525 4565 3672 4635 quod

2090 4651 2376 4706 liberalem
2429 4653 2555 4722 ejus
2608 4654 2849 4708 animum
2909 4654 3106 4709 attinet
3152 4656 3206 4708 in
3255 4655 3676 4710 contemnendis

2093 4743 2351 4812 turpibus
2373 4742 2566 4807 lucris,
2589 4752 2645 4799 et
2675 4746 2822 4814 quod
2845 4759 3044 4799 aurum
3073 4745 3365 4801 corradere
3398 4746 3674 4801 institorio

2091 4833 2329 4903 quodam
2363 4843 2573 4903 quaestu
2625 4835 2886 4897 noluerit,
2919 4849 2983 4889 ex
3016 4836 3084 4890 iis
3105 4852 3226 4906 quze
3278 4850 3672 4891 commemora-

2096 4924 2205 4978 turi
2236 4939 2428 4979 sumus
2461 4925 2642 4996 colligi
2672 4925 2804 4980 satis
2836 4925 3041 4995 liquido
3067 4929 3292 4996 poterit.

2162 5017 2324 5072 FOI-te
2346 5017 2528 5071 stabat
2551 5017 2850 5087 imperator
2881 5019 3104 5073 sublimi
3138 5021 3262 5076 loco
3293 5021 3545 5093 in-regia.
3583 5024 3673 5082 ubi

2089 5108 2232 5163 nivei
2260 5109 2460 5164 coloris
2485 5123 2724 5162 marmor
2745 5109 3024 5179 ingeniose
3046 5112 3317 5182 sculptum
3345 5129 3562 5168 vaccam
3589 5116 3664 5166 i1-

2089 5203 2335 5272 gcntium
2389 5202 2620 5256 laterum
2679 5211 3053 5272 repraesentat,
3107 5217 3162 5259 et
3215 5207 3426 5260 leonem
3461 5206 3512 5260 in
3546 5223 3671 5259 vnu-

2087 5309 2204 5348 cam
2237 5293 2566 5349 insilientem
2601 5308 2830 5363 eamque
2875 5295 3072 5364 cupide
3102 5307 3421 5364 necantcm;
3463 5313 3528 5352 ex
3559 5314 3668 5368 qua

2086 5386 2368 5456 sculptura
2416 5401 2614 5440 nomen
2662 5386 2782 5440 loco
2821 5387 3029 5442 datum-
3057 5399 3161 5444 est.
3197 5390 3296 5445 llic
3341 5407 3471 5462 ergo
3516 5401 3669 5445 stans

2088 5479 2385 5547 imperator
2413 5486 2469 5532 et
2489 5477 2681 5533 oculos
2707 5478 2761 5532 in
2794 5495 2941 5534 mare
2995 5481 3257 5553 dirigens,
3286 5482 3432 5553 quod
3464 5483 3664 5538 caelum

1762 5624 1966 5684 Variae
1999 5622 2328 5685 lccl'oncs.

476 5759 520 5789 ’⁸
559 5754 798 5827 ἰσχύουσι
824 5754 888 5808 Δ.
971 5749 1326 5819 ¹¹γλνδφεῖσαν
1349 5744 1461 5798 All.
