4122 6212
407 306 516 372 403

421 418 678 472 Ἐπέπνει
703 415 802 488 μὲν
827 417 854 471 6
883 417 1116 489 ζὲερυρος
1150 420 1337 482 πνοαῖς
1364 420 1751 485 ἁπαλοπνόοις.

419 510 673 564 Ἐτέτατο
696 511 738 540 ¹²
767 513 835 564 τὰ
866 510 1032 579 λαίφη
1064 509 1117 563 δὲ
1149 510 1495 583 κολπούμενα
1521 513 1582 567 τὸ
1612 512 1849 583 πνεῦμα,

406 603 517 657 Kal
545 602 680 672 πρὸς
718 602 942 670 λιμένας
963 601 1188 671 ῆπειγον
1212 602 1273 655 τὸ
1322 604 1528 673 σκάφος
1550 605 1882 674 εὐγαλήνους
1909 606 1973 666 ⁸³.

406 693 608 747 Εϊκασε
635 693 681 746 δ’
707 693 773 748 ἄν
803 709 885 756 τις
921 692 1015 747 καὶ
1044 693 1264 763 μακρὰν
1301 694 1629 767 ἀφεστηκὼς
1665 696 1764 766 τῆς
1798 697 1976 768 ἅλμης

406 784 512 839 Τοῦ
536 784 718 839 πλοίου
744 784 804 838 τὸ
831 784 1173 855 κατάφορτον
1200 783 1293 839 τοῦ
1321 788 1828 858 προσορμιζομένου
1853 806 1867 820 υ

416 877 539 930 Ἐπὶ
561 877 670 949 γὰρ
701 877 882 949 τρίτον
903 878 1000 942 τῆς
1035 880 1161 949 νηὸς
1188 881 1288 950 τῆς
1331 880 1610 951 φορτηγοῦ
1645 880 1903 952 ζωστῆρα

403 972 514 1042 Τὴν
539 972 817 1025 Θάλασσαν
850 970 1103 1026 ἀνέθλιὸε
1134 972 1249 1027 τῶν
1274 974 1579 1043 ἀγωγίμων
1611 973 1796 1044 βάρος.

412 1063 502 1126 Ὠς
532 1061 781 1133 ἔϐλεψεν,
807 1063 1039 1117 ἐπύθετο
1072 1064 1154 1127 τίς
1185 1064 1279 1117 καὶ
1310 1064 1452 1127 τίνος
1482 1065 1515 1133 ἡ
1549 1064 1755 1133 σκάφη.

407 1172 425 1202 ‹
446 1152 559 1221 Τῆς
585 1152 879 1221 βασιλίδος,
907 1173 926 1204 ι
957 1155 1207 1225 ἤκουσεν,
1235 1171 1252 1204 ι
1280 1154 1461 1223 ἡναῦς
1490 1152 1585 1206 καὶ
1610 1153 1678 1206 τὰ
1699 1154 1913 1225 φορτία.
1947 1172 1964 1206 ι

281 1303 289 1313 ί
399 1245 511 1297 Καὶ
547 1243 727 1315 λύπην
764 1246 862 1316 μὲν
886 1246 1197 1316 δακέθυμυν
1233 1246 1361 1318 ἔσχε
1395 1248 1534 1300 κατὰ
1563 1246 1815 1317 καρδίας,

398 1335 907 1406 Μεταστειλάμενος
936 1335 981 1389 δ’
1003 1336 1171 1405 αὐτὴν
1199 1337 1293 1389 καὶ
1309 1337 1470 1405 γνοὺς
1487 1335 1732 1407 περὶτοῦ
1760 1337 1967 1403 πλοίου,

407 1442 424 1475 r
462 1426 530 1479 A-‘i
564 1426 645 1492 al‘,
685 1427 1034 1496 βασίλισσα,›
1078 1430 1264 1497 φησὶν,
1309 1447 1328 1478 ι
1370 1428 1449 1490 είς
1478 1425 1589 1482 οἷον
1609 1428 1796 1497 φθάνω
1822 1428 1966 1498 βίον;

398 1516 531 1569 Οἴαν
552 1517 671 1571 ἀνθ’
700 1517 819 1581 οἵας
847 1518 1111 1587 εὐτυχοῦς
1138 1517 1560 1588 ἁντηλλαξάμην
1592 1518 1763 1588 τύχην
1790 1519 1855 1571 ιιι

392 1606 638 1678 Φορτίων
665 1607 1057 1679 ἀπεμπολητῆς
1080 1609 1108 1658 6
1126 1607 1236 1660 τῶν
1274 1607 1558 1677 Ῥωμαίων
1581 1610 1804 1678 κράτωρ

396 1699 507 1752 Kal
533 1698 1114 1767 κάπηλοςγεγένημαι,
1141 1697 1239 1767 φεῦ
1256 1699 1269 1751 !
1288 1697 1395 1749 τῶν
1424 1698 1680 1768 ἐμπόρων
1696 1698 1914 1769 χείρων.
1939 1718 1957 1751 ι

1576 307 1856 368 CONSTA
1866 308 2049 370 NTIN
2060 308 2081 367 Ι
2122 308 2504 371 MANASSIS

2007 433 2048 490 Α
2090 420 2179 480 Ὠς
2207 419 2357 490 ἥλιος
2389 415 2749 488 ἀπήστραψεν
2779 417 3005 478 ἀκτῖνας
3030 414 3233 488 σεμνοῦ
3269 418 3408 489 βίου.

3549 306 3653 373 401

2089 510 2211 564 Ἔτι
2243 512 2288 564 δ’
2328 511 2643 583 ὲμφρούρου
2677 510 2930 579 μένοντος
2955 509 3049 563 τοῦ
3081 510 3228 562 θείου
3253 510 3523 565 Μεθοδίου

2084 605 2148 657 Οἱ
2180 603 2532 673 κεντηθέντες
2554 601 2622 656 τὰ
2650 601 2826 655 σεπτὰ
2850 602 3118 674 πρόσωπα
3148 603 3191 634 ¹⁵
3217 602 3494 673 θεηγόροι,

2082 689 2292 767 Ὦνπερ
2318 697 2412 749 καὶ
2442 696 2661 766 μνήμην
2676 694 2829 748 ἔθετο
2857 693 3080 763 ,φθάσας
3107 697 3137 750 6
3162 695 3318 765 λόγος
3347 696 3472 768 ⁴ἤδη,

2083 789 2281 852 Βιαίως
2307 786 2655 857 ἐλαυνόμενοι
2675 786 2810 856 πρὸς
2833 785 2934 857 τὴν
2958 787 3279 858 ὑπερορίαν,

2085 881 2291 951 Ἀνδρα
2318 879 2443 933 τινὰ
2474 878 2814 950 σαγηνευτὴν
2836 878 3170 950 ίχθυοθήραν
3192 879 3371 948 ἄγραν

2079 972 2345 1043 Εὐρόντες
2374 971 2725 1025 δικτυεύοντα
2756 971 3030 1041 γράφουσι
3058 970 3136 1041 τῷ
3166 972 3364 1045 δικαίῳ

2091 1062 2538 1132 Ὀλιγοσύλλαὸον
2564 1062 2783 1134 γραφὴν
2809 1066 2866 1116 ἐν
2896 1062 3129 1134 ἱαμϐείῳ
3160 1065 3368 1134 μέτρῳ,

2084 1155 2187 1207 Ἦν
2211 1154 2272 1207 οὐ
2303 1154 2465 1208 καλὸν
2487 1153 2789 1224 νενομικὼς
2817 1154 2962 1207 κατά
2977 1172 3028 1207 τι
3056 1154 3434 1224 παραφθεῖραι

2076 1246 2282 1309 Αὐτοὺς
2305 1245 2549 1309 ἐκείνους
2575 1249 2640 1317 τῇ
2667 1249 2851 1317 γραφῇ
2876 1246 3069 1315 δίδωμι
3098 1248 3227 1310 τοὺς
3259 1246 3514 1316 ἰάμϐους.

2162 1354 2181 1387 ι
2212 1334 2302 1405 Τῷ
2341 1334 2505 1399 ζῶντι
2539 1335 2718 1406 νεκρῷ
2740 1336 2836 1389 καὶ
2864 1335 3045 1407 νεκρῷ
3076 1335 3369 1404 ζωηφόρῳ.

2145 1425 2369 1480 Ναίοντι
2412 1425 2510 1496 τὴν
2542 1425 2648 1494 γῆν
2682 1427 2777 1479 καὶ
2807 1425 3066 1480 πατοῦντι
3094 1427 3186 1478 τὸν
3219 1425 3402 1491 πόλον,

2137 1518 2380 1589 Γραπτοὶ
2404 1517 2677 1587 γράφουσι
2700 1517 2913 1586 δέσμιοι
2944 1516 3023 1587 τῷ
3043 1516 3269 1587 δεσμίῳ.
3300 1535 3318 1568 ι

2074 1609 2216 1679 Πρὸς
2235 1607 2327 1671 οὒς
2346 1608 2507 1673 αὐτὸς
2528 1606 2869 1679 ἀντιγραφὴν
2891 1605 3253 1677 ἀντιχαραξας
3273 1604 3498 1675 γράψει’

2162 1719 2179 1751 ι
2211 1700 2348 1763 Τοὺς
2373 1702 2493 1764 ταῖς
2530 1698 2792 1769 βίϐλοισιν
2828 1697 3076 1769 οὐρανῶν
3109 1697 3296 1767 κλησιγ
3310 1696 3518 1767 ράφους

395 1791 507 1846 Καὶ
532 1791 685 1845 ταῦτ’
720 1791 892 1845 εἰπὼν
932 1793 1186 1846 ἐκέλευσε
1207 1791 1428 1860 γνάθοις
1455 1794 1630 1860 πυρῖς
1658 1792 1958 1861 παμφάγου
1998 1799 2038 1852 Β
2139 1793 2246 1846 Kal
2264 1792 2399 1864 πρὸς
2428 1791 2660 1858 μέτωπα
2684 1790 2976 1862 σωφρόνως
2999 1788 3353 1860 ἐστιγμένους

396 1881 508 1952 Τὴν
537 1882 670 1936 ναῦν
690 1882 790 1955 τὴν
817 1883 1186 1953 μυριόφορτον
1218 1881 1552 1951 αὐτόφορτον
1595 1882 1893 1952 βρωθῆναι.

477 1966 647 2037 Οὗτος
674 1974 839 2036 αὐτὸς
867 1976 895 2028 6
924 1974 1176 2041 βασιλεὺς
1207 1976 1467 2028 Μεθόδιον
1498 1974 1592 2028 τὸν
1619 1975 1762 2027 πάνυ

394 2064 635 2136 Θέμενος
673 2058 964 2136 ὑπερόρίον
988 2065 1046 2118 ἔν
1066 2082 1172 2119 τινι
1197 2066 1422 2137 νησιδίῳ

392 2157 489 2219 Εἰς
512 2156 779 2228 σπήλαιον
808 2156 1160 2212 κατέκλεισεν
1194 2159 1269 2222 ὡς
1298 2160 1379 2223 είς
1405 2160 1670 2231 μνημεῖον
1703 2160 1890 2223 νέκυν,

400 2246 495 2313 Ὦς
524 2249 583 2302 ὲν
612 2248 865 2319 ὀστράκῳ
888 2248 1196 2320 μάργαρον,
1222 2249 1296 2314 ὡς
1328 2251 1385 2303 ὲν
1415 2250 1624 2323 ἀκάνθῃ
1649 2250 1821 2320 ῥόδον,

390 2341 502 2396 Kal
518 2342 615 2396 σὺν
636 2341 785 2414 αὐτῷ
809 2342 901 2396 καὶ
920 2344 1035 2414 μετ’
1052 2342 1218 2396 αὐτοῦ
1242 2343 1334 2397 δύο
1362 2343 1577 2415 λῃστὰς,
1595 2328 1957 2414 κακούργους.

391 2432 613 2486 Τούτων
632 2432 863 2504 θατέρου
890 2433 998 2489 τῶν
1022 2434 1236 2505 λῃστῶν
1271 2433 1501 2505 τὸνηβίον
1533 2433 1852 2497 ἐκλιπόντος

391 2524 504 2577 Kal
538 2523 837 2595 ῥεύσαντος
872 2526 938 2579 ὲκ
966 2528 1204 2597 φυσικῆς
1250 2526 1500 2595 ἀφύκτου
1538 2528 1660 2579 κατ’
1716 2526 1963 2597 ἀνάγκης

391 2613 505 2686 Τὴν
526 2616 796 2687 δύσοσμον
829 2617 1112 2686 ἀποφορὰν
1139 2617 1230 2670 καὶ
1251 2618 1349 2688 τὴν
1380 2617 1590 2671 ἐκεῖθεν
1616 2617 1796 2688 λύμην

404 2705 465 2759 '0
497 2707 863 2777 καρτερόνους
899 2708 1139 2779 ἀθλητὴς
1173 2710 1381 2773 ἐκεῖνος
1404 2708 1712 2780 ἐκαρτέρει,

396 2797 501 2850 Ἦν
530 2797 642 2850 οὐδ’
666 2797 829 2862 αὐτὸς
863 2799 929 2852 ἂν
959 2800 1178 2869 ἴσχυσεν
1199 2801 1526 2867 ὑπενεγκεῖν
1546 2800 1780 2870 ἀδάμας.

401 2890 460 2943 '0
482 2889 531 2943 δ’
561 2890 748 2961 ἕτερος
771 2890 1063 2956 ἀπολυθεὶς
1099 2892 1200 2945 οὐκ
1234 2892 1426 2962 ἢθελεν
1449 2892 1697 2962 ἐκϐῆναι,

401 2980 545 3035 Ἀλλ’
576 2983 634 3035 ἓν
658 2981 809 3052 αὐτῷ
833 2981 911 3052 τῷ
938 2981 1154 3054 ζοφερῷ
1177 2983 1426 3054 σπηλαίῳ
1451 2982 1786 3052 καταμείνας

392 3072 507 3130 Kal
532 3072 780 3145 ζηλωτὴς
803 3076 1094 3145 γενόμενος
1133 3075 1316 3129 ὲνθέου
1358 3074 1633 3138 πολιτείας

387 3277 588 3337 sudum
620 3290 767 3339 esset
811 3281 1039 3352 ipseque
1086 3284 1253 3338 maris
1303 3283 1504 3339 intuitu
1557 3297 1676 3339 sese
1710 3295 1958 3338 recreare

385 3375 574 3442 vellet,
620 3369 804 3431 navim
854 3374 1130 3432 mercibus
1155 3382 1437 3431 oneratam
1480 3373 1755 3445 appellere
1786 3373 1955 3439 videt,

387 3466 540 3524 molli
579 3477 746 3524 vento
772 3467 1000 3522 australi
1031 3466 1195 3522 ﬂante
1219 3482 1284 3522 ac
1309 3467 1589 3538 navigium
1622 3465 1799 3537 plenis
1822 3465 1959 3521 velis

348 3554 746 3628 tranquillum
776 3556 832 3610 iu
878 3566 1097 3626 portum
1147 3557 1446 3613 deferente.
1503 3558 1723 3611 Poterat
1775 3565 1958 3611 autem

387 3643 591 3711 aliquis
613 3642 779 3698 etiam
829 3642 992 3712 longe
1018 3660 1087 3700 ex
1109 3645 1395 3700 intervallo
1428 3645 1742 3700 existimare
1776 3643 1958 3698 navim

388 3731 752 3801 appellentem
810 3732 1003 3802 ingens
1051 3750 1194 3791 onus
1242 3736 1485 3791 vehere:
1516 3752 1643 3791 nam
1692 3736 1960 3791 mercium

386 3822 608 3893 pondus
658 3822 734 3878 ita
783 3824 967 3878 navim
1021 3825 1357 3895 deprimebat
1381 3835 1440 3880 ut
1467 3841 1498 3881 e
1538 3826 1676 3880 mari
1736 3826 1960 3881 tertium

388 3914 558 3969 modo
585 3914 864 3987 cingulum
899 3924 1156 3971 exstaret.
1188 3916 1300 3972 Hac
1330 3917 1628 3987 imperator
1672 3917 1798 3988 navi
1828 3932 1963 3973 con-

389 4011 594 4073 specta,
625 4018 872 4077 quaenam
899 4013 956 4060 et
984 4007 1144 4077 cujus
1173 4013 1336 4071 esset,
1366 4007 1686 4079 interrogat.
1718 4005 1823 4065 Ubi
1853 4017 1962 4063 tam

386 4093 569 4150 navim
613 4110 783 4164 quam
833 4110 1044 4152 merces
1088 4097 1449 4167 imperatricis
1500 4112 1623 4154 esse
1685 4100 1960 4171 cognovit,

385 4183 556 4239 animi
589 4184 779 4242 dolore
809 4201 1125 4258 compresso
1142 4197 1199 4244 et
1218 4189 1477 4245 arcessita
1504 4192 1770 4263 conjuge:
1802 4211 1821 4244 ι
1844 4190 1961 4247 Heu

386 4290 532 4341 mea,
563 4276 766 4347 inquit,
793 4278 1128 4349 imperatrix,
1147 4297 1258 4352 quo
1277 4296 1368 4337 res
1393 4297 1527 4338 mea:
1549 4283 1783 4339 redactae
1801 4284 1959 4340 sunt!

385 4364 506 4421 Heu
520 4366 736 4436 qualem
750 4367 1025 4426 fortunam
1036 4372 1586 4443 cum1opulentissima
1597 4373 1927 4430 commutavi
1942 4377 1959 4429 ι

2139 1884 2442 1955 Προσείπεν
2463 1886 2491 1936 6
2508 1882 2792 1947 ζώθαπτος
2819 1884 2894 1944 ὼς
2918 1880 3289 1948 συνδεσμίους.
3322 1899 3340 1932 ι

2068 1976 2181 2032 Kal
2209 1977 2380 2029 ταῦτα
2423 1975 2524 2044 μὲν
2558 1973 2626 2028 τὰ
2658 1973 2866 2044 χρύσεα
2891 1973 3000 2027 τῶν
3055 1969 3472 2040 καλλιγλώττων
3501 1970 3630 2039 ἔπη,

2069 2068 2366 2138 ’Δντικρυς
2401 2064 2550 2118 θείου
2577 2064 2844 2136 νέκταρος
2872 2063 3240 2118 σταλάττοντα
3272 2061 3552 2134 συρμάδας
3577 2077 3594 2093 '

2075 2157 2136 2210 '0
2165 2157 2222 2209 δὲ
2247 2156 2414 2220 καλὸς
2439 2156 2750 2226 ἀγωνιστὴς
2773 2153 3036 2218 Μεθόδιος
3067 2155 3096 2208 6
3120 2153 3261 2208 πάνυ

2077 2248 2523 2319 Ἐγκαρτερήσας
2551 2250 2619 2318 τῇ
2646 2248 2819 2318 πικρᾷ
2848 2247 2941 2300 καὶ
2977 2244 3348 2317 κακοφρούρῳ
3374 2244 3566 2316 στέγῃ,

2064 2337 2176 2391 Kal
2213 2339 2341 2401 τοὺς
2370 2338 2590 2400 ὀδόντας
2617 2338 2971 2409 ἐκκρουσθεὶς
2997 2338 3092 2392 καὶ
3136 2336 3489 2401 συνθλασθεὶς
3539 2336 3638 2398 τὰς

3359 2426 3614 2501 [γνάθους

2065 2522 2176 2574 Kal
2195 2522 2376 2574 πᾶσαν
2398 2520 2567 2591 ἄλλην
2595 2518 2837 2589 ἐνεγκὼν
2857 2519 3130 2573 κολάσεων
3170 2519 3336 2585 ίδέαν,

2064 2614 2141 2667 Δι’
2162 2606 2238 2666 ὧν
2269 2613 2434 2668 αὐτὸν
2460 2612 2511 2665 οἱ
2537 2610 2819 2673 δυσσεϐεῖς
2847 2608 3110 2680 ἔπληττον
3146 2606 3527 2680 ἀπανθρώπως

2076 2707 2163 2770 Ὠς
2196 2706 2410 2774 ἄκμονα
2435 2703 2684 2774 σιδήρεον
2714 2701 2937 2771 χαλκεῖς
2963 2700 3493 2772 σφυροκτυποῦντες,

2063 2795 2229 2859 Τέλος
2257 2794 2510 2865 καθάπερ
2537 2794 2689 2863 ἥλιος
2708 2794 3057 2863 ήμεραυγὴς,
3087 2791 3162 2856 ὡς
3189 2792 3404 2862 λύχνος,

2075 2884 2375 2954 Ἐξέκυψεν
2407 2883 2482 2947 ὼς
2503 2883 2567 2936 ἐκ
2589 2899 2733 2945 τινος
2768 2880 3041 2952 ὁρίζοντος
3083 2882 3313 2944 ἐκεῖθεν,

2066 2977 2427 3047 Θελήσαντος,
2453 2975 2528 3038 ὼς
2552 2973 2718 3037 ἔοικε,
2742 2972 2836 3025 τοῦ
2866 2971 3160 3045 βλέποντος
3189 2970 3460 3032 ἀϐύσσους

2063 3067 2176 3122 Kal
2198 3065 2478 3137 Χερουϐὶμ
2504 3065 2598 3118 καὶ
2634 3064 2884 3135 Σεραφὶμ
2912 3061 3150 3135 ὕπερθεν
3185 3061 3498 3132 καθημένου

2830 3162 2833 3165 ’
3300 3151 3458 3207 Vcrs.
3493 3149 3633 3206 4929

2059 3300 2222 3357 quem
2240 3300 2308 3340 ne
2323 3285 2545 3340 adamas
2565 3282 2786 3353 quidem
2811 3284 3081 3337 sustinere
3097 3290 3384 3351 potuisset.
3404 3281 3550 3336 Alter
3569 3278 3633 3331 li-

2059 3376 2273 3432 bertate
2301 3376 2535 3430 donatus
2556 3373 2708 3428 exire
2738 3373 2934 3437 noluit,
2954 3371 3049 3428 sed
3074 3372 3217 3426 intra
3233 3371 3538 3440 speluncam
3560 3367 3627 3420 il-

2058 3468 2166 3523 lam
2203 3465 2553 3537 caliginosam
2578 3478 2804 3519 manens
2831 3462 3138 3531 divinaeque
3161 3461 3376 3516 vivendi
3402 3457 3631 3513 rationis

2057 3560 2344 3616 aemulator
2381 3558 2579 3619 factus.
2605 3558 2737 3612 solis
2770 3558 2942 3613 instar
2976 3559 3102 3613 vitae
3132 3556 3395 3626 religiosa:
3447 3552 3630 3607 radios

2059 3649 2279 3721 sparsit.
2325 3651 2462 3705 Dum
2485 3649 2666 3705 adhuc
2699 3649 3006 3704 Methodius
3031 3650 3085 3702 in
3113 3648 3218 3702 hoc
3245 3661 3461 3701 carcere
3489 3643 3631 3698 deti-

2060 3753 2242 3808 netur,
2259 3742 2510 3797 homines
2525 3741 2601 3795 illi
2621 3755 2803 3795 rerum
2824 3740 3131 3794 divinarum
3150 3737 3310 3807 periti
3332 3752 3472 3806 quos
3489 3735 3632 3789 notis

2061 3836 2117 3890 in
2139 3836 2293 3890 vultu
2324 3834 2554 3890 faedatos
2575 3832 2745 3887 fuisse
2766 3832 3027 3896 diximus,
3049 3846 3147 3901 per
3170 3831 3278 3883 vim
3309 3830 3485 3882 solum
3508 3841 3633 3879 ver-

2063 3941 2178 3985 tere
2203 3927 2401 3992 coacti,
2436 3926 2709 3996 piscatore
2737 3923 2973 3993 quodam
3005 3931 3243 3991 reperto,
3272 3921 3485 3974 litteras
3518 3916 3633 3971 viro

2056 4008 2206 4091 justo
2226 4019 2525 4090 perbreves
2541 4032 2701 4072 versu
2727 4016 2962 4070 iambico
2982 4015 3279 4085 scripsere;
3305 4026 3442 4081 quas
3461 4009 3531 4063 ab
3553 4008 3637 4062 in-

2062 4112 2228 4169 teritu
2280 4108 2636 4165 vindicandas
2679 4118 2832 4163 ratus
2860 4108 2965 4162 hoc
2992 4108 3114 4161 loco
3143 4104 3414 4174 subjicere
3462 4099 3630 4155 volui.

2132 4203 2268 4258 Vivo
2295 4209 2581 4272 perempto
2615 4199 2942 4268 viviﬁcoque
2977 4205 3218 4261 mortuo,

2136 4292 2359 4347 Terram
2388 4290 2650 4346 incolenti
2673 4305 2737 4345 ac
2762 4290 2967 4360 pariter
2996 4288 3224 4344 calcanti
3255 4285 3461 4355 polum,

2112 4383 2419 4453 Scripsere
2451 4380 2637 4435 vincto
2665 4380 2835 4435 vincti
2859 4389 2917 4434 et
2943 4378 3192 4447 inscripti
3220 4375 3384 4430 notis.

386 4456 657 4512 nimirum
667 4458 778 4529 jam
803 4458 1173 4517 Romanorum
1199 4461 1498 4533 imperator
1516 4463 1962 4518 merces-venales
1992 4479 2037 4538 ι)
2065 4476 2159 4532 Eis
2188 4475 2278 4529 ille
2308 4473 2668 4542 respondens,
2701 4472 2755 4526 in
2781 4473 2897 4526 haec
2924 4470 3088 4524 verba
3127 4466 3401 4535 rescripsit
3436 4480 3451 4516 :

385 4547 654 4613 habeo,et
675 4549 906 4619 ipsemet
919 4551 1071 4622 (heu)
1087 4552 1304 4607 institor
1319 4552 1499 4609 factus
1510 4568 1651 4621 sum,
1665 4553 1967 4624 negotiato-

383 4639 542 4696 ribus
556 4640 718 4697 eliam
742 4642 987 4698 inferior.
1000 4663 1018 4695 ι
1040 4643 1138 4699 His
1153 4642 1335 4707 dictis,
1354 4645 1534 4699 navim
1552 4660 1661 4699 una
1677 4659 1802 4700 cum
1820 4658 1963 4699 mer-

386 4730 565 4798 cibus,
582 4748 814 4804 quarum
827 4735 1089 4789 immensa
1104 4734 1410 4805 eratcopia,
1428 4736 1961 4807 eoncremarijussit.

465 4826 614 4882 Idem
649 4816 986 4896 Theophilus
1025 4824 1321 4895 imperator
1353 4826 1531 4880 virum
1575 4824 1960 4895 praestantissi-

385 4934 538 4975 mum
585 4916 919 4972 Methodium
957 4915 1247 4985 quamdam
1286 4916 1340 4969 in
1382 4915 1615 4971 insulam
1656 4915 1959 4986 relegatum

386 5010 660 5080 speluncae
689 5007 971 5063 cadaveris
1004 5007 1178 5062 instar
1222 5006 1464 5071 inclusit,
1506 5018 1761 5076 tanquam
1792 5006 1952 5061 unio-

386 5117 511 5156 nem
548 5100 604 5155 in
648 5100 936 5165 concham,
976 5113 1154 5155 rosam
1199 5098 1343 5154 inter
1375 5098 1581 5167 spinas.
1622 5098 1779 5168 100
1809 5098 1955 5153 Prae-

387 5203 539 5249 terea
592 5191 732 5247 duos
772 5192 825 5247 ei
871 5192 1114 5246 latrones
1176 5189 1454 5261 adjunxit,
1509 5205 1738 5258 quorum
1783 5189 1956 5245 altero

385 5283 659 5340 exstincto
684 5291 741 5338 et
759 5284 870 5353 jam
905 5292 1274 5338 marcescente
1305 5280 1541 5337 naturali
1579 5282 1814 5351 quadam
1859 5298 1956 5338 ne-

386 5375 661 5438 cessitate,
698 5373 902 5427 l‘cedum
929 5373 1080 5429 illum
1111 5374 1334 5428 odorem
1352 5382 1408 5429 et
1428 5374 1745 5443 pestiferum
1772 5391 1952 5433 acrem

387 5464 847 5522 tolerantissimus
896 5463 1127 5518 athletas
1181 5464 1365 5519 animo
1417 5463 1540 5519 tulit
1591 5466 1902 5536 aequissimo
1937 5508 1952 5535 ,

2136 4566 2319 4621 Libris
2350 4564 2591 4620 vicissim
2618 4563 2924 4632 descriptos
2949 4559 3283 4622 calestibns,

2132 4656 2428 4725 Faciesqne
2459 4670 2565 4709 non
2591 4654 2710 4709 sine
2738 4651 2900 4707 laude
2928 4657 3284 4717 compunctos
3310 4643 3474 4709 notis,

2131 4748 2328 4804 Secum
2363 4745 2563 4801 salutat
2590 4744 2803 4798 vinctos
2828 4742 2988 4795 vivus
3012 4738 3263 4794 obrutus.

2060 4838 2125 4893 lli
2161 4838 2492 4893 disertorum
2541 4834 2821 4891 hominum
2862 4846 3051 4887 versus
3076 4828 3229 4884 aurei
3269 4841 3462 4897 reapse
3491 4826 3633 4882 divi-

2059 4944 2190 4984 num
2216 4928 2507 4998 quemdam
2560 4924 2800 4981 nectaris
2844 4934 3070 4976 succum
3101 4919 3327 4973 stillant.
3361 4916 3632 4974 Caeterum

2062 5020 2353 5090 pmclarus
2400 5018 2547 5089 pugil
2598 5012 2924 5077 Methodius,
2972 5026 3097 5067 cum
3133 5009 3428 5065 toleranter
3454 5009 3508 5063 in
3541 5008 3632 5063 illo

2062 5113 2207 5167 tristi
2265 5126 2485 5167 carcere
2534 5125 2654 5166 sese
2714 5108 3011 5178 gessisset,
3070 5104 3264 5159 dentes
3320 5102 3630 5165 amisisset,

2064 5202 2311 5257 maxillas
2339 5211 2598 5257 contusas
2631 5198 2875 5257 haberet.
2909 5196 3168 5265 omnique
3190 5208 3388 5263 genere
3419 5191 3629 5262 suppli-

2062 5293 2274 5349 ciorum
2303 5292 2648 5346 excruciatus
2682 5289 2753 5344 ab
2788 5287 2970 5358 impiis
3020 5284 3336 5340 hominibus
3363 5299 3457 5353 per
3482 5296 3629 5336 sum-

2063 5399 2205 5439 mam
2240 5382 2693 5438 inliumanitatem
2719 5396 2828 5435 non
2854 5379 3015 5434 aliter
3037 5389 3185 5432 esset
3209 5386 3371 5446 atque
3394 5374 3627 5429 ferream

2063 5476 2320 5532 incudem
2364 5474 2574 5530 malleis
2620 5487 2917 5530 excusores
2955 5468 3332 5535 contundunt,
3356 5466 3425 5522 ad
3451 5471 3630 5520 extre-

1738 5586 1944 5648 Varite
1974 5587 2307 5651 lectiones.

464 5686 514 5716 ”
537 5685 812 5741 ἐπέπτατο
836 5686 949 5740 ΑΒ.
1027 5687 1070 5718 ³³
1106 5688 1405 5757 εὐγαλήνης
1429 5692 1490 5743 Λ,
1566 5691 1604 5721 ’³
1630 5689 1795 5760 τύχης
1818 5693 1881 5746 Α.

1958 5696 1998 5727 ⁸⁸
2033 5695 2255 5748 μέτωπα
2280 5695 2391 5749 AR.
