4122 6212
431 430 522 492 Ὠς
552 431 705 484 πόλιν
733 431 1114 506 ὀχυρόπυργον
1147 454 1334 492 τουτον
1367 436 1451 507 ἐφ’
1474 438 1635 510 ὄρους
1664 442 1878 512 στῆσαι,

432 524 522 588 Ὠς
557 525 632 595 μὴ
664 524 935 594 τοσαύτην
956 527 1162 599 ἀρετὴν
1194 530 1271 593 ὡς
1300 532 1357 586 ἐν
1388 532 1554 604 μοδίῳ
1576 532 1770 603 λύχνον

421 614 513 685 Τῷ
538 612 786 683 στυγερῷ
805 615 899 667 καὶ
924 615 1142 688 ζοφερῷ
1171 619 1543 676 καλύπτεσθαι
1576 623 1850 694 σπηλαίῳ.

450 706 494 757 Ο
518 701 743 774 κράτωρ
773 704 883 776 γὰρ
912 706 1176 777 Θεόφιλος
1209 710 1413 781 βίϐλοις
1439 713 1527 766 ἀεὶ
1558 714 1836 786 σχολάζων

423 796 531 847 Καὶ
565 794 767 863 σίμελα
788 796 856 851 τὰ
882 798 984 867 τῆς
1004 799 1261 868 γνώσεως
1280 803 1676 875 κηροπλαστῶν
1712 808 1962 862 ἐντεῦθεν

438 886 525 949 Ὠς
561 887 797 955 μέλισσα
829 889 1123 957 φιλόπονος
1159 893 1337 947 ἀνθῶν
1368 897 1433 948 ἐκ
1458 896 1787 969 λειμωνίων,

425 976 864 1061 ραῖυρινθώδεσί
892 998 1003 1036 τισι
1032 984 1129 1037 καὶ
1157 986 1376 1055 γρίφοις
1404 989 1747 1061 ἐντυγχάνει.

426 1058 528 1117 Ὧν
552 1065 843 1121 ἐκλεπίσαι
872 1070 933 1122 τὸ
966 1071 1202 1143 σκληρὸν
1234 1075 1326 1129 καὶ
1351 1076 1413 1131 τὸ
1442 1058 1669 1146 στυγνὸν
1689 1083 1733 1115 ¹⁶
1760 1086 1994 1153 φωτίσαι

423 1157 615 1222 οὐδεὶς
629 1158 808 1230 ὀρθῶς
836 1160 1113 1233 δεδύνητο,
1157 1167 1336 1222 καίτοι
1369 1171 1582 1240 μυρίων
1610 1174 1782 1231 ὄντων

422 1247 540 1300 Τὦν
574 1249 765 1320 φήμην
801 1252 1193 1324 μεγαλώνυμον
1212 1257 1449 1329 ἐχόντων
1473 1261 1570 1315 ἐπὶ
1594 1262 1794 1330 γνώσει
1820 1266 1881 1318 ⁸⁷.

415 1339 687 1405 Μεγάλως
718 1338 814 1396 οὖν
846 1342 926 1414 τῷ
951 1344 1165 1416 βασιλεί
1185 1350 1306 1404 τότε
1334 1351 1748 1425 βαρυθυμοῦντι

419 1426 520 1495 Εἷς
558 1432 664 1486 τῶν
687 1436 997 1505 προκοίτων
1033 1440 1286 1509 πρόσεισι
1320 1445 1413 1498 καὶ
1437 1445 1987 1519 θαλαμηπολούντων,

348 1552 353 1559 ι
418 1523 529 1576 Καὶ
559 1523 650 1577 τὸν
669 1525 935 1583 λῖεθὸδιον
964 1531 1147 1599 ὑμνεῖ,
1177 1534 1269 1588 καὶ
1299 1535 1478 1592 πάντα
1512 1541 1824 1610 καταλέγει,

417 1613 528 1682 Τὴν
556 1614 930 1686 πολυμάθειαν
962 1621 1155 1688 αὐτοῦ,
1184 1624 1247 1679 τὸ
1270 1626 1527 1699 πόριμον,
1546 1631 1647 1701 τὴν
1680 1633 1883 1702 γνῶσιν

417 1706 529 1760 Καὶ
555 1710 656 1777 τὴν
678 1710 1094 1784 ούρανοεάμονα
1118 1715 1335 1773 σύνεσιν
1364 1719 1459 1775 καὶ⁵
1487 1723 1703 1790 σοφίαν,

414 1793 540 1882 Εἴτε
570 1793 756 1850 θεόθεν
781 1799 1046 1870 κινηθεὶς,
1076 1805 1187 1858 εῐτε
1228 1807 1323 1865 καὶ¹
1359 1808 1583 1879 φίλτρον
1611 1813 1827 1882 τρέφων

415 1879 559 1951 Πρὸς
589 1883 680 1937 τὸν
702 1885 944 1957 αἰθέριον
966 1889 1046 1960 τῷ
1075 1890 1154 1960 νῷ
1176 1894 1272 1947 καὶ
1297 1893 1558 1965 θεοφόρον
1585 1879 1776 1969 ἄνδρα.

426 1970 640 2026 Ἀκούει
668 1973 824 2027 ταῦθ’
853 1976 882 2029 ό
935 1976 1211 2047 βασιλεὺς,
1243 1984 1637 2055 μετάπεμπτον
1669 1993 1901 2048 ποιεῖται

413 2062 518 2115 Τὸν
536 2064 682 2133 ἱερὸν
701 2065 987 2136 Μεθόδιον,
1029 2071 1215 2142 ἐξάγει
1250 2074 1343 2129 τοῦ
1380 2076 1653 2146 σπηλαίου

538 2150 646 2247 ἀπὸ
667 2152 861 2247 κόχλου
885 2157 1194 2230 μάργαρον,
1217 2163 1292 2226 ὡς
1322 2166 1431 2220 ἀπὸ
1451 2168 1647 2238 νέφους
1667 2173 1867 2247 ἄστρον

422 2240 669 2305 ’Λκτίνας
702 2246 1100 2306 ἀποστίλϐοντα
1128 2254 1361 2327 φαιδράς
1388 2240 1852 2337 πυριμαργάρους

406 2331 519 2384 Καὶ
548 2332 712 2403 ζόφον
742 2339 1120 2397 ἀπελαύνοντα
1147 2346 1240 2399 καὶ
1257 2331 1568 2420 σκοτασμδν
1603 2331 1844 2423 ἀγνοίας.

406 2422 518 2513 Τῆς
540 2424 793 2498 γλώσσης
822 2430 916 2483 οὖν
939 2431 1193 2504 Θεόφιλος
1211 2441 1552 2512 γευσάμενος
1588 2443 1633 2477 ¹⁸
1654 2422 1757 2513 τῆς
1785 2448 1979 2504 τούτου

418 2512 821 2603 Ἑγκατοικίζει
855 2520 947 2576 τὸν
978 2522 1142 2580 καλὸν
1170 2529 1352 2595 καλῶς
1377 2532 1435 2585 έν
1468 2512 1767 2603 βασιλείοις

416 2602 507 2697 fil;
527 2611 714 2679 χρῆμα
750 2611 1120 2686 πολυτίμητον
1144 2619 1202 2672 ὲν
1228 2619 1524 2694 θησαυροῖς
1546 2628 1788 2697 ἀσύλοις,

414 2695 504 2759 Ὦς
530 2697 679 2753 λίθον
710 2702 888 2773 μέγαν
920 2706 1205 2763 στίλϐοντα
1224 2714 1520 2787 πυρῤάκην
1548 2695 1923 2795 φωτοερύτην.

401 2789 582 2844 Κάκεῖ
608 2795 1073 2868 παρακαθήμενος
1094 2800 1173 2872 τῷ
1193 2806 1513 2878 χρυωρῤόῳ
1539 2809 1721 2883 Νείλῳ

1562 306 2079 389 COMPENDIUM
2117 321 2590 386 CHRONICUM.

2028 440 2073 497 Α
2106 435 2324 489 ’Ἡντλει
2346 436 2446 508 τὴν
2479 438 2635 490 πόσιν
2664 437 2861 508 δαψιλῆ
2883 438 2991 493 τῶν
3016 436 3388 509 γλυκυχύμων
3413 438 3643 508 ῥείθρων
3666 455 3683 472 ο

3574 327 3700 391 4οθ

2111 528 2290 598 Περᾷν
2315 528 2371 581 δὲ
2409 529 2619 598 μέλλων
2643 529 2885 600 ποταμὸν
2904 530 2996 585 τὸν
3008 529 3107 597 τῆς
3128 532 3359 601 ῥευστῆς
3390 531 3598 594 οὐσίας,

2114 620 2209 673 Ὃν
2232 620 2411 674 πάντα
2434 622 2818 692 περικείμενον
2852 622 3026 693 πάχος
3050 624 3092 656 ¹⁹
3126 622 3324 693 θνητοῦ
3350 639 3414 675 σα
3425 622 3579 692 ρκίου

2119 709 2425 781 Ἀμήχανον
2460 711 2535 783 μὴ
2565 711 2795 765 διελθεῖν
2822 712 3054 783 (ἐπείγει
3092 715 3201 785 γὰρ
3229 717 3262 784 ὴ
3288 716 3471 783 φύσις,

2117 801 2183 855 Ἡ
2208 804 2509 874 ταχουργὸς
2531 802 2940 875 πορθμεύτρια,
2971 805 3034 859 τὸ
3065 806 3227 877 χρέος
3252 803 3610 871 ἀπαιτοῦσα),

2106 892 2266 957 Ἔτος
2296 894 2399 965 ἥδη
2428 892 2735 948 δωδέκατον
2758 896 2858 966 τῆς
2892 895 3176 965 βασιλείας
3205 898 3355 966 ἄγων
3384 897 3454 961 ὀ,

2104 984 2192 1053 Τῷ
2222 985 2408 1053 στέφει
2449 986 2548 1056 μὲν
2570 985 2660 1040 τὸν
2688 987 2911 1058 Μιχαὴλ
2937 990 3279 1057 κατακοσμεῖ
3308 988 3398 1042 τὸν
3424 987 3605 1050 παῖδα,

2107 1075 2228 1128 Ἔτι
2259 1076 2544 1130 παιδίσκον
2573 1077 2781 1133 ἁπαλὸν
2802 1078 2932 1133 ὅντα
2954 1079 3055 1150 τὴν
3079 1078 3297 1149 ἠλικίαν
3316 1080 3383 1145 ¹¹,

2103 1167 2176 1219 Τὸ
2209 1167 2404 1237 νεαρὸν
2435 1169 2496 1222 δὲ
2515 1168 2612 1223 τοῦ
2648 1168 2838 1233 παιδὸς
2865 1170 2942 1234 ὡς
2973 1169 3133 1240 θέμις
3164 1170 3488 1224 ὑποπτεύων

2102 1256 2496 1323 Συγκοινωνείν
2521 1258 2813 1312 ἐκέλευσεν
2836 1258 3012 1329 τούτῳ
3041 1261 3138 1314 καὶ
3167 1261 3266 1330 τὴν
3303 1260 3536 1331 μητέρα,

2101 1345 2208 1399 Τοῦ
2229 1347 2464 1417 κράτους
2479 1349 2613 1412 “dic;
2635 1350 3022 1421 φροντίστριαν
3050 1349 3200 1420 αὐτῷ
3215 1351 3261 1383 ³³
3278 1350 3672 1421 γενησομένην.

2105 1440 2174 1491 Ἢ
2205 1438 2369 1509 μέχρι
2391 1439 2513 1493 τότε
2539 1439 2800 1511 νύκτερον
2830 1440 3030 1511 ἔχουσα
3056 1441 3359 1513 μαθητείαν

2098 1531 2208 1584 Καὶ
2231 1530 2464 1584 σέϐουσα
2490 1531 2585 1594 τὰς
2614 1534 2770 1603 ἱερὰς
2790 1534 3008 1604 μορφὰς
3038 1537 3097 1589 ὲν
3121 1535 3479 1606 παραϐύστῳ,

2094 1622 2424 1694 Νικόδημος,
2457 1623 2686 1689 ἃν;εί’ποι
2705 1642 2811 1693 τις,
2843 1627 3122 1699 ἀκάρδιος,
3154 1629 3445 1693 δειλόνους,

2096 1715 2229 1768 Τότε
2253 1716 2411 1785 τορὸν
2440 1716 2634 1789 ἐϐόησε
2656 1720 2749 1772 καὶ
2779 1720 2919 1790 μετά
2946 1720 3288 1792 παρρησίας,

2021 1799 2064 1853 Β
2094 1808 2203 1861 Καὶ
2234 1808 2470 1877 σάλπιγξ
2506 1811 2881 1879 ἐχρημάτισεν
2908 1810 3152 1884 εὔσημος
3175 1813 3611 1885 χρυσοσάλπιγξ,

2092 1895 2163 1947 Ἢ
2187 1896 2389 1962 μᾶλλον
2416 1896 2806 1960 καλλικέλαδος
2837 1901 3229 1971 νεοττοτρόφος
3250 1903 3422 1975 ὅρνις,

2090 1987 2396 2058 Στρουθοὺς
2426 1990 2837 2059 ὲπισυνάγουσα
2863 1992 3131 2047 πάντοθεν
3160 1995 3291 2059 τοὺς
3321 1996 3619 2067 ἀπτέρους,

2090 2078 2536 2149 Περικρυσέντας
2561 2080 2755 2151 μέχρις
2787 2083 2855 2136 ἂν
2885 2085 2915 2137 ό
2946 2082 3217 2156 θηρευτὴς
3252 2086 3523 2159 παρέλθῃ.

2087 2170 2198 2223 Καὶ
2233 2172 2529 2242 σπέρματα
2548 2177 2873 2246 τρισευγενῆ
2900 2174 3106 2245 σχοῦσα
3136 2177 3277 2230 κατὰ
3303 2178 3561 2248 καρδίας,

2096 2263 2185 2326 Ὠς
2208 2262 2419 2334 ἀρουρά
2450 2282 2533 2329 τις
2559 2266 2861 2338 εὖκαρπος,
2894 2267 3066 2334 αὖλαξ
3112 2269 3521 2342 λιπαροόιωαξ,

2083 2351 2366 2421 Χειμῶνος
2389 2354 2489 2423 μὲν
2515 2355 2799 2420 πιέζοντος
2819 2359 2921 2411 οὐκ
2952 2360 3194 2413 ἀνεδίδου
3236 2360 3499 2430 βλάστην,

2095 2438 2183 2505 Ὧς
2209 2441 2265 2494 δὲ
2296 2443 2543 2514 παρῆλθε
2564 2444 2626 2499 τὸ
2649 2446 2850 2518 πικρὸν
2871 2448 2971 2518 τῆς
2994 2450 3285 2520 χειμερίας
3302 2449 3455 2523 ὧρας

2080 2531 2155 2585 Τὸ
2182 2531 2228 2584 δ’
2257 2531 2358 2602 ἔαρ
2383 2533 2686 2603 ὑπεγέλασι
2718 2538 2812 2592 καὶ
2842 2538 2904 2591 τὸ
2929 2539 3155 2608 στυγνὸν
3185 2540 3375 2610 ἐλύθη,

2079 2621 2214 2675 Τότε
2235 2623 2303 2693 δὴ
2324 2624 2445 2679 τότε
2471 2629 2566 2683 καὶ
2599 2627 2830 2698 βλαστὸν
2855 2631 3114 2699 ἐξήνεγκε
3142 2632 3189 2663 ’⁵
3214 2630 3482 2701 πολύχουν

2079 2713 2188 2770 Καὶ
2216 2714 2367 2787 λήϊον
2395 2717 2728 2791 πολύσταχυ,
2760 2724 2855 2775 καὶ
2886 2721 3089 2793 πλῆρες
3114 2722 3442 2794 εὐκαρπίας,

2088 2804 2179 2869 Ὠς
2202 2805 2400 2879 αὖραις
2426 2811 2830 2883 κυμαινόμενον
2860 2812 3106 2876 εὑπνόοις
3139 2813 3444 2885 ζεφυρίαις,

3332 2902 3484 2959 Vers.
3518 2904 3656 2960 i983

401 3050 553 3089 mum
578 3036 705 3093 inde
729 3040 950 3108 prodiit,
981 3052 1137 3101 ortus
1156 3045 1340 3103 diurni
1365 3051 1498 3108 solis
1526 3052 1717 3124 instar,
1754 3063 1972 3121 volente
2003 3124 2041 3139 Δ
2073 3064 2221 3119 claro
2249 3064 2304 3118 in
2336 3065 2484 3135 regia
2515 3064 2856 3121 domicilium
2886 3069 3149 3137 assignat,
3180 3075 3437 3137 tanquam
3473 3070 3661 3139 magni

399 3126 631 3226 scilicet,
658 3137 717 3181 ut
745 3130 895 3185 credi
925 3147 1025 3201 par
1052 3144 1155 3200 est,
1180 3137 1310 3205 Deo,
1338 3144 1431 3211 qui
1456 3144 1684 3216 abyssos
1712 3153 1972 3223 perspicit
1998 3124 2041 3185 α
2075 3169 2191 3208 rem
2221 3155 2382 3224 pretii
2398 3124 2782 3226 gemmamque
2809 3124 3176 3226 splendidam,
3205 3124 3540 3224 rutilantem,
3563 3124 3654 3214 iu-

398 3225 455 3309 et
490 3216 759 3275 Cherubis
798 3237 861 3277 ac
904 3223 1170 3296 Seraphis
1228 3230 1446 3299 insidet,
1507 3216 1774 3309 insignem
1828 3216 1971 3303 hunc

397 3307 577 3363 virum
609 3323 707 3364 ceu
741 3315 1007 3370 munitam
1035 3319 1223 3374 urbem
1252 3322 1307 3376 in
1331 3336 1516 3382 monte
1547 3307 1768 3387 sublimi
1803 3335 1973 3391 collo-

395 3410 545 3462 care,
591 3414 660 3454 ne
703 3410 850 3457 tanta
902 3405 1094 3471 virtus,
1139 3408 1307 3466 veluti
1358 3414 1583 3473 lucerna
1628 3423 1730 3477 sub
1763 3425 1968 3492 modio,

396 3489 542 3545 tristi
585 3492 992 3565 caliginosaque
1038 3513 1204 3569 specu
1248 3502 1433 3560 abdita
1480 3507 1695 3566 lateret.
1757 3489 1971 3574 Accidit

392 3582 541 3635 enim
592 3592 652 3639 ut
698 3585 1037 3657 Theophilus
1100 3592 1400 3662 imperator
1450 3598 1759 3659 lectitandis
1813 3607 1969 3666 libris

393 3687 615 3744 semper
644 3689 963 3748 occupatus,
999 3682 1139 3738 unde
1171 3685 1699 3752 alveolosscientia:
1731 3696 1971 3770 (lugebat

393 3765 855 3833 quemadmodum
895 3770 1012 3839 apis
1043 3772 1230 3828 sedula
1274 3775 1343 3832 de
1383 3789 1668 3848 pratorum
1705 3765 1965 3853 ﬂoribus.

393 3856 450 3910 in
476 3858 699 3926 griphos
722 3869 778 3913 et
805 3859 1130 3931 labyrinthis
1183 3868 1490 3927 consimilia
1533 3875 1782 3943 quagdam
1832 3880 1969 3937 inci-

391 3945 569 4012 deret,
590 3948 663 4002 ita
688 3957 747 4003 ut
766 3950 901 4006 dura
926 3953 1076 4009 istaec
1099 3954 1255 4026 quasi
1282 3958 1621 4019 decorticare
1645 3981 1709 4022 ac
1730 3970 1966 4029 obscura

389 4036 670 4095 illustrare
700 4056 862 4099 nemo
904 4053 1056 4101 recte
1112 4059 1317 4118 posset,
1355 4056 1569 4112 tametsi
1606 4060 1691 4113 vel
1721 4067 1965 4120 sexeenti

389 4130 542 4199 apud,
588 4130 769 4203 ipsum
803 4149 989 4193 essent
1029 4138 1291 4197 doctrinae
1331 4143 1487 4202 fama:
1528 4150 1794 4207 celebres.
1828 4153 1965 4211 Cum

389 4221 560 4292 igitur
612 4224 926 4295 imperatori
982 4232 1310 4298 permolesta
1349 4235 1464 4293 haec
1490 4255 1578 4296 res
1605 4242 1882 4312 accideret
1910 4255 1966 4303 et

388 4316 634 4371 animum
684 4318 805 4387 ejus
863 4329 1103 4390 angeret,
1156 4324 1376 4391 quidam
1424 4345 1490 4384 ex
1545 4336 1867 4401 proceribus
1910 4352 1966 4395 et

386 4406 745 4463 cubiculariis
781 4409 1049 4466 accedens
1083 4411 1416 4471 Methodium
1446 4422 1723 4488 praedicat,
1753 4428 1965 4490 indica-

388 4498 457 4551 tis
496 4498 738 4565 dotibus,
791 4501 1055 4559 doctrinae
1087 4508 1482 4576 magnitudine,
1536 4515 1778 4573 scientiae
1806 4524 1961 4592 capia

386 4590 643 4657 expedita
685 4598 742 4645 et
770 4591 1091 4659 abundanti,
1132 4596 1284 4666 101
1338 4600 1629 4668 prudentia
1666 4590 1962 4677 sapientia-

385 4694 491 4746 que
522 4680 730 4735 vertice
752 4698 854 4739 suo
882 4687 1081 4742 malum
1114 4689 1293 4758 ipsum
1323 4692 1646 4763 attingente,
1675 4698 1790 4755 sive
1823 4701 1963 4757 divi-

386 4767 555 4833 nitus,
585 4777 645 4824 ut
668 4769 776 4826 hoc
805 4773 1027 4842 faceret,
1056 4790 1383 4846 commotus,
1417 4785 1532 4838 sive
1560 4786 1958 4847 clandestinum

385 4870 628 4913 amorem
669 4861 824 4919 alens
856 4880 981 4935 erga
1023 4868 1203 4923 virum
1236 4881 1416 4928 mente
1463 4876 1738 4932 caelestem
1775 4887 1831 4935 et
1856 4898 1960 4938 nu—

384 4947 531 5002 mine
565 4949 753 5009 divino
799 4955 1043 5023 plenum.
1086 4958 1211 5017 Haec
1244 4962 1540 5033 imperator
1583 4969 1813 5027 audiens
1844 4973 1956 5029 Mc-

384 5036 634 5096 thodium
660 5043 729 5099 de
769 5043 939 5114 specu
999 5049 1280 5117 eductum,
1317 5068 1419 5109 ceu
1476 5056 1736 5113 unionem
1766 5075 1797 5116 e
1822 5074 1958 5118 eon-

382 5127 505 5196 cha,
556 5132 955 5206 sidusenube,
1004 5141 1182 5196 virum
1225 5142 1546 5202 clarissimis
1589 5148 1753 5205 radiis
1792 5153 1958 5208 reful-

382 5228 597 5312 gentem
641 5234 697 5281 et
746 5228 1004 5286 tenebras
1060 5241 1224 5303 atque
1277 5236 1564 5309 caliginem
1636 5240 1957 5312 ignorantia:

380 5309 790 5383 discutientcm,
835 5319 901 5373 ad
937 5334 1060 5378 sese
1091 5333 1309 5380 revocat
1351 5337 1409 5383 et
1435 5309 1680 5385 invitat:
1707 5330 1956 5405 Cumque

381 5414 600 5473 gustum
623 5406 824 5480 linguae
855 5410 1118 5470 Methodii
1162 5419 1517 5489 percepisset,
1574 5422 1783 5480 homini
1816 5441 1951 5495 pra:-

2076 3243 2255 3298 cidam
2282 3243 2335 3298 in
2363 3245 3062 3301 thesaurisinviolabilibus
3087 3256 3141 3301 et
3172 3248 3467 3303 inaccessis
3486 3251 3656 3304 collo-

2076 3346 2237 3392 cans;
2269 3341 2433 3400 atque
2461 3332 2552 3385 hic
2592 3331 2910 3402 frequenter
2961 3333 3207 3389 assidens
3238 3335 3360 3389 Nilo
3386 3334 3464 3389 illi
3505 3338 3652 3390 auri-

2076 3421 2208 3486 ﬂuo,
2240 3422 2306 3477 de
2344 3422 2677 3477 dulcissimis
2711 3424 2867 3492 aquis
2905 3425 3127 3493 largiter
3163 3426 3470 3481 hauriebat.

2145 3513 2282 3569 Cum
2326 3524 2508 3569 autem
2563 3515 2893 3586 traiecturus
2938 3529 3082 3573 esset
3128 3534 3342 3573 amnem
3399 3519 3655 3575 essentia:

2075 3604 2321 3659 interitui
2380 3605 2654 3670 obnoxia,
2715 3620 2877 3676 quem
2924 3621 3116 3663 omnes
3177 3624 3363 3665 crasso
3416 3623 3649 3680 corpore

2073 3691 2442 3748 circumdatos
2477 3708 2763 3764 permeare
2816 3710 3042 3751 necesse
3089 3705 3195 3762 est,
3256 3698 3331 3753 ita
3384 3697 3647 3754 nimirum

2068 3784 2298 3855 iubente
2348 3793 2564 3851 natura,
2622 3802 2745 3857 qua:
2794 3788 2953 3844 velox
3001 3798 3084 3844 est
3134 3790 3408 3861 trajeetrix
3456 3801 3511 3847 et
3553 3791 3660 3846 abs

2073 3878 2268 3947 quovis
2311 3876 2557 3934 debitum
2600 3880 2783 3951 exigit,
2840 3896 3043 3936 annum
3095 3880 3205 3951 jam
3261 3881 3645 3938 duodecimum

2073 3967 2370 4037 imperans,
2441 3967 2770 4026 Michaelum
2823 3971 2994 4026 lilium
3062 3971 3355 4027 admodum
3414 3989 3648 4043 puerum

2073 4058 2253 4116 adhuc
2278 4061 2547 4131 imperiali
2574 4077 2774 4118 corona
2805 4062 3045 4117 redimit.
3074 4064 3212 4129 Quia
3234 4078 3367 4119 vero
3397 4079 3507 4120 non
3549 4065 3655 4123 abs

2073 4166 2134 4206 re
2159 4161 2348 4208 tenera
2386 4152 2537 4208 istaec
2579 4162 2712 4208 aetas
2764 4154 2908 4223 patri
2941 4162 3200 4224 suspecta
3242 4163 3379 4219 erat,
3414 4164 3644 4211 matrem

2073 4243 2289 4314 imperii
2347 4252 2658 4298 consortem
2710 4244 2858 4308 facit,
2904 4253 2966 4299 ut
3011 4260 3134 4315 quae
3188 4246 3303 4303 lilio
3354 4249 3649 4305 curatrieis

2071 4334 2195 4389 loco
2239 4332 2423 4388 futura
2471 4341 2637 4389 esset.
2667 4333 2741 4388 Ea
2773 4335 3041 4403 superiori
3092 4345 3337 4409 tempore
3390 4350 3642 4411 tanquam

2071 4436 2340 4483 nocturna
2397 4425 2688 4496 discipula,
2741 4427 3040 4484 Nieodemo
3071 4430 3147 4485 illi
3185 4432 3378 4489 timido
3426 4436 3644 4501 similis,

2066 4534 2248 4575 sacras
2282 4518 2547 4588 imagines
2574 4519 2789 4575 occulte
2836 4521 3217 4577 venerabatur.
3271 4523 3429 4579 Nunc
3457 4536 3645 4581 autem

2060 4610 2167 4665 alta
2197 4624 2331 4666 voce
2352 4624 2416 4666 ac
2441 4609 2613 4665 libere
2652 4611 3012 4685 proﬁtebatur
3041 4613 3095 4668 id
3138 4615 3287 4685 quod
3329 4616 3598 4670 sentiebat
3626 4659 3640 4674 .

2059 4709 2284 4770 eratque
2336 4703 2466 4757 tuba
2502 4703 2687 4759 clara:
2716 4704 2802 4759 vel
2846 4706 3033 4776 potius
3060 4716 3122 4762 ut
3153 4708 3368 4763 avicula
3417 4724 3638 4774 canora,

2068 4790 2339 4859 pullorum
2367 4791 2550 4859 altrix,
2600 4793 2893 4862 implumes
2922 4810 2989 4849 ex
3014 4796 3151 4852 locis
3182 4798 3438 4853 omnibus
3486 4802 3642 4853 volu-

2065 4895 2187 4936 cres
2222 4883 2472 4952 cogebat,
2522 4895 2789 4956 quotquot
2819 4886 3149 4944 abdiderant
3175 4904 3294 4945 sese
3334 4891 3509 4947 donec
3542 4910 3640 4948 au-

2062 4987 2193 5043 ceps
2222 4975 2545 5044 praeteriret.
2581 4976 2642 5032 Et
2668 4978 2918 5048 quamvis
2948 4979 3154 5036 semina
3186 4985 3635 5052 praestantissima

2059 5064 2163 5119 sub
2211 5065 2379 5121 corde
2431 5075 2657 5138 tegeret,
2714 5078 2773 5123 ut
2814 5069 3023 5140 agellus
3074 5069 3245 5136 ferax,
3310 5083 3371 5127 ut
3420 5074 3637 5145 pinguis

2058 5156 2263 5221 sulcus,
2295 5157 2489 5229 hyeme
2517 5166 2696 5214 tamen
2725 5159 2981 5216 sazvientc
3010 5176 3234 5233 germen
3263 5164 3471 5219 nullum
3507 5182 3634 5234 pro-

2060 5252 2315 5303 truscrat.
2368 5249 2522 5305 Nunc
2575 5259 2759 5307 autem
2804 5236 2991 5322 elapso
3054 5253 3213 5325 longe
3264 5255 3621 5312 acerbissimo

2058 5337 2153 5393 illo
2187 5338 2420 5395 hiberno
2451 5348 2716 5411 tempore,
2752 5357 2816 5397 ac
2842 5357 2971 5397 vere
3001 5344 3243 5400 suaviter
3273 5346 3485 5402 ridente
3518 5348 3633 5417 pri-
3747 5391 3753 5413 ι

2058 5429 2366 5502 stinamque
2401 5432 2679 5489 tristitiam
2699 5433 3020 5505 dissipante,
3039 5435 3421 5508 multipliciter
3449 5439 3632 5511 pullu-

1727 5566 1938 5630 νοτία)
1974 5568 2309 5632 lectiones.

455 5670 784 5774 ἴῖςῖτὶγνδιῖ
812 5678 1187 5774 milites"?
1214 5684 1276 5774 2‘.-
1375 5683 1418 5774 ‘3
1438 5688 1969 5774 παῖξλσάεεκέοίθεάφι

2065 5713 2074 5758 .'
2107 5698 2172 5752 Λ.
2250 5699 2293 5731 ¹⁹
2326 5697 2494 5763 πάθος
2523 5699 2588 5755 Λ.
2660 5700 2703 5732 ²⁰
2732 5698 2887 5755 Hunc
2939 5714 3153 5757 versum
3189 5715 3300 5756 om.
3343 5696 3411 5756 Il.
3485 5700 3623 5774 ¹³τῇ

379 5739 566 5813 ἡλικίᾳ
592 5739 655 5798 A'.
731 5748 777 5779 ί·
809 5750 1047 5817 σκάφους
1079 5739 1173 5805 Ᾰ.’
1215 5753 1260 5784 Ia
1300 5739 2071 5833 αὐτοῦ’ιι.”“ἵῖ’έ’τῖήῦἑξέἑᾞὶἶ
