4138 6216
491 321 600 387 407

1664 328 1802 389 (2οΝ
1815 330 2142 393 STANTIN
2151 332 2173 391 Ι
2214 334 2585 398 ΜΑΝΛΞΞιΞ

3633 342 3737 407 408

495 442 602 494 Τοῦ
634 441 946 514 πνεύματος
975 445 1093 507 ταῖς
1142 442 1330 515 χάρισι
1358 443 1453 497 τοῦ
1487 446 1663 499 πάντα
1711 446 2067 511 τελειοῦντος.
2098 453 2139 510 Α
2177 469 2195 502 ι
2233 451 2471 510 Τοιαῦτά
2496 472 2608 524 μοι,
2636 457 2928 529 θαυμάσιε,
2964 458 3093 532 περὶ
3123 460 3218 514 τοῦ
3247 458 3513 531 βασιλέως

505 535 952 604 ’.Ἄγχιοεάζοντας
978 536 1172 589 οὐκοῦν
1195 538 1397 609 ἄνδρας
1424 539 1833 608 συναγαγοῦσα,

495 624 847 687 Δτκελλευτάς
875 626 942 689 ’⁸,
975 625 1040 679 ἂν
1063 626 1207 680 εἴποι
1257 645 1363 692 τις,
1398 631 1742 700 φιλοεργοὺς,
1790 631 2066 701 δοκίμους,

496 717 608 784 Τὴν
633 716 875 770 ἄκανθαν
897 717 1175 772 ἀνέσπασε
1195 720 1294 789 τῆς
1326 722 1711 794 είκονομαχίας
1749 725 1820 778 ³⁸.

510 812 817 882 Ἐνθέρμως
846 814 893 867 δ’
925 815 1254 870 ίκετεύσασα
1282 819 1327 849 ’⁷
1355 819 1481 880 τοὺς
1531 819 1850 884 θεσπεσίους
1876 821 2071 895 ἄνδρας

506 902 679 973 ’Υπὲρ
715 905 812 957 τοῦ
848 904 1254 978 συζυγήσαντος
1276 909 1597 964 λιτάσασθαι
1626 912 1685 965 τὸ
1718 914 1894 980 Θεῖον,

442 1022 448 1027 ~
499 993 607 1046 Καὶ
632 996 868 1049 πείσασα
893 999 986 1051 καὶ
1017 999 1287 1052 πίστωσιν
1316 1001 1530 1055 τελείαν
1558 1002 1825 1073 δεξαμένη

511 1084 596 1148 Ὠς
619 1085 728 1138 τῶν
759 1086 1008 1158 βασάνων
1038 1089 1149 1142 τῶν
1176 1091 1292 1144 ἐκεῖ
1312 1091 1571 1161 Θεόφιλος
1606 1095 1870 1165 ὲρῤύσθη.

507 1175 854 1243 Ὀμόδειπνος
878 1182 1096 1250 ἐγένετο
1117 1184 1164 1216 ³⁸
1190 1186 1302 1248 τοῖς
1327 1187 1491 1255 ἱεροῖς
1515 1187 1776 1256 ἀνδράσιν

510 1267 741 1338 ’Δϐράν,
766 1270 1248 1345 λιπαρο-τράπεζαν
1271 1279 1515 1333 ἑστίασιν
1544 1280 1793 1334 τελοῦσα.

499 1356 670 1426 Συνῆν
693 1359 738 1411 δ’
763 1360 944 1426 αὐτοῖς
982 1363 1013 1416 ό
1052 1364 1286 1435 χρύσεος
1340 1368 1442 1435 τὴν
1466 1367 1718 1436 γλῶσσαν
1774 1369 2077 1441 Θεοφάνης,

508 1447 570 1501 '0
604 1449 701 1519 τὴν
717 1454 921 1522 πικρὰν
951 1454 1267 1523 ὑπενεγκὼν
1311 1458 1483 1524 στίξιν
1512 1461 1568 1512 ὲν
1600 1462 1674 1529 τῷ
1714 1461 1972 1533 μετώπῳ,

499 1536 611 1607 Τῆς
632 1539 884 1612 Νικαέων
905 1543 1111 1608 πόλεως
1136 1546 1212 1600 ὢν
1243 1548 1545 1619 ἀρχιθύτης
1577 1551 1622 1583 ²⁹
1645 1550 1787 1605 τότε.

510 1626 599 1690 Ὦς
630 1629 811 1686 τοίνυν
848 1633 1158 1704 ἐνητένιζεν
1189 1640 1220 1708 ἡ
1251 1638 1504 1710 Θεοδώρα
1532 1641 1706 1713 τούτῳ

500 1721 612 1773 Καὶ
648 1723 708 1775 τὸ
736 1729 1195 1800 καρτεροκάρδιον
1226 1731 1389 1803 ἐῴκει
1421 1733 1799 1806 θαμϐουμένῃ,

502 1812 689 1877 Συνεὶς
733 1817 939 1882 ἐκεῖνος
979 1819 1150 1891 ἔφησε
1200 1823 1453 1893 σκληρῶς
1485 1827 1578 1878 καὶ
1618 1827 1978 1897 πικροθύμως
2012 1830 2079 1861 ³ο·
2115 1807 2155 1859 Β

507 1918 531 1952 ε
577 1899 741 1973 Ὁρᾷς
775 1906 875 1976 τὴν
894 1912 1331 1980 προμετὼπειον.
1365 1913 1598 1979 ἄνασσα,
1634 1917 1840 1988 ταύτην
1879 1918 2084 1987 στίξινς

508 1990 712 2079 ῘΕνεκα
761 1995 970 2067 ταύτης
1017 1999 1156 2068 πρὸς
1186 2000 1279 2055 τὸν
1332 2003 1423 2056 σὺν
1471 2003 1764 2074 δικάσομαι
1817 2008 2082 2079 γαμέτην,

507 2075 681 2135 Ὅπου
718 2084 913 2156 κριτὴς
940 2089 969 2141 δ
988 2087 1286 2157 πάγκοινος
1322 2092 1595 2147 ἀδέκαστα
1633 2093 1844 2158 δικάζει
1874 2075 1941 2161 ³³,

504 2172 638 2226 Οὐδὲ
663 2176 931 2245 λαμϐάνει
959 2178 1272 2250 πρόσωπον,
1305 2184 1424 2237 οὐδὲ
1458 2185 1882 2256 δωροληπτεϊται
1912 2187 1978 2252 ³²ο

506 2266 642 2319 Οὐδὲ
664 2267 763 2338 τὴν
794 2271 1205 2343 περιπόρφυρον
1232 2274 1486 2345 χλαμύδα
1508 2277 1861 2331 δυσωπεῖται.
1904 2297 1923 2331 ι

505 2358 650 2426 Πρὸς
677 2359 831 2414 ταῦθ’
859 2364 892 2433 ἡ
924 2363 1284 2435 περιλάλητος
1317 2368 1375 2420 ὲν
1400 2368 1645 2436 γυναιξὶν
1672 2370 1856 2440 ἐκείνη

506 2452 822 2520 Περιπαθὲς
878 2453 1164 2526 οίμώξασα
1188 2460 1282 2512 καὶ
1316 2458 1488 2531 μέσης
1510 2462 1575 2515 ὲκ
1606 2461 1855 2534 καρδίας,

504 2540 619 2592 Καὶ
641 2541 1110 2613 δακρυσίστακτον
1133 2547 1304 2618 αὐτῆς
1334 2549 1395 2601 τὸ
1424 2549 1715 2620 πρόσωπον
1738 2551 1959 2622 θεμένη,

516 2631 607 2696 Ὠς
628 2634 807 2705 κρήνη
831 2653 913 2700 τις
950 2637 1281 2708 μελάνυδρος
1303 2639 1502 2709 ὑψόθεν
1523 2642 1663 2695 κατά
1706 2643 1910 2713 πέτρας

507 2723 612 2775 Τὸν
637 2726 764 2797 ῥοῦν
791 2727 1245 2799 διακρουνίζουσα
1276 2732 1490 2800 φλεϐῶν
1514 2734 1578 2788 ὲκ
1603 2734 1648 2766 ³³
1675 2735 1976 2805 ναματίων,

505 2816 696 2889 Φωνὴν
770 2816 1060 2892 ἐξέρρηξεν
1129 2823 1391 2895 οἰκτρὰν,
1478 2825 1677 2896 δεῖγμα
1756 2827 1857 2897 τῆς
1938 2827 2085 2883 ἔνδον

1845 2935 2036 3009 [ζάλης
2062 2955 2077 2970 ⁶

506 3124 658 3181 labat
681 3132 738 3180 et
764 3131 1005 3198 segetem
1031 3126 1307 3198 copiosam
1342 3128 1572 3191 ferebat.
1604 3134 1754 3188 velut
1785 3149 1912 3205 ager
1935 3136 2085 3191 exci—

512 3224 708 3272 tatusa
734 3216 971 3274 favoniis
1012 3226 1070 3274 et
1097 3220 1217 3291 ejus
1274 3221 1502 3291 spiritus
1549 3224 1724 3294 gratia
1773 3227 1867 3296 qui
1905 3227 2089 3283 omnia

509 3308 748 3379 perficit.
799 3309 1169 3377 Quamobrem
1231 3313 1438 3370 coactis
1493 3314 1809 3372 hominibus
1855 3320 2094 3390 acceptis

510 3400 646 3465 Deo,
677 3416 818 3472 quos
843 3417 956 3458 non
986 3402 1171 3475 inepte
1203 3404 1408 3461 dixeris
1442 3406 1744 3463 industrios
1778 3409 1881 3465 soli
1925 3410 2095 3466 fosso-

509 3508 623 3559 res,
653 3495 843 3564 spinas
870 3497 1295 3568 oppugnationis
1338 3499 1635 3572 imaginum
1684 3518 1911 3572 prorsus
1937 3504 2094 3559 evulo

511 3586 605 3643 sit.
636 3585 885 3656 Cumque
913 3587 1133 3644 divinos
1162 3589 1415 3646 homines
1464 3591 1723 3648 ardenter
1748 3593 2094 3649 obsecrasset

512 3685 576 3730 ut
605 3691 797 3746 preces
821 3677 889 3731 ad
918 3678 1088 3733 Deum
1121 3695 1223 3749 pro
1250 3680 1449 3736 marito
1488 3682 1749 3738 defuncto
1777 3682 2092 3750 funderent,

513 3766 681 3835 idque
714 3766 1080 3835 persuasisset
1120 3769 1223 3832 eis,
1250 3777 1307 3824 et
1334 3771 1493 3839 plane
1531 3773 1642 3842 jam
1701 3773 1905 3828 certior
1950 3784 2097 3830 esset

512 3857 657 3912 facta
681 3856 1047 3928 Theophilum
1077 3860 1305 3916 alterius
1325 3863 1456 3917 vita:
1492 3864 1775 3933 suppliciis
1802 3865 2095 3922 liberatum

512 3964 677 4017 esse,
729 3949 871 4007 forte
905 3966 1029 4006 cum
1063 3953 1267 4008 sanctis
1309 3953 1418 4010 illis
1459 3955 1778 4012 hominibus
1825 3957 2096 4033 instructo

515 4041 676 4097 valde
725 4042 913 4113 opimo
968 4042 1221 4099 convivio
1274 4044 1596 4115 prandebat.
1654 4045 1921 4102 Intererat
1968 4048 2099 4104 huic

515 4141 719 4203 praeter
745 4133 883 4190 alios
908 4135 1076 4190 etiam
1102 4151 1268 4192 aurea
1298 4137 1485 4209 lingua
1513 4138 1777 4209 praeditus
1800 4138 1891 4195 ille
1919 4140 2100 4196 Theo-

517 4232 747 4301 phanes,
788 4231 944 4302 102
982 4231 1138 4303 cujus
1181 4232 1341 4288 faciei
1392 4245 1536 4288 notae
1581 4250 1689 4289 non
1736 4234 1854 4290 sine
1909 4235 2100 4292 dolore

518 4335 716 4391 magno
768 4320 965 4376 iniustae
1012 4322 1251 4378 fuerant.
1304 4324 1437 4379 Erat
1491 4334 1671 4381 autem
1714 4326 1819 4383 hoc
1852 4336 2099 4398 tempore

519 4413 775 4482 princeps
804 4412 957 4467 urbis
984 4412 1217 4469 Nicaeum
1245 4425 1450 4484 pastor.
1478 4415 1618 4470 Eum
1655 4416 1942 4473 Theodora
1973 4434 2098 4474 cum

2175 546 2283 601 Kal
2311 550 2374 602 σὺ
2405 553 2499 604 καὶ
2533 547 2753 617 σύμπας
2789 551 2991 621 όχορδς
3016 550 3189 614 οὕτως
3216 549 3698 623 κατεπηγγέλλους
3726 570 3743 601 ο

2190 640 2435 695 Ἐνταῦθ’
2472 644 2501 696 ό
2535 641 2998 711 μελιχρόγλωττος
3029 641 3295 706 Μεθόδιος
3317 645 3346 695 ὁ
3380 641 3545 706 θεῖος,

2189 734 2537 806 ’Δγελαρχῶν
2567 738 2663 805 τῆς
2697 735 2849 806 ἱερᾶς
2875 733 3108 804 ποίμνης
3135 735 3235 805 τῆς
3266 735 3390 797 νέας
3420 733 3466 767 ⁸⁸
3510 732 3746 805 Ῥώμης,

2191 828 2577 899 Ἐπιῤῥαπίςει
2608 827 2668 881 τὸ
2701 826 2835 880 πολὺ
2861 826 2959 897 τῆς
2984 826 3189 897 τόλμης
3207 826 3538 897 Θεοφάνους,

2182 925 2595 996 Παραμυθεῖται
2624 923 2723 994 τὴν
2744 921 2913 993 καλὴν
2934 920 3150 992 ἐκείνην
3180 920 3452 991 βασιλίδα.

2180 1017 2320 1080 Τοὺς
2337 1016 2447 1070 τῶν
2467 1016 2719 1086 δακρύων
2750 1015 2973 1085 ὀχετοὺς
2996 1015 3265 1087 εὐτέχνως
3288 1017 3611 1080 ἀνακόπτει,

2183 1107 2553 1175 Κατασιγάζει
2579 1106 2671 1160 τὸν
2701 1104 2873 1177 βαρὺν
2899 1105 3145 1159 κλύδωνα
3166 1108 3267 1175 τῆς
3297 1107 3547 1177 καρδίας,

2182 1199 2387 1267 Λόγους
2418 1199 2596 1270 ψυχῆς
2626 1199 2995 1269 μαλακτικους
3025 1198 3101 1263 ὡς
3132 1198 3311 1252 ἔλαιον
3349 1197 3640 1265 σταλάξας.

2181 1288 2389 1358 Μέχρις
2416 1289 2512 1359 μὲν
2535 1283 2627 1342 οὗν
2655 1289 2685 1342 ό
2717 1287 2970 1358 βασιλεὺς
2995 1282 3064 1357 ἦν
3089 1287 3169 1340 ἔτι
3198 1286 3579 1355 παιδαρίσκος,

2183 1380 2342 1449 Αὐτῷ
2364 1380 2529 1449 συνῆν
2557 1381 2589 1447 ἡ
2619 1379 2829 1449 βασιλὶς
2846 1378 2940 1432 καὶ
2971 1378 3157 1449 μήτηρ
3183 1376 3438 1447 Θεοδώρα

2186 1474 2296 1525 Kal
2320 1471 2478 1525 πάντ’
2525 1471 2700 1524 ἐποίει
2729 1469 2939 1534 δεξιῶς,
2975 1466 3230 1523 ίθύνουσα
3267 1465 3513 1535 κοσμίως

2186 1564 2298 1635 Τὴν
2328 1564 2462 1619 ναῦν
2487 1564 2588 1635 τὴν
2622 1563 3031 1635 μεγαλόφορτον
3053 1560 3156 1632 τῆς
3186 1558 3756 1634 σκηπτροκρατορίας.

2201 1658 2356 1714 Ἐπεὶ
2380 1657 2424 1712 δ’
2444 1658 2525 1721 εἰς
2544 1657 2687 1729 ἦὸην
2711 1655 2911 1729 ἧλασεν
2939 1656 2968 1710 ό
2998 1652 3217 1727 Μιχαὴλ
3242 1653 3490 1721 ἀκμαίαν

2190 1751 2303 1805 Καὶ
2333 1751 2492 1823 μόνος
2518 1748 2883 1820 ὲπεδράττετο
2919 1744 3264 1819 πραγμάτων
3292 1743 3651 1816 τηλικούτων,

2191 1845 2413 1915 Ἔργοις
2448 1844 2511 1896 τὸ
2543 1841 2908 1919 μυθευόμενον
2934 1837 3134 1904 ἔδειξεν
3153 1835 3438 1909 ἀληθεύειν
3463 1850 3481 1867 ·

2202 1936 2292 1999 Ὧς
2314 1935 2473 1998 ἄλλος
2494 1934 2604 2005 γὰρ
2639 1931 2964 2003 αὐτόχρημα
3006 1928 3228 2009 Φαέθων
3263 1926 3550 2005 νηπιάζων

2199 2026 2314 2096 Ἐφ’
2334 2026 2579 2098 ἅρματος
2608 2022 2839 2096 ἡνιοχῶν
2868 2023 3101 2076 εὐίππου
3124 2018 3482 2092 πυριτρόχου.

2186 2119 2298 2172 Kal
2326 2118 2425 2188 τὴν
2474 2115 2763 2186 Ῥωμαίων
2794 2113 3013 2168 ἃπασαν
3044 2111 3216 2166 ὤλεσε
3247 2109 3584 2183 χωραρχίαν,

2185 2207 2358 2272 Αὐτός
2388 2224 2448 2261 τε
2483 2205 2956 2277 παπποπατρικῆς
2984 2204 3160 2276 ἀρχῆς
3181 2200 3561 2274 ὲξεδιφρίσθη,

2187 2299 2299 2354 Kal
2322 2298 2391 2352 κύ
2401 2298 2607 2368 μϐαχος
2636 2296 2936 2351 κατέπεσεν
2953 2296 3045 2349 ἐπὶ
3067 2293 3304 2365 βρεχμὺν
3332 2292 3427 2346 καὶ
3453 2291 3620 2355 νῶτα,

2200 2390 2406 2460 Ἀπέόη
2427 2390 2471 2423 ⁸⁸
2487 2387 2596 2458 γὰρ
2619 2386 2874 2458 ύγρόδιος
2906 2386 3166 2456 ἄντικρυς
3187 2384 3346 2449 ἀλλος
3366 2383 3584 2455 Νέρων,

2188 2481 2473 2553 Πάροινος,
2507 2477 2916 2551 μαλακόψυχος,
2954 2475 3181 2549 μάχλος,
3216 2473 3621 2548 ἀκρατοπότης,

2191 2573 2359 2636 Ὅλας
2383 2572 2684 2644 χρημάτων
2730 2567 3014 2625 ἐπαντλῶν
3067 2567 3335 2632 ἀϐύσσους
3366 2567 3411 2601 ³⁸
3452 2568 3565 2630 τοῖς
3622 2580 3763 2637 συμο

3455 2657 3759 2728 [παίκταις.

2192 2751 2535 2815 Γελοιασταῖς
2564 2750 2662 2805 καὶ⁸
2712 2751 2977 2820 ῥυπαροῖς
3013 2748 3505 2819 ἀρματοστρόφοις,
3552 2746 3760 2816 μίμοις,

2191 2844 2348 2913 ’Ἅμα
2381 2841 2528 2911 πρωῒ
2550 2841 2806 2896 διώκουσι
2836 2841 2934 2905 τὰς
2957 2840 3380 2912 ἀκρατοποσίας,

2191 2937 2303 2991 Καὶ
2334 2935 2446 3006 βίον
2469 2933 2833 3007 τρυφερόϐιον
2867 2931 3043 3004 βιοῦσι
3064 2931 3391 3002 Συϐαρίτην,

2842 3084 2878 3100 _
3447 3020 3601 3077 Vers.
3627 3015 3762 3072 5057

2196 3138 2385 3205 rande,
2443 3147 2613 3208 tuque
2669 3145 2924 3206 totusque
2974 3142 3150 3191 coetus
3188 3133 3282 3188 bic
3322 3131 3392 3187 de
3437 3130 3766 3199 imperatore

2194 3246 2319 3287 meo
2352 3229 2487 3284 mihi
2513 3228 2740 3299 polliciti
2770 3226 2944 3283 estis?
2972 3245 2993 3279 ι
3025 3225 3105 3281 lbi
3129 3224 3352 3279 divinus
3374 3230 3427 3278 et
3449 3236 3544 3275 ore
3571 3220 3767 3273 melleo

2193 3324 2456 3396 praeditus
2503 3322 2595 3378 ille
2639 3320 2982 3385 Methodius,
3044 3317 3139 3388 qui
3180 3326 3312 3373 tunc
3350 3314 3492 3385 apud
3536 3312 3766 3367 Romam

2195 3430 2391 3470 novam
2423 3413 2565 3469 sacri
2596 3411 2775 3483 gregis
2806 3418 2993 3481 pastor
3018 3418 3157 3475 erat,
3203 3407 3370 3462 nimia
3417 3400 3768 3472 Tbeopbanis

2196 3508 2424 3565 audacia
2457 3507 2769 3575 ferociaque
2794 3503 3152 3574 reprehensa,
3181 3498 3494 3571 praeclaram
3529 3494 3768 3565 impera-

2198 3602 2388 3657 tricem
2415 3599 2754 3661 consolatur,
2794 3604 2911 3652 arte
2942 3594 3091 3649 rivos
3117 3593 3478 3664 laerymarum
3508 3584 3766 3648 obstruit,

2197 3709 2414 3764 gravem
2459 3690 2642 3747 cordis
2696 3695 3075 3758 tempestatem
3133 3684 3325 3749 sedat,
3363 3676 3772 3737 emollieutibus

2198 3785 2442 3839 animum
2471 3783 2658 3838 verbis
2684 3793 2939 3852 tanquam
2972 3779 3094 3835 oleo
3118 3775 3355 3848 quodam
3381 3769 3680 3829 instillatis.

2269 3875 2539 3931 Craterum
2573 3872 2817 3944 quandiu
2854 3888 2992 3942 puer
3028 3876 3147 3925 erat
3189 3869 3511 3936 imperator,
3540 3868 3769 3916 matrem

2200 3968 2546 4023 Theodoram
2581 3981 2769 4021 secum
2794 3963 3053 4025 habebat,
3082 3975 3205 4032 quae
3230 3955 3414 4015 omnia
3457 3954 3648 4008 dextre
3682 3963 3773 4019 ge-

2202 4058 2359 4114 rebat
2389 4056 2793 4127 imperiumque
2820 4053 3077 4125 praeclare
3101 4044 3541 4105 administrabat.
3567 4042 3768 4098 Verum

2201 4148 2293 4203 ubi
2316 4146 2613 4202 Michaelus
2633 4153 2904 4198 maturam
2934 4141 2999 4195 ad
3026 4148 3242 4194 aetatem
3266 4130 3534 4205 pervenit.
3549 4130 3772 4199 jamque

2202 4238 2351 4294 solus
2384 4234 2804 4306 amplitudinem
2842 4230 3185 4301 negotiorum
3226 4223 3440 4296 imperii
3477 4229 3774 4293 procurare

2202 4327 2389 4399 coepit,
2425 4341 2616 4395 reapse
2648 4338 2842 4379 verum
2890 4321 3024 4376 illud
3055 4317 3308 4391 probavit
3338 4329 3459 4408 esse
3499 4309 3647 4408 quod
3690 4313 3777 4408 est

2203 4421 2260 4474 in
2308 4417 2547 4472 fabulis.‘
2576 4415 2789 4485 Quippe
2821 4429 2969 4480 mox,
3019 4419 3080 4467 ut
3117 4411 3255 4465 alter
3296 4404 3519 4477 quidam
3556 4403 3776 4472 juvenis

518 4502 695 4558 oculis
726 4502 920 4558 deﬁxis
972 4503 1282 4559 intueretur
1311 4519 1376 4559 ac
1400 4506 1507 4559 viri
1543 4507 1884 4563 tolerantiam
1921 4509 2098 4564 admi-
2132 4527 2178 4578 ῃ
2204 4508 2508 4571 Phaethon,
2532 4521 2701 4562 curru
2728 4516 3053 4565 conscenso,
3074 4508 3249 4555 totum
3274 4499 3646 4553 Romanorum
3675 4488 3775 4543 im-

520 4592 628 4646 rari
662 4591 965 4658 videretur,
998 4608 1057 4647 re
1081 4592 1448 4660 Theophanes
1485 4594 1761 4650 intellecta
1791 4585 2102 4668 cum‘aspe-

521 4684 598 4740 ris
623 4683 889 4753 durisque
922 4683 1141 4738 verbis:
1172 4702 1191 4734 ι
1227 4683 1412 4751 Vides,
1450 4704 1468 4736 ι
1507 4684 1708 4756 inquit,
1749 4707 1767 4738 ι
1797 4703 1830 4743 o
1860 4689 2099 4759 impera—

522 4775 649 4841 trix,
678 4774 887 4830 inustas
915 4774 1076 4830 hasce
1106 4773 1274 4830 fronti
1307 4790 1444 4831 mea;
1471 4778 1666 4833 notas?
1698 4779 1898 4834 Earum
1935 4795 2101 4837 causa

521 4866 618 4920 illo
644 4865 698 4921 in
724 4864 935 4937 judicio
963 4872 1154 4921 contra
1187 4866 1445 4921 maritum
1498 4875 1653 4922 tuum
1702 4869 1974 4940 experiar,
2007 4872 2102 4927 ubi

521 4956 696 5014 Iudex
730 4956 1056 5013 universalis
1087 4957 1442 5029 integerrime
1462 4958 1701 5030 judicat,
1727 4976 1830 5017 nec
1861 4962 1945 5017 vel
1979 4980 2103 5034 per-

520 5064 714 5105 sonam
731 5049 1050 5120 cujusquam
1070 5050 1292 5121 respicit
1310 5052 1396 5106 vel
1417 5052 1740 5109 muneribus
1753 5056 2025 5126 corrumpi
2043 5072 2102 5112 se

523 5140 731 5209 patitur
755 5139 838 5195 vel
866 5156 1196 5210 purpuream
1226 5142 1570 5214 chlamydem
1624 5155 1930 5202 reveretur.
1962 5167 1980 5198 ι
2017 5147 2100 5203 Ad

523 5249 587 5286 ea
618 5232 784 5288 verba
820 5233 1194 5291 laudatissima
1236 5236 1552 5306 imperatrix
1578 5236 1781 5306 ejulatu
1807 5255 1873 5294 ex
1907 5238 2102 5295 intimo

528 5324 698 5378 corde
727 5323 970 5386 sublato,
1005 5340 1196 5380 vocem
1226 5326 1370 5380 banc
1405 5328 1770 5383 miserabilem
1793 5329 1985 5393 edidit.
2021 5331 2105 5384 in-

530 5414 671 5493 terni
714 5414 923 5469 doloris
968 5424 1160 5472 testem
1204 5433 1219 5473 :
1267 5436 1285 5467 ι
1316 5416 1564 5473 liaeccine
1602 5419 1756 5484 mihi,
1799 5421 1884 5475 vir
1926 5421 2105 5476 admi-

2204 4599 2420 4670 perium
2450 4596 2710 4668 perdidit,
2743 4603 2800 4652 et
2853 4596 2972 4665 ipse
3000 4593 3069 4648 de
3100 4592 3247 4647 avito
3276 4589 3564 4659 patrioque
3609 4594 3776 4650 regno
3879 4636 3888 4644 _

2201 4690 2371 4746 veluti
2396 4705 2559 4745 curru
2584 4688 2818 4757 quodam
2837 4695 2923 4742 est
2940 4684 3266 4741 deturbatus
3283 4689 3340 4735 et
3362 4688 3641 4734 excussus,
3665 4685 3777 4724 non

2203 4796 2413 4852 pronus
2444 4788 2657 4835 tantum
2687 4777 2910 4844 cadens,
2948 4774 3044 4831 sed
3080 4773 3245 4829 etiam
3287 4769 3510 4826 dorsum
3550 4762 3776 4818 laedens.

2203 4873 2417 4944 Quippe
2446 4870 2741 4926 luxuriosa:
2765 4867 3117 4937 humidaque
3142 4865 3268 4919 vitae
3293 4878 3352 4918 se
3378 4856 3592 4916 dedidit
3628 4852 3781 4907 velut

2206 4966 2346 5020 alter
2374 4963 2538 5030 Nero,
2558 4960 2918 5016 immodestus
2948 4959 3005 5013 in
3046 4959 3200 5024 vino,
3227 4954 3411 5009 animo
3437 4946 3777 5005 effeminato.

2210 5054 2544 5124 impudicus,
2578 5052 2935 5115 temulentus,
2970 5056 3113 5105 totas
3153 5044 3514 5117 pecuniarum
3554 5040 3781 5137 abyssos

2209 5147 2264 5202 in
2303 5147 2604 5202 collusores
2630 5144 2984 5207 exhauriens,
3019 5142 3114 5211 qui
3141 5144 3301 5195 erant
3325 5147 3530 5191 scurra:
3554 5131 3777 5199 impuri,

2209 5253 2470 5295 curruum
2502 5237 2819 5308 agitatores,
2843 5234 3019 5297 mimi,
3046 5248 3077 5287 a
3109 5230 3288 5302 primo
3322 5223 3568 5282 diluculo
3601 5230 3778 5276 temu-

2209 5328 2392 5384 lentiae
2432 5327 2626 5387 dediti.
2669 5326 2897 5395 delicias
2925 5325 3178 5380 ciborum
3221 5328 3279 5376 et
3315 5317 3568 5374 suavium
3620 5324 3783 5378 opso-

2211 5424 2432 5477 niorum
2475 5420 2635 5476 avide
2663 5426 2995 5491 quaerentes,
3042 5423 3190 5471 totos
3229 5412 3349 5470 dies
3389 5405 3534 5481 apud
3568 5404 3785 5463 iuvere-

1869 5544 2078 5606 Variaa
2114 5542 2451 5606 lectiones.

601 5666 645 5697 ²⁵
675 5664 1046 5729 ὃικελλευτοὺς
1106 5664 1220 5720 AR.
1336 5669 1380 5697 "
1413 5666 1795 5736 είκονομανίας
1838 5668 1952 5720 AR.

531 5807 571 5839 ’θ
595 5806 1138 5871 ἀϐύσσουςὲξαντλῶν
1158 5810 1452 5875 χρημάτων
1484 5806 1548 5862 ll.
1632 5808 1671 5838 ³⁷
1700 5807 1904 5869 εὐέύων
1935 5810 1998 5865 Α.

2058 5669 2103 5698 ⁸⁷
2131 5666 2457 5720 ἱκετεύουσα
2491 5666 2556 5721 ll.

531 5736 575 5767 ⁸⁰
601 5736 809 5804 πικρῶς
840 5737 914 5789 Μ.
991 5738 1031 5769 ³¹
1067 5737 1357 5797 ἀδέκαστος
1408 5734 1616 5801 δικάζει
1658 5739 1715 5789 Α.
1798 5738 1844 5768 ³⁸
1865 5738 2245 5805 δωροδοκεῖται
2280 5734 2343 5790 Β.
2421 5737 2464 5768 ³³
2489 5736 2593 5789 τῶν
2621 5735 2745 5790 add.
2782 5734 2894 5792 Αιι.

2666 5666 2710 5697 ’⁸
2728 5664 2938 5728 ἐγίνετο
2965 5659 3079 5717 AR.
3196 5661 3240 5694 "
3274 5651 3630 5728 ιίιρχιιιιοίμηνΔ
3662 5645 3783 5728 All.

2760 5681 2938 5733 γινετο
2965 5681 3079 5717 an.
3198 5681 3239 5694 "
3274 5681 3614 5728 αρχιπυιμιιν
3662 5681 3782 5701 ηιι.

2782 5734 2894 5792 Αιι.
2973 5733 3019 5765 ³⁸
3051 5732 3248 5803 νεαρᾶς
3283 5731 3347 5783 Δ.
3425 5725 3467 5757 ³³
3496 5718 3669 5791 ἐπέϐη
3718 5721 3782 5777 Α.
