4138 6216
490 361 606 427 409

485 472 910 545 Λιχνευομένοις
937 472 1018 538 είς
1047 475 1257 547 τρυφὰς
1287 477 1495 549 εόόψων
1513 480 1557 513 ³⁷
1587 481 1922 553 ἐδεσμάτων,

487 566 596 621 Καὶ
621 565 1107 635 συνδιημερεύουσι
1161 570 1405 637 γυναίοις
1436 574 1774 640 ἀκολάστοις,

488 654 599 709 Kal
620 655 840 707 πίνουσι
873 655 967 708 καὶ
994 657 1250 720 παίζουσι
1282 662 1377 714 καὶ
1394 664 1910 731 γυναικομανοῦσιν,

494 747 584 809 Ὠς
606 747 737 816 πρὶν
766 748 796 798 ό
825 747 1250 817 Σαρδανάπαλος
1271 753 1299 805 ό
1320 754 1486 807 Νίνου
1542 755 1888 823 βασιλεύσας.

484 839 758 903 Τοιούτοις
781 840 846 909 δή
879 858 992 893 τισι
1032 842 1206 895 συνὼν
1234 844 1675 917 διεφθαρμένοις,
1709 850 1902 912 πόταις

496 932 550 984 ‘A
560 933 921 1003 ρῤητουργοῖς
952 934 1046 986 καὶ
1064 935 1447 1006 φαυλουργοῖς,
1468 939 1665 1003 κακίας
1689 940 2065 1011 τελετάρχαις,

494 1019 821 1090 Ὀμόστολος
845 1021 1058 1089 ἐγίνετο
1082 1024 1377 1077 Μαινάδων
1408 1025 1786 1098 θυρσοφόρων,

484 1112 594 1165 Kal
621 1116 741 1174 ταῖς
761 1114 1141 1177 Διονυσιακαῖς
1181 1114 1469 1185 βακχείαις
1511 1119 1811 1190 ὲνετρύφα,

497 1202 777 1257 Ἐντεῦθεν
808 1204 960 1257 πότοι
989 1206 1085 1258 καὶ
1114 1206 1267 1275 χοροὶ
1305 1207 1400 1260 καὶ
1429 1209 1590 1278 μέθαι
1621 1211 1717 1262 καὶ
1765 1211 2063 1281 κρατῆρες,

494 1294 773 1362 Ἀσὲμνων
805 1310 867 1346 τε
920 1294 1015 1347 καὶ
1048 1297 1324 1366 πορνικῶν
1348 1299 1612 1369 ᾀσμάτων
1655 1301 1963 1371 dammae“;
1998 1303 2066 1367 ιι,

486 1386 598 1438 Kal
629 1385 884 1455 λογισμοὶ
916 1387 962 1419 ⁸⁸
987 1388 1353 1459 γελωτουργοὶ
1382 1392 1477 1444 καὶ
1530 1395 1681 1447 πᾶσα
1728 1395 2064 1466 ῥυπαρότης.

486 1477 661 1531 Μύθοι
695 1478 794 1546 μὲν
825 1477 919 1531 οὖν
958 1478 1264 1534 ’Λκταίωνά
1288 1499 1422 1550 φασι
1441 1484 1532 1537 τὸν
1556 1484 1892 1555 θηροφόντην

496 1566 584 1628 Ὦς
609 1568 768 1631 κύνες
798 1569 1167 1623 διεσπάσαντο
1192 1571 1556 1643 λυττήσαντες
1585 1575 1661 1638 ὡς
1691 1575 1837 1644 θῆρα
1857 1591 1872 1606 ⁸

488 1660 734 1723 Κόλακες
761 1660 818 1713 δὲ
852 1661 944 1713 τὸν
969 1662 1190 1735 Μιχαὴλ
1228 1668 1763 1737 περιεστοιχηκότες»

499 1748 877 1819 Ἐξυρισμένοι
902 1751 1195 1821 πώγωνας,
1231 1755 1738 1828 ὲψιμμυθιωμένοι,

485 1842 578 1906 Είς
635 1845 787 1895 ποῖον
840 1842 1114 1916 βάραθρον
1153 1847 1318 1901 αὐτὸν
1363 1849 1563 1913 κακίας
1583 1852 1684 1905 οὐκ
1739 1852 2065 1925 ὲρῤίπτουν;

498 1932 779 1987 Ἐντεῦθεν
800 1936 829 1988 ό
852 1936 1175 2006 περίοπτος,
1203 1940 1232 1991 ό
1256 1940 1366 1994 τῶν
1405 1940 1694 2011 Ῥωμαίων
1716 1945 1960 2015 κράτωρ,

483 2025 656 2083 Αὐτός
677 2025 839 2079 αὐτὸν
869 2027 1156 2082 ἐπέδαινεν
1197 2031 1461 2100 ἁρμάτων
1514 2035 1925 2104 χρυσαντύγων,

485 2117 795 2189 Τετρὼροις
831 2119 1139 2189 ἐπεκάθητο
1165 2122 1261 2174 καὶ
1281 2122 1495 2193 δίφροις
1532 2126 1939 2195 χρυσοδίφροις.

489 2211 602 2263 Kal
635 2210 904 2283 θησαυροὶ
938 2211 1038 2282 μὲν
1072 2213 1340 2268 πάντοθεν
1373 2218 1674 2286 χρημάτων
1704 2218 2071 2288 ἀπηντλοῦντο

487 2302 598 2354 Kal
629 2303 698 2359 τά
731 2303 1023 2374 Ῥωμαίων
1048 2306 1108 2358 ὲν
1135 2304 1310 2375 στενῷ
1357 2308 1663 2377 πράγματα
1693 2311 2067 2382 καθειστήκει,

486 2393 731 2455 Κόλακες
758 2395 816 2448 δὲ
847 2397 943 2449 καὶ
966 2399 1246 2469 χρήμασιν
1278 2398 1537 2466 ἀφθόνοις
1587 2402 1923 2455 ὲνευπάθουν

379 2502 385 2507 ·
486 2488 597 2541 Kal
626 2488 970 2558 χιτωνίσκοις
1002 2490 1047 2523 ⁸⁸
1077 2495 1375 2563 τρυφεροῖς
1403 2492 1497 2547 καὶ
1525 2495 1754 2560 πέπλοις
1786 2497 2069 2569 χρυσοπά-

1870 2587 2066 2662 [στοις.

490 2668 676 2733 υῦτως
699 2670 882 2740 ὑγρῶς
913 2673 1008 2727 καὶ
1046 2674 1309 2745 μαλακῶς
1334 2676 1364 2729 ό
1393 2677 1615 2749 Μιχαὴλ
1646 2678 1819 2733 ὲὸίου.
1874 2660 1885 2662 γ
2028 2660 2031 2663 ἱ

489 2761 758 2820 Πολλάκις
785 2763 843 2817 δὲ
879 2766 1015 2836 μηδέ
1054 2783 1200 2832 τινος
1225 2769 1662 2841 κατεπειγούσης
1694 2771 1886 2840 χρείας
1914 2772 1958 2805 ⁸⁸

493 2852 661 2923 ’Δτερ
690 2853 947 2922 φυλάκων
965 2857 1062 2911 καὶ
1086 2860 1352 2928 φρουρᾶς,
1384 2858 1516 2927 ἄτερ
1541 2859 1987 2931 δορυφορούντων

491 2942 667 3007 Μόνος
691 2944 854 3009 αὐτὸς
884 2947 1202 3019 παρώδευεν
1234 2949 1293 3002 ὲν
1327 2948 1525 3021 μέσαις
1553 2952 1674 3015 ταῖς
1696 2950 1957 3022 τριόδοις,

491 3256 700 3314 cundas
740 3256 1095 3315 mulierculas
1144 3257 1448 3330 exigentes,
1496 3266 1745 3329 potores,
1789 3260 2068 3331 ludiones,

491 3347 783 3403 libidinum
828 3348 1066 3404 ﬂammis
1112 3349 1393 3416 furentes;
1453 3350 1632 3421 qualis
1682 3352 1897 3408 scilicet
1941 3353 2071 3408 olim

491 3448 607 3494 erat
637 3441 729 3495 ille
755 3440 1180 3511 Sardanapalus.
1217 3458 1315 3497 rex
1344 3442 1747 3497 Ninevitarum.
1786 3444 2073 3514 Ejusmodi

493 3530 776 3586 hominum
800 3531 1204 3587 consuetudine
1229 3541 1413 3595 utens,
1447 3533 1774 3588 temulentia
1808 3533 2074 3588 nimirum

492 3621 852 3690 perditorum,
886 3619 1107 3674 infanda
1148 3628 1206 3675 et
1250 3620 1565 3691 turpissima
1611 3636 1845 3691 quaeque
1885 3637 2077 3693 perpe-

495 3712 810 3775 trantium,
861 3710 1034 3764 vitam
1089 3711 1252 3781 plane
1298 3711 1665 3782 Sybariticam
1721 3712 2071 3784 degentium,

491 3803 657 3858 etiam
686 3802 954 3858 Maenades
982 3803 1103 3860 illas
1136 3805 1475 3877 thyrsigeras
1505 3806 1875 3862 comitabatur
1902 3816 1958 3862 et
1988 3823 2077 3862 or-

490 3896 579 3964 gia
624 3894 823 3949 Bacchi
863 3894 1196 3951 celebrabat.
1237 3896 1392 3966 103
1427 3897 1567 3952 llinc
1616 3898 2071 3968 compotationes,

490 3986 832 4048 saltationes.
871 3987 1190 4051 ebrietates,
1233 3997 1503 4053 crateres,
1542 3987 1961 4044 inhonestorum
2010 4004 2075 4043 ac

492 4077 930 4134 tneretriciorum
947 4078 1252 4134 carminum
1276 4079 1583 4145 cautiones,
1617 4079 1841 4135 directa:
1860 4088 2072 4134 tantum

492 4169 558 4223 ad
617 4169 943 4224 excitandos
973 4169 1117 4225 risus
1152 4171 1534 4242 cogitationes.
1568 4172 1751 4227 omnis
1784 4173 2075 4242 impuritas

491 4259 1002 4331 denique.Tradunt
1018 4260 1214 4316 fabula:
1237 4262 1476 4318 ferarum
1496 4263 1898 4319 interfectorem
1924 4263 2075 4317 illum

491 4355 805 4407 Actaeonem
843 4368 875 4407 a
917 4354 1189 4424 correptis
1246 4354 1437 4410 furore
1479 4355 1710 4410 canibus
1753 4370 1853 4410 ceu
1903 4354 2075 4409 feram

492 4440 852 4496 dilaceratum
882 4457 1027 4497 esse.
1054 4442 1124 4496 At
1144 4458 1277 4497 vero
1315 4452 1687 4497 assentatores
1725 4443 1926 4499 barbas
1967 4442 2076 4498 rasi

1621 369 2131 432 COMPENDIUM
2169 371 2645 436 CHRONICUM.

2093 3181 2143 3245 C

3635 378 3744 445 4ἓο

2096 490 2137 545 Α
2180 486 2455 554 ’Δσέμνως
2480 485 2885 556 θεατρομανῶν,
2921 485 3124 556 χαίρων
3152 487 3527 559 ίππηλασίαις.

2181 573 2424 642 Ἐγίνετό
2445 592 2502 628 τε
2526 574 2623 627 καὶ
2652 574 2839 645 πατὴρ
2871 578 3101 630 παιδίων
3119 578 3265 631 κατὰ
3290 579 3529 649 πνεῦμα,

2167 665 2290 718 Τῶν
2326 666 2511 735 μίμων
2535 667 2603 720 τά
2631 666 2928 737 βρεφύλλια
2984 672 3078 722 καὶ
3106 670 3216 723 τῶν
3272 672 3745 742 άρματοστρόφων

2168 751 2270 809 Οἷα
2297 758 2480 828 πατὴρ
2508 757 2861 829 φιλόστοργος
2888 760 3070 829 φέρων
3091 763 3149 815 ὲν
3189 765 3312 825 ταῖς
3340 763 3605 829 ἀγκάλαις

2180 848 2275 900 Ἐκ
2309 845 2402 899 τοῦ
2426 846 2651 916 λουτροῦ
2688 849 3072 919 προκύπτοντα
3101 853 3201 921 τῆς
3232 851 3599 921 θεογενεσίας,

2182 937 2463 990 Ἐντεῦθεν
2500 938 2622 1006 (οὐκ
2651 938 2922 1008 ἐξήρκουν
2949 942 3059 1011 γὰρ
3091 942 3149 994 αἱ
3181 943 3377 1010 φλέϐες
3403 943 3495 996 τοῦ
3520 945 3746 1013 χρυσίου

2181 1027 2305 1079 Ἐπὶ
2328 1026 2614 1090 τοσούτους
2648 1031 2899 1097 ἀγωγοὺς
2931 1032 3257 1101 κινούμεναι
3287 1034 3612 1104 κοπρὼδεις)

2169 1119 2235 1171 Al
2259 1119 2719 1187 χρυσοσκεύαστοι
2756 1120 2941 1174 στολαὶ
2974 1123 3082 1174 τῶν
3116 1123 3283 1177 πάλαι
3340 1124 3608 1192 βασιλέων

2172 1211 2281 1262 Kal
2307 1209 2498 1280 δένδρα
2524 1210 2594 1263 τά
2623 1211 2965 1281 κατάχρυσα,
2992 1215 3253 1283 στρουθία
3282 1232 3343 1269 τε
3378 1218 3446 1269 τά
3478 1215 3639 1281 λάλα,

2171 1301 2280 1353 Kal
2307 1300 2521 1364 λέοντες
2546 1294 2877 1372 σξρυρήλατοι
2905 1304 3108 1375 χρυσοῦ
3156 1309 3537 1378 πεποιημένοι,

2170 1389 2280 1440 Kal
2307 1390 2414 1441 πᾶν
2453 1389 2638 1453 ἁπλῶς
2670 1389 2941 1459 βασίλειον
2970 1392 3187 1463 λάμπον
3213 1397 3270 1446 ὲν
3298 1398 3640 1469 ἀνακτόροις,

2082 1539 2086 1542 _
2170 1480 2350 1548 Ἀπερ
2382 1480 2445 1532 τὸ
2461 1480 2592 1550 πρὶν
2618 1480 2876 1549 Θεόφιλος
2904 1482 3163 1553 εἴργαστο
3182 1485 3485 1558 φιλοτίμως

2170 1571 2263 1634 Εἰς
2282 1571 2502 1642 λάλημα
2532 1571 2917 1642 περίλαμπρον
2953 1575 3191 1643 ἐσόμενα
3227 1575 3544 1644 Ῥωμαίοις,

2169 1662 2382 1732 Χωνείᾳ
2410 1661 2777 1731 παρεδίδοντο,
2801 1664 2987 1727 κακῶς
3011 1664 3365 1729 ὲξεκενοῦντο

2172 1754 2264 1813 El;
2297 1752 2579 1823 μυσαροὺς
2608 1752 2704 1805 καὶ
2732 1752 3021 1822 βδελυροὺς
3055 1754 3307 1824 σωλῆνας
3355 1755 3747 1826 πολυτρήτους.

2169 1846 2243 1897 Οὐ
2267 1844 2443 1897 ταῦτα
2480 1844 2525 1897 δ’
2558 1846 2588 1897 ὁ
2623 1844 2894 1912 χοιρόδιος
2918 1845 3220 1916 τετόλμηκε
3249 1849 3345 1901 καὶ
3379 1848 3537 1917 μόνα,

2181 1935 2325 1989 Ἀλλ’
2352 1935 2446 1988 ἐπὶ
2473 1936 2695 2007 χείρονα
2722 1934 2868 2006 ζωὴν
2902 1938 3231 2008 προκόπτων
3270 1939 3543 2009 ὁσημέραι

2180 2026 2506 2097 Ἐλύττησεν
2542 2028 2572 2079 ό
2595 2028 2853 2090 κάκιστος
2880 2028 3024 2082 κατὰ
3050 2028 3158 2082 τῶν
3192 2031 3512 2100 μυστηρίων

2170 2119 2291 2173 Τῶν
2320 2118 2480 2188 ἱερῶν
2508 2118 2602 2172 καὶ
2631 2119 2879 2191 Σεραφὶμ
2908 2120 3091 2183 αὐτοῖς
3123 2119 3481 2185 άξιοσέπτων,

2170 2211 2282 2264 Kal
2317 2211 2504 2282 σίνηπι
2530 2211 2871 2281 δριμύχυμον
2891 2211 3100 2281 ἐγχέων
3131 2212 3214 2274 είς
3242 2212 3489 2281 κρατῆρα

2170 2303 2281 2373 Τὴν
2311 2303 2595 2370 ἁγιστείαν
2623 2303 2723 2373 τὴν
2748 2303 2984 2374 φρικτὴν
3006 2303 3167 2373 δῆθεν
3189 2304 3556 2376 ὲτελετάρχει,

2170 2393 2409 2462 Παίζων,
2442 2395 2607 2465 φασὶν
2629 2394 2699 2461 δ’,
2744 2396 2805 2448 ἐν
2853 2396 2912 2448 οὐ
2944 2397 3217 2463 παικτοῖς,
3248 2396 3424 2465 γελῶν
3454 2399 3512 2451 ὲν
3546 2396 3748 2465 ἀγελά-

3546 2486 3745 2559 [στοις.

2234 2574 2389 2630 Οὓτω
2417 2575 2639 2647 βιοῦντα
2672 2576 2949 2649 Μιχαὴλή
2984 2578 3169 2649 μήτηρ
3201 2577 3497 2650 καθορῶσα

2170 2669 2283 2721 Kal
2314 2669 2568 2739 παίγνιον
2604 2670 2892 2741 γινόμενον
2937 2670 2983 2703 ⁸³
3014 2670 3107 2723 τὸν
3156 2672 3402 2743 κράτορα
3463 2671 3753 2742 Ῥωμαίων

2170 2760 2254 2813 Τά
2282 2761 2566 2831 σπλάγχνα
2599 2761 3013 2833 συνεστριφετο,
3040 2762 3222 2835 ψυχὴν
3254 2763 3607 2829 συνεδονεῐτο,

2170 2852 2280 2905 Kal
2299 2850 2479 2921 λόγοις
2506 2852 2896 2923 ὲσωφρόνιζεν,
2924 2849 3221 2924 ὲρύθμιζε,
3262 2851 3525 2925 παρῄνει,

2172 2946 2588 3020 Βδελυροτήτων
2613 2948 3002 3021 αίσχρουργῶν
3027 2949 3265 3020 ἀπάγειν
3289 2948 3575 3019 ἐπειρᾶτο.

3426 3037 3590 3097 Vers.
3615 3038 3749 3096 59H

2174 3254 2511 3313 necessitate
2539 3261 2774 3324 cogente
2812 3252 2966 3307 solus
2992 3250 3202 3321 absque
3228 3251 3525 3307 satellitum
3558 3265 3759 3320 corpo-

2175 3350 2363 3418 risque
2400 3346 2690 3402 custodum
2721 3344 2986 3400 comitatu
3022 3342 3222 3397 mediis
3261 3343 3317 3396 in
3351 3341 3533 3396 triviis
3562 3341 3753 3395 obam-

2175 3438 2420 3503 bulabat,
2457 3437 2716 3490 indecore
2751 3450 2817 3490 ac
2849 3435 3099 3489 furenter
3131 3432 3397 3487 adamans
3421 3433 3756 3502 spectacula,

2175 3531 2357 3599 deque
2391 3528 2788 3601 agitationibus
2832 3541 3105 3597 equorum
3141 3525 3482 3595 voluptatem
3512 3527 3756 3593 capiens.

2173 3620 2354 3676 Etiam
2390 3617 2762 3689 spiritualium
2787 3617 3088 3672 liberorum
3120 3625 3276 3687 pater
3298 3614 3486 3678 flebat,
3522 3613 3760 3668 infantes

2174 3711 2470 3766 mimorum
2502 3720 2559 3766 et
2591 3709 2905 3778 aurigarum
2928 3723 3031 3764 ceu
3059 3708 3332 3779 benignus
3351 3716 3508 3777 pater
3530 3706 3585 3760 in
3616 3706 3761 3759 ulnis

2174 3815 2411 3877 gestans,
2446 3821 2478 3861 e
2500 3805 2717 3860 lavacro
2748 3804 2949 3859 divinae
2973 3802 3410 3874 regenerationis
3445 3810 3756 3871 susceptos.

2174 3897 2363 3967 Itaque
2401 3897 2522 3952 auri
2567 3910 2719 3951 venae
2763 3895 2930 3950 nulla:
2974 3894 3341 3958 sufﬁciebant,
3392 3909 3516 3949 cum
3569 3893 3624 3948 in
3679 3902 3762 3946 tot

2176 4000 2488 4044 stercoreos
2539 3988 2760 4043 canales
2808 3988 3259 4043 exhaurirentnr.
3292 3987 3485 4042 Vestes
3516 4000 3582 4039 ex
3624 4000 3761 4039 auro

2175 4080 2333 4135 facta:
2358 4079 2554 4150 priscis
2584 4079 2654 4133 ab
2699 4078 3149 4148 imperatoribus,
3180 4076 3410 4130 arbores
3437 4090 3640 4136 aureae,
3671 4091 3763 4128 ca-

2175 4188 2327 4228 nora:
2376 4172 2622 4236 aviculae,
2671 4170 2847 4226 solido
2892 4185 2958 4224 ex
3017 4184 3154 4223 auro
3208 4166 3496 4222 fabrefacti
3548 4167 3760 4226 leones.

2177 4262 2362 4317 omnia
2391 4261 2631 4330 denique
2661 4268 2986 4314 ornamenta
3013 4257 3389 4330 imperatoria,
3417 4272 3539 4327 qua:
3557 4257 3611 4311 in
3635 4257 3761 4311 aula

2178 4354 2545 4425 splendebant
2591 4362 2649 4407 et
2694 4367 2723 4406 a
2754 4351 3066 4421 Theophilo
3100 4348 3390 4421 magnifice
3433 4349 3651 4404 fuerant
3690 4348 3759 4401 ad

2179 4449 2609 4506 celebrationem
2661 4445 2893 4501 Romani
2934 4445 3176 4501 nominis
3218 4443 3504 4509 confecta,
3551 4441 3759 4497 fornaci

493 4542 549 4588 et
576 4549 771 4588 cerusa
814 4532 983 4589 fucati
1020 4549 1147 4589 cum
1184 4535 1512 4589 Michaelum
1565 4535 2072 4606 circumstipassent
2097 4522 2151 4582 D
2177 4541 2519 4600 conflatorite
2547 4540 2913 4594 tradebantur
2938 4546 2995 4593 et
3028 4537 3298 4592 scelerate
3323 4537 3376 4590 in
3397 4534 3761 4591 exsecrabiles

493 4637 549 4679 et
576 4624 833 4695 indagine
862 4624 1020 4694 quasi
1063 4624 1388 4688 cinxissent,
1425 4626 1480 4679 in
1527 4627 1675 4695 quod
1722 4626 2068 4692 barathrum,

494 4735 656 4785 quam
693 4718 954 4773 vitiorum
984 4720 1303 4789 voraginem
1345 4735 1472 4774 eum
1522 4736 1632 4775 non
1674 4722 2069 4792 coniecerunt!

493 4808 635 4864 llinc
658 4809 823 4865 fiebat
846 4818 908 4864 ut
931 4810 1249 4880 spectabilis
1266 4812 1356 4867 ille
1376 4813 1749 4867 Romanorum
1774 4812 2074 4882 imperator

495 4901 609 4965 ipse
645 4917 845 4956 currus
872 4917 1071 4957 aureos
1101 4903 1500 4958 conscenderet
1538 4918 1605 4957 ac
1628 4903 1911 4974 quadrigis
1942 4904 2075 4959 insi-

494 4995 668 5048 deret.
704 4994 1067 5049 Peeuniarum
1121 4996 1370 5051 thesauri
1424 4997 1667 5066 undique
1712 5010 1940 5065 prorsus
1981 5012 2077 5051 ex-

496 5084 915 5148 hauriebantur,
931 5101 1129 5156 resque
1145 5088 1515 5142 Romanorum
1536 5088 1591 5142 in
1614 5097 1906 5158 angustum
1920 5102 2079 5157 coge-

496 5177 715 5229 bantur.
744 5176 968 5231 lnterim
999 5176 1317 5233 adulatores
1360 5177 1416 5232 in
1445 5178 1683 5232 maxima
1714 5178 2073 5250 pecuniarum

495 5266 831 5324 abundantia
846 5267 1090 5337 jucunde
1101 5268 1379 5334 vivebant,
1398 5269 1586 5325 amicti
1612 5270 1816 5327 tunicis
1827 5270 2077 5326 delicatis

495 5368 548 5411 et
582 5359 755 5428 peplis
785 5375 921 5414 auro
969 5358 1316 5416 intertextis:
1347 5361 1487 5416 adeo
1535 5363 1889 5417 temulentam
1940 5363 2077 5416 mol-

496 5449 713 5519 lemque
741 5449 909 5505 vitam
940 5450 1237 5508 Michaelus
1255 5453 1472 5524 agebat.
1498 5453 1900 5525 Nonnunquam
1926 5453 2076 5509 nulla

2171 4634 2441 4707 quosdam
2474 4633 2630 4703 quasi
2664 4631 2828 4687 tubos
2855 4630 3289 4685 evacuabantur.
3320 4628 3509 4697 Neque
3547 4635 3756 4679 tantum

2170 4728 2481 4799 hazclausus
2502 4733 2590 4780 est
2621 4724 2866 4779 imitator
2897 4722 2988 4777 ille
3018 4722 3144 4777 vita:
3166 4720 3407 4790 porcina:
3436 4717 3751 4787 designare.

2170 4820 2266 4875 sed
2289 4817 2710 4887 etiamquotidie
2739 4816 3017 4887 profectus
3043 4814 3099 4867 in
3129 4810 3467 4882 turpitudine
3490 4809 3756 4879 quosdam

2169 4911 2381 4966 faciens
2429 4910 2699 4964 adversus
2746 4912 3101 4962 sacrosancta
3149 4902 3432 4974 mysteria,
3488 4900 3755 4969 Sen-phis

2171 5004 2308 5073 ipsis
2348 5001 2711 5065 venerabilia,
2749 5000 2836 5053 vir
2874 4997 3249 5067 nequissimus
3290 4992 3755 5049 debacchahatur.

2170 5095 2382 5164 Quippe
2410 5107 2593 5148 acrem
2621 5091 2798 5161 sinapi
2824 5103 3049 5144 succum
3076 5086 3130 5140 in
3182 5096 3452 5140 craterem
3497 5084 3755 5146 fundens,

2171 5198 2388 5239 sacrum
2433 5183 2567 5237 illud
2600 5180 2949 5321 formidalfile
2978 5175 3427 5248 repraesentabat,
3455 5174 3673 5235 ludens,
3700 5184 3759 5228 ut

2173 5269 2291 5321 dici
2321 5271 2482 5321 solet.
2510 5270 2565 5321 in
2602 5269 2670 5321 iis
2696 5284 2817 5321 oua:
2873 5267 3043 5321 udum
3088 5266 3382 5321 iocumque
3410 5279 3521 5319 non
3561 5263 3759 5318 admit-

2173 5269 2291 5324 dici‘
2321 5271 2482 5333 solet,
2510 5270 2565 5323 in
2602 5269 2670 5324 iis
2696 5284 2817 5338 qua:
2848 5263 3043 5321 ludum
3081 5266 3382 5335 jocumque
3410 5279 3521 5319 non
3561 5263 3759 5318 admit-

2179 5371 2321 5424 tunt,
2352 5369 2409 5416 et
2440 5361 2625 5416 ridens
2646 5361 2702 5414 in
2735 5360 2961 5414 minime
2989 5358 3263 5413 ridiculis.

2246 5455 2326 5510 lta
2371 5455 2646 5511 viventem
2696 5455 3022 5512 Michaclum
3056 5463 3231 5510 mater
3257 5453 3472 5519 videns,
3501 5461 3558 5508 et
3587 5451 3756 5522 impc-

1847 5610 2052 5673 Varim
2090 5610 2425 5673 lectiones.

588 5769 633 5807 ³³
663 5772 940 5842 inimum;
971 5774 1031 5826 A.
1109 5773 1152 5805 ³⁵
1184 5773 1439 5844 λιγυσμοὶ
1462 5773 1574 5830 ΑΗ.
1652 5777 1696 5808 ⁵⁰
1726 5778 1991 5846 χιτωνίοες
2018 5789 2080 5833 Λ.
2162 5781 2199 5812 δ’
2249 5780 2367 5848 βίας
2411 5778 2472 5834 ιι.

2584 5783 2624 5812 Η
2653 5781 2817 5849 φησὶν
2851 5784 2914 5835 Δ.
2993 5780 3035 5811 ⁸³
3070 5777 3357 5848 γενόμ-νον
3386 5775 3476 5832 ΔΗ
