4122 6212
402 352 507 416 M3

398 470 582 531 Ὅσοις
604 466 766 521 αὐτὸν
786 465 1053 521 ὑπέϐαλον
1077 466 1278 530 eum;
1299 484 1356 520 τε
1378 467 1471 520 καὶ
1498 467 1731 538 Βάρδας,

406 558 496 624 Ὦς
526 560 590 614 ἂν
622 560 1041 629 ὐποσ-ημήνηται
1089 559 1308 629 γραφὰς
1340 560 1689 632 ίδιογράφους

406 645 495 710 Ὠς
516 646 687 700 θέλων
712 645 1089 700 ἀποδύσασθαι
1116 646 1161 680 ⁵⁸
1193 649 1292 718 τὴν
1317 648 1469 718 ἱερὰν
1494 652 1678 721 ὲρέαν.

395 739 781 814 ’Λπορριζοῦσι
815 742 914 810 μὲν
944 741 1108 795 αὐτοῦ
1134 742 1231 811 τὴν
1259 743 1625 813 ὀὼντοφυῖαν,

395 836 508 897 Τὰς
533 834 788 903 γνάθους,
812 833 913 902 φεῦ
935 834 949 886 ί
979 833 1341 903 συντρίϐουσι,
1385 835 1483 899 τὰς
1507 836 1762 905 σιαγόνας
1778 838 1964 893 θλῶσι.

394 927 664 995 Καθάπερ
695 925 752 978 δὲ
777 925 1089 996 χαιρομυσῆ
1119 926 1423 997 λῄσταρχον
1455 931 1825 999 κακεργάτην,

393 1017 627 1087 Γυμνδν,
648 1016 936 1088 δεσμώτην
967 1016 1107 1086 (ἥλιε
1132 1017 1224 1070 καὶ
1242 1018 1311 1087 γῆ
1337 1018 1377 1086 ί)
1412 1021 1860 1090 προσεφαπλοῦσι

391 1105 601 1178 Ψυχρῷ
622 1107 920 1179 μαρμάρῳ,
945 1107 1176 1178 λάρνακι
1213 1106 1437 1161 δυσώδει
1471 1112 1859 1182 κοπροφύρτῳ,

389 1196 636 1267 Φερούσῃ
655 1197 744 1248 τδν
766 1197 1149 1250 κατάπτυστον
1169 1197 1362 1267 νεκρὸν
1409 1197 1503 1251 τοῦ
1559 1199 1962 1270 Κοπρωνύμου.

405 1286 549 1340 Ἅλλ⁹
575 1288 673 1339 οὐκ
699 1289 778 1350 είς
802 1287 953 1350 τέλος
974 1287 1162 1341 ἔλαθεν
1190 1289 1222 1357 ἡ
1246 1288 1549 1359 πάντολμος
1596 1292 1844 1362 παλάμη.

401 1378 462 1432 '0
490 1377 757 1448 τυρευτὴς
791 1376 847 1432 δὲ
871 1377 979 1431 τῶν
1010 1378 1194 1431 κακῶν
1227 1379 1452 1432 ἀπέτισε
1477 1382 1575 1452 τὴν
1603 1380 1784 1452 δίκην,

393 1473 503 1524 Καὶ
525 1471 631 1525 τῶν
654 1470 842 1524 δεινῶν
864 1474 891 1523 ὁ
915 1473 1221 1540 σκευαστὴς
1239 1471 1358 1525 ἔπιε
1383 1472 1589 1541 σκύφον
1623 1473 1820 1544 θυμοῦ.

1529 348 2039 420 COMPENDIUM
2076 350 2559 415 CHRONICUM.

1988 458 2044 527 Α
2078 468 2271 536 ’Ὅπερ
2297 470 2417 523 ἰδὼν
2445 470 2718 536 Βασίλειος
2749 473 2776 525 ὁ
2800 471 3065 526 Μακεδὼν
3097 473 3125 526 ὁ
3155 472 3348 544 μέγαςν

3544 358 3652 424 414

2092 562 2135 615 Ο
2191 561 2323 630 παρ’
2369 564 2533 617 αὑτοῦ
2568 563 2661 617 τοῦ
2689 563 2909 633 Μιχαὴλ
2939 564 3161 636 κράτωρ
3196 561 3661 635 προϐεϐλημένος,

2077 653 2187 708 Καὶ
2222 654 2281 706 τὸ
2311 655 2644 725 παλίμϐολον
2682 657 2844 708 αὑτοῦ
2876 656 2975 724 τῆς
3005 655 3229 724 γνώμης
3273 654 3600 723 ὑποτρέσας,

2075 745 2371 814 Δείννὲγνω
2399 745 2831 815 προκαταλαϐεῖν
2867 746 2962 797 καὶ
2992 749 3500 815 προκαταταχῆσαι.

2078 836 2271 890 Ἔνθεν
2295 854 2374 890 τοι
2401 838 2561 903 φόνου
2592 837 2807 906 κίρνησι
2839 837 2917 909 τῷ
2946 837 3165 907 Μιχαὴλ
3193 836 3463 905 κρατῆρα,

2080 928 2263 981 Ἔτεσι
2297 928 2431 998 πρὸς
2464 930 2576 992 τοῖς
2618 929 2878 998 τέσσαρσι
2916 929 3048 981 δέκα
3081 926 3445 996 κεκρατηκότι
3481 926 3549 988 ³⁸,

2074 1018 2185 1073 Καὶ
2199 1020 2550 1090 μονοκράτωρ
2572 1021 2776 1087 γίνεται
2799 1021 2891 1073 καὶ
2913 1021 3135 1088 κράτωρ
3160 1019 3660 1089 σκηπτροκράτωρλ

2073 1112 2150 1165 Οὐ
2184 1114 2292 1181 γὰρ
2327 1111 2596 1181 θυγάτηρ,
2630 1112 2725 1181 οὐχ
2756 1111 2868 1173 υἱὸς
2896 1111 2972 1180 τῷ
3011 1111 3227 1180 Μιχαὴλ
3260 1110 3453 1180 ἐτέχθη
3477 1127 3491 1141 °

2074 1202 2146 1256 Τὸ
2171 1203 2391 1273 σπέρμα
2416 1203 2545 1272 γὰρ.
2582 1204 2715 1271 φασὶ
2753 1203 2926 1271 σοφοὶ,
2960 1201 3019 1253 τὸ
3056 1202 3163 1255 τῶν
3193 1204 3585 1272 εὐκαταφόρων

2073 1294 2165 1354 Εἰς
2210 1292 2527 1362 Ἀφροδίτης
2574 1293 2737 1362 ὄργια
2765 1293 2826 1344 τὸ
2857 1293 3077 1361 γόνιμον
3104 1296 3205 1345 οὐκ
3240 1292 3351 1361 ἔχει
3381 1291 3448 1344 ⁸³.

2140 1376 2339 1430 Τοῦτόν
2368 1393 2531 1446 φασιν
2560 1379 2657 1448 τὴν
2689 1379 2926 1433 ἄνασσάν
2962 1396 3091 1432 ποτε
3118 1380 3487 1449 θεασαμένην,

2070 1468 2182 1539 Τὴν
2211 1467 2307 1520 καὶ
2331 1466 2474 1539 ψυχῇ
2512 1468 2833 1539 βασίλισσαν
2864 1470 2957 1522 καὶ
2992 1468 3129 1540 τύχῃ
3164 1468 3470 1538 Θεοδώραν,

391 1563 603 1633 Βάρδας
634 1563 731 1632 μὲν
760 1561 854 1616 οὖν
882 1562 930 1596 ³⁸
963 1563 1040 1634 τῷ
1070 1562 1282 1633 βασιλεῖ
1305 1563 1494 1635 βόθρον
1508 1564 1762 1636 ὀρύσσων
1796 1565 1962 1634 φόνου
2070 1560 2284 1614 Τοιαῦτ⁹
2310 1562 2484 1614 εἰπεῖν
2510 1562 2642 1631 πρὸς
2671 1562 2914 1632 Μιχαήλ’
2938 1559 3036 1617 «Ὢ
3063 1561 3284 1631 βασιλεῦ
3317 1557 3408 1615 καὶ
3440 1562 3652 1625 τέκνον,

391 1654 563 1717 Αὐτὸς
595 1654 803 1716 ἐκεῖνος
826 1655 905 1717 είς
931 1654 1093 1707 αὐτὸν
1126 1654 1350 1719 ἐνδίκως
1373 1657 1716 1729 κατερράγη,

406 1743 463 1794 ’θ
497 1742 552 1795 δὲ
578 1742 886 1812 κακοῦργος
907 1743 1105 1806 Φώτιος
1137 1742 1459 1797 ἐκϐάλλεται
1490 1745 1583 1798 τοῦ
1638 1746 1851 1817 θρόνου.

391 1831 586 1896 Οὕτως
611 1833 766 1886 οὐδὲν
789 1833 858 1885 τά
881 1832 1126 1903 βλέφαρα
1152 1834 1288 1887 Θεοῦ
1311 1836 1677 1907 διαδιδράσκει
1712 1838 1783 1901 ⁸“,

390 1923 580 1988 Οὖτως
614 1925 1011 1979 ἀνταποδίδωσι
1045 1924 1178 1989 Θεὸς
1211 1927 1608 1997 ὑπερηφάνοις,

406 2017 470 2070 ’Π
501 2017 639 2087 λύρα
662 2017 855 2085 ψάλλει
888 2017 980 2072 τοῦ
1006 2017 1170 2071 Δαϐὶδ
1196 2020 1751 2091 ή-καλλιμελεστάτη.

459 2109 520 2162 ’0
551 2107 801 2178 βασιλεὺς
830 2108 884 2162 δὲ
937 2108 1155 2179 Μιχαὴλ
1184 2111 1571 2180 διφρηλασίαις
1600 2111 1806 2183 χαίρων

390 2200 502 2253 Καὶ
530 2199 825 2270 δαιμονίως
865 2201 913 2233 ⁸⁸
972 2198 1253 2270 ἐντρυφῶν
1275 2204 1398 2266 ταῖς
1431 2202 1615 2270 φίλαις
1676 2203 1967 2267 ίππασίαις

394 2294 569 2363 Συνῆν
599 2294 693 2347 καὶ
737 2295 1070 2366 συνδιέτριϐε
1096 2298 1208 2359 τοῖς
1231 2295 1719 2367 θεατρομανοῦσιν,

388 2386 563 2448 Αὐτὸς
582 2386 739 2450 αὐτὸ,
773 2388 1103 2457 ἀναπληρῶν
1132 2389 1229 2459 τὴν
1248 2391 1735 2462 ἁρματηστροφίαν
1762 2393 1828 2447 ⁸³.

389 2476 501 2528 Καὶ
530 2476 591 2546 δή
626 2493 753 2529 ποτε
780 2480 839 2530 τὺ
867 2477 1139 2549 τέτρωρον
1165 2477 1223 2532 εὗ
1265 2480 1775 2553 χαλινοστροφήσας

391 2567 504 2619 Καὶ
537 2568 673 2636 πρός
695 2585 840 2632 τινος
873 2569 1207 2639 ἀνυμνηθεὶς
1242 2568 1485 2641 τοῦνομα
1533 2572 1861 2627 Βασιλίσκου

392 2658 710 2727 Ἀμείϐεται
738 2660 832 2713 τὸν
858 2660 1106 2731 ύμνητὴν
1138 2660 1198 2715 ού
1223 2661 1413 2725 λίθοις,
1439 2662 1499 2716 οὐ
1526 2665 1755 2737 χρυσίῳ,

394 2748 532 2803 arma
566 2749 624 2804 δὲ
651 2750 713 2804 τὸ
741 2749 1012 2821 βασίλειον
1044 2749 1175 2821 ὕψος
1206 2751 1596 2824 φιλοτιμεῖται.

389 3017 587 3089 possit,
621 3015 824 3087 quibus
848 3014 1118 3087 Ignatium
1146 3015 1378 3072 Photius
1413 3024 1472 3072 et
1518 3016 1727 3074 Bardas
1766 3034 1966 3075 excru-

391 3108 827 3180 ciabaut?105
847 3108 1117 3165 Nimirum
1145 3116 1205 3163 ut
1229 3112 1466 3180 propriae
1506 3126 1704 3167 manus
1735 3113 1970 3169 subscri-

389 3205 582 3273 ptione
601 3210 899 3258 testaretur
917 3201 1179 3257 amictum
1215 3217 1274 3257 se
1299 3217 1511 3257 sacrum
1538 3214 1733 3273 sponte
1753 3221 1851 3261 sua
1877 3206 1972 3262 de-

389 3306 628 3363 ponere,
663 3292 856 3347 dentes
894 3291 1106 3345 homini
1147 3290 1414 3345 radicitus
1448 3293 1753 3360 excutiunt,
1806 3311 1973 3366 genas

390 3384 778 3449 contundunt,
816 3381 1064 3438 maxillas
1111 3382 1406 3453 frangunt;
1450 3397 1551 3439 ceu
1599 3385 1973 3454 piacularibus

392 3477 614 3549 ﬂagitiis
630 3475 955 3548 gaudentem
981 3477 1256 3532 latronum
1280 3474 1501 3541 ducem,
1525 3475 1854 3544 maleﬁcum,
1876 3494 1975 3532 nu-

392 3571 525 3625 dum
558 3579 613 3625 et
633 3570 881 3624 vinctum
911 3570 965 3641 (0
1004 3570 1105 3633 sol,
1137 3584 1170 3625 ο
1196 3577 1341 3624 terra
1361 3570 1400 3638 l)
1421 3567 1477 3623 in
1505 3567 1764 3640 frigidum
1790 3571 1974 3640 sepul-

391 3678 547 3717 crum
582 3675 974 3725 marmoreum,
998 3660 1220 3725 faetens,
1255 3662 1527 3732 pollutum
1561 3671 1825 3729 stercore,
1860 3678 1973 3732 quo

391 3751 758 3807 abominabile
782 3751 1017 3806 cadaver
1043 3752 1393 3824 imperatoris
1428 3752 1763 3824 Coprouymi
1790 3753 1974 3809 couti-

389 3844 647 3910 uehatur,
681 3854 972 3899 extensum
998 3852 1113 3899 toto
1135 3858 1366 3915 corpore
1393 3842 1698 3916 deﬂmunt.
1727 3844 1833 3901 Sed
1856 3846 1975 3901 haec

389 3938 602 3992 audens
627 3935 846 4007 quidvis
872 3952 1068 3991 manus
1100 3946 1369 4008 perpetuo
1426 3937 1598 3992 Deum
1645 3938 1816 3993 latere
1862 3953 1971 3993 non

389 4028 593 4097 potuit.
622 4025 834 4099 Quippe
865 4028 1135 4089 malorum
1171 4029 1514 4083 machinator
1536 4044 1729 4099 pinnas
1759 4029 1886 4096 luit,
1918 4039 1973 4085 et

391 4128 588 4175 auctor
627 4132 998 4175 aerumnarum
1032 4119 1223 4191 lguatii
1260 4120 1524 4191 scyphum
1562 4120 1861 4176 iracundia:
1889 4120 1971 4176 di-

385 4210 532 4265 vina:
572 4210 775 4266 hausit.
807 4211 1010 4266 Bardas
1045 4211 1193 4265 enim
1225 4209 1435 4266 foveam
1463 4211 1628 4266 cmdis
1654 4212 1971 4282 imperatori

389 4301 603 4356 fodiens
635 4301 749 4371 ipse
778 4301 832 4355 in
861 4302 1008 4356 illam
1037 4302 1185 4371 justo
1211 4303 1422 4375 judicio
1450 4300 1695 4373 p'racceps
1724 4305 1968 4359 corruit:

388 4398 692 4452 sceleratus
741 4408 925 4451 autem
980 4396 1213 4451 Photius
1265 4396 1354 4451 ille
1408 4397 1545 4452 solio
1599 4398 1971 4467 patriarchiro

2080 1653 2242 1724 Ὁρᾷς
2270 1654 2360 1707 τὸν
2393 1653 2558 1727 ἄνδρα
2585 1654 2676 1706 τὸν
2701 1654 2866 1706 πολὺν
2904 1651 3093 1706 τοῦτον
3133 1652 3227 1705 καὶ
3252 1653 3299 1685 ⁸⁸
3331 1652 3633 1722 ῥωμαλέον,

2069 1744 2173 1796 Τὸν
2205 1745 2354 1814 παρᾶ
2384 1743 2477 1797 σοῦ
2510 1743 2820 1815 τιμώμενον
2852 1744 2947 1797 καλ⁹
2985 1744 3031 1775 ⁸⁸
3066 1743 3420 1812 συνδιάγοντά
3451 1761 3563 1807 σοι;

1994 1824 2035 1881 υ
2065 1829 2231 1900 Οὗτος
2258 1838 2319 1890 τὸ
2350 1837 2526 1905 γένος,
2560 1836 2692 1906 φεῦῑ
2740 1835 2896 1907 ἡμῶν
2921 1835 2996 1900 ὡς
3022 1836 3237 1906 δράκων
3267 1833 3563 1905 ἐκροφήσει

2069 1929 2175 1982 Καὶ
2202 1928 2562 1999 προνομεύσει
2594 1930 2686 1981 καὶ
2716 1929 2895 1981 κτενεῖ
2926 1928 3020 1981 καὶ
3068 1926 3344 1991 παντελῶς
3384 1925 3630 1995 ὲκτρίψει

2067 2019 2337 2089 Καθάπερ
2369 2017 2580 2089 ὄρνιθος
2609 2017 2827 2087 οἰκτροῦ
2867 2016 3095 2087 νηπίους
3132 2015 3473 2087 ὀρταλίχους.
3513 2035 3530 2066 ι

2148 2109 2311 2162 Ἀλλὰ
2335 2110 2443 2179 γὰρ
2477 2108 2623 2175 ἄξιον
2658 2112 2832 2162 εἰπεῖν
2859 2109 2928 2162 τὰ
2964 2110 3092 2179 περ)⁸
3125 2108 3428 2171 Βασιλείου,

2072 2201 2235 2253 Ὅθεν
2267 2201 2360 2254 καὶ
2389 2203 2547 2253 τίνων
2566 2199 2813 2263 ἔϐλαστε,
2848 2200 2990 2262 τίνες
3021 2198 3168 2269 αὐτῷ
3198 2199 3484 2276 γενάρχας.

2068 2290 2280 2362 Κὼμης
2313 2293 2410 2361 μὲν
2437 2289 2532 2344 οὖν
2564 2289 2849 2363 ἐξώρμητο
2888 2291 3121 2361 λυπρᾶς,
3157 2292 3652 2361 προσγειτονούσης

2068 2384 2147 2453 Τῇ
2182 2384 2520 2451 πρωτοπὸλει
2550 2387 2614 2453 τῇ
2646 2384 2873 2455 λαμπρᾷ
2899 2383 3007 2436 τῶν
3033 2384 3359 2437 Μακεδόνων
3381 2384 3554 2446 πόλει,

2075 2478 2175 2529 Ἦν
2200 2475 2258 2542 ἐξ
2302 2476 2553 2547 Ὀρέστου
2593 2476 2865 2546 φέρουσαν
2894 2477 3022 2545 πρὶν
3050 2476 3148 2544 τὴν
3174 2476 3493 2545 ἐπωνυμίαν

2085 2569 2366 2639 Ἀδριανὸς
2398 2570 2720 2636 δειμάμενος
2744 2569 2772 2621 ὁ
2804 2567 2913 2620 τῶν
2953 2565 3241 2637 Ῥωμαίων
3261 2566 3484 2637 κράτωρ

2072 2663 2182 2729 Τὴν
2213 2661 2404 2731 κλῆσιν
2434 2661 2729 2731 ἐχαρίσατο
2754 2663 2821 2730 τῇ
2856 2659 3006 2713 πόλει
3042 2658 3140 2730 τὴν
3183 2658 3339 2712 ἰδίαν.

2071 2753 2133 2806 Οἱ
2163 2752 2220 2805 δὲ
2256 2752 2433 2820 γονεῖς
2463 2751 2559 2805 καὶ
2588 2750 2882 2821 φυτουργοὶ
2911 2749 3005 2804 τοῦ
3037 2748 3392 2804 καλλικλάδου
3429 2747 3649 2819 δένδρου

3322 2839 3476 2896 Vcrs.
3510 2839 3649 2895 5197

2072 3023 2287 3079 videret
2314 3038 2542 3093 magnus
2579 3023 2669 3078 ille
2698 3020 2933 3077 Basilius
2972 3019 3216 3084 Macedo,
3262 3018 3357 3090 qui
3402 3020 3510 3091 jam
3561 3034 3651 3075 re-

2073 3114 2360 3170 nuntiatus
2387 3129 2418 3168 a
2462 3112 2726 3167 Michaelo
2761 3111 2938 3168 fuerat
2979 3112 3297 3181 imperator,
3336 3111 3653 3166 inconstan-

2079 3207 2208 3262 tiam
2240 3204 2480 3260 hominis
2509 3204 2721 3260 veritus
2749 3202 3206 3259 antevertendum
3237 3201 3491 3255 celeriter
3531 3202 3652 3272 ejus

2076 3308 2335 3354 conatum
2374 3296 2587 3353 statuit.
2637 3294 2983 3365 Quapropter
3025 3303 3294 3347 craterem
3337 3291 3648 3345 li-thiferum

2076 3391 2342 3447 Michaelo
2373 3391 2589 3453 miscet,
2619 3403 2789 3457 regno
2816 3400 2913 3455 per
2943 3383 3011 3436 Η
3036 3397 3210 3436 annos
3240 3381 3437 3451 polito,
3458 3397 3523 3435 ac
3550 3381 3652 3434 im-

2075 3480 2295 3554 perium
2334 3488 2588 3545 occupat.
2626 3475 2841 3548 Quippe
2893 3473 3193 3530 Michaelus
3225 3487 3403 3541 neque
3439 3487 3653 3526 mascu-

2075 3577 2181 3630 lam
2229 3588 2409 3643 neque
2462 3570 2751 3626 femineam
2800 3564 3043 3622 sobolem
3088 3562 3344 3624 habebat,
3388 3561 3533 3631 quod
3580 3562 3651 3617 de

2075 3663 2343 3730 sententia
2380 3662 2670 3718 doctorum
2703 3659 2989 3715 hominum
3017 3668 3203 3708 semen
3233 3651 3555 3722 proclivium
3594 3651 3651 3705 in

2074 3757 2344 3813 Venerem
2388 3751 2614 3808 minime
2654 3747 2948 3806 fecundqu
2982 3746 3056 3802 sit
3083 3758 3188 3798 nec
3219 3741 3285 3796 ad
3313 3742 3654 3813 procreatio-

2074 3864 2198 3904 nem
2232 3856 2442 3918 aptum.

2144 3940 2422 3998 Memoriae
2469 3938 2749 4011 proditum
2799 3946 2884 3992 est
2939 3936 3345 4008 impcratricem
3391 3929 3650 3987 Theodo-

2076 4050 2216 4097 ram,
2246 4046 2374 4087 vere
2406 4031 2588 4085 auimo
2616 4028 2936 4101 iudicioque
2965 4027 3168 4097 regiam
3198 4025 3480 4088 feminam,
3517 4036 3646 4076 cum

2073 4122 2269 4176 intuita
2297 4118 2556 4175 Basilium
2586 4117 2881 4189 aliquando
2914 4127 3081 4181 esset,
3119 4113 3433 4185 huiusmodi
3464 4111 3662 4167 verbis.

2075 4211 2404 4266 liichaelum
2463 4210 2633 4263 lilium
2683 4207 3083 4277 compellasse:
3138 4225 3154 4257 ι
3188 4204 3423 4262 Videsne
3469 4203 3662 4258 virum

2074 4304 2257 4366 hunc,
2306 4303 2603 4370 imperator
2653 4307 2710 4353 et
2753 4296 2865 4362 ﬁli,
2908 4296 3231 4367 praeclarum
3266 4305 3431 4368 atque
3482 4295 3648 4351 robu-

2075 4404 2252 4456 stum,
2295 4407 2457 4462 quem
2489 4390 2697 4445 honore
2734 4399 2789 4443 tu
2817 4388 3019 4454 aﬂicis,
3052 4398 3108 4444 et
3156 4398 3422 4460 perpetuo
3470 4399 3663 4443 tecum

389 4488 718 4543 deturbatus
750 4498 855 4543 est.
902 4488 994 4543 Sic
1042 4489 1181 4543 nihil
1232 4490 1459 4542 omnino
1512 4489 1731 4543 divinos
1780 4491 1970 4545 oculos
2001 4488 2047 4542 υ
2073 4486 2190 4539 est?
2221 4481 2320 4538 Hic
2351 4480 2612 4536 familiam
2640 4478 2793 4550 (heu)
2817 4487 3059 4534 nostram
3084 4478 3340 4533 draconis
3364 4478 3418 4533 in
3440 4492 3648 4532 morem

388 4579 562 4650 fugit;
606 4579 682 4635 sic
733 4578 876 4633 Deus
921 4579 1177 4648 superbis
1225 4579 1537 4633 mercedem
1566 4596 1720 4634 suam
1755 4579 1968 4644 tribuit,

390 4669 858 4739 quemadmodum
889 4668 1310 4740 elegantissima
1340 4668 1563 4723 Davidis
1590 4668 1703 4739 lyra
1738 4670 1904 4724 canit.

460 4762 728 4819 Caeterum
764 4763 1062 4825 Michaelus
1095 4764 1392 4833 imperator
1423 4779 1490 4818 ex
1535 4762 1971 4833 aurigationibus

390 4856 723 4924 voluptatem
767 4856 988 4924 capiens
1024 4855 1216 4909 saltem
1250 4853 1395 4924 apud
1438 4855 1562 4910 illos
1597 4854 1829 4924 degebat
1873 4855 1970 4925 qui

388 4945 722 5017 spectaculis
765 4946 830 5001 ad
873 4946 1144 5000 insaniam
1177 4961 1353 5015 usque
1387 4956 1563 5002 semet
1598 4945 1969 5011 oblectabant,

387 5045 445 5091 et
479 5036 597 5107 ipse
638 5038 828 5090 curule
851 5046 1128 5091 certamen
1159 5037 1475 5107 peragebat.
1509 5037 1647 5093 Cum
1679 5037 1972 5109 aliquando

388 5129 708 5200 quadrigam
740 5127 975 5184 solerter
1004 5128 1302 5185 admodum
1333 5140 1701 5195 converteret,
1740 5131 1845 5185 hoc
1867 5145 1969 5185 no-

387 5220 539 5275 mine
577 5220 833 5279 laudalus
875 5236 909 5276 a
956 5220 1192 5293 quodam
1240 5222 1504 5278 Basilisco
1555 5222 1969 5292 praedicatorem

388 5309 543 5363 illum
585 5324 749 5364 suum
790 5325 903 5366 non
951 5326 1109 5375 auro,
1147 5326 1251 5366 nec
1292 5311 1525 5382 gemmis
1567 5310 1826 5377 donabat,
1870 5310 1966 5366 sed

388 5398 804 5469 imperatoriam
851 5399 901 5455 ei
944 5399 1342 5456 sublimitatem
1391 5399 1749 5473 largiebatur.
1779 5400 1839 5456 Id
1874 5400 1968 5456 ubi

2076 4578 2442 4646 absorpturus
2471 4583 2575 4637 est,
2606 4581 2942 4636 vastaturus,
2977 4570 3391 4637 interfecturus,
3422 4570 3653 4625 omnino

2073 4669 2497 4738 exstirpaturus,
2548 4672 2807 4734 tanquam
2844 4661 3137 4734 implumes
3169 4660 3404 4715 infelicis
3436 4659 3652 4731 gallina)

2116 4757 2276 4812 ullos.
2305 4775 2323 4807 ι

2074 4773 2276 4826 puuos.
2305 4775 2323 4807 ι

2145 4848 2441 4903 Enimvero
2472 4843 2712 4916 pretium
2739 4860 2921 4915 opera:
2961 4843 3125 4899 fuerit
3152 4841 3221 4897 de
3244 4839 3445 4895 Basilio
3472 4839 3666 4908 plera~

2072 4957 2181 5010 que
2212 4953 2533 5004 recensere,
2570 4937 2715 4992 unde
2764 4944 3060 5009 prognatus
3103 4944 3165 4991 et.
3191 4950 3258 4989 ex
3296 4932 3498 5003 quibus
3532 4929 3652 4987 fue—

2074 5032 2166 5097 rit,
2198 5046 2404 5102 quosve
2430 5029 2649 5101 generis
2688 5036 2943 5083 auctores
2973 5025 3250 5080 habuerit.
3284 5022 3451 5079 Ortus
3485 5020 3661 5092 igitur

2067 5130 2151 5177 est
2199 5138 2267 5178 ex
2318 5122 2469 5176 tenui
2520 5135 2658 5190 pago
2705 5119 2887 5174 vicino
2935 5113 3169 5188 principi
3215 5113 3661 5183 clarissima:un

2067 5214 2425 5269 Macedonqu
2461 5211 2621 5278 urbi,
2658 5210 2816 5282 106
2843 5227 3005 5281 quam
3052 5213 3206 5279 prius
3237 5208 3305 5262 ab
3332 5206 3524 5264 Oreste
3551 5222 3646 5261 co-

2067 5306 2438 5377 gnominatam
2462 5305 2723 5374 deinceps
2746 5305 3041 5374 imperator
3062 5304 3436 5359 Romanorum
3458 5301 3648 5356 Adria-

2067 5416 2175 5455 nus
2200 5400 2268 5454 ab
2297 5415 2355 5456 se
2384 5401 2741 5456 instauratam
2770 5400 2836 5455 de
2867 5414 2968 5456 suo
3009 5401 3233 5455 nomine
3278 5397 3641 5469 nuncupavit.

1757 5540 1962 5602 Varia)
1992 5540 2337 5604 lectiones.

527 5682 873 5736 ἀποτίθεσθαι
915 5683 1074 5759 AB._
1103 5684 1149 5715 ⁵ο
1185 5683 1294 5759 γὰρ
1340 5682 1407 5738 li.
1484 5685 1527 5718 "
1563 5684 1727 5759 ΙίιιιιεΔ
1773 5652 1970 5740 versui!

2071 5704 2158 5759 nu.
2218 5686 2259 5741 ιι
2338 5687 2382 5720 "
2408 5687 2722 5759 δαιμονίαις
2778 5684 2892 5741 AR.
2966 5683 3474 5758 δ’ὁρματοδρομίαν
3524 5679 3645 5739 AR-

391 5752 436 5784 “
470 5751 622 5806 liunc
651 5769 865 5810 versum
896 5772 1007 5809 om.
1039 5755 1104 5808 Β.
1182 5756 1228 5789 ⁵³
1247 5751 1391 5825 ἔχειν
1418 5759 1484 5810 Α.

1585 5758 1630 5788 ⁵⁸
1680 5755 1771 5809 τὸν
1796 5772 1893 5827 pro
1928 5759 2022 5813 καὶ
2056 5758 2167 5812 Ali.
