4122 6212
435 277 542 344 415

437 391 514 442 Ο)
544 377 934 438 πολυτάλαντοί
963 393 1129 442 τινες,
1173 375 1460 448 ρυηφενεῖς
1491 373 1591 428 οὐκ
1620 371 1761 445 ἦσαν
1786 377 1857 440 31’

437 475 573 526 Οὐδὲ
601 469 1170 544 προϐατοθρέμμονες,
1211 468 1270 520 οὐ
1305 465 1513 537 πλέθρα
1553 467 1654 537 γῆς
1701 469 2013 538 αὐχοῦντες,

450 565 590 616 Ἀλλ’
622 561 913 632 αὐτουργοὶ
939 561 1033 614 καὶ
1066 559 1297 628 πένητες
1332 560 1426 611 καὶ
1455 558 1565 610 τῶν
1609 559 1994 628 χειροόιώτων.

437 650 540 707 Ὧν
570 653 898 707 ἐκλιπόντων
921 653 966 686 ⁸⁸
996 651 1092 720 τὴν
1123 651 1267 721 ζωὴν
1305 650 1398 703 καὶ
1427 649 1591 720 γῆθεν
1615 651 2014 719 μεταστάντων,

442 744 554 796 Kal
574 742 665 795 τοῦ
687 741 1010 811 Βουλγάρων
1031 740 1286 810 ἄρχοντος
1317 739 1410 791 τοῦ
1439 739 1738 809 τηνικαῦτα
1759 740 1904 810 Κρού
1913 758 2014 810 μου

455 832 879 903 Ἐπιδραμόντος
914 831 1205 900 σύμπασαν
1242 829 1338 899 τὴν
1378 830 1480 882 ὑπὸ
1501 831 1625 893 τοὺς
1668 832 1968 901 Ῥωμαίους

443 924 552 978 Kal
584 923 796 977 σκύλων
826 921 1234 991 ὑποπλήσαντος
1267 919 1432 974 αὑτοῦ
1460 921 1558 992 τὴν
1594 921 1959 992 στραταρχίαν

444 1017 557 1070 Kal
587 1015 806 1086 σύμπαν
832 1015 1102 1083 νεοτήσιον
1134 1013 1293 1076 ἄνθος
1319 1015 1666 1082 ὴφανικότος,

442 1108 683 1177 Θεμένου
706 1106 761 1159 δὲ
805 1107 899 1159 καὶ
931 1104 1175 1167 πλείονας
1205 1105 1261 1155 ὲν
1289 1105 1632 1176 ἀνδραπόδων
1671 1107 1852 1178 μοίρᾳ,

449 1196 630 1252 Ἑάλω
658 1196 753 1250 καὶ
777 1195 1057 1257 Βασίλειος
1086 1193 1411 1262 Βουλγάρων
1440 1197 1557 1257 ταῖς
1599 1195 1878 1265 παλάμαις

443 1290 654 1360 Ὥσπερ
686 1287 939 1359 στρουθὸς
971 1287 1327 1356 καλλίπτερος
1364 1285 1545 1354 πικρῷ
1571 1285 1919 1357 δικτυοθήρᾳ.

442 1380 556 1443 Τὰς
586 1377 932 1447 παλαμναίας
963 1377 1020 1430 δὲ
1053 1375 1238 1445 φυγὼν
1275 1376 1524 1446 βροχίδας
1563 1375 1672 1428 τῶν
1700 1376 2020 1447 Βουλγάρων

455 1469 693 1538 Ἐπέστη
723 1466 1128 1538 περυξάμενος
1155 1461 1310 1528 αὖθις
1358 1463 1642 1534 Ῥωμαίων
1667 1465 1833 1534 ὅροις,

442 1561 558 1614 Kal
583 1559 719 1631 πρὸς
750 1557 1001 1628 λατρείαν
1027 1557 1216 1610 ἑαυτὸν
1253 1557 1326 1618 ὡς
1363 1556 1530 1625 πένης
1562 1556 1926 1626 ἐκμισθώσας,

444 1652 556 1706 Kal
583 1650 934 1721 τληπαθήσας
965 1651 1056 1700 καὶ
1089 1647 1312 1709 πολλοὺς
1353 1648 1631 1715 καμάτους
1661 1646 1974 1710 ἁεθλεύσας,

1597 261 2108 326 CONSTANTINI
2152 262 2531 356 MANASSIS

3579 263 3681 327 416

2041 376 2086 439 Α
2130 376 2556 448 Ἀγχιθυρούσης
2589 374 2668 448 τῷ
2700 375 2814 447 ναῷ
2841 374 2935 429 τοῦ
2966 374 3108 429 θείου
3137 373 3456 447 Διομήδους.

2133 464 2274 517 Ἀλλ’
2300 466 2392 518 ἐπὶ
2429 465 2639 529 τούτοις
2675 465 2882 536 ὄνειρος
2918 465 3279 536 λευκόπτερος
3312 464 3560 534 ὲπέπτη.

2119 553 2223 606 Τὸν
2246 556 2512 627 νεωκόρον
2541 555 2632 609 τὸν
2658 557 2778 609 ἐκεῖ
2803 556 2988 626 τάχιον
3029 556 3320 624 άφυπνίζει

2120 643 2421 712 Προτρέπει
2449 662 2506 698 τε
2531 648 2860 715 συναγαγεῖν
2887 648 3032 700 ένδον
3060 649 3151 700 τὸν
3184 645 3429 714 βασιλέα.

2131 732 2410 804 ’Δποπηδᾷ
2437 735 2538 803 τῆς
2563 735 2756 790 ἑαυτοῦ
2781 736 2967 807 κλίνης
2991 739 3018 790 ὁ
3053 737 3340 806 νεωκόρος,

2132 824 2252 875 Ἐπὶ
2280 825 2340 877 τὸ
2367 827 2778 898 προτεμένισμα
2817 829 3094 897 συντόμως
3128 826 3437 897 βηματίξει,

2120 915 2607 986 Καταδαρθάνοντα
2636 918 2798 980 λιτῶς
2835 918 3114 971 Βασίλειον
3141 919 3406 988 εὑρίσκει,

2118 1007 2432 1077 Χαμεύνην,
2461 1008 2812 1075 άνιπτόποδα,
2840 1009 3064 1079 λυπρὸν,
3093 1010 3418 1079 ρακιοφόρον
3439 1026 3454 1041 ο

2121 1097 2333 1166 Πλάνην
2362 1097 2570 1166 νομίζει
2599 1098 2660 1151 τὸ
2687 1098 2873 1166 φανὲν,
2901 1098 3109 1152 ἐκεῖθεν
3139 1085 3453 1168 ἀποτρέχει.

2119 1187 2229 1240 Kal
2263 1187 2420 1239 πάλιν
2449 1186 2615 1250 ὕπνος
2639 1188 2864 1241 ἔπιπτεν
2886 1191 2942 1241 ὲν
2971 1190 3084 1250 τοῖς
3123 1187 3287 1240 αὐτοῦ
3329 1187 3638 1258 βλεφάροις,

2123 1279 2230 1330 Kal
2257 1279 2414 1330 πάλιν
2439 1279 2644 1347 όνειρος
2674 1281 2702 1332 ό
2726 1281 2874 1349 πρὶν,
2909 1281 3003 1330 καὶ
3029 1279 3188 1331 τοῦτο
3218 1278 3380 1349 μέχρι
3409 1279 3620 1351 τρίτου.

2120 1368 2347 1436 Συνῆκε,
2377 1368 2733 1439 κατεφώρασε
2767 1369 2916 1439 μόλις
2946 1370 2975 1422 ὁ
3003 1369 3306 1438 νεωκόρος*

2121 1460 2359 1511 [latet-rat
2384 1459 2475 1511 τὸν
2513 1460 2792 1512 Βασίλειον
2817 1459 3063 1528 ἐφέστιον
3093 1461 3138 1492 ⁸ο
3171 1459 3390 1526 αὐτίκα,

2121 1551 2230 1602 Kal
2260 1550 2554 1618 θεραπείας
2587 1551 2729 1617 ἀξιοῖ
2759 1552 2946 1605 τοῦτον
2980 1546 3080 1622 τῆς
3124 1551 3521 1622 προσηκούσης.

2121 1637 2224 1693 Ἦν
2255 1640 2298 1693 δ’
2321 1643 2350 1692 ό
2378 1642 2652 1704 Βασίλειος
2683 1642 2864 1706 καλὸς,
2897 1645 3163 1710 γενναῖος,
3213 1643 3593 1713 γιγαντόχειρ,

446 1741 560 1794 Kal
577 1741 736 1808 γνοὺς
755 1739 829 1802 ώς
847 1741 923 1802 εἰς
943 1739 1268 1808 ἀκάρπωτον
1285 1742 1386 1809 γῆν
1403 1743 1466 1791 τὰ
1483 1737 1574 1790 τοῦ
1598 1739 1758 1791 πόνου
1779 1738 2013 1807 σπείρει,
2044 1733 2090 1792 Β
2123 1733 2504 1801 Εὐπάλαμνος.
2532 1732 2887 1804 εὐρύστερνος
2925 1735 3094 1804 ἥρως,
3127 1733 3587 1806 στερροὅραχίων.

458 1831 779 1900 Ἀφίσταται
809 1829 916 1882 τῶν
947 1830 1263 1898 προσγενῶν
1293 1831 1386 1882 καὶ
1415 1829 1513 1896 τῆς
1560 1830 1951 1900 ἐνεγκαμένης,

445 1923 558 1976 Kal
585 1922 762 1975 πάντα
781 1920 1135 1987 λογισάμενος
1163 1916 1328 1972 τᾶλλα
1363 1920 1534 1989 μικρὰ
1564 1922 1657 1973 καὶ
1688 1919 1864 1988 φαῦλα

461 2015 548 2078 Ὠς
575 2013 709 2082 πρὸς
739 2013 937 2065 σκοπὸν
971 2013 1196 2084 ἐφέρετο
1224 2012 1320 2082 τὴν
1348 2012 1643 2074 Βυζαντίδα
1679 2012 1847 2065 πόλιν.

456 2102 546 2164 Ὦς
569 2101 626 2153 δὲ
652 2099 761 2154 τῶν
787 2097 1011 2170 πύργων
1040 2099 1262 2167 γέγονεν
1295 2098 1443 2160 ἐντὸς
1475 2097 1582 2150 τῶν
1613 2095 2021 2166 καλλιπύργων,

459 2189 725 2244 Ἐνταῦθα
762 2190 860 2260 τὴν
891 2190 1194 2259 εὐμήχανον
1231 2187 1422 2259 βουλὴν
1456 2187 1778 2259 θεωρητέον,

449 2283 640 2344 Ὅπως
665 2280 1169 2352 προκαταόάλλεται
1208 2281 1304 2343 τὰς
1342 2279 1492 2351 ῥίζας
1526 2280 1633 2333 τῶν
1664 2279 2024 2350 πραγμάτων,

449 2373 562 2425 Kal
590 2372 705 2436 πῶς
735 2373 1011 2441 αἰδέσιμον
1043 2373 1178 2441 αὐτῇ
1211 2370 1270 2422 τὸ
1301 2369 1577 2440 βασιλείας
1603 2371 1813 2440 χρῆμα.

451 2465 741 2517 ’Ύπνωττε
775 2463 873 2533 μὲν
899 2463 1172 2524 Βασίλειος
1200 2461 1372 2524 οὕτως
1408 2462 1784 2532 ἀτημελήτως,

451 2556 787 2627 Διερῤωγόσι
831 2555 1056 2625 ῥάκεσιν
1101 2553 1651 2624 ἐγκεκορδυλημένος,

453 2649 568 2699 Οὐκ
591 2647 829 2718 ἄργυρον
856 2645 975 2698 οὐδὲ
1015 2646 1214 2714 χρυσὸν
1249 2645 1460 2698 οἴκοθεν
1494 2645 1801 2714 ἀπηγμένος
1825 2643 1892 2709 '9,

453 2743 545 2801 Είς
578 2739 745 2810 μόνας
774 2739 828 2792 δὲ
858 2738 958 2801 τὰς
990 2737 1184 2791 ἑαυτοῦ
1217 2737 1470 2806 παλάμας
1505 2735 1852 2798 ἀποὸλέπων,

452 2831 565 2886 Kal
593 2829 792 2892 ταύτας
826 2828 1007 2899 φέρων
1035 2829 1284 2898 ἀφορμὴν
1317 2827 1408 2880 τοῦ
1439 2827 1762 2881 πολυστόνου
1789 2826 1924 2896 βίου.

457 2922 779 2976 ’Ύπνωττεν
803 2920 894 2974 οὖν
926 2921 1018 2973 έπί
1047 2937 1190 2985 τινος
1217 2919 1613 2990 λιθοπλινθίνης
1647 2918 1834 2988 κλίνης

455 3187 715 3242 Parentes
744 3194 925 3242 autem
962 3186 1083 3257 ejus
1110 3199 1213 3241 nec
1242 3185 1487 3256 opulenti
1519 3195 1802 3241 erantnec
1823 3184 2028 3242 divitiis

452 3277 817 3342 abundantes,
853 3277 949 3332 sed
994 3277 1154 3348 plane
1198 3277 1387 3347 inopes
1435 3277 1730 3347 laboreque
1767 3292 2026 3332 manuum

452 3381 677 3420 suarum
709 3366 915 3422 vietum
947 3375 1292 3438 quaerentes;
1337 3367 1539 3438 quibus
1567 3368 1674 3423 vita
1706 3367 1910 3424 functis
1931 3408 1945 3434 ,
1973 3376 2030 3424 et

455 3457 815 3527 llulgarorum
855 3459 1106 3528 principe
1134 3459 1335 3514 Crumo
1375 3460 1640 3514 ditionem
1669 3474 1888 3514 omnem
1919 3461 2031 3515 Ro-

458 3564 674 3602 manam
728 3564 852 3603 cum
901 3551 1076 3619 copiis
1124 3559 1484 3620 percurrente
1536 3567 1777 3622 suosque
1828 3553 2032 3608 milites

458 3639 656 3706 opimis
699 3637 892 3707 spoliis
936 3641 1424 3710 colloeupletante,
1459 3653 1516 3696 et
1559 3643 1830 3697 exstincto
1882 3644 2031 3698 omni

456 3729 762 3800 juventutis
785 3728 919 3783 ﬂore
948 3733 1243 3801 multisque
1283 3733 1337 3786 in
1367 3734 1742 3803 captivitatem
1775 3735 2029 3801 redactis,

461 3819 694 3874 Basilius
721 3820 888 3874 etiam
921 3830 1113 3890 captus
1141 3834 1226 3878 est
1262 3839 1301 3878 a
1347 3824 1597 3895 Bulgaris
1625 3833 1881 3894 tanquam
1917 3826 2033 3880 avi-

459 3911 583 3964 cula
610 3911 858 3980 quaedam
886 3913 1111 3983 praedita
1139 3915 1387 3970 venustis
1415 3916 1516 3970 alis
1543 3917 1613 3970 ab
1645 3931 1856 3988 aucupe
1887 3918 2032 3972 diro.

457 4005 592 4058 Cum
628 4014 811 4058 autem
857 4021 888 4061 e
932 4006 1090 4061 sazvis
1119 4007 1478 4078 Bulgarorum
1513 4009 1726 4079 laqueis
1749 4009 2032 4076 evasisset,

461 4096 604 4151 intra
632 4096 768 4152 lines
795 4097 1162 4153 Romanorum
1194 4115 1450 4155 reversus
1476 4115 1577 4155 ceu
1605 4115 1815 4171 pauper
1839 4115 2035 4170 operas

460 4186 598 4240 alias
626 4202 753 4242 suas
779 4204 880 4258 pro
909 4189 1163 4246 mercede
1192 4191 1431 4257 locabat,
1460 4191 1514 4246 in
1548 4207 1657 4262 quo
1681 4193 1807 4247 vitae
1835 4208 2034 4264 genere

461 4279 642 4334 varias
674 4297 948 4337 aerumnas
973 4283 1204 4352 pertulit
1244 4293 1300 4338 et
1347 4283 1564 4339 labores
1587 4299 1817 4356 magnos
1843 4293 2034 4339 exant-

461 4371 613 4426 lwit.
651 4373 890 4428 Tandem
918 4375 1299 4432 animadverso
1347 4392 1406 4432 se
1456 4391 1584 4432 suos
1627 4377 1792 4432 hosce
1818 4377 2035 4432 labores

2153 1824 2432 1878 Ἐντεῦθεν
2461 1823 2551 1877 οὖν
2572 1826 2712 1877 κατὰ
2743 1824 2916 1895 βραχὺ
2948 1826 3007 1878 τὸ
3037 1825 3296 1896 σθεναρὸν
3325 1827 3596 1896 γνωρίσας

2127 1915 2363 1968 ’Ἂπασιν
2393 1915 2484 1966 ἐπὶ
2511 1915 2773 1983 στόματος
2798 1916 2839 1948 ⁶¹
2863 1914 3040 1968 ἔκειτο
3071 1918 3382 1985 μεγιστᾶσι.

2125 2009 2234 2061 Kal
2260 2008 2314 2060 τί
2352 2007 2537 2078 μακρὰ
2565 2008 2658 2061 καὶ
2679 2007 2906 2078 περιττά
2929 2026 2944 2074 ;
2984 2007 3061 2078 τῷ
3083 2008 3301 2080 Μιχαὴλ
3331 2009 3598 2078 ἐγνώσθη,

2124 2103 2234 2156 Kal
2264 2102 2456 2172 πρῶτα
2487 2102 2669 2171 μέντοι
2701 2102 3025 2174 φροντιστὴς
3062 2100 3319 2171 τετίμητο
3359 2101 3466 2154 τῶν
3494 2103 3699 2162 ἵππων,

2127 2195 2360 2247 Ἔπειτα
2385 2194 2478 2247 καὶ
2517 2194 2871 2264 παράκοιτος,
2897 2195 3128 2265 πρᾶγμα
3159 2193 3446 2264 Ῥωμαίοις
3484 2193 3646 2264 μέγα,

2125 2287 2236 2339 Kal
2263 2285 2567 2340 τελευταῖον
2604 2285 2852 2354 βασιλεὺς
2886 2285 2981 2338 καὶ
3014 2285 3111 2338 σὺν
3143 2284 3291 2354 αὐτῷ
3319 2284 3512 2338 διεῖπε.

2126 2376 2234 2430 Τοῦ
2271 2377 2326 2430 δὲ
2355 2377 2681 2447 κρατοῦντος
2710 2377 3014 2442 καταγνοὺς
3043 2375 3118 2438 ὡς
3151 2376 3313 2430 πότου
3343 2375 3437 2430 καὶ
3465 2374 3700 2445 μεθύσου

2125 2470 2236 2523 Kal
2262 2466 2469 2537 κώμοις
2496 2469 2869 2538 ἐπιχαίροντος
2896 2467 2991 2522 καὶ
3018 2465 3532 2539 θεατρομανοῦντος,

2125 2563 2282 2616 Κατὰ
2307 2563 2411 2616 τῶν
2441 2562 2764 2632 σπλάγχνων
2785 2562 2893 2616 τῶν
2927 2561 3091 2616 αὑτοῦ
3119 2562 3337 2633 διήλασε
3373 2562 3434 2616 τὸ
3455 2562 3624 2630 ξίτρος.

2125 2651 2236 2704 Kal
2271 2650 2341 2704 τὰ
2377 2649 2470 2703 τοῦ
2510 2651 2744 2721 κράτους
2785 2652 3003 2721 ἥρπασε
3041 2651 3148 2722 πρὸ
3187 2651 3400 2722 χρόνου,
3451 2650 3555 2721 πρὸ
3601 2649 3700 2720 τῆς

3433 2740 3628 2813 [ὧρας.

2197 2825 2364 2897 Οὗτος
2384 2833 2545 2897 εὐθὺς
2575 2833 2666 2888 τδν
2694 2833 2895 2888 Φώτιον
2922 2833 3054 2887 ώθεῖ
3083 2833 3183 2902 τῆς
3205 2830 3559 2903 Ἐκκλησίας,

2125 2922 2236 2976 Kal
2262 2923 2422 2978 πάλιν
2447 2923 2737 2980 ἀποδίδωσι
2765 2924 2855 2980 τὸν
2890 2923 3077 2996 θρόνον
3125 2922 3391 2993 Ἰγνατίῳ.

3374 3012 3526 3070 Vers.
3553 3013 3696 3069 525s

2129 3190 2326 3256 fertur,
2379 3207 2614 3262 eumque
2669 3192 2923 3248 similiter
2969 3191 3342 3261 quiescentem
3369 3192 3598 3254 excitat,
3645 3202 3704 3246 et

2131 3281 2520 3355 imperatorem
2555 3282 2702 3338 intro
2727 3283 2886 3355 jubet
2908 3281 3202 3338 deducere.
3233 3282 3371 3337 Tum
3401 3282 3470 3338 de
3498 3283 3701 3338 lectulo

2130 3389 2233 3430 suo
2264 3373 2451 3429 desilit
2481 3373 2739 3440 aedituus,
2786 3383 2844 3429 et
2892 3374 2958 3429 ad
3011 3373 3124 3429 lani
3167 3373 3496 3430 vestibulum
3547 3381 3700 3428 recta

2131 3463 2418 3520 descendit
2446 3481 2460 3518 :
2493 3464 2754 3520 Basilium
2797 3466 3040 3521 tenuiter
3071 3465 3198 3520 istic
3228 3463 3586 3520 dormientem
3619 3463 3703 3517 in-

2130 3557 2302 3622 venit,
2337 3556 2492 3610 bumi
2522 3565 2752 3611 stratum
2772 3597 2789 3624 ,
2818 3556 3055 3626 pedibus
3087 3557 3258 3613 illotis
3277 3597 3291 3622 ,
3320 3556 3567 3612 vestibus
3591 3570 3706 3610 sor-

2132 3647 2277 3703 didis
2309 3657 2365 3702 et
2404 3647 2663 3718 pannosis
2705 3647 2966 3704 obsitum.
2997 3648 3188 3718 itaque
3219 3663 3322 3718 pro
3346 3647 3583 3717 quodam
3615 3661 3706 3701 cr-

2133 3754 2258 3794 rore
2285 3739 2461 3793 visum
2489 3739 2593 3793 hoc
2621 3738 2863 3796 oblatum
2897 3740 2999 3796 sibi
3033 3740 3206 3806 ducit,
3249 3743 3328 3795 et'
3349 3739 3478 3795 inde
3525 3739 3704 3794 disce-

2133 3829 2234 3882 dit.
2268 3829 2589 3898 Rursusque
2618 3827 3048 3885 obdormiseenti
3082 3829 3239 3900 prius
3270 3829 3404 3885 illud
3437 3829 3618 3884 visunt
3646 3843 3706 3882 se

2133 3917 2316 3980 oﬂ'ert.
2352 3919 2515 3989 idque
2541 3919 2661 3974 vice
2687 3920 2869 3975 tertia.
2906 3921 3007 3976 Vix
3053 3921 3276 3977 tandem
3318 3921 3555 3976 aedituus
3592 3935 3710 3975 rem

2138 4011 2444 4081 intelligere
2477 4012 2664 4082 coepit,
2696 4024 2753 4068 et
2780 4013 3044 4068 Basilium
3071 4028 3199 4069 suas
3221 4014 3276 4068 in
3310 4013 3455 4068 aades
3485 4011 3710 4067 deducit

2134 4109 2191 4154 et
2229 4099 2590 4155 conveniente
2639 4115 2772 4155 cura
2815 4101 3011 4157 reﬁcit.
3062 4103 3195 4157 Erat
3235 4110 3420 4157 autem
3468 4100 3714 4156 Basilius

2136 4192 2274 4248 facie
2301 4191 2598 4248 admodum
2622 4201 2875 4259 venusta,
2907 4207 3208 4265 generosus
3241 4194 3297 4248 in
3330 4193 3554 4263 primis,
3601 4206 3710 4246 ma-
3740 4187 3743 4189 ’

2137 4285 2302 4339 nibus
2325 4284 2613 4356 giganteis,
2643 4294 2867 4355 pectore
2896 4285 3028 4353 lato,
3055 4285 3298 4342 robustis
3326 4285 3545 4341 lacertis
3573 4297 3713 4352 prae-

2139 4377 2307 4432 ditus.
2337 4377 2529 4446 Itaque
2567 4392 2636 4432 ex
2673 4391 2740 4431 eo
2777 4385 3023 4447 tempore
3052 4377 3319 4447 paulatim
3351 4376 3519 4431 robur
3547 4389 3711 4429 suum

463 4459 518 4512 in
555 4461 741 4516 sterile
784 4462 958 4517 solum
990 4479 1269 4534 spargere,
1303 4466 1632 4536 propinquis
1660 4466 1775 4521 suis
1804 4466 2036 4530 relictis,
2068 4449 2115 4506 Ῑ)
2143 4468 2494 4523 manifestum
2550 4467 2758 4522 faciens
2802 4468 2856 4521 in
2906 4483 3002 4523 ore
3052 4468 3396 4538 magnatibus
3441 4463 3710 4519 universis

461 4565 493 4604 c
529 4550 701 4620 patria
728 4551 991 4620 discedit,
1039 4565 1096 4610 et
1139 4568 1335 4612 caetera
1365 4558 1550 4612 omnia
1592 4573 1692 4628 pro
1726 4557 1901 4611 nihilo
1931 4557 2037 4612 du-

464 4656 616 4709 ccns,
647 4653 794 4699 recta
820 4646 1138 4716 Byzantium
1162 4649 1462 4704 contendit.
1486 4647 1622 4705 Cum
1648 4658 1828 4704 autem
1849 4649 2039 4704 urbem

467 4735 727 4802 pulchras
759 4745 939 4791 turres
969 4737 1263 4794 habentem
1301 4740 1582 4811 ingressus
1611 4741 1749 4806 fuit,
1779 4740 1870 4795 hic
1903 4740 2038 4795 mihi

465 4825 755 4880 consilium
786 4827 1296 4886 artiﬁciosissimum
1317 4831 1465 4895 vide,
1488 4847 1598 4901 quo
1630 4841 1790 4902 pacto
1821 4831 2034 4886 radices

467 4930 653 4969 rerum
697 4917 871 4971 multo
905 4927 1031 4974 ante
1060 4921 1289 4991 jecerit,
1321 4931 1377 4977 et
1403 4936 1568 4992 quam
1600 4921 1911 4976 veneranda
1944 4936 2033 4976 res

467 5003 541 5057 sit
594 5003 907 5073 imperium.
964 5008 1126 5064 Forte
1174 5011 1413 5065 cubabat
1455 5011 1658 5065 alicubi
1711 5011 2032 5082 consopitus

468 5095 734 5160 Basilius,
765 5113 872 5151 non
908 5099 1115 5156 refecto
1146 5116 1376 5170 corpore
1395 5141 1409 5166 ,
1439 5101 1632 5155 laceris
1658 5101 1853 5170 pannis
1893 5099 2042 5155 obsi-

471 5195 578 5249 tus,
627 5187 807 5257 capite
853 5191 1148 5246 convoluto
1177 5200 1233 5246 et
1261 5201 1424 5248 tecto.
1455 5191 1704 5246 Cubabat
1751 5201 1932 5246 autem
1983 5191 2039 5245 in

469 5277 784 5344 pavimento
809 5281 1045 5349 quodam
1090 5283 1338 5337 latericio
1359 5323 1373 5346 ,
1412 5283 1591 5336 vicino
1620 5282 1790 5336 divini
1820 5283 2040 5338 Diome-

471 5368 558 5424 dis
580 5368 703 5424 ardi.
736 5371 1046 5428 Secundum
1085 5373 1201 5429 lucc
1239 5373 1512 5429 somnium
1544 5373 1748 5429 azdituo
1791 5373 1921 5429 felix
1961 5373 2042 5429 of-

2141 4566 2280 4613 erat.
2333 4559 2490 4628 107
2521 4559 2662 4625 Quid
2717 4559 2908 4613 multis
2952 4567 3007 4613 et
3055 4555 3475 4628 supervacaneis
3523 4555 3710 4610 verbis

2138 4666 2278 4721 opus
2322 4651 2442 4705 est?
2483 4652 2646 4706 etiam
2689 4651 2956 4706 Michaelo
2989 4650 3248 4715 innotuit,
3281 4665 3345 4705 ac
3376 4647 3555 4718 primo
3584 4647 3710 4717 qui-

2138 4740 2262 4796 dem
2316 4741 2588 4795 curatoris
2645 4756 2911 4810 equorum
2959 4739 3222 4810 dignitate
3270 4739 3707 4803 eohonestatur;

2138 4831 2336 4885 deinde
2366 4831 2424 4885 ﬁt
2451 4830 2752 4895 accubitor,
2795 4845 2915 4900 quae
2959 4828 3194 4899 dignitas
3239 4826 3382 4897 apud
3432 4827 3710 4881 Romanos

2137 4919 2328 4989 ingens
2350 4929 2460 4988 est;
2502 4919 2720 4975 tandem
2768 4927 2987 4974 creatur
3013 4918 3331 4988 imperator,
3363 4933 3431 4973 ex
3462 4933 3572 4988 quo
3599 4919 3707 4987 jam

2137 5017 2382 5078 tempore
2430 5026 2649 5081 semper
2692 5009 2888 5066 eodem
2937 5010 2995 5064 in
3042 5009 3406 5065 contubernio
3450 5023 3575 5063 cum
3607 4995 3710 5060 Mi-

2135 5099 2326 5155 chaelo
2358 5101 2607 5171 degebat.
2640 5101 2888 5172 Cumque
2919 5102 3234 5157 damnasset
3263 5116 3389 5156 eum
3423 5114 3524 5154 ceu
3556 5099 3710 5152 vino-

2135 5205 2257 5245 sum
2290 5206 2353 5246 ac
2386 5193 2770 5258 temulentum,
2799 5193 2979 5263 gladio
3008 5193 3220 5248 viscera
3245 5191 3479 5264 trajecit,
3502 5198 3558 5245 et
3582 5198 3707 5242 ante

2137 5291 2351 5352 tempus
2382 5283 2674 5353 imperium
2703 5286 2904 5354 rapuit.

2198 5371 2373 5427 Initio
2397 5373 2652 5428 Photium
2679 5373 2925 5429 Ecclesia
2977 5373 3156 5444 pellit,
3204 5382 3260 5429 et
3311 5369 3520 5443 lgnatio
3555 5369 3705 5422 thro-

1818 5532 2025 5595 Variaa
2067 5531 2402 5596 lectiones.

546 5656 591 5689 ιι
625 5657 910 5729 ρυηφενεῖς
936 5654 1074 5731 ἦσαν
1112 5657 1176 5712 [ι.
1289 5659 1332 5692 ⁸⁸
1361 5658 1444 5714 ΑΙ.
1479 5660 1690 5717 ἐκλειπ.

1769 5664 1810 5695 ’³³
1840 5662 1992 5718 llunc
2032 5677 2244 5716 versum
2267 5676 2377 5717 om.
2418 5658 2482 5715 Il.
2559 5662 2602 5694 ⁶⁰
2629 5661 2899 5729 ὑφέστιον.
2981 5661 3022 5691 ⁶¹
3051 5659 3311 5730 στόμασιν
3331 5665 3395 5714 Α.
