4122 6212
396 313 495 375 41⁸1

396 430 640 498 θελήσας
666 425 722 481 δὲ
747 427 843 481 καὶ
871 443 950 497 τῳ
979 425 1143 496 κοινῷ
1172 426 1433 497 χρήματα
1461 424 1733 480 διαδοῦναι

400 521 507 573 Kal
531 517 1030 589 διερευνησάμενος
1067 516 1250 580 οἴκους
1282 515 1746 589 χρυσιοφρούρους
1766 516 1842 581 ⁴¹,

395 611 607 674 Οἴτινες
659 611 788 680 πρὶν
811 608 1170 679 συνέσφιγγον
1201 607 1299 671 τὰς
1319 607 1426 660 τῶν
1441 609 1738 679 Χρημάτων
1764 607 1980 677 λίμν³ς⁹

1523 310 2030 374 COMPENDlUM
2065 309 2544 373 CHRONICUM.

3544 312 3652 377 418

2009 437 2056 490 Α
2086 421 2272 495 Σύρων
2311 424 2538 494 στρατὸς
2568 420 2894 494 ἐξορμηθεὶς
2936 423 3073 493 πρός
3102 439 3245 487 τινος
3275 423 3519 495 ἐμηνύθη

2087 513 2244 566 Μετὰ
2272 513 2494 583 βαρείας
2521 513 2614 565 καὶ
2649 513 2885 583 σφοδρᾶς
2915 513 3008 566 καὶ
3048 514 3280 586 βριαρᾶς
3308 516 3406 583 τῆς
3435 514 3639 587 ῥύμης.

2087 604 2265 676 Ὅπερ
2287 604 2527 669 ἀκούσας
2559 606 2799 675 Μιχαὴλ,
2831 606 2928 659 καὶ
2956 606 3139 670 δείσας
3178 606 3252 677 μὴ
3281 607 3342 660 τὸ
3370 607 3571 678 πλῆθος

399 699 506 751 Kal
531 695 731 767 βλέψας
760 696 967 757 πάντας
1008 696 1330 766 αὐχμηροὺς
1382 694 1507 765 μηδ’
1535 695 1726 749 ἄντλον
1753 696 1799 728 ⁸³
1829 696 1986 748 εὐτυ-
2085 693 2208 755 Τοῖς
2240 692 2551 745 ἀκουσθεῖσι
2576 694 2846 764 ταραχθὲν
2876 694 2939 748 τὸ
2976 695 3206 766 θέατρον
3269 695 3487 768 ἐκλίπῃ,

1631 790 1653 862 {
1661 790 1912 862 χοῦντας,

401 884 623 952 Ἤλγει,
646 882 857 953 βαρέως
891 881 1107 952 ἔφερεν,
1143 882 1322 953 ἡλυεν,
1345 882 1603 953 ἠδημόνει
1634 883 1702 950 ⁸⁸,

397 977 511 1028 Οὐκ
540 970 688 1043 εἶχεν
716 974 745 1027 ὃ
776 991 828 1027 τι
859 974 1086 1041 γένοιτο,
1115 974 1378 1029 πάντοθεν
1399 977 1656 1045 ἠπορεῖτο
1674 988 1692 1004 °

409 1060 469 1113 Ὀ
492 1059 750 1130 βασιλεὺς
782 1059 892 1131 γὰρ
925 1061 1149 1130 ἀπορῶν
1180 1061 1338 1115 δλὸου
1373 1062 1773 1116 πολυταλάντου

398 1151 691 1221 Ἀντικρύς
718 1152 865 1205 ἐστιν
893 1152 1049 1215 ἀετὸς
1084 1152 1435 1223 παλαιγενὴς,
1470 1153 1770 1225 τριγέρων,

407 1244 786 1314 Ἀφηρημένος
812 1244 880 1297 τὰ
899 1248 1094 1316 πτερὰ,
1128 1247 1255 1307 τοὺς
1294 1245 1508 1316 δνυχας,
1533 1246 1593 1299 τὸ
1619 1246 1854 1317 ῥάμφος.

408 1333 684 1386 Ἐντεῦθεν
717 1334 746 1386 ὁ
774 1333 1053 1395 Βασίλειος
1082 1333 1368 1404 ησχαλλεν,
1395 1335 1675 1405 ἠδημόνει.

407 1424 466 1477 '0
488 1425 708 1495 κράτωρ
738 1423 848 1494 γάρ
889 1441 973 1477 τοι
1006 1426 1225 1496 Μιχαὴλ
1254 1426 1432 1480 πάντα
1464 1424 1850 1489 κατακενώσας

400 1516 508 1570 Kal
535 1516 724 1587 μίμοις
748 1517 1113 1588 χαρισάμενος
1131 1518 1500 1588 συμπαίκταις
1530 1518 1623 1571 καὶ
1650 1517 1977 1588 συμπόταις,

398 1607 472 1659 Ού
499 1606 658 1677 μόνον
686 1606 904 1678 γρῦπας
941 1606 1138 1661 δέδωκε
1174 1609 1374 1681 χωνείᾳ
1403 1609 1801 1680 καταχρύσους,

410 1694 568 1750 Ἃ).λά
596 1699 691 1751 καὶ
716 1697 816 1767 τὴν
847 1697 1248 1769 καλλίπρεμνον
1280 1700 1551 1754 πλάτανον
1588 1699 1688 1770 τὴν
1718 1700 1976 1771 χρυσέαν,

410 1788 504 1855 Ἐφ
551 1782 618 1858 ἦς
654 1786 894 1858 καθῆστο
928 1788 1135 1859 χρύσεα
1168 1789 1486 1844 παντοδαπά
1516 1789 1800 1860 στρουθία,

400 1880 505 1932 Kal
536 1878 697 1947 μέλος
729 1877 1031 1942 ὲτιτύὸιζεν
1058 1879 1135 1944 ὡς
1165 1880 1272 1934 ἀπὸ
1298 1880 1478 1949 ζώσης
1508 1879 1759 1950 γλώσσης
1788 1881 1856 1947 ⁵⁸,

402 1969 510 2022 Kal
528 1970 637 2030 toi;
665 1968 955 2022 ἀκούουσιν
978 1969 1158 2024 αὐτῶν
1189 1969 1451 2040 ἔκπληξιν
1489 1971 1743 2035 ἐνεποίει,
1863 2026 1874 2033 ,

412 2057 913 2128 Ἐκοαμόουμένοις
943 2058 1003 2113 τὸ
1031 2060 1216 2113 καινὸν
1249 2060 1350 2130 τῆς
1392 2061 1641 2129 μηχανῆς
1673 2058 1907 2129 ὲκείνης.

406 2152 471 2201 Ὃ
495 2151 550 2203 δὲ
575 2149 671 2202 καὶ
710 2150 942 2214 πένθους
970 2149 1119 2216 ἄξιον
1148 2152 1242 2205 καὶ
1275 2150 1489 2222 θρήνων
1522 2153 1616 2204 καὶ
1645 2150 1917 2222 δακρύων,

400 2243 586 2310 Λέξων
612 2245 640 2296 ὁ
668 2243 825 2313 λόγος
855 2244 1075 2315 ἔρχεται
1107 2245 1204 2298 καὶ
1235 2243 1750 2317 βαρυστοναχήσων.

409 2331 471 2384 ’0
501 2332 1006 2402 μυριομαθέστατος
1039 2335 1097 2385 ὲν
1122 2331 1433 2401 φιλοσόφοις
1458 2333 1611 2386 Λέων

399 2423 490 2494 Τῷ
523 2423 800 2493 φιλοκάλῳ
836 2422 1047 2494 βασιλεῖ
1071 2423 1151 2495 τῷ
1186 2424 1407 2493 Μιχαὴλ
1436 2425 1633 2498 γενὲτῃ

411 2515 681 2579 Ἐξαίσιον
712 2516 1006 2587 εἰργάσατο
1031 2515 1223 2579 σκεῦος
1255 2514 1579 2585 ὠρονομίου,

398 2606 478 2660 Δι’
503 2601 566 2661 οὗ
590 2609 822 2680 παρεῖχε
849 2610 1091 2680 καθορᾷν
1134 2608 1214 2679 τῷ
1245 2607 1453 2677 βασιλεῖ
1481 2606 1603 2661 καθ’
1630 2606 1804 2679 ὤραν,

413 2699 503 2752 Ἐν
532 2699 722 2770 μέσοις
758 2699 1085 2770 διατρίϐοντι
1110 2701 1222 2763 τοῖς
1253 2698 1538 2770 βασιλείοις
1578 2698 1718 2752 οῐκοι
1740 2718 1773 2765 ’,

402 2794 471 2848 Et
494 2811 596 2847 που
633 2793 903 2863 τολμᾶταί
934 2810 986 2848 τι
1021 2793 1207 2847 καινὸν
1229 2794 1275 2825 ⁸⁸
1298 2795 1358 2847 ὲν
1389 2793 1647 2864 Ἄραψιν,
1681 2795 1740 2847 ὲν
1766 2792 1978 2865 Σύροις.

400 2885 654 2939 Ἰέλοῦντι
672 2885 804 2956 γοῦν
829 2884 912 2956 τῷ
938 2884 1159 2957 Μιχαήλ
1193 2902 1322 2939 ποτε
1344 2884 1703 2956 διφρηλασίας

402 3150 532 3189 num
562 3134 825 3191 restituit.
847 3133 1097 3205 Cumque
1143 3132 1393 3189 liberalis
1436 3132 1493 3186 in
1543 3131 1695 3188 cives
1732 3103 2050 3203 pecuniisC

399 3225 698 3297 erogandis
724 3241 846 3282 esse
876 3227 1060 3294 vellet,
1090 3224 1413 3296 perquisitis
1432 3224 1666 3290 aerariis,
1685 3240 1809 3295 quae
1830 3226 1986 3296 prius

403 3316 659 3388 ingentes
684 3316 1045 3388 pecuniarum
1075 3316 1262 3387 c0pias
1302 3315 1681 3384 continebant,
1711 3332 1837 3373 cum
1868 3333 1988 3372 om-

401 3412 495 3463 nia
525 3409 778 3479 squalere
811 3417 1066 3465 cerneret
1095 3423 1198 3465 nec
1237 3407 1447 3462 hauriri
1480 3407 1781 3478 quidquam
1809 3423 1877 3463 ex
1903 3407 1986 3463 eis

402 3516 583 3570 posse,
617 3500 860 3565 dolebat,
894 3515 1010 3555 rem
1040 3499 1280 3571 graviter
1306 3498 1542 3565 ferebat,
1575 3498 1735 3569 inops
1770 3498 1985 3553 consilii

405 3590 710 3651 haesitabat.
739 3591 871 3660 quid
902 3590 1148 3645 futurum
1195 3600 1341 3646 esset
1388 3589 1695 3661 ignorabat,
1742 3588 1987 3659 undique

402 3682 829 3737 coarctabatur:
863 3696 992 3736 nam
1035 3696 1204 3752 egens
1255 3681 1555 3751 imperator
1582 3690 1639 3735 et
1673 3681 1883 3752 magnis
1915 3681 1985 3735 ah

401 3775 602 3844 opibus
632 3772 933 3829 destitutus
959 3788 1150 3844 reapse
1175 3772 1313 3827 nihil
1334 3780 1421 3828 est
1441 3772 1591 3828 aliud
1613 3788 1779 3844 quam
1801 3773 1985 3842 aquila

402 3865 561 3919 senio
597 3864 884 3928 confecta,
915 3863 1144 3933 spoliata
1188 3862 1398 3931 pariter
1447 3863 1573 3928 alis,
1614 3862 1894 3934 unguibus
1930 3870 1986 3918 et

405 3964 606 4009 rostro.
664 3954 936 4010 Nimirum
989 3952 1290 4008 Michaelus
1323 3953 1644 4023 imperator,
1699 3953 1985 4009 exhaustis

404 4046 687 4110 omnibus,
721 4057 778 4101 ct
822 4046 878 4100 in
927 4045 1125 4101 mimos
1151 4046 1459 4101 collusores
1486 4056 1836 4115 compotores
1860 4060 1988 4116 pro-

408 4135 569 4200 lusis,
593 4150 703 4189 non
731 4148 929 4205 grypes
957 4142 1166 4188 tantum
1199 4148 1397 4188 aureos
1420 4133 1772 4201 conﬂaverat,
1795 4149 1987 4188 verum

404 4227 572 4281 etiam
602 4225 883 4295 platanum
916 4225 1084 4292 illam,
1141 4224 1197 4279 in
1250 4240 1358 4295 qua
1408 4225 1591 4280 omnis
1622 4224 1842 4296 generis
1868 4225 1986 4280 avi-

407 4320 547 4370 enim
576 4316 940 4372 considebant
983 4326 1041 4372 et
1084 4332 1196 4373 non
1245 4318 1406 4372 aliter
1436 4317 1793 4373 cantillabant
1819 4326 1986 4387 atque

2082 778 2290 831 Αὐτίκα
2314 779 2376 832 τὸ
2410 781 2708 849 μηχάνημα
2741 780 2952 834 κελεύει
2986 783 3361 855 συντριϐῆναι.

2080 874 2185 927 Φεῦ
2225 876 2324 944 τῆς
2354 875 2673 946 σκαιότητος
2703 875 2868 930 αὑτοῦ
2896 879 2909 930 ι
2946 876 3048 946 φεῦ
3084 878 3185 947 τῆς
3213 879 3661 948 φρενοϐλαϐείαςι

2081 965 2189 1019 Φεῢ
2219 965 2318 1034 φεῦ
2343 967 2356 1019 l
2384 968 2566 1020 ὁποῖον
2601 967 2872 1037 θησαυρὸν
2898 969 3127 1039 ἠφάνισε
3163 970 3452 1038 Ῥωμαίων

2086 1058 2407 1128 Ἀνθρωπος
2439 1059 2788 1130 ρυπαρόδιος,
2819 1063 2987 1131 πότης
3013 1061 3467 1133 βοσκηματώδηςι

2154 1151 2263 1203 Kal
2279 1148 2451 1203 ταῦτα
2478 1151 2576 1220 μὲν
2600 1151 2909 1221 ἀρκούντως
2931 1169 3020 1222 μοι
3037 1152 3363 1223 τεθρήνηται
3384 1152 3460 1223 τῷ
3480 1152 3624 1225 λόγῳ
3643 1169 3660 1185 °

2091 1238 2153 1294 '0
2184 1239 2407 1311 κράτωρ
2435 1239 2493 1293 δὲ
2521 1241 2802 1305 Βασίλειος
2829 1241 2930 1312 ήδη
2961 1242 3305 1313 κατανοήσας

2078 1332 2174 1393 Ei;
2211 1331 2364 1399 γόνυ,
2389 1329 2530 1400 φεῦί
2564 1331 2878 1384 όκλάσασαν
2917 1332 3016 1403 τὴν
3042 1332 3152 1385 τῶν
3186 1331 3472 1402 Ῥωμαίων
3491 1332 3663 1403 τύχην

2079 1424 2191 1476 Kal
2209 1423 2627 1477 κινδυνεύουσαν
2656 1426 2845 1476 πεσεῖν
2873 1422 3074 1487 ἀθλίως
3099 1424 3192 1476 ἐπὶ
3217 1424 3414 1494 στόμα,

2078 1513 2294 1567 Μᾶλλον
2311 1515 2356 1569 δ’
2373 1515 2548 1568 εἰπεῖν
2568 1515 2925 1567 ἐκλείπουσαν
2956 1516 3049 1568 καὶ
3073 1514 3341 1568 πνέουσαν
3362 1517 3431 1568 τά
3448 1515 3660 1580 λοϊσοα,

2078 1605 2197 1657 Δεῖν
2222 1604 2363 1673 ἔγνω
2392 1605 2492 1676 τὴν
2521 1604 2791 1675 βασίλειον
2836 1604 3126 1658 ἀναλαὸεἴν
3158 1603 3350 1675 σοφίαν

2081 1698 2192 1750 Kal
2217 1684 2393 1752 σῶσαί
2409 1698 2508 1768 τὴν
2525 1697 2679 1769 παρὰ
2694 1698 2892 1769 μικρὸν
2916 1698 2960 1729 ⁵⁷
2977 1698 3178 1768 νεκράν
3193 1715 3251 1751 τε
3273 1699 3367 1752 καὶ
3380 1699 3657 1769 τυμϐήρη.

2094 1788 2375 1842 Ἐντεῦθεν
2405 1788 2643 1859 κάματοι
2669 1790 2866 1843 πυκνοὶ
2890 1791 2985 1843 καὶ
3012 1792 3275 1862 μέριμναι
3304 1791 3399 1845 καὶ
3446 1792 3661 1862 μόχθοι,

2080 1880 2191 1933 Kal
2213 1879 2396 1951 Θώραξ
2425 1880 2798 1951 περιστέρνιος
2829 1880 2925 1935 καὶ
2961 1882 3337 1953 σιδηροφορία,

2079 1965 2190 2019 Kal
2220 1966 2446 2036 πόλεμοι
2478 1967 2796 2038 φιλαίματοι
2826 1969 2923 2021 καὶ
2952 1971 3195 2040 συνεχεῖς
3216 1972 3517 2041 φροντίδες,

2081 2056 2191 2109 Καὶ
2218 2057 2331 2127 βίος
2351 2056 2677 2120 ύπασπίδιος
2698 2058 2744 2091 ⁸⁸
2770 2057 2866 2112 καὶ
2899 2058 3128 2128 κόρυθες
3152 2062 3246 2114 καὶ
3281 2062 3494 2131 λόγχαι,

2083 2147 2189 2200 Καὶ
2215 2147 2482 2218 βλέφαρον
2509 2147 2797 2218 ὼμόῦπνον
2819 2148 2970 2204 σπῶν
2991 2148 3092 2203 ούκ
3120 2151 3201 2214 είς
3237 2151 3398 2221 κόρον
3448 2151 3635 2207 ὕπνον.

2081 2235 2374 2291 Ἐντεῦθεν
2400 2236 2718 2291 ἀνεσώσατο
2758 2237 2829 2292 τὰ
2865 2239 3167 2311 πράγματα
3202 2240 3517 2310 Ῥωμαίοις,

2081 2329 2193 2382 Kal
2222 2329 2395 2401 τύχην
2423 2331 2522 2401 τὴν
2551 2330 2874 2401 γηράσασαν
2916 2331 3017 2404 τὴν
3041 2333 3496 2403 ἑκρυτιὸωθετσαν

2079 2419 2269 2491 Καλὴν
2295 2421 2763 2493 τρυφιροπάρσιον
2811 2422 3109 2493 εἰργάσατο
3135 2424 3415 2496 κορίσκην.

2085 2512 2371 2581 Ἐγνωσαν
2393 2512 2518 2566 τότε
2560 2512 2838 2585 Βάρσαροι
2858 2513 3001 2586 θῆρα
3028 2514 3121 2568 τὸν
3156 2515 3284 2586 πρὶν
3307 2515 3579 2571 ύπνυῦντα

2080 2602 2351 2669 Γενναίως
2374 2606 2740 2676 ἀνεγρόμενον
2762 2604 2905 2660 κατά
2926 2607 3037 2660 τῶν
3061 2606 3412 2670 ἀδικούντων,

2082 2697 2194 2750 Kal
2222 2697 2422 2761 πάντες
2452 2696 2852 2768 ύποτρέσαντες
2882 2695 3078 2751 ἔδυσαν
3106 2699 3186 2759 είς
3212 2697 3311 2760 τὰς
3342 2698 3548 2768 λόχμας
3567 2700 3635 2766 ⁶⁹,

2084 2785 2192 2840 Kal
2217 2787 2380 2842 πάλιν
2410 2787 2774 2858 ὑπερίσχυσεν
2807 2789 2841 2857 ἡ
2872 2787 2982 2841 τῶν
3019 2788 3305 2857 Ῥωμαίων
3339 2789 3553 2859 pacm.

2166 2878 2320 2933 Ἐπεὶ
2349 2879 2407 2934 δὲ
2437 2879 2714 2944 κλύδωνας
2743 2877 2933 2951 φυγὼν
2978 2878 3233 2948 Ἰγνάτιος
3258 2879 3349 2933 τοῦ
3378 2879 3494 2950 βίου

3333 3024 3487 3081 Vers.
3523 3026 3663 3082 5.209

2085 3145 2323 3215 quodam
2355 3144 2615 3217 Syrorum
2645 3145 2833 3216 copias
2861 3146 3026 3202 domo
3074 3148 3348 3217 profectas
3374 3164 3496 3203 esse
3530 3166 3655 3202 cum

2086 3237 2295 3307 impetu
2344 3236 2496 3307 gravi
2545 3247 2710 3306 atque
2740 3237 3093 3292 vehemente.
3121 3237 3237 3303 Qua
3271 3254 3330 3293 re
3364 3239 3665 3294 Micliaelus

2084 3325 2292 3390 audita,
2327 3325 2537 3380 veritus
2574 3339 2645 3379 ne
2686 3322 2983 3378 multitudo
3028 3323 3343 3392 perturbata
3376 3323 3479 3377 hoc
3512 3340 3661 3377 nuu-

2085 3416 2162 3470 tio
2221 3416 2500 3471 theatrum
2558 3414 2879 3479 desereret,
2935 3428 3063 3469 mox
3120 3414 3295 3482 ipsam
3350 3414 3660 3468 machinam

2085 3505 2356 3577 confringi
2409 3505 2594 3575 jussit.
2654 3505 2774 3560 Heu
2832 3513 3039 3575 quanta
3092 3503 3197 3559 fuit
3234 3503 3353 3559 haec
3388 3504 3662 3574 imperitia

2085 3605 2401 3667 quantaque
2437 3595 2753 3651 dementia!
2804 3594 2944 3665 proh
2986 3593 3203 3665 qualem
3239 3593 3505 3649 Romanis
3541 3594 3665 3648 the-

2086 3699 2309 3740 saurum
2383 3683 2623 3755 perdidit
2704 3684 2960 3754 impurus
3020 3682 3223 3747 homo,
3293 3681 3498 3749 bibax,
3562 3697 3662 3752 pc-

2087 3777 2322 3832 cuinusl

2156 3867 2226 3921 Et
2258 3867 2376 3921 haec
2401 3865 2627 3936 quidem
2656 3864 2790 3920 satis
2818 3865 2930 3937 jam
2958 3864 3240 3935 deplorata
3268 3873 3455 3920 sunto.
3486 3864 3661 3920 Caete-

2087 3973 2210 4013 rum
2261 3958 2493 4014 Basilius
2554 3958 2876 4029 imperator,
2937 3956 3325 4012 animadverso
3380 3955 3661 4011 fortunam

2087 4050 2387 4105 Romanam
2420 4049 2596 4120 (heu)
2628 4048 2973 4119 pervolutam
3025 4046 3081 4100 in
3134 4060 3310 4115 genua
3358 4043 3661 4110 labascere,

2081 4139 2304 4209 jamque
2333 4138 2429 4194 illo
2457 4138 2514 4192 in
2548 4137 2794 4208 periculo
2819 4134 3027 4191 versari
3050 4143 3113 4188 ut
3144 4133 3202 4187 in
3227 4147 3291 4188 os
3320 4133 3520 4187 misere
3550 4136 3664 4188 col-

2089 4230 2384 4296 laberetur,
2416 4229 2577 4298 108
2603 4228 2689 4281 vel
2726 4225 2932 4280 rectius
2961 4232 3020 4277 ut
3046 4224 3261 4292 loquar,
3287 4222 3472 4276 animo
3505 4225 3661 4292 quasi

2088 4320 2358 4375 defectam
2381 4318 2609 4387 spiritus
2636 4324 2914 4370 extremos
2937 4313 3164 4377 ducere,
3190 4314 3337 4381 regia
3372 4311 3478 4366 sibi
3507 4322 3665 4367 uten-

406 4410 452 4462 si
506 4409 719 4477 linguas
753 4409 903 4463 vivas
938 4407 1226 4474 baberent,
1275 4408 1623 4463 auditoribus
1674 4409 1742 4463 ad
1794 4422 1984 4463 carum
2015 4445 2063 4504 υ
2089 4409 2218 4464 dum
2249 4407 2517 4479 sapientia
2542 4404 2753 4467 statuit,
2797 4411 2855 4458 et
2885 4405 3005 4474 ejus
3043 4403 3206 4457 saluti
3257 4404 3662 4459 consulendum

409 4514 571 4552 vocrs
595 4498 1113 4567 obstupescentibus
1145 4497 1564 4566 machinamque
1590 4512 1787 4553 novam
1817 4507 1875 4550 et
1898 4495 1982 4549 in-

410 4592 662 4645 usitatam
689 4591 1117 4646 admirantibus.
1152 4590 1313 4646 Libet
1341 4594 1506 4645 etiam
1537 4590 1684 4644 aliud
1720 4589 1982 4659 quiddam

408 4681 663 4752 lacrymis
703 4691 760 4736 et
806 4681 1197 4737 lamentatione
1229 4681 1455 4751 dignum
1485 4695 1782 4748 exponere.
1817 4681 1978 4734 Prin-

408 4787 540 4841 ceps
571 4773 661 4827 ille
701 4773 1155 4842 philosophorum
1186 4781 1241 4828 et
1273 4772 1503 4827 inﬁnitis
1527 4772 1782 4826 eruditus
1809 4772 1980 4827 disci-

406 4863 575 4931 plinis
599 4862 710 4919 Leo
742 4862 1049 4935 Tbcopbilo
1103 4865 1454 4934 imperatori,
1506 4863 1756 4917 Michaeli
1817 4864 1979 4933 patri,

407 4954 569 5023 plane
594 4953 920 5010 inusitatum
948 4954 1263 5012 confecerat
1306 4955 1735 5010 instrumentum
1762 4954 1984 5009 horolo-

407 5044 502 5113 gii,
551 5059 649 5114 per
673 5045 820 5115 quod
854 5046 1174 5116 imperatori
1222 5045 1403 5117 agenti
1452 5045 1505 5099 in
1559 5045 1705 5115 regia
1754 5044 1984 5115 singulis

409 5136 565 5191 horis
610 5138 970 5208 spectandum
1019 5137 1315 5193 exhibebat
1375 5136 1645 5206 quidquid
1706 5136 1832 5190 novi
1897 5136 1984 5191 vel

327 5302 333 5307 1
409 5230 557 5300 apud
587 5231 796 5287 Arabes
827 5231 912 5287 vel
962 5231 1106 5301 apud
1158 5231 1325 5302 Syros
1378 5237 1640 5284 tentatur.
1682 5228 1841 5284 Forte
1884 5228 1983 5282 Mi-

410 5320 605 5376 chaelo
645 5320 867 5376 curules
912 5320 1073 5376 ludos
1122 5318 1402 5391 peragenti
1437 5317 1804 5388 signiﬁcatum
1834 5325 1919 5372 est
1954 5329 1985 5368 a

2087 4516 2211 4571 qua:
2258 4506 2467 4553 tantum
2516 4513 2624 4552 non
2671 4505 2820 4551 esset
2869 4501 3084 4550 mortua
3134 4495 3352 4564 iamque
3404 4496 3662 4562 sepulcro

2086 4590 2393 4648 condenda.
2427 4589 2773 4659 Quapropter
2797 4604 2867 4644 ex
2896 4601 2964 4641 co
3004 4594 3251 4654 tempore
3291 4586 3367 4638 nil
3396 4584 3500 4640 nisi
3534 4601 3663 4655 per-

2085 4684 2237 4754 petui
2287 4683 2534 4749 labores,
2586 4681 3017 4745 sollicitudines,
3075 4677 3359 4739 molestiae,
3412 4677 3663 4732 thoraces

2083 4775 2229 4829 circa
2274 4784 2486 4843 pectus,
2533 4789 2683 4827 arma
2734 4773 2938 4835 ferrea,
2992 4770 3133 4825 bella
3182 4776 3437 4832 cruenta,
3473 4769 3659 4837 galea},

2084 4865 2273 4927 hastae,
2302 4864 2454 4937 oculi
2489 4863 2558 4918 ad
2587 4864 2894 4918 satietatem
2919 4877 3113 4917 somno
3151 4860 3376 4914 minimc
3405 4860 3658 4914 recreati.

2084 4956 2262 5027 Atque
2293 4957 2397 5011 hoc
2424 4954 2586 5010 modo
2614 4970 2727 5010 rem
2766 4955 3066 5009 Rcmanam
3097 4951 3359 5014 restituit,
3389 4958 3445 5004 et
3482 4949 3661 5004 fortu-

2085 5061 2211 5099 nam
2244 5045 2459 5115 imperii
2493 5045 2604 5114 jam
2634 5052 3014 5098 senescentem
3039 5055 3306 5111 ac.rugas
3328 5039 3661 5094 contrahen-

2089 5146 2196 5192 tem
2242 5152 2433 5191 rursus
2465 5137 2636 5190 instar
2676 5133 2871 5204 puella:
2898 5143 3143 5204 vegetam
3174 5142 3231 5186 et
3260 5139 3546 5186 venustam
3578 5130 3661 5184 ef-

2086 5228 2236 5283 fecit.
2265 5230 2550 5298 Agnovere
2579 5235 2692 5280 tum
2721 5225 2942 5281 barbari
2976 5225 3170 5289 feram,
3200 5239 3323 5295 quae
3371 5223 3524 5293 prius
3572 5238 3661 5277 so-

2088 5322 2201 5377 oita
2250 5329 2475 5378 strenue
2526 5335 2676 5376 nunc
2722 5318 2991 5375 adversus
3032 5318 3363 5390 iniuriarum
3409 5306 3697 5372 auctores

1749 5476 1956 5538 Varias
1990 5471 2321 5537 lectiones.

487 5641 533 5671 "
570 5640 962 5710 χρυσιοφόρους
997 5643 1061 5695 Α.
1139 5641 1185 5674 ⁸³
1211 5641 1418 5698 ἄντλων
1450 5639 1519 5695 Β.
1548 5710 1551 5711 ν
1594 5641 1640 5673 ⁸⁸
1668 5639 1930 5711 ἐμηχάνει
1959 5637 2074 5693 AR.
2152 5640 2197 5672 ⁸⁵
2229 5638 2481 5709 γλώσσης
2505 5636 2709 5710 ζώσης.
2741 5637 2811 5692 R.
2887 5635 2933 5670 “
2958 5635 3130 5691 δεινὸν
3165 5633 3233 5690 R.
3310 5635 3355 5669 "
3389 5631 3570 5708 μικρῷ
3591 5632 3658 5685 Δ.

422 5712 467 5741 ⁸·
504 5711 822 5774 ἐπασπίδιος
857 5712 920 5765 Α.
943 5713 988 5744 ⁶⁹
1026 5714 1102 5777 είς
1139 5713 1236 5776 τὰς
1257 5711 1505 5780 τρώγλας
1527 5710 1592 5763 Δ.
