4122 6212
419 254 529 321 419

428 368 552 428 Τοῖς
574 363 890 433 εὐγαλήνοις
921 359 1151 431 οὐρανοῦ
1188 358 1523 428 προσώκειλε
1550 357 1765 427 λιμέσιν
1789 356 1859 421 ⁷ο,

435 456 495 509 ὐ
527 453 898 525 βαθυγνὼμων
923 449 1145 512 Φὼτιος,
1172 450 1260 501 ἀεὶ
1287 447 1452 517 διψῶν
1481 447 1573 500 τοῦ
1598 446 1787 516 θρόνου

424 539 533 598 Καὶ
564 542 806 596 σπεύδων
829 538 1270 603 ἑπιτεύξασθαιτι
1308 537 1471 591 πάλιν
1497 537 1595 606 τῆς
1647 532 1999 605 Ἐκκλησίας,

422 634 638 687 Ίόιόνδε
662 649 716 683 τι
743 629 1078 700 βαθύτροπον
1104 631 1196 681 καὶ
1226 628 1438 681 σκολιὸν
1472 628 1730 697 τεχνᾶται
1769 641 1784 657 ·

427 724 547 776 Τῶν
572 723 849 791 ὀνομάτων
876 720 977 783 τὰς
1019 720 1192 789 ἀρχὰς
1225 719 1600 790 ἀπολαμϐάνει
1634 718 1801 787 μόνας

426 814 470 865 Τ
473 813 532 865 οὗ
554 810 836 881 βασιλέως,
872 811 979 863 τῶν
1002 811 1154 873 υἱῶν,
1184 810 1319 863 ἀλλὰ
1345 810 1439 862 καὶ
1469 809 1566 879 τῆς
1595 805 1931 876 Αὐγούστης,

429 902 538 953 Kal
563 899 624 951 τὸ
647 899 843 968 paula;
876 899 1176 968 συντίθησι,
1210 899 1305 952 καὶ
1342 900 1501 953 τοῦτο
1536 896 1859 966 σαφηνίσας,

428 992 552 1051 Τοῖς
580 991 701 1041 τότε
729 990 1109 1057 σοφιστεύουσι
1139 991 1441 1060 πράγματα
1469 990 1825 1059 προξενῆσαν,

429 1080 647 1146 Ἕδοξεν
679 1077 816 1135 εἶναι
837 1081 1045 1150 βασιλεί
1076 1084 1250 1152 μέγας
1280 1084 1372 1135 ἐπὶ
1399 1082 1582 1153 σοφίᾳ,

428 1172 541 1225 Kal.
571 1172 732 1224 πάλιν
770 1173 860 1226 τὸν
892 1172 1191 1242 πολύζηλον
1218 1172 1657 1242 κατακληρυῦται
1687 1170 1895 1243 θρόνον.

512 1265 651 1319 Ἀλλ’
676 1264 783 1336 ἄρα
821 1265 941 1327 νοῦς
985 1264 1336 1335 ἀκροσφαλὴς
1372 1266 1508 1318 πᾶσι
1536 1266 1648 1328 τοῖς
1676 1264 1968 1335 γηγενέσι,

430 1357 541 1408 Καὶ
569 1354 738 1425 κῆρες
772 1355 1043 1425 συμφυτοί
1070 1372 1213 1418 τινες
1243 1355 1448 1408 σύνεισι
1475 1358 1586 1417 τοῖς
1619 1355 1946 1426 ἀνθρώποις.

441 1446 500 1498 ὐ
528 1447 634 1517 γὰρ
661 1446 825 1509 πολὺς
871 1449 970 1517 τὴν
1015 1446 1229 1501 σύνεσιν
1256 1442 1408 1512 οὗτος
1462 1450 1519 1501 ἐν
1557 1447 1867 1518 βασιλεῦσιν

441 1538 579 1591 ’Υπό
608 1556 767 1591 τινων
795 1540 1144 1602 ἀναπεισθεὶς
1181 1539 1390 1610 ἀνδρῶν
1417 1540 1758 1610 όφιοτρότνων
1782 1542 1851 1607 τ’,

434 1629 497 1680 Οἳ
522 1629 706 1692 δόλους
728 1630 1140 1699 ῦπορῤἁπτουσι
1177 1628 1779 1699 καὶ,μηχανοπλοκοῦσι

434 1722 542 1774 Καὶ
568 1720 796 1790 φίλτατα
823 1720 1132 1789 δικάζουσιν
1166 1722 1274 1775 ἀπὸ
1309 1722 1777 1789 πατέρωντέκνα,

446 1810 578 1860 Ἀπὸ
616 1809 818 1878 μητρὸς
853 1810 1169 1877 θυγάτριον,
1198 1809 1307 1863 ἀπὸ
1335 1809 1568 1879 νυμφίου
1600 1808 1840 1879 νύμφην,

434 1897 558 1962 ﬂio;
587 1901 615 1951 ό
647 1898 1060 1966 Σανταὸαρηνὺς
1078 1902 1283 1961 ἐκεῖνος
1312 1901 1339 1952 ὁ
1376 1901 1708 1971 δυσδαίμων,

435 1988 802 2058 Καθείργνυσι
834 1990 925 2042 τὸν
952 1991 1157 2043 Λέοντα
1184 1990 1274 2043 τδν
1301 1990 1467 2044 παῖδα
1496 1993 1586 2047 τὸν
1606 1995 1806 2046 οίκεῐον

443 2078 535 2141 Ὠς
560 2078 721 2146 δῆθεν
753 2078 893 2132 κατὰ
918 2077 1011 2135 τοῦ
1047 2079 1251 2150 πατρὸς
1295 2080 1521 2152 βρόχους
1563 2084 1784 2139 ἱστάντα
1822 2085 2010 2155 φόνου,

438 2167 641 2236 Ἀνδρα
667 2166 1131 2237 φιλοσοφώτατον,
1164 2169 1422 2236 γνώσεως
1452 2170 1632 2241 πάσης
1663 2173 1847 2244 πλήρη

432 2259 547 2312 Kal.
574 2260 708 2311 πᾶσι
730 2262 843 2322 τοῖς
881 2259 1197 2329 μαθήμασιν
1237 2262 1823 2332 ὲμπαῶοτριὸηθέντα,

436 2350 538 2401 "Ov
568 2349 861 2419 συμφορῶν
888 2350 930 2382 τ³
959 2353 993 2421 ὴ
1021 2353 1248 2420 κάμινος
1293 2356 1388 2406 καὶ
1420 2354 1528 2406 τῶν
1575 2355 1761 2413 κακῶν
1816 2356 2015 2426 χωνεία

435 2438 650 2507 Χρυσὸν
677 2439 960 2506 ἀπέδειξεν
992 2441 1157 2510 μηδὲν
1188 2442 1497 2514 ὑπόχαλκον
1518 2444 1776 2514 ἠχοῦντα.

449 2529 713 2585 Ἐνταῦθα
734 2532 849 2598 γόοι
875 2533 969 2586 καὶ
1000 2533 1273 2603 κλαυθμοὶ
1299 2537 1505 2605 μητρὸς
1547 2538 1921 2608 ποτνιωμένης

436 2624 547 2675 Kal.
576 2623 835 2693 δεομένης
859 2622 953 2676 τοῦ
986 2625 1193 2695 πατρὸς
1222 2625 1362 2696 ὑπὲρ
1404 2627 1522 2680 υίοῦ
1558 2628 1854 2699 δυστήνου·

452 2713 592 2767 Ἀλλ’
624 2710 691 2784 ἧν
708 2716 911 2779 ἐκεῖνος
934 2716 1199 2786 ἄτεγκτος
1232 2719 1543 2790 ἀμάλακτος
1590 2720 1666 2785 ὡς
1698 2722 1872 2793 πέτρα
1891 2759 1908 2786 ,

1585 242 1975 309 CONSTANT
1987 242 2092 303 [Ni
2139 238 2518 301 MANASSIS

2029 365 2074 418 Α
2105 350 2212 403 Kal
2229 350 2360 419 πρὸς
2395 345 2630 415 στοργὴν
2660 342 2755 414 τὴν
2794 328 3023 413 enim
3059 340 3214 404 ἄλλος
3276 341 3506 412 σκληρὸς
3544 345 3672 400 ἁδά.

3561 235 3666 296 4Ξῦ

2100 528 2282 585 *Ησαν
2310 532 2427 584 ἐκεῖ
2453 530 2776 602 θρηνήτριαι
2804 529 2896 582 καὶ
2926 529 3155 598 μονῳδοὶ
3183 436 3576 596 γυναῖκεςὶῳῖ

2103 623 2322 693 Πικρῶς
2343 622 2767 689 ἀνακλαιόμεναι
2798 621 2897 691 τὴν
2928 620 3215 691 συμφορὰν
3244 621 3485 685 ἐκείνην.

2102 712 2263 777 Οἶκος
2286 715 2487 776 ἐκεῖνος
2523 713 2752 774 πένθους
2782 708 2848 782 ἦν
2891 712 2988 765 καὶ
3019 713 3406 782 στεναγμάτων
3434 711 3601 776 οἶκος.

2101 802 2210 859 Ἦν
2233 806 2326 859 κα)⁸
2361 805 2639 874 στρουθίον
2673 805 2931 873 μουσικὸν
2964 806 3078 857 ἐκεῖ
3120 805 3261 858 κατὰ
3290 807 3381 858 τὸν
3411 801 3580 870 οἷκον,

2108 897 2275 951 Ἔνθα
2300 897 2491 966 πικρὸς
2528 895 2832 965 ὀλοφυρμὸς
2866 899 2957 950 καὶ
2992 897 3116 964 γόος
3142 898 3408 969 ὲξηχεῖτο,

2108 988 2284 1055 Ὅπερ
2304 985 2499 1039 ἀκοῦον
2529 988 2765 1056 συνεχῶς
2798 988 2990 1055 φωνῶν
3021 987 3400 1058 θρηνητηρίων

2106 1080 2216 1132 Kal.
2240 1077 2336 1141 τὰς
2367 1077 2493 1146 βοὰς
2523 1078 2829 1147 ἐκδιδαχθὲν
2854 1080 2952 1141 τὰς
2989 1080 3185 1150 γοερὰς
3211 1082 3422 1143 ὲκείνας

2106 1169 2544 1232 Συνανιυλόλυζεν
2566 1171 2754 1232 αὑταῖς
2788 1172 2913 1239 περὶ
2943 1171 3036 1223 τοῦ
3069 1173 3278 1224 νεανίου

2107 1261 2218 1312 Kal.
2253 1259 2525 1328 rrpobzpeps
2558 1261 2647 1312 τὸν
2672 1260 2875 1313 Λέοντα
2903 1262 2998 1315 καὶ
3030 1263 3346 1332 συνθρηνεῖν
3372 1263 3553 1333 ἐῴκει.

2107 1351 2310 1404 Τούτου
2338 1352 2468 1404 ποτὲ
2494 1351 2772 1415 Βασίλειος
2797 1352 3035 1415 ἀκούσας
3071 1353 3166 1406 τοῦ
3189 1356 3471 1422 στρουθίου

2108 1443 2410 1505 Λαλοῦντος
2433 1445 2525 1495 καὶ
2553 1444 2644 1495 τὸν
2670 1442 2874 1496 Λέοντα
2915 1444 3170 1513 φέροντος
3199 1446 3303 1499 ἀνὰ
3323 1447 3371 1477 ’⁸
3412 1447 3606 1513 στόμα,

2108 1535 2219 1588 Kal.
2266 1534 2390 1595 τοὺς
2434 1533 2703 1600 παρόντας
2746 1532 3007 1604 ἔνθερμον
3057 1534 3352 1598 στάξαντας
3405 1537 3601 1604 βλέψας
3635 1538 3679 1570 ’³⁸

3415 1627 3608 1699 [δάκρυ

2040 1696 2082 1752 Β
2113 1715 2242 1790 (Ἦν
2262 1718 2320 1770 δὲ
2342 1717 2808 1788 λιπαροτρὰπεζον
2853 1717 3046 1788 εὔοψον
3083 1719 3295 1773 δεῖπνον
3333 1696 3501 1789 τότε),

2126 1810 2416 1875 Ἑνδίδωσι,
2448 1812 2782 1893 μαλάσσεται
2811 1809 2912 1879 τῆς
2936 1809 3464 1880 σκληρογνωμοσύνη
3482 1831 3518 1876 ’ν

2111 1901 2455 1971 Δίδούμενος,
2482 1901 2557 1963 ὡς
2589 1901 2755 1965 ἔοικε,
2790 1903 2864 1973 μή
2895 1918 3009 1964 πως
3038 1903 3164 1970 περὶ
3188 1904 3287 1971 τὴν
3315 1900 3477 1970 φύσιν

2126 1995 2632 2065 Ἀσυμπαθέστερος
2663 1996 2828 2049 αὑτοῦ
2858 1996 3096 2064 φαίνοιτο
3124 1995 3220 2049 τοῦ
3252 1996 3556 2066 στρουθίου.

2128 2087 2343 2155 Ἐξάγει
2368 2087 2652 2157 τοίνυντῆς
2669 2088 2912 2157 εἱρκτῆς,
2941 2087 3034 2140 καὶ
3055 2087 3318 2158 πατρικὸν
3334 2088 3683 2161 προσϐλέπει.

2115 2179 2223 2232 Καὶ
2254 2179 2434 2231 τοίνυν
2477 2178 2654 2231 ἔτεσιν
2684 2178 2828 2231 ὀκτὼ
2859 2177 3147 2247 Ῥωμαίων
3178 2176 3500 2247 βασιλεύσας
3534 2178 3602 2239 ⁷⁸,

2115 2270 2224 2322 Kal.
2255 2270 2464 2339 μέλλων
2489 2270 2589 2339 ἤδη
2615 2271 2870 2340 τελευτᾷν
2904 2272 2997 2323 καὶ
3025 2270 3299 2339 καταντᾷν
3336 2270 3416 2331 ei;
3459 2262 3635 2337 τύμσο

2114 2363 2209 2426 Εἰς
2233 2362 2421 2416 τοῦτον
2446 2364 2507 2417 τὸ
2532 2362 2802 2434 βασίλειον
2822 2363 3019 2431 κράτος
3054 2360 3424 2431 μεταϐιϐάζει.

2186 2453 2374 2524 Τούτῳ
2403 2454 2533 2507 ποτὲ
2564 2454 2651 2531 τῷ,
2680 2453 2888 2524 βασιλεῖ
2920 2453 3146 2523 πρόοδον
3185 2454 3496 2524 ποιουμένῳ

2115 2546 2235 2598 Κάν
2262 2544 2469 2614 τῷναῷ
2495 2544 2589 2597 τοῦ
2627 2545 2902 2615 μάρτυρος
2935 2544 3159 2598 Μωκίου
3188 2544 3464 2614 γενομένῳ

2129 2636 2399 2707 Ἐπιπηδᾷ
2425 2652 2507 2697 τις
2533 2636 2725 2703 ἄγριος
2752 2634 2896 2688 κατὰ
2926 2636 3054 2698 τοῦς
3090 2634 3477 2705 δαιμονῶντας,

2119 2728 2438 2800 Ἄνθρωπος
2466 2728 2869 2799 ἀστατούμενος
2901 2731 2964 2783 τὸ
2999 2729 3184 2799 σχῆμα
3222 2732 3317 2783 καὶ
3339 2729 3399 2782 τὸ
3429 2727 3666 2800 βλέμμα,

3365 2871 3520 2929 Vers.
3553 2874 3686 2929 536i

441 2988 745 3081 evigilarat.
783 2983 1010 3046 Idcirco
1040 2991 1214 3046 territi
1245 2993 1485 3049 latebras
1523 2995 1746 3052 subiere
1766 3034 1781 3061 ,
1826 3006 2018 3068 poten—
2046 3023 2088 3081 ο
2123 3006 2236 3052 tum
2265 2996 2457 3052 fornax
2481 2998 2835 3052 etmalorum
2885 2995 3267 3051 conﬂatorium
3293 2997 3531 3052 Leonem
3565 3013 3694 3067 pro-

446 3081 522 3134 tia
558 3078 804 3134 Romana
833 3095 1026 3137 rursus
1062 3081 1454 3141 invalescente.

521 3173 658 3228 Cum
705 3181 889 3228 autem
933 3174 1203 3231 liberatus
1235 3176 1362 3231 vitae
1399 3178 1661 3247 procellis
1688 3180 1929 3250 lgnalius
1957 3181 2022 3235 ad

444 3265 692 3334 placidos
719 3266 829 3336 jam
874 3266 1000 3320 caeli
1054 3274 1251 3335 portus
1300 3269 1626 3338 appulisset,
1677 3278 1893 3326 astutus
1933 3271 2025 3327 ille

449 3356 698 3420 Photius,
735 3372 1013 3427 nunquam
1052 3374 1160 3412 non
1202 3360 1385 3414 throni
1425 3362 1680 3432 cupidus,
1722 3364 1774 3417 in
1809 3364 1915 3419 hoc
1949 3374 2028 3417 to-

447 3456 536 3502 tus
569 3449 895 3504 incumbens
921 3460 979 3505 ut
1002 3451 1249 3508 Ecclesia
1277 3469 1494 3508 rursum
1528 3456 1821 3524 potiretur,
1845 3457 2030 3527 hujus-

448 3539 595 3593 modi
625 3540 887 3609 quiddam
920 3556 1052 3597 sane
1083 3555 1369 3599 versutum
1417 3561 1480 3600 ac
1514 3562 1741 3615 pravum
1781 3548 2026 3601 molitur.

448 3629 607 3683 Solas
635 3630 839 3697 primas
867 3631 1079 3686 litteras
1123 3634 1409 3686 nominum
1456 3633 1833 3702 imperatoris,
1890 3635 2030 3689 libe-

450 3735 636 3772 rorum
683 3721 802 3789 ejus
847 3729 903 3774 et
946 3721 1204 3791 Augusta:
1251 3725 1457 3790 sumit,
1488 3734 1653 3795 atque
1684 3726 1809 3781 inde
1843 3726 2032 3782 Beclas

450 3811 753 3879 componit,
766 3814 969 3881 ’eoque
998 3812 1299 3876 declarato.
1336 3830 1461 3869 cum
1491 3818 1610 3886 ejus
1637 3817 1815 3871 :etatis
1850 3818 2030 3872 homi-

450 3901 619 3956 nibus
643 3900 902 3956 litteratis
930 3901 1137 3972 negotii
1178 3917 1289 3955 non
1324 3919 1514 3973 parum
1545 3905 1918 3971 exhibuisset,
1952 3906 2033 3960 vi-

449 4009 548 4049 sus
595 4003 682 4048 est
738 3993 1060 4063 imperatori
1113 3994 1195 4048 vir
1243 4010 1364 4050 esse
1416 4012 1624 4066 magna:
1672 3998 1937 4053 doctrinae
1969 4015 2033 4055 ac

450 4083 769 4152 sapientiae;
814 4083 1049 4152 ideoque
1095 4084 1291 4138 solium
1343 4086 1393 4138 ei
1439 4087 1867 4155 patriarchicum
1906 4088 2031 4143 red-

454 4174 629 4227 ditur.

531 4267 640 4321 Sed
666 4267 814 4321 enim
849 4269 1160 4324 mortalium
1212 4278 1427 4325 mentes
1477 4270 1771 4340 plurimum
1821 4281 2028 4336 errant,

2126 3092 2327 3145 barunt
2354 3104 2487 3145 auro
2516 3090 2755 3145 similem
2784 3104 2926 3156 esse,
2971 3089 3061 3144 cui
3108 3089 3244 3144 nihil
3276 3089 3397 3145 reris
3423 3091 3694 3145 subesset.

2126 3184 2266 3239 Hine
2292 3184 2398 3239 orti
2428 3184 2674 3253 ploratus
2700 3189 2756 3237 et
2786 3183 3115 3255 ejulationes
3140 3182 3330 3237 matris
3361 3192 3562 3238 sortem
3598 3182 3697 3238 ﬁlii

2125 3276 2480 3331 lamentantis
2525 3288 2582 3330 et
2629 3275 2772 3344 apud
2820 3285 3027 3345 patrem
3079 3292 3177 3343 pro
3221 3291 3288 3331 eo
3326 3276 3692 3345 deprecantis.

2128 3364 2232 3419 Sed
2264 3375 2383 3417 erat
2413 3363 2604 3429 durus,
2639 3376 2692 3418 et
2722 3364 2894 3418 instar
2928 3365 3042 3418 saxi
3071 3364 3270 3418 molliri
3304 3379 3413 3418 non
3443 3371 3693 3434 poterat;

2130 3454 2238 3506 imo
2263 3468 2417 3522 teque
2446 3468 2637 3522 parum
2661 3468 2725 3506 ac
2755 3453 2976 3508 adamas
3002 3454 3067 3506 ab
3096 3468 3279 3507 amore
3309 3453 3541 3506 naturali
3567 3468 3698 3524 erga

2132 3541 2302 3595 lilium
2362 3540 2706 3596 ﬂectebatur.
2765 3541 3182 3595 Adhibebamur
3240 3542 3571 3597 muliercula:
3620 3541 3701 3595 la-

2131 3630 2524 3695 mentatrices,
2559 3646 2680 3700 quae
2732 3629 3077 3699 prmﬁcarum
3130 3631 3186 3684 in
3236 3647 3445 3687 morem
3497 3631 3700 3687 naanias

2131 3721 2393 3791 quasdam
2419 3721 2727 3792 lugubriter
2746 3721 3065 3776 accinerent
3092 3730 3150 3776 et
3175 3721 3540 3776 calamitatem
3565 3721 3702 3775 Leo-

2132 3813 2219 3866 nis
2252 3812 2449 3867 acerbe
2492 3812 2864 3882 deplorarent.
2896 3811 3102 3867 Domus
3131 3813 3385 3867 universa
3413 3813 3549 3867 nihil
3582 3820 3702 3867 erat

2134 3901 2281 3957 aliud
2316 3918 2479 3972 quam
2511 3903 2714 3957 luctus.
2747 3901 2950 3957 Aderat
2981 3911 3038 3957 et
3067 3917 3267 3956 canora
3299 3902 3543 3971 quazdam
3583 3902 3699 3955 avi-

2133 3994 2276 4059 cula,
2311 4006 2433 4063 quin
2464 3993 2783 4062 frequenter
2809 4008 2973 4047 voces
3009 3993 3130 4048 illas
3180 3991 3560 4046 lamentabiles
3602 4007 3702 4045 au-

2134 4089 2291 4144 diens
2323 4089 2482 4160 109
2512 4097 2567 4145 et
2597 4103 2688 4142 eas
2715 4088 2931 4150 edocta,
2966 4103 3090 4143 cum
3139 4088 3478 4143 mulierculis
3514 4086 3701 4141 adule-

2134 4188 2414 4243 scentem,
2474 4194 2738 4249 expresso
2791 4179 2994 4233 Leonis
3047 4181 3306 4248 nomine,
3359 4179 3702 4249 deplorabat.

2138 4269 2289 4325 Hanc
2318 4270 2587 4324 aviculam
2617 4284 2740 4324 cum
2773 4269 3071 4337 aliquando
3103 4269 3338 4323 Basilius
3387 4269 3701 4337 loquentem

456 4371 514 4414 et
576 4358 851 4413 naturalia
902 4357 1012 4413 fata
1070 4361 1318 4429 quaedam
1372 4361 1623 4417 homines
1673 4364 2028 4419 comitantur.
2066 4359 2105 4413 D
2135 4360 2347 4416 audiret
2378 4375 2443 4414 ac
2486 4360 2542 4414 in
2582 4373 2678 4414 ore
2724 4374 2926 4414 nomen
2957 4359 3159 4414 Leonis
3194 4361 3479 4421 ferentem,
3515 4357 3704 4411 simul-

459 4452 599 4508 Nam
630 4452 930 4519 imperator
958 4452 1050 4507 hic
1076 4455 1375 4523 caeteroqui
1403 4455 1911 4522 prudentissimus.a
1941 4472 2036 4510 va-

2138 4470 2245 4524 que
2278 4451 2492 4508 videret
2518 4467 2615 4507 eos
2652 4452 2746 4522 qui
2786 4452 3015 4506 aderant
3057 4453 3322 4522 lacrymas
3350 4446 3700 4518 profundere,

458 4542 565 4596 Iris
612 4542 940 4610 quibusdam
975 4541 1296 4599 hominibus
1328 4559 1646 4614 persuasus,
1691 4547 1787 4617 qui
1816 4547 2038 4602 fraudes
2137 4546 2284 4599 illico
2330 4543 2398 4598 de
2448 4545 2528 4599 ira
2578 4543 2829 4598 nonnihil
2886 4542 3151 4607 remittit,
3205 4542 3404 4594 durum
3458 4539 3703 4593 animum

458 4642 712 4699 nectunt,
759 4643 817 4689 et
848 4634 1284 4690 machinationes
1323 4646 1546 4691 struunt
1574 4638 2037 4708 charissimosque
2135 4638 2371 4694 emolliri
2400 4638 2628 4709 patitur,
2670 4639 2960 4701 reveritus,
2995 4636 3072 4689 uti
3102 4634 3324 4704 quidem
3355 4643 3603 4704 apparet,
3635 4648 3705 4707 ne

458 4725 669 4781 liberos
710 4742 740 4780 a
773 4726 1095 4796 parentibus
1146 4726 1498 4799 disjungunt;
1546 4743 1577 4783 a
1625 4738 1800 4783 matre
1848 4729 2033 4794 ﬁliam,
2137 4732 2276 4786 forte
2326 4738 2520 4785 natura
2567 4731 2739 4799 magis
2784 4742 2978 4797 expers
3036 4742 3157 4781 esse
3211 4724 3708 4781 commiserationis

463 4831 723 4886 sponsum
770 4833 798 4870 a
839 4832 1073 4887 sponsa,
1107 4834 1339 4887 quorum
1371 4828 1489 4875 erat
1521 4836 1552 4876 e
1587 4836 1816 4875 numero
1846 4821 2037 4875 infelix
2140 4836 2302 4890 quam
2361 4820 2574 4873 avicula
2631 4817 2937 4871 videretur.
2999 4814 3343 4882 Quapmpter
3399 4827 3431 4865 e
3489 4826 3710 4866 carcere

464 4910 557 4965 ille
585 4910 1028 4976 Santabareuus;
1057 4911 1295 4966 Leonem
1348 4911 1516 4965 [ilium
1552 4928 1710 4967 suum
1759 4917 1813 4966 in
1846 4928 2034 4967 carce-

466 5016 580 5056 rem
605 5002 927 5072 compingit,
963 5004 1114 5073 quasi
1145 5004 1237 5073 qui
1278 5004 1471 5059 mortis
1516 5005 1746 5073 laqueos
1776 5004 1915 5073 patri
1953 5018 2035 5058 te-

466 5103 641 5157 xeret,
665 5109 789 5148 cum
819 5095 865 5149 is
895 5110 1086 5149 revera
1113 5096 1377 5150 doctrinae
1406 5094 1840 5151 studiosissimus
1868 5102 2032 5159 esset,

464 5182 617 5234 onmi
668 5183 898 5238 scientia
948 5184 1168 5253 copiose
1217 5185 1539 5247 instructus,
1579 5183 1835 5238 omnibus
1863 5184 2032 5237 disci-

469 5272 636 5342 plinis
667 5288 699 5327 a
728 5288 900 5344 puero
928 5276 1198 5330 excultus.
1230 5276 1409 5345 Atque
1442 5276 1559 5330 haec
1590 5288 1723 5328 sane
1749 5273 2033 5328 calamita-

2144 4912 2314 4965 lilium
2341 4910 2527 4964 educit
2553 4919 2609 4963 et
2637 4917 2863 4979 paterno
2890 4906 3119 4975 mitique
3143 4907 3297 4959 vultu
3336 4903 3552 4973 aspicit.
3598 4904 3711 4957 Mo-

2141 5003 2350 5056 riturus
2382 5012 2564 5056 autem
2595 5000 2742 5054 hunc
2771 4999 2953 5070 ipsum
2985 4998 3215 5068 imperio
3248 4996 3498 5067 praeﬁcit.

2211 5095 2348 5150 Cum
2374 5094 2485 5149 Leo
2515 5093 2750 5162 quodam
2785 5103 3028 5163 tempore
3059 5106 3376 5161 processum
3404 5091 3711 5145 institueret

2138 5185 2361 5254 jamque
2391 5183 2733 5251 pervenisset
2774 5188 2842 5236 ad
2896 5181 3055 5237 Mocii
3105 5181 3362 5253 martyris
3403 5172 3600 5243 aedem,
3627 5176 3711 5229 vir

2145 5276 2368 5345 quidam
2398 5274 2674 5339 immanis,
2709 5275 2777 5329 iis
2804 5275 3000 5330 similis
3030 5276 3123 5345 qui
3151 5274 3312 5329 malis
3340 5289 3370 5327 a
3398 5271 3572 5343 geniis
3599 5269 3712 5339 agi-

1818 5411 2025 5472 ναι-ιω
2067 5412 2395 5473 lectiones.

585 5556 632 5586 "°
672 5554 934 5625 λειμῶσιν
962 5557 1029 5611 li.
1109 5556 1150 5627 ’ί
1182 5556 1586 5612 ἐπισπάσασθαι
1618 5564 1680 5610 Α.
1757 5559 1800 5590 ⁷⁸
1834 5555 2183 5627 ὀφεοτρόπων
2214 5554 2326 5608 AR.
2404 5555 2451 5587 ⁷⁸
2480 5556 2786 5626 συμφοραῖς
2830 5556 2894 5609 Δ.
2971 5554 3020 5588 ’⁸
3052 5553 3144 5608 ἐπὶ
3169 5552 3235 5611 R.
3310 5553 3356 5586 "
3395 5549 3612 5621 βλέπειν
3641 5545 3707 5603 R.

481 5624 525 5656 "
550 5625 704 5680 Hunc
732 5624 948 5680 versum
978 5641 1089 5680 om.
1129 5626 1192 5679 ll.
