4138 6216
430 281 530 344 421

433 399 543 449 Καὶ
573 387 921 469 ράὄδῳκατὰ
947 401 1185 472 κεφαλῆς
1205 403 1429 474 πλήττει
1457 403 1671 474 πληγὴν
1696 407 1936 477 καιρίαν.

433 488 541 539 Καὶ
572 488 897 559 συλληφθεὶς
929 494 1023 546 καὶ
1057 494 1298 562 βιασθεὶς
1327 497 1501 548 εἰπεῖν
1547 498 1672 559 τοὺς
1703 497 2008 562 συνειδότας

431 577 544 629 Οὐκ
575 575 718 646 εἶχεν
757 580 785 632 ὅ
804 597 856 632 τι
895 581 1186 650 φθέγξαιτο
1207 600 1220 614 ⁸
1266 586 1426 640 πάθει
1459 586 1552 638 καὶ
1585 585 1691 655 γὰρ
1733 586 1978 655 ὠχλεῖτο.

435 669 757 738 Ἀνθρωπος
795 671 852 724 δέ
877 689 960 736 τις
983 676 1124 744 ίερὸς
1161 677 1434 746 πνεύματι
1471 676 1601 746 θείῳ
1639 677 1872 746 λάμπων

438 759 546 810 Καὶ
582 761 770 829 χάρισι
804 764 1116 834 κατάκομος
1143 765 1336 836 (ὄνομα
1356 766 1530 837 τούτῳ
1559 767 1830 838 Μάρκος),

448 851 589 901 Ἰδὼν
623 851 1086 924 βαρυθυμήσαντα
1113 856 1301 920 δεινῶς
1325 858 1415 910 τὸν
1441 857 1667 927 βασιλέα

437 941 473 990 Κ
491 941 544 992 αί
571 959 620 993 τι
652 944 746 995 καὶ⁸
771 945 1058 998 πείσεσθαι
1078 947 1250 999 δεινὸν
1268 949 1310 977 ⁷⁷
1342 947 1593 1002 ἐντεῦθεν
1618 949 1893 1018 οἰηθέντα,

430 1035 726 1104 Φάρμακον
757 1035 1095 1088 ἀκεσώδυνον
1117 1037 1239 1099 τοὺς
1270 1038 1462 1104 λόγους
1491 1038 1808 1090 ὲπιπάττων

434 1124 793 1194 Προφητικῶς
816 1124 1088 1192 ἀνέκραγε
1141 1129 1367 1194 στόματι
1410 1128 1822 1200 καλλιγλώττῳ’

441 1236 457 1265 ι
500 1210 570 1267 Ὦ
605 1213 851 1284 βασιλεῦ,
875 1215 1101 1284 μηδέπω
1127 1234 1215 1283 μοι
1235 1216 1333 1286 τὴν
1351 1217 1609 1284 τελευτὴν
1630 1219 1676 1251 ⁷⁸
1703 1221 1996 1292 προσδόκα,

431 1306 580 1375 Μηδέ
613 1323 695 1358 σοι
714 1306 1048 1376 καταθύμιος
1071 1307 1101 1360 ὁ
1121 1305 1350 1371 θάνατος
1373 1309 1615 1375 γενέσθω
1632 1323 1647 1340 ο

431 1399 571 1450 Δέκα
603 1398 696 1451 καὶ
725 1398 836 1464 γὰρ
865 1399 1100 1450 ἐνιαυτοὶ
1131 1397 1276 1467 ζωῆς
1311 1402 1404 1452 καὶ
1429 1399 1708 1468 βασιλείας

434 1491 587 1560 Παρὰ
613 1490 711 1559 τῆς
740 1489 947 1544 ἄνωθεν
973 1490 1156 1561 χειρὸς
1191 1490 1648 1562 πεφιλοτίμηνταί
1671 1511 1771 1547 σοι.
1810 1513 1829 1546 ι

446 1582 502 1632 '0
534 1583 629 1650 μὲν
657 1579 829 1634 εἰπὼν
860 1579 1134 1650 ἐσίγησεν,
1163 1583 1190 1634 ὁ
1227 1581 1478 1651 βασιλεὺς
1514 1585 1560 1635 δ’
1581 1583 1785 1647 εὐθέως

435 1673 539 1725 Καὶ
563 1672 660 1742 τῆς
689 1671 902 1741 πληγῆς
926 1673 1148 1743 ὲρῥάῖσε
1177 1674 1271 1726 καὶ
1301 1675 1398 1742 τῆς
1426 1674 1796 1747 βαρυθυμίας.

441 1767 504 1818 Ἡ
526 1766 581 1818 δὲ
614 1765 707 1820 τοῦ
732 1767 1298 1838 Μάρκουπρόρῤησις
1325 1769 1545 1837 γέγονεν
1571 1772 1670 1824 ούκ
1695 1773 1773 1835 είς
1799 1773 1996 1845 μάτην.

499 1847 669 1918 Οὗτος
705 1854 919 1925 ἀλόχοις
947 1857 1240 1927 τέσσαρσιν
1274 1859 1302 1910 ὁ
1335 1859 1485 1912 Λέων
1514 1860 1804 1932 συνεζύγη,

429 1941 540 2012 Οὐχ
566 1943 726 2014 ἡδονῇ
747 1945 793 1976 ⁷⁸
825 1944 1144 2014 νικώμενος,
1175 1946 1309 1999 ἀλλὰ
1334 1947 1502 2016 διψῶν
1533 1949 1802 2004 τεκνῶσαι

430 2034 539 2087 Καὶ
566 2035 760 2098 παῖδας
787 2034 991 2106 βλέψαι,
1013 2037 1112 2106 τῆς
1141 2037 1307 2091 αὐτοῦ
1336 2038 1748 2110 βλαστήσαντας
1774 2043 1994 2112 ὀσφύος.

442 2125 534 2179 Ἐκ
555 2127 652 2195 τῆς
674 2127 945 2197 τετάρτης
975 2128 1266 2198 τοιγαροῦν
1296 2131 1391 2186 καὶ
1418 2131 1739 2197 τελευταίας
1767 2135 1888 2189 κύει

428 2219 599 2274 Παῖδα
633 2223 1185 2294 πορφυροὸλάστητσν
1208 2224 1445 2297 τοῦνομα
1473 2230 1906 2287 Κωνσταντῖνον.

441 2311 601 2367 Ἀλλά
626 2313 737 2385 γὰρ
773 2315 1124 2373 ἀτοπώτατον
1155 2320 1266 2383 τοῖς
1295 2320 1388 2374 τοῦ
1416 2321 1550 2375 Θεοῦ
1575 2323 1904 2397 προσπόλοις

441 2403 646 2458 Ἐδόκει
673 2406 733 2458 τὸ
765 2407 1050 2478 γινόμενον
1081 2411 1236 2480 παρέι
1262 2411 1356 2465 τοῦ
1388 2412 1674 2483 βασιλέωίν

430 2496 533 2550 Τὸν
562 2497 739 2567 γάμον
759 2499 1153 2570 ἐπεισαγαγεῖν
1194 2502 1474 2573 τέταρτον,
1502 2507 1596 2560 καὶ
1623 2506 1850 2576 μολῦναι

428 2585 540 2657 Τὴν
553 2587 830 2661 ἄφθαρτον
849 2591 992 2645 καίεο
1011 2592 1260 2663 καθαράν
1279 2593 1496 2665 νύμφην
1516 2597 1616 2667 τὴν
1647 2595 1990 2670 Ἐκκλησίαν.

429 2676 538 2729 Καὶ
564 2677 743 2731 τοίνυν
775 2680 805 2731 ὁ
834 2679 1120 2745 Νικόλαος,
1151 2682 1365 2750 πρῶτος
1389 2682 1464 2737 ὢν
1488 2686 1830 2756 άρχιποίμην

426 2766 538 2822 Καὶ
563 2767 668 2840 τὴν
693 2770 1268 2827 Κωνσταντινούπολιν
1289 2774 1490 2829 διέπων
1512 2777 1835 2842 ττινικαῦτα,

1557 282 2052 350 COMPENDIUM
2099 290 2573 358 CIIRONICUM.

3573 308 3680 372 423

2037 411 2083 468 Α
2115 410 2298 474 Λαλεῑ,
2328 413 2784 483 παρρησιάζεται,
2823 416 3016 487 πληροῖ
3037 417 3096 470 τὸ
3120 418 3210 472 τοῦ
3237 423 3540 493 προφήτου,

2112 501 2304 554 Λαλῶν
2329 504 2464 555 Θεοῦ
2499 506 2802 576 μαρτύριον
2831 509 3011 561 ἔναντι
3039 510 3326 578 βασιλέων,

2110 594 2220 644 Καὶ
2251 596 2350 657 τὰς
2376 596 2586 648 ἐκεῖθεν
2617 600 2841 662 ἀπειλάς
2871 602 2929 652 οὐ
2959 605 3214 670 πτήσσων
3242 605 3359 658 οὐδὲ
3380 607 3621 676 τρέμων.

2108 683 2296 744 υῦτως
2325 687 2352 737 ό
2380 687 2542 752 φόϐος
2576 688 2668 739 τοῦ
2697 690 2830 742 Θεοῦ
2867 692 3050 760 βάλλει
3088 696 3305 764 μακρὰν
3329 698 3420 751 τὸν
3443 701 3607 768 φόϐον

2107 771 2210 823 Τὸν
2244 773 2303 836 ἐξ
2346 774 2650 844 άνθρωπων
2680 777 2922 830 δυνατῶν
2943 782 2985 811 ⁸¹
3027 785 3120 835 καὶ
3150 786 3241 838 τὸν
3274 787 3338 838 ὲκ
3385 789 3492 840 τῶν
3541 809 3677 859 κρα-

3395 878 3672 949 [τούντων.

2117 955 2396 1009 Ἐντεῦθεν
2424 958 2746 1013 ἐκδιώκεται
2776 963 2873 1030 τῆς
2901 966 3132 1034 ποίμνης
3159 968 3252 1020 καὶ
3294 968 3384 1020 τοῦ
3425 971 3637 1042 θρό,ου,

2103 1049 2215 1102 Kal.
2243 1050 2304 1119 δὴ
2340 1053 2434 1104 καὶ
2461 1057 2847 1124 κατακρίνεται
2878 1061 2943 1110 τὰ
2969 1061 3065 1128 τῆς
3097 1062 3416 1132 ὑπερορίας.

2104 1140 2329 1210 Ἕτερος
2352 1143 2398 1194 δ’
2426 1144 2830 1214 ἀντεισάγεται,
2865 1151 3030 1213 πολὺς
3061 1153 3201 1223 ἀνὴρ
3236 1155 3303 1206 τά
3331 1153 3472 1220 Θεῖα,

2106 1232 2203 1293 Ὃς
2243 1231 2302 1296 ἐξ
2322 1234 2528 1303 ὀνύχων
2564 1238 2788 1290 ἁπαλῶν
2811 1241 2917 1292 κὰκ
2940 1241 3162 1312 πρώτης
3191 1245 3406 1314 ἡλικίας

2101 1317 2264 1386 ζυγὸν
2288 1322 2379 1374 τὸν
2406 1322 2549 1375 Θεῖον
2581 1325 2826 1378 ὑπελθὼν
2849 1328 2939 1381 τὸν
2968 1330 3060 1383 τοῦ
3087 1333 3358 1402 μονήρους
3391 1334 3507 1405 βίου

2098 1410 2329 1482 Οῖκησιν
2369 1413 2526 1485 ἔσχεν
2556 1419 2836 1488 Ὄλυμπον
2861 1423 2951 1474 τὸν
2980 1424 3120 1477 κατὰ
3143 1427 3242 1495 τὴν
3271 1428 3508 1494 Μυσίαν,

2099 1510 2212 1561 Καὶ
2236 1511 2455 1580 χάρισιν
2477 1514 2747 1586 ἐξέλαμψε
2781 1518 2840 1569 τὸ
2873 1518 3064 1587 μέλλον
3095 1522 3514 1592 προδηλούσαις.

2097 1595 2264 1664 Οὗτος
2283 1603 2419 1655 Θεοῦ
2449 1605 2806 1670 κελεύσαντος
2837 1609 2949 1662 ἑνοῖ
2971 1611 3071 1680 τὴν
3108 1613 3457 1683 Ἐκκλησίαν,

2002 1735 2072 1793 ,Β
2099 1694 2572 1762 Κατασχισθείσαν
2613 1699 2692 1759 είς
2721 1699 2922 1763 πολλὰς
2942 1703 3114 1770 τομὰς
3147 1703 3240 1756 καὶ
3280 1704 3576 1776 διαιρέσεις

2115 1781 2238 1833 Ἐπὶ
2274 1788 2700 1854 παρανομήματι
2731 1787 2807 1857 τῷ
2836 1790 2933 1858 τῆς
2972 1794 3367 1862 τετραγαμίας.

2184 1873 2242 1923 '0
2266 1873 2322 1924 δὲ
2351 1875 2787 1942 φιλοσοφώτατος
2826 1881 2882 1929 ἐν
2915 1879 3195 1948 βασιλεῦσι
3219 1885 3373 1937 Λέων

2101 1963 2418 2031 Περιπεσὼν
2437 1967 2557 2027 ταῖς
2592 1971 2847 2034 φυσικαῖς
2873 1970 2967 2022 τοῦ
3001 1971 3252 2040 σώματος
3293 1975 3563 2044 ἀνάγκαις

2098 2051 2206 2106 Καὶ
2233 2056 2373 2125 νόσῳ
2401 2057 2797 2127 χειμαζόμενος
2823 2061 3066 2114 κίνδυνον
3097 2063 3420 2136 άπειλούσῃ,

2102 2144 2240 2215 Ἤδη
2277 2152 2410 2217 πρὸς
2435 2147 2552 2210 ἔτος
2578 2147 2818 2202 είκοστὸν
2847 2151 2945 2204 σὺν
2972 2152 3116 2223 ἕκτῳ
3155 2153 3396 2219 διιθύνας
3424 2157 3471 2189 ⁸¹

2098 2235 2171 2290 Τὸ
2199 2239 2396 2308 κράτος
2433 2240 2496 2292 τὸ
2526 2240 2798 2310 βασίλειον
2831 2245 2923 2296 καὶ
2948 2243 3046 2315 τὴν
3087 2247 3373 2316 Ῥωμαίων
3403 2249 3595 2320 τύχην,

2097 2329 2206 2382 Καὶ
2235 2329 2462 2384 συνιδὼν
2485 2331 2576 2383 τὸν
2612 2331 2844 2386 θάνατον
2867 2336 2956 2386 καὶ
2981 2336 3080 2406 τὴν
3110 2338 3202 2390 τοῦ
3228 2342 3461 2411 σκήνους
3491 2343 3666 2413 λύσιν,

2097 2423 2384 2494 Κράτορας
2417 2425 2794 2478 ἀναδείκνυσιν
2826 2428 3168 2491 αύτάνακτας
3196 2432 3500 2506 αύτάρχους

2109 2514 2458 2586 Ἀλέξανδρον
2485 2517 2576 2568 τὸν
2599 2517 2828 2585 ἀδελφὸν
2859 2520 2951 2572 καὶ
2974 2522 3136 2573 παῖδα
3170 2524 3606 2589 Κωνσταντῖνον,

2095 2603 2265 2656 Τοῦτο
2292 2607 2384 2658 καὶ
2408 2605 2569 2676 μόνον
2595 2607 2872 2676 προειπὼν
2905 2612 3094 2671 πνοαῖς
3122 2613 3179 2664 ὲν
3196 2615 3315 2675 ταῖς
3342 2615 3593 2684 ἐσχάταις
3626 2633 3639 2648 ’

2102 2711 2119 2742 ι
2161 2693 2352 2746 Βλέπω
2379 2697 2474 2749 καὶ
2510 2696 2603 2750 τὸν
2642 2697 2994 2769 Ἀλέξανδρον
3016 2700 3090 2763 ὡς
3123 2701 3420 2773 κακοδότην
3448 2707 3643 2774 χρόνον

2095 2783 2251 2839 Κατὰ
2275 2787 2628 2854 τρισκαίδεκα
2661 2791 2864 2861 μηνῶν,
2893 2809 2911 2842 ι
2956 2791 3214 2863 ἄντικρυς
3240 2792 3398 2846 τοῦτο
3423 2796 3638 2864 λέγων,.ξ

3334 2918 3488 2977 Vers.
3525 2922 3669 2977 5414

429 3035 631 3093 tantur,
676 3035 785 3086 tam
835 3030 1078 3101 gestibus
1127 3048 1289 3102 quam
1339 3033 1487 3089 vultu
1541 3037 1876 3102 inconstans,
1932 3039 1989 3095 in
2021 3067 2067 3130 ο
2096 3026 2334 3074 “mrem
2356 3028 2582 3130 ἓξηξίῇε
2640 3021 2708 3076 ad
2761 3023 3012 3130 nuptias"
3056 3035 3111 3128 εξ
3157 3024 3669 3130 Ῐηθοςξυριίληζθυ-

427 3116 812 3186 imperatorem
842 3121 1152 3190 prosiliens,
1185 3123 1334 3177 clava
1388 3125 1439 3176 in
1467 3134 1631 3194 caput
1663 3128 1783 3196 ejus
1816 3127 1992 3198 impa-

425 3215 511 3261 cta
559 3209 758 3264 letbale
796 3212 997 3267 vulnus
1049 3212 1265 3268 inﬂixit.
1315 3214 1758 3284 Comprehensos
1808 3227 1994 3274 autem

425 3307 754 3370 coactusque
789 3305 1075 3359 tormentis
1107 3305 1172 3358 ad
1213 3306 1602 3362 indicationem
1630 3325 1821 3364 eorum
1853 3325 1996 3381 quos

423 3387 677 3447 facinoris
720 3395 969 3450 conscios
1023 3395 1288 3457 haberet,
1335 3397 1472 3449 nihil
1521 3397 1705 3452 dicere
1757 3408 1992 3468 poterat,

424 3480 617 3533 morbo
665 3482 905 3552 graviter
954 3484 1234 3538 hominem
1287 3493 1538 3539 vexante.
1594 3485 1695 3542 llic
1746 3501 1870 3549 cum
1907 3491 1994 3544 vir

424 3569 646 3637 quidam
696 3581 938 3635 sanctus,
967 3572 1171 3640 quique
1204 3573 1392 3626 divino
1418 3574 1612 3642 spiritu
1649 3574 1832 3630 futura
1863 3593 1996 3647 pro-

423 3658 660 3727 Spiceret
715 3673 780 3712 ac
831 3659 998 3714 variis
1054 3661 1214 3714 donis
1259 3672 1487 3716 ornatus
1535 3674 1717 3728 esset,
1768 3665 1992 3721 nomine

422 3749 672 3814 Marcus,
715 3749 1098 3819 impemtorem
1131 3753 1281 3823 gravi
1309 3753 1499 3808 dolore
1528 3765 1841 3825 correptum
1870 3773 1992 3812 cer-

424 3846 601 3902 neret,
632 3837 1034 3894 existimantem
1059 3841 1266 3911 aliquid
1304 3843 1538 3912 amplius
1564 3845 1690 3898 mali
1727 3861 1992 3902 consecu-

425 3940 630 3996 turum,
662 3931 845 3986 verbis
887 3932 1216 3988 medicinam
1243 3935 1293 3989 ei
1326 3933 1550 4002 faciens,
1589 3945 1844 4007 tanquam
1883 3941 1992 3994 mi-

425 4023 627 4090 tigante
654 4022 900 4078 dolorem
936 4024 1253 4093 pharmace,
1301 4027 1624 4082 vaticinium
1675 4030 1990 4101 hujusmodi

421 4112 633 4165 edidit:
669 4130 688 4162 ι
717 4112 862 4177 Noli,
913 4129 1119 4182 quaeso,
1171 4115 1493 4184 imperator,
1541 4119 1834 4186 appetiisse
1890 4120 1990 4175 tibi

423 4203 546 4256 vitae
577 4203 738 4258 ﬁnem
772 4205 1050 4270 arbitrari,
1097 4220 1197 4260 nec
1232 4206 1475 4260 animum
1528 4216 1681 4262 tuum
1733 4211 1991 4280 cogitatio

422 4293 489 4347 de
520 4303 692 4348 morte
720 4295 934 4349 subeat.
977 4296 1112 4349 Nam
1140 4297 1237 4350 tibi
1271 4307 1378 4350 tam
1405 4297 1533 4352 vita:
1575 4315 1738 4369 quam
1771 4301 1987 4371 imperii

2097 3124 2324 3180 ramque
2354 3110 2560 3166 Christi
2593 3128 2850 3182 sponsam
2887 3115 3187 3170 Ecclesiam
3220 3119 3487 3186 polluere.
3527 3118 3666 3185 Qua-

2095 3203 2341 3258 mobrem
2376 3213 2659 3273 pastorum
2689 3205 2945 3274 princeps
2997 3206 3256 3262 Nicolaus
3286 3224 3347 3263 os
3369 3211 3568 3278 aperit,
3596 3212 3666 3265 li-

2094 3291 2363 3348 bertatem
2413 3295 2673 3364 loquendi
2709 3303 2956 3362 usurpat,
3009 3297 3151 3349 vatis
3183 3297 3409 3351 verbum
3451 3300 3662 3368 implet.

2094 3382 2190 3436 Dei
2227 3385 2597 3438 testimonium
2631 3399 2813 3439 coram
2845 3385 3068 3453 regibus
3107 3401 3386 3454 exponens
3426 3404 3528 3443 nec
3568 3391 3670 3443 mi—

2093 3486 2193 3526 nas
2220 3473 2360 3527 ullas
2385 3489 2452 3527 eo
2507 3473 2733 3527 nomine
2792 3474 3175 3530 reformidans.
3219 3478 3379 3546 110
3431 3479 3520 3532 Sic
3569 3480 3664 3533 Dei

2093 3571 2277 3616 metus
2316 3564 2479 3632 longe
2505 3563 2760 3618 timorem
2795 3564 2967 3634 abigit
2999 3581 3030 3620 a
3075 3566 3211 3620 viris
3244 3568 3487 3636 potentia
3523 3585 3667 3638 prm-

2092 3653 2222 3707 ditis
2251 3662 2307 3708 et
2340 3670 2522 3710 rerum
2561 3656 2904 3725 poticntibus
2951 3657 3256 3712 incussum.
3282 3660 3468 3730 Itaque
3498 3662 3665 3717 Nico-

2094 3746 2215 3801 laus
2239 3761 2402 3817 grege
2444 3763 2546 3801 suo
2571 3756 2627 3802 et
2659 3748 2919 3802 cathedra
2962 3750 3190 3818 pellitur
3229 3761 3286 3805 et
3333 3755 3510 3808 solum
3541 3771 3667 3808 ver-

2092 3839 2452 3909 terejubetur
2484 3855 2499 3894 :
2544 3839 2902 3894 substituitur
2941 3851 3122 3896 autem
3182 3843 3358 3912 ipsius
3385 3845 3508 3899 loco
3537 3849 3668 3916 qui-

2090 3929 2213 3984 dam
2249 3931 2409 3995 alius,
2443 3945 2721 3985 sacrarum
2759 3946 2941 3984 rerum
2965 3933 3124 4003 longe
3151 3934 3541 4002 peritissimus,
3568 3941 3673 4007 qui:

2090 4035 2121 4075 a
2151 4021 2357 4074 teneris
2402 4020 2714 4090 unguiculis
2757 4030 2812 4074 et
2844 4030 3001 4075 aetate
3040 4023 3214 4090 prima
3259 4024 3554 4078 solitariam
3608 4030 3670 4081 in.

2089 4111 2318 4181 Olympo
2342 4111 2522 4181 Mysia:
2549 4121 2734 4165 monte
2770 4113 2935 4165 vitam
2971 4120 3156 4180 egerat
3195 4122 3252 4166 et
3291 4113 3435 4166 dono
3464 4117 3673 4170 vatici-

2092 4204 2258 4257 nandi
2296 4203 2560 4272 praeditus
2579 4213 2718 4257 erat.
2751 4203 2850 4257 llic
2880 4204 2948 4257 de
2980 4203 3236 4258 mandato
3260 4204 3445 4258 divino
3469 4206 3662 4262 Eccle-

2092 4296 2228 4350 siam
2268 4295 2335 4348 ad
2371 4296 2636 4349 unitatem
2661 4295 2903 4360 reduxit,
2942 4297 3427 4366 multipliciterque
3464 4299 3672 4354 distra-.

422 4382 608 4438 decem
635 4384 815 4440 adhuc
842 4386 970 4439 anni
1003 4386 1210 4440 caelesti
1238 4402 1269 4440 a
1297 4403 1460 4442 manu
1495 4390 1743 4444 concessi
1777 4402 1926 4445 sunt.
1959 4412 1980 4444 ι
2021 4398 2060 4450 ἰ)
2090 4395 2231 4438 Cum
2263 4399 2326 4438 ac
2355 4384 2409 4436 in
2433 4392 2617 4452 Panes
2648 4383 2880 4437 (“Visam
2912 4395 3138 4454 propter
3171 4384 3432 4440 danaum
3461 4385 3676 4444 Leonis-

422 4471 545 4526 llaec
576 4473 665 4527 ille
690 4474 854 4538 fatus,
879 4475 1132 4529 obticuit.
1160 4475 1346 4544 Neque
1375 4478 1546 4532 multo
1584 4490 1705 4548 post
1743 4481 1986 4550 impera-

422 4570 506 4615 tor
533 4571 588 4617 et
615 4565 784 4619 animi
815 4566 1003 4620 dolore
1030 4566 1292 4621 liberatus
1320 4577 1404 4621 est
1431 4577 1486 4622 et
1512 4584 1579 4623 ex
1604 4571 1828 4627 vulnere
1855 4588 1986 4628 con-

421 4653 610 4706 valuit.
669 4654 833 4710 Marci
886 4655 1111 4725 quidem
1160 4657 1482 4712 vaticinium
1534 4659 1759 4715 minime
1816 4661 1985 4718 fuisse

419 4762 618 4802 vanum
653 4757 886 4804 eventus
923 4749 1316 4818 comprobavit.

491 4835 664 4891 Fuere
694 4836 864 4892 Leoni
899 4853 1097 4894 uxores
1145 4839 1369 4893 omnino
1405 4849 1662 4910 quatuor,
1714 4857 1851 4912 quas
1895 4859 1989 4898 or-

422 4927 550 4982 dine
587 4928 764 4995 duxit,
797 4945 906 4984 non
932 4945 964 4984 a
997 4931 1225 4986 libidine
1252 4933 1450 4997 victus,
1477 4932 1571 4988 sed
1606 4933 1812 5004 ingenti
1860 4951 1988 5005 pro-

423 5019 672 5072 creanda:
701 5019 909 5073 sobolis
937 5020 1236 5085 desiderio,
1269 5037 1380 5092 quo
1405 5023 1612 5078 liberos
1641 5041 1709 5079 ex
1744 5040 1801 5078 se
1831 5035 1990 5080 natos

422 5111 786 5180 conspiceret.
841 5111 1081 5167 Tandem
1135 5128 1202 5167 ex
1235 5122 1430 5182 quarta
1471 5125 1528 5169 et
1576 5116 1763 5170 ultima
1813 5117 1988 5170 ﬁlium

424 5203 856 5272 purpurigenam
883 5204 1092 5272 genuit,
1148 5204 1235 5258 cui
1277 5219 1475 5258 nomen
1507 5204 1852 5260 Constantini
1892 5207 1990 5262 da-

425 5303 560 5348 tum.
597 5295 702 5348 Sed
738 5294 885 5349 enim
917 5295 1022 5350 hoc
1063 5294 1263 5351 Leonis
1309 5296 1511 5350 factum
1571 5299 1665 5352 Dei
1718 5301 1989 5355 ministris

423 5386 883 5442 absurdissimum
909 5387 1218 5452 videbatur,
1247 5389 1498 5459 progredi
1523 5389 1779 5446 videlicet
1809 5393 1982 5460 impe-

2089 4485 2311 4545 quartas
2328 4475 2397 4528 ad
2426 4476 2643 4543 nuptias
2669 4475 2961 4544 progressi.

2161 4568 2300 4622 Cum
2341 4577 2523 4621 autem
2565 4566 2676 4620 Leo
2715 4567 3064 4622 doctissimus
3103 4566 3248 4622 inter
3306 4568 3666 4638 imperatores

2094 4662 2285 4715 morbo
2316 4670 2605 4729 correptus
2636 4659 2942 4728 periculum
2970 4660 3095 4712 vita:
3134 4659 3440 4724 minitante,
3481 4662 3658 4715 admi-

2092 4754 2324 4807 nistrate
2346 4754 2454 4823 jam
2480 4767 2576 4821 per
2604 4752 2794 4821 viginti
2825 4767 2920 4805 sex
2941 4765 3114 4804 annos
3148 4751 3519 4805 Romanorum
3552 4752 3662 4804 im-

2093 4844 2268 4912 perio,
2301 4851 2532 4896 mortem
2559 4842 2845 4895 imminere
2875 4840 2979 4894 sibi
3012 4839 3493 4904 animadverteret,
3535 4840 3668 4894 Alc-

2093 4935 2360 4989 x‘andrum
2391 4933 2614 4988 fratrem
2639 4943 2696 4988 et
2721 4930 3140 4986 Constantinum
3167 4929 3342 4983 ﬁlium
3368 4930 3665 5000 imperato-

2095 5041 2182 5080 res
2208 5034 2382 5089 creat,
2436 5026 2539 5078 hoc
2585 5024 2703 5079 solo
2777 5023 2832 5076 in
2897 5020 3156 5076 extremis
3204 5021 3670 5090 respirationibus

2091 5118 2310 5187 jamque
2337 5131 2404 5170 eo
2427 5115 2666 5168 animam
2699 5122 2892 5185 agente
2927 5111 3282 5181 pronuntiato
3316 5129 3330 5166 :
3366 5130 3385 5164 ι
3422 5113 3664 5167 Alexan-

2095 5207 2256 5261 drum
2291 5205 2453 5261 etiam
2485 5205 2645 5273 (proh
2694 5217 2920 5272 parcum
2974 5200 3386 5271 malignumque
3421 5201 3664 5272 tempus)

2093 5311 2218 5370 post
2259 5299 2525 5355 tredecim
2555 5313 2772 5353 menses
2790 5305 3011 5352 exactos
3039 5295 3221 5352 video.
3251 5315 3269 5346 ι

2163 5393 2390 5449 Volebat
2411 5402 2592 5446 autem
2623 5389 2930 5462 signiﬁcare
2964 5404 3191 5459 regnum
3221 5388 3515 5446 Alexandri
3541 5399 3668 5446 tan-

1762 5510 1968 5572 Variae
2005 5509 2343 5572 lectiones.

504 5629 550 5659 τ’
586 5629 754 5704 κακὸν
777 5630 844 5682 ll.
864 5699 893 5704 __
919 5631 964 5662 ⁷⁸
995 5629 1238 5704 κεφαλὴν
1260 5629 1324 5684 [ἰ.
1404 5633 1452 5666 "9
1492 5633 1682 5704 ἡδονῆς
1701 5633 1764 5687 “-

424 5702 674 5766 sequenti
715 5717 826 5754 om.
862 5699 927 5755 ιι.

1847 5635 1893 5666 ⁸ο
1923 5635 2026 5703 τὴν
2048 5649 2146 5704 pro
2166 5631 2260 5686 καὶ
2289 5633 2358 5685 Α.
2432 5629 2483 5663 ⁸*
2512 5627 2793 5701 δυναστῶν
2826 5629 2954 5686 Μιι.

3032 5630 3078 5663 ³³
3120 5629 3276 5687 llunc
3298 5644 3514 5689 versum
3535 5642 3664 5685 cum
