4138 6216
455 244 558 307 423

454 363 575 417 Ὅτι
606 364 858 418 τοσοῦτον
882 362 1099 415 ἔσσεται
1139 361 1201 414 τὸ
1244 362 1441 432 κράτος
1494 362 1872 435 Ἀλεξάνδρου.

537 455 647 506 Καὶ
683 455 812 522 γοῦν
842 456 902 505 οὐ
932 452 1310 505 διαπέπτωκεν
1331 453 1359 505 6
1385 452 1563 520 λόγος,
1593 455 1703 507 οὐδ’
1729 454 1965 522 ἐσφάλη.

458 544 519 596 Ὀ
542 544 652 616 γάρ
688 542 1032 611 Ἀλέξανδρος
1058 543 1294 611 τρυφαῖς
1323 541 1633 611 ἐσχολακὼς
1665 545 1759 596 καὶ
1790 544 1977 604 πότοις

449 636 557 687 Kal
590 637 753 705 μόνον
774 634 868 686 τὸν
892 631 1271 702 γαργαλισμδν
1299 632 1392 685 τοῦ
1426 633 1675 702 σώματος
1699 634 2014 703 φροντίσας,

448 727 611 779 Ἀλλο
639 726 688 778 δ’
710 724 864 777 οὐδὲν
895 723 1149 786 κατάξων
1182 723 1277 776 τοῦ
1309 724 1629 794 τηλικούτου
1653 727 1889 795 κράτους

426 818 516 889 .οὐ
542 817 780 887 δράσας,
804 817 864 867 οὐ
894 816 1290 886 φθεγξάμενος,
1307 818 1368 870 οὐ
1386 817 1527 887 σχὼν
1545 819 1684 871 κατά
1711 818 1938 886 καρδίαν
1949 818 2014 883 ⁸³,

449 907 537 971 Ὠς
572 909 747 970 ἄνθος
780 906 1038 977 ἔρῤευσεν
1066 906 1234 977 ὑγρὸν
1266 908 1613 979 ὲκμαρανθὲν
1641 908 1800 978 ἡλίῳ,

435 1002 544 1054 Καὶ
574 1002 775 1070 τάχιον
805 997 1019 1063 ἐξέλιπε
1043 998 1217 1060 νόσοις
1246 999 1432 1062 τακεὶς
1455 998 1697 1067 φθινάσι.

433 1094 539 1146 Καὶ
565 1091 994 1151 Κωνσταντῖνος
1024 1088 1232 1155 γίνεται
1256 1090 1522 1159 μόναρχος
1552 1088 1929 1160 μονοκράτωρ,

433 1184 554 1235 Ἔτι
592 1181 894 1241 παιδίσκος
931 1177 1139 1240 ἁπαλὸς
1168 1178 1263 1229 καὶ
1294 1180 1564 1249 τρυφερὸς
1602 1178 1861 1249 ὑπάρχων

429 1275 539 1327 Καὶ
569 1269 860 1343 βασιλείας
890 1268 1162 1339 κυϐερνᾷν
1187 1267 1246 1319 τὸ
1277 1268 1482 1336 σκάφος
1514 1265 1667 1319 οὔπω
1690 1268 1736 1298 ⁸⁵
1775 1266 1975 1320 σθένων
1998 1281 2012 1295 ⁸

428 1367 541 1434 Τῆς
581 1364 702 1432 γὰρ
732 1359 1071 1429 ἡλικιὼσεως
1100 1357 1324 1426 ἕϐδομον
1351 1353 1484 1428 ἦγεν
1506 1358 1645 1420 ἔτος.

435 1458 501 1508 Ὃ
529 1454 634 1508 καὶ
663 1451 884 1505 πολλῶν
908 1448 1198 1518 παραίτιον
1223 1449 1414 1517 γέγονε
1439 1449 1777 1517 κακοτήτων,

433 1547 545 1598 Καὶ
580 1543 828 1612 θλίψεων
851 1540 1102 1593 ἐπότισεν
1137 1538 1316 1609 ἅλμην
1347 1539 1437 1593 τὸν
1464 1538 1709 1608 βασιλέα,

438 1640 500 1691 El
530 1636 630 1690 καὶ
672 1635 737 1686 τὸ
765 1633 919 1695 τέλος
952 1632 1128 1685 αἴσιον
1153 1631 1261 1685 τῶν
1294 1631 1611 1701 πειρασμῶν
1640 1628 1839 1699 ἀπέϐη.

436 1730 505 1783 Ὤ
516 1744 657 1797 ςπερ
682 1725 795 1795 γὰρ
817 1724 1208 1794 νεομόσχευτον
1243 1725 1537 1797 ἀρτίφυτον
1557 1721 1815 1793 δενδρίον,

438 1820 598 1889 Mli-ce
628 1814 880 1885 χειμῶνα
924 1814 1158 1883 κρυερὸν
1189 1815 1510 1883 ὑπενεγκεῖν
1535 1812 1719 1884 ἰσχύον

437 1912 597 1978 Μήτε
627 1906 962 1975 πνευμάτων
990 1904 1293 1974 προσϐολὰς
1325 1906 1532 1978 ἀγρίων
1561 1905 1880 1976 δυσανέμων

438 1999 595 2067 Μήτε
624 1993 920 2067 ῥαγδαίους
954 1993 1143 2055 ὑετοὺς
1182 1997 1320 2065 μήτε
1342 1995 1599 2065 καυσώδη
1629 1995 1841 2067 θάλψιν,

408 2078 413 2082 ⁷
438 2090 533 2158 Μὴ
556 2084 815 2158 χαλαζῶν
832 2082 1202 2154 σφαιρὼματα
1230 2086 1364 2157 μηδὲ
1386 2088 1431 2119 ³⁸
1448 2088 1787 2157 κρυστάλλου
1824 2090 2008 2161 πῆξιν,

441 2178 612 2233 Πνοαί
646 2175 815 2229 ποθεν
844 2176 1143 2246 βαρυηχεῖς
1163 2193 1309 2240 τινες
1337 2177 1737 2249 ἔκφυσηθεῖσαι

444 2272 516 2324 Ἦ
543 2266 801 2340 χαλαζῶν
837 2266 1177 2340 πετρώματα
1191 2269 1416 2339 νεφόθεν
1438 2268 1795 2325 δισκευθέντα
1818 2271 1867 2304 ⁸⁸

444 2358 790 2427 Χειμάζουσι
820 2356 916 2410 καὶ
946 2358 1260 2427 κάμπτουσι
1291 2360 1385 2412 καὶ
1414 2357 1691 2415 κλινουσιν
1718 2361 1800 2424 είς
1832 2360 1986 2431 γόνυ,

445 2449 555 2503 Καὶ
582 2446 1149 2517 καταμωὶωπίζουσιν
1169 2449 1333 2504 αὐτοῦ
1357 2450 1458 2520 τὴν
1484 2451 1808 2523 τρυφερίαν,

444 2539 558 2595 Καὶ
590 2537 857 2593 πάντοθεν
892 2539 1326 2609 προσϐάλλουσιν
1346 2541 1423 2605 ὡς
1448 2545 1507 2596 ἐν
1539 2542 1850 2614 πολιορκίᾳ,

447 2626 859 2681 Φιλονεικοῦσαι
893 2628 955 2682 τὸ
978 2628 1145 2696 φυτὸν
1168 2628 1216 2662 ⁸⁷
1250 2629 1626 2702 προθέλυμνον
1655 2633 1932 2705 ἐκτρῖψαι.

454 2723 553 2778 Ἂν
581 2724 640 2778 δὲ
670 2724 769 2787 τὰς
798 2724 965 2789 ζάλας
994 2724 1197 2798 δυνηθῇ
1231 2729 1424 2797 φυγεῖν
1445 2727 1542 2791 τὰς
1570 2730 1906 2794 κακοπνόους

451 2817 562 2869 Καὶ
587 2816 681 2869 τὸν
706 2816 952 2888 χειμῶνα
980 2817 1073 2871 τὸν
1103 2818 1277 2890 βαρὺν
1302 2818 1399 2873 καὶ
1419 2820 1518 2890 τὴν
1540 2821 1752 2877 ἐκεῖθεν
1782 2820 1926 2893 βίαν,

451 2907 663 2961 Γίνεται
683 2906 1050 2980 δοκιμώτερον
1077 2908 1172 2963 ἅτε
1202 2908 1375 2964 πολλὰ
1400 2911 1672 2967 παλαῖσαν

452 3140 632 3196 tillum
667 3139 929 3210 temporis
977 3138 1336 3209 duraturum;
1368 3157 1490 3213 quae
1531 3158 1662 3202 sane
1689 3145 1888 3204 Leonis
1917 3164 2021 3206 vox

452 3232 681 3288 minime
728 3246 866 3285 vana
921 3240 1019 3287 aut
1088 3231 1252 3286 fallax
1319 3232 1441 3289 fuit.
1514 3235 1651 3292 Nam
1716 3238 2024 3296 Alexander

455 3325 830 3397 voluptatibus
860 3332 1121 3379 avocatus
1167 3332 1224 3379 et
1252 3326 1754 3395 compotationibus
1792 3330 2022 3388 nimium

457 3419 770 3488 indulgens,
785 3417 1102 3487 etcorporis
1128 3425 1335 3471 tantum
1354 3418 1759 3478 titillationibus
1777 3423 2020 3492 deditus,

457 3527 559 3568 nec
590 3512 700 3566 ulla
736 3525 797 3565 re
831 3519 982 3564 tanto
1017 3510 1249 3580 imperio
1285 3510 1448 3582 digna
1476 3512 1561 3567 vel
1584 3529 1748 3583 opere
1779 3519 1867 3573 vel
1897 3535 2023 3575 ver-

454 3603 542 3657 bis
577 3601 837 3671 perl'ecta,
863 3602 949 3656 vel
974 3602 1159 3656 animo
1189 3601 1428 3673 denique
1458 3616 1746 3676 concepta,
1788 3625 1890 3666 ceu
1922 3611 2025 3669 ﬂos

455 3694 588 3747 solis
634 3691 954 3746 elﬁcacitate
1011 3707 1357 3749 marcescens
1396 3696 1700 3756 exstinctus
1736 3709 1821 3758 est
1881 3714 1939 3759 et
1992 3720 2025 3760 a

460 3781 670 3836 morbis
698 3780 954 3835 celeriter
990 3779 1331 3850 absumptus.
1365 3783 1555 3855 Itaque
1607 3791 1759 3846 solus
1807 3804 2025 3850 mortuo

458 3867 643 3924 Leone
663 3868 953 3939 imperium
970 3868 1362 3928 Constantinus
1377 3874 1638 3944 obtinuit,
1657 3880 2026 3940 aatatisadhuc

460 3970 662 4016 tenerae
717 3977 894 4031 puer,
946 3962 1041 4032 qui
1100 3962 1314 4033 imperii
1363 3968 1747 4038 gubernationi
1821 3990 2015 4044 parum

462 4060 626 4121 aptus
666 4063 833 4114 esset.
888 4054 1048 4110 annis
1099 4055 1446 4124 immaturus,
1503 4076 1678 4118 annos
1723 4065 1935 4123 scilicet
1967 4068 2024 4124 id

464 4144 726 4213 temporis
741 4154 950 4214 septem
974 4146 1137 4202 modo
1166 4159 1359 4217 natus;
1380 4167 1503 4221 qua:
1544 4170 1631 4210 res
1655 4157 1843 4214 multis
1858 4160 2024 4217 etiam

463 4235 622 4288 malis
648 4236 990 4292 occasionem
1011 4238 1248 4309 praabuit
1266 4243 1604 4317 mirificeque
1634 4247 2023 4320 imperatorem

419 4337 427 4345 κ
462 4324 673 4389 afﬂixit,
704 4327 989 4383 tamenetsi
1018 4328 1231 4386 felicem
1256 4335 1461 4390 exitum
1511 4338 1846 4407 procedente
1881 4352 2025 4402 tem-

1606 244 2107 305 CONSTANTlNl
2152 245 2529 304 MANASSIS

3594 241 3699 306 624

2044 363 2094 421 Α
2123 365 2231 417 Kal
2266 363 2565 434 χειμασθὲν
2593 363 2937 432 πικροποιοίς
2968 361 3061 415 καὶ
3091 360 3430 431 κακωτρίαις
3465 360 3656 430 ὥραις·

2118 454 2286 508 Φυτὸν
2319 455 2426 524 γάρ
2461 453 2836 522 ἀνεμοτρεφὲς
2859 453 2955 505 καὶ
2977 452 3292 522 γυμνασθὲν
3321 451 3549 520 ἀνέμοις

2120 546 2260 599 Πολύ
2284 564 2336 599 τι
2369 546 2429 599 τὸ
2459 546 2800 615 στερέμνιον,
2837 543 2912 607 ῶς
2936 562 3093 613 φασι,
3119 545 3285 612 φύσει
3309 543 3491 614 φέρει.

2119 636 2274 689 Οὕτω
2303 639 2554 699 κάκεῖνος
2576 636 2604 687 6
2645 635 2853 705 βραχὺς
2871 635 2971 706 τὴν
3006 634 3226 704 ἡλικίαν
3260 634 3419 700 ἄναξ,

2129 729 2190 781 '0
2224 732 2353 789 παῖς
2380 731 2408 781 6
2436 728 2851 798 πορφυρόφυτος
2878 726 3106 789 Λέοντος
3138 727 3559 789 Κωνσταντῖνος

2117 820 2289 881 Μόλις
2323 818 2457 870 ποτὲ
2492 820 2629 886 μετὰ
2663 818 2910 886 μακροὺς
2937 816 2985 847 ⁸⁸
3024 815 3178 886 ἡλίου
3214 816 3582 887 περιδρόμους

2118 909 2239 960 Τῶν
2272 909 2568 976 συμφορῶν
2600 905 2901 975 ἀποφυγὼν
2931 906 3032 968 τὰς
3050 907 3489 978 άλλεπαλληλίας

2119 1000 2229 1052 Καὶ
2257 996 2584 1067 πειρασμῶν
2617 997 2914 1064 ἐπαγωγὰς
2937 998 3034 1050 καὶ
3061 996 3275 1066 θλίψεις
3298 997 3666 1069 δακεθύμιως⁹

2117 1086 2340 1140 Σύνεσιν
2366 1086 2729 1155 ἐκαρπώσατο
2758 1086 2938 1155 πολλῷ
2964 1087 3342 1156 παγιωτέραν,

2120 1179 2332 1247 Ὠσπερ
2362 1176 2637 1246 ναυϐάτης
2663 1176 2929 1245 κυκηθεὶς
2949 1177 2996 1209 ⁸⁸
3027 1176 3379 1248 πολυκυμίας
3400 1181 3448 1212 ⁹⁶
3480 1178 3671 1245 ζάλαις

2122 1268 2229 1322 Καὶ
2264 1269 2417 1337 μόλις
2444 1270 2523 1330 είς
2546 1269 2847 1340 εὐγάληνον
2870 1268 3070 1341 λιμένα
3093 1272 3464 1344 καταντήσας.

2120 1359 2321 1430 Πρῶτα
2356 1361 2453 1430 μὲν
2473 1360 2582 1429 γὰρ
2612 1364 2641 1415 6
2672 1363 2945 1432 καρτερὸς
2972 1362 3184 1427 ἐκεῖνος
3204 1365 3631 1431 Κωνσταντῖνος,

2125 1448 2222 1500 Ὃν
2254 1450 2401 1516 σχεῖν
2430 1448 2659 1517 γενέτην
2678 1449 2931 1515 λέγουσιν
2975 1448 3314 1523 Ἀνδρόνικον
3349 1453 3443 1507 τὸν
3463 1456 3692 1523 Λοῦκαν,

2118 1537 2293 1605 Χεῖρα
2326 1535 2527 1607 πολλὴν
2561 1537 2892 1606 συναγαγὼν
2918 1539 3153 1595 εὖοπλον
3189 1542 3530 1616 ἑσταλμένην

2133 1628 2357 1699 Ἀθρόον
2394 1629 2702 1684 ἐπιτίθεται
2730 1630 2809 1699 τῷ
2832 1633 3395 1706 πορφυροᾶλαστήτῳ,

2126 1719 2237 1788 Τῆς
2256 1720 2586 1790 νηπιότητος
2621 1721 2789 1775 αὐτοῦ
2830 1724 3051 1790 πάντως
3077 1726 3509 1798 καταφρονήσας.

2053 1842 2099 1900 Β
2135 1808 2300 1888 ,Ἀλλὰ
2317 1810 2541 1880 ψευδὴς,
2574 1811 2649 1874 ὡς
2686 1815 2716 1866 6
2744 1812 2913 1868 Aa6l6
2940 1813 3157 1884 ψάλλει,
3179 1816 3316 1888 πρὸς
3337 1818 3616 1890 σωτηρίαν

2125 1900 2319 1962 Ἵππος
2332 1901 2599 1972 ὑψαύχην,
2615 1901 2786 1956 εΰσκα
2794 1903 2855 1975 pO
2864 1922 2985 1976 μος,
2997 1908 3305 1977 πτηνόπους
3319 1911 3694 1980 φρυακτίας⁹¹.

2122 1992 2392 2056 Κάκεῖνος
2417 1992 2512 2047 οὖν
2534 1995 2953 2066 ὲκσφαιρισθεὶς
2981 1999 3082 2070 τῆς
3113 1999 3276 2071 ἔδρας
3309 2003 3410 2072 τῆς
3443 2004 3670 2067 ἱππείας

2123 2085 2320 2137 Πίπτει
2350 2085 2489 2157 πρὸς
2511 2086 2619 2155 γῆν
2650 2088 3022 2160 κατενεχἽεὶς,
3056 2092 3151 2146 καὶ
3174 2092 3422 2164 παρευθὺ
3450 2094 3512 2147 τὸ
3542 2094 3695 2165 ξίφος

2122 2175 2348 2230 Γεύεται
2373 2176 2567 2231 τούτου
2590 2180 2699 2232 τῶν
2723 2179 2947 2251 σαρκῶν
2977 2183 3073 2237 καὶ
3101 2181 3370 2253 βάπτεται
3399 2184 3481 2257 τῷ
3503 2185 3652 2258 φόνῳ

2127 2269 2287 2339 Ἀρτι
2316 2267 2373 2321 δὲ
2405 2269 2596 2323 τούτου
2620 2269 2715 2324 τοῦ
2752 2271 2927 2326 δεινοῦ
2948 2274 3222 2345 χειμῶνος
3252 2274 3616 2347 παρελθόντος

2125 2358 2351 2430 ’Έτερος
2375 2359 2723 2430 ἐπεγείρεται
2758 2362 3062 2434 βαρύτερος
3090 2364 3324 2430 ἐκείνου,

2124 2451 2312 2522 Πολλῷ
2329 2454 2425 2506 τοῦ
2455 2455 2585 2525 πρὶν
2612 2455 2940 2527 πικρότερος
2965 2456 3184 2529 καὶτῆς
3205 2457 3481 2529 προτέρας
3502 2456 3693 2528 ζάλης.

2132 2543 2193 2596 '0
2216 2542 2324 2612 γὰρ
2343 2545 2539 2608 Φωκᾶς
2570 2546 2875 2617 μάγιστρος
2892 2549 2941 2582 ³⁸
2967 2547 3163 2620 (ϐνομα
3176 2549 3352 2622 τούτῳ
3373 2551 3421 2584 ³⁸
3437 2550 3636 2623 Λέων),

2135 2634 2301 2706 Ἂνὴρ
2336 2635 2558 2704 μεγέθει
2590 2637 2843 2708 σώματος
2864 2640 2962 2694 καὶ
2992 2638 3156 2714 ῥώμῃ
3190 2640 3511 2713 διαπρέπων

2124 2723 2235 2776 Καὶ
2266 2724 2448 2778 πᾶσαν
2476 2724 2596 2778 τότε
2632 2726 2948 2789 πιστευθεὶς
2985 2727 3276 2797 Ῥωμαίων
3304 2726 3694 2800 στραταρχίαν,

2136 2814 2281 2870 ¹ἰδὼν
2310 2816 2870 2888 προσλαμϐανόμενον
2902 2818 3056 2890 παρὰ
3092 2818 3189 2873 τοῦ
3225 2818 3491 2889 βασιλέως

2123 2907 2218 2963 τὸν
2244 2908 2478 2979 γέροντα
2495 2909 2587 2964 τὸν
2625 2908 2908 2981 Ῥωμανδν
2932 2910 3023 2965 τὸν
3057 2910 3169 2965 ἀπὸ
3195 2911 3296 2983 τῆς
3326 2911 3621 2981 Λακάπης,

3372 3037 3529 3094 Vers.
3558 3038 3700 3093 5472

2126 3143 2209 3200 sic
2236 3141 2403 3199 etiam
2425 3140 2820 3198 Censtantinus
2851 3141 2960 3208 hic,
2985 3141 3187 3200 Leonis
3228 3143 3395 3209 ﬁlius,
3433 3144 3489 3199 in
3522 3145 3700 3216 prima

2130 3234 2366 3306 pueritia
2423 3243 2753 3287 consecutus
2829 3232 3149 3303 imperium,
3197 3244 3552 3305 posteaquam
3610 3238 3700 3292 vix

2129 3325 2318 3382 multis
2375 3323 2575 3394 elapsis
2632 3320 2794 3378 annis
2848 3322 2918 3378 de
2968 3323 3249 3379 continuis
3297 3324 3702 3381 calamitatibus

2127 3416 2392 3475 a-rumnis
2415 3414 2806 3471 alnictionibus
2839 3415 3127 3477 evasisset,
3166 3414 3510 3486 prudentiam
3536 3415 3700 3485 longe

2131 3510 2446 3567 solidiorem
2515 3523 2615 3563 ceu
2674 3507 2913 3562 fructum
2961 3505 3253 3576 quemdam
3321 3514 3514 3561 nactus
3566 3515 3698 3572 est,

2131 3601 2305 3656 instar
2354 3608 2538 3654 nautae
2570 3597 2827 3669 gravibus
2860 3596 3119 3666 procellis
3145 3594 3335 3667 jactati
3361 3605 3417 3651 et
3445 3595 3537 3649 vix
3582 3606 3700 3651 tan-

2131 3693 2255 3749 dem
2283 3690 2640 3763 tranquillum
2689 3689 2746 3744 in
2797 3697 3014 3760 portum
3048 3687 3239 3744 delati.
3292 3687 3429 3743 Nam
3463 3687 3701 3758 primum

2130 3789 2467 3847 fortissimus
2519 3788 2611 3844 ille
2650 3784 3067 3851 Constantinus,
3101 3799 3265 3855 quem
3315 3792 3507 3840 natum
3551 3784 3704 3840 aiunt

2130 3881 2449 3937 Andronico
2467 3877 2615 3934 Duca
2632 3887 2816 3952 patre.
2835 3891 3029 3947 magna
3047 3890 3211 3929 manu
3229 3884 3419 3930 coacta
3443 3876 3704 3946 praelate

2131 3982 2470 4029 armatorum
2500 3970 2786 4026 hominum
2826 3968 3216 4038 imperatorem
3259 3966 3447 4022 subito
3479 3967 3701 4032 invasit,

2132 4062 2332 4136 puerili
2355 4061 2617 4117 nimirum
2633 4060 2755 4130 ejus
2771 4065 2933 4112 :etate
2957 4062 3294 4125 contempta.
3308 4054 3512 4110 Verum
3525 4056 3672 4111 enim
3685 4083 3704 4096 -

2133 4167 2267 4207 vero
2295 4150 2459 4205 fallax
2492 4164 2583 4204 res
2607 4157 2714 4211 est,
2751 4145 2831 4200 uti
2875 4143 3111 4199 Davides
3139 4142 3311 4208 canit,
3353 4142 3422 4197 ad
3468 4144 3704 4198 salutem

2132 4258 2310 4315 equus
2335 4245 2510 4305 ferox,
2535 4239 2712 4310 agilis,
2742 4237 2985 4300 volucer,
3011 4235 3270 4289 fremens.
3315 4234 3530 4304 Quippe
3557 4233 3706 4290 Con-

2135 4337 2411 4396 stantinus
2425 4334 2592 4390 etiam
2609 4334 2682 4389 de
2707 4331 2839 4388 sella
2855 4329 3100 4399 equestri
3120 4342 3387 4384 excussus
3417 4328 3473 4381 in
3497 4337 3706 4383 terram

464 4432 596 4485 pore
623 4417 899 4474 habuerit.
949 4420 1424 4486 Quemadmodum
1448 4428 1594 4483 etiim
1626 4430 1793 4487 arbor
1834 4449 2021 4493 recens

2135 4440 2380 4497 praeceps
2409 4422 2642 4484 corruit,
2672 4429 2729 4476 et
2767 4417 2948 4489 gladio
2983 4416 3236 4487 protinus
3272 4414 3563 4471 confossus
3597 4424 3703 4471 est.

458 4510 724 4599 plantata,
754 4527 875 4580 qua:
906 4524 1130 4584 propter
1164 4523 1381 4572 teneras
1407 4518 1590 4575 adhuc
1636 4524 1851 4580 radices
1876 4525 2030 4599 ﬁ-igi-
2055 4539 2109 4599 υ
2138 4519 2245 4575 Ubi
2289 4517 2377 4571 vix
2434 4516 2616 4599 gravis
2678 4512 2770 4567 illa
2833 4517 3131 4599 tempestas
3174 4508 3549 4599 praeteriisset,
3599 4510 3706 4564 alia

456 4597 580 4652 dam
620 4596 857 4654 hiemem
889 4600 1134 4669 perferre
1166 4603 1412 4661 nondum
1440 4616 1645 4676 potest,
1688 4624 1869 4681 neque
1897 4596 2033 4668 vein-

2134 4604 2295 4672 longe
2344 4597 2564 4670 gravior
2614 4603 2806 4649 exorta
2859 4592 2986 4647 fuit.
3042 4591 3260 4646 Etenim
3319 4590 3433 4646 Leo
3472 4591 3702 4656 Phocas.

460 4694 639 4771 torum
676 4687 1008 4742 smvissimos
1034 4688 1277 4758 impetus
1299 4706 1481 4762 neque
1503 4694 1709 4751 imbres
1729 4679 2021 4754 vellemen-

2136 4689 2401 4759 dignitate
2454 4682 2755 4755 magister,
2795 4679 2880 4733 vir
2931 4679 3266 4749 proceritate
3335 4679 3583 4749 corporis
3640 4694 3707 4736 ac

463 4769 630 4829 tiores
665 4790 768 4831 nec
808 4783 976 4833 astus
1003 4777 1243 4834 fervidos
1296 4795 1402 4836 nec
1458 4783 1781 4853 grandinem
1821 4798 2032 4858 tempe-
2134 4780 2333 4836 robore
2368 4775 2617 4846 insignis,
2639 4772 2728 4827 cui
2760 4769 2991 4826 Romani
3022 4770 3300 4825 exercitus
3327 4785 3521 4826 omnes
3546 4782 3707 4826 erant

459 4870 738 4932 statesque
764 4865 1012 4920 volantes
1057 4865 1316 4934 tolerare,
1378 4868 1424 4922 si
1459 4868 1527 4923 ab
1583 4871 1720 4926 ortis
1775 4874 2030 4933 alicunde
2135 4873 2375 4937 crediti,
2440 4883 2566 4923 cum
2624 4874 2906 4934 receptum
2961 4864 3030 4920 ab
3106 4865 3436 4935 imperatore
3492 4864 3709 4921 videret

459 4954 639 5008 ventis
670 4966 766 5010 aut
789 4956 1055 5027 grandine
1081 4967 1272 5012 vexata
1312 4958 1673 5017 nihilominus
1699 4963 1809 5017 vim
1835 4979 2028 5021 eorum
2140 4965 2445 5020 Romanum
2477 4961 2822 5030 Lacapenum
2870 4958 3164 5023 seniorem,
3189 4957 3267 5012 rei
3299 4958 3509 5013 navalis
3537 4957 3708 5013 drun-

458 5047 767 5115 graviorem
794 5048 1019 5119 cll‘ugiat
1052 5057 1108 5104 et
1129 5050 1323 5105 evadat
1352 5050 1542 5119 illzesa,
1579 5052 1732 5122 ιιι
1766 5055 1938 5112 multo
1973 5058 2033 5112 lit
2132 5058 2370 5131 garinm,
2397 5055 2507 5126 jam
2538 5053 2668 5106 olim
2713 5050 3059 5123 tyrannidem
3090 5049 3425 5120 parturiens,
3468 5050 3708 5120 impetu-

453 5137 814 5207 .cxploratior,
859 5155 984 5197 cum
1037 5141 1205 5197 arbor
1234 5158 1263 5195 a
1306 5143 1489 5198 ventis
1536 5151 1593 5199 et
1636 5146 1753 5201 sole
1792 5147 2033 5205 exercita
2132 5165 2242 5221 que
2275 5156 2569 5220 propterea
2625 5157 2876 5213 represso
2913 5141 3061 5212 quod
3103 5141 3336 5197 necdum
3391 5156 3451 5197 se
3484 5141 3707 5197 ollerret

460 5227 758 5296 plurimum
807 5224 840 5285 a
891 5239 1087 5287 natura
1137 5231 1354 5289 roboris
1386 5234 1591 5290 habere
1622 5236 2019 5307 perhibeatur:
2136 5239 2377 5301 occasio,
2407 5248 2522 5291 tum
2574 5234 2794 5289 demum
2836 5231 3306 5304 opportunitatem
3362 5239 3578 5296 nactus,
3626 5229 3705 5285 uti

1820 5420 2026 5482 Varia)
2058 5420 2388 5482 lectiones.

534 5575 582 5661 ’ξ
620 5575 845 5661 καρδίας
871 5576 986 5635 AR.
1032 5576 1107 5661 ﬁ“.
1132 5575 1287 5661 eam»
1309 5579 1379 5661 ,τὸ
1408 5580 1613 5661 σκάφος
1866 5586 2003 5661 μήτε
2045 5585 2111 5639 Β.
2184 5585 2231 5617 ⁸⁸
2261 5580 2426 5661 ποθεν
2473 5579 2983 5661 ἔκδισκεμθένταικ.
3033 5581 3103 5661 Αξ⁷
3125 5581 3204 5661 τῶ
3224 5582 3379 5661 φυτῷ
3398 5584 3465 5639 Α.
3536 5582 3584 5620 ⁸⁸
3612 5599 3706 5656 μι-

534 5601 581 5610 -ν
620 5601 844 5646 ιαροιυις
871 5601 986 5635 nn.
1063 5601 1104 5611 ‘"
1132 5601 1287 5634 ῠυπω
1321 5601 1379 5634 το
1408 5601 1613 5649 magia;
1645 5601 1713 5637 Δ.
1788 5601 1834 5616 "
1866 5601 2003 5656 μητε
2045 5601 2111 5639 ιε.
2184 5601 2231 5617 "’
2261 5601 2426 5636 πουεν
2473 5601 2892 5636 εκοισκευυεντα
2918 5601 2983 5636 n.
3058 5601 3099 5614 ‘"
3125 5601 3204 5652 τῳ
3224 5601 3329 5651 φυτ

464 5647 628 5719 κροὺς
661 5646 725 5700 li.
801 5647 846 5679 θ’*
875 5648 1144 5713 κυκωοεὶς
1170 5647 1232 5702 ll.
1309 5651 1355 5682 ³⁸
1388 5652 1750 5721 πολυκυμίαις
1787 5654 1848 5711 ιι,
1924 5658 1967 5686 ἰ
1995 5653 2343 5727 φρυγματίοις
2366 5656 2428 5707 Λ.
2535 5654 2579 5688 ⁹²
2614 5653 2875 5724 μάἴστρος
2896 5653 2957 5705 Α.
3032 5653 3079 5687 ⁸³
3112 5654 3300 5708 τούτου
