4138 6216
435 344 544 409 425

437 457 545 512 Τοῦ
583 452 843 509 ναυτικοῦ
873 451 1237 523 δρουγγάριον
1258 451 1387 504 ὄντα
1411 451 1469 504 τὸ
1496 450 1817 521 τηνικαῦτα,

439 549 545 603 Καὶ
570 547 738 599 πάλαι
762 545 861 615 μὲν
882 545 980 616 τὴν
1010 544 1245 613 ἔκφυλον
1272 543 1480 596 ὠδίνων
1513 544 1811 613 τυραννίδι

439 640 550 692 Καὶ
578 635 876 706 σκευωρῶν
900 635 948 667 ⁸⁵
968 634 1090 688 καθ’
1115 634 1312 688 ἑαυτὸν
1349 637 1418 687 τά
1447 633 1548 703 τῆς
1573 635 1936 699 ἀποστασίας,

440 730 630 798 Ὅμως
659 728 872 797 ἐπέχων
900 726 1001 795 τὴν
1030 725 1207 803 ὁρμὴν
1239 725 1321 795 (οὔ
1349 724 1459 795 γὰρ
1478 724 1669 795 καιρὸς
1687 725 1919 799 ἐκάλει),

438 813 574 873 Τίτε
603 818 796 890 καιροῦ
826 818 1181 888 δραξάμενος,
1208 819 1281 881 ὠς
1305 817 1462 888 ᾤετο,
1491 818 1800 889 προσφόρου

453 910 743 981 Ἐξέρρηξε
775 908 872 961 τοῦ
904 908 1125 962 τοκετοῦ
1150 909 1212 961 τὸ
1238 906 1402 979 βάρος
1431 908 1523 961 τοῦ
1552 908 1814 961 δυστόκου

444 1003 568 1054 Κάκ
592 1001 696 1069 τῆς
730 1001 963 1071 γαστρὸς
988 1000 1087 1071 τὴν
1122 999 1335 1069 ἔχιδναν
1372 1001 1727 1071 ὲξήνεγκενπ
1754 1003 1833 1065 είς
1859 1001 2013 1070 φάος,

448 1093 555 1144 Καὶ
585 1086 804 1159 τρέφων
844 1090 1012 1144 πάλαι
1042 1088 1175 1159 παρ’
1200 1089 1356 1160 αὐτῷ
1386 1089 1661 1160 σπινθῆρα
1693 1090 2019 1162 δυσμενείας

446 1182 579 1234 Τότε
613 1180 794 1251 πυρὰν
826 1180 1091 1244 ἐξέκαυσε
1124 1182 1358 1251 καμίνου
1392 1183 1761 1255 πυριερόμου.

448 1273 558 1327 Καὶ
580 1274 763 1326 τοίνυν
789 1272 1261 1343 προσποιούμενος
1295 1274 1438 1344 ὑπὲρ
1467 1275 1560 1329 τοῦ
1585 1275 1849 1345 βασιλέως

447 1364 633 1417 Πάντα
662 1360 986 1426 σπουδάζειν
1016 1364 1112 1417 καὶ
1129 1367 1303 1417 ποιεῖν
1322 1367 1415 1417 καὶ
1436 1365 1825 1435 συμφερόντως
1846 1366 1937 1419 τοῦ
1947 1383 2021 1436 τῳ

461 1457 549 1519 Ὠς
581 1454 646 1523 δὴ
689 1454 841 1524 παρὰ
861 1454 958 1507 τοῦ
993 1455 1278 1524 Ῥωμανοῦ
1300 1456 1879 1526 καταστρατηγηθέντι

461 1546 774 1602 Ὀπλίίεται
808 1547 948 1617 μετά
977 1545 1212 1618 στρατοῦ
1254 1548 1474 1618 ῥυέντος
1495 1547 1849 1616 πολλαχόθεν,

464 1639 555 1691 Ἐκ
577 1637 891 1702 Λυκαόνων,
926 1639 989 1690 ἐκ
1015 1637 1269 1708 Θρακῶν,
1305 1639 1370 1691 ὲκ
1391 1638 1635 1708 Κόλχων,
1674 1638 1734 1703 ἐξ
1767 1638 2017 1710 Ἰϐήρων,

464 1730 557 1782 Ἕκ
590 1729 949 1798 Παμφυλίων,
974 1731 1040 1782 ὲκ
1066 1730 1291 1791 Μυσῶν,
1322 1733 1386 1783 ὲκ
1409 1730 1619 1802 Σύρων,
1656 1733 1723 1784 ἐκ
1758 1730 2018 1795 Κιλίκων,

1558 318 2061 396 conraxnwn
2103 300 2601 396 ιιηιιοδιιευλιζ

3576 330 3679 395 426

2039 457 2085 511 Λ
2113 452 2245 503 Τοτε
2271 451 2327 503 δὲ
2357 450 2492 511 τέως
2519 448 2788 518 πρόφασιν
2818 448 2907 500 τὸν
2951 446 3226 516 Ῥωμανδν
3254 447 3525 519 εὑρίσκων

2117 542 2499 613 Προσεποιεῖτο
2516 541 2633 594 κατ’
2664 538 2829 594 αὑτοῦ
2855 538 2948 594 τοῦ
2981 538 3264 611 Ῥωμανοῦ
3300 541 3619 612 στρατεύειν

2114 634 2225 688 Καὶ
2246 632 2579 704 τηλικαύτην
2607 634 2886 700 συγκινεῖν
2912 630 3169 701 φάλαγγα
3199 634 3626 704 στρατευσίμην,

2118 726 2494 799 Προτράπτων
2521 725 2621 794 τὴν
2657 724 2953 793 ἀλωπεκῆν
2981 723 3121 793 ἄγαν
3148 727 3573 796 κακομηχάνως·

2114 820 2192 873 Οὔ
2225 823 2399 890 πάντη
2434 820 2543 891 γὰρ
2571 819 2666 899 τὴν
2691 819 2914 890 λεοντῆν
2947 816 3095 891 εἶχεν
3119 822 3537 890 ἐφικνουμένην.

2129 912 2188 964 '0
2221 910 2399 980 γέρων
2433 910 2543 979 γάρ
2573 911 2601 963 ὁ
2632 907 2909 980 Ῥωμανδς
2930 909 3024 963 τοῦ
3054 911 3305 965 ναυτικοῦ
3329 912 3618 983 κατάρχων

2119 1002 2392 1057 Κάκεῖθεν
2421 999 2806 1073 περικείμενος
2833 1002 2985 1070 ἰσχὺν
3007 1002 3066 1054 οὺ
3100 1002 3201 1072 τὴν
3226 1003 3517 1071 τυχοῦσαν,

2131 1092 2275 1148 Ἰδὼν
2301 1093 2733 1164 περιφερόμενον
2770 1092 2897 1163 τῇδε
2922 1093 3083 1145 κάκεῖ
3109 1092 3170 1145 τὸ
3212 1093 3411 1164 κράτος

2119 1186 2229 1238 Καὶ
2274 1183 2675 1255 κυμαινόμενον
2707 1182 2896 1245 δεινῶς
2923 1184 2999 1245 ὼς
3031 1182 3164 1237 ναῦν
3194 1184 3629 1255 ἀστατουμένην,

2126 1278 2228 1331 Ἦν
2251 1276 2437 1331 ἄελλαι
2469 1275 2739 1346 χειμέριοι
2761 1276 2806 1307 ⁹⁹
2843 1275 3138 1347 στρέφουσι
3154 1276 3247 1329 καὶ
3274 1276 3488 1330 δονοῦσι

2122 1368 2235 1422 Kal.
2264 1365 2579 1434 καταιγίδες
2614 1367 2796 1435 ἄγριοι
2826 1368 2920 1419 καὶ
2940 1367 3163 1436 στρόφοι
3194 1367 3627 1435 πνευματώδεις,

2121 1458 2235 1512 Καὶ
2266 1460 2339 1511 τὰ
2371 1456 2655 1528 Ῥωμαίων
2674 1458 2945 1510 πίπτοντα
2968 1459 3175 1528 φύρδην
3202 1458 3296 1512 καὶ
3326 1459 3691 1529 κακοπὸτμως

2123 1550 2255 1603 ’Λτε
2288 1549 2433 1619 χειρὶ
2455 1547 2816 1618 κρατούμενα
2832 1549 3044 1601 παιδίου
3086 1550 3377 1619 νηπιάχου,

2122 1640 2230 1692 Τοῦ
2252 1641 2520 1710 κράτορος
2542 1637 2841 1708 ὑπέρχεται
2865 1638 3206 1708 προσπόλους
3235 1640 3329 1692 καὶ
3352 1638 3691 1711 προκοίτους,

2126 1732 2300 1801 Οῖπερ
2328 1730 2421 1783 καὶ
2454 1729 2655 1799 μᾶλλον
2685 1729 2888 1782 εὐνοεῖν
2920 1729 3137 1783 ἐδόκουν
3162 1730 3238 1800 τῷ
3272 1730 3583 1802 κρατοῦντι,

445 1820 562 1876 Καὶ
592 1824 881 1892 φάλαγγας
915 1823 1288 1894 συνηθροικὼς
1312 1826 1445 1879 ὡσεὶ
1470 1800 1747 1895 θαλάσσης
1775 1826 2020 1897 ψάμμον,
2056 1800 2095 1854 Β
2131 1823 2238 1876 Καὶ
2259 1800 2664 1891 κοινωσάμενος
2696 1820 2879 1884 αὐτοῖς
2905 1820 3100 1889 βουλάς
3137 1800 3520 1893 κρυφιωτέρας

456 1913 691 1983 Ἀνδρας
719 1916 1001 1981 γενναίους
1018 1916 1289 1983 μαχητάς,
1307 1915 1517 1977 πάντας
1538 1917 1935 1985 ἀγκυλοτόξους
1953 1920 2022 1985 ’⁸,

453 2003 572 2074 Πῦρ
602 2005 658 2054 ὲν
684 2002 943 2073 πολέμοις
973 2003 1262 2069 πνέοντας,
1290 2004 1492 2075 ἄνδρας
1523 2006 1952 2079 άγχεσιμάχους,

453 2093 1101 2163 Καταστρατοπεδεύεται
1145 2097 1294 2165 παρὰ
1328 2099 1393 2168 τῇ
1419 2098 1780 2169 Χρυσοπόλει,

457 2189 568 2257 Τῆς
598 2189 909 2253 Βυζαντίων
940 2188 1147 2251 πόλεως
1180 2190 1471 2243 κατέναντι
1498 2190 1749 2262 κειμένῃ,

464 2280 568 2332 Ἦν
594 2278 955 2349 οὐρανόπολιν
991 2278 1160 2332 εἰπὼν
1184 2279 1228 2321 ³⁷
1256 2279 1357 2333 οὐκ
1384 2280 1448 2332 ἄν
1478 2297 1562 2343 τις
1586 2280 1884 2353 διαμάρτῃ.

458 2370 568 2422 Καὶ
593 2369 903 2440 πίμπλησιν
925 2370 1165 2441 ἀρεῖκῶν
1196 2371 1409 2441 ἀνδρῶν
1451 2372 1551 2435 τὰς
1586 2372 1862 2435 πεδιάδας,

458 2459 567 2513 Καὶ
582 2461 761 2514 πᾶσαν
772 2461 875 2531 γῆν
888 2460 1226 2531 κατάχαλκον
1236 2461 1303 2513 ⁸⁸.
1323 2461 1737 2534 Ἀπήστραπτον
1749 2464 1803 2518 αί
1818 2464 2027 2536 λόγχαι,

474 2551 811 2621 ’Δνέλαμπον
843 2553 899 2605 ai
933 2552 1182 2623 κόρυθες,
1209 2553 1435 2616 ἀσπίδες
1456 2553 1788 2621 ἐπατάγουν,

475 2641 608 2712 Ἀήρ
638 2641 1035 2711 ἑπυραυγίζετο
1065 2645 1185 2706 ταῖς
1214 2643 1605 2714 ὲπδορατίσιν.

463 2727 643 2784 Ἦσαν
670 2734 788 2785 ἐκεῖ
814 2732 1203 2805 χρυσάσπιδες,
1233 2730 1372 2804 ἦσαν
1410 2738 1829 2808 φαρετροφόροι,

465 2822 729 2887 Εῦῖπποι,
764 2824 1181 2895 χαλκοχίτωνες,
1210 2825 1411 2888 πάντες
1442 2827 1807 2898 σιδηροφόροι.

470 2911 735 2979 Ἔφριξαν
761 2912 826 2965 ἂν
853 2912 949 2966 καὶ
971 2914 1224 2982 γίγαντες
1252 2915 1609 2985 παρεμϐολὴν
1635 2918 1910 2988 τοιαύτην.

470 3003 641 3067 Αὐτὸς
670 3005 768 3074 μὲν
815 2999 908 3057 οῦν
944 3004 1240 3075 βασιλειῶν
1270 3007 1363 3059 καὶ
1393 3009 1533 3060 κατὰ
1557 3008 1651 3061 τοῦ
1678 3010 2005 3078 κρατοῦντος

474 3092 658 3153 Πάντα
683 3094 928 3166 τυρεύων
957 3097 1051 3149 καὶ
1073 3095 1245 3151 ποιῶν
1271 3098 1369 3151 οὐκ
1401 3098 1590 3152 ἔλαθεν
1619 3102 1699 3163 είς
1722 3102 1895 3163 τέλος

466 3330 690 3402 quidem
708 3332 1099 3398 arbitrabatur,
1121 3333 1464 3389 commodam
1495 3335 1666 3391 fetum
1698 3337 1849 3392 illum
1874 3354 2033 3393 suum

476 3424 531 3478 in
552 3424 729 3479 lucem
756 3424 1001 3479 ediditet
1023 3424 1264 3494 viperam
1291 3424 1485 3481 enixus
1511 3439 1625 3490 cst;
1658 3429 1861 3497 quique
1898 3430 2039 3500 jam-

472 3513 565 3567 diu
599 3514 891 3568 scintillam
917 3513 1084 3568 animi
1120 3516 1259 3571 male
1292 3514 1472 3570 affecti
1496 3518 1637 3586 apud
1659 3532 1718 3571 se
1744 3520 2033 3584 nutrierat,

474 3610 604 3659 tunc
635 3618 827 3673 rogum
847 3603 1099 3657 accendit
1117 3604 1314 3658 camini
1345 3605 1467 3674 igne
1487 3605 1791 3660 stridentis.
1822 3606 2035 3661 Etenim

471 3709 587 3763 pra:
642 3709 701 3748 se
756 3694 941 3748 ferens
995 3694 1177 3748 omnia
1228 3695 1455 3750 nomine
1508 3696 1857 3765 imperatoris
1880 3702 1950 3752 ab
1980 3714 2038 3753 se

474 3785 679 3854 suscipi
712 3793 766 3840 et
796 3785 917 3856 ejus
943 3785 1009 3839 ad
1038 3785 1326 3840 utilitatem
1364 3786 1578 3852 referri,
1604 3788 1698 3859 qui
1731 3804 1760 3843 a
1794 3790 2040 3847 Romano

473 3876 767 3931 artiﬁciose
813 3892 876 3931 ac
926 3884 1105 3931 astute
1133 3876 1593 3948 circumscriptus
1638 3889 1804 3942 esset,
1856 3882 2042 3949 copias

474 3967 715 4037 undique
740 3969 922 4038 coegit
975 3976 1032 4022 et
1096 3968 1375 4034 instruxit,
1438 3969 1736 4041 Lycaonia,
1785 3970 2038 4035 Thracia,

471 4058 752 4125 Colchide,
790 4061 988 4126 Iberia,
1022 4061 1358 4133 Pamphylia,
1403 4061 1588 4133 Mysia,
1618 4061 1793 4133 Syria,
1828 4062 2039 4126 Cilic'a,

478 4165 712 4204 numero
740 4152 908 4206 maris
947 4166 1144 4206 arenas
1167 4162 1441 4221 aequante,
1474 4167 1585 4222 quo
1617 4153 2044 4208 continebantur

478 4242 681 4295 milites
703 4243 919 4312 egregie
944 4243 1180 4310 strenui,
1213 4244 1407 4298 armati
1459 4245 1741 4313 praeclare,
1774 4244 1954 4316 ignem
1990 4248 2044 4299 in

390 4328 401 4335 “
481 4333 682 4402 prmliis
735 4334 1026 4402 spirantes,
1050 4336 1199 4391 viros
1226 4350 1404 4405 pugna
1445 4338 1666 4392 stataria
1704 4346 2042 4407 praestantes.

481 4424 618 4479 llinc
635 4424 702 4479 ad
719 4423 1099 4496 Chrysopolim
1115 4433 1292 4479 castra
1312 4437 1567 4490 metatur,
1592 4428 1750 4482 sitam
1768 4443 1801 4482 e
1825 4430 2046 4498 regione

476 4515 666 4583 Cpolis
696 4514 1029 4583 (quanquam
1072 4528 1179 4568 neu
1210 4517 1521 4582 peccaverit
1553 4517 1646 4585 qui
1670 4520 1861 4573 urbem
1897 4519 2043 4572 illam

479 4603 853 4675 Urauopelim,
890 4604 994 4659 hoc
1020 4612 1105 4659 est
1132 4605 1323 4656 urbem
1372 4606 1668 4686 cmlestem,
1699 4608 2048 4678 cognomina-

479 4697 664 4768 verit),
688 4699 843 4766 112
864 4708 919 4753 et
940 4712 1165 4767 campos
1184 4696 1317 4751 viris
1336 4698 1612 4753 bellicosis
1634 4700 1824 4769 replet.
1849 4700 2046 4755 Totum

478 4788 600 4855 ejus
643 4785 882 4855 regionis
942 4786 1120 4842 solum
1171 4801 1241 4840 ex
1285 4786 1562 4841 hastarum
1615 4804 1723 4843 aere
1786 4788 2046 4860 fulgebat.

479 4876 647 4946 galea:
687 4876 1130 4945 resplendebant,
1166 4886 1321 4931 scuta
1358 4891 1553 4931 solum]
1592 4877 1921 4944 efﬁciebant,
1956 4896 2049 4935 aer

478 4967 548 5018 ab
572 4966 849 5019 hastarum
875 4965 1196 5034 cuspidibus
1221 4966 1564 5021 coruscabat.
1588 4967 1827 5021 Aderant
1846 4968 2047 5023 milites

481 5058 702 5122 scutati,
726 5057 953 5113 aderant
973 5058 1263 5129 sagittarii,
1300 5060 1537 5128 equites,
1569 5060 1804 5125 loricati,
1833 5061 2050 5115 univero

479 5152 555 5206 sis
591 5152 797 5206 ferrum
844 5153 1202 5223 gestantibus.
1244 5153 1337 5207 Vel
1396 5154 1530 5223 ipsis
1573 5154 1883 5224 gigantibus
1911 5155 2054 5224 ejus~

481 5242 627 5296 modi
684 5252 862 5297 castra
919 5242 1199 5298 formidini
1247 5242 1499 5297 fuissent.
1561 5242 1799 5296 Leonem
1866 5252 2047 5295 autem

480 5335 740 5403 cupidum
776 5335 928 5404 regni
978 5343 1168 5388 contra
1216 5336 1604 5403 imperatorem
1648 5333 1832 5386 omnia
1883 5332 2048 5385 fuisse

480 5425 729 5479 molitum
760 5425 1055 5478 obscurum
1091 5439 1210 5478 esse
1260 5423 1482 5479 demum
1541 5423 1685 5477 baud
1732 5422 1928 5492 potuit.
1995 5421 2047 5473 Id

462 5524 491 5535 κ

2128 1915 2238 1967 Καὶ
2263 1911 2675 1983 συσκεψάμενος
2699 1912 2883 1976 αὐτοῖς
2909 1910 3004 1964 καὶ
3030 1912 3428 1983 συνδολοπλοκῆ
3440 1932 3536 1978 τας

2130 2005 2238 2058 Καὶ
2268 2004 2517 2075 μηχανάς
2542 2003 2888 2066 παντοδαπὰς
2919 2004 3214 2074 πορφύρων
3236 2007 3250 2036 ¹
3285 2005 3653 2074 βαθυῦούλους

2130 2094 2557 2166 Ἐσχηματίζετο
2585 2094 2791 2165 τολμᾷν
2817 2094 2999 2165 βιαίαν
3023 2099 3043 2126 ⁹
3069 2095 3356 2164 τυραννίδα

2130 2187 2241 2241 Καὶ
2266 2187 2447 2240 πᾶσαν
2489 2185 2680 2257 φέρειν
2729 2186 2818 2238 καὶ
2847 2186 3079 2257 πτεροῦν
3106 2186 3247 2257 πρὸς
3288 2186 3447 2241 τοῦτο
3478 2189 3700 2259 στολαρ-

2492 2282 2497 2297 ‘
3474 2277 3643 2350 [χίαν⁹

2140 2368 2233 2429 Ὠς
2260 2367 2425 2439 θροῦν
2459 2366 2714 2422 ἐντεῦθεν
2747 2368 2938 2436 ἄγριον
2968 2366 3274 2437 κακόθρουν
3304 2368 3577 2437 κυματίαν

2144 2460 2499 2513 Ἐπικτυπεῖν
2531 2459 2624 2512 καὶ
2654 2461 2964 2531 σμαραγείν
2998 2461 3142 2513 κατὰ
3163 2460 3183 2491 ⁸
3206 2459 3317 2512 τῶν
3358 2448 3670 2529 βασιλείων.

2134 2552 2244 2605 Καὶ
2268 2550 2473 2614 πάντας
2496 2550 2887 2603 κατασείεσθαι
2923 2552 3000 2619 τῷ
3028 2550 3264 2603 κλύδωνι
3286 2550 3379 2603 τοῦ
3418 2550 3595 2613 δέους,

2134 2643 2280 2706 Ἕως
2304 2644 2338 2714 ἠ
2368 2642 2542 2695 πάντα
2572 2641 2878 2711 στρέφουσα
2901 2641 3190 2695 παλίπνοια
3212 2642 3232 2673 ⁸
3264 2641 3358 2695 τοῦ
3390 2640 3509 2711 βίου

2137 2732 2480 2802 Προσςῦκειλε
2516 2733 2607 2786 τὸν
2642 2733 2924 2804 Ῥωμανὸν
2948 2732 3138 2798 αὐλαῖς
3162 2734 3282 2795 ταῖς
3312 2732 3420 2785 τῶν
3453 2732 3702 2786 ἀνάκτων

2146 2825 2236 2888 Ὠς
2269 2828 2327 2878 ἐν
2360 2826 2630 2893 ἀγκάλαις
2670 2825 2934 2896 γαληναῖς
2956 2825 3143 2895 ὅρμων
3171 2824 3538 2894 άλεξανέμων.

2137 2916 2263 2978 Τοῖς
2288 2915 2687 2986 πρωτοδούλοις
2705 2914 2773 2982 γά
2783 2933 2814 2985 ρ
2842 2913 3089 2975 πεισθεὶς
3112 2914 3144 2985 ἢ
3171 2914 3371 2984 μᾶλλον
3398 2911 3704 2974 ἐπιϐούλοις

2150 3004 2207 3058 ὐ
2243 3005 2493 3076 βασιλεὺς
2522 3006 2614 3057 τδν
2650 3004 2929 3074 Ῥωμανὸν
2959 3004 3034 3067 ὡς
3057 3005 3209 3072 φίλον
3236 3004 3540 3058 οἰκειοῦται

2061 3131 2106 3193 C
2140 3095 2248 3148 Καὶ
2276 3096 2373 3165 τῆς
2404 3095 2549 3165 ζωῆς
2583 3095 2679 3149 κα⁶ι
2707 3094 2803 3163 τῆς
2833 3096 3009 3167 ἀρχῆς
3030 3094 3247 3163 φύλακα
3274 3094 3615 3155 καθιστάνει,

3378 3223 3532 3277 Vers.
3564 3223 3696 3276 553!

2139 3327 2357 3395 quidem
2392 3328 2654 3397 temporis
2679 3327 2983 3381 Romanum
3023 3320 3479 3383 occasionis‘loco
3514 3339 3706 3383 nactus

2138 3417 2404 3470 adversus
2432 3432 2558 3471 cum
2580 3432 2638 3470 se
2666 3415 2868 3469 bellum
2894 3430 3086 3485 gerere
3107 3413 3421 3477 simulabat,
3454 3423 3507 3469 ct
3530 3418 3707 3485 copiis

2139 3507 2488 3576 amplissimis
2515 3508 2818 3561 instructus
2866 3506 3072 3560 nefarie
3103 3506 3379 3575 vulpinam
3429 3507 3705 3571 assucbat,

2142 3599 2357 3654 leonina
2389 3598 2529 3667 pelle
2556 3613 2663 3652 non
2706 3612 2937 3667 prorsus
2962 3598 3030 3652 ad
3054 3599 3235 3653 omnia
3269 3614 3326 3652 se
3356 3598 3704 3654 extendente.

2140 3688 2350 3758 Quippe
2379 3688 2657 3743 Roma-nus
2684 3688 2891 3753 senior,
2924 3690 3111 3744 classis
3153 3689 3442 3759 prtefeetns
3477 3690 3709 3760 ideoque

2143 3796 2251 3835 non
2277 3781 2472 3852 exigua
2498 3789 2762 3849 potestate
2784 3782 3060 3851 prteditus,
3090 3781 3471 3837 animadverso
3496 3784 3708 3853 imperii

2143 3880 2343 3925 sta'ttm
2396 3872 2523 3925 hinc
2554 3882 2607 3925 et
2659 3871 2811 3925 illinc
2867 3871 3131 3926 fluctuare
3164 3889 3262 3926 ceu
3320 3874 3499 3927 navim
3547 3891 3709 3943 quam

2142 3962 2388 4017 hiberna:
2413 3972 2757 4033 tempestates
2784 3963 3113 4032 gravissima:
3130 3964 3713 4033 snceutiuut,adeoqnc

2148 4071 2233 4109 res
2267 4055 2539 4109 Rutilanas
2595 4055 2788 4109 collabi
2853 4055 3050 4109 misere
3107 4056 3185 4108 uti
3232 4070 3353 4124 qum
3408 4056 3462 4108 in
3515 4065 3716 4111 teneras

2147 4147 2437 4201 admodum
2466 4147 2646 4201 artatis
2697 4161 2860 4200 manu
2889 4146 3007 4201 sita:
3056 4147 3256 4209 fort-nt,
3317 4147 3372 4200 in
3418 4147 3713 4202 amicitiam

2147 4251 2337 4291 eorum
2370 4237 2715 4307 imperatoris
2759 4238 3131 4292 ministrorum
3167 4248 3221 4291 et
3248 4238 3713 4294 cubiculariorum

2150 4343 2209 4382 sc
2238 4328 2501 4391 insinuat,
2542 4329 2634 4398 qui
2675 4330 2951 4399 pratcipua
2988 4330 3274 4401 complecti
3333 4329 3714 4386 benevolentia

2155 4420 2541 4485 imperatorem
2591 4421 2932 4475 viderentur.
2979 4421 3113 4475 Cum
3167 4422 3252 4475 bis
3300 4425 3718 4477 communicatis

2150 4510 2383 4564 occultis
2415 4509 2679 4574 conSiliis,
2713 4526 2878 4580 reque
2922 4510 3219 4565 deliberata
3260 4520 3315 4565 et
3342 4512 3716 4568 fraudulenter

2148 4598 2437 4659 instructa,
2472 4598 2817 4669 tyrannidem
2843 4610 3030 4669 aperta
3057 4601 3105 4653 vi
3140 4601 3316 4656 moliri
3341 4618 3398 4657 se
3425 4604 3718 4656 simulabat

2149 4696 2206 4741 et
2229 4687 2294 4741 ad
2328 4688 2664 4743 invasionem
2695 4690 2815 4760 ejus
2839 4691 3065 4746 classem
3092 4691 3399 4744 universam
3425 4692 3716 4747 adducere.

2149 4779 2267 4845 Quo
2299 4779 2498 4834 factum
2528 4789 2609 4834 est
2642 4790 2702 4833 ut
2729 4797 2916 4834 rumor
2944 4782 3097 4837 dirus
3118 4783 3173 4835 in
3205 4783 3383 4835 aulam
3408 4781 3719 4837 deferretur

2150 4881 2205 4925 et
2228 4870 2464 4925 universi
2495 4873 2815 4941 gravissimo
2837 4882 3045 4927 terrore
3062 4875 3514 4942 percellerentur,
3544 4875 3719 4929 d0uee

2153 4959 2372 5015 tandem
2402 4976 2583 5015 rerum
2615 4963 2975 5016 humanarum
3008 4965 3348 5027 vicissitudo,
3379 4981 3499 5034 qlia:
3537 4970 3716 5020 omnia

2153 5051 2292 5105 solet
2331 5050 2645 5118 immutare,
2676 5054 2985 5107 Romanum
3014 5055 3080 5107 ad
3145 5057 3325 5108 aulam
3376 5056 3720 5127 imperatoris

2157 5145 2397 5198 traduxit
2447 5146 2594 5212 velut
2628 5146 2692 5199 ad
2731 5147 3085 5215 tranquillum
3138 5148 3429 5217 quemdam
3479 5161 3715 5218 portum.

2154 5234 2286 5288 Nam
2328 5236 2626 5305 imperator
2681 5254 2710 5291 a
2767 5239 3057 5309 prmcipuis
3091 5241 3422 5295 consiliariis
3458 5242 3573 5296 suis
3633 5245 3716 5295 vel

2157 5332 2337 5395 jotius
2361 5331 2777 5385 insidiatoribus
2803 5349 3096 5400 persuasus
3127 5336 3430 5389 llnmatmm
3463 5346 3718 5407 utiquam

2153 5423 2387 5477 amicum
2423 5440 2582 5477 suum
2629 5424 2695 5477 ad
2733 5425 3157 5480 familiaritatem
3195 5427 3455 5493 admittit,
3485 5444 3722 5498 eumque

1834 5539 2030 5601 Varia)
2077 5540 2402 5627 lectiones.

549 5667 598 5701 ’⁵
633 5662 924 5733 σκαιωρῶν
962 5665 1025 5715 Α.

482 5735 671 5808 μέριαι
695 5737 760 5789 ll.

1104 5663 1151 5695 "
1183 5662 1452 5731 ἐξήγαγεν
1482 5666 1545 5719 Λ.

835 5734 850 5762 ι
894 5731 1174 5801 πορφύρας
1215 5732 1277 5784 κ,
1354 5735 1373 5762 ¹
1409 5735 1596 5800 βιαίως
1627 5740 1688 5789 Λ.

797 5825 1061 5883 Parnoc.
1110 5822 1222 5879 Gn.
1272 5823 1555 5882 CXXV”;

1768 5738 1786 5767 ι
1822 5741 1905 5774 ξς.
1942 5738 1983 5787 Α

1822 5774 1909 5787 ων.-

1822 5774 1909 5789 ων..
1942 5774 2005 5789 ιι.

1622 5670 1669 5698 ’⁸
1705 5685 1759 5734 γ.
1797 5667 2019 5729 ὁπλίτας
2043 5666 2242 5736 ἄνδρας
2281 5666 2412 5732 ἀγκ.
2454 5668 2518 5736 Λ,
2592 5668 2636 5699 ⁹⁷
2669 5670 2843 5723 εἰπεῖν
2886 5672 2949 5726 Δ.

2082 5741 2099 5770 δ
2140 5735 2461 5789 παιζίνπλοια
2496 5735 2561 5791 Β.

3027 5670 3071 5703 ’⁸
3101 5672 3468 5740 καταχαλκοῖῗ
3535 5674 3580 5706 ³³)
3610 5690 3723 5741 χει-

3263 5831 3332 5887 lle
