4122 6212
448 418 606 472 Εἴποι
632 431 714 477 τις
749 413 813 467 ἀν
844 413 945 466 οὐκ
967 410 1178 483 ἀφυῶς,
1202 410 1319 465 ἀλλ’
1352 408 1458 464 οὐδ’
1484 410 1861 480 ἁχαριτώτως,

444 507 708 579 Τροχίλον
742 506 770 557 6
802 503 1170 576 κροκόδειλος,
1196 502 1229 572 ἡ
1260 502 1425 556 πίννα
1454 501 1543 555 τὸν
1580 503 1863 572 καρκίνον.

454 600 517 653 '0
546 595 728 653 τοίνυν
770 597 921 650 Λέων
944 598 972 649 6
1009 592 1225 657 Φωκᾶς,
1255 587 1316 647 οὗ
1346 592 1611 664 πρότερον
1632 587 1934 662 ἐμνήσθην,

444 692 547 744 Τὸν
594 686 875 757 Ῥωμανδυ
906 686 1252 755 κατάρχοντα
1280 681 1467 755 μαθὼν
1490 685 1585 735 τοῦ
1608 682 1878 753 βασιλέως

446 782 555 836 Kal.
581 780 816 849 φέροντα
839 776 935 831 καὶ
954 777 1260 848 στρέφοντα
1292 775 1427 845 πρὸς
1439 775 1498 828 τὸ
1518 774 1712 828 δοκοῦν
1734 775 1809 839 ὡς
1835 774 2022 830 δοῦλον

441 874 548 926 Τὸν
585 873 799 926 ἄνακτα
830 870 921 922 τὸν
954 868 1159 923 ἁπαλὸν
1181 870 1403 939 ὅρπηκα
1426 867 1525 938 τῆς
1548 866 1857 937 πορφύρας,

453 965 794 1035 Ἐσκήπτετο
826 961 1191 1016 παθαίνεσθαι
1223 961 1384 1033 δῆθεν
1406 960 1548 1031 ὑπὲρ
1573 960 1783 1014 ἐκείνου

443 1058 554 1111 Καὶ
584 1058 677 1110 τὸν
701 1055 933 1127 στρατὸν
969 1056 1050 1118 είς
1077 1054 1296 1125 ἄμυναν
1329 1052 1487 1122 ἄγειν
1518 1054 1734 1117 εὐνοίας
1769 1053 1940 1123 νόμῳ,

442 1150 515 1205 Τὸ
535 1150 580 1204 δ’
607 1149 807 1221 ἀληθὲς
836 1149 915 1210 εἰς
944 1147 1140 1201 ἑαυτὸν
1160 1146 1440 1216 ἐφείλκετο
1464 1147 1523 1199 τὸ
1553 1147 1774 1217 κρόκος.

454 1242 593 1297 Ἀλλ’
626 1243 654 1295 6
683 1241 1052 1313 δρασσόμενος
1089 1240 1288 1309 σοφοὺς
1320 1240 1413 1292 ἐπὶ
1450 1239 1570 1301 ταῖς
1588 1241 1951 1310 πανουργίαις

440 1333 553 1387 Kal.
580 1331 831 1402 στρέφων
853 1327 1135 1383 διλϐούλια
1172 1329 1268 1381 καὶ
1313 1327 1381 1381 τά
1409 1329 1628 1400 κρυπτὰ
1657 1332 1946 1397 γινώσκων

443 1426 558 1488 Τάς
590 1423 843 1495 μηχανὰς
873 1421 967 1475 τοῦ
1003 1422 1234 1485 Λέοντος
1270 1421 1350 1485 είς
1380 1422 1691 1475 τούναντίον
1716 1423 1934 1494 τρέπει,

442 1515 553 1568 Kal
586 1515 750 1577 λύκος
783 1513 963 1583 μάτην
985 1510 1235 1583 ἐγχανὼν
1270 1512 1299 1564 6
1332 1513 1486 1565 Λέων
1519 1513 1851 1583 ἐγνωρίσθη.

444 1605 579 1669 Ταῖς
605 1605 715 1675 γάρ
738 1605 957 1675 βουλαῖς
977 1603 1069 1655 τοῦ
1092 1603 1378 1674 Ῥωμανοῦ
1405 1605 1724 1675 πειθόμενος
1749 1608 1777 1659 6
1798 1606 2019 1677 κράτωρ

444 1700 668 1772 Γραφὴν
697 1699 965 1770 ῖρυῦροσή
977 1715 1178 1768 μαντον
1198 1698 1335 1768 πρὸς
1357 1698 1449 1753 τδν
1463 1699 1693 1771 στρατὸν
1715 1700 2013 1769 ἐκπέμπει.

444 1793 885 1863 Κατηγοροῢσαν
919 1790 996 1861 τῷ
1023 1791 1189 1862 Φωκᾷ
1210 1790 1479 1861 πρόδηλον
1505 1792 1820 1861 τυραννίδα,

445 1883 536 1953 Τῷ
572 1881 840 1951 Ῥωμανῷ
874 1881 929 1934 δὲ
971 1880 1185 1948 τάγαθά
1210 1882 1863 1954 προσεπιμαρτυροῦσαν.

458 1973 740 2029 Ἐντεῦθεν
771 1973 970 2043 φύρσις
997 1972 1073 2041 τῷ
1093 1973 1308 2043 στρατῷ
1338 1975 1681 2046 κακόχαρτος
1712 1979 1807 2029 καὶ
1835 1976 1991 2048 ζάλῃ,

446 2069 555 2122 Kal
582 2065 791 2127 κολοιὸς
822 2064 1145 2133 ξενόπτερος
1168 2060 1236 2133 ἦν
1263 2064 1291 2115 6
1321 2065 1514 2129 Φωκᾶς
1542 2068 1570 2119 ὁ
1591 2067 1741 2119 Λέων
1770 2085 1783 2099 .

444 2156 557 2227 Τὴν
582 2155 690 2224 γὰρ
716 2152 935 2223 γραφὴν
962 2151 1056 2206 τοῦ
1076 2154 1365 2225 κράτορος,
1394 2148 1573 2223 οἶμαι,
1599 2155 2015 2226 δυσωπηθέντες

448 2249 689 2317 ρεφυγρν
714 2244 935 2309 πάντες,
968 2242 1175 2315 ἔρημον
1208 2244 1298 2296 τὶν
1319 2243 1503 2297 ἀθλιον
1533 2244 1800 2309 λιπόντες.

443 2340 746 2408 Ζωγρεῖται
781 2334 960 2387 τοίνυν
982 2335 1010 2387 6
1029 2334 1223 2397 Φωκᾶς
1248 2336 1341 2388 καὶ
1368 2334 1653 2391 σϐέννυται
1676 2339 1781 2400 τὰς
1820 2341 1986 2408 κόρας

443 2430 557 2485 Kal.
569 2428 794 2500 λύχνους
824 2427 952 2490 τοὺς
982 2426 1090 2479 τῶν
1110 2425 1403 2497 ὁφθαλμων
1428 2428 2013 2501 τυφλότητιζοφοῦται,

442 2523 552 2577 Kal
583 2520 744 2573 πάλιν
772 2514 841 2589 ἦν
872 2519 901 2570 6
938 2515 1218 2587 Ῥωμανδς
1241 2517 1390 2586 ἄγων
1421 2519 1516 2572 καὶ
1545 2519 1727 2591 φέρων
1744 2522 1944 2578 πάντα.

514 2612 661 2683 Πλὴν
693 2596 807 2663 ἀλλ⁴
836 2608 911 2672 ὠς
958 2609 1144 2678 μήτηρ
1169 2608 1477 2673 πιστευθεὶς
1497 2608 1594 2681 τὴν
1641 2610 1886 2682 φυλακην
1920 2612 2013 2665 τοῦ

1797 2704 1941 2770 [νέου

443 2799 650 2868 Ατφνης
674 2796 849 2866 ἐφάνη
879 2792 1120 2866 μητρυιά
1146 2792 1372 2855 δύσνους
1403 2793 1517 2848 ἀντ’
1539 2793 1852 2860 εύνοούσης,

445 2891 556 2947 Kal
576 2889 734 2945 τοῦτο
751 2889 813 2943 τὸ
840 2887 1159 2959 λεγόμενον,
1195 2887 1486 2941 ἀποσοΰῶν
1508 2888 1631 2951 τοὺς
1666 2887 1885 2952 λύκους,

445 3132 554 3178 tam
574 3122 699 3176 vita:
724 3134 884 3191 quam
907 3118 1124 3189 imperii
1155 3118 1239 3174 sui
1272 3117 1554 3174 custodem
1582 3134 1645 3175 ac
1666 3120 2013 3176 defensorem
2039 3098 2084 3160 (ἶ

443 3213 746 3278 renuntiat,
819 3210 1134 3267 crocodilus
1182 3209 1394 3265 scilicet
1459 3210 1786 3277 trochilum,
1847 3213 2015 3281 pinna

442 3324 701 3366 cancrum
742 3327 755 3363 :
782 3323 908 3363 nam
938 3308 1014 3362 ita
1036 3322 1144 3362 non
1175 3306 1361 3376 inepte
1393 3321 1496 3361 nec
1535 3307 1868 3378 ineleganter
1891 3309 2018 3379 quis

443 3402 512 3457 de
543 3400 649 3456 hoc
702 3397 846 3454 facto
908 3396 1374 3467 pronuntiaverit.
1416 3397 1607 3467 Itaque
1633 3398 1745 3454 Leo
1785 3400 2015 3466 l’hocas,

442 3493 602 3565 cujus
638 3490 976 3546 mentionem
1009 3488 1171 3543 modo
1200 3488 1560 3553 faciebamus,
1598 3489 1878 3546 intellecto
1912 3491 2022 3544 im~

444 3594 757 3656 peratorem
780 3598 809 3635 a
839 3579 1088 3635 Romano
1118 3581 1231 3651 regi
1246 3596 1347 3636 ceu
1370 3581 1704 3651 mancipium
1717 3582 2015 3652 quoddam,

443 3690 557 3746 pra:
581 3687 639 3727 se
668 3671 876 3725 ferebat
901 3670 1054 3739 quasi
1078 3660 1198 3724 eam
1218 3685 1332 3724 rem
1355 3671 1588 3725 moleste
1615 3669 1783 3725 ferret
1808 3672 2021 3725 animo-

444 3776 555 3830 que
600 3757 869 3812 benevolo
893 3759 1081 3825 copias
1114 3759 1233 3827 ejus
1266 3758 1600 3813 defendendi
1638 3774 1800 3814 causa
1829 3774 2014 3814 secum

444 3850 764 3914 adduceret,
796 3862 920 3900 cum
970 3862 1160 3916 reapse
1212 3848 1503 3917 imperium
1569 3850 1676 3904 sibi
1722 3860 2013 3920 quaereret.

445 3939 557 3995 Sed
579 3938 727 3994 enim
775 3937 822 3993 is
845 3937 938 4007 qui
977 3937 1206 3992 callidos
1252 3938 1307 3991 in
1342 3939 1584 3994 versutia
1616 3954 1717 3996 sua
1755 3942 1902 4011 capit
1960 3952 2016 3997 et

445 4030 673 4085 consilia
719 4027 943 4082 invertit
975 4036 1298 4098 secretaque
1339 4028 1641 4099 cognoscit,
1705 4030 2017 4087 molitiones

446 4120 649 4176 Leonis
683 4118 738 4173 in
794 4117 1080 4173 contraria
1124 4118 1317 4185 vertit,
1358 4118 1594 4191 ideoque
1654 4120 1766 4175 Leo
1811 4120 2014 4177 frustra

447 4225 560 4263 rem
582 4221 867 4277 aggressus
900 4204 1076 4259 hianti
1116 4206 1246 4276 lupo
1278 4206 1476 4262 similis
1519 4207 1695 4262 faetus
1724 4219 1826 4263 est.
1857 4209 2013 4279 113

442 4300 577 4354 Nam
616 4298 844 4352 Romani
876 4297 1125 4352 consiliis
1154 4297 1541 4368 obtemperans
1584 4300 1884 4369 imperator
1926 4302 2015 4355 lit-

1605 302 2114 366 CONSTANTINI
2159 308 2534 368 MANASSIS

3585 312 3693 379 428

2042 422 2085 476 Α
2121 417 2236 471 Ἵνα
2263 420 2324 471 τὸ
2346 419 2619 488 πρόϐατον
2640 417 2801 481 αὐτὸς
2835 391 3137 490 σπαράττοι
3167 421 3262 475 καὶ
3291 419 3535 492 θοινῷτο.

2134 508 2192 560 ’0
2233 506 2336 575 μὲν
2364 508 2472 577 γάρ
2501 505 2638 571 ἀναξ
2671 507 2952 577 Ῥωμανδν
2984 506 3174 562 εὔνουν
3208 508 3439 580 νομίσας
3469 504 3609 563 εἶναι

2122 599 2233 651 Kal.
2270 598 2549 669 κηδεμόνα
2581 598 2680 666 τῆς
2732 598 2878 667 ζωῆς
2913 599 3011 650 καὶ
3057 598 3302 669 τηρητὴν
3332 600 3429 653 τοῦ
3460 600 3696 670 κράτους

2123 689 2323 761 Πρῶτα
2359 690 2460 758 μὲν
2492 690 2794 758 μάγιστρον
2829 690 2849 721 ⁵
2877 690 3034 758 τιμᾷ,
3079 691 3252 760 μέγαν
3284 692 3694 760 έταιρειάρχην,

2123 780 2257 837 Εἶτα
2284 784 2352 853 τῇ
2392 781 2516 851 δόξῃ
2562 779 2880 851 προστιθεὶς
2921 779 3088 848 ἀλλην
3132 779 3359 850 μείζονα
3396 781 3555 845 δόξαν

2123 874 2234 927 Kal
2274 874 2411 944 πρὸς
2454 874 2769 943 ἀκρώρειαν
2810 870 2959 941 ὑψῶν
3005 872 3068 922 ὲκ
3109 872 3217 924 τῶν
3251 872 3696 945 χθαμαλωτὲρων

2122 963 2343 1032 Πατέρα
2381 962 2474 1015 καὶ
2502 962 2829 1033 προφύλακα
2860 963 3006 1013 ποιεῖ
3037 962 3130 1029 τῆς
3160 961 3462 1031 βασιλείας.

2123 1054 2232 1107 Καὶ
2263 1052 2424 1105 πλέον
2453 1051 2817 1121 ἐφελκόμενος
2850 1050 2942 1102 τὸν
2974 1050 3253 1119 Ῥωμανδν
3294 1054 3373 1114 εἰς
3405 1053 3629 1123 φίλτρον

2134 1145 2405 1216 Ἐχέγγυα
2435 1145 2720 1215 προγάμια
2760 1144 2911 1213 νέμει
2961 1146 3025 1213 τῇ
3058 1142 3252 1197 τούτου
3289 1147 3447 1218 κόρῃ.

2126 1238 2268 1309 Ἤδη
2290 1238 2345 1291 δὲ
2376 1237 2708 1306 γαμοδαίσια
2746 1235 2957 1306 μέλλων
2985 1235 3086 1305 τῆς
3121 1235 3344 1306 νύμφης
3380 1236 3551 1299 θύειν,

2123 1331 2233 1384 Kal
2254 1331 2343 1382 τὸν
2375 1329 2815 1399 γυναικοπὰτορα
2839 1326 3106 1397 κράτορος
3140 1327 3329 1396 στέφει
3369 1329 3551 1396 στέφει
3580 1333 3623 1382 ⁸.

2121 1422 2309 1475 Ταῦτα
2343 1421 2441 1491 μὲν
2484 1419 2574 1474 οὖν
2608 1422 2635 1472 ὀ
2667 1418 2918 1489 βασιλεὺς
2956 1420 3035 1480 είς
3074 1417 3351 1488 Ῥωμανὸν
3377 1420 3571 1485 ἐποίει,

2133 1490 2370 1564 Ἐκεῖνον
2403 1510 2784 1580 ἐφελκόμενος,
2820 1509 2894 1572 ὡς
2916 1506 3074 1577 ᾤετο,
3120 1510 3254 1580 πρὸς
3287 1490 3557 1579 φίλτρον.⁴

2136 1603 2194 1656 '0
2228 1601 2284 1655 δὲ
2311 1601 2575 1672 βαθύνους
2616 1598 2895 1669 Ῥωμανὸς
2932 1597 3103 1651 πολλὰ
3128 1598 3566 1669 βυσσοδομεύσας

2123 1691 2233 1742 Καὶ
2261 1690 2672 1759 κρατυνάμενος
2707 1687 2857 1758 αύτῷ
2890 1687 3154 1742 πάντοθεν
3191 1690 3260 1740 τά
3298 1687 3393 1741 τοῦ
3432 1689 3693 1759 κράτους,

2048 1761 2090 1815 Β
2133 1781 2220 1841 Ὠς
2248 1778 2460 1848 βασιλεί
2490 1779 2510 1808 ⁷
2547 1776 2622 1839 ὡς
2660 1777 2853 1831 ἄνακτι
2899 1774 3092 1841 ζεύξας
3125 1775 3224 1845 τὴν
3253 1773 3545 1846 θυγατέρα,

2131 1871 2224 1923 Ἐκ
2250 1869 2343 1923 τοῦ
2376 1867 2653 1939 τετρώρου
2684 1869 2785 1939 τῆς
2816 1871 2989 1941 ἀρχῆς
3022 1868 3164 1939 φεῦί
3197 1866 3295 1937 τῆς
3319 1867 3340 1899 ⁸
3380 1883 3679 1920 παπποπα-

3418 1959 3617 2031 [τρῴας

2117 2060 2221 2111 Τὸν
2254 2057 2736 2130 πορφυρόὸλαστον
2769 2056 3019 2128 γαμὸρδν
3054 2053 3335 2125 κύμϐαχον
3366 2053 3688 2125 ἐκδιφρίζει,

2116 2152 2227 2206 Καὶ
2258 2152 2423 2221 μόνον
2453 2150 2826 2221 χαρισάμενος
2857 2150 3028 2218 δνομα
3058 2147 3339 2217 βασιλείας

2119 2243 2207 2312 Τῷ
2236 2244 2490 2314 δυστυχεῖ
2515 2247 2607 2296 καὶ
2637 2241 2913 2310 δυστυχῶς
2945 2240 3108 2293 αὑτὸν
3140 2237 3574 2309 προσλαϐομένῳ

2116 2337 2292 2399 Abte;
2320 2333 2758 2405 ὲπῦ.αμ6ἀνεται
2787 2335 2887 2402 τῆς
2922 2333 3338 2404 ἡνιοστροφίας,

2117 2429 2226 2483 Kal.
2257 2427 2511 2500 βασιλεὺς
2544 2430 2571 2481 6
2616 2427 2897 2498 Ῥωμανδς
2926 2428 3029 2480 κάν
3056 2427 3178 2489 ταῖς
3213 2425 3474 2479 ἀπάντων
3505 2423 3683 2492 γλώτ-

3450 2515 3614 2588 [σαις,

2127 2615 2184 2667 '0
2226 2614 2632 2676 Κωνσταντῖνος
2662 2611 2707 2663 δ’
2737 2608 2997 2681 οὐδαμοῦ·
3032 2608 3169 2679 τύχη
3197 2609 3306 2681 γὰρ
3331 2608 3573 2662 ὲνεκότει

2116 2709 2228 2760 Kal.
2274 2703 2685 2761 κατεκάλυπτεν
2715 2702 2882 2755 αὑτὸν
2906 2700 3095 2770 ὥσπερ
3134 2701 3340 2771 ἀστέρα
3362 2700 3542 2767 νέφος.

2116 2800 2226 2853 Ναὶ
2258 2797 2364 2868 μὴν
2398 2798 2478 2860 είς
2513 2796 2674 2867 κόρον
2701 2796 2984 2865 μετασχὼν
3013 2792 3267 2862 τοιαύτης
3290 2791 3592 2862 ἀμϐροσίας

2116 2892 2191 2943 ού
2225 2890 2387 2960 μέχρι
2408 2886 2614 2941 τούτων
2648 2884 2844 2957 ἔστησε
2865 2885 2927 2938 τὸ
2949 2882 3263 2953 λαίμαργον
3299 2882 3401 2951 τῆς
3436 2879 3682 2949 γνώμης.

3361 3008 3515 3065 Vers.
3545 3006 3685 3062 5384

2120 3123 2504 3197 probabataet
2524 3121 2670 3193 quod
2706 3120 3001 3191 proverbio
3036 3119 3142 3174 dici
3192 3115 3492 3180 consuevit,
3528 3116 3684 3186 lupos

2123 3216 2364 3272 terrebat
2392 3224 2447 3270 et
2477 3214 2750 3284 abigebat,
2781 3223 2841 3269 ut
2864 3228 3019 3267 ovem
3040 3211 3156 3282 ipse
3186 3210 3561 3265 dilaniaretac
3588 3207 3685 3259 de-

2119 3315 2357 3362 voraret.
2394 3304 2698 3376 lmperator
2731 3304 2878 3358 enim
2929 3313 3082 3359 ratus
3111 3317 3315 3372 cupere
3352 3300 3457 3355 sibi
3486 3299 3684 3354 Roma-

2119 3413 2249 3451 num
2274 3411 2436 3467 quam
2461 3395 2866 3459 honestissime,
2905 3395 3154 3464 adeoque
3176 3395 3355 3447 virum
3383 3390 3534 3445 illum
3577 3389 3684 3442 imp

2118 3487 2259 3559 perii
2305 3488 2389 3542 sui
2419 3496 2709 3556 patronum
2739 3495 2796 3539 et
2844 3494 3286 3539 conservatorem
3330 3495 3473 3547 esse,
3507 3479 3685 3549 primo

2120 3580 2443 3651 magistrum
2470 3587 2622 3634 creat
2659 3587 2714 3633 et
2761 3592 3016 3648 magnum
3058 3575 3336 3632 societatis
3374 3571 3680 3643 praesident.

2118 3672 2329 3727 Deinde
2361 3670 2492 3725 huic
2514 3669 2768 3741 dignitati
2794 3669 3059 3738 majorem
3091 3668 3252 3722 aliaat
3280 3666 3566 3737 adjiciens,
3586 3662 3683 3717 de-

2116 3779 2225 3833 que
2262 3761 2456 3818 humili
2501 3760 2815 3817 conditione
2866 3759 3169 3812 Romanum
3207 3757 3273 3812 ad
3311 3756 3571 3810 verticem
3603 3769 3686 3809 rc-

2118 3873 2240 3911 rum
2277 3857 2519 3912 evehens
2551 3894 2566 3920 ,
2623 3862 2835 3924 patrem
2874 3861 2931 3908 et
2997 3850 3278 3905 custodem
3338 3846 3686 3918 imperatoris

2116 3959 2419 4021 nuncupat.
2447 3950 2694 4019 Denique
2732 3949 2923 4003 artiori
2966 3946 3171 4000 amoris
3196 3943 3416 3998 vinculo
3458 3942 3562 3996 sibi
3588 3941 3687 3995 ho-

2118 4042 2322 4096 minem
2340 4041 2666 4113 adjungens.
2687 4039 2962 4109 sponsalia
2979 4052 3102 4092 cum
3114 4038 3232 4107 ejus
3248 4034 3356 4088 lilia
3371 4032 3679 4095 contrahit;

2112 4133 2333 4204 jamque
2356 4131 2581 4200 nuptias
2609 4129 2993 4184 et-lebraturus
3027 4141 3278 4182 socerum
3329 4123 3683 4193 imperatoria

2116 4240 2320 4280 corona
2369 4222 2610 4277 redimit.
2661 4220 2787 4279 Hrec
2815 4218 3163 4290 imperatoris
3191 4226 3350 4271 erant
3394 4216 3448 4270 in
3480 4214 3681 4269 Roma-

2116 4331 2247 4370 nqu
2275 4314 2561 4376 beneficia,
2590 4311 2794 4382 quibus
2834 4327 2960 4367 eum
2994 4325 3053 4365 se
3088 4309 3315 4380 putabat
3342 4308 3411 4363 ad
3443 4321 3683 4362 amorem

447 4401 591 4445 teras
617 4388 833 4442 rubrica
855 4388 1193 4457 subscriptas
1215 4388 1282 4441 ad
1317 4388 1618 4443 exetcitum
1673 4390 1860 4454 mittit,
1893 4390 2015 4459 qui-

2117 4407 2204 4463 sui
2230 4406 2617 4460 excitaturum.
2644 4404 2711 4457 At
2736 4403 2953 4457 occulto
2983 4403 3248 4472 praeditus
3277 4400 3459 4454 animo
3485 4400 3684 4453 Roma-

446 4481 552 4535 bus
579 4488 822 4549 apertam
852 4480 1046 4534 l'boca:
1078 4478 1421 4550 tyrannidem
1458 4481 1750 4535 accusabat
1777 4491 1833 4535 et
1859 4496 2033 4551 egre--

442 4572 591 4644 gium
625 4572 869 4626 Romano
904 4570 1280 4625 testimonium
1321 4571 1668 4639 perhibebat.
1696 4570 1833 4626 Tum
1882 4586 2013 4626 vero

443 4679 637 4734 magna
666 4662 811 4718 inter
839 4663 1041 4717 milites
1085 4662 1217 4716 oriri
1256 4662 1618 4732 perturbatio,
1650 4671 1707 4717 et
1732 4662 1843 4717 Leo
1872 4663 2015 4717 Pho-

448 4772 542 4812 cas
571 4771 695 4810 mox
718 4755 972 4825 graculus
1012 4753 1101 4808 ille
1136 4753 1337 4824 plumis
1378 4753 1574 4808 alienis
1614 4764 1842 4809 ornatus
1871 4754 2011 4810 fieri.

442 4850 655 4919 Quippe
678 4847 919 4901 universi
952 4846 1166 4901 litteras
1212 4845 1617 4915 imperatorias,
1663 4856 1723 4901 ut
1756 4846 2011 4912 arbitror,

442 4938 692 5002 reveriti,
727 4937 928 4991 misero
974 4934 1155 4990 Phoca
1181 4934 1421 5001 deserto,
1451 4932 1825 5005 aufugiebant.
1858 4934 2017 4989 Venit

442 5042 574 5099 ergo
600 5026 760 5082 vivus
785 5025 840 5080 in
871 5024 1111 5080 hostium
1137 5031 1487 5094 potestatem,
1513 5033 1570 5078 et
1602 5024 1779 5079 oculis
1812 5024 2016 5093 spolia-

442 5130 498 5176 tu
506 5137 550 5175 ι’.
1490 5188 1509 5194 Ψ

512 5213 596 5268 Ex
650 5227 717 5268 eo
753 5220 998 5282 tempore
1046 5221 1243 5268 cuncta
1288 5226 1386 5282 per
1419 5210 1725 5265 Romanum
1776 5209 2013 5263 admini-

441 5306 626 5369 strari,
657 5304 751 5373 qui
784 5314 1003 5373 recepta
1038 5305 1094 5358 in
1117 5319 1176 5359 se
1212 5302 1431 5375 juvenis
1453 5304 1720 5366 custodia,
1756 5312 2011 5371 tanquam

442 5400 486 5455 si
524 5407 697 5455 mater
718 5397 837 5469 ejus
865 5407 1031 5463 esset,
1065 5397 1249 5453 subito
1294 5414 1353 5454 se
1409 5411 1705 5454 novercam
1757 5397 2010 5452 hostilem

2112 4513 2237 4564 nus,
2270 4498 2439 4550 multa
2472 4510 2573 4549 suo
2598 4494 2766 4550 corde
2795 4502 2984 4565 tegens
3003 4502 3057 4549 et
3083 4493 3152 4547 ab
3183 4493 3330 4547 omni
3366 4498 3521 4560 parte
3552 4488 3685 4543 sibi-

2113 4598 2227 4643 met
2280 4586 2572 4657 imperium
2624 4584 2934 4648 stabiliens,
2993 4594 3053 4637 ut
3106 4583 3201 4653 qui
3225 4584 3337 4653 jam
3385 4584 3685 4650 imperator

2112 4690 2259 4735 esset
2283 4694 2348 4734 ac
2376 4678 2725 4749 imperatoris
2764 4693 2942 4740 socer,
2974 4686 3161 4731 natum
3213 4675 3268 4729 in
3317 4686 3558 4743 purpura
3591 4686 3683 4741 ge-

2113 4787 2310 4827 nerum
2346 4771 2565 4825 tandem
2596 4769 2743 4824 avito
2766 4771 3075 4839 patritoque
3120 4764 3354 4834 imperio
3384 4762 3591 4832 dejicit,
3625 4772 3682 4815 et

2114 4863 2232 4919 solo
2262 4862 2609 4933 imperatoris
2640 4861 2717 4917 illi
2746 4860 2967 4916 nomine
3006 4859 3198 4912 relicto
3226 4855 3681 4928 gubernationem

2114 4955 2427 5010 universam
2462 4954 2517 5008 in
2545 4969 2603 5010 se
2645 4951 2926 5008 transfert.
2967 4950 3157 5018 Itaque
3186 4949 3469 5003 Romanus
3495 4948 3683 5016 impe-

2115 5055 2264 5102 rator
2292 5046 2552 5103 omnibus
2580 5055 2699 5102 erat
2742 5046 2798 5100 in
2828 5058 2924 5099 ore
2954 5085 2969 5111 ,
3003 5041 3405 5098 Constantinus
3442 5040 3685 5105 nemini;
3719 5029 3722 5031 λ

2115 5136 2206 5191 cui
2257 5137 2470 5193 scilicet
2512 5138 2898 5193 adversaretur
2935 5136 3176 5197 fortuna,
3241 5148 3518 5204 quemque
3573 5146 3681 5185 non

2114 5230 2278 5285 aliter
2299 5230 2623 5286 obscuraret
2670 5242 2834 5300 atque
2861 5230 3039 5285 nubes
3063 5228 3275 5284 stellam
3307 5227 3559 5281 occulere
3590 5239 3681 5277 so-

2113 5319 2209 5374 let.
2253 5318 2396 5385 Quin
2426 5320 2593 5375 etiam
2632 5321 2912 5376 Romanus
2950 5321 3053 5375 hac
3092 5318 3369 5374 ambrosia
3398 5316 3584 5370 fruens
3612 5312 3681 5365 ad

2112 5410 2422 5466 satietatem
2453 5425 2628 5481 usque
2661 5426 3007 5482 nequaquam
3041 5411 3131 5467 hic
3153 5408 3323 5465 animi
3351 5406 3435 5463 sui
3464 5400 3685 5461 libidini

1794 5572 2002 5634 Vat-ite
2038 5573 2371 5638 lectiones.

513 5714 535 5746 ⁸
563 5714 824 5787 μάῖστρον
849 5712 910 5766 Δ.
988 5716 1017 5747 ⁸·
1038 5712 1231 5783 στέφος
1259 5713 1441 5783 στέφει
1472 5721 1534 5768 A.
1612 5715 1629 5744 '
1658 5714 1905 5786 βασιλεὺς
1934 5713 2045 5768 AR.

2122 5718 2266 5779 ’τὰς
2296 5718 2363 5770 Δ.
