4138 6216
402 395 530 448 Υίδν
568 392 614 447 δ’
663 393 791 449 ἰδεῖν
833 390 1154 464 εὐτυχηκὼς
1197 389 1329 453 ἰδίας
1359 388 1419 454 ἐξ
1446 388 1669 459 ὀσφύος,
1879 446 1884 453 ,

411 488 508 551 Ὃς
541 484 602 550 ἐξ
642 484 868 553 Ἑλένης
909 480 1194 552 Ῥωμανού
1224 480 1322 550 τῆς
1349 479 1619 550 θυγατρὸς
1651 480 1837 549 ἐξέφυ,

405 579 786 651 Κατονομάζει
832 575 1133 646 Ῥωμανόν.
1185 574 1486 629 Ἐλάσαντα
1511 575 1556 628 δ’
1594 576 1675 638 είς
1702 574 1845 646 ἥϐην

404 675 518 729 Kal
548 672 764 743 γαμετῇ
793 665 1143 736 συζεύγνυσι,
1179 669 1274 720 καὶ
1304 666 1507 737 βλέψας
1529 665 1649 719 υίοῦ
1682 666 1843 735 γόνον

402 763 681 817 Βασίλειον
717 759 810 813 τὸν
842 758 1102 828 μέγιστον
1156 758 1250 811 ἐπὶ
1301 759 1745 830 προπαιουχίαις,

404 857 513 908 Kal
544 852 744 924 βρέφος
784 849 1122 916 ἐπαγκάλιον
1170 851 1217 881 ’⁸
1268 849 1544 920 βαστάσας
1579 850 1671 903 τὸν
1703 850 1983 919 τοσοῦτον,

405 948 515 1002 Kal
574 946 737 999 πέντε
766 942 994 1015 χρόνους
1047 941 1336 1013 μετασχὼν
1379 943 1474 996 τοῦ
1505 943 1742 1013 κράτους
1776 943 1983 999 ἀθολώ-

1602 1068 1613 1102 ;
1692 1031 1806 1104 [του
1840 1034 1909 1098 ⁸⁸,

402 1130 511 1183 Kal
540 1129 747 1199 μέλλων
781 1129 1113 1184 ἀπολύεσθαι
1142 1127 1253 1182 τῶν
1300 1126 1543 1197 φυσικῶν
1579 1126 1915 1197 συνδέσμων,

411 1210 738 1277 Αὐτάνακτα
778 1223 1069 1292 καθίστησι
1094 1219 1185 1274 τὸν
1226 1219 1508 1289 Ῥωμανδν
1529 1218 1622 1271 τὸν
1647 1220 1835 1273 παῖδα.

486 1313 626 1366 Ἀλλ’
654 1307 807 1376 οὗτος
840 1312 1062 1366 ἃπασαν
1086 1310 1268 1380 ἰσχὺν,
1302 1308 1524 1362 ἅπασαν
1553 1308 1876 1362 δυναστείαν

410 1406 616 1468 Κακοίς
650 1405 745 1458 καὶ
790 1402 1236 1477 μικρογνώμοσιν
1267 1401 1545 1472 εὐνούχοις
1586 1401 1912 1471 ἐπιτρέψας,

405 1494 589 1562 Θήρας
633 1493 793 1556 αὐτὸς
827 1492 1115 1564 ἐφρόντιζε
1161 1491 1261 1544 καὶ
1299 1491 1771 1561 κυνηγετημάτων

408 1586 519 1638 Kal
550 1585 842 1655 δαιμονίως
872 1584 1074 1655 έχασκε
1097 1583 1235 1654 πρὸς
1265 1583 1363 1646 τὰς
1387 1584 1768 1655 κυνοδρομίας.

1529 275 2035 338 CUNSTANTINI
2078 274 2457 335 MANASSIS

3555 279 3671 342 432

2003 391 2056 452 Α
2085 389 2404 443 Πολυτελέσι
2429 389 2520 441 καὶ
2541 387 2787 459 φαιδροῖς
2812 391 2857 421 ³⁸
2877 390 3171 461 θριάμϐοις
3191 391 3240 425 ³³
3255 391 3581 463 ἑπομπεύθη
3596 397 3665 441 ³⁸.

2155 481 2290 534 Τότε
2323 481 2417 533 καὶ
2448 480 2604 534 πόλιν
2634 481 2735 550 τὴν
2765 479 2960 551 καλὴν,
2985 482 3085 552 τὴν
3109 482 3267 535 πόλιν
3312 483 3593 553 Ἀντιόχου

2084 573 2195 643 Τὴν
2226 571 2448 642 εὐγενῆ,
2492 572 2590 642 τὴν
2628 572 2900 641 εὐπρεπῆ,
2950 572 3049 643 τὴν
3082 577 3659 645 νυμφοκοσμουμένην

2096 662 2433 733 Ἰσμαηλῖται
2459 662 2673 731 φονικοὶ
2700 661 3033 733 ὃορύκτητον
3054 664 3311 728 λαϐόντες

2094 753 2184 817 Ὠς
2212 753 2489 824 τρίδουλον
2520 752 2891 823 κατῄσχυναν,
2916 751 2991 816 ὡς
3028 754 3284 822 τριοδῖτιν
3310 756 3542 824 πόρνην.

2085 849 2195 901 Kal
2222 846 2387 901 πάλιν
2413 849 2441 900 ὁ
2480 844 2868 918 τρισαριστεὺς
2896 847 3102 898 σπᾶται
3130 848 3325 909 Φωκᾶς
3364 849 3668 917 ῥομφαίαν,

2084 937 2254 993 Πάλιν
2282 939 2519 990 κινεῖται
2553 937 2676 991 κατ’
2704 936 2916 1007 ἐχθρῶν
2942 938 3267 1008 αἱμοχαρῶν
3293 939 3563 1007 έκφύλων.

2083 1030 2223 1093 Τοὺς
2251 1028 2582 1097 ἀλλοφύλους
2612 1030 2867 1098 ῥήγνυσι,
2902 1029 2947 1060 ’⁸
2982 1030 3297 1099 ὑπερμαχεϊ
3343 1030 3662 1098 συμφύλων,

2083 1122 2192 1174 Καὶ
2230 1120 2396 1174 πάλιν
2425 1120 2526 1191 τὴν
2558 1120 2874 1190 εὐσχήμονα
2911 1120 3012 1190 τὴν
3042 1119 3455 1191 εὐχρουστάτην
3492 1123 3663 1192 κόρην

2096 1210 2469 1276 Ἐπανασώζει
2493 1213 2560 1281 τῇ
2595 1210 2763 1281 μητρὶ
2783 1213 2849 1281 τῇ
2880 1210 3377 1283 καλλιτεκνωτάτῃ.

2158 1306 2278 1358 Ἔτι
2306 1304 2365 1357 δὲ
2389 1305 2510 1358 τότε
2552 1303 2645 1356 τοῦ
2679 1303 2845 1357 Φωκᾶ
2887 1288 2988 1373 τὴν
3017 1304 3198 1374 μάχην
3231 1307 3662 1373 συγκροτοῦντος

2097 1399 2190 1450 τὸν
2219 1397 2462 1468 κράτορα
2489 1395 2579 1448 τὸν
2621 1393 2902 1465 Ῥωμανδν
2932 1393 3162 1459 θάνατος
3189 1396 3519 1465 ἀναρπάζει,

2085 1492 2162 1563 Τῇ
2194 1491 2409 1560 γαμετῇ
2433 1489 2697 1559 Θεοφανοῖ
2714 1488 2775 1541 τὸ
2801 1489 3003 1558 κράτος
3024 1486 3309 1541 λελοιπότα

2086 1580 2195 1633 Καὶ
2227 1584 2341 1644 τοῖς
2371 1581 2528 1634 παισὶ
2557 1581 2673 1644 τοῖς
2704 1580 2763 1646 ἐξ
2793 1579 2966 1649 αὐτῆς
2998 1579 3044 1611 ⁸⁸
3074 1580 3382 1647 νεογενέσιν
3409 1577 3588 1646 οὖσιν,

405 1676 541 1730 Τότε
569 1677 667 1749 τὴν
704 1678 933 1747 Κρήτην
959 1675 1243 1746 δυσμενῶν
1286 1675 1572 1746 Ἀῤῥάϐων
1598 1676 1980 1746 κατασχόντων
2017 1737 2053 1749 __
2084 1673 2483 1744 Κεκρατηκότα
2512 1672 2658 1726 έτεσι
2682 1672 2947 1743 τέσσαρσι
2988 1672 3125 1741 πρὸς
3156 1674 3268 1735 τοίς
3295 1673 3430 1726 δέκα
3460 1674 3528 1726 ’⁷.

404 1769 516 1820 Kal
543 1766 808 1838 κραταιὸν
843 1765 1227 1836 κρησφύγετον
1251 1763 1494 1835 θεμένων
1524 1767 1592 1818 τὰ
1621 1767 1721 1835 τῆς
1744 1770 1911 1835 νήσου

406 1859 516 1911 Kal
547 1856 1005 1928 κακουργούντων
1035 1855 1135 1927 τὴν
1169 1854 1344 1926 ὐγρὰν
1368 1857 1461 1910 καὶ
1487 1856 1663 1910 πάντα
1697 1856 1982 1927 λῃστευόν-

1756 1946 1909 2019 [των,

414 2043 474 2095 '0
511 2038 827 2110 Νικηφόρος
857 2038 885 2090 ὁ
909 2039 1102 2102 Φωκᾶς
1134 2035 1225 2113 (ἦν
1256 2041 1365 2111 γὰρ
1394 2039 1521 2103 ὀξὺς
1545 2040 1602 2093 ὲν
1635 2038 1840 2110 μάχαις

404 2132 514 2185 Kal
544 2134 643 2203 τὴν
677 2130 857 2202 ὁρμὴν
884 2129 1156 2201 ὲμπύριος
1195 2132 1288 2184 καὶ
1309 2130 1601 2194 δραστικὸς
1632 2131 1733 2194 τὰς
1767 2130 1978 2202 χεῖρας)

404 2222 712 2292 Στολάρχης
746 2220 1157 2286 ἀναδείκνυται,
1196 2222 1518 2275 πιστεύεται
1557 2222 1655 2293 τὴν
1707 2222 1907 2293 μάχην,

404 2316 613 2386 Πληροῖ
655 2313 753 2384 τὴν
779 2313 1057 2367 Θάλασσαν
1097 2313 1327 2382 σκαφῶν
1356 2313 1627 2368 εὐστύλων
1671 2311 1986 2384 καλλιπρὼ-

1755 2402 1913 2476 [ρωνν

405 2501 565 2556 Κατά
593 2500 801 2571 θηρίων
838 2497 1118 2553 στέλλεται
1148 2497 1354 2552 τούτων
1388 2497 1496 2551 τῶν
1531 2497 1910 2569 ὐγροχέρσων,

405 2592 602 2663 Μάχην
634 2590 900 2644 συνάπτει
934 2589 1230 2661 καρτερὰν,
1270 2589 1411 2659 ὴττᾷ
1461 2591 1588 2651 τοὺς
1624 2588 1981 2659 ἁντιμάχους,

406 2683 624 2748 Βυθιζει
655 2681 754 2746 τάς
791 2679 1121 2753 πειρατικάς
1162 2681 1397 2743 ἀκάτους
1427 2680 1536 2732 τῶν
1572 2679 1875 2750 Ἀῥράέῖων,

405 2773 702 2845 Χειροῦται
733 2773 824 2826 καὶ
846 2771 941 2826 τὸν
961 2771 1266 2844 λῄτταρχον
1297 2770 1386 2824 τὸν
1416 2769 1725 2839 πάντολμον
1751 2768 1981 2835 ἐκεῖνον,

405 2863 518 2919 Kal
542 2864 634 2917 τὸν
663 2862 1147 2932 γιγαντοπάλαμον
1178 2861 1253 2925 ὡς
1285 2860 1485 2931 βρέφος
1518 2859 1911 2929 συλλαμϐάνει.

416 2955 658 3009 Ἐκεῖθεν
687 2951 990 3019 ἀναζεύξας
1024 2954 1082 3008 δὲ
1113 2954 1253 3025 μετὰ
1295 2953 1569 3024 λαμπρῶν
1592 2951 1872 3025 τροπαίων

404 3189 472 3231 ex
499 3187 559 3229 se
586 3179 749 3242 atque
773 3170 980 3228 Helena
1002 3171 1231 3227 Romani
1256 3171 1365 3226 ﬁlia
1391 3179 1579 3225 natum
1604 3169 1837 3234 videret,
1853 3184 1980 3226 eum

403 3268 583 3338 ipsum
636 3265 946 3321 Romanum
991 3262 1307 3335 appellavit.
1356 3262 1461 3318 Ubi
1496 3264 1608 3332 jam
1657 3261 1987 3317 adolevisset

404 3374 468 3416 ac
515 3358 692 3430 pubes
737 3356 919 3415 factus
965 3364 1147 3422 esset,
1188 3370 1416 3410 uxorem
1452 3356 1500 3410 ei
1546 3354 1735 3423 dedit;
1773 3370 1839 3409 ex
1873 3367 1985 3423 quo

406 3454 505 3508 ﬁlii
556 3452 814 3525 conjugio
869 3460 1128 3521 nepotem
1172 3448 1312 3503 vidit
1351 3448 1634 3510 Basilium,
1678 3446 1985 3517 principem

407 3545 568 3615 longe
614 3542 1152 3599 victoriosissimum.
1190 3539 1347 3609 115
1380 3539 1623 3594 Tandem
1669 3539 1876 3593 exactis
1929 3538 1985 3593 in

408 3637 638 3707 imperio
676 3635 923 3705 quinque
963 3633 1125 3687 annis
1154 3632 1363 3701 absque
1397 3633 1548 3687 socio
1594 3643 1651 3686 et
1693 3632 1987 3701 perturba-

410 3726 585 3785 tione,
618 3723 744 3778 vitae
779 3718 944 3776 ﬁnem
990 3720 1237 3776 facturus
1266 3721 1570 3775 Romanum
1605 3720 1777 3775 ﬁlium
1813 3720 1989 3792 impe-

410 3831 466 3871 ra
475 3825 648 3871 torem
680 3813 975 3869 renuntiat.

478 3906 529 3963 Is
559 3918 692 3960 vero
712 3912 1037 3976 p0testatem
1058 3902 1368 3958 universam
1396 3902 1554 3958 malis
1586 3913 1644 3959 ct
1674 3903 1989 3959 imbellibus

407 3995 681 4054 eunuchis
724 3995 944 4051 tradens
974 3992 1268 4063 capiendis.
1289 3993 1421 4049 feris
1449 4003 1505 4048 et
1543 3993 1793 4050 venando
1822 3994 1988 4050 mise-

409 4086 617 4144 randus
649 4093 970 4155 occupatur.
1008 4084 1121 4139 Hoc
1150 4084 1453 4154 imperante
1484 4082 1702 4140 Cretam
1754 4084 1986 4140 insulam

406 4180 622 4235 Arabes
658 4187 945 4247 ceperunt,
983 4184 1037 4230 ct
1070 4176 1419 4247 receptaculo
1447 4176 1503 4231 in
1528 4192 1593 4232 ea
1626 4177 1783 4233 ﬁrmo
1815 4178 1986 4233 collo-

413 4279 535 4324 cato
571 4282 718 4321 litare
743 4266 945 4336 passim
985 4264 1242 4320 infestum
1278 4265 1479 4336 pradis
1523 4267 1747 4338 agendis
1789 4267 1987 4323 redde-

413 4358 565 4412 bant.
595 4354 941 4426 Quapropter
984 4355 1333 4426 Nicephorus
1376 4356 1611 4423 Phocas,
1647 4359 1730 4413 vir
1766 4374 1895 4414 acer
1929 4360 1993 4414 in.

2014 1737 2057 1791 Β
2098 1737 2310 1819 Ἀκούει
2333 1737 2513 1820 ταῦτα
2542 1766 2637 1820 καὶ
2663 1737 2877 1828 (ἰωκάς,
2905 1737 3118 1817 ἐκεῖθεν
3144 1764 3439 1834 ἀποτρέχει

2084 1859 2194 1913 Kal
2220 1856 2358 1927 πρὸς
2379 1857 2480 1928 τὴν
2509 1855 2874 1927 μεγαλόπολιν
2915 1857 3307 1926 καταταχήσας
3338 1856 3552 1925 φθάνει,

2085 1954 2195 2005 Kal
2220 1951 2383 2006 πάλιν
2405 1949 2788 2004 ἀναδείκνυται
2825 1949 2924 2018 τῆς
2961 1948 3079 2002 Ἕω
3099 1951 3519 2021 ταγματάρχης,

2087 2044 2315 2115 κορκοις
2343 2044 2594 2113 φρικτοῐς
2626 2041 2946 2104 καταδεθεὶς
2982 2040 3089 2094 ὐπὸ
3113 2040 3215 2110 τῆς
3241 2039 3562 2110 βασιλίσσης

2099 2137 2187 2198 Ὠς
2206 2134 2307 2188 οὐκ
2332 2132 2740 2186 ἐπιϐουλεύσειε
2766 2131 2860 2184 τοῦ
2900 2130 3185 2198 Ῥωμανοῦ
3216 2132 3328 2194 τοῖς
3356 2133 3589 2195 τέκνοις,

2085 2229 2205 2281 Kal
2222 2226 2387 2280 πάλιν
2420 2224 2811 2294 ἀναπόμπιμος
2843 2225 3055 2292 γίνεται
3090 2224 3225 2294 πρὸς
3262 2220 3487 2292 Συρίαν,

2097 2320 2256 2375 Ἀλλά
2284 2320 2393 2391 γὰρ
2424 2318 2525 2372 οὐκ
2548 2318 2798 2388 ἡρέμησε
2830 2317 2894 2371 τδ
2921 2317 3156 2388 χαλεπὸν
3187 2316 3380 2388 θηρίον

2096 2417 2155 2468 '0
2176 2413 2389 2482 φθόνος,
2412 2413 2447 2482 ἡ
2477 2411 2586 2464 τῶν
2627 2408 2882 2480 γηγενῶν
2921 2408 3290 2479 καρδιοφάγος
3320 2409 3542 2479 ἄρκτος.

2085 2508 2196 2560 Kal
2218 2505 2400 2558 τοίνυν
2429 2511 2514 2567 τις
2543 2500 2826 2564 ἀπόκοπΟς
2852 2501 2959 2553 τῶν
3002 2502 3061 2553 ἐν
3107 2503 3217 2564 τοῖς
3245 2500 3590 2572 ἀνακτόροις,

2096 2597 2154 2649 Ὀ
2182 2597 2299 2648 τότε
2335 2595 2519 2647 πᾶσαν
2541 2591 2638 2662 τὴν
2664 2590 2839 2662 ἀρχὴν
2868 2591 2979 2645 ἄνω
3015 2592 3105 2645 καὶ
3137 2592 3290 2645 κάτω
3318 2591 3586 2662 στρέφων,

2098 2678 2332 2761 ’Ᾱκάνθῃ
2360 2686 2557 2756 φθόνου
2591 2683 2880 2754 κεντηθεὶς
2904 2685 3044 2737 κατά
3085 2684 3179 2736 τοῦ
3211 2684 3585 2754 στρατηλάτου

2085 2782 2195 2835 Kal
2225 2777 2561 2850 τηλικαύτην
2591 2775 2844 2831 εὒπνοιαν
2869 2776 3038 2847 τύχης
3061 2776 3122 2829 οὐ
3158 2778 3339 2846 φέρων
3373 2777 3590 2846 βλέπειν

2085 2873 2188 2925 Τὸν
2224 2868 2541 2940 Νικηφόρον
2576 2866 2669 2920 τδν
2698 2866 2894 2918 Φωκᾶν
2932 2866 3132 2936 οὐρίως
3163 2864 3560 2918 ναυστολοῦσαν
3593 2868 3663 2928 ν’,

2085 2962 2308 3036 Γραφάς
2330 2962 2423 3016 ἐπὶ
2462 2958 2553 3013 τὸν
2583 2957 2891 3029 Τζιμισχῆν
2926 2957 3226 3027 εὐπτέρους
3253 2957 3585 3028 ἐγχαράσσει
3619 2958 3666 2991 ’⁸

3328 3064 3479 3121 Vers.
3524 3064 3667 3121 5695

2086 3193 2293 3234 morem
2313 3175 2511 3245 puellae
2526 3180 2776 3228 ornatam
2806 3169 3204 3225 Antiochenam
3237 3160 3527 3225 lsmaehtac
3554 3170 3657 3224 ho-

2087 3270 2304 3341 micida:
2334 3273 2603 3337 ceperunt
2647 3273 2703 3319 et
2754 3263 2811 3317 in
2859 3263 3187 3317 servitutem
3239 3261 3572 3332 redegerunt
3600 3278 3664 3316 ac

2087 3363 2237 3419 velut
2260 3356 2684 3416 meretricem‘in
2714 3355 2875 3410 trivio
2896 3364 3129 3410 stantem
3156 3354 3487 3408 habuerunt.
3514 3355 3670 3420 Qua-

2086 3462 2311 3524 propter
2337 3466 2557 3507 rursum
2587 3449 2801 3504 Phoeas
2826 3446 2917 3501 ille
2940 3445 3424 3502 victoriosissimus
3447 3444 3662 3500 hostem

2087 3554 2291 3608 movet,
2331 3544 2667 3613 alienigenas
2698 3538 2921 3610 frangit,
2953 3545 3160 3609 pugnat
3202 3552 3302 3607 pro
3351 3536 3489 3603 suis,
3538 3553 3671 3592 rur-

2087 3651 2211 3692 sum
2254 3635 2540 3689 honestam
2583 3643 2639 3686 et
2682 3630 2811 3685 boni
2842 3629 3043 3684 coloris
3078 3629 3316 3698 puellam
3350 3627 3513 3682 matri
3546 3629 3668 3699 pul-

2088 3728 2348 3783 chrorum
2371 3725 2670 3780 liberorum
2700 3720 2935 3792 parenti,
2958 3720 3011 3774 id
3045 3728 3131 3776 est
3153 3720 3400 3775 Romano
3429 3719 3663 3791 imperio

2087 3817 2461 3881 Antiochiam,
2495 3813 2763 3871 restituit.

2157 3910 2298 3967 Dum
2341 3909 2465 3964 istic
2509 3906 2711 3962 bellum
2757 3902 2916 3974 gerit,
2955 3903 3236 3957 Romanus
3286 3903 3588 3972 imperator
3635 3918 3666 3958 e

2087 4001 2229 4056 vivis
2258 3999 2515 4062 excessit,
2547 3995 2705 4051 uxori
2751 3994 3149 4065 Theophanoni
3191 4002 3247 4048 et
3287 3992 3498 4057 liberis,
3531 4009 3670 4063 qur:

2088 4109 2155 4147 ex
2200 4107 2265 4145 ea
2312 4097 2656 4159 susceperat,
2687 4085 2927 4157 imperio
2960 4084 3174 4140 relicto.
3210 4083 3382 4154 Cujus
3408 4085 3486 4139 rei
3527 4086 3668 4139 fama

2089 4186 2300 4240 Pbocas
2332 4182 2398 4236 ad
2428 4197 2487 4236 se
2520 4179 2726 4250 perlata
2754 4179 2954 4233 itinere
2985 4176 3152 4232 celeri
3193 4177 3386 4246 Cpolin
3421 4180 3671 4253 proﬁcis-

2089 4275 2251 4338 citur,
2275 4272 2462 4341 ibique
2490 4283 2684 4324 rursus
2714 4269 3057 4324 exercituum
3087 4267 3326 4323 Orientis
3355 4268 3463 4323 dux
3488 4269 3676 4323 decla-v

2090 4374 2263 4427 ratur,
2294 4361 2654 4416 sacramentis
2682 4360 3044 4415 horribilibus
3077 4360 3412 4427 imperatrici
3452 4361 3667 4431 pollici-

414 4448 560 4502 bello
601 4456 654 4501 et
694 4456 801 4501 tam
839 4449 1022 4502 animo
1058 4463 1222 4518 quam
1255 4463 1418 4502 manu
1449 4463 1757 4520 promptus,
1795 4451 1987 4506 classis
2018 4436 2061 4489 ι)
2093 4465 2180 4509 tus
2207 4466 2488 4522 nunquam
2519 4466 2578 4506 se
2608 4449 2840 4506 Romani
2866 4450 3057 4507 liberis
3090 4450 3513 4515 insidiaturum;
3557 4466 3668 4520 quo

417 4541 719 4610 imperator
735 4548 793 4595 et
818 4538 946 4594 belli
969 4539 1083 4594 dux
1100 4539 1475 4605 constituitur;
1500 4543 1591 4611 qui
1616 4556 1738 4595 mox
1764 4542 1991 4597 navibus

417 4632 736 4687 universum
773 4647 922 4688 mare
955 4631 1215 4700 complet,
1260 4639 1317 4685 et
1354 4641 1546 4687 contra
1578 4632 1787 4688 belluas
1826 4632 1992 4703 pede-

416 4733 557 4779 stres
596 4724 806 4792 pariter
846 4737 910 4778 ac
955 4722 1196 4777 marinas
1236 4721 1541 4793 ablegatur.
1575 4723 1817 4793 Pugnam
1863 4723 1990 4778 inde

417 4832 540 4869 cum
573 4815 729 4870 hoste
753 4815 1017 4877 conserit,
1055 4829 1294 4884 eumque
1329 4830 1526 4885 magno
1558 4816 1744 4884 prmlio
1777 4814 1947 4869 vincit
1975 4833 1988 4868 :

357 4956 360 4965 .
420 4908 676 4978 piraticus
713 4907 952 4960 Arabum
985 4922 1153 4961 naves
1170 4906 1467 4976 demergit,
1495 4907 1529 4975 i;
1554 4921 1671 4959 sum
1688 4905 1997 4975 principem

418 4999 760 5070 praedonum,
809 4999 1085 5053 hominem
1120 4997 1544 5053 audacissimum
1590 5005 1646 5051 et
1681 4996 1992 5067 giganteum

420 5090 758 5155 bellatorem,
788 5090 937 5145 Velut
961 5104 1188 5158 puerum
1217 5090 1381 5158 capit.
1404 5087 1540 5142 llinc
1559 5104 1587 5143 c
1621 5088 1779 5143 Creta
1808 5090 1996 5159 splen-

421 5181 724 5237 didissimis
750 5197 875 5236 cum
908 5181 1128 5249 tropaeis
1162 5180 1378 5235 solvens
1414 5181 1722 5250 triumphos
1750 5181 1997 5251 magniﬁ-

423 5290 519 5329 cos
548 5280 605 5329 et
636 5275 836 5329 laetitiae
868 5274 1059 5341 plenos
1087 5273 1319 5343 peragit.

496 5362 699 5420 Eodem
733 5371 976 5431 tempore
1007 5362 1242 5417 nobilem
1280 5376 1343 5416 ac
1379 5362 1664 5432 pulchram
1710 5364 1901 5419 urbem
1938 5364 1993 5418 in

2089 4546 2230 4602 facto
2265 4560 2425 4601 suum
2449 4545 2739 4601 admunus
2770 4558 2889 4599 sese
2921 4542 3154 4598 confert.
3180 4542 3287 4598 Sed
3313 4542 3459 4598 enim
3482 4540 3669 4611 quies-

2091 4653 2218 4693 cere
2275 4651 2385 4691 non
2428 4645 2645 4707 poterat
2675 4635 2901 4698 invidia,
2931 4635 3112 4692 bellua
3155 4636 3330 4699 ferox,
3372 4650 3502 4688 urso
3542 4648 3673 4687 con-

2090 4725 2308 4790 similis,
2334 4725 2617 4780 hominum
2645 4724 3170 4794 corda-depascenti.
3196 4724 3329 4779 Nam
3358 4722 3580 4792 quidam
3603 4737 3672 4779 ex

2090 4817 2366 4872 eunuchis
2393 4817 2609 4883 aulicis,
2641 4817 2735 4886 qui
2763 4831 2830 4872 eo
2862 4827 3109 4886 tempore
3147 4830 3236 4870 res
3261 4815 3478 4884 imperii
3521 4814 3673 4868 solus

2098 4910 2368 4965 arbitratu
2398 4926 2498 4966 suo
2538 4910 2829 4975 tractabat,
2870 4908 3135 4964 adversus
3178 4907 3416 4963 l’ltocam
3451 4906 3675 4960 invidia:

2098 5004 2257 5073 spina
2299 5003 2457 5072 quasi
2495 5002 2736 5071 quadam
2787 5012 3046 5073 punctus,
3096 5001 3241 5071 quod
3295 5000 3675 5055 celebritatem

2100 5095 2337 5150 nominis
2380 5096 2498 5167 ejus
2529 5107 2693 5165 atque
2736 5094 3051 5151 felicitatem
3096 5109 3256 5163 aquo
3295 5095 3482 5147 animo
3528 5092 3679 5145 ferre

2098 5200 2209 5239 non
2238 5194 2445 5254 posset,
2470 5185 2680 5240 litteras
2710 5185 2775 5238 ad
2800 5184 3065 5239 Joannem
3111 5191 3478 5253 cognomento
3507 5180 3674 5233 limis-

2099 5276 2288 5331 scham
2320 5292 2499 5346 penna
2526 5292 2637 5331 non
2683 5285 2933 5330 exat-atas
2969 5277 3153 5339 mittit,
3184 5275 3345 5344 116
3370 5274 3545 5343 iisque
3578 5287 3674 5324 ro-

2099 5366 2460 5437 hortatur.ut
2508 5366 2796 5422 interfecto
2830 5368 3014 5422 Pboca
3068 5366 3410 5438 Byzantium,
3459 5364 3683 5417 futurus

1773 5501 1979 5562 Varim
2015 5501 2344 5565 lectiones.

496 5627 542 5659 ’θ
575 5611 913 5695 ὐπαγκάλιον
960 5622 1074 5678 All.
1177 5626 1218 5657 "
1250 5624 1404 5681 llunc
1452 5642 1666 5680 versum
1738 5643 1847 5680 om.
1883 5625 1949 5680 ll.

2063 5628 2108 5659 "
2141 5627 2415 5696 λαμπροῖς
2452 5629 2518 5681 Λ.

2625 5629 2669 5659 ³³
2695 5628 2942 5697 θεάτροις
2974 5631 3039 5683 Δ.
3145 5633 3195 5663 ⁸⁸
3242 5625 3578 5699 ὲκπομπεύει
3607 5625 3670 5678 Δ.

426 5698 474 5731 ⁸⁸
500 5697 615 5753 ἀλλ’
639 5697 733 5751 ll.’
780 5699 825 5729 “
850 5696 1014 5750 αὐτοῦ
1043 5700 1106 5750 Λ.
1183 5698 1227 5731 ³⁷
1257 5695 1411 5751 Ilnnc
1440 5713 1657 5751 versum
1696 5713 1805 5753 um.
1839 5696 1902 5750 Β.
1982 5699 1987 5728 ⁵

2086 5695 2446 5768 mmmam;
2474 5698 2533 5751 Il.
2614 5702 2657 5731 ²⁹
2685 5695 2994 5772 ἐγχαράξτς
3015 5704 3077 5753 Α.
