4122 6212
409 351 516 415 43³1

411 464 521 517 Καὶ
549 463 609 516 τὸ
645 463 814 517 κακὸν
858 464 1114 519 ἰάσασθαι
1138 465 1298 537 δῆθεν
1322 468 1730 540 παραζηλώσας

410 552 522 614 Τὰς
543 551 815 621 δημοσίας
847 553 1145 608 ἀπαντλεῖν
1174 555 1389 609 κελεύει
1418 558 1733 626 σιτοθήκας,

408 643 520 696 Καὶ
541 642 638 696 δύο
666 643 762 696 τοῦ
793 644 1138 715 νομίσματος
1161 648 1486 702 σιτοπωλεῖν
1519 650 1837 719 μεδίμνους.

410 731 569 785 Οὕτω
601 734 800 797 Φωκᾶς
835 737 1233 806 μικωπρεπῶς
1261 739 1322 790 τὸ
1345 741 1581 809 πρᾶγμα
1613 740 1863 805 διετίθει,

411 825 519 877 Καὶ
555 824 733 878 ταῦτα
761 826 1030 896 χιλιὸσιτα
1062 829 1308 883 πλουτῶν
1334 832 1632 902 σιτοδοχεῖα
1720 830 1725 835 ’

414 914 754 985 Κατάφορτα
786 918 900 978 τοῖς
929 916 1123 988 βάρεσι
1148 921 1241 972 καί¹
1263 921 1431 981 σίτοις
1468 921 1777 991 βεὸυσμένα

420 1006 510 1069 ‘EE
534 1003 611 1058 ὧν
635 1006 1090 1078 ἁπεθησαύρισαν
1116 1013 1174 1063 al
1208 1014 1338 1083 πρὶν
1361 1015 1522 1085 εὐετη
1534 1014 1666 1085 ρίαι,

410 1100 499 1167 Μὴ
526 1099 617 1151 τδν
651 1100 819 1152 πολὺν
854 1101 1136 1156 Βασίλειον
1162 1102 1454 1175 εξηλωκὼς
1480 1109 1540 1159 ἑν
1572 1108 1770 1178 τούτῳ,

411 1188 513 1240 ἠν
537 1189 706 1250 ὄντως
741 1189 1151 1259 βασιλεύτατον,
1181 1195 1272 1246 τὸν
1311 1196 1378 1247 ὲκ
1415 1197 1780 1261 Μακεδονίας,

412 1281 601 1343 Ὅστις
635 1279 763 1333 ἰδὼν
785 1280 1096 1336 κατὼδυνον
1126 1284 1188 1337 τὸ
1220 1285 1528 1349 Βυζαντίων
1561 1286 1763 1357 πλῆθος

414 1373 523 1424 Καὶ
551 1373 644 1425 τὸν
669 1373 827 1443 λιμὸν
856 1377 1147 1447 παραίτιον
1174 1374 1315 1431 εἶναι
1348 1378 1535 1447 μαθὼν
1558 1380 1654 1433 τοῦ
1688 1381 1915 1443 πένθους

425 1464 720 1533 Ἐντέχνως
753 1468 1084 1532 ἀντετάξατο
1109 1469 1274 1522 πάθει
1306 1468 1383 1540 τῷ
1406 1470 1812 1541 δνσπαλαίστῳ,

424 1554 1048 1626 Ἀντιπαλαμησάμενος
1086 1561 1356 1627 γενναίως
1391 1561 1467 1630 τῷ
1502 1562 1759 1632 γενναίῳ,

412 1645 519 1697 Καὶ
545 1645 776 1717 φθείρας
812 1646 955 1717 θῆρα
1001 1648 1092 1701 τὸν
1122 1650 1293 1719 βαρὺν
1322 1653 1580 1721 πνιγμοῖς
1613 1632 1946 1724 ’βιαιοτέροις
1968 1670 1982 1684 ·

1508 358 2007 419 COMPENDIUM
2049 356 2523 417 ClIIlONItIUM.

3557 342 3662 404 ιτιε

2014 477 2054 531 Λ
2091 468 2198 521 Καὶ
2223 467 2399 520 τοίνυν
2424 465 2827 536 καρδιὸτρωτος
2854 459 3167 516 ἐπανελθὼν
3200 461 3415 521 ἐκεῖνος

2099 562 2205 614 Καὶ
2233 559 2414 630 φέρων
2441 546 2904 629 τραυματίσματα
2935 554 3077 609 κατὰ
3109 554 3291 625 ψυχῆς
3324 551 3557 617 ὕπουλα,

2093 653 2337 722 Σχήματι
2372 651 2472 720 μὲν
2507 651 2597 703 τὸν
2626 649 2812 717 ἁπαθῆ
2836 649 2928 701 καὶ
2958 648 3032 716 μὴ
3065 644 3491 717 βαρυθυμοῦντα

2093 743 2405 810 Πανοῦργος
2436 743 2761 811 ὑπεκρίνετο
2801 741 2892 793 καὶ
2922 734 3234 811 φαιδρωπὸς
3263 740 3466 809 digito,

2093 833 2242 885 Ἐσω
2264 832 2306 883 δ’
2338 832 2615 900 ὲπὸρφυρε
2645 830 2793 883 δεινὰ
2827 830 2919 883 καί¹
2946 829 3086 881 κατὰ
3112 828 3315 900 βάθους
3347 828 3503 898 ὤργα

2092 924 2198 976 Καὶ
2231 922 2407 984 πάσας
2447 921 2781 990 ύπεεόθρευε
2813 920 3219 990 δολομηχᾶνους
3252 920 3492 986 σκέψεις.

2102 1015 2162 1066 '0
2192 1015 2247 1067 δὲ
2270 1014 2463 1076 Φωκεῖς
2494 1014 2521 1064 ὁ
2556 1012 2811 1082 βασιλεὺς
2843 1011 2904 1065 ού
2935 1011 3196 1075 κατειδὼς
3228 1011 3274 1042 ⁸⁸
3308 1010 3407 1073 τὰς
3438 1009 3614 1077 πάγος

2095 1109 2201 1160 Καὶ
2233 1108 2331 1170 τὰς
2361 1107 2615 1178 βροχίδας
2646 1106 2751 1159 τῶν
2784 1106 2990 1175 βουλῶν
3014 1105 3124 1158 τῶν
3149 1105 3610 1177 ὑπορυᾶσομὲνων

2103 1199 2192 1260 Ὠς
2218 1199 2377 1260 ἀετὸς
2403 1199 2629 1268 ἐφέρετο
2654 1200 2875 1270 πτεροῖς
2900 1196 3305 1269 αἰθεροπόροις,

2094 1281 2203 1343 Καὶ
2236 1290 2454 1356 κούςςως
2487 1289 2822 1360 ὴλαφρίζετο
2854 1289 2992 1359 πρὸς
3012 1290 3214 1359 ἀρετῆς
3242 1288 3402 1359 ἀέρα.

2103 1382 2386 1437 Ἐντεῦθεν
2417 1383 2510 1435 ἐπὶ
2543 1383 2811 1453 στόματος
2845 1383 3008 1436 Δα6¹ιδ
3038 1385 3065 1437 ὁ
3094 1383 3381 1454 μελιτόειςν

2090 1476 2201 1528 Καὶ
2231 1474 2504 1545 κοίτασμα
2537 1474 2984 1545 σκληρύστρωτον
3018 1474 3252 1545 ἀχρείων
3272 1473 3582 1543 χαμευνίων
3606 1490 3620 1503 ·

2090 1568 2266 1631 Εύνὰς
2292 1567 2692 1638 μαλακοεύνονς
2714 1568 2770 1622 δὲ
2797 1567 3196 1638 πορφυραντῶν
3229 1568 3465 1638 δεμνίων

2093 1659 2204 1712 Καὶ
2239 1658 2413 1728 μίξεις
2435 1659 2535 1722 τὰς
2564 1659 2884 1728 σωματικὰς
2910 1658 3006 1712 καὶ
3036 1660 3102 1711 τὰ
3136 1659 3263 1728 περὶ
3292 1660 3392 1720 τὰς
3416 1657 3591 1729 μίξεις

410 1733 628 1789 Δώδεκα
649 1735 759 1809 γὰρ
783 1738 846 1790 τὸ
864 1737 1107 1809 νόμισμα
1127 1740 1188 1792 τὸ
1226 1739 1460 1811 χρύσεον
1496 1742 1774 1812 μεδίμνων

421 1827 746 1882 Ἐκέλευσεν
779 1830 1031 1897 ἀντάξιον
1061 1828 1203 1884 εἶναι
1233 1835 1348 1896 τοῖς
1378 1833 1689 1888 σιτωνοῦσι.

481 1919 592 1974 Καὶ
615 1918 789 1974 ταῦτα
808 1921 908 1991 μὲν
944 1922 990 1954 ⁸⁸
1024 1920 1258 1987 ἕκαστος
1292 1923 1367 1987 ὡς
1390 1923 1638 1994 βούλοιτο
1663 1923 1983 1992 λογιζέσθω·

421 2012 478 2064 'U
506 2011 564 2065 δὲ
591 2012 786 2075 Φωκᾶς
816 2013 1168 2078 ύποκνισθεὶς
1195 2013 1257 2066 ἐκ
1287 2031 1430 2078 τινος
1456 2015 1692 2091 ὑποψίας

419 2103 509 2168 Ὠς
543 2104 657 2174 ἄρα
688 2104 827 2174 πρὸς
857 2105 950 2158 τὸν
984 2102 1292 2177 Τζιμισχῆν
1329 2107 1710 2179 ὲρωτοδέσμην
1733 2107 1846 2176 ἔχοι

423 2195 485 2249 ἸΙ
518 2196 728 2265 βασιλὶς
761 2199 855 2251 καὶ
902 2199 1106 2266 γίνοιτο
1138 2198 1349 2263 τούτοις
1382 2200 1446 2252 τὰ
1468 2199 1578 2252 τῶν
1609 2199 1879 2269 ἐρώντων,

2084 1750 2218 1805 Οὐδ’
2245 1751 2376 1822 δναρ
2410 1752 2761 1820 ὲφαντάζετο,
2795 1752 2935 1805 κατᾶ
2965 1752 3021 1805 δὲ
3054 1752 3145 1805 τὸν
3175 1753 3401 1806 εἰπόντα

2015 1832 2061 1890 Β
2101 1843 2190 1906 Ὦς
2218 1842 2437 1912 ἄστροις
2460 1843 2820 1914 ἐτεκμαίρετο
2851 1845 3030 1896 πᾶσαν
3063 1842 3461 1914 γλυκυθυμίαν.

2086 1932 2396 2004 Μακρύνων
2418 1928 2513 1986 οὖν
2553 1934 2803 2005 ὲμάκρυν
2817 1951 2899 1997 εν,
2926 1933 3092 2003 ἔφυγε
3118 1934 3459 2002 φυγαδεύων,

2087 2025 2342 2088 Μονὰξον
2375 2025 2471 2078 ἐπὶ
2504 2022 2754 2095 δώματος
2795 2027 3004 2094 ἐγίνετο
3037 2026 3320 2097 στρουθίον

2088 2114 2200 2170 Καὶ
2231 2116 2556 2188 νυκτικόραξ
2578 2116 2780 2181 ἄϋπνος
2804 2118 2847 2149 ⁸³
2877 2117 2968 2171 ἐπὶ
3000 2119 3106 2170 τῶν
3140 2119 3461 2172 οἰκοπέδων.

413 2287 614 2341 Μαθὼν
641 2288 698 2342 δὲ
736 2292 830 2343 καὶ
864 2290 957 2342 τὸν
996 2291 1310 2361 Τζιμισχῆν
1353 2291 1574 2362 θερμῶς
1601 2290 1985 2361 βασιλειῶντα,

415 2381 598 2452 [Har];
623 2383 799 2452 ἀρχῆς
835 2383 1130 2455 ἀποστερεῖ
1154 2382 1341 2436 τοῦτον
1373 2385 1467 2436 καὶ
1493 2383 1842 2448 δυναστείας,

416 2472 524 2524 Καὶ
553 2473 678 2527 καθ’
708 2474 873 2527 αὐτὸν
891 2476 966 2537 ὼς
995 2474 1219 2544 θελητδν
1247 2476 1295 2507 ⁸⁸
1324 2474 1578 2529 διασιοῦν
1605 2476 1819 2529 κελεύει
1843 2477 1916 2540 ⁸³,

415 2564 644 2634 Ἕτερον
678 2566 847 2635 ᾶχαρι
882 2567 1051 2636 μηδὲν
1079 2568 1209 2637 περὶ
1232 2567 1322 2619 τὸν
1354 2566 1526 2638 ἄνδρα
1545 2566 1773 2636 δράσας.

425 2657 568 2710 Ἀλλ’
603 2660 633 2727 ἠ
668 2657 957 2727 βασίλισσα
981 2657 1119 2726 βαρὺ
1156 2657 1313 2712 τοῦτο
1347 2659 1706 2729 λογισαμένη,

417 2747 519 2800 Τὸν
564 2748 871 2818 Τζιμισχῆν
904 2749 979 2819 μὴ
1013 2748 1251 2819 καθορᾷν
1283 2748 1473 2812 αὐλαῖς
1502 2750 1559 2801 ὲν
1594 2749 1905 2818 βασιλείοις,

420 2838 602 2892 Πείθει
629 2841 826 2893 Φωκᾶν
851 2840 1187 2910 μετάκλητον
1218 2840 1382 2894 πάλιν
1404 2841 1492 2893 τὸν
1517 2841 1685 2911 ἄνδρα
1717 2843 1904 2895 θέσθαι

423 2932 531 2984 Καὶ
561 2931 725 2984 πάλιν
744 2930 846 3002 τὴν
874 2930 1237 3003 λαμπρότητα
1260 2932 1360 3003 τὴν
1393 2932 1589 3003 πρώην
1611 2934 1746 2986 ἀποδ
1781 2936 1922 2989 ὖναι.

417 3203 534 3271 Qua
560 3203 630 3259 de
691 3220 749 3260 re
783 3205 1023 3259 monitus
1062 3204 1274 3261 Phoeas
1314 3204 1502 3261 dolere
1555 3222 1613 3262 se
1649 3207 1739 3262 illo
1770 3209 1992 3264 nomine

420 3297 757 3367 significans,
807 3306 863 3351 et
926 3296 1263 3356 medicinam
1315 3298 1461 3354 male
1512 3299 1691 3354 facere
1734 3301 1995 3365 studens,

422 3390 620 3445 horrea
654 3389 869 3459 publica
898 3383 1053 3461 jubet
1088 3391 1343 3444 evacuari
1389 3391 1639 3461 duosque
1692 3393 1999 3448 medimnus

423 3495 531 3534 uno
560 3495 729 3535 aureo
774 3480 958 3535 vendi.
1009 3481 1143 3535 Tam
1186 3480 1472 3536 sordidum
1525 3497 1584 3536 se
1634 3482 1688 3535 in
1740 3484 1996 3538 frutnenti

424 3571 740 3626 venditione
773 3572 1084 3628 declarabat
1108 3613 1122 3637 ,
1156 3587 1281 3627 cum
1327 3560 1552 3642 quidem
1601 3574 1796 3629 horrea
1833 3575 2000 3631 multa

426 3662 704 3716 frumento
736 3661 936 3716 referta
971 3661 1174 3731 passim
1212 3660 1476 3727 haberet,
1511 3661 1566 3717 in
1597 3677 1717 3732 qua:
1747 3664 1999 3733 superio-

423 3769 544 3808 rum
569 3770 861 3820 annorum,
913 3753 1007 3825 qui
1044 3751 1257 3809 fertiles
1293 3753 1555 3821 fuerant,
1601 3756 1787 3826 fruges
1845 3766 2003 3813 erant

425 3846 701 3916 repositae,
736 3862 1083 3916 nequaquam
1132 3847 1400 3918 insignem
1452 3847 1605 3903 illum
1657 3851 2001 3920 maximeque

424 3939 633 4007 regium
657 3938 1046 4008 imperatorem
1072 3937 1332 3994 Basilium
1362 3939 1711 3995 Macedonem
1733 3940 1998 3996 imitatus.

422 4027 558 4082 Nam
592 4044 717 4084 cum
743 4029 792 4084 is
824 4029 1085 4099 populum
1111 4030 1460 4100 Cpolitanum
1508 4032 1649 4087 forte
1679 4034 1889 4088 tristem
1921 4035 2002 4089 vi-

425 4119 600 4174 disset
630 4121 859 4191 ejusque
906 4121 1160 4177 maeroris
1194 4138 1415 4179 causam
1457 4122 1657 4179 famem
1705 4140 1828 4181 esse
1859 4126 2004 4181 didi-

427 4210 614 4276 cisset,
643 4212 772 4268 huic
801 4215 943 4268 malo
981 4215 1284 4270 remedium
1318 4216 1552 4272 solerter
1583 4217 1816 4283 invenit,
1848 4219 2000 4290 gravi

429 4304 686 4360 violentis
703 4307 857 4376 quasi
872 4307 1332 4378 pugnisjcontusa.
1348 4309 1676 4379 Jussitenim
1697 4312 2004 4369 medimnos

430 4396 723 4452 duodecim
756 4414 821 4453 ex
846 4399 1059 4453 horreis
1088 4400 1328 4469 publicis
1350 4416 1517 4455 aureo
1542 4418 1654 4457 uno
1679 4403 1861 4458 Vendi.

2102 2206 2247 2260 Ἀλλ’
2276 2201 2418 2279 ἦσαν
2447 2207 2547 2261 οὐκ
2576 2206 2880 2279 ἀρέσκοντα
2903 2207 3076 2261 ταῦτα
3107 2209 3173 2277 τῇ
3208 2206 3440 2278 βασιλίδι
3471 2222 3484 2238 ³

2094 2298 2337 2369 Ἐχρῃζε
2370 2297 2479 2369 γὰρ
2510 2297 2862 2370 περιπλοκῶν
2891 2298 2987 2351 καλ⁵
3014 2297 3449 2367 σωματομιξίας.

2091 2388 2519 2460 Προσλασομὲνη
2547 2387 2840 2459 τοιγαροῦν
2865 2388 2956 2441 τὸν
2990 2387 3295 2458 Τζιμισχῆν
3333 2386 3630 2458 ἐγκαίρως,

2094 2481 2224 2532 “Are
2257 2480 2551 2540 κατάδετος
2581 2479 2745 2532 αὐτοῦ
2767 2478 2844 2548 τῷ
2874 2477 3083 2549 φίλτρῳ
3112 2478 3382 2548 γενομένη

2098 2571 2231 2644 (Ἦν
2265 2573 2322 2626 δὲ
2357 2574 2609 2636 κάκεῖνος
2642 2572 2934 2625 δυσπαθῶν
2964 2571 3108 2624 κατὰ
3135 2569 3229 2624 τοῦ
3258 2569 3570 2641 βασιλέως),

2106 2667 2324 2737 ’Λνάγει
2344 2668 2391 2701 ⁸³
2420 2667 2608 2721 τοῦτον
2634 2668 2730 2720 σὺν
2760 2666 2976 2729 πολλοῖς
3005 2664 3181 2735 λάθρα
3217 2664 3668 2736 μαχαιροφόροις,

2109 2759 2427 2831 Ἒφίστησιν
2466 2762 2541 2824 ὡς
2578 2760 2849 2830 θηρευτὰς
2870 2757 2964 2812 τοῦ
2995 2759 3207 2822 λέοντος
3239 2759 3306 2829 τῇ
3349 2756 3529 2827 κοίτῃ.

2098 2851 2204 2904 Καὶ
2236 2838 2599 2921 παραδίδωσιν
2620 2850 2833 2922 ἐχθροῖς
2854 2852 2985 2920 (psi!
3012 2851 3104 2905 τὸν
3126 2848 3519 2920 ὁςιοζυγοῦντα,

2109 2940 2196 3004 Ὠς
2224 2939 2314 2995 τὸν
2348 2940 2587 3012 Σαμψὼν
2620 2943 2653 3013 ἠ
2680 2940 2909 3005 Δαλιδὰς
2942 2941 2975 3011 ἡ
3011 2941 3442 3012 μιαιφονωτάτη,

3345 3081 3415 3136 Vc
3425 3097 3499 3136 rs.
3530 3081 3673 3136 5859

2099 3204 2434 3262 restitueret.
2466 3204 2810 3278 Quapropter
2862 3206 2953 3262 ille
2994 3219 3283 3262 revertens
3312 3207 3495 3262 animo
3541 3207 3676 3262 laeso

2100 3304 2157 3351 et
2192 3299 2496 3362 vulnerato,
2529 3298 2715 3368 specie
2762 3298 2984 3367 quidem
3041 3307 3201 3353 tenus
3228 3314 3287 3353 se
3321 3298 3674 3353 aﬁ'cetionum

2100 3398 2381 3458 expertem
2411 3398 2574 3459 atque
2606 3390 2815 3444 tristem
2843 3389 3217 3444 fraudulenter
3239 3390 3550 3453 simulabat,
3578 3391 3677 3445 sed

2100 3477 2216 3531 dira
2250 3494 2437 3532 secum
2479 3479 2594 3548 ipse
2618 3480 2757 3534 mala
2797 3479 3213 3535 maehinahatur
3242 3489 3299 3535 et
3330 3479 3517 3534 animo
3546 3495 3678 3536 suc-

2101 3569 2381 3624 censebat.
2416 3569 2863 3640 lloslaqueoset
2891 3571 3104 3626 occulta
3147 3571 3502 3626 consiliorum
3538 3572 3676 3627 retia

2102 3661 2315 3715 Phoeas
2344 3677 2453 3715 non
2479 3662 2942 3741 animadvertens,
2975 3663 3148 3719 instar
3186 3663 3382 3734 aquila:
3415 3680 3514 3733 per
3547 3680 3677 3720 aera

2103 3749 2428 3806 subvolabat
2470 3762 2526 3808 et
2557 3754 2625 3808 ad
2668 3754 2928 3809 virtutem
2962 3753 3354 3810 contendebat.
3405 3754 3678 3810 Nimirum

2103 3842 2158 3897 in
2222 3859 2321 3899 ore
2372 3845 2603 3903 melleos
2658 3845 2881 3900 Davidis
2930 3846 3162 3918 hymnos
3217 3845 3480 3911 habebat,
3517 3845 3675 3899 humi

2103 3935 2258 3992 duris
2297 3937 2351 3992 in
2375 3938 2630 4010 stragulis
2659 3938 2920 4003 cubabat,
2956 3939 3127 3994 lectos
3148 3953 3458 4008 purpureos
3496 3930 3684 4007 aSpcr-

2104 4029 2374 4099 nabatuﬁ;
2416 4020 2459 4085 7a
2501 4047 2558 4086 re
2585 4046 2843 4097 venerea,
2896 4029 3200 4098 praesertim
3247 4027 3521 4097 superflua
3547 4066 3562 4091 ,
3603 4028 3684 4083 sic

2105 4130 2278 4176 semet
2306 4121 2620 4177 abstinebat
2646 4131 2707 4177 ut
2751 4138 2818 4176 ne
2843 4137 2940 4191 per
2978 4135 3231 4175 somnum
3270 4118 3492 4189 quidem
3528 4118 3596 4172 de
3621 4134 3685 4173 ea

2107 4214 2409 4284 quidquam
2453 4215 2870 4284 imaginaretur,
2910 4210 3070 4283 119
3107 4212 3345 4282 denique
3399 4211 3545 4267 sicut
3595 4210 3685 4265 ille

2106 4305 2205 4370 ait,
2265 4314 2589 4375 argumenta
2643 4305 2985 4374 voluptatum
3035 4305 3202 4359 animi
3254 4306 3407 4360 velut
3453 4306 3509 4359 in
3539 4302 3684 4360 cmlo

2107 4395 2381 4465 capiebat.
2411 4395 2779 4462 Quamobrem
2811 4396 2881 4451 ab
2913 4396 3230 4451 hominibus
3256 4398 3413 4468 longe
3437 4413 3495 4452 se
3514 4412 3688 4451 remo-

503 4486 611 4540 Sed
640 4489 787 4541 enim
822 4487 890 4542 de
939 4488 1027 4542 his
1075 4489 1309 4558 quisque
1345 4504 1447 4558 pro
1503 4490 1672 4545 animi
1717 4493 1804 4548 sui
1841 4491 2004 4548 libitu
2041 4487 2296 4570 Dvebat,
2353 4487 2622 4558 quasique
2674 4487 2795 4559 fuga
2836 4490 3068 4559 quadam
3120 4489 3253 4543 inita
3315 4495 3492 4545 semet
3538 4485 3688 4544 domi

435 4586 657 4633 statuat.
710 4578 981 4634 Cancrum
1026 4578 1240 4636 Phocas
1294 4582 1609 4650 suspicione
1654 4584 1891 4653 quadam
1948 4584 2017 4641 de

437 4668 786 4739 imperatrice
821 4681 1108 4743 concepta,
1140 4673 1289 4743 quod
1329 4685 1477 4732 esset
1505 4691 1692 4731 amore
1721 4676 2016 4732 Zimischis

437 4770 594 4830 capta
613 4761 871 4831 quodque
902 4764 1246 4820 consuetudo
1275 4770 1522 4836 quaedam
1565 4768 1710 4822 inter
1732 4783 1829 4823 eos
1861 4769 2013 4823 clan-

441 4853 654 4908 destina
708 4852 1098 4922 intercederet,
1157 4872 1223 4913 ac
1269 4868 1531 4929 praeterea
1582 4861 1801 4932 cognito
1847 4861 2016 4918 Ζίιηὶ-

441 4946 628 5001 schcm
676 4946 943 5018 singulari
973 4947 1204 5003 libidine
1257 4949 1470 5020 imperii
1504 4950 1751 5021 ﬂagrare,
1786 4962 2022 5021 potesta-

444 5046 549 5091 tem
580 5043 638 5089 et
670 5036 1046 5104 magistratum
1080 5040 1130 5093 ei
1165 5039 1393 5110 abrogat
1423 5041 1703 5110 vitamque
1745 5041 2015 5111 privatam

442 5141 603 5195 agere
655 5127 834 5196 jubet,
886 5129 1023 5184 nihil
1058 5130 1209 5185 aliud
1263 5131 1319 5185 in
1347 5146 1473 5186 eum
1499 5131 1697 5187 durius
1742 5142 2014 5187 statuens.

447 5216 645 5272 Verum
686 5218 1008 5290 imperatrix
1058 5221 1297 5292 graviter
1329 5223 1667 5291 molesteque
1715 5221 1898 5278 ferens
1925 5221 2017 5276 Zi-

444 5308 712 5365 mischem
771 5311 841 5366 ab
898 5310 1022 5366 aula
1071 5329 1362 5379 remetum,
1413 5313 1708 5384 persuadet
1737 5314 1932 5372 Phoce
1960 5320 2022 5368 ut

446 5400 729 5458 hominem
789 5412 1075 5463 revocaret
1127 5404 1292 5476 eique
1350 5405 1671 5478 dignitatem
1730 5406 2023 5477 pristinam

2108 4579 2446 4646 continebat,
2477 4579 2533 4634 in
2564 4595 2771 4635 morem
2799 4580 3025 4634 solitarii
3055 4580 3297 4649 passeris
3329 4588 3385 4633 et
3418 4577 3687 4633 insomnis

2108 4670 2392 4741 cujusdam
2417 4671 2675 4737 cicumze;
2714 4687 2835 4741 qua:
2861 4687 2945 4726 res
2966 4679 3126 4740 atque
3151 4669 3333 4725 studia
3364 4685 3473 4724 non
3505 4670 3685 4738 place-

2110 4762 2244 4817 bant
2294 4762 2658 4832 imperatrici,
2720 4778 2983 4817 venereos
3032 4762 3314 4833 amplexus
3356 4761 3683 4831 requirenti.

2113 4854 2457 4924 Quapropter
2506 4865 2816 4925 opportuno
2873 4864 3119 4923 tempore
3192 4854 3526 4909 Zimischem
3584 4852 3690 4907 sibi

2116 4948 2441 5019 adjungens,
2500 4947 2658 5017 cujus
2710 4962 2897 5000 amore
2945 4954 3054 5000 tota
3102 4944 3400 5015 flagrabat,
3455 4944 3695 5016 graviter

2117 5037 2859 5110 imperatoriZsuccensentis,
2893 5038 3033 5092 clam
3078 5038 3357 5092 hominem
3384 5053 3509 5092 cum
3554 5039 3696 5090 mul-

2121 5129 2192 5184 tis
2218 5129 2445 5184 armatis
2472 5129 2528 5183 in
2572 5129 2752 5187 aulam
2780 5128 3115 5190 intromittit,
3139 5136 3195 5182 et
3223 5128 3378 5198 quasi
3402 5140 3696 5181 venatores

2119 5220 2388 5291 quosdam
2419 5221 2485 5276 ad
2509 5219 2825 5274 cubiculum
2850 5218 3026 5273 leonis
3053 5218 3295 5283 deducit,
3322 5218 3538 5289 torique
3560 5233 3698 5272 con-

2120 5320 2324 5365 sortem
2354 5310 2511 5379 (proh
2553 5308 2767 5362 facinus
2815 5307 3150 5378 improbum)
3198 5306 3450 5361 hostibus
3492 5305 3695 5375 prodit.

2122 5409 2182 5454 ut
2211 5400 2300 5454 illa
2338 5396 2688 5469 sanguinaria
2728 5396 2915 5451 Dalida
2960 5394 3321 5461 Samsonem,
3379 5402 3439 5450 ut
3493 5394 3697 5448 Helena

1797 5562 1993 5625 Variae
2034 5560 2359 5622 lectiones.

519 5678 566 5756 tu
591 5680 766 5756 ταῦτα
791 5681 1013 5753 μιιοῠν
1040 5685 1157 5740 AR.
1286 5686 1334 5720 η
1375 5684 1632 5756 βουλητδν
1668 5666 1748 5741 Ἀ.
1800 5662 1807 5668 ’

450 5751 498 5784 ³⁸
521 5752 727 5820 ἐπείγει
755 5751 820 5808 Α.

1846 5686 1891 5718 ⁸³
1926 5683 2075 5755 βιοῦν
2121 5680 2428 5737 διακελεύει
2456 5683 2518 5737 Α.

2621 5681 2665 5712 ⁸⁵
2697 5680 2772 5752 μὴ
2809 5678 3041 5735 κατιδὼν
3083 5687 3148 5732 Δ.
3256 5680 3297 5711 ⁵⁸
3324 5678 3598 5746 annumin;
3634 5671 3697 5727 Β.
