4138 6216
443 324 547 387 439

1612 329 2115 388 CONSTANTINI
2154 333 2528 394 MANASSIS

3593 339 3694 402 410

455 434 540 495 Ὠς
601 431 869 504 Τυθδαρὶς
927 435 1016 489 τὸν
1077 433 1424 504 σύλλεκτρον,
1462 432 1553 486 τὸν
1605 436 1878 507 μαχητὴν,
1928 438 2017 489 τὸν
2048 447 2091 500 Α
2126 438 2363 495 Ἔδεσσα
2387 444 2571 496 τοῦτον
2602 444 2845 512 ἔϐλεψεν,
2874 446 3162 514 Εὐφράτου
3196 447 3476 509 πεδιάδες·

1805 528 1937 579 nam.

1805 528 1855 577 ”ι

447 617 544 679 Τίς
583 616 996 686 σκυμνοτρόφος
1025 615 1215 669 λέαινα
1241 615 1548 687 τετόλμηκε
1585 525 1855 683 τοιοῦτὲἓ,

453 710 516 761 Ἢ
548 708 677 760 ποία
705 706 1130 779 τιγροπὰρδαλις
1165 707 1198 779 ἢ
1232 706 1548 781 βαρύθυμος
1581 707 1781 778 ἄρκτος
1808 725 1824 773 ;

446 802 515 853 Ἢ
553 799 955 871 βούπρηστιςῆ
994 799 1249 868 ζύγαινα,
1286 800 1353 852 τὰ
1386 801 1487 869 τῆς
1529 798 1804 871 θαλάσσης
1837 799 2011 871 ἄχθη;

444 890 832 960 Εἰστρέχουσιν
866 892 948 953 είς
974 891 1066 943 τὸν
1095 892 1289 944 Φωκᾶν
1326 890 1744 960 ίχνηλατοῦντες
1773 890 1956 955 κύνες,

440 981 801 1049 Εὖρίσκουσιν
832 983 889 1034 ὲν
916 982 1156 1052 ταπεινῷ
1187 983 1441 1052 κείμενον
1471 983 1675 1053 ψιαθίῳ
1704 984 1773 1047 ⁸⁷,

442 1073 552 1125 Καὶ
586 1074 888 1126 κτείνουσιν
916 1075 1230 1143 ὲμφέροντα
1263 1074 1341 1142 τῷ
1369 1075 1598 1143 στόματι
1618 1075 1689 1128 τὰ
1714 1076 1854 1141 θεῖα,

441 1166 661 1218 ’Ἐτεσιν
691 1164 750 1229 ἓξ
775 1165 1088 1219 αύτάνακτα
1130 1167 1418 1237 Ῥωμαίων
1450 1168 1729 1237 γεγονότα.

510 1256 619 1308 Καὶ
648 1257 709 1309 τὸ
732 1257 832 1326 μὲν
858 1252 999 1328 αἷμα
1030 1257 1171 1311 κατὰ
1198 1262 1299 1331 γῆς
1328 1258 1527 1329 κέχυτο
1560 1258 1652 1310 τοῦ
1667 1259 1907 1321 δικαίου,

449 1350 535 1413 Ὠς
566 1349 729 1402 ’Ἅϐελ
755 1352 882 1424 πρὶν
913 1352 977 1405 ὲκ
1010 1353 1276 1423 παλαμῶν
1301 1353 1691 1422 ἀδελφοκτόνον
1712 1352 1759 1384 ⁸⁸
1783 1353 1945 1427 Κάῖν,

441 1444 552 1496 Kal.
581 1443 717 1513 πρὸς
750 1443 884 1498 Θεὸν
905 1445 1189 1516 ἀνέπεμπε
1224 1446 1353 1516 βοὰς
1386 1446 1784 1521 θρηνητηρίους
1810 1462 1823 1475 ’

448 1535 513 1587 '0
549 1533 854 1605 Τζιμισχῆς
879 1536 923 1589 δ’
955 1536 1237 1606 ἀμφέθετο
1275 1540 1342 1608 τῇ
1378 1537 1588 1607 κεφαλῇ
1630 1539 1689 1589 τὸ
1724 1538 1940 1607 στέφος,

441 1626 552 1679 Καὶ
589 1626 748 1679 πάλιν
779 1627 1055 1698 ’Λρῤαὗες
1077 1629 1245 1682 αὐτὸν
1285 1629 1515 1698 ἔϐλεψαν
1538 1628 2010 1700 στραταρχοῦντα,

442 1717 551 1770 Καὶ
585 1718 745 1770 πάλιν
774 1717 932 1788 Σύροι
958 1719 1206 1787 γεύονται
1241 1719 1682 1791 δραστικωτέρας
1708 1719 1942 1791 σπάθης,

444 1809 611 1863 Πάλιν
635 1809 854 1864 Χαϐδέιν
884 1792 1215 1881 ὀ³φύλαρχος
1239 1810 1438 1881 ἔφευγε
1470 1813 1514 1846 ⁸³
1554 1812 1965 1882 προτροπάδην.

441 1894 611 1964 Οὗτος
638 1903 666 1954 ὁ
696 1901 921 1972 κράτωρ
938 1903 1049 1962 τοῖς
1074 1902 1286 1971 ἐχθροῖς
1314 1889 1376 1956 τί)
1415 1901 1569 1972 ξίφος
1594 1904 1882 1965 ἐπισείσας

440 1993 553 2045 Καὶ
587 1994 692 2045 πᾶν
734 1992 1028 2062 Ῥωμαίοις
1066 1993 1359 2063 πρόσοικον
1395 1994 1673 2065 βάρϐαρον
1701 1992 2015 2063 ἐκφοϐήσας

440 2083 517 2135 Τὸ
547 2083 753 2154 γαῦρον
778 2083 873 2136 τοῦ
901 2086 1248 2155 φρονήματος
1274 2073 1495 2139 ἔπεισεν
1529 2087 1851 2152 ἀποθέσθαι,

440 2176 551 2231 Καὶ
587 2176 953 2241 στενωθέντας
986 2177 1079 2231 ὑπ’
1132 2177 1343 2249 ἐχθρῶν
1379 2180 1507 2243 τοῦς
1552 2181 1658 2233 τῶν
1722 2179 2015 2250 Ῥωμαίων

1765 2271 1947 2344 [ὄρους

452 2362 744 2417 Ἐπλάτυνε
773 2363 1120 2434 σχοινίσμασι
1149 2366 1341 2435 χωρῶν
1383 2366 1856 2435 ἀπειροπὶέθρων,

440 2457 552 2509 Καὶ
582 2455 746 2526 μέχρι
769 2454 1001 2527 ῥείθρων
1030 2457 1302 2527 Τίγρητος
1330 2456 1498 2527 ἔπηξε
1522 2457 1620 2519 τὰς
1656 2456 1905 2520 αὐλαίας.

444 2547 713 2616 Ἐφριξαν
761 2547 951 2623 τούτου
1006 2548 1106 2619 τὴν
1158 2548 1364 2619 αἰχμὴν
1414 2549 1654 2602 Κιλίκων
1703 2550 1753 2602 οἱ
1809 2565 2013 2618 φρουρ-

1748 2641 1939 2714 [ἀρχαι

443 2732 711 2807 Ἐτρεσαν
731 2733 919 2791 τούτου
937 2734 1034 2803 τὴν
1054 2735 1206 2804 ἰσχὺν
1224 2733 1277 2786 Ἀ
1290 2734 1509 2807 ρῤάϐων
1524 2736 1572 2788 οί
1590 2737 1928 2807 στρατάρχαι
1943 2737 2011 2790 θο.

450 2824 511 2878 ’0
544 2825 723 2901 Φοῖνιξ
756 2825 1123 2902 ἐδραπέτευσε
1154 2824 1252 2890 τὰς
1290 2826 1593 2896 ὲμπυρίους
1616 2830 1825 2897 χεῖρας,

455 2920 799 2991 ’Υπόχλωρος
822 2922 1041 2988 ἐγένετο
1061 2920 1279 2990 φεύγων
1307 2920 1376 2995 τὸ,
1399 2920 1526 2992 δόρυ
1553 2921 1745 2991 Σύρος.

442 3138 696 3207 maritum
723 3152 972 3219 heroem,
1014 3150 1379 3221 praeliatorem
1414 3149 1705 3221 insignem.
1751 3151 2010 3218 Quzenam
2037 3136 2081 3197 Ο

442 3248 621 3299 leaena
647 3243 750 3315 tale
777 3243 1058 3313 quippiam
1102 3242 1207 3296 fuit
1235 3256 1373 3313 ausa
1409 3241 1649 3296 facere?
1680 3257 1802 3313 qua:
1845 3244 2014 3315 tigro—

439 3335 714 3408 pardalis?
742 3350 864 3404 quze
893 3333 1061 3393 ursa?
1090 3348 1213 3403 qua:
1248 3332 1569 3403 bnprestis?
1599 3349 1720 3403 qua:
1748 3350 1962 3405 zygzena
1992 3337 2021 3391 ?.

440 3427 709 3503 Nimirum
732 3440 894 3481 canes
916 3425 990 3478 illi
1008 3424 1245 3480 Phocam
1274 3422 1593 3492 indagantes
1615 3422 2012 3493 introcurrunt,

440 3523 726 3591 reperiunt
787 3534 913 3573 eum
969 3517 1260 3577 cubantem
1312 3514 1466 3571 humi
1516 3516 1777 3580 tenuiter,
1827 3517 2013 3573 divina

439 3613 687 3685 qumdam
714 3611 884 3683 verba
927 3609 1373 3683 pronuntiantem
1406 3607 1766 3681 interficiunt,
1797 3619 2011 3665 sextum

435 3707 545 3773 jam
575 3716 779 3756 annum
811 3701 1192 3768 imperantem.

511 3794 626 3865 Hoc
647 3792 812 3846 modo
840 3790 975 3861 justi
998 3789 1101 3843 viri
1132 3788 1356 3858 sanguis
1383 3788 1435 3841 in
1480 3798 1678 3844 terram
1712 3790 2012 3860 profunde-

442 3887 625 3949 batur',
660 3892 720 3954 ut
775 3883 981 3938 Abelus
1020 3880 1150 3934 olim
1178 3896 1209 3934 a
1254 3879 1425 3935 Caino
1453 3880 1736 3956 fratricida
1785 3894 2013 3939 necatus

436 3983 542 4040 est,
586 3984 642 4029 et
686 3973 751 4029 ad
783 3962 952 4027 Deum
983 3971 1237 4040 querelas
1281 3968 1660 4035 lamentabiles
1701 3971 2009 4027 emittebat.

441 4067 754 4123 Secundum
790 4066 906 4120 haec
955 4063 1257 4118 Zimiscltes
1292 4077 1550 4117 coronam
1603 4063 2011 4133 imperatoriam

440 4162 546 4217 sibi
594 4159 856 4224 vindieat,
903 4166 959 4212 et
993 4170 1213 4209 rursum
1253 4156 1441 4225 c0pias
1480 4155 1746 4225 adversus
1804 4156 2014 4212 Arabes

439 4234 649 4316 educit,
673 4265 867 4305 rursus
895 4263 1082 4303 ensem
1115 4246 1238 4318 Syri
1286 4247 1563 4303 eflicacem
1597 4256 1841 4318 gustant,
1882 4265 2016 4304 rur—

439 4360 561 4399 sum
594 4340 839 4416 Phrygiae
886 4338 1067 4410 gentis
1112 4338 1371 4410 princeps
1441 4338 1564 4410 fuga
1614 4339 1719 4396 sibi
1750 4343 2008 4417 consulit.

439 4435 659 4491 Etenim
689 4433 770 4488 sic
801 4432 1097 4501 imperator
1120 4430 1301 4501 gladio
1330 4440 1519 4485 contra
1563 4432 1752 4488 hostes
1777 4435 2010 4498 vibrato,

440 4526 806 4594 Barbarisque
858 4523 1104 4578 finitimis
1133 4524 1503 4577 Romanorum
1528 4524 1758 4593 imperio
1782 4527 2012 4594 territis,

438 4632 634 4672 omnes
696 4613 959 4669 ferociam
1020 4613 1187 4667 animi
1251 4612 1678 4682 superbiamque
1737 4614 2015 4684 deponere

439 4710 637 4783 coegit.
668 4724 731 4763 ac
761 4706 1060 4777 plurimum
1092 4703 1353 4759 Romanis
1379 4702 1602 4768 finibus,
1624 4704 1717 4774 qui
1742 4707 1811 4759 ab
1844 4706 2016 4760 hosti-

443 4803 545 4856 bus
565 4798 720 4853 valde
743 4795 973 4852 coartati
1002 4794 1242 4857 fuerant,
1260 4794 1483 4865 adjecit,
1500 4797 1695 4851 castris
1720 4796 1786 4850 ad
1805 4795 2014 4866 Tigrim

441 4905 659 4944 amnem
700 4902 874 4957 usque
912 4884 1198 4957 promotis.
1233 4884 1546 4939 Metuebant
1572 4885 1744 4940 robur
1775 4887 1894 4957 ejus
1920 4885 2014 4942 Ci-

439 4984 579 5038 liciae
619 4979 998 5051 praesidiorum
1028 4978 1509 5050 munitionumque
1542 4977 1820 5047 principes
1851 4996 1864 5032 :
1900 4993 2013 5033 ma-

443 5089 548 5129 nus
580 5072 658 5129 rei
681 5071 936 5126 militaris
962 5085 1160 5141 gnaras
1182 5068 1505 5137 Plitenicum
1534 5068 1685 5123 natio
1716 5068 1961 5139 fugiebat
1993 5087 2008 5125 :

2133 532 2425 600 Ῥωμαίων
2461 534 2625 597 ἵππος
2654 535 2774 586 ἔπιε
2810 536 3063 605 ναμάτων
3095 538 3204 591 τῶν
3238 539 3553 609 Εὐφράτου,

2119 624 2226 676 Καὶ
2251 625 2626 693 φρυαγμάτων
2647 625 2849 697 ἔπλησε
2871 628 3062 680 τοῦτον
3096 632 3606 701 μυκτηροκόμπων.

2122 719 2353 789 Ἴζϐλεψε
2383 720 2572 773 τοῦτον
2600 722 2857 785 Δάνουὸες
2884 722 2977 775 καὶ
3010 723 3222 791 Σκύθης
3258 725 3634 797 ἰστρογείτων

2119 811 2227 875 Τάς
2264 813 2548 881 φὲλαγγας
2600 816 2995 881 συγκόπτοντα,
3022 817 3324 887 Ῐρηγνύντα,
3353 820 3478 881 τοὺς
3518 817 3695 871 Σκυθ.

3400 907 3613 979 [ἀρχαςς

2120 994 2475 1057 Κτιννύοντα,
2506 995 2790 1060 διώκοντα,
2827 998 3095 1067 τρέποντα
3124 1000 3252 1061 τοὺς
3279 1001 3618 1071 προμάχους,

2128 1086 2216 1147 Ὠς
2243 1088 2391 1149 εἴτις
2412 1088 2546 1140 λέων
2578 1089 2834 1158 ἐμπεσὼν
2872 1088 3025 1157 βουσὶ
3055 1091 3522 1163 μεγαλοπλεύροις

2117 1179 2351 1249 Θοινῷτο
2376 1180 2470 1232 καὶ¹
2501 1181 2862 1251 σπαράγμασι
2899 1181 3096 1251 βιαίοις
3123 1185 3392 1253 κεραῖζοι.

2120 1271 2254 1324 Τότε
2290 1272 2383 1323 καὶ
2412 1270 2607 1341 ῥεῖθρα
2630 1273 2893 1342 ποταμῶν
2912 1274 2992 1335 είς
3025 1269 3167 1343 αἷμα
3195 1277 3535 1346 μετετράπη,

2118 1364 2228 1415 Καὶ
2248 1364 2441 1431 γέγονε
2467 1362 2838 1433 λυθρόφυρτος
2859 1366 2887 1416 ὁ
2922 1365 3306 1435 καλλιχεύμων
3346 1368 3580 1438 Ἴστρος.

2129 1452 2389 1523 Ῥωμαῖοι
2421 1454 2777 1526 κατεχόρευον
2811 1454 3010 1509 πεδίων
3037 1456 3400 1526 παριστρίων.

2116 1546 2360 1612 Καρδίας
2394 1545 2450 1598 δὲ
2476 1545 2818 1616 βαρϐαρικὰς
2852 1546 2913 1599 τὸ
2940 1545 3060 1610 δέος
3084 1548 3477 1615 ἑκρυστάλλου.

2187 1640 2441 1706 Τοιοῦτος
2461 1637 2530 1711 ἦν
2550 1644 2578 1695 ὁ
2605 1641 2912 1713 Τζιμισχῆς
2941 1642 3144 1711 ποιμὴν
3180 1642 3576 1714 θηροδιώκτης.

2121 1733 2487 1805 Προφυλακὰς
2508 1733 2830 1804 ποιούμενος
2853 1732 2962 1786 τῶν
2982 1733 3179 1787 ἑαυτοῦ
3202 1733 3554 1805 θρεμμάτων,

2122 1826 2433 1896 Ἀγρυπνος
2464 1826 2583 1880 οὐδὲ
2618 1825 2863 1894 βλέφαρα
2896 1825 3033 1895 πρὶς
3061 1824 3226 1878 ὕπνον
3261 1826 3614 1896 καταφέρων,

2118 1919 2230 1972 Καὶ
2255 1917 2509 1985 σιαγόνας
2538 1917 2823 1973 καταθλῶν
2847 1916 3028 1987 θηρῶν
3055 1918 3492 1988 καρτερονύχων.

2130 2008 2219 2061 Ἐν
2244 2008 2522 2078 ἀνεσίμοις
2555 2007 2837 2079 δὲνκαιροῖς
2875 2009 3069 2079 πρᾶος,
3094 2008 3249 2078 ἡδὺς,
3276 2008 3512 2070 ἀστεῖος,

2122 2102 2312 2170 Ὀμμα
2334 2078 2819 2171 χαριτοϐλέφαρον,
2850 2099 3071 2171 βλέμμα
3097 2100 3392 2153 σταλάττον
3417 2097 3631 2169 τέρψιν,

2120 2192 2417 2263 Πρόσωπον
2449 2189 2799 2261 ἱλαρώτατον,
2832 2193 2954 2261 χεὶρ
2981 2189 3407 2263 φιλοδωροτάτη,

2118 2282 2327 2353 Καρδία
2368 2282 2767 2353 μεγαλόψυχος,
2809 2284 3392 2354 μεγαλοπρεπεστάτῃ,

2123 2374 2316 2437 ’Λλλος
2366 2374 2696 2445 παράδεισος
2731 2373 2869 2428 Θεοῦ
2898 2373 3136 2445 τέτταρα
3164 2373 3376 2444 βλύζων
3408 2374 3598 2447 ῥεῖθρα
3618 2375 3688 2440 ⁸⁸,

2116 2466 2495 2537 Δικαιοσύνην,
2518 2466 2803 2536 φρόνησιν,
2824 2466 3069 2537 ἀνδρίαν,
3103 2466 3482 2537 σωφροσύνην,

2126 2562 2216 2626 Ὠς
2239 2562 2351 2630 εἴγε
2387 2562 2463 2631 μὴ
2497 2561 2574 2632 τῷ
2600 2562 2866 2631 μολυσμῷ
2888 2562 2983 2615 τοῦ
3010 2562 3174 2631 φόνου
3207 2561 3546 2631 κατεχράνθη
3580 2559 3650 2620 ⁶⁹,
3712 2560 3717 2573 ’

2130 2655 2328 2724 Ἀστὴρ
2368 2654 2433 2707 ἂν
2461 2649 2531 2725 ἦν
2568 2654 2895 2725 αὐτόχρημα
2912 2654 3216 2724 φωσφόρος,
3242 2655 3527 2722 ζωογΰνος.

2199 2746 2286 2809 Ὠς
2314 2745 2372 2798 δέ
2402 2762 2535 2799 ποτε
2572 2746 2667 2800 καὶ
2692 2746 3002 2814 Τζιμισχῆν
3042 2747 3301 2815 ἀπήγαγε
3330 2747 3425 2800 τοῦ
3457 2748 3572 2819 βίου

2116 2833 2190 2888 Τὸ
2221 2834 2514 2900 πάγκοινον
2542 2832 2816 2902 ὀφείλημα
2838 2832 2939 2901 τῆς
2971 2833 3210 2903 φυσικῆς
3248 2834 3497 2904 ἀνάγκης

2121 2926 2339 2983 Ἔτεσιν
2369 2924 2429 2987 ἒξ
2453 2923 2591 2993 μετὰ
2613 2914 2807 2976 Φωκᾶν
2833 2924 3185 2994 κρατήσαντα
3229 2924 3518 2994 Ῥωμαίων
3547 2928 3612 2988 ⁸³,

3361 3052 3517 3108 Vers.
3546 3052 3683 3109 59H

2116 3167 2334 3215 verunt.
2357 3157 2653 3226 Conspexit
2692 3157 2945 3212 eumdem
3000 3157 3277 3215 Danubius
3299 3159 3517 3224 fluvius,
3551 3176 3689 3217 cono

2115 3261 2414 3322 spexerunt
2445 3249 2584 3313 Istro
2624 3247 2791 3303 vieini
2844 3248 3059 3320 Scythae
3099 3250 3396 3305 caadentem
3446 3252 3686 3307 hostium

2115 3342 2352 3413 agmina,
2395 3340 2565 3394 duces
2614 3337 2896 3393 nationum
2932 3348 3401 3409 perrumpentem,
3424 3341 3686 3397 occiden-

2118 3442 2249 3497 tem,
2293 3437 2741 3502 persequentem,
2776 3428 3165 3500 antesignanos
3200 3430 3254 3485 in
3300 3430 3481 3503 fugam
3512 3434 3687 3503 conji-

2115 3524 2377 3588 cientem,
2427 3537 2536 3576 non
2592 3521 2752 3575 aliter
2810 3527 2973 3591 atque.
3017 3519 3104 3575 leo
3138 3520 3352 3577 delatus
3412 3523 3467 3577 in
3514 3523 3688 3584 boves

2115 3629 2212 3670 eos
2237 3614 2386 3684 ipsos
2415 3621 2617 3667 mactat
2648 3621 2812 3681 atque
2834 3612 3115 3666 dilacerat.
3160 3613 3416 3668 Amuium
3446 3630 3599 3683 aqua:
3630 3615 3686 3673 in

2114 3705 2439 3777 sanguinem
2499 3713 2631 3757 tunc
2682 3713 3028 3758 commutatae
3082 3704 3327 3770 fuerunt,
3364 3705 3484 3775 ipso
3516 3706 3680 3762 etiam

2112 3798 2253 3853 Istro
2288 3804 2597 3853 cruentato.
2634 3795 2797 3864 120
2838 3793 3241 3851 Percurrcbant
3286 3797 3518 3853 Romani
3549 3798 3686 3854 vici-

2114 3903 2213 3942 nas
2257 3887 2308 3942 ei
2360 3885 2662 3956 planities,
2721 3883 3090 3941 Barbarorum
3143 3885 3343 3941 animis
3395 3886 3689 3945 formidine

2113 3978 2401 4051 perculsis.
3204 3961 3212 3971 ’

2184 4070 2333 4125 Talis
2365 4069 2621 4122 nimirum
2647 4074 2832 4136 pastor
2854 4065 3314 4130 eratZimiscbes,
3348 4069 3442 4138 qui
3476 4068 3687 4124 belluas

2092 4159 2588 4234 persequebatur,
2625 4174 2724 4228 pro
2760 4157 2874 4212 suis
2915 4157 3222 4228 pecudibus
3253 4160 3516 4216 excubias
3559 4176 3689 4232 ages

2118 4256 2232 4318 bat,
2280 4267 2384 4307 nec
2416 4266 2667 4305 somnum
2702 4250 2877 4304 oculis
2909 4249 3128 4305 videbat
3159 4250 3313 4316 suis,
3349 4251 3406 4305 in
3453 4252 3558 4307 hoc
3603 4252 3688 4305 in-

2117 4344 2382 4399 cumbens
2407 4350 2468 4395 ut
2495 4339 2814 4394 immanium
2839 4338 3081 4395 ferarum.
3112 4341 3360 4397 maxillas
3386 4343 3693 4400 contunde-s

2118 4446 2222 4492 ret.
2244 4437 2457 4496 Bursus
2488 4432 2632 4487 idem
2669 4434 2817 4510 pacis
2847 4441 3092 4502 tempore
3114 4435 3284 4498 mitis,
3307 4434 3507 4509 suavis,
3532 4435 3690 4491 urba-

2121 4542 2226 4583 nus
2252 4535 2393 4582 erat.
2424 4525 2625 4579 Oculos
2660 4523 2896 4593 habebat
2938 4523 3224 4590 amabiles,
3253 4524 3436 4579 vultus
3479 4540 3685 4580 meram

2115 4622 2454 4690 voluptatem
2482 4617 2743 4681 stillabat,
2774 4616 2915 4672 facie
2944 4616 3280 4682 laztissimus,
3315 4632 3478 4671 manu
3514 4619 3692 4671 muni-

2117 4711 2524 4775 ﬁcentissimus,
2557 4709 2722 4765 corde
2749 4708 3130 4779 magnanimus
3160 4718 3214 4763 et
3242 4707 3403 4779 plane
3434 4710 3689 4780 magnifi-

2116 4806 2508 4871 centissimus;
2544 4812 2666 4858 erat
2694 4802 2930 4871 denique
2961 4801 3247 4871 paradisus
3273 4802 3427 4871 quasi
3464 4801 3687 4871 quidam

2123 4910 2326 4959 novus,
2357 4910 2388 4950 e
2421 4909 2532 4965 quo
2566 4891 2715 4946 ﬂuvii
2744 4898 2984 4961 quatuor
3010 4889 3424 4958 promanabant,
3452 4891 3688 4961 justitia,

2119 4985 2445 5058 prudentia,
2493 4982 2789 5044 fortitudo,
2842 4981 3222 5051 temperantia.
3256 4979 3462 5055 Quodsi
3495 4980 3690 5036 Pliocze

2110 5076 2462 5150 imperatoris
2491 5075 2637 5130 caede
2666 5083 2841 5129 semet
2871 5088 2978 5127 non
3011 5074 3458 5139 contaminasset,
3490 5090 3681 5144 reapse

442 5164 563 5237 Syri
587 5179 712 5237 cum
740 5163 951 5232 pallore
980 5160 1190 5216 bellum
1223 5159 1681 5237 reformidabant.
1715 5160 2013 5232 Conspexit
2108 5166 2308 5223 fuisset
2342 5165 2518 5219 instar
2551 5161 3021 5219 sideris’luciferi.

443 5258 590 5312 hunc
635 5256 1024 5333 imperatorem
1049 5251 1279 5333 Edessa.
1322 5263 1725 5322 conspexerunt
1766 5253 2015 5324 Euphra-

445 5349 513 5403 tis
571 5346 774 5415 campi,
835 5346 994 5417 cujus
1044 5344 1221 5398 amnis
1243 5360 1412 5415 aquas
1461 5343 1832 5401 Romanorum
1886 5348 2013 5417 equi

446 5440 773 5496 hauserunt.
802 5444 858 5489 et
884 5452 947 5491 ea
974 5435 1091 5491 loca
1121 5435 1322 5505 passim
1357 5436 1473 5492 suis
1502 5436 1815 5493 hinnitibus
1840 5439 2015 5509 reple-

2182 5257 2542 5327 Postcaquam
2574 5268 2781 5310 naturze
2807 5254 3056 5309 debitum
3080 5253 3456 5323 persolvissct,
3483 5255 3690 5310 exactis

2112 5358 2234 5418 post
2258 5347 2494 5402 Phocam
2523 5346 2579 5400 in
2613 5345 2841 5415 imperio
2867 5361 2960 5400 se.\
2987 5345 3168 5409 annis,
3200 5345 3546 5401 efﬂorescere
3574 5360 3689 5399 co;-

2114 5447 2314 5508 perunt
2360 5438 2591 5492 Basilius
2622 5446 2677 5490 et
2705 5435 3101 5492 Constantinus
3151 5435 3536 5507 purpurigcnze
3575 5432 3686 5505 Ru-

1767 5576 1967 5636 Varire
2009 5575 2311 5637 lectiones

508 5697 553 5727 .7
586 5694 867 5765 χαμευνίῳ
904 5693 1017 5748 Ali.
1196 5695 1599 5765 ὀδελφοκτόνων
1634 5702 1699 5751 Λ.

440 5768 484 5803 ⁶³
513 5762 849 5837 συνεχράνθη
872 5766 947 5818 Μ.
1024 5766 1067 5798 ⁸³
1105 5764 1258 5821 llunc
1287 5762 1501 5822 versum
1540 5782 1649 5821 om.
1694 5765 1757 5818 Β.

1812 5699 1856 5729 ss
1889 5696 2015 5765 ἔφη

2115 5698 2154 5748 ι.
2257 5695 2300 5726 ⁶⁶
2326 5660 2479 5748 liniue
2503 5708 2720 5769 versum
2746 5692 2873 5749 add.
2914 5695 2978 5748 fl.
3086 5692 3131 5726 "
3167 5693 3358 5764 ῥεῖθρα
3391 5692 3601 5764 βλύζων
3642 5693 3688 5747 Λ
