4122 6212
390 338 500 402 4ίῦ

394 455 659 522 Συνέσχον
695 452 791 505 καὶ
813 453 1096 507 Βασίλειον
1125 458 1181 508 al
1215 456 1382 526 μύλαι
1408 455 1503 509 τοῦ
1531 456 1786 519 Θανάτου,
1865 478 1877 503 ι

394 548 504 602 Καὶ.
534 547 628 600 τὸν
659 545 954 616 ’Ῥωμαίων
983 547 1256 618 ἑδρασμὸν
1283 548 1525 619 ὴλόησαν
1555 548 1630 611 ὡς
1664 550 1831 611 σῖτον,

393 641 539 711 Πλὴν
565 641 625 692 ιν
649 638 807 709 βαθεῖ
836 639 931 691 καὶ
957 638 1179 710 λιπαρῷ
1213 640 1307 692 καὶ
1337 639 1697 708 μακροχρόνῳ
1725 639 1894 708 γήρα,

404 730 494 781 Ἑν
521 728 668 780 ἔτεσι
709 727 1048 797 πεντήκοντα
1074 729 1425 797 κρατήσαντα
1466 728 1832 797 Ῥωμαίωνττ.

376 822 467 888 ,Ἢ
501 821 559 874 δὲ
592 818 860 889 βασίλειος
897 818 1051 887 ίσχὺς
1081 819 1177 870 καὶ
1204 818 1272 870 τά
1312 818 1598 888 Ῥωμαίων
1630 818 1886 887 σκῆπτρα

395 912 533 980 Πρὸς
553 909 1002 980 τὺνίαύθόμαιμον
1017 907 1183 961 αὐτοῦ
1209 909 1299 962 τὸν
1329 911 1736 962 Κωνσταντίνον
1758 907 1969 978 τρέχει.

405 1003 544 1056 Ἀλλ’
571 998 641 1072 ἦν
666 1001 1080 1068 ὲπαληθεύουσα
1109 1000 1328 1063 πάντως
1358 1002 1392 1071 ἡ
1427 999 1694 1071 παροιμία
1720 1015 1735 1030 ·

394 1094 737 1164 Ποδονιπτὴρ
766 1094 865 1147 καὶ
895 1093 1167 1147 κύπελλον
1218 1096 1283 1146 ὲκ
1327 1093 1435 1146 τῶν
1467 1093 1648 1147 αὐτῶν
1678 1091 1970 1162 χωμάτων,

397 1183 800 1251 Ζωμήρυστρον
813 1181 859 1213 ⁷⁸
890 1184 986 1235 καὶ
1008 1180 1288 1252 σαρωτρδν
1309 1183 1374 1235 ἐκ
1413 1181 1513 1250 τῆς
1536 1182 1706 1251 αὐτῆς
1738 1179 1970 1245 ξυλείας.

398 1272 461 1322 υἱ
496 1271 597 1341 βίοι
632 1270 742 1339 γὰρ
759 1275 875 1324 τοῖν
902 1271 1152 1341 ἀδελφοῖν
1184 1268 1325 1342 ἦσαν
1357 1274 1420 1325 ἐκ
1441 1271 1736 1342 διαμέτρου

412 1364 683 1435 Ἀὒλήλων
700 1366 1166 1436 παραλλάττοντες
1183 1367 1601 1438 ἀπειρομέτροις
1624 1367 1866 1438 μέτροις.

402 1455 570 1507 Ὅσον
600 1458 628 1508 ὁ
656 1456 758 1522 μὲν
786 1454 1068 1519 Βασίλειος
1088 1457 1188 1520 τὰς
1219 1455 1415 1526 ἡδονὰς
1444 1456 1714 1525 φαυλίσας

402 1546 648 1617 Μελέτην
680 1547 789 1601 τῶν
819 1548 1135 1618 πολεμικῶν
1165 1549 1374 1603 ἐτίθετο
1396 1552 1487 1604 τὸν
1515 1550 1650 1621 βίον,

405 1637 636 1707 Ἀνδρας
660 1638 748 1690 ἀεὶ
779 1638 1119 1708 φυλοκρινῷν
1144 1641 1435 1706 εὐίππους,
1460 1642 1819 1714 ὁπλοφόρους,

403 1728 512 1781 Καὶ
538 1729 666 1791 τοὺς
699 1728 1164 1801 χαλκεοθώρακας
1190 1732 1286 1785 καὶ
1307 1732 1851 1801 πολεμοστολίστους,

1487 324 1993 407 COMPENDIUM
2034 345 2510 412 CHaoNICUM.

3538 343 3645 406 ιιι

1998 459 2042 513 Α
2076 458 2187 511 Καὶ
2208 461 2345 526 πρός
2371 479 2533 515 τινων
2558 460 2892 530 ὲκδιδαχθεὶς
2921 461 2996 524 ὡς
3032 461 3153 530 μετ’
3176 460 3341 513 αὐτὸν
3366 457 3427 511 τὸ
3447 458 3647 524 κράτος

2069 551 2164 613 El:
2208 551 2488 621 Ῥωμανὸν
2525 554 2857 623 φοιτήσειεν,
2887 552 2984 604 ἕνα
3030 552 3137 604 τῶν
3180 550 3280 620 τῆς
3310 547 3645 618 συγκλήτου,

2070 643 2329 714 Ἐπίκλην
2356 646 2816 716 Ἀργυρόπουλον,
2848 642 3090 715 βιάζεται
3115 642 3206 696 τὸν
3238 640 3409 709 ἄνδρα

2069 737 2184 806 Τὴν
2212 736 2405 807 ἄλοχον
2437 737 2534 791 καὶ
2564 738 2812 807 γαμετὴν
2833 736 2933 806 τὴν
2957 736 3088 805 πρὶν
3115 731 3487 788 ἀποϐαλέσθαι

2071 831 2183 883 Kal
2214 829 2512 899 συζυγῆναι
2560 833 2626 900 τῇ
2680 832 2801 901 Ζωῇ
2832 832 2899 899 τῇ
2948 826 3505 898 πορφυροϐλαστήτῳ.

2073 922 2184 974 Kal
2220 921 2391 974 ταῦτα
2415 920 2733 989 διαθέμενος
2766 921 3086 989 μεθίσταται
3123 915 3218 970 τοῦ
3253 917 3367 986 βίου
3389 957 3403 979 ,

2082 1012 2272 1081 Βραχὺ
2305 1014 2405 1079 τῆς
2440 1012 2841 1081 αὐτοκράτορος
2873 1009 3049 1079 ἀρχῆς
3096 1008 3549 1077 παραπολαύσας,

2072 1102 2184 1156 Kal
2232 1102 2454 1173 χρόνους
2498 1101 2592 1155 δύο
2640 1101 2906 1171 μόναρχος
2931 1098 3157 1167 δειχθεὶς
3194 1099 3649 1167 Αὐσονοκράτωρ.

2146 1195 2256 1247 Kal
2292 1194 2570 1263 Ῥωμανδς
2603 1192 2904 1260 ἐγκάθηται
2933 1193 3047 1252 τοῖς
3078 1189 3369 1259 βασιλείοις
3418 1188 3648 1259 θρόνοις,

2088 1286 2257 1352 ’Λνὴρ
2284 1284 2469 1352 σοφὸς,
2501 1284 2781 1353 θεοσεϐὴς,
2801 1280 3119 1350 ὲμμελετῶν
3147 1283 3260 1343 τοῖς
3293 1279 3457 1342 θείοις

2078 1378 2189 1431 Kal
2207 1376 2411 1445 βίϐλοις
2437 1376 2645 1445 χαίρων
2678 1376 2744 1428 τὰ
2765 1374 2934 1427 πολλὰ
2963 1375 3053 1426 καὶ
3072 1372 3292 1425 στάσεσι
3321 1371 3615 1440 παννύχοις
3634 1385 3649 1402 °

2082 1469 2180 1530 Ὃς
2207 1467 2348 1536 ἄγαν
2382 1464 2811 1535 μεγαλοπρεπῶς
2841 1467 2905 1533 τῇ
2940 1463 3186 1530 Θεοτόκῳ
3224 1462 3376 1532 Κόρῃ

2078 1558 2477 1627 Ἀνεδομὴσατο
2519 1555 2687 1626 μονὴν
2790 1554 3154 1624 Περίϐλεπτος
3196 1553 3409 1621 κλῆσις.

2068 1628 2191 1702 ‘Kal
2216 1647 2396 1701 τοίνυν
2428 1649 2462 1715 ἡ
2501 1646 2789 1716 βασίλισσα
2818 1644 3034 1714 νεότητι
3058 1641 3347 1714 σφριγῶσα

2080 1741 2192 1795 Kal
2227 1740 2565 1808 σφαδασμοῖς
2588 1739 2923 1807 σωματικοῖς
2953 1722 3514 1806 περιθὲρμαινομένη,

411 1822 471 1877 ⁸0
524 1824 938 1891 Κωνστανῖίνος
1000 1828 1045 1882 δ’
1102 1828 1340 1899 ἔμπαλιν
1361 1844 1376 1860 ο
1435 1830 1557 1884 οὐδὲ
1619 1830 1731 1899 γὰρ
1794 1829 1977 1902 φέρων
2011 1822 2053 1841 ν
2083 1835 2193 1888 Kal
2219 1833 2491 1904 βλέπουσα
2520 1832 2609 1884 τὸν
2649 1830 2931 1900 Ῥωμανὸν
2953 1829 3077 1884 καθ’
3112 1828 3300 1881 ἑαυτὸν
3331 1826 3552 1897 βιοῦντα

1688 1926 1910 1996 βλέπειν

401 2011 694 2081 κνημίδων
727 2013 1065 2085 περισφύρια
1094 2015 1192 2069 καὶ
1217 2016 1475 2088 σιδηροῦς
1507 1925 1764 2087 χιτῶὲξέῗ

402 2104 475 2157 Οὐ
505 2102 701 2157 δοῦπον
727 2105 1150 2175 ἁρματόκτυπον
1173 2105 1391 2161 ἀκούειν
1426 2106 1527 2161 κᾶν
1550 2108 1609 2162 ὲν
1641 2106 1856 2172 ὕπνοις,

403 2192 539 2257 Οὐδὲ
565 2194 663 2262 τῆς
683 2194 730 2225 ’τ’
764 2194 1063 2263 σάλπιγγος
1095 2194 1223 2259 βοὰς
1248 2197 1350 2265 τῆς
1386 2196 1838 2269 πολεμιστηρίας,

405 2282 481 2336 Οὐ
513 2282 759 2350 λαλαγὰε
786 2286 1038 2354 άρεῖκὰς,
1078 2287 1140 2340 οὐ
1172 2287 1393 2341 κέλαδον
1426 2289 1756 2367 κακόθρουν,

404 2376 649 2445 Τρυφαῐς
682 2375 975 2446 ἐσχόλαζεν
1004 2378 1091 2431 ἀεὶ
1119 2382 1215 2432 καὶ
1235 2380 1496 2451 λιπαραῖς
1525 2381 1850 2452 τραπέζαις,

408 2467 516 2525 Kal
538 2468 782 2534 γυναιξὶν
820 2469 1111 2539 ἐπέχαιρεν
1141 2471 1401 2541 άσέμνοις
1421 2511 1437 2535 ,
1460 2473 1804 2543 όρχηστρίσι,

407 2557 714 2623 Φιλαύλοις,
746 2559 1170 2627 φιλοπαίγμοσι,
1191 2561 1739 2635 φιλοκιθαριστρίαις,

412 2651 523 2705 Kal
545 2649 719 2703 ταῦτα
745 2652 1139 2724 παλαιόχρονος
1173 2654 1451 2724 πέμπελος
1472 2655 1550 2709 ῶν
1578 2656 1873 2728 τριγέρων.

408 2741 603 2813 Ψυχὴν
636 2742 694 2796 δὲ
719 2744 1079 2814 δειλοκάρδιον
1104 2744 1199 2798 καὶ
1233 2746 1542 2817 τρομαλέαν
1565 2747 1706 2816 ἔχων

422 2836 553 2887 Ἀπὸ
578 2834 744 2906 ψιλῆς
768 2836 1021 2907 διαϐολῆς
1052 2838 1178 2900 τοὺς
1208 2838 1424 2901 πλείους
1455 2839 1788 2907 άπτύφλου,

423 2924 512 2988 Ὠς
538 2925 700 2993 δῆθεν
742 2925 1151 2996 ὐπορύττοντας
1179 2926 1362 2991 δόλους
1391 2927 1754 2991 ἁποστασίας.

410 3016 536 3079 Ἐπὶ
559 3017 681 3072 δυσὶ
706 3016 798 3071 τὸν
829 3018 944 3089 βίον
972 3019 1030 3073 δὲ
1066 3018 1307 3076 σαλεύων
1337 3018 1667 3091 θυγατράσι,

416 3259 597 3304 tamen
626 3251 730 3306 hoc
756 3250 833 3305 illi
862 3258 1071 3306 matura
1099 3261 1472 3324 provectaque
1500 3255 1611 3326 jam
1641 3265 1823 3323 aetate,
1860 3275 1986 3315 eum

415 3342 652 3411 imperio
693 3343 1091 3412 quinquaginta
1135 3344 1260 3399 totis
1303 3328 1469 3401 annis]
1501 3348 1826 3417 praefuisset.
1861 3353 1991 3408 Post

415 3451 542 3491 eum
579 3434 728 3505 regia
755 3443 997 3504 potestas
1026 3435 1092 3489 ad
1119 3434 1343 3492 fratrem
1377 3436 1548 3507 ipsius
1566 3439 1988 3497 Constantinum

413 3529 657 3583 devenit.
692 3527 795 3583 Sed
841 3543 1033 3582 verum
1081 3538 1201 3583 erat
1251 3528 1305 3583 in
1354 3529 1462 3596 boc
1505 3520 1731 3585 omnino
1758 3534 1988 3588 verbum

414 3621 549 3677 illud
577 3621 742 3691 vulgo
771 3621 1032 3689 iactatum
1068 3637 1081 3672 :
1130 3621 1202 3674 Ex
1242 3620 1431 3675 eadem
1464 3622 1655 3691 argilla
1691 3624 1988 3693 pelluvium

415 3724 471 3769 et
500 3713 781 3784 poculum,
821 3727 886 3767 ex
929 3712 1123 3767 eodem
1177 3713 1327 3784 ligno
1372 3728 1467 3767 vas
1520 3716 1901 3784 coquinariu'm
1936 3726 1993 3773 et

415 3822 615 3878 scopae.
647 3805 781 3859 Nam
821 3805 1018 3858 borum
1060 3803 1288 3859 fratrum
1317 3805 1442 3858 vita:
1471 3806 1650 3860 modis
1680 3807 1909 3863 intinitis
1937 3819 1995 3864 et

417 3914 485 3953 ex
514 3897 784 3951 diametro
830 3894 1167 3965 pugnabant.
1198 3893 1430 3949 Basilius
1468 3897 1668 3964 spretis
1698 3897 1993 3968 voluptati-

419 3988 545 4053 bus,
574 3999 792 4040 omnem
818 3984 984 4038 vitam
1037 3984 1091 4036 in
1140 3999 1324 4037 rerum
1360 3984 1677 4039 bellicarum
1724 3989 1995 4049 exercita-

420 4078 569 4132 tione
612 4074 991 4138 consumebat,
1038 4074 1187 4128 viros
1222 4083 1528 4143 equestres,
1564 4086 1826 4141 armatos,
1861 4078 1994 4136 lori-

417 4178 592 4231 catos,
613 4166 680 4220 ad
709 4166 910 4220 bellum
936 4172 1280 4232 comparatos
1306 4164 1486 4235 magni
1508 4180 1726 4236 semper
1751 4166 1993 4232 faciens;

419 4272 489 4311 ex
517 4257 735 4310 diverso
765 4253 1159 4310 Constantinus
1192 4250 1465 4307 tibialium
1494 4253 1730 4308 calcaria
1759 4270 1885 4310 cum
1917 4264 2000 4310 tu-

420 4346 565 4401 nicis
592 4361 660 4399 ne
689 4345 936 4415 aspicere
963 4335 1185 4413 quidem
1208 4342 1539 4408 sustinebat,
1562 4359 1826 4405 curruum
1857 4357 2000 4401 stre-

2082 1926 2197 1980 Kal
2228 1923 2363 1995 μηδὲ
2400 1922 2841 1993 μιμνησκόμενον
2880 1921 2954 1985 ὠς
2976 1920 3183 1973 δέδεται
3207 1918 3410 1988 γυναίῳ

2085 2021 2196 2073 Kal
2227 2017 2497 2086 συνοικοίη
2531 2015 2775 2084 γυναικὶ,
2805 2014 2899 2067 καὶ
2923 2013 3099 2067 ταῦτα
3123 2012 3414 2081 νεαζούσῃ,

2084 2110 2322 2173 Φαύλαις
2347 2109 2461 2162 τισὶ
2484 2107 2580 2160 καὶ
2610 2104 2926 2174 σοϐαραϊςθθ
2984 2103 3215 2166 ἐννοίαις
3254 2100 3514 2157 ἐσοϐεἶτο.

2087 2196 2194 2255 Ἦν
2214 2200 2271 2253 δέ
2299 2216 2384 2261 τις
2418 2194 2847 2265 καλοπρόσωπος
2875 2192 3103 2253 εὖοπτος
3129 2191 3351 2252 νεανίας
3372 2209 3388 2222 ’

2090 2293 2305 2361 Ὄνομα
2331 2289 2506 2358 τούτῳ
2541 2287 2782 2358 Μιχαὴλ,
2811 2285 2965 2354 γένος
2989 2285 3053 2336 ὲκ
3077 2280 3469 2349 Παφλαγόνων.

2087 2382 2312 2449 Ἐκείνῳ
2341 2379 2406 2449 δὴ
2437 2378 2517 2449 τῷ
2548 2377 2769 2447 Μιχαὴλ
2798 2376 2877 2445 τῷ
2908 2372 3379 2446 χαριτοϐλεφάρῳ,

2089 2473 2211 2527 Τῶν
2236 2470 2551 2539 ἀνακτόρων
2576 2470 2698 2531 ταῖς
2729 2467 2918 2530 αὐλαῖς
2948 2460 3532 2534 ὲμπεριστρεφομένω,

2099 2566 2165 2619 Ἥ
2199 2564 2407 2633 βασιλὶς
2433 2561 2694 2632 ἐρωτικὸν
2716 2558 3054 2613 ἐπιϐαλοῦσα
3094 2557 3311 2626 βλέμμα

2091 2658 2204 2712 Kal
2235 2656 2326 2733 τοῦ
2357 2653 2652 2726 προσώπου
2690 2654 2789 2712 τὰς
2821 2653 2998 2719 αὐγὰς
3030 2649 3214 2704 ίδοῦσα
3256 2651 3351 2704 καὶ
3379 2648 3439 2702 τὸ
3468 2646 3663 2708 κάλλος

2092 2745 2225 2818 ('Hv
2248 2747 2357 2818 γὰρ
2398 2746 2892 2817 τρυφεροπάρειος,
2942 2740 3370 2813 εὐχρούστατος,
3426 2737 3659 2810 χαρίεις,

2092 2839 2465 2903 Κατὰλευκος,
2501 2837 2815 2908 ὲξέρυθρος,
2844 2834 3045 2906 ἔρωτος
3078 2832 3291 2895 στάζων
3321 2830 3569 2902 δρόσους)

2092 2932 2407 3004 Ἐρωτικῶς
2441 2932 2722 3002 ἐμίγνυτο,
2753 2930 2848 2982 καὶ
2886 2926 3127 2998 συνεχῶς
3158 2924 3361 2997 ὲτρύγα

2107 3028 2204 3081 Ἐκ
2227 3025 2336 3079 τῶν
2359 3023 2671 3097 προσώπων
2696 3020 2914 3093 Μιχαὴλ
2935 3020 3001 3074 τὰ
3022 3020 3131 3073 τῶν
3158 3017 3396 3088 χαρίτων
3419 3014 3564 3086 ῥόδα.

3347 3140 3503 3196 Vers.
3529 3140 3671 3195 6080

2096 3260 2390 3332 quemdam
2421 3256 2634 3313 ordinis
2667 3251 2932 3310 senatorii
2960 3251 3166 3313 virum,
3189 3248 3276 3304 cui
3304 3262 3503 3300 nomen
3529 3255 3673 3300 esset

2098 3355 2376 3408 Romanus
2396 3394 2411 3416 ,
2458 3355 2880 3418 cognomentum
2915 3341 3310 3412 Argyropulns,
3342 3339 3670 3407 potiturum.

2097 3441 2152 3495 vi
2177 3440 2450 3495 hominem
2485 3436 2665 3506 adegit
2688 3445 2749 3490 ut
2781 3446 2948 3487 uxore
2972 3431 3147 3501 prima
3181 3428 3492 3498 repudiata,
3525 3427 3670 3483 Zocn

2103 3531 2267 3586 ﬁliam
2319 3544 2472 3585 suam
2530 3529 2584 3581 in
2634 3539 2878 3596 purpura
2928 3530 3110 3576 natam
3162 3518 3517 3574 matrimonio
3566 3516 3672 3570 sibi

2094 3627 2367 3697 jungeret.
2410 3623 2586 3692 Atque
2620 3620 2708 3675 bis
2736 3619 2808 3673 ita
2843 3615 3153 3673 constitutis
3169 3624 3225 3670 et
3258 3610 3554 3675 ordinatis,
3589 3609 3675 3664 vi-

2103 3728 2210 3774 tam
2244 3732 2369 3772 cum
2414 3724 2593 3770 morte
2637 3710 3012 3773 commutavit,
3046 3723 3171 3764 cum
3205 3705 3508 3778 perpusillo
3538 3711 3677 3758 tem-

2099 3825 2257 3881 pore,
2290 3808 2406 3863 solo
2437 3806 2699 3861 nimirum
2725 3801 2973 3867 biennio,
3004 3801 3172 3855 rebus
3201 3796 3534 3868 pra-luisset.

2172 3900 2304 3956 Inde
2341 3900 2622 3954 Romanus
2665 3896 2719 3948 in
2769 3892 2907 3949 solio
2942 3891 3092 3963 regio
3120 3890 3444 3952 collocatur,
3476 3886 3559 3939 vir
3591 3899 3677 3940 sa-

2101 3992 2278 4063 piens,
2304 3989 2611 4059 religiosus,
2646 3984 2858 4039 divinas
2888 3997 2975 4037 res
3004 3981 3249 4041 studiose
3278 3977 3675 4047 pervestigans,

2102 4083 2262 4139 libris
2299 4080 2620 4151 plerumque
2649 4091 2707 4131 se
2738 4075 3039 4135 obiectans,
3080 4078 3136 4125 et
3168 4067 3456 4122 nocturnis
3485 4064 3677 4120 statio-

2105 4174 2289 4228 nibus.
2319 4171 2528 4241 Virgini
2577 4168 2825 4236 Deiparaa
2863 4163 3152 4219 delubrum
3201 4157 3677 4230 magniﬁcentissi-

2106 4280 2255 4319 mum
2282 4259 2573 4322 exstruxit,
2602 4256 2747 4326 quod
2768 4254 3092 4323 Periblepta:
3124 4252 3239 4306 sive
3269 4247 3680 4320 spectatissima:

2109 4356 2373 4424 templum
2423 4357 2768 4418 nuncupant.
2820 4347 3091 4402 Caeterum
3146 4342 3469 4421 imperatrix
3518 4348 3680 4395 tetate

424 4439 574 4537 pilus
608 4452 677 4492 ne
701 4452 798 4506 per
823 4450 1078 4537 somnum
1107 4434 1820 4537 qui-detIl-audire._bellicae
1854 4438 2000 4494 tuba:
2032 4480 2076 4537 υ
2108 4450 2299 4519 vigens
2343 4455 2401 4500 et
2446 4441 2842 4514 tentationibus
2888 4437 3171 4512 corporeis
3222 4436 3584 4494 incalescens,
3617 4446 3682 4486 ac

424 4530 732 4599 clangores,
766 4542 928 4583 voces
956 4537 1013 4581 et
1039 4526 1308 4581 tumultus
1332 4526 1556 4581 Martios
1590 4528 1734 4583 ferre
1765 4546 1874 4584 non
1909 4545 2002 4600 po-

426 4630 584 4683 terat,
608 4620 764 4690 123
804 4619 1179 4689 voluptatibus
1203 4618 1479 4688 lautisque
1507 4620 1713 4675 mensis
1739 4630 2004 4690 perpetuo

424 4712 667 4777 deditus,
694 4726 759 4766 ac
795 4710 1221 4768 delectationem
1250 4710 1476 4779 capiens
1502 4724 1571 4764 ex
1597 4712 2002 4767 consuetudine

428 4805 829 4875 imputlieatum
877 4802 1351 4864 muliercularum,
1406 4803 1770 4869 saltatricum,
1826 4804 2004 4861 tibici-

425 4911 644 4957 narum.
680 4894 1066 4955 ridicularum,
1094 4890 1581 4954 eitharistriarum,
1634 4895 1849 4949 tametsi
1891 4895 2003 4965 jam

427 4986 745 5056 decrepitus
791 5001 959 5041 senex
1013 4984 1173 5039 foret.
1220 4984 1371 5038 idem
1422 4983 1785 5040 formidoloso
1832 4985 2001 5042 corde

432 5079 695 5152 praeditus
723 5077 873 5132 nuda
905 5084 962 5132 et
995 5075 1100 5131 levi
1133 5074 1457 5144 plerumque
1485 5074 1759 5130 calumnia
1793 5077 2006 5147 perpel-

429 5171 650 5227 lebatur
702 5178 766 5224 ut
808 5168 1120 5237 complures
1173 5166 1352 5221 oculis
1418 5165 1680 5236 spoliaret
1742 5176 2001 5238 tanquam

428 5260 651 5316 fraudes
701 5258 1027 5315 defectionis
1073 5257 1287 5312 occulte
1339 5264 1637 5311 struentes.
1670 5254 1813 5312 Cum
1863 5257 2001 5312 tilias

430 5360 643 5408 tantum
675 5352 815 5408 duas
846 5351 1076 5407 haberet
1098 5349 1278 5419 deque
1306 5348 1414 5403 illis
1439 5347 1710 5403 sollicitus
1737 5356 1907 5414 esset,
1936 5364 2001 5405 ac

428 5446 674 5525 monitus
718 5459 750 5499 a
793 5441 1122 5513 quibusdam
1174 5439 1321 5501 foret
1362 5438 1596 5509 imperio
1646 5449 1776 5510 post
1824 5441 2003 5510 ipsum

2106 4543 2411 4615 Romanum
2456 4536 2664 4609 interea
2689 4532 2883 4587 videns
2916 4526 3032 4585 suis
3074 4529 3346 4582 intentum
3382 4525 3547 4579 rebus
3596 4521 3681 4575 vl-

2101 4647 2256 4693 vere,
2287 4629 2382 4699 qui
2414 4626 2635 4695 mulieri
2670 4641 2729 4681 se
2755 4627 3006 4695 junctum
3038 4636 3148 4674 non
3182 4615 3594 4677 recordaretur,
3626 4622 3682 4667 et

2101 4722 2324 4794 quidem
2366 4718 2580 4790 juveni,
2615 4716 2801 4787 pravis
2828 4724 2883 4768 et
2914 4712 3183 4781 improbis
3212 4706 3544 4779 quibusdam
3590 4720 3684 4759 co-

2099 4806 2458 4884 gitationibus
2485 4809 2622 4863 mire
2656 4804 3112 4861 discruciabatur.
3151 4802 3282 4856 Erat
3327 4809 3511 4853 autem
3560 4795 3685 4865 qul-

2100 4905 2224 4959 dam
2252 4901 2573 4957 adolescens
2602 4898 2776 4952 forma
2805 4903 3033 4950 venusta
3062 4903 3118 4948 et
3147 4892 3419 4962 elegante,
3450 4886 3676 4941 nomine

2104 4993 2428 5054 Michaelus,
2465 4988 2641 5060 patria
2665 4986 2963 5057 Paphlago,
2994 4982 3048 5037 in
3078 4996 3240 5051 quem
3276 4986 3584 5034 versantem
3618 4980 3672 5030 in

2103 5086 2228 5140 aula
2267 5082 2533 5155 conjectis
2588 5077 2909 5149 imperatrix
2959 5074 3156 5139 oculis,
3192 5071 3685 5138 animadversoque

2104 5174 2289 5228 vultus
2316 5169 2608 5242 splendore
2636 5182 2700 5221 ac
2726 5165 2900 5236 gratia
2932 5163 2951 5218 (
2972 5177 3138 5232 genas
3186 5160 3333 5215 enim
3362 5155 3689 5212 delicatulas

2101 5272 2157 5320 et
2185 5274 2403 5319 teneras
2428 5260 2688 5322 habebat,
2718 5256 2901 5310 colore
2934 5252 3196 5324 praeditus
3238 5248 3468 5321 optimo,
3512 5260 3690 5300 venu-

2104 5364 2242 5418 stus,
2268 5362 2394 5409 cute
2420 5351 2673 5415 candida,
2704 5346 3065 5410 rubicundus,
3101 5359 3287 5399 meros
3335 5340 3540 5396 amoris
3590 5352 3683 5390 r0-

2108 5462 2198 5502 res
2225 5445 2459 5517 stillans)
2489 5459 2599 5499 non
2629 5443 2808 5498 solum
2855 5437 3268 5502 exardesccbat,
3299 5448 3492 5491 verum
3524 5429 3687 5498 etiam

1777 5602 1976 5664 Vat-ite
2029 5600 2359 5666 lectiones.

510 5749 559 5809 τ’
592 5748 748 5841 iluuc
770 5769 981 5833 versum
1007 5770 1117 5829 om.
1142 5754 1205 5832 ll.
1282 5755 1329 5787 ⁷⁸
1364 5754 1683 5827 ζωμήρυσις
1712 5751 1777 5806 ll.
1854 5754 1895 5783 "‘
1922 5750 2017 5815 τὰς
2046 5752 2111 5806 li.

2206 5754 2252 5786 ⁸⁸
2288 5749 2582 5822 μοχθηροῖς
2615 5748 2675 5801 ll.
