4138 6216
427 429 597 497 Οὖτος
627 429 720 487 οὖν
746 430 924 485 πείθει
953 427 1175 501 Μιχαὴλ
1199 427 1516 498 είσποίητον
1544 426 1803 497 γενέσθαι

428 528 557 582 Υίὸν
586 526 685 579 τὸν
714 523 1087 592 ἀδελφόπαιδα
1117 514 1237 593 Ζώῇ
1271 523 1336 592 τῇ
1380 519 1691 591 βασιλίσσῃ.

427 619 449 637 '
466 622 542 673 liv
569 617 745 670 ταῦτα
771 607 865 669 καὶ
888 613 1114 669 τοιαῦτα
1143 613 1241 683 μὲν
1260 612 1327 677 ³⁸,
1354 613 1421 665 τά
1447 612 1493 664 δ’
1524 612 1722 680 ὲςεξῆς
1742 612 1935 676 onata;

438 711 498 765 '0
525 708 786 781 βασιλεὺς
819 707 911 760 τὸν
937 703 1157 775 Μιχαὴλ
1182 701 1345 774 (οὕτω
1368 703 1477 772 γὰρ
1503 701 1776 769 ἐκαλεῖτο)

430 804 509 873 Τῇ
542 802 761 871 γαμετῇ
794 797 1131 860 παιδοθετεῖ,
1165 799 1260 850 καὶ
1282 795 1560 864 Καίσαρος
1593 792 1848 863 στεφάνῳ

429 895 533 948 Τὸν
563 891 1008 962 κτηνωδέστατον
1032 889 1250 958 κοσμεῖ,
1289 886 1382 939 τὸν
1413 885 1678 956 ἄντικρυς
1706 882 2006 955 χοιρόνουν.

427 986 600 1049 Αὐτὸς
626 984 684 1037 δὲ
710 982 1155 1052 συμῃιγόμενος
1192 978 1270 1049 τῷ
1294 978 1459 1032 πάθει
1487 976 1567 1048 τῷ
1595 976 1862 1046 συμφύτῳ

432 1074 786 1143 Καταστολὴν
811 1073 1065 1126 ἐνδύεται
1091 1072 1375 1141 κρείττονα
1401 1069 1756 1141 πορφυρίδος.

430 1169 537 1223 Τοῦ
566 1166 877 1235 πνεύματος
897 1165 976 1234 τῷ
1009 1163 1205 1234 μέλανι
1234 1162 1361 1224 τοὺς
1390 1162 1631 1224 πέπλους
1668 1157 2009 1229 μεταϐάψας,

433 1261 541 1312 Kal
570 1260 636 1328 τῇ
667 1257 879 1328 γαλήνῃ
908 1250 1286 1326 προσδραμὼν
1314 1253 1378 1304 ἐκ
1407 1251 1711 1305 πολυσάλου
1734 1249 1874 1319 βίου,

444 1351 562 1419 Ἐφ’
596 1350 738 1410 ὅλοις
761 1348 942 1401 ἔτεσιν
976 1346 1118 1398 ἑπτὰ
1144 1345 1243 1414 τῆς
1280 1342 1562 1412 βασιλείας
1595 1341 1765 1411 ἄρξας
1796 1341 1865 1393 ³³.

513 1439 799 1495 Ἐντεῦθεν
824 1438 857 1508 ἠ
891 1434 1179 1506 βασίλισσα
1200 1433 1474 1503 φροντίζει
1505 1433 1613 1485 τῶν
1630 1431 1725 1484 τοῦ
1752 1431 2008 1502 κράτους,

437 1526 552 1580 Kal
589 1525 682 1579 τὸν
717 1522 1221 1594 ἀνδραδελφόπαιδα
1252 1523 1343 1574 τὸν
1382 1520 1601 1591 Μιχαὴλ
1627 1522 1838 1574 ἐκεῖνον

434 1617 558 1679 Τοῖς
570 1615 679 1670 τῶν
700 1614 949 1669 ἀνάκτων
971 1615 1034 1666 ού
1059 1613 1241 1678 καλῶς
1253 1614 1596 1682 κατακοσμεῖ
1624 1629 1689 1664 συ
1698 1611 1936 1680 μδόλοις,

439 1708 760 1778 ’Δνθρωπον
794 1703 1166 1775 κακοδαίμονα
1180 1705 1249 1771 ⁸⁸,
1276 1702 1534 1775 χοιρώδη,
1569 1704 1958 1774 προὸατόνουν,

1524 316 2035 380 COMPENDIUM
2073 315 2547 380 CHRONICUM.

3570 312 3678 378 450

2034 435 2079 491 Α
2108 427 2220 499 Τῆς
2244 428 2415 497 τύχης
2446 428 2544 497 τὴν
2573 427 2863 489 εὐμένειαν
2886 428 2985 480 οὐκ
3023 426 3208 498 ἴσχυσε
3234 424 3524 497 βαστάσαι,

2108 519 2421 573 Κὰντεῦθεν
2443 520 2523 583 είς
2546 518 2935 590 βαθύκρημνον
2968 518 3290 589 ἐξεκυλίσθη
3318 520 3448 588 χάος
3473 536 3488 550 ο

2106 610 2372 673 Μόλιϐδος
2409 610 2517 679 γὰρ
2543 610 2883 681 βαρύφορτος
2913 611 2976 677 *³,
3000 615 3185 678 φασὶν,
3208 611 3503 680 εύημερία,

2107 700 2226 753 Κᾶν
2252 700 2353 753 οὐκ
2372 700 2570 771 ἐντύχῃ
2598 701 2847 770 κραταιῷ
2873 700 2950 770 τῷ
2981 702 3203 770 φέροντι
3230 701 3289 753 τὸ
3328 701 3516 771 βάρος,

2108 791 2407 862 Κύμσαχον
2437 793 2618 860 ρίπτει
2643 792 2787 845 κατὰ
2812 792 2914 862 γῆς
2940 793 3145 844 ἐκεῖνον
3166 792 3259 845 καὶ
3293 810 3355 844 συ
3365 794 3588 860 μπνίγει
3611 794 3680 844 ⁸³.

2107 885 2219 940 Kal
2243 883 2435 949 πρῶτα
2463 882 2562 954 μὲν
2589 884 2635 916 ⁹⁶
2655 885 2780 947 τοὺς
2800 884 2895 955 τῆς
2913 883 3086 954 ἀρχῆς
3104 884 3413 954 προάρχους
3440 886 3531 938 καὶ
3548 903 3682 955 προ-

3359 976 3609 1049 [δούλους

2110 1069 2466 1142 Βαρϐαρικῶς
2494 1069 2717 1134 ἐκόλαζε
2746 1068 2815 1123 τὰ
2849 1069 3143 1138 παιδογόνα
3165 1070 3400 1139 τέμνων,

2110 1164 2275 1215 Ὥστε
2313 1162 2543 1227 πολλοὺς
2577 1163 2919 1233 ἀμείψαντας
2962 1167 3059 1234 τὴν
3091 1164 3200 1216 τῶν
3233 1165 3479 1235 ἀρρένων
3523 1163 3684 1233 φύσιν

2119 1253 2579 1324 Ἣμιανθρώπους
2597 1254 2843 1321 γίνεσθαι
2866 1254 3049 1325 καὶμὴ
3065 1256 3337 1322 γνωστους
3352 1258 3415 1325 τῇ
3436 1255 3593 1324 φύσει
3616 1258 3682 1310 ⁸⁷.

2111 1345 2299 1409 Οὕτως
2328 1344 2489 1408 εὐθὺς
2519 1344 2626 1399 ἀπὸ
2660 1346 2928 1416 γραμμῆς
2957 1346 3176 1418 πρώτης
3204 1349 3370 1411 κακὸς
3399 1348 3572 1415 ἐφάνη
3598 1364 3612 1376 ·

2112 1440 2251 1502 Τοὺς
2289 1436 2397 1509 γὰρ
2433 1438 2924 1506 πονηρογνὼμονας
2976 1438 3072 1490 καὶ
3120 1440 3682 1506 κακεντρεχεστάτους

2123 1530 2248 1582 Ἐπὶ
2279 1528 2327 1561 ⁸⁸
2363 1529 2517 1597 μιᾶς,
2548 1526 2622 1590 ὡς
2648 1526 2923 1595 λέγουσιν,
2948 1526 3162 1597 ἡμέρας
3192 1526 3461 1596 γνώσεταί
3485 1544 3593 1589 τις.

2117 1618 2348 1673 Ἔπειτα
2378 1616 2823 1689 προσλαϐόμενος
2860 1617 3251 1687 νηπιοϐούλους
3280 1617 3475 1678 παῖδας

2114 1712 2225 1764 Kal
2262 1709 2664 1781 πρωτοϐούλοις
2688 1708 2969 1780 χρώμενος
3001 1710 3193 1777 νήπιος
3224 1712 3332 1773 τοῖς
3368 1707 3601 1778 νηπίοις,

434 1800 544 1853 Καὶ
570 1775 734 1868 (ῥύσει
767 1797 868 1868 μὲν
886 1796 1211 1867 εἰσφέροντα
1239 1796 1570 1861 σκαιότητας
1599 1795 1913 1866 συμφύτους
1942 1795 2010 1857 ⁸⁸.
2046 1775 2087 1829 Β
2117 1775 2382 1872 καθάπερ
2407 1804 2536 1871 πρὶν
2556 1800 2584 1852 ὁ
2634 1775 2885 1869 etiam
2921 1802 2950 1853 ὁ
2976 1775 3320 1869 Σολομῶντος
3351 1775 3528 1867 γόνος,

406 1922 412 1929 -
435 1891 549 1959 Τῆς
579 1891 636 1943 δὲ
660 1889 910 1960 νεότητος
939 1888 1104 1942 αὐτὸν
1140 1888 1186 1920 ⁸³
1206 1891 1284 1950 είς
1311 1887 1472 1939 πλέον
1495 1886 1874 1958 ἐκτρεπούσης

445 1980 503 2034 Ἀ
517 1979 873 2050 ποπτυστῆρα
901 1976 1123 2049 χαλινοῦ
1162 1978 1347 2031 πῶλον
1376 1965 1818 2046 παραζηλοῦντα,

436 2072 547 2125 Kal
579 2071 797 2125 πωλικα
855 2071 1206 2141 σκιρτήματα
1244 2070 1340 2123 καὶ
1382 2066 1720 2138 λακτισμοὺς
1746 2068 2014 2133 ἀτάκτους

447 2159 1055 2231 ’Δντιφιλοτιμούμενον
1080 2162 1147 2230 τῇ
1173 2159 1458 2230 θηλασάσῃ
1481 2159 1731 2229 θρέπτρα

436 2254 594 2309 Μετὰ
608 2252 667 2329 to
681 2252 891 2306 σπάσαι
906 2252 1005 2321 τῆς
1028 2251 1197 2323 θηλῆς
1218 2251 1429 2321 καὶτῆς
1455 2252 1662 2321 τροφῆς
1674 2252 1813 2314 "ei;
1833 2253 2013 2323 κόρον.

438 2344 736 2399 Κάνταῦθα
768 2345 928 2414 μόνον
957 2345 992 2414 ἡ
1019 2344 1165 2411 Ζωὴ,
1188 2342 1252 2395 τὸ
1274 2344 1375 2412 τῆς
1403 2342 1689 2413 πορφύρας
1710 2341 1885 2413 ἔρνος,

450 2437 749 2507 Ἥγνόησεν
778 2435 1034 2507 ἀγνόημα
1063 2434 1274 2504 θλίψεις
1295 2434 1500 2497 πολλὰς
1523 2435 1785 2505 κεράσαν,

441 2529 565 2584 Ὀτι
590 2528 683 2589 τὸν
712 2527 837 2597 ὅφιν
866 2528 1099 2581 ἐθαλπεν
1128 2526 1460 2598 ὲγγάστριον
1484 2526 1697 2579 τιθεῖσα

443 2622 555 2675 Kal
570 2620 850 2692 βασιλείας
879 2621 972 2674 τὸν
1002 2621 1206 2690 μαστὸν
1234 2618 1313 2690 τῷ
1339 2616 1596 2689 δράκοντι
1626 2621 1909 2689 παρεῖχεν.

456 2710 608 2764 Ἐπεὶ
631 2711 741 2779 γὰρ
767 2709 1070 2772 ἐπελάϐετο
1094 2708 1439 2780 πραγμάτων
1467 2709 1809 2779 τηλικούτων

447 2801 773 2871 Ἄνθρωπος
807 2800 947 2864 νέος,
984 2799 1232 2864 ἄϐουλος,
1266 2799 1570 2876 ἀγέρωχος,
1600 2799 1860 2868 αὐθάδης,

453 2894 542 2958 Ὠς
562 2889 705 2956 οἶνος
734 2891 1065 2964 νεοπάτητος
1090 2889 1326 2963 ὑϐρίζων
1350 2891 1444 2945 καὶ
1468 2890 1775 2961 καχλάζων,

447 3155 563 3195 rem
595 3141 671 3195 ita
704 3141 972 3197 tractabat
1000 3149 1059 3195 ut
1087 3137 1298 3195 belluas
1325 3153 1454 3194 suas
1484 3138 1709 3194 leonnm
1735 3148 2021 3194 curatores

447 3231 640 3288 solent.
669 3230 767 3288 llic
798 3233 963 3287 etiam
999 3242 1192 3290 auctor
1216 3234 1320 3288 fuit
1351 3241 1410 3288 ut
1444 3228 1746 3286 Micltaelus
1774 3230 2018 3299 quidam,

449 3324 799 3395 imperatoris
843 3341 909 3381 ex
955 3342 1146 3382 sorore
1193 3340 1400 3395 nepos,
1440 3323 1506 3379 ab
1539 3323 1884 3393 imperatrice
1913 3321 2022 3374 Zoa

448 3416 821 3486 adoptaretur.
871 3417 1041 3487 Igitur
1089 3419 1390 3485 imperator
1428 3413 1578 3467 hunc
1623 3412 1850 3481 quidem
1890 3410 2020 3463 adu-

449 3507 716 3575 ptandum
748 3506 842 3561 dat
871 3506 1112 3577 conjugi,
1139 3514 1195 3559 et
1220 3504 1496 3557 hominem
1527 3501 1688 3570 plane
1716 3500 1938 3554 brutum
1963 3514 2025 3552 ac

448 3613 621 3668 porco
669 3598 905 3653 similem
944 3595 1179 3651 Caesaris
1223 3592 1425 3649 corona
1460 3593 1647 3664 ‘eingit
1680 3610 1695 3646 :
1748 3591 1861 3662 ipse
1893 3606 2025 3646 vero

448 3689 646 3744 morbo
672 3698 935 3743 consueto
965 3702 1190 3758 pressus
1224 3685 1605 3740 indumentum
1640 3701 1884 3755 purpura
1914 3699 2026 3738 me-

449 3779 581 3841 lius,
618 3777 776 3847 125
800 3778 1060 3833 vestitum
1091 3776 1303 3846 scilicet
1329 3775 1546 3846 nigrum
1573 3791 1636 3829 ae
1662 3774 2024 3844 spiritualem,

452 3884 551 3939 pro
582 3869 899 3924 turbulenta
935 3870 1046 3922 vita
1077 3867 1530 3937 tranquillitatem
1576 3865 1861 3936 amplexus
1882 3906 1896 3930 ,
1932 3881 2026 3921 su-

453 3961 572 4027 mit,
600 3976 725 4017 cum
760 3961 816 4014 in
854 3960 1088 4031 imperio
1119 3969 1329 4030 septem
1363 3975 1538 4014 annos
1570 3960 1863 4030 exegisset.

524 4054 836 4111 Secundum
859 4053 973 4108 haec
1006 4050 1423 4123 gubernationis
1461 4068 1651 4106 curam
1681 4052 1737 4105 in
1770 4066 1828 4107 se
1855 4060 2024 4105 trans-

456 4143 563 4198 fert
621 4141 964 4211 impcratrix,
1014 4147 1071 4193 et
1120 4139 1303 4193 mariti
1334 4139 1415 4193 sui
1462 4149 1718 4209 nepotem
1747 4154 1813 4192 ex
1840 4153 2029 4195 sorore

457 4231 782 4287 Michaelum
833 4244 942 4286 non
984 4236 1135 4283 recte
1180 4228 1353 4297 signis
1383 4227 1757 4298 imperatoriis
1779 4237 2028 4294 exornat,

2116 1893 2227 1956 Τὰς
2258 1892 2576 1963 βασιλίσσας
2600 1890 2788 1957 ἐξωθεῖ
2818 1893 2972 1961 Ζωὴν
3007 1893 3099 1944 καὶ
3124 1890 3428 1959 Θεοδώραν,

2117 1984 2229 2037 Kal
2252 1981 2577 2053 νησιώτιδας
2599 1981 2768 2043 αὐτὰς
2801 1978 3025 2050 θέμενος
3051 1981 3356 2049 ἀποκείρει.

2119 2075 2299 2144 Ὅπερ
2345 2074 2551 2135 δεινοὺς
2580 2072 2846 2142 ἐξήγειρε
2896 2071 3183 2140 φλοίοϐους
3216 2070 3292 2140 τῷ
3331 2068 3685 2141 ταλαιπώρῳ,

2127 2165 2218 2228 Ὧς
2253 2165 2455 2235 ἄνεμος
2486 2162 2765 2216 ἐπιπεσὼν
2798 2162 3041 2233 θαλάσσῃ
3068 2162 3404 2232 σκαφηπλὸῳ
3432 2162 3479 2194 θ’

2118 2253 2230 2307 Kal
2260 2252 2508 2306 κάτωθεν
2534 2253 2641 2305 ἀπὸ
2667 2251 2879 2323 μοχλῶν
2904 2252 3074 2322 αὐτὴν
3112 2251 3552 2325 ἀναμοχλεύσας.

2119 2346 2250 2399 Τότε
2279 2345 2460 2414 παρῆν
2484 2347 2770 2397 κατανοεῖν
2804 2344 2864 2410 ἐξ
2895 2341 3140 2412 ἐναργῶν
3180 2342 3520 2414 πραγμάτων

2136 2437 2351 2491 Ὁποῖον
2375 2437 2615 2507 πλήθους
2637 2435 2819 2487 εὔνοια
2854 2440 2983 2506 περὶ
3014 2434 3106 2487 τὸν
3134 2431 3431 2504 εὐεργέτην
3450 2436 3490 2499 ί,
3528 2432 3688 2506 hosp,

2124 2531 2234 2584 Kal
2268 2530 2411 2585 πόσα
2434 2527 2609 2581 σθένει
2634 2528 2882 2598 κοίρανος
2900 2528 3102 2597 ἄρχων,
3129 2528 3473 2596 στρατάρχης
3490 2531 3532 2589 ¹,
3554 2527 3690 2597 κρά-

2122 2621 2333 2691 Πατρὸς
2360 2620 2594 2691 στοργὴν
2613 2619 3007 2673 καταπλουτῶν
3024 2619 3044 2649 ³
3064 2618 3190 2688 περὶ
3215 2620 3336 2682 τοὺς
3372 2622 3477 2672 ύπο
3499 2622 3653 2691 χεῖρα
3672 2619 3694 2650 ⁵

2122 2715 2232 2768 Kal
2265 2713 2395 2782 παρ’
2440 2712 2621 2765 αὐτῶν
2657 2710 2984 2781 φιλούμενος
3024 2711 3276 2780 καθάπερ
3315 2712 3420 2763 ὑπὸ
3461 2712 3688 2764 τέκνων.

2136 2805 2292 2857 Ἐπεὶ
2334 2804 2440 2873 γὰρ
2472 2803 2777 2868 ἡνωτίσατο
2809 2801 2870 2853 τὸ
2905 2801 3107 2870 πλῆθος
3139 2802 3206 2855 τὰ
3237 2802 3484 2866 τοιαῦτα,

2134 2897 2223 2959 Ὠς
2247 2896 2347 2959 τὰς
2368 2897 2606 2959 ἀνάσσας
2635 2895 2663 2946 ὁ
2690 2894 2908 2966 κρατῶν
2933 2894 3259 2976 ὑπερορίους
3284 2894 3404 2964 θείη
3431 2895 3477 2962 ⁸,

3364 3022 3521 3079 \‘ers.
3552 3021 3692 3078 6190

2122 3157 2479 3221 posteaquam
2548 3154 2828 3201 tantarum
2888 3159 3074 3199 rerum
3152 3143 3689 3201 administrationem

2123 3254 2412 3311 aggressus
2444 3247 2530 3293 est
2561 3238 2727 3290 homo
2747 3236 2989 3306 juvenis,
3013 3249 3212 3303 expers
3243 3234 3481 3298 consilii,
3517 3235 3692 3291 ferox.

2125 3339 2442 3392 contumax,
2489 3326 2653 3379 musti
2716 3324 2956 3380 recentis
3008 3324 3065 3377 in
3111 3337 3321 3378 morem
3375 3321 3595 3379 fervens
3639 3334 3695 3380 et

2126 3419 2413 3478 ebulliens,
2446 3417 2681 3469 fortuna:
2709 3413 2954 3483 propitiae
2986 3411 3377 3483 benignitatem
3404 3411 3549 3468 ferre
3584 3430 3693 3467 non

2129 3508 2327 3579 putuit,
2365 3507 2598 3574 ideoque
2620 3503 2908 3559 confusum
2946 3519 3009 3559 ac
3048 3502 3382 3573 profundum
3414 3503 3469 3556 in
3501 3504 3692 3573 pracci-

2129 3602 2320 3671 pitinm
2356 3598 2641 3668 prolapsus
2669 3605 2772 3652 est.
2794 3596 2928 3651 Nam
2961 3596 3295 3666 prosperitas
3316 3604 3420 3661 est,
3441 3602 3500 3649 ut
3519 3595 3695 3656 aiunt,

2128 3692 2412 3747 consimile
2452 3690 2715 3761 quiddam
2758 3690 2908 3761 gravi
2951 3688 3208 3759 plumbo;
3242 3696 3299 3742 et
3344 3691 3386 3743 si
3418 3688 3693 3743 hominem

2129 3784 2417 3840 robustum
2454 3798 2563 3837 non
2596 3781 2966 3847 nanciscatur,
3000 3781 3094 3850 qui
3143 3778 3299 3834 oneri
3341 3779 3568 3835 ferendo
3600 3794 3709 3850 ρει*

2129 3877 2223 3940 sit,
2258 3888 2495 3944 pronum
2540 3872 2597 3927 in
2628 3883 2828 3926 terram
2865 3871 3172 3941 przecipitat
3200 3878 3257 3924 et
3289 3870 3542 3939 proterit.
3577 3870 3705 3923 Pri~

2131 3979 2280 4022 mum
2298 3965 2461 4033 igitur
2473 3961 2999 4043 Michaelusimperii
3019 3974 3276 4028 proceres
3287 3969 3342 4013 et
3358 3958 3704 4013 consilianzs

2131 4056 2409 4127 principes
2432 4054 2777 4110 barbaricum
2803 4054 2857 4107 in
2881 4067 3090 4106 morem
3112 4050 3439 4122 genitalibus
3466 4049 3709 4104 exsectis

2134 4145 2406 4201 multavit.
2442 4159 2552 4214 quo
2601 4144 2746 4199 facto
2769 4159 2799 4197 a
2836 4142 3014 4211 prima
3053 4140 3207 4210 quasi
3244 4140 3390 4195 linea
3415 4154 3474 4194 se
3498 4140 3711 4209 impn-

2137 4234 2268 4289 bum
2299 4231 2597 4285 declaravit
2627 4249 2640 4283 :
2672 4230 2875 4298 quippe
2904 4230 3201 4284 sceleratos
3248 4228 3500 4282 homines
3531 4236 3588 4282 et
3631 4226 3702 4280 ad

458 4323 735 4378 hominem
754 4319 1713 4391 diabolicum,belluinum,anatura
1733 4321 2028 4390 proclivem
2136 4323 2401 4378 malitiam
2438 4322 2670 4376 solertes
2713 4320 2801 4374 vel
2845 4335 2955 4375 uno
3000 4319 3125 4389 quis
3154 4320 3264 4384 die,
3301 4333 3403 4374 ceu
3437 4318 3544 4373 dici
3569 4333 3701 4373 con-

460 4414 528 4469 τὰ
576 4412 782 4483 quaevis
827 4411 1095 4471 faeinota.
1127 4420 1182 4464 Cl
1220 4409 1290 4466 οἳ)
1334 4411 1644 4480 Ῑιινειιιυῑῑε
1688 4412 2030 4466 insolentiam
2067 4446 2108 4498 υ
2142 4416 2341 4478 suevit,
2358 4412 2660 4482 agnoverit.
2680 4411 2887 4468 Deinde
2915 4411 3210 4482 juvenibus
3225 4410 3456 4481 puerilia
3471 4410 3707 4465 consilia

459 4504 613 4576 pullo
647 4501 991 4557 consimilem
1031 4501 1252 4554 frenum
1286 4502 1594 4569 respuenti,
1624 4510 1678 4554 et
1705 4501 1946 4556 insuitus
1971 4517 2035 4556 ac
2139 4504 2561 4578 suggerentibus
2584 4503 2858 4574 adiunctis
2877 4503 2979 4558 sibi
2999 4519 3063 4557 ac
3092 4502 3393 4573 primorum
3426 4501 3482 4555 in
3518 4502 3710 4555 consi-

463 4594 934 4649 recaleitrationes
952 4592 1263 4663 petulantes
1282 4593 1331 4645 ei
1351 4607 1453 4661 pro
1474 4592 1867 4648 nutricationis
1896 4610 2038 4663 prze-
2138 4599 2421 4655 lim-lorum
2460 4610 2752 4650 numerum
2798 4595 3003 4659 relatis,
3046 4593 3275 4663 perinde
3297 4607 3363 4647 ac
3390 4591 3715 4646 [inlinamus

466 4687 576 4740 mio
596 4685 848 4740 reddenti
867 4700 988 4754 quae
1011 4685 1191 4754 ipsum
1214 4683 1364 4738 velut
1387 4683 1780 4739 uberibussuis
1801 4687 2036 4750 aluerat,
2135 4690 2265 4744 olim
2285 4689 2597 4743 Solomonis
2622 4687 2766 4741 filius
2787 4701 2908 4741 sese
2934 4685 3179 4756 gerebat,
3204 4684 3351 4739 Zoen
3372 4691 3428 4738 et
3452 4681 3711 4737 Theodo-

466 4785 820 4848 posteaquam
858 4775 1073 4831 scilicet
1115 4790 1408 4829 mammam
1449 4777 1570 4846 ejus
1614 4778 1852 4831 suxisset
1888 4787 1941 4831 et
1970 4777 2038 4831 ad

468 4870 774 4923 satietatem
813 4870 881 4922 ab
915 4882 980 4921 ea
1010 4875 1203 4936 pastus
1244 4866 1460 4921 fuisset.
1491 4867 1672 4937 Atque
1696 4867 1799 4921 hac
1819 4867 2039 4936 quidem

470 4960 526 5013 in
554 4970 707 5029 parte
732 4967 857 5014 nata
886 4958 941 5012 in
972 4974 1213 5028 purpura
1246 4957 1355 5013 Zoe
1398 4960 1675 5014 commisit
1715 4974 1781 5014 ex
1820 4960 2039 5030 ignora-

473 5058 618 5103 tione
651 5049 914 5119 quiddam
942 5049 1087 5118 quod
1116 5063 1485 5103 :erumnarum
1514 5050 1562 5104 ei
1588 5049 1863 5104 variarum
1888 5050 2043 5119 origo

468 5139 607 5205 fuit;
633 5156 756 5209 qua:
800 5139 1066 5193 nimirum
1121 5148 1435 5208 serpentem
1480 5140 1535 5194 in
1562 5141 1685 5194 sinu
1716 5155 1816 5195 suo
1846 5141 2045 5196 foverit

2137 4797 2251 4834 ram
2287 4780 2504 4849 reginas
2538 4780 2703 4850 ejecit
2746 4786 2801 4832 et
2842 4792 2997 4832 rasas
3048 4779 3342 4846 quamdam
3375 4775 3432 4829 in
3466 4773 3711 4829 insulam

2138 4870 2425 4941 relegavit.
2452 4870 2527 4925 Ea
2575 4886 2667 4925 res
2698 4869 3045 4940 gravissimas
3075 4869 3277 4923 misero
3303 4866 3494 4921 turbas
3527 4864 3713 4927 dedit,

2140 4979 2249 5017 non
2283 4962 2442 5016 aliter
2474 4971 2638 5031 atque
2660 4961 2706 5017 si
2725 4971 2920 5016 ventus
2938 4960 2994 5014 in
3015 4975 3164 5015 mare
3189 4959 3514 5014 incumbens
3536 4965 3711 5012 totum

2142 5053 2213 5107 ab
2245 5052 2355 5106 imo
2403 5058 2767 5107 commoveat.
2812 5049 3263 5105 Animadvertere
3310 5056 3425 5103 tum
3480 5058 3598 5103 erat
3641 5061 3713 5102 ex

2145 5145 2314 5200 certis
2330 5159 2387 5198 re
2397 5159 2516 5197 rum
2538 5144 2876 5214 argumentis
2891 5152 3096 5211 quanta
3123 5155 3213 5195 res
3235 5140 3307 5195 sit
3327 5138 3721 5196 benevolentia

470 5241 528 5285 et
580 5233 801 5302 imperii
861 5245 1154 5287 mammam
1203 5230 1432 5288 draconi
1468 5231 1789 5302 praebuerit.
1822 5233 2046 5289 Etenim
2145 5235 2322 5305 plebis
2352 5249 2482 5305 erga
2509 5233 3146 5304 principem,etquant:e
3170 5231 3283 5286 sint
3304 5233 3424 5304 ejus
3445 5230 3531 5286 vel
3568 5231 3723 5299 regis

1832 5376 2038 5438 Variae
2080 5375 2405 5439 lectiones.

547 5500 593 5532 ³⁸
628 5497 803 5553 ταῦτα
833 5499 928 5553 καὶ
968 5499 1035 5551 τὰ
1062 5498 1287 5552 τοιαῦτα
1309 5496 1429 5569 AR.
1500 5499 1546 5530 ⁸⁸
1583 5499 1737 5554 Hunc
1767 5514 1984 5554 versum
2017 5516 2032 5554 ι

2126 5544 2127 5549 η
2155 5500 2220 5554 R.
2297 5500 2343 5533 ὀ
2374 5499 2756 5568 κακομήχανον
2784 5498 2849 5553 Β.
2923 5499 2966 5530 ⁹¹
3001 5500 3314 5569 συμφύλῳς
3337 5501 3400 5553 Δ.
3470 5498 3516 5530 ⁸⁸
3544 5495 3719 5553 αὐτοῦ

474 5572 539 5624 Δ.
611 5571 659 5602 ’³
686 5571 781 5639 τῆς
830 5571 1034 5640 τροφῆς
1070 5572 1162 5622 καὶ
1186 5572 1284 5637 τῆς
1310 5568 1478 5637 θηλῆς
1512 5570 1577 5622 ll.
1653 5571 1699 5602 “
1729 5570 2063 5640 βαθύφορτος
2110 5572 2174 5624 ιι.

477 5641 641 5710 φύσιν
676 5642 740 5693 Α.
805 5641 851 5671 ³³
870 5643 978 5710 ἀπὸ
1009 5642 1072 5693 Α.
1151 5641 1210 5710 _‘_"
1246 5638 1572 5710 citatpoaitdtp
1598 5639 1665 5705 Β,
1689 5641 2069 5710 σκαφοπλώτῳ
2101 5642 2163 5694 Α.

1650 5676 1665 5705 "
1689 5674 1716 5693 υ
1729 5674 1867 5709 δαγν
1878 5674 1991 5693 ιιιιψ
2004 5674 2069 5709 υψ
2101 5674 2163 5694 η..

477 5641 641 5713 φύσιν
676 5638 761 5713 Δί
805 5641 851 5713 τ’
868 5638 1072 5713 arma.
1151 5641 1210 5713 ζ’
1246 5638 1572 5713 σκαφοπλρῳ

476 5706 585 5763 τῶν
609 5711 674 5764 ιι.
750 5710 772 5741 ⁴
806 5706 1126 5780 ὑποχείρους
1151 5706 1216 5762 Ii.
1295 5708 1315 5740 ⁵
1348 5707 1462 5760 θύει
1490 5706 1551 5760 Β.

2262 5570 2310 5602 ⁸⁵
2337 5566 2626 5639 συντρίϐει
2645 5570 2721 5641 Ai
2783 5572 2829 5603 “
2857 5569 3048 5641 πρῷτα
3073 5566 3173 5638 μέν
3207 5566 3303 5641 ούλν
3330 5571 3441 5641 All.

2302 5642 2315 5671 ³
2344 5636 2657 5711 ἀρχηγέτην
2691 5636 2759 5696 R.
2851 5641 2871 5671 ’
2903 5636 2979 5711 κρῖ

3542 5570 3585 5601 υτ
3618 5570 3720 5636 τὴν

2851 5641 2871 5671 ¹
2903 5639 3215 5712 κρατάρχης
3249 5639 3313 5693 li.
3411 5639 3432 5671 ³
3462 5653 3723 5692 καταπασ-
