4122 6212
1889 153 1955 163 ,ν’-ξ

454 310 559 385 451

465 519 554 581 Ὠς
579 516 677 578 τὰς
707 513 938 582 ἐσθῆτας
965 510 1063 572 τὰς
1096 509 1276 564 αὐτῶν
1314 511 1394 570 εἰς
1433 506 1605 577 μέλαν
1655 503 2023 575 μεταχρὼσει,

452 605 639 676 Θυμοῦ
670 600 926 673 καχλάζει
965 602 1030 670 τῇ
1058 600 1229 670 πυρᾷ,
1267 598 1445 661 λίθους
1472 596 1632 659 εὐθὺς
1661 594 1921 666 ἁρπάζει.

453 698 596 751 Ξύλα
628 696 723 749 καὶ
748 695 853 747 πᾶν
881 692 942 745 τὸ
968 688 1293 761 προστυχὸν,
1336 689 1563 760 βώλους,
1594 685 1848 757 κορύνας.
1873 685 2022 754 ξίφη.

454 786 717 840 Ὥπλιστο
743 784 839 837 καὶ
870 783 939 835 τὰ
962 782 1158 850 γύναια
1185 784 1433 851 κερκίσιν
1476 777 1663 847 ὥσπερ
1710 778 1954 851 λόγχαις,

453 872 561 924 Kal
579 872 674 925 σὺν
687 872 902 941 κραυγῇ
918 858 1013 921 καὶ
1026 867 1236 939 λαλαγῇ
1254 850 1387 937 πρὸς
1402 866 1491 919 τὸν
1504 865 1809 936 κρατοῦντα
1820 850 1976 936 τρέχε
1986 881 2022 929 ι,

453 959 565 1026 Τὰς
591 962 910 1033 βασιλίσσας
952 959 1214 1029 ὲκζητοῦν
1253 960 1403 1023 ὅλαις
1448 960 1606 1029 χερσὶ
1635 959 1730 1011 καὶ
1752 958 2021 1025 γνώμαις,

454 1056 567 1107 Καὶ
594 1052 949 1124 βλασφημοῦν
984 1051 1075 1104 τὸν
1097 1049 1318 1121 Μιχαὴλ
1347 1049 1496 1119 βοαῖς
1523 1050 1543 1081 ⁸
1578 1047 1941 1119 ἀγριοορόοις.

454 1146 589 1198 Τότε
619 1145 683 1214 δὴ
720 1145 842 1197 τότε
880 1143 1126 1215 τρομερὰ
1150 1139 1344 1209 λαγίνα
1371 1140 1659 1209 καθωρᾶτο

456 1236 683 1305 Δράκων
715 1237 743 1288 ὁ
779 1235 909 1304 πρὶν
940 1232 1304 1303 βλοσυρωπδς,
1340 1232 1367 1283 ὁ
1393 1230 1530 1283 λέων
1555 1227 1885 1300 χαμαιλέων.

455 1323 564 1378 Τοῦ
596 1324 834 1395 θράσους
867 1322 1170 1391 καθυφίησι
1199 1321 1293 1373 καὶ
1321 1322 1419 1391 τῆς
1446 1316 1787 1382 ἀλαζονείας.

458 1416 570 1469 Kal
600 1415 957 1485 γοργοπλόοις
993 1412 1259 1482 σκάφεσιν
1285 1411 1411 1479 ἄγει
1440 1410 1540 1473 τὰς
1562 1408 1905 1480 βασιλίσσας,

457 1507 571 1559 Kal
597 1506 764 1559 πάλιν
795 1504 1119 1558 ἀποδίδωσιν
1156 1503 1348 1565 αὑταῖς
1381 1500 1481 1571 τὴν
1512 1500 1812 1571 κρατορίαν

458 1596 572 1663 Τὴν
605 1597 669 1648 ὲκ
687 1596 968 1665 προγόνων
993 1594 1291 1666 προσγενῆ,
1309 1591 1409 1662 τὴν
1440 1593 1503 1645 ὲκ
1531 1591 1639 1643 τῶν
1671 1590 2028 1644 ὲπιπάππων.

459 1686 606 1755 Πλὴν
647 1685 781 1738 ἀλλὰ
805 1685 972 1740 πάλιν
1010 1686 1043 1755 ἠ
1079 1684 1225 1755 πυρὰ
1254 1682 1353 1751 τῆς
1392 1682 1638 1743 στάσεως
1667 1679 1899 1748 ἀνῆπτο,

462 1778 632 1830 Πάλιν
664 1775 1045 1846 ἀνερριπίζετο
1069 1774 1210 1827 κατὰ
1242 1773 1337 1826 τοῦ
1368 1772 1772 1826 καταπτύστου.

462 1870 572 1921 Kal
601 1869 785 1920 τοίνυν
815 1868 1057 1936 ἄφυκτον
1094 1866 1218 1919 ἰδὼν
1252 1867 1280 1918 ὁ
1302 1865 1560 1925 κάκιστος
1592 1863 1689 1932 τὴν
1720 1861 1865 1931 βίαν,

463 1960 573 2011 Kal
604 1956 868 2010 πάντοθεν
900 1956 1267 2025 κυκλούμενος
1310 1953 1384 2016 ὡς
1420 1955 1619 2023 ἄρκτος
1654 1951 1749 2005 ὑπ’
1789 1950 2031 2024 ἀρκύων,

464 2050 725 2117 Πειρᾶται
754 2048 896 2117 τάχα
936 2047 1032 2117 τὴν
1066 2045 1210 2117 ζωὴν
1242 2046 1437 2115 κλέψαι
1462 2049 1589 2096 ποσὶ
1614 2045 1843 2113 φυγάσι,

468 2139 579 2190 Kal
608 2137 929 2210 δραπετεύει
963 2136 1196 2207 λαγωδς,
1216 2135 1358 2190 εἰποι
1386 2151 1468 2198 τις
1494 2133 1579 2200 ἂν,
1603 2137 1682 2197 είς
1719 2134 1921 2203 πέτραν
1949 2134 1997 2200 ⁷,

466 2230 575 2282 Καὶ
604 2227 884 2298 τράπεζαν
905 2230 1003 2300 τὴν
1039 2227 1305 2299 μυστικὴν
1345 2228 1670 2299 καταφυγὴν
1709 2228 1964 2279 ποιεῖται.

474 2320 637 2373 nam
660 2321 720 2374 τὸ
752 2321 953 2390 πλῆθος
987 2320 1256 2373 ὲκκαυθὲν
1283 2318 1540 2384 καθάπαξ
1574 2323 1650 2382 είς
1689 2327 1889 2390 μανίαν

464 2412 607 2464 Αὐτὸ
637 2412 697 2465 τὺ
720 2411 855 2484 πῦρ,
885 2410 960 2475 ὡς
981 2410 1179 2477 ἔοικεν,
1219 2411 1488 2483 ύπερνικᾷ
1511 2412 1570 2465 τὸ
1601 2412 1807 2483 βρέμον
1828 2432 1842 2446 ο

468 2501 658 2555 Ἐνδον
684 2502 777 2555 καὶ
811 2504 922 2572 γὰρ
960 2501 1067 2554 τῶν
1108 2501 1268 2567 ίερῶν
1308 2500 1516 2554 ἀδύτων
1544 2505 1930 2575 εἰσδραμόντες

478 2589 723 2645 Ἐκεῖθεν
753 2590 1140 2661 ἁφαρπάξουσι
1161 2591 1250 2643 τὸν
1285 2592 1490 2645 τάλανα
1519 2592 1728 2663 βοῶντα

468 2682 575 2736 Σὺν
602 2685 927 2752 στεναγμοῖς
960 2682 1292 2753 καρδιακοῖς,
1320 2684 1417 2736 σὺν
1440 2683 1699 2754 δάκρυσιν
1728 2685 2037 2758 ὲνθέρμοις,

469 2900 556 2955 vel
597 2900 949 2971 magistratus
978 2898 1063 2953 vel
1095 2897 1280 2953 bellici
1319 2897 1479 2954 ducis
1523 2898 1690 2964 vires,
1730 2900 1822 2969 qui
1855 2904 2039 2958 animo

467 3006 600 3062 erga
640 2990 894 3045 subditos
935 2999 1166 3062 paterno
1213 2990 1447 3044 allectus
1481 3000 1567 3044 est
1609 2999 1666 3045 et
1696 2992 1936 3047 vicissim
1970 2996 2039 3049 ab

1587 304 2097 367 CONSTANTINI
2142 262 2546 366 MANASSIS'

366 456 388 475 .
463 432 556 494 Ὠς
582 428 776 499 τρίχας
815 423 964 494 σφῶν
998 420 1277 478 ἀεκουσῶν
1308 418 1623 491 ἀποθερίσοι
1660 418 1771 489 βῐᾳ,

3595 298 3702 364 «ἐξρὲ

2058 420 2104 476 Α
2135 416 2244 469 Kal
2278 416 2444 485 κόρας
2473 413 2851 482 ἑξορύττουσιν
2883 412 3048 467 αὑτοῦ
3080 410 3199 476 ταῖς
3235 412 3548 481 μαχαιρίδι.

2134 507 2241 558 Kal
2265 505 2361 558 σὺν
2398 504 2547 574 αὐτῷ
2582 506 2673 557 τὸν
2719 504 2958 573 δυσσεϐῆ
3005 502 3386 574 Μτράδελφον
3417 502 3699 570 τυφλοῦσι,

2132 597 2260 649 "Avo
2269 612 2449 666 ρωπον
2460 596 2520 650 δύ
2528 614 2586 651 στ
2595 612 2777 666 ροπον,
2794 595 3002 659 σκαιὸν,
3016 594 3122 649 κάκ
3129 580 3295 657 ιστονξ
3309 595 3539 666 παντορέ
3544 612 3579 648 κ
3586 612 3646 665 τη
3653 614 3703 658 ν,

2127 691 2318 757 Μῆνας
2347 690 2408 743 ού
2431 690 2593 743 πλέον
2622 691 2895 758 τέσσαρας
2913 688 3255 756 γευσάμενον
3281 687 3376 740 τοῦ
3399 690 3635 757 κράτους
3658 689 3701 740 ⁸.

2129 780 2239 832 Kal
2262 779 2425 833 πάλιν
2457 780 2511 831 αἱ
2544 777 2854 849 βασίλισσαι
2871 777 2934 829 τὸ
2965 775 3162 844 στέφος
3197 774 3542 836 ἀναδοῦνται,

2129 872 2239 926 Kal
2259 871 2421 926 πάλιν
2436 870 2534 940 τὴν
2555 871 2963 941 πατρόπαππον
2991 870 3097 939 ἀρχ
3108 869 3171 936 ἢν
3200 867 3699 937 κατακληροῦνται.

2129 961 2240 1024 Τῆς
2261 961 2430 1031 ζάλης
2446 960 2503 1013 δὲ
2521 962 2542 993 ⁵
2557 960 2665 1014 τῶν
2683 958 3003 1030 πειρασμῶν
3017 957 3417 1027 ἀπελασθείσης
3436 958 3478 989 ¹⁰
3493 958 3701 1026 πόρρω,

2132 1049 2400 1102 Ἔπνευσε
2431 1046 2669 1116 ζέφυρος
2702 1048 2852 1118 ἡδὺς,
2886 1046 3147 1115 ἐγέλασεν
3176 1047 3351 1101 εὐδία.

2202 1139 2352 1193 δΔλλ*
2384 1142 2418 1211 ἠ
2460 1139 2752 1209 βασίλισσα
2785 1139 2907 1209 Zeti}
2942 1138 3002 1191 τὸ
3032 1137 3140 1191 τῶν
3186 1138 3476 1207 Ῥωμαίων
3506 1139 3702 1207 κράτος

2130 1232 2416 1302 Κράτορος
2439 1230 2836 1301 ἀρῤενόφρονος
2877 1229 3101 1299 χρῄζειν
3120 1228 3474 1296 διεγνωκυῖα,

2130 1323 2242 1376 Kal
2275 1321 2482 1375 παίδων
2510 1321 2571 1374 δὲ
2601 1321 2851 1390 διαδοχῆς
2885 1321 2978 1373 καὶ
3006 1319 3231 1373 τοκετοῦ
3261 1318 3471 1389 διψῶσα

2132 1414 2244 1466 Καὶ
2280 1412 2580 1482 γλιχομένη
2606 1412 2935 1482 τεκνουργδς
2966 1410 3200 1465 ἀκοῦσαι
3228 1410 3578 1479 παιδομήτωρ

2133 1504 2367 1573 (’Υ·ιδ¹¹
2389 1505 2534 1557 δυοῖν
2553 1505 2663 1575 γὰρ
2695 1506 2946 1556 κοπετοῖν
2985 1503 3026 1534 η
3053 1502 3127 1565 ὡς
3150 1502 3363 1572 δένδρον
3392 1501 3705 1553 ποτιεοεῖτα

2137 1594 2363 1664 ’Ᾱχλοος
2382 1595 2743 1660 ἐκινδύνευεν,
2773 1593 2986 1662 ἄφιλος,
3021 1591 3150 1654 αὖος
3189 1588 3419 1660 μένειν),

2140 1687 2345 1756 ’Ἄνδρα
2365 1688 2491 1740 τινὰ
2514 1686 2778 1757 χαρίεντα
2798 1684 3035 1755 τοῦνομα
3065 1685 3410 1738 Κωνσταντῖν

2067 1751 2107 1804 Β
2137 1751 2406 1830 Λεσϐδθεν
2439 1751 2857 1847 μεταπέμπεται
2879 1751 3115 1844 σκάφεσι
3132 1774 3539 1845 λαιφοπτέρωις,

2143 1867 2242 1923 Ὃν
2276 1868 2598 1939 Μονομάχον
2633 1868 2820 1935 ἔλεγον
2843 1869 2908 1921 ὲκ
2937 1866 3424 1937 πατρεπωνομὶας.

2136 1959 2246 2013 Καὶ
2274 1958 2383 2029 γὰρ
2417 1958 2842 2013 καταδεδίκαστο
2859 1956 3063 2025 ταύτην
3087 1958 3259 2010 οἰκεῖν
3289 1957 3387 2027 τὴν
3407 1956 3569 2024 νῆσον

2148 2051 2287 2104 Ὑπὸ
2323 2050 2420 2105 τοῦ
2453 2052 2673 2121 πρώτου
2705 2049 2925 2121 Μιχαὴλ
2956 2049 3049 2103 τοῦ
3087 2048 3550 2119 βεϐασιλευκότος,

2137 2143 2275 2195 Κατ’
2308 2141 2497 2205 ἄλλους
2523 2142 2621 2211 μὲν
2641 2142 2716 2204 ὡς
2746 2143 2845 2211 τὴν
2876 2141 3050 2211 ἀρχὴν
3076 2138 3411 2211 πειρώμενος
3445 2140 3710 2210 ἁρπάζειν

2139 2234 2387 2307 (Ἀνδιχα
2416 2234 2523 2303 γὰρ
2558 2232 2872 2304 ἐκράτησαν
2895 2234 2951 2286 ai
2992 2231 3122 2302 περὶ
3158 2229 3349 2284 τούτου
3381 2231 3604 2300 φῆμαι),

2152 2328 2238 2388 Ὠς
2268 2325 2416 2379 ἄλλοι
2444 2326 2502 2378 δέ
2538 2326 2680 2387 τινες
2719 2342 2905 2394 φασιν,
2929 2318 3011 2388 οἷς
3043 2323 3283 2393 ἀψευδὴς
3311 2325 3344 2393 ἠ
3379 2323 3619 2390 γλῶσσα,

2151 2416 2240 2479 Ὠς
2275 2415 2618 2487 συμφθαρεὶς
2652 2414 2930 2485 ἐρωτικῶς
2953 2416 3075 2483 Ζωῇ
3102 2416 3171 2483 τῇ
3196 2413 3503 2485 βασιλίσσῃ.

2140 2507 2251 2577 Τὴν
2270 2507 2473 2562 Λέσϐον
2497 2503 2589 2561 οὖν
2610 2506 2965 2574 κατακριθεὶς
2987 2507 3158 2558 οἰκεῖν
3177 2507 3205 2557 ὁ
3219 2505 3260 2535 ⁸³
3282 2506 3708 2563 Κωνσταντῖνος.

2140 2600 2250 2651 Kal
2282 2598 2630 2661 κινδυνεύσας
2657 2598 2788 2668 παρ’
2808 2597 2961 2651 οὐδὲν
2984 2595 3278 2664 σϐεσθῆναι
3295 2596 3389 2648 καὶ
3404 2596 3502 2659 τὰς
3522 2596 3712 2664 κόρας,

2140 2690 2346 2761 Λῖφνης
2381 2690 2637 2753 πεσόντος
2667 2688 2902 2759 ἔμπαλιν
2923 2686 3019 2741 τοῦ
3043 2686 3210 2739 κύϐου
3234 2685 3325 2739 τοῦ
3348 2686 3444 2752 τῆς
3474 2688 3641 2756 τύχης

3386 2793 3546 2850 vers.
3575 2782 3715 2849 este

2140 2906 2464 2980 lacrymanti
2517 2907 2709 2962 oculos
2750 2905 3036 2961 novaculis
3068 2913 3294 2970 eruunt,
3329 2903 3521 2959 eadem
3556 2917 3713 2972 pecua

2145 2998 2313 3053 etiam
2347 3006 2545 3067 patruo
2577 2996 2750 3066 ipsius
2780 2995 3042 3065 irrogata,
3076 2994 3170 3064 qui
3207 2994 3292 3048 vir
3318 3002 3438 3046 erat
3469 2991 3715 3046 moribus

469 3085 552 3140 eis
585 3092 842 3153 tanquam
865 3082 1053 3137 liberis
1075 3081 1191 3136 suis
1215 3080 1480 3151 diligitur.
1506 3081 1867 3150 Posteaquam
1889 3085 2036 3139 enim
2070 3095 2113 3154 ο
2150 3088 2439 3158 improbis,
2464 3102 2723 3157 nequam.
2770 3087 3097 3151 sceleratus,
3134 3085 3379 3139 omnium
3429 3092 3710 3153 appetens.

469 3175 757 3231 auditione
787 3174 1025 3246 populus
1052 3187 1117 3227 ea
1142 3188 1264 3242 quae
1292 3184 1443 3242 gesta
1461 3172 2035 3243 fuissentaccepisset,

470 3266 733 3320 nimirum
792 3264 1007 3335 reginas
1063 3262 1132 3317 ab
1199 3262 1526 3331 imperatore
1584 3263 1762 3317 solum
1823 3272 2038 3320 vertere

466 3357 671 3429 jussas,
704 3356 865 3427 126
893 3355 1063 3410 invite
1090 3368 1262 3419 rasas,
1293 3352 1464 3425 nigris
1518 3346 2038 3423 vestib‘usiudutas,

471 3447 683 3520 ingenti
719 3447 908 3502 furore
946 3446 1188 3517 percitus
1227 3461 1352 3500 mox
1376 3446 1609 3517 lapides,
1630 3447 2035 3518 ligna,quasvis

473 3554 566 3594 res
587 3548 764 3595 semet
815 3538 1136 3601 on‘erentes,
1182 3538 1390 3608 glebas,
1434 3538 1637 3602 clavas,
1674 3538 1883 3609 gladios
1918 3554 2043 3594 cor-

474 3633 627 3701 ripit,
646 3629 779 3699 ipsis
810 3629 974 3684 etiam
1000 3629 1336 3684 mulierculis
1356 3629 1542 3684 radios
1560 3630 1837 3683 hastarum
1864 3644 2045 3684 armo-

477 3724 711 3790 rumque
758 3718 882 3772 loco
931 3719 1342 3788 usurpantibus.
1389 3719 1599 3773 Deinde
1662 3734 1859 3789 magno
1916 3735 2041 3773 cum

476 3807 714 3861 clamore
747 3807 815 3860 ad
849 3806 1239 3875 imperatorem
1274 3818 1525 3871 currunt,
1552 3808 1806 3862 manibus
1833 3818 1887 3862 et
1920 3809 2043 3861 ani-

478 3899 584 3953 mis
618 3898 834 3969 reginas
863 3898 933 3953 ab
960 3912 1027 3952 eo
1069 3907 1401 3968 repetentes,
1424 3907 1480 3953 et
1511 3899 1687 3968 ipsum
1716 3899 2043 3954 Micltaclum

477 3993 711 4049 vocibus
753 3992 1163 4048 immanissimis
1200 3992 1560 4047 conviciando
1606 3993 2041 4063 proscindentes.

478 4085 574 4140 llle
608 4100 740 4141 vero
781 4086 934 4155 prius
988 4083 1214 4139 draconi
1265 4083 1499 4139 terribili
1542 4092 1599 4138 et
1644 4084 1788 4138 leoni
1827 4084 2043 4150 similis,

480 4194 630 4235 nunc
653 4177 825 4233 instar
848 4177 1052 4247 leporis
1077 4176 1294 4231 femina;
1322 4176 1410 4231 vel
1438 4176 1844 4231 chammleontis
1861 4175 2050 4231 formi-

481 4267 707 4323 dolosus
752 4269 1017 4338 conspici,
1054 4267 1123 4323 de
1173 4269 1378 4323 ferocia
1426 4269 1733 4333 remittere,
1772 4268 2047 4324 celeribus

2144 3178 2364 3248 Imperii
2391 3187 2609 3249 gustum
2630 3192 2736 3232 non
2766 3177 2905 3232 uln'a
2930 3178 2963 3232 ι
2988 3191 3206 3232 menses
3228 3174 3491 3244 percepit
3508 3172 3718 3228 Secun-

2147 3271 2277 3325 dum
2330 3271 2446 3325 haec
2499 3284 2692 3325 rursus
2745 3266 3125 3339 imperatrices
3187 3264 3716 3320 administrationem

2150 3377 2336 3418 rerum
2390 3362 2447 3416 in
2478 3376 2599 3416 sese
2644 3361 2942 3431 recipiunt,
2976 3369 3033 3414 et
3066 3358 3325 3412 traditum
3358 3373 3388 3411 a
3420 3356 3718 3426 majoribus

2152 3453 2444 3524 imperium
2506 3460 2796 3521 usurpant.
2824 3452 3007 3516 Quare
3062 3448 3253 3519 procul
3285 3444 3508 3516 expulsa
3551 3460 3715 3498 vexa-

2152 3545 2363 3599 tionum
2409 3549 2733 3613 tempestate
2758 3580 2771 3607 ,
2811 3541 2922 3612 jam
2956 3539 3133 3594 dulcis
3172 3537 3424 3592 lavonius
3455 3534 3716 3606 spirabat,

2153 3646 2209 3691 et
2239 3636 2507 3691 serenitas
2535 3634 2781 3703 quaedam
2814 3631 3059 3687 suaviter
3085 3630 3386 3686 arridebat.

2221 3725 2490 3781 Caeterum
2541 3724 2730 3794 regina
2778 3723 2887 3777 Zoe
2925 3738 3051 3777 cum
3106 3722 3391 3777 statuisset
3431 3716 3719 3789 imperium

2155 3818 2461 3872 [letnanum
2483 3815 2657 3869 virilis
2686 3813 3034 3883 imperatoris
3057 3826 3222 3881 opera
3240 3809 3507 3879 indigere,
3536 3808 3714 3862 simul.

2152 3924 2260 3979 que
2312 3921 2662 3964 successores
2718 3920 2785 3960 ex
2842 3919 2899 3958 se
2967 3913 3126 3957 natos
3175 3900 3438 3968 consequi
3495 3896 3722 3967 cuperet

2155 4000 2381 4071 (quippe
2424 3998 2639 4052 tametsi
2671 3996 2957 4067 cujusdam
2982 3992 3194 4048 arboris
3231 3991 3406 4045 instar
3436 4005 3469 4043 a
3506 3988 3725 4043 duobus

2155 4092 2464 4147 hortulanis
2499 4089 2671 4159 rigata
2696 4088 2894 4153 fuerat,
2930 4097 3113 4142 tamen
3135 4082 3439 4154 periculum
3486 4091 3608 4136 erat
3653 4096 3724 4134 ne

2155 4184 2362 4252 absque
2379 4180 2719 4252 germinibus
2744 4187 2800 4234 et
2834 4177 2979 4232 foliis
3012 4176 3163 4231 arida
3182 4172 3473 4242 maneret),
3499 4172 3672 4242 elegat
3694 4196 3725 4214 -

2160 4285 2267 4330 tem
2285 4272 2580 4344 quemdam
2607 4272 2808 4337 virum,
2842 4270 2930 4325 cui
2949 4267 3307 4325 Constantino
3334 4280 3530 4321 nomen
3558 4274 3724 4328 esset,

483 4359 718 4427 navigiis
748 4359 964 4429 reginas
1009 4359 1306 4425 adducere,
1355 4360 1805 4431 gubernationem
1842 4368 1897 4415 et
1946 4361 2048 4414 im-
2085 4385 2126 4437 ῃ
2160 4363 2459 4419 Ducliatori
2506 4368 2928 4431 cognomentum
2968 4368 3330 4428 paternum,e
3365 4356 3543 4411 Lesbo
3581 4354 3726 4408 cele-

486 4451 700 4520 perium
737 4451 855 4520 ejus
882 4451 1088 4505 avitum
1128 4453 1476 4521 patriumque
1498 4453 1811 4505 restituere.
1842 4453 2053 4508 Nihilo-

486 4541 669 4595 minus
732 4540 801 4595 de
873 4543 1090 4613 integro
1147 4542 1235 4596 [ax
1302 4543 1593 4596 seditionis
1656 4558 1886 4597 accensa
1948 4543 2053 4598 fuit

485 4630 749 4686 adversus
774 4631 1052 4687 hominem
1084 4632 1533 4687 abominandum.
1567 4632 1909 4702 Quapropter
1937 4633 2055 4685 iue-

486 4724 694 4779 vitabili
743 4725 800 4779 vi
840 4734 1159 4794 perspecta,
1200 4739 1325 4778 cum
1364 4723 1540 4777 instar
1581 4724 1694 4777 ursi
1747 4739 1776 4776 a
1827 4723 2054 4778 canibus

487 4816 653 4871 cincti
680 4832 738 4872 se
757 4816 998 4887 undique
1017 4817 1417 4872 circumdatum
1440 4826 1715 4881 cerneret,
1736 4818 1901 4870 vitam
1931 4815 2055 4885 fuga

487 4922 814 4961 conservare
844 4907 1060 4971 nititur,
1104 4916 1180 4972 et,
1219 4907 1364 4976 quod
1398 4908 1562 4978 vulgo
1610 4907 1716 4961 dici
1749 4908 2054 4969 consuevit,

486 4997 647 5067 lepus
674 4998 740 5052 ad
769 5013 958 5067 rupem
986 5013 1103 5052 sese
1138 4997 1472 5068 proripit,ad
1501 5012 1742 5061 mensam
1771 4997 2051 5067 mysticam

490 5090 722 5160 perfugii
753 5090 876 5145 loco
907 5090 1156 5144 tendens.
1177 5089 1379 5144 Verum
1414 5089 1650 5159 populus
1678 5104 2056 5158 saepenumero

488 5181 555 5237 ad
589 5181 829 5235 furorem
870 5197 1041 5251 usque
1086 5196 1351 5236 accensus
1387 5180 1566 5250 ignem
1608 5180 1785 5248 ipsum
1836 5177 2057 5232 vincere

487 5260 648 5329 solet.
683 5273 817 5327 Nam
849 5288 973 5327 cum
994 5273 1135 5326 intra
1156 5272 1272 5341 ipsa
1299 5271 1458 5340 adyta
1485 5283 1642 5323 sacra
1669 5284 1832 5322 cursu
1862 5284 2060 5337 perru-

487 5362 723 5432 pissent,
742 5362 868 5417 inde
881 5363 1139 5417 miserum
1151 5362 1413 5426 avellunt,
1428 5368 1484 5414 et
1499 5356 1777 5422 clamanti,
1795 5359 2058 5427 gementi,

2158 4456 2311 4509 ribus
2372 4453 2605 4524 navigiis
2656 4451 2965 4505 arcessivit.
3004 4450 3139 4503 Nam
3177 4450 3450 4518 reiegatus
3487 4448 3541 4501 in
3586 4445 3726 4499 hanc

2159 4547 2391 4601 insulam
2446 4544 2627 4599 fuerat
2683 4560 2713 4596 a
2781 4542 3065 4606 Michaclo,
3098 4541 3193 4611 qui
3250 4556 3360 4595 non
3413 4543 3483 4592 ita
3517 4537 3724 4607 pridem

2164 4642 2508 4706 regnaverat,
2548 4643 2771 4703 pr0pter
2817 4629 3031 4699 imperii
3057 4628 3434 4698 cupidtatem,
3475 4626 3621 4695 quod
3659 4626 3726 4678 ad

2159 4743 2217 4781 se
2275 4740 2467 4795 rapere
2526 4733 2755 4778 conatus
2802 4722 2999 4785 fuerat,
3052 4720 3130 4773 uti
3188 4717 3436 4772 nonnulli
3504 4715 3730 4770 tradunt

2163 4815 2389 4890 (diversi
2421 4817 2565 4870 enim
2594 4816 2695 4867 ltac
2718 4813 2785 4867 de
2818 4828 2876 4867 re
2903 4826 3153 4864 rumores
3179 4805 3551 4876 emanarunt),
3574 4806 3729 4860 aitir-

2162 4906 2440 4961 mantibus
2462 4906 2607 4966 aliis,
2644 4919 2877 4975 quorum
2909 4903 3087 4955 aliena
3115 4907 3340 4969 putatur
3371 4915 3400 4951 a
3426 4898 3730 4952 mendaciis

2159 4999 2365 5069 lingua,
2387 5004 2611 5069 propter
2630 4994 2899 5052 occultam
2930 5011 3056 5049 cum
3091 4992 3437 5062 imperatrice
3468 4991 3576 5047 Zoe
3602 5007 3733 5045 con~

2162 5089 2513 5143 suetudinem
2550 5088 2856 5143 exsulatum
2886 5087 3040 5140 abire
3073 5085 3287 5155 jussutn
3331 5084 3384 5137 in
3419 5099 3538 5138 eam
3571 5098 3730 5151 quant

2164 5181 2404 5235 diximus
2424 5180 2681 5245 insulam,
2706 5196 2832 5234 cum
2868 5195 3062 5249 parum
3087 5177 3350 5256 abfuisset
3379 5179 3511 5245 quin
3545 5177 3732 5231 oculos

2163 5274 2330 5329 etiam
2366 5273 2666 5327 amitteret.
2714 5268 2869 5341 127
2910 5272 3069 5326 Nunc
3101 5280 3283 5323 autem
3314 5266 3642 5323 contrariam
3677 5265 3731 5317 in

2166 5374 2375 5437 partem
2427 5364 2579 5434 lapsa
2622 5362 2856 5418 fortuna:
2887 5373 3117 5426 tessera,
3148 5370 3205 5416 et
3248 5362 3408 5414 aliter
3456 5356 3735 5414 conversis

1841 5450 2040 5510 Variae
2068 5452 2400 5518 lectiones.

570 5556 592 5588 ⁸
616 5558 820 5624 φωναῖς
845 5557 909 5609 Δ.

496 5623 539 5655 ¹²
562 5623 793 5678 τοκετῶν
823 5626 887 5691 Β,
925 5625 1212 5694 κηπευτῶν
1245 5625 1305 5677 Α.

1616 5624 1731 5677 All.

1031 5555 1050 5586 ⁷
1095 5554 1186 5635 Ἐν
1234 5555 1409 5654 πέτρα
1439 5553 1502 5643 Αἱ
1608 5552 1630 5584 ³
1655 5551 1810 5607 "nnc
1840 5569 2058 5610 versum
2091 5571 2205 5611 om.
2258 5555 2325 5610 Β.
2388 5557 2437 5639 ,⁸
2472 5556 2581 5626 γὰρ
2603 5555 2718 5610 AB.

1031 5641 1212 5676 ςευτων
1245 5625 1305 5676 Α.
1411 5625 1597 5676 ὀυτος
1616 5624 1731 5676 All.

2827 5555 2868 5586 ¹⁰
2894 5553 3258 5622 ἀπελαθήσης
3311 5551 3374 5605 Α.
3454 5551 3493 5581 ¹¹
3524 5546 3631 5600 ἀπὸ
3668 5544 3732 5599 Β.
