4138 6216
413 312 519 376 453

1474 282 2013 380 communium
2049 319 2530 386 CHRONICUM.

3466 332 3673 398 .454

414 429 521 515 [Eat
546 421 664 515 sibi:
689 421 981 515 όστράκων
1002 423 1107 475 τῶν
1135 426 1304 515 αὐτῆς
1333 424 1509 490 ἄλλως
1543 422 1996 507 μεταρριφέπων
2026 434 2072 485 Α
2105 431 2225 484 Κᾶν
2246 440 2450 500 γνῶναι
2472 436 2599 507 θέλῃ
2631 455 2714 503 τις
2751 439 2917 493 αὐτοῦ
2938 441 3008 494 τὰ
3033 445 3130 513 τῆς
3159 443 3602 515 λαμπροψυχίας.

413 508 667 578 Α’ὖτάναξ
700 512 1086 566 ἀναδείκνυται
1108 513 1180 579 ⁴⁸,
1211 516 1480 587 δεσπότης
1501 519 1529 570 6
1557 520 1689 589 πρὶν
1716 518 1924 582 δοῦλος,

414 601 697 673 Δῦταρχος
722 603 751 655 6
778 602 1115 674 κατάκριτος
1143 605 1237 658 καὶ
1276 606 1497 675 κράτωρ
1521 609 1549 660 6
1575 608 1886 678 δεσμώτης,

414 692 527 745 Καὶ
544 690 643 763 τὴν
671 691 994 763 βασίλισσαν
1015 695 1168 763 Ζωὴν
1195 695 1530 764 νυμφεύεται
1561 698 1698 767 πρὸς
1723 699 1921 768 τάμον.

415 782 605 846 Οὕτως
639 783 990 854 ἀστάθμητός
1024 788 1142 840 ἐστι
1165 790 1275 841 τῶν
1303 791 1552 859 γηγενῶν
1580 790 1608 842 6
1634 789 1779 860 βίος·

415 875 573 929 Οὕτω
597 878 940 946 πραγμάτων
970 881 997 932 6
1026 879 1217 949 τροχὸς
1251 883 1364 936 ἄνω
1391 883 1485 935 καὶ
1508 882 1662 935 κάτω
1681 885 1892 953 τρέχων

416 968 668 1022 Κυλίνδει
705 968 888 1023 πάντα
918 970 986 1023 τὰ
1033 971 1206 1041 θνητὰ
1263 977 1355 1026 καὶ
1396 974 1601 1045 φύρδην
1635 974 1994 1046 μετατρέπει.

416 1059 482 1110 Ai
514 1058 772 1129 φῆμαιδὲ
809 1061 1152 1129 μορφάζουσι
1178 1063 1367 1117 τοῦτον
1392 1065 1483 1116 τὸν
1515 1065 1841 1134 Μονομάχον

416 1148 539 1202 Τῶν
570 1150 668 1218 μὲν
703 1151 960 1220 μαχίμων
997 1153 1133 1223 eam
1160 1154 1257 1206 καὶ
1287 1155 1384 1223 τῆς
1418 1156 1774 1224 όπλοφορίας,

418 1239 499 1291 Τὰ
520 1238 566 1291 δ’
597 1239 731 1294 ἄλλα
765 1240 1184 1310 μεγαλοπρεπῆ,
1217 1228 1535 1312 φιλόδωρον,
1567 1246 1802 1303 ἀστεῖον,

417 1329 852 1401 Λαμπρόψυχον,
885 1332 1237 1404 φιλόκοσμον,
1269 1336 1490 1403 ἐπιεικῆ
1512 1336 1640 1399 τοὺς
1666 1338 1924 1407 τρόπους,

419 1421 742 1492 Φιλοδωρίας
779 1423 1076 1488 θάλασσαν,
1103 1424 1300 1495 λίμνην
1330 1426 1737 1497 ποτιμωτάτην,

433 1514 523 1577 Ἐξ
548 1507 623 1566 ὧν
647 1516 969 1585 ἀπήλαυσαν
1013 1517 1199 1572 πολλοὶ
1237 1519 1526 1589 χευμάτων
1563 1518 1991 1589 καλλικρούνων,

434 1604 526 1669 Ἐξ
551 1597 625 1658 ὧν
654 1605 1009 1676 ἀπήντλησαν
1039 1609 1223 1661 πολλοὶ
1249 1588 1466 1680 νάματα
1503 1588 1790 1682 ζωοτρόφα
1811 1625 1824 1640 ·

422 1695 533 1759 Τάς
560 1695 766 1765 φλέϐας
797 1697 838 1729 ¹⁵
870 1699 981 1769 γὰρ
1011 1699 1303 1770 ἁπανταχῆ
1333 1701 1718 1772 διακρουνίσας
1741 1701 1919 1772 ὤφθη,

420 1787 789 1860 Χρυσεοδίνης
819 1789 1135 1856 Πακτωλδς,
1172 1792 1365 1855 Νεῖλος
1403 1792 1858 1865 ἀργυροχεύμων.

434 1879 709 1948 Ἐπέγνων
744 1880 935 1934 τούτου
960 1882 1053 1935 καὶ
1082 1882 1203 1935 λαοὶ
1233 1882 1493 1952 παλάμας
1531 1883 1882 1953 φιλοδὼρους,

432 1971 710 2041 Ἐπέτνων
737 1972 828 2026 τού
840 1990 931 2028 τοο
958 1972 1052 2028 καὶ
1090 1974 1235 2029 ναοὶ.
1253 1974 1750 2047 τὰςνφιλοκόσμους
1779 1976 1988 2045 χεῖ-ρας.

421 2063 487 2114 οι
517 2062 748 2131 πένητες
784 2063 1018 2131 ἐξέπιον,
1040 2058 1330 2136 ἧντλησσῖν,
1362 2066 1479 2119 ἀλλ’
1505 2067 1584 2130 είς
1610 2069 1770 2135 κόρον
1792 2082 1805 2096 ·

420 2156 538 2209 Πᾶν
570 2157 798 2226 τέμενος
826 2157 1141 2224 ἀπήλαυσεν
1167 2158 1387 2229 ἀρδείας
1418 2158 1809 2230 χρυσορείθρου
1840 2158 1903 2212 ’⁸.

421 2246 578 2301 Οὕτω
625 2248 801 2312 κοινὸς
842 2245 909 2319 ἦν
942 2250 1209 2319 ποταμὸς,
1246 2249 1561 2320 ἁπανταχοῦ
1601 2250 1643 2281 ³⁷
1671 2250 1947 2319 λιμνάζων
1973 2265 1987 2279 ⁶

435 2337 651 2391 Ἐκένου
683 2339 790 2411 γὰρ
820 2339 928 2392 τῶν
960 2339 1180 2411 δωρεῶν
1212 2339 1610 2409 ἅφθονοχύτους
1635 2340 1820 2411 χύσεις

433 2426 520 2489 Ὠς
551 2428 630 2489 εἰς
658 2427 928 2498 άτρήτους
958 2429 1207 2496 ἀγωγοὺς
1230 2430 1355 2490 τοὺς
1383 2429 1917 2498 καταπονουμένους.

421 2517 529 2569 Καὶ
561 2516 767 2586 Ξέρξης
800 2519 897 2587 μὲν
925 2521 953 2572 ὀ
996 2519 1228 2589 σοϐαρὸς
1260 2521 1465 2581 ἐκεῖνος
1499 2522 1527 2570 6
1562 2520 1885 2591 Περσάρχης

431 2607 569 2660 Ὑπὸ
596 2608 766 2680 καλὴν
801 2610 841 2641 ³⁸
875 2610 1237 2665 πλατάνιστον
1263 2609 1578 2673 ἀνακλιθεὶς
1607 2612 1664 2663 ἐν
1691 2611 1838 2682 θέρει

425 2698 665 2770 Κόσμοις
698 2699 926 2771 ἀψύχοις
947 2702 1009 2754 τὸ
1036 2703 1200 2771 φυτὸν
1222 2703 1693 2773 ἀντεφιλοτιμείτο
1709 2718 1722 2733 ⁸

427 2790 532 2844 Τοῦ
559 2791 614 2843 δὲ
628 2794 720 2845 καὶ
742 2794 938 2865 πέτραι
967 2794 1060 2847 καὶ
1080 2796 1224 2863 φυτὰ
1247 2796 1338 2848 καὶ
1365 2796 1519 2865 νῆσοι
1547 2796 1642 2850 καὶ
1667 2795 1926 2866 λειμῶνες
1946 2796 1990 2829 ¹⁹

362 2880 367 2883 ’
423 2881 654 2953 Χάρισιν
692 2884 1029 2954 ὲπιάνθησαι
1057 2886 1355 2958 εύδρόσοις,
1390 2887 1688 2958 ἀειρύτοις.

425 2974 578 3029 Οὕτω
602 2976 845 3048 μεγάλην
876 2978 973 3049 τὴν
1001 2978 1199 3051 ψυχὴν,
1224 2977 1369 3033 οὕτω
1393 2981 1655 3036 πλουσίαν
1677 2978 1813 3053 εἷχε.

425 3220 582 3291 quasi
615 3221 770 3278 testis
801 3220 972 3285 illius,
998 3221 1299 3295 imperator
1327 3233 1385 3281 et
1412 3239 1597 3281 rerum
1623 3223 1883 3280 dominus
1905 3237 1994 3279 re-

425 3315 708 3370 nuntiatus
745 3323 850 3379 est,
874 3317 968 3386 qui
1007 3327 1165 3373 antea
1204 3317 1524 3374 conditione
1559 3332 1753 3376 Servus
1777 3324 1895 3372 erat
1936 3322 1994 3371 et

425 3406 617 3460 exsilio
650 3406 912 3462 multatus
932 3418 989 3463 et
1013 3409 1068 3462 in
1097 3408 1401 3464 custodiam
1420 3409 1601 3464 datus.
1619 3409 1808 3478 Neque
1821 3409 1995 3463 multo

424 3506 547 3566 post
573 3497 721 3553 Zoen
770 3500 1171 3569 imperatricern
1224 3499 1578 3553 matrimonio
1629 3496 1737 3552 sibi
1787 3499 1991 3569 junxit.

426 3589 504 3644 Ita
539 3592 801 3645 nimirum
837 3598 1092 3644 versatur
1126 3590 1181 3643 in
1227 3591 1438 3645 incerto
1473 3590 1584 3645 vita
1631 3590 1991 3658 mortalium;

425 3681 500 3734 ita
532 3696 716 3734 rerum
756 3680 1115 3740 humanarum
1172 3690 1290 3736 rota
1344 3696 1563 3739 sursum
1625 3680 1993 3751 deorsumque

422 3785 657 3826 currens
688 3771 869 3825 omnia
904 3772 1134 3839 volutat,
1170 3782 1225 3829 et
1260 3773 1485 3830 confuse
1529 3774 1771 3830 invertit.
1824 3775 1992 3829 Acce~

424 3863 606 3932 pimus
627 3871 808 3916 autem
833 3860 975 3917 fama
997 3864 1365 3919 Duellatorem
1386 3865 1536 3920 hunc
1557 3881 1740 3921 rerum
1766 3864 1991 3949 quidem

428 3949 747 4003 militarium
802 3948 971 4006 luisse
1017 3966 1246 4020 prorsus
1297 3950 1634 4022 imperitum,
1694 3948 1991 4020 creteroqui

425 4052 556 4090 vero
602 4036 950 4108 magniﬁcum
975 4079 990 4105 ,
1033 4032 1335 4103 liberalem,
1375 4038 1668 4104 urbanum,
1714 4040 1995 4110 magnani-

428 4140 601 4198 mum,
658 4132 1058 4188 moderationis
1105 4142 1161 4189 et
1207 4132 1484 4204 aequitatis
1533 4135 1868 4197 studiosum,
1928 4149 1993 4189 ac

428 4222 728 4292 praesertim
756 4223 831 4277 ita
864 4223 1186 4279 muniﬁcum
1209 4234 1269 4279 ut
1296 4238 1419 4280 esse
1446 4225 1792 4280 liberalitatis
1814 4224 1990 4294 quod-

427 4314 550 4367 dum
575 4316 731 4384 quasi
760 4330 912 4371 mare
936 4316 1417 4387 videretur,cu1us
1448 4316 1631 4371 fructu
1656 4317 1847 4372 multis
1880 4315 1990 4370 l’rui

2110 523 2173 576 Ἥ
2209 524 2665 599 λαμπροδόμητος
2693 532 2827 602 μονὴ
2859 534 3192 588 πιστώσεται
3224 537 3284 589 τὸ
3309 540 3566 608 πρᾶγμα,

2104 613 2206 667 Ἦν
2227 617 2291 669 ὲκ
2323 615 2605 684 θεμέθλων
2631 622 2676 652 ²⁰
2722 621 2965 693 ἤγειρεν,
3006 625 3115 677 ἀπὸ
3151 626 3317 698 ῥιζῶν
3349 630 3594 697 ἐσχάτων
3626 630 3669 660 ’ί

2095 703 2185 773 Τῷ
2212 705 2342 777 θείῳ
2368 708 2822 782 Χριστομάρτυρι
2841 713 2917 783 τῷ
2937 710 3444 789 τροπαιοφόροῦντι.

2110 796 2272 850 Ἀλλά
2283 799 2394 870 γὰρ
2413 800 2562 855 οὕτω
2579 806 2690 866 τοῖς
2709 805 2896 869 καλοῖς
2917 806 3127 861 θάλλων
3144 810 3285 880 ὑπὲρ
3300 812 3397 875 τὰς
3420 812 3668 883 κέδρους,

2096 889 2254 943 Οὕτω
2279 892 2467 960 κομῶν
2499 896 2619 956 ταῖς
2644 895 2869 966 ἀρεταῖς
2919 900 3205 967 ἀείφυλλός
3232 902 3305 963 ὼς
3332 903 3530 971 φοῖνιξ,

2100 982 2274 1049 ’Δγαν
2311 983 2565 1053 πονηρῶς
2607 987 2707 1056 τῆς
2738 988 2938 1057 σαρκὸς
2968 986 3078 1060 εἷχε
3116 993 3215 1062 τῆς
3252 996 3593 1065 χωματίνης,

2098 1074 2384 1145 Ποδάγρας
2420 1080 2543 1141 ταῖς
2579 1077 2883 1149 βαρύτησιν
2906 1083 3200 1152 ἐσφίγγετο
3228 1088 3354 1148 τοὺς
3386 1088 3557 1151 πόδας

2107 1165 2195 1227 Ὠς
2225 1166 2555 1231 ποδοκάκαις
2582 1173 2849 1241 ἰσχυραῖς,
2883 1171 3075 1245 ὥσπερ
3111 1175 3507 1239 ἀλυκτοπὲδαις

2096 1257 2208 1310 Καὶ
2241 1258 2422 1311 τοίνυν
2459 1260 2787 1333 διημέρευεν
2809 1265 2866 1316 ἐν
2892 1265 3160 1334 μαλακοῖς
3183 1267 3425 1337 δεμνίοις

2097 1348 2597 1420 Παραμυθούμενος
2623 1352 2776 1422 αὐτῷ
2798 1353 2923 1417 τοὺς
2949 1357 3295 1420 κατακόπους
3327 1357 3517 1421 πόδας.

2107 1440 2390 1495 Ἐντεῦθεν
2415 1442 2809 1515 ἀνερράγησαν
2843 1445 2994 1516 αὐτῷ
3028 1448 3366 1519 πολυκυμίαι

2092 1533 2202 1601 καί
2232 1534 2528 1605 συμφορῶν
2559 1536 2654 1589 καὶ⁹
2680 1538 3006 1607 πειρασμῶν
3034 1539 3227 1608 ἄνεμοι
3256 1541 3549 1609 κυματίαιε

2097 1624 2401 1678 Ἠκουσται
2429 1628 2646 1690 πάντως
2671 1629 2699 1680 ὁ
2728 1627 2901 1690 δεινὸς
2933 1630 3139 1692 ἐκεῖνος
3167 1630 3483 1701 Μανιάκης,

2022 1764 2068 1820 Β
2106 1716 2272 1785 Ἀνὴρ
2305 1719 2813 1789 γιγαντοπάλαμος,
2836 1720 3082 1791 ὀξύχειρ,
3104 1721 3494 1791 άνδροφόντης.

2098 1806 2624 1879 Θρασύσπλαγχνος,
2654 1811 2965 1882 εὐκάρδιος,
2994 1814 3172 1866 πνέων
3205 1814 3376 1883 ὀργῆς
3409 1811 3675 1882 ἐκθύμουυ

2110 1899 2349 1962 Ἐκεῖνος
2378 1900 2559 1952 τοίνυν
2582 1900 2853 1969 ἡθροικὼς
2874 1903 3076 1971 ἄνδρας
3107 1904 3539 1972 άγχεσιμάχους,

2097 1990 2533 2062 Κορυνοώρους,
2552 1992 2850 2062 αἱχμητάς,
2878 1992 3083 2058 ἄνδρας
3098 1994 3569 2065 τιγαντοαώμουςς

2102 2083 2407 2153 Εὐαύξητον
2439 2084 2751 2155 ἀναδρομὴν
2786 2087 3050 2157 φέροντας
3079 2086 3201 2139 τῶν·
3222 2088 3511 2156 σωμάτων,

2112 2173 2284 2244 ’Υπὲρ
2314 2173 2601 2228 πλατάνων
2626 2176 2872 2246 ὑδρηλῶν
2890 2177 3063 2248 μῆκος
3086 2178 3509 2250 ὠργυιωμένους
3524 2219 3540 2244 ,

2108 2266 2195 2329 Ὠς
2223 2268 2384 2335 νέφος
2413 2268 2555 2340 ὑπὲρ
2586 2269 2829 2339 κεφαλῆς
2859 2269 2991 2340 ἔστη
3016 2271 3110 2324 τοῦ
3136 2272 3401 2341 βασιλέως

2099 2357 2275 2427 Παχὺ,
2300 2358 2566 2427 ζοφῶδες,
2595 2360 2837 2431 θολερὸν,
2877 2363 3205 2432 μελάντερον
3234 2364 3331 2417 καὶ
3361 2364 3584 2435 πίσσης,

2100 2448 2380 2518 Ὀμϐρους
2395 2449 2686 2519 ῥαγδαίους
2698 2451 2957 2516 ἀπειλῶν,
2974 2452 3072 2522 οὐχ
3087 2452 3333 2515 ύδατίους
3351 2453 3395 2483 η
3408 2452 3671 2522 ὄμϐρουςτ

2110 2539 2270 2593 Ἀλλά
2299 2542 2429 2611 ῥοὰς
2461 2542 2796 2614 αίματηρὶις,
2831 2544 2967 2597 ἀλλὰ
2988 2544 3201 2612 φονίους
3225 2545 3434 2614 χύσεις.

2096 2628 2387 2684 Κατέλαϐε
2408 2632 2474 2684 τὰ
2504 2631 2763 2701 φρούρια,
2790 2632 3058 2687 κατέλαϐε
3089 2632 3189 2697 τὰς
3212 2634 3415 2696 πόλεις.

2110 2719 2303 2793 Ἑπῄει
2331 2722 2553 2793 βρέμων
2579 2724 2656 2794 τῷ
2693 2725 2872 2794 θυμῷ,
2912 2725 3100 2794 φυσῶν
3130 2725 3273 2796 ὑπὲρ
3302 2725 3673 2795 Κενταύρους,

2107 2814 2197 2879 Ὦς
2224 2817 2517 2878 Καπανεὺς
2549 2817 2930 2888 μεγαλαυχῶν,
2965 2819 3268 2886 κομπάζων
3291 2818 3366 2880 ὡς
3407 2819 3664 2881 Ἀνταῖος.

2099 2906 2210 2962 Καὶ
2240 2908 2326 2971 τίς
2353 2908 2419 2963 ἂν
2442 2910 2639 2980 ἤλπισε
2671 2914 2864 2979 φυγεῖν
2893 2912 3002 2964 ἀπὸ
3025 2910 3199 2963 κακοῦ
3237 2911 3525 2974 τοσούτους

2110 2993 2252 3049 Ἀλλ’
2286 2996 2315 3049 6
2338 2999 2877 3069 περιφρουρούμενος
2904 3000 3085 3065 "rei;
3107 3000 3203 3053 τοῦ
3234 2999 3370 3054 Θεοῦ
3389 3001 3670 3070 παλάμαις

3335 3123 3490 3180 Vers.
3527 3126 3681 3181 6500

2097 3242 2322 3301 tamque
2362 3232 2691 3302 locupletem
2720 3230 2878 3287 habe!
2901 3242 2978 3287 at.
3002 3229 3209 3297 Quodsi
3246 3230 3371 3302 quis
3402 3231 3523 3301 ejus
3550 3246 3675 3285 πηδα-

2095 3324 2427 3395 gniﬁcentim
2473 3323 2629 3393 cupit
2667 3334 3055 3407 argumentum.
3104 3322 3332 3383 habere,
3385 3321 3547 3375 ﬁdem
3589 3322 3665 3375 illi

2094 3412 2260 3467 faciet
2291 3412 2487 3466 domus
2507 3412 2596 3465 illa
2621 3411 3065 3480 splendidissime
3092 3416 3409 3464 constructa
3439 3409 3508 3463 de
3536 3408 3668 3463 fun—

2094 3501 2353 3557 damento
2383 3502 2439 3555 in
2479 3502 2745 3555 honorem
2776 3500 3059 3555 victoriosi
3110 3498 3484 3555 mstistristi
3527 3499 3668 3554 Grc-

2093 3593 2254 3665 gorii.
2270 3591 2374 3648 Sed
2398 3592 2544 3647 enim
2561 3591 2654 3661 qui
2675 3591 2813 3647 adeo
2836 3591 3075 3662 fulgebat
3091 3590 3250 3646 bonis
3270 3605 3433 3661 supra
3451 3590 3673 3655 cedros,

2094 3695 2151 3741 et
2172 3684 2267 3754 qui
2296 3682 2600 3738 virtutibus
2630 3682 2861 3738 ﬂorebat
2887 3692 3144 3752 tanquam
3172 3681 3432 3737 omnibus
3459 3681 3667 3737 durans

2091 3774 2349 3830 tristibus
2399 3773 2646 3843 phoenix,
2677 3787 2907 3843 corpore
2940 3771 3235 3828 admodum
3257 3779 3378 3827 erat
3411 3771 3677 3843 languido

2092 3874 2150 3922 et
2168 3865 2390 3932 allecto;
2430 3880 2556 3919 nam
2587 3865 2828 3935 podagra
2849 3864 3155 3929 laborabat,
3173 3862 3491 3918 constrictis
3513 3862 3677 3931 quasi

2093 3972 2191 4027 per
2237 3956 2532 4026 compedes
2578 3958 2842 4026 quosdam
2888 3955 3140 4026 pedibus.
3185 3953 3553 4020 Quamobrem
3612 3954 3666 4006 in

2092 4047 2239 4102 lecto
2256 4044 2587 4101 decumbere
2598 4055 2820 4101 coactus
2838 4060 3014 4114 aegros
3033 4052 3088 4098 et
3118 4043 3483 4098 discruciatos
3500 4042 3669 4112 pedes

2093 4137 2343 4193 curabat.
2368 4136 2506 4190 Hinc
2533 4145 2611 4190 tot
2640 4137 2691 4189 in
2724 4137 2907 4205 ipsum
2941 4140 3292 4202 tempestates
3316 4141 3373 4187 et
3401 4148 3661 4186 aerumnae

2094 4236 2223 4282 sunt
2256 4227 2557 4280 concitatae.
2595 4225 2770 4279 Natus
2802 4234 2890 4278 est
2917 4224 3219 4279 acerrimus
3254 4223 3343 4278 ille
3373 4223 3675 4284 Maniaces,

2094 4317 2408 4387 giganteum
2452 4315 2507 4367 in
2552 4327 2761 4367 morem
2806 4312 3127 4377 bellicosus,
3157 4327 3323 4365 manu
3356 4322 3660 4381 promptus,

428 4409 716 4480 contingit,
743 4409 1049 4465 emittentis
1073 4410 1336 4480 quasdam
1366 4410 1520 4479 quasi
1545 4424 1712 4464 venas
1732 4419 1789 4465 et
1808 4418 1992 4465 scatu-
2021 4435 2069 4494 υ
2106 4405 2356 4463 caedibus
2400 4404 2675 4475 gaudens,
2709 4402 2907 4468 audax,
2958 4402 3140 4467 fortis,
3180 4402 3431 4457 animoso
3481 4404 3666 4456 cordis

428 4501 621 4557 ricntis
644 4504 700 4557 in
724 4517 936 4558 morem
954 4502 1179 4557 auriferi
1193 4500 1398 4557 Pactoli
1418 4502 1633 4572 Nilique
1658 4500 1994 4572 argentiﬂui.

427 4593 640 4661 Quippe
674 4594 962 4648 muniﬁcas
1001 4592 1179 4663 ipsius
1210 4604 1406 4647 manus
1454 4602 1695 4662 experta:
1729 4600 1859 4644 sunt
1896 4605 1995 4644 na-

430 4680 606 4734 tiones
632 4681 877 4751 integrae,
910 4682 1130 4752 templa,
1156 4695 1447 4752 pauperes.
1472 4681 1602 4735 Erat
1627 4681 1773 4735 enim
1799 4680 1998 4734 ﬂuvius

430 4768 633 4840 ubique
671 4781 845 4827 semet
877 4772 1190 4839 eﬂ‘undens,
1236 4784 1293 4829 et
1340 4786 1569 4827 munera
1618 4771 1997 4841 copiosissime

428 4861 793 4919 distribuebat
822 4865 877 4918 in
904 4879 1251 4920 aerumnosos
1299 4874 1554 4935 tanquam
1596 4865 1650 4918 in
1688 4863 1910 4918 tubulos
1940 4871 1996 4918 et

427 4955 645 5010 canales
712 4955 858 5010 haud
914 4958 1211 5027 perfossos.
1276 4957 1559 5027 Superbus
1612 4955 1833 5026 quidem
1902 4955 1994 5009 ille

427 5044 661 5112 Xerxes,
693 5049 980 5103 Persarum
1024 5066 1142 5116 rex,
1175 5065 1301 5104 cum
1356 5051 1545 5105 aestivo
1601 5057 1843 5119 tempore
1891 5048 1994 5103 sub

427 5137 648 5205 platano
701 5140 1075 5209 pulcherrima
1123 5140 1488 5206 recubuisset,
1537 5141 1790 5195 arborem
1835 5155 2000 5194 orna-

428 5230 630 5284 mentis
672 5231 931 5288 inanimis
981 5233 1222 5288 vicissim
1265 5233 1644 5289 eohnnestavit
1683 5249 1699 5288 :
1736 5242 1791 5287 at
1834 5232 1998 5304 hujus

429 5319 778 5391 imperatoris
838 5324 1123 5380 beneﬁciis
1177 5325 1454 5380 continuis
1485 5325 1717 5394 sc0puli,
1747 5325 1992 5389 arbores,

428 5411 642 5473 insulae.
686 5424 843 5486 prata
879 5417 1050 5488 rigata
1083 5425 1234 5473 sunt.
1271 5416 1404 5473 Tam
1448 5432 1704 5488 maguum
1749 5416 1994 5470 animum

2096 4505 2300 4572 impetu
2353 4499 2615 4554 fervidus.
2642 4499 2692 4552 ls
2726 4497 2893 4567 igitur
2941 4512 3066 4552 eum
3125 4498 3381 4567 egregias»
3426 4496 3661 4550 militum

2093 4593 2517 4650 fortissimorum
2557 4589 2743 4657 copias
2781 4587 3071 4657 coegisset,
3106 4587 3267 4657 128
3295 4585 3451 4655 quasi
3494 4587 3671 4638 uules

2096 4686 2346 4758 quaedam
2395 4681 2621 4738 horrida
2667 4689 2831 4749 caput
2874 4680 3227 4749 imperatoris
3283 4677 3521 4747 operuit,
3545 4691 3671 4745 qua:

2091 4780 2308 4851 pluvias
2339 4775 2716 4836 vehementes,
2743 4787 2854 4826 non
2898 4787 3163 4840 aquosas,
3184 4768 3277 4825 sed
3328 4768 3506 4822 ﬂuxus
3539 4781 3666 4821 san-

2099 4869 2281 4941 guinis
2304 4866 2625 4921 minaretur.
2649 4861 2786 4917 Hinc
2815 4862 3051 4917 castellis
3074 4871 3130 4916 et
3150 4859 3366 4929 oppidis
3388 4857 3563 4927 captis
3591 4856 3671 4908 ita

2100 4963 2319 5017 fervens
2346 4956 2824 5029 progrediebatur,
2844 4953 3148 5009 Centauros
3177 4950 3470 5006 insolentia
3504 4963 3672 5018 supe-

2101 5071 2248 5118 rans,
2280 5061 2335 5106 ut
2361 5051 2645 5120 Capaneus
2674 5045 2958 5118 magniﬁce
2983 5060 3041 5100 se
3064 5044 3324 5108 eﬂ‘erens,
3362 5050 3424 5097 ut
3444 5041 3678 5097 Antaaus

2096 5164 2221 5205 cum
2253 5145 2394 5200 fastu
2425 5159 2485 5197 se
2509 5149 2815 5197 ostentans.
2840 5140 2905 5193 Et
2925 5138 3048 5209 quis
3073 5136 3341 5208 ejusmodi
3371 5151 3429 5189 se
3462 5134 3671 5189 malum

2101 5237 2439 5294 evitaturum
2464 5231 2774 5302 sperasset?
2809 5229 3109 5285 Enimvero
3140 5226 3390 5298 quisquis
3425 5224 3518 5279 Dei
3552 5239 3672 5277 τηαν

2093 5329 2257 5384 nibus
2290 5324 2619 5389 custoditur,
2657 5323 2905 5393 gigantes
2929 5334 3039 5387 non
3086 5317 3424 5381 formidabit,
3454 5315 3675 5371 belluas

2095 5436 2204 5475 non
2233 5424 2461 5482 metuet,
2501 5429 2611 5469 non
2655 5413 2889 5479 ferrum,
2916 5426 3029 5468 non
3074 5425 3140 5467 os
3183 5408 3431 5465 ardentis
3462 5407 3672 5463 camini

1788 5530 1991 5592 Variae
2015 5530 2342 5593 lectiones.

500 5638 545 5670 "
562 5637 948 5690 ἀποδείκνυται
977 5634 1043 5689 R.
1119 5636 1167 5668 ⁸⁵⁷
1192 5635 1252 5688 τὸ
1282 5633 1497 5704 βλέμμα
1528 5640 1591 5690 Δ.

425 5708 540 5763 ΑΒ.
620 5709 664 5740 ⁸⁸
696 5706 805 5760 ἀπὸ
826 5704 1040 5777 βάθρων
1070 5705 1135 5759 li.

1726 5634 1770 5665 ¹⁸
1796 5650 1897 5703 χρυ
1909 5632 2167 5702 τορρύτου
2200 5631 2288 5703 ΑΒ
2301 5671 2313 5683 .

1247 5695 1292 5735 ’ί
1318 5695 1437 5759 τῶν
1479 5704 1710 5774 πρώτων
1744 5695 1847 5757 Αξ”
1877 5707 1920 5735 ⁸³
1950 5695 2226 5766 ἔδατίνους
2258 5700 2320 5753 Β.
2405 5701 2448 5732 ³³
2481 5695 2946 5770 δορυφορούμενος
2993 5695 3106 5749 AR.

2405 5628 2453 5712 1:
2471 5622 2853 5712 eumm-
2934 5625 3267 5712 "rem
3370 5623 3415 5657 “
3445 5622 3671 5694 λιμένες
3744 5707 3755 5712 -
