  <div class='ocr_page' id='page_1' title='image "/cluster/home/n/w/nwhite01/storage/ocr_20150623/127/hvd.32044073502411/233.png"; bbox 0 0 4138 6216; ppageno 0'>
   <div class='ocr_carea' id='block_1_1' title="bbox 1944 144 2010 155">
    <p class='ocr_par' dir='ltr' id='par_1_1' title="bbox 1944 144 2010 155">
     <span class='ocr_line' id='line_1_1' title="bbox 1944 144 2010 155; baseline 0 0"><span class='ocrx_word' id='word_1_1' title='bbox 1944 144 2010 155; x_wconf 44' lang='grc' dir='ltr'>δή</span> 
     </span>
    </p>
   </div>
   <div class='ocr_carea' id='block_1_2' title="bbox 460 302 598 367">
    <p class='ocr_par' dir='ltr' id='par_1_2' title="bbox 460 302 598 367">
     <span class='ocr_line' id='line_1_2' title="bbox 460 302 598 367; baseline -0.014 0"><span class='ocrx_word' id='word_1_2' title='bbox 460 348 467 367; x_wconf 78' lang='grc'><strong>,</strong></span> <span class='ocrx_word' id='word_1_3' title='bbox 490 302 598 365; x_wconf 81' lang='grc'><strong>455</strong></span> 
     </span>
    </p>
   </div>
   <div class='ocr_carea' id='block_1_3' title="bbox 498 406 1831 481">
    <p class='ocr_par' dir='ltr' id='par_1_3' title="bbox 498 406 1831 481">
     <span class='ocr_line' id='line_1_3' title="bbox 498 406 1831 481; baseline -0.008 -10"><span class='ocrx_word' id='word_1_4' title='bbox 498 417 575 471; x_wconf 90' lang='grc' dir='ltr'>Οὐ</span> <span class='ocrx_word' id='word_1_5' title='bbox 612 413 871 469; x_wconf 59' lang='grc' dir='ltr'>δειλαὶσει</span> <span class='ocrx_word' id='word_1_6' title='bbox 907 411 1191 481; x_wconf 76' lang='grc' dir='ltr'>γίγαντας,</span> <span class='ocrx_word' id='word_1_7' title='bbox 1232 406 1293 462; x_wconf 90' lang='grc' dir='ltr'><strong>οὐ</strong></span> <span class='ocrx_word' id='word_1_8' title='bbox 1322 407 1489 479; x_wconf 75' lang='grc' dir='ltr'>θῆρας</span> <span class='ocrx_word' id='word_1_9' title='bbox 1518 407 1831 475; x_wconf 74' lang='grc' dir='ltr'>ὐπετρὲσει,</span> 
     </span>
    </p>
   </div>
   <div class='ocr_carea' id='block_1_4' title="bbox 493 498 1823 574">
    <p class='ocr_par' dir='ltr' id='par_1_4' title="bbox 493 498 1823 574">
     <span class='ocr_line' id='line_1_4' title="bbox 493 498 1823 574; baseline -0.005 -15"><span class='ocrx_word' id='word_1_10' title='bbox 493 506 628 559; x_wconf 77' lang='grc' dir='ltr'>Οὐδὲ</span> <span class='ocrx_word' id='word_1_11' title='bbox 654 506 919 574; x_wconf 80' lang='grc' dir='ltr'>τρομὰσει</span> <span class='ocrx_word' id='word_1_12' title='bbox 952 501 1173 570; x_wconf 86' lang='grc' dir='ltr'>σίδηρον</span> <span class='ocrx_word' id='word_1_13' title='bbox 1196 498 1317 553; x_wconf 87' lang='grc' dir='ltr'><strong>οὐδέ</strong></span> <span class='ocrx_word' id='word_1_14' title='bbox 1344 498 1578 567; x_wconf 81' lang='grc' dir='ltr'>καμίνου</span> <span class='ocrx_word' id='word_1_15' title='bbox 1603 498 1778 566; x_wconf 77' lang='grc' dir='ltr'>στόμα</span> <span class='ocrx_word' id='word_1_16' title='bbox 1809 511 1823 527; x_wconf 79' lang='grc'><strong><em>⁸</em></strong></span> 
     </span>
    </p>
   </div>
   <div class='ocr_carea' id='block_1_5' title="bbox 494 588 2067 668">
    <p class='ocr_par' dir='ltr' id='par_1_5' title="bbox 494 588 2067 668">
     <span class='ocr_line' id='line_1_5' title="bbox 494 588 2067 668; baseline -0.006 -18"><span class='ocrx_word' id='word_1_17' title='bbox 494 599 655 668; x_wconf 78' lang='grc' dir='ltr'>Φέρει</span> <span class='ocrx_word' id='word_1_18' title='bbox 692 595 801 665; x_wconf 80' lang='grc' dir='ltr'><strong>γὰρ</strong></span> <span class='ocrx_word' id='word_1_19' title='bbox 845 595 1135 663; x_wconf 81' lang='grc' dir='ltr'>σύμμαχον</span> <span class='ocrx_word' id='word_1_20' title='bbox 1175 590 1309 645; x_wconf 77' lang='grc' dir='ltr'>Θεὸν</span> <span class='ocrx_word' id='word_1_21' title='bbox 1346 590 1490 660; x_wconf 76' lang='grc' dir='ltr'>ὑπὲρ</span> <span class='ocrx_word' id='word_1_22' title='bbox 1539 590 1863 660; x_wconf 81' lang='grc' dir='ltr'>παντάρϐην</span> <span class='ocrx_word' id='word_1_23' title='bbox 1896 588 2067 653; x_wconf 88' lang='grc' dir='ltr'>λίθον,</span> 
     </span>
    </p>
   </div>
   <div class='ocr_carea' id='block_1_6' title="bbox 511 680 1846 758">
    <p class='ocr_par' dir='ltr' id='par_1_6' title="bbox 511 680 1846 758">
     <span class='ocr_line' id='line_1_6' title="bbox 511 680 1846 758; baseline -0.005 -16"><span class='ocrx_word' id='word_1_24' title='bbox 511 691 686 758; x_wconf 79' lang='grc' dir='ltr'>’Υπὲρ</span> <span class='ocrx_word' id='word_1_25' title='bbox 708 687 801 741; x_wconf 79' lang='grc' dir='ltr'>τὸν</span> <span class='ocrx_word' id='word_1_26' title='bbox 825 680 955 756; x_wconf 75' lang='grc' dir='ltr'>περὶ</span> <span class='ocrx_word' id='word_1_27' title='bbox 986 687 1235 756; x_wconf 81' lang='grc' dir='ltr'><strong>Τίγρητα</strong></span> <span class='ocrx_word' id='word_1_28' title='bbox 1257 684 1628 754; x_wconf 72' lang='grc' dir='ltr'>θηροδιὼκτην</span> <span class='ocrx_word' id='word_1_29' title='bbox 1651 682 1846 736; x_wconf 86' lang='grc' dir='ltr'>Μίδαν.</span> 
     </span>
    </p>
   </div>
   <div class='ocr_carea' id='block_1_7' title="bbox 510 776 1792 847">
    <p class='ocr_par' dir='ltr' id='par_1_7' title="bbox 510 776 1792 847">
     <span class='ocr_line' id='line_1_7' title="bbox 510 776 1792 847; baseline -0.006 -12"><span class='ocrx_word' id='word_1_30' title='bbox 510 780 792 835; x_wconf 82' lang='grc' dir='ltr'>Ἐντεῦθεν</span> <span class='ocrx_word' id='word_1_31' title='bbox 813 778 966 847; x_wconf 77' lang='grc' dir='ltr'>ἥλιος</span> <span class='ocrx_word' id='word_1_32' title='bbox 992 778 1223 847; x_wconf 73' lang='grc' dir='ltr'>φαιδρὰς</span> <span class='ocrx_word' id='word_1_33' title='bbox 1249 776 1521 830; x_wconf 77' lang='grc' dir='ltr'>ἀνέτειλεν</span> <span class='ocrx_word' id='word_1_34' title='bbox 1546 776 1792 840; x_wconf 77' lang='grc' dir='ltr'>ἀκτῖνας,</span> 
     </span>
    </p>
   </div>
   <div class='ocr_carea' id='block_1_8' title="bbox 501 868 1847 941">
    <p class='ocr_par' dir='ltr' id='par_1_8' title="bbox 501 868 1847 941">
     <span class='ocr_line' id='line_1_8' title="bbox 501 868 1847 941; baseline -0.003 -15"><span class='ocrx_word' id='word_1_35' title='bbox 501 874 698 926; x_wconf 64' lang='lat' dir='ltr'><strong>&quot;Eluas</strong></span> <span class='ocrx_word' id='word_1_36' title='bbox 727 872 825 941; x_wconf 85' lang='grc' dir='ltr'>τὴν</span> <span class='ocrx_word' id='word_1_37' title='bbox 862 870 1257 940; x_wconf 83' lang='grc' dir='ltr'>σκοτόμαιναν,</span> <span class='ocrx_word' id='word_1_38' title='bbox 1290 868 1541 938; x_wconf 75' lang='grc' dir='ltr'><strong>ἀπήλασε</strong></span> <span class='ocrx_word' id='word_1_39' title='bbox 1575 869 1637 920; x_wconf 76' lang='grc' dir='ltr'><strong>τὸ</strong></span> <span class='ocrx_word' id='word_1_40' title='bbox 1665 868 1847 934; x_wconf 65' lang='grc' dir='ltr'>νέφος.</span> 
     </span>
    </p>
   </div>
   <div class='ocr_carea' id='block_1_9' title="bbox 500 960 2069 1037">
    <p class='ocr_par' dir='ltr' id='par_1_9' title="bbox 500 960 2069 1037">
     <span class='ocr_line' id='line_1_9' title="bbox 500 960 2069 1037; baseline -0.004 -17"><span class='ocrx_word' id='word_1_41' title='bbox 500 966 772 1037; x_wconf 78' lang='grc' dir='ltr'>’Ἑϐλεψαν</span> <span class='ocrx_word' id='word_1_42' title='bbox 794 966 842 999; x_wconf 64' lang='grc'><strong>’⁸</strong></span> <span class='ocrx_word' id='word_1_43' title='bbox 872 966 987 1034; x_wconf 80' lang='grc' dir='ltr'>φῶς</span> <span class='ocrx_word' id='word_1_44' title='bbox 1011 963 1297 1033; x_wconf 81' lang='grc' dir='ltr'>ἐλεύθερον</span> <span class='ocrx_word' id='word_1_45' title='bbox 1328 963 1374 994; x_wconf 79' lang='grc'><strong>’⁸</strong></span> <span class='ocrx_word' id='word_1_46' title='bbox 1401 964 1429 1014; x_wconf 78' lang='grc' dir='ltr'>ὁ</span> <span class='ocrx_word' id='word_1_47' title='bbox 1464 962 1740 1032; x_wconf 72' lang='grc' dir='ltr'>βασιλεὺς,</span> <span class='ocrx_word' id='word_1_48' title='bbox 1783 963 1836 1014; x_wconf 91' lang='grc' dir='ltr'><strong>αί</strong></span> <span class='ocrx_word' id='word_1_49' title='bbox 1864 960 2069 1025; x_wconf 85' lang='grc' dir='ltr'>πόλεις,</span> 
     </span>
    </p>
   </div>
   <div class='ocr_carea' id='block_1_10' title="bbox 509 1050 1821 1125">
    <p class='ocr_par' dir='ltr' id='par_1_10' title="bbox 509 1050 1821 1125">
     <span class='ocr_line' id='line_1_10' title="bbox 509 1050 1821 1125; baseline -0.005 -16"><span class='ocrx_word' id='word_1_50' title='bbox 509 1058 758 1125; x_wconf 76' lang='grc' dir='ltr'><strong>Ἐγένετο</strong></span> <span class='ocrx_word' id='word_1_51' title='bbox 786 1054 1201 1124; x_wconf 81' lang='grc' dir='ltr'>πλευρότρωτον</span> <span class='ocrx_word' id='word_1_52' title='bbox 1232 1053 1290 1105; x_wconf 72' lang='grc' dir='ltr'>τὸ</span> <span class='ocrx_word' id='word_1_53' title='bbox 1310 1050 1573 1121; x_wconf 83' lang='grc' dir='ltr'>δυσμενὲς</span> <span class='ocrx_word' id='word_1_54' title='bbox 1610 1051 1821 1122; x_wconf 79' lang='grc' dir='ltr'>θηρίον,</span> 
     </span>
    </p>
   </div>
   <div class='ocr_carea' id='block_1_11' title="bbox 497 1143 2063 1216">
    <p class='ocr_par' dir='ltr' id='par_1_11' title="bbox 497 1143 2063 1216">
     <span class='ocr_line' id='line_1_11' title="bbox 497 1143 2063 1216; baseline -0.003 -14"><span class='ocrx_word' id='word_1_55' title='bbox 497 1151 608 1203; x_wconf 77' lang='lat' dir='ltr'><strong>Kal</strong></span> <span class='ocrx_word' id='word_1_56' title='bbox 636 1148 839 1211; x_wconf 77' lang='grc' dir='ltr'>πάντες</span> <span class='ocrx_word' id='word_1_57' title='bbox 884 1147 1087 1216; x_wconf 69' lang='grc' dir='ltr'>ἤλυξαν</span> <span class='ocrx_word' id='word_1_58' title='bbox 1115 1146 1282 1199; x_wconf 78' lang='grc' dir='ltr'>αὐτοῦ</span> <span class='ocrx_word' id='word_1_59' title='bbox 1323 1147 1416 1207; x_wconf 82' lang='grc' dir='ltr'>τὰς</span> <span class='ocrx_word' id='word_1_60' title='bbox 1443 1144 1775 1213; x_wconf 70' lang='grc' dir='ltr'><strong>ὠμοφάγους</strong></span> <span class='ocrx_word' id='word_1_61' title='bbox 1808 1143 2063 1212; x_wconf 73' lang='grc' dir='ltr'>γνάθους.</span> 
     </span>
    </p>
   </div>
   <div class='ocr_carea' id='block_1_12' title="bbox 499 1234 1843 1305">
    <p class='ocr_par' dir='ltr' id='par_1_12' title="bbox 499 1234 1843 1305">
     <span class='ocr_line' id='line_1_12' title="bbox 499 1234 1843 1305; baseline -0.006 -12"><span class='ocrx_word' id='word_1_62' title='bbox 499 1242 607 1293; x_wconf 73' lang='grc' dir='ltr'>Καὶ</span> <span class='ocrx_word' id='word_1_63' title='bbox 630 1239 791 1292; x_wconf 69' lang='grc' dir='ltr'>πάλιν</span> <span class='ocrx_word' id='word_1_64' title='bbox 820 1242 847 1291; x_wconf 90' lang='grc' dir='ltr'>ὁ</span> <span class='ocrx_word' id='word_1_65' title='bbox 887 1238 1171 1305; x_wconf 85' lang='grc' dir='ltr'>Ἰόρνίκιος</span> <span class='ocrx_word' id='word_1_66' title='bbox 1200 1236 1328 1289; x_wconf 81' lang='grc' dir='ltr'>ἄλλο</span> <span class='ocrx_word' id='word_1_67' title='bbox 1360 1235 1530 1288; x_wconf 82' lang='grc' dir='ltr'>κακὸν</span> <span class='ocrx_word' id='word_1_68' title='bbox 1565 1236 1736 1301; x_wconf 72' lang='grc' dir='ltr'>ἀνέφυ</span> <span class='ocrx_word' id='word_1_69' title='bbox 1774 1234 1843 1296; x_wconf 72' lang='grc'><strong>’⁸,</strong></span> 
     </span>
    </p>
   </div>
   <div class='ocr_carea' id='block_1_13' title="bbox 499 1326 1738 1399">
    <p class='ocr_par' dir='ltr' id='par_1_13' title="bbox 499 1326 1738 1399">
     <span class='ocr_line' id='line_1_13' title="bbox 499 1326 1738 1399; baseline -0.006 -15"><span class='ocrx_word' id='word_1_70' title='bbox 499 1331 666 1385; x_wconf 80' lang='grc' dir='ltr'><strong>Ἀλλο</strong></span> <span class='ocrx_word' id='word_1_71' title='bbox 691 1330 880 1399; x_wconf 84' lang='grc' dir='ltr'>θηρίον</span> <span class='ocrx_word' id='word_1_72' title='bbox 908 1328 1107 1396; x_wconf 77' lang='grc' dir='ltr'>Δανιὴλ</span> <span class='ocrx_word' id='word_1_73' title='bbox 1136 1328 1164 1380; x_wconf 83' lang='grc' dir='ltr'><strong>ὃ</strong></span> <span class='ocrx_word' id='word_1_74' title='bbox 1195 1327 1519 1397; x_wconf 84' lang='grc' dir='ltr'>προκατεῑδε</span> <span class='ocrx_word' id='word_1_75' title='bbox 1546 1326 1738 1387; x_wconf 74' lang='grc' dir='ltr'>πάλαι,</span> 
     </span>
    </p>
   </div>
   <div class='ocr_carea' id='block_1_14' title="bbox 496 1418 2074 1489">
    <p class='ocr_par' dir='ltr' id='par_1_14' title="bbox 496 1418 2074 1489">
     <span class='ocr_line' id='line_1_14' title="bbox 496 1418 2074 1489; baseline -0.003 -14"><span class='ocrx_word' id='word_1_76' title='bbox 496 1423 708 1475; x_wconf 84' lang='grc' dir='ltr'>Πατοῦν</span> <span class='ocrx_word' id='word_1_77' title='bbox 725 1422 792 1475; x_wconf 76' lang='grc' dir='ltr'>τὰ</span> <span class='ocrx_word' id='word_1_78' title='bbox 812 1422 988 1474; x_wconf 83' lang='grc' dir='ltr'>πάντα</span> <span class='ocrx_word' id='word_1_79' title='bbox 1013 1421 1108 1473; x_wconf 72' lang='grc' dir='ltr'><strong>καὶ</strong></span> <span class='ocrx_word' id='word_1_80' title='bbox 1129 1419 1363 1487; x_wconf 86' lang='grc' dir='ltr'>λικμοῦν</span> <span class='ocrx_word' id='word_1_81' title='bbox 1386 1419 1477 1471; x_wconf 72' lang='grc' dir='ltr'><strong>καὶ</strong></span> <span class='ocrx_word' id='word_1_82' title='bbox 1505 1422 1618 1481; x_wconf 79' lang='grc' dir='ltr'>τοῖς</span> <span class='ocrx_word' id='word_1_83' title='bbox 1641 1418 1768 1471; x_wconf 71' lang='grc' dir='ltr'>ποσὶ</span> <span class='ocrx_word' id='word_1_84' title='bbox 1792 1418 2074 1489; x_wconf 81' lang='grc' dir='ltr'>συντρῖϐον</span> 
     </span>
    </p>
   </div>
   <div class='ocr_carea' id='block_1_15' title="bbox 499 1500 1980 1584">
    <p class='ocr_par' dir='ltr' id='par_1_15' title="bbox 499 1500 1980 1584">
     <span class='ocr_line' id='line_1_15' title="bbox 499 1500 1980 1584; baseline -0.002 -15"><span class='ocrx_word' id='word_1_85' title='bbox 499 1518 695 1571; x_wconf 68' lang='lat' dir='ltr'><strong>Kal-rat</strong></span> <span class='ocrx_word' id='word_1_86' title='bbox 725 1500 1172 1584; x_wconf 77' lang='grc' dir='ltr'>καταλειπόμενα</span> <span class='ocrx_word' id='word_1_87' title='bbox 1204 1512 1533 1566; x_wconf 84' lang='grc' dir='ltr'>συνθλάττον</span> <span class='ocrx_word' id='word_1_88' title='bbox 1566 1513 1611 1545; x_wconf 77' lang='grc'><strong>⁸⁷</strong></span> <span class='ocrx_word' id='word_1_89' title='bbox 1638 1515 1753 1575; x_wconf 80' lang='grc' dir='ltr'>τοῖς</span> <span class='ocrx_word' id='word_1_90' title='bbox 1781 1512 1980 1566; x_wconf 85' lang='grc' dir='ltr'>ὀδοῦσι.</span> 
     </span>
    </p>
   </div>
   <div class='ocr_carea' id='block_1_16' title="bbox 509 1603 1766 1676">
    <p class='ocr_par' dir='ltr' id='par_1_16' title="bbox 509 1603 1766 1676">
     <span class='ocr_line' id='line_1_16' title="bbox 509 1603 1766 1676; baseline -0.005 -14"><span class='ocrx_word' id='word_1_91' title='bbox 509 1608 674 1662; x_wconf 78' lang='grc' dir='ltr'>Ἀλλὰ</span> <span class='ocrx_word' id='word_1_92' title='bbox 694 1609 789 1662; x_wconf 81' lang='grc' dir='ltr'>καὶ</span> <span class='ocrx_word' id='word_1_93' title='bbox 817 1607 1006 1660; x_wconf 86' lang='grc' dir='ltr'>τοῦτον</span> <span class='ocrx_word' id='word_1_94' title='bbox 1034 1604 1226 1676; x_wconf 77' lang='grc' dir='ltr'><strong>τάχιον</strong></span> <span class='ocrx_word' id='word_1_95' title='bbox 1247 1606 1562 1675; x_wconf 78' lang='grc' dir='ltr'>ἀνήρπασεν</span> <span class='ocrx_word' id='word_1_96' title='bbox 1584 1606 1617 1675; x_wconf 88' lang='grc' dir='ltr'><strong>ή</strong></span> <span class='ocrx_word' id='word_1_97' title='bbox 1644 1603 1766 1674; x_wconf 86' lang='grc' dir='ltr'>δίκη</span> 
     </span>
    </p>
   </div>
   <div class='ocr_carea' id='block_1_17' title="bbox 511 1695 1789 1771">
    <p class='ocr_par' dir='ltr' id='par_1_17' title="bbox 511 1695 1789 1771">
     <span class='ocr_line' id='line_1_17' title="bbox 511 1695 1789 1771; baseline -0.004 -17"><span class='ocrx_word' id='word_1_98' title='bbox 511 1700 798 1767; x_wconf 68' lang='grc' dir='ltr'>Ἀφύκτοις</span> <span class='ocrx_word' id='word_1_99' title='bbox 826 1698 1038 1769; x_wconf 83' lang='grc' dir='ltr'><strong>βέλεσιν</strong></span> <span class='ocrx_word' id='word_1_100' title='bbox 1063 1695 1229 1753; x_wconf 85' lang='grc' dir='ltr'>αὐτοῦ</span> <span class='ocrx_word' id='word_1_101' title='bbox 1254 1696 1789 1771; x_wconf 80' lang='grc' dir='ltr'>κατατοξευσαμένη.</span> 
     </span>
    </p>
   </div>
   <div class='ocr_carea' id='block_1_18' title="bbox 498 1786 1901 1860">
    <p class='ocr_par' dir='ltr' id='par_1_18' title="bbox 498 1786 1901 1860">
     <span class='ocr_line' id='line_1_18' title="bbox 498 1786 1901 1860; baseline -0.004 -17"><span class='ocrx_word' id='word_1_102' title='bbox 498 1793 610 1844; x_wconf 70' lang='grc' dir='ltr'>Καὶ</span> <span class='ocrx_word' id='word_1_103' title='bbox 633 1792 695 1845; x_wconf 81' lang='grc' dir='ltr'><strong>τὸ</strong></span> <span class='ocrx_word' id='word_1_104' title='bbox 723 1791 913 1860; x_wconf 86' lang='grc' dir='ltr'>θηρίον</span> <span class='ocrx_word' id='word_1_105' title='bbox 938 1789 1192 1857; x_wconf 76' lang='grc' dir='ltr'>πλήξασα</span> <span class='ocrx_word' id='word_1_106' title='bbox 1220 1787 1435 1855; x_wconf 71' lang='grc' dir='ltr'>πληγὰς</span> <span class='ocrx_word' id='word_1_107' title='bbox 1469 1786 1901 1857; x_wconf 86' lang='grc' dir='ltr'>περιστερνίους.</span> 
     </span>
    </p>
   </div>
   <div class='ocr_carea' id='block_1_19' title="bbox 499 1877 1720 1951">
    <p class='ocr_par' dir='ltr' id='par_1_19' title="bbox 499 1877 1720 1951">
     <span class='ocr_line' id='line_1_19' title="bbox 499 1877 1720 1951; baseline -0.008 -15"><span class='ocrx_word' id='word_1_108' title='bbox 499 1884 610 1936; x_wconf 80' lang='grc' dir='ltr'><strong>Καὶ</strong></span> <span class='ocrx_word' id='word_1_109' title='bbox 636 1884 759 1936; x_wconf 78' lang='grc' dir='ltr'>τότε</span> <span class='ocrx_word' id='word_1_110' title='bbox 792 1879 1087 1951; x_wconf 86' lang='grc' dir='ltr'>περιέλαϐε</span> <span class='ocrx_word' id='word_1_111' title='bbox 1113 1879 1203 1931; x_wconf 81' lang='grc' dir='ltr'><strong>τὸν</strong></span> <span class='ocrx_word' id='word_1_112' title='bbox 1235 1879 1481 1948; x_wconf 64' lang='grc' dir='ltr'>κρᾶτορα</span> <span class='ocrx_word' id='word_1_113' title='bbox 1511 1877 1720 1946; x_wconf 84' lang='grc' dir='ltr'>γαλήνη</span> 
     </span>
    </p>
   </div>
   <div class='ocr_carea' id='block_1_20' title="bbox 511 1966 1932 2044">
    <p class='ocr_par' dir='ltr' id='par_1_20' title="bbox 511 1966 1932 2044">
     <span class='ocr_line' id='line_1_20' title="bbox 511 1966 1932 2044; baseline -0.005 -17"><span class='ocrx_word' id='word_1_114' title='bbox 511 1974 827 2044; x_wconf 85' lang='grc' dir='ltr'>Ἀτάραχος,</span> <span class='ocrx_word' id='word_1_115' title='bbox 851 1972 952 2024; x_wconf 89' lang='grc' dir='ltr'><strong>οὐκ</strong></span> <span class='ocrx_word' id='word_1_116' title='bbox 974 1969 1173 2040; x_wconf 73' lang='grc' dir='ltr'>ἔχουσα</span> <span class='ocrx_word' id='word_1_117' title='bbox 1200 1968 1545 2036; x_wconf 77' lang='grc' dir='ltr'>κατάλειμμα</span> <span class='ocrx_word' id='word_1_118' title='bbox 1573 1966 1860 2037; x_wconf 78' lang='grc' dir='ltr'>χειμῶνος.</span> <span class='ocrx_word' id='word_1_119' title='bbox 1924 2016 1932 2023; x_wconf 82' lang='grc'><strong>,</strong></span> 
     </span>
    </p>
   </div>
   <div class='ocr_carea' id='block_1_21' title="bbox 511 2058 1875 2132">
    <p class='ocr_par' dir='ltr' id='par_1_21' title="bbox 511 2058 1875 2132">
     <span class='ocr_line' id='line_1_21' title="bbox 511 2058 1875 2132; baseline -0.006 -14"><span class='ocrx_word' id='word_1_120' title='bbox 511 2067 599 2130; x_wconf 79' lang='grc' dir='ltr'>Ὠς</span> <span class='ocrx_word' id='word_1_121' title='bbox 623 2065 678 2118; x_wconf 76' lang='grc' dir='ltr'>δὲ</span> <span class='ocrx_word' id='word_1_122' title='bbox 714 2065 1050 2132; x_wconf 83' lang='grc' dir='ltr'>κατήπειγον</span> <span class='ocrx_word' id='word_1_123' title='bbox 1081 2061 1247 2113; x_wconf 80' lang='grc' dir='ltr'>αὐτὸν</span> <span class='ocrx_word' id='word_1_124' title='bbox 1275 2060 1331 2113; x_wconf 79' lang='lat' dir='ltr'><strong>at</strong></span> <span class='ocrx_word' id='word_1_125' title='bbox 1363 2060 1700 2128; x_wconf 80' lang='grc' dir='ltr'>παλαμνατοι</span> <span class='ocrx_word' id='word_1_126' title='bbox 1730 2058 1875 2110; x_wconf 80' lang='grc' dir='ltr'>νόσοι</span> 
     </span>
    </p>
   </div>
   <div class='ocr_carea' id='block_1_22' title="bbox 500 2149 1899 2228">
    <p class='ocr_par' dir='ltr' id='par_1_22' title="bbox 500 2149 1899 2228">
     <span class='ocr_line' id='line_1_22' title="bbox 500 2149 1899 2228; baseline -0.005 -18"><span class='ocrx_word' id='word_1_127' title='bbox 500 2160 611 2210; x_wconf 72' lang='grc' dir='ltr'>Καὶ</span> <span class='ocrx_word' id='word_1_128' title='bbox 642 2157 733 2210; x_wconf 84' lang='grc' dir='ltr'><strong>τὸν</strong></span> <span class='ocrx_word' id='word_1_129' title='bbox 774 2155 944 2228; x_wconf 84' lang='grc' dir='ltr'>πηλὸν</span> <span class='ocrx_word' id='word_1_130' title='bbox 971 2153 1068 2207; x_wconf 85' lang='grc' dir='ltr'><strong>τοῦ</strong></span> <span class='ocrx_word' id='word_1_131' title='bbox 1101 2152 1409 2223; x_wconf 79' lang='grc' dir='ltr'>σώματοςὴ</span> <span class='ocrx_word' id='word_1_132' title='bbox 1438 2151 1603 2219; x_wconf 80' lang='grc' dir='ltr'>φύσις</span> <span class='ocrx_word' id='word_1_133' title='bbox 1624 2149 1899 2220; x_wconf 78' lang='grc' dir='ltr'>ἐπεζήτει,</span> 
     </span>
    </p>
   </div>
   <div class='ocr_carea' id='block_1_23' title="bbox 502 2241 1972 2317">
    <p class='ocr_par' dir='ltr' id='par_1_23' title="bbox 502 2241 1972 2317">
     <span class='ocr_line' id='line_1_23' title="bbox 502 2241 1972 2317; baseline -0.006 -15"><span class='ocrx_word' id='word_1_134' title='bbox 502 2247 583 2302; x_wconf 70' lang='grc' dir='ltr'><strong>Τὰ</strong></span> <span class='ocrx_word' id='word_1_135' title='bbox 614 2248 756 2301; x_wconf 76' lang='grc' dir='ltr'>κατὰ</span> <span class='ocrx_word' id='word_1_136' title='bbox 780 2247 1008 2317; x_wconf 79' lang='grc' dir='ltr'>γνώμην</span> <span class='ocrx_word' id='word_1_137' title='bbox 1047 2246 1274 2314; x_wconf 83' lang='grc' dir='ltr'>θέμενος</span> <span class='ocrx_word' id='word_1_138' title='bbox 1305 2242 1629 2312; x_wconf 78' lang='grc' dir='ltr'>μεθίσταται</span> <span class='ocrx_word' id='word_1_139' title='bbox 1661 2241 1754 2294; x_wconf 89' lang='grc' dir='ltr'><strong>τοῦ</strong></span> <span class='ocrx_word' id='word_1_140' title='bbox 1783 2241 1900 2311; x_wconf 84' lang='grc' dir='ltr'>βίου</span> <span class='ocrx_word' id='word_1_141' title='bbox 1928 2241 1972 2274; x_wconf 78' lang='grc'><strong>’⁸</strong></span> 
     </span>
    </p>
   </div>
   <div class='ocr_carea' id='block_1_24' title="bbox 506 2329 1658 2402">
    <p class='ocr_par' dir='ltr' id='par_1_24' title="bbox 506 2329 1658 2402">
     <span class='ocr_line' id='line_1_24' title="bbox 506 2329 1658 2402; baseline -0.004 -12"><span class='ocrx_word' id='word_1_142' title='bbox 506 2337 694 2390; x_wconf 84' lang='grc' dir='ltr'>’Έτεσι</span> <span class='ocrx_word' id='word_1_143' title='bbox 725 2334 1051 2388; x_wconf 74' lang='grc' dir='ltr'>δυοκαίδεκα</span> <span class='ocrx_word' id='word_1_144' title='bbox 1077 2333 1138 2386; x_wconf 88' lang='grc' dir='ltr'><strong>τὸ</strong></span> <span class='ocrx_word' id='word_1_145' title='bbox 1162 2333 1363 2402; x_wconf 81' lang='grc' dir='ltr'>κράτος</span> <span class='ocrx_word' id='word_1_146' title='bbox 1392 2329 1658 2393; x_wconf 75' lang='grc' dir='ltr'>διιθύνας.</span> 
     </span>
    </p>
   </div>
   <div class='ocr_carea' id='block_1_25' title="bbox 585 2424 2003 2495">
    <p class='ocr_par' dir='ltr' id='par_1_25' title="bbox 585 2424 2003 2495">
     <span class='ocr_line' id='line_1_25' title="bbox 585 2424 2003 2495; baseline -0.005 -13"><span class='ocrx_word' id='word_1_147' title='bbox 585 2429 672 2492; x_wconf 82' lang='grc' dir='ltr'>Ὡς</span> <span class='ocrx_word' id='word_1_148' title='bbox 702 2429 758 2481; x_wconf 78' lang='grc' dir='ltr'>δὲ</span> <span class='ocrx_word' id='word_1_149' title='bbox 786 2429 1048 2481; x_wconf 83' lang='grc' dir='ltr'>κατέλιπε</span> <span class='ocrx_word' id='word_1_150' title='bbox 1080 2425 1227 2495; x_wconf 77' lang='grc' dir='ltr'>ζωὴν</span> <span class='ocrx_word' id='word_1_151' title='bbox 1249 2425 1351 2494; x_wconf 77' lang='grc' dir='ltr'><strong>τήν</strong></span> <span class='ocrx_word' id='word_1_152' title='bbox 1385 2424 1539 2477; x_wconf 83' lang='grc' dir='ltr'>κάτω</span> <span class='ocrx_word' id='word_1_153' title='bbox 1574 2424 2003 2487; x_wconf 75' lang='grc' dir='ltr'>κωνσταντίνος,</span> 
     </span>
    </p>
   </div>
   <div class='ocr_carea' id='block_1_26' title="bbox 505 2512 1948 2589">
    <p class='ocr_par' dir='ltr' id='par_1_26' title="bbox 505 2512 1948 2589">
     <span class='ocr_line' id='line_1_26' title="bbox 505 2512 1948 2589; baseline -0.004 -17"><span class='ocrx_word' id='word_1_154' title='bbox 505 2520 648 2589; x_wconf 67' lang='grc' dir='ltr'>Πρδς</span> <span class='ocrx_word' id='word_1_155' title='bbox 688 2521 786 2587; x_wconf 77' lang='grc' dir='ltr'><strong>τὴν</strong></span> <span class='ocrx_word' id='word_1_156' title='bbox 815 2517 1372 2589; x_wconf 66' lang='grc' dir='ltr'>πορφυροϐλάστητον</span> <span class='ocrx_word' id='word_1_157' title='bbox 1407 2512 1614 2576; x_wconf 82' lang='grc' dir='ltr'>εὐθέως</span> <span class='ocrx_word' id='word_1_158' title='bbox 1644 2513 1948 2584; x_wconf 80' lang='grc' dir='ltr'>Θεοδὼραν,</span> 
     </span>
    </p>
   </div>
   <div class='ocr_carea' id='block_1_27' title="bbox 505 2602 2080 2677">
    <p class='ocr_par' dir='ltr' id='par_1_27' title="bbox 505 2602 2080 2677">
     <span class='ocr_line' id='line_1_27' title="bbox 505 2602 2080 2677; baseline -0.002 -17"><span class='ocrx_word' id='word_1_159' title='bbox 505 2608 616 2676; x_wconf 77' lang='grc' dir='ltr'><strong>Τὴν</strong></span> <span class='ocrx_word' id='word_1_160' title='bbox 649 2609 745 2677; x_wconf 63' lang='grc' dir='ltr'><strong>τῆς</strong></span> <span class='ocrx_word' id='word_1_161' title='bbox 777 2608 933 2676; x_wconf 80' lang='grc' dir='ltr'><strong>Ζωῆς</strong></span> <span class='ocrx_word' id='word_1_162' title='bbox 977 2607 1374 2676; x_wconf 85' lang='grc' dir='ltr'>ταυτόσπορον,</span> <span class='ocrx_word' id='word_1_163' title='bbox 1418 2604 1480 2657; x_wconf 81' lang='grc' dir='ltr'>τὸ</span> <span class='ocrx_word' id='word_1_164' title='bbox 1526 2604 1725 2674; x_wconf 84' lang='grc' dir='ltr'>κράτος</span> <span class='ocrx_word' id='word_1_165' title='bbox 1762 2602 2080 2674; x_wconf 78' lang='grc' dir='ltr'>μεταϐαίνει</span> 
     </span>
    </p>
   </div>
   <div class='ocr_carea' id='block_1_28' title="bbox 514 2694 1902 2769">
    <p class='ocr_par' dir='ltr' id='par_1_28' title="bbox 514 2694 1902 2769">
     <span class='ocr_line' id='line_1_28' title="bbox 514 2694 1902 2769; baseline -0.001 -20"><span class='ocrx_word' id='word_1_166' title='bbox 514 2699 614 2769; x_wconf 84' lang='lat' dir='ltr'><strong>(&#39;ll</strong></span> <span class='ocrx_word' id='word_1_167' title='bbox 650 2700 760 2769; x_wconf 81' lang='grc' dir='ltr'>γὰρ</span> <span class='ocrx_word' id='word_1_168' title='bbox 791 2698 1080 2768; x_wconf 82' lang='grc' dir='ltr'>βασίλισσα</span> <span class='ocrx_word' id='word_1_169' title='bbox 1113 2698 1235 2769; x_wconf 80' lang='grc' dir='ltr'><strong>Ζωὴ</strong></span> <span class='ocrx_word' id='word_1_170' title='bbox 1270 2697 1439 2752; x_wconf 84' lang='grc' dir='ltr'>πάλαι</span> <span class='ocrx_word' id='word_1_171' title='bbox 1470 2694 1902 2767; x_wconf 85' lang='grc' dir='ltr'>προετεθνήκει),</span> 
     </span>
    </p>
   </div>
   <div class='ocr_carea' id='block_1_29' title="bbox 512 2788 2078 2862">
    <p class='ocr_par' dir='ltr' id='par_1_29' title="bbox 512 2788 2078 2862">
     <span class='ocr_line' id='line_1_29' title="bbox 512 2788 2078 2862; baseline -0.001 -21"><span class='ocrx_word' id='word_1_172' title='bbox 512 2789 581 2841; x_wconf 86' lang='grc' dir='ltr'>Ἢ</span> <span class='ocrx_word' id='word_1_173' title='bbox 620 2791 698 2859; x_wconf 82' lang='grc' dir='ltr'>τῷ</span> <span class='ocrx_word' id='word_1_174' title='bbox 730 2792 822 2844; x_wconf 86' lang='grc' dir='ltr'><strong>τοῦ</strong></span> <span class='ocrx_word' id='word_1_175' title='bbox 864 2793 1104 2862; x_wconf 85' lang='grc' dir='ltr'>κράτους</span> <span class='ocrx_word' id='word_1_176' title='bbox 1135 2791 1274 2862; x_wconf 77' lang='grc' dir='ltr'>πρὸς</span> <span class='ocrx_word' id='word_1_177' title='bbox 1307 2790 1500 2861; x_wconf 80' lang='grc' dir='ltr'>μικρὸν</span> <span class='ocrx_word' id='word_1_178' title='bbox 1533 2789 1853 2843; x_wconf 83' lang='grc' dir='ltr'>ἐπαναϐᾶσα</span> <span class='ocrx_word' id='word_1_179' title='bbox 1881 2788 2078 2859; x_wconf 79' lang='grc' dir='ltr'>δίφρῳ,</span> 
     </span>
    </p>
   </div>
   <div class='ocr_carea' id='block_1_30' title="bbox 508 2878 2078 2952">
    <p class='ocr_par' dir='ltr' id='par_1_30' title="bbox 508 2878 2078 2952">
     <span class='ocr_line' id='line_1_30' title="bbox 508 2878 2078 2952; baseline 0 -19"><span class='ocrx_word' id='word_1_180' title='bbox 508 2882 619 2933; x_wconf 76' lang='grc' dir='ltr'>Καὶ</span> <span class='ocrx_word' id='word_1_181' title='bbox 653 2883 826 2951; x_wconf 79' lang='grc' dir='ltr'>μῆνας</span> <span class='ocrx_word' id='word_1_182' title='bbox 857 2884 990 2936; x_wconf 85' lang='grc' dir='ltr'>δέκα</span> <span class='ocrx_word' id='word_1_183' title='bbox 1022 2882 1125 2952; x_wconf 79' lang='grc' dir='ltr'>τῆς</span> <span class='ocrx_word' id='word_1_184' title='bbox 1155 2882 1331 2951; x_wconf 83' lang='grc' dir='ltr'>ἀρχῆς</span> <span class='ocrx_word' id='word_1_185' title='bbox 1366 2881 1465 2933; x_wconf 86' lang='grc' dir='ltr'><strong>σύν</strong></span> <span class='ocrx_word' id='word_1_186' title='bbox 1495 2879 1591 2932; x_wconf 86' lang='grc' dir='ltr'><strong>δύο</strong></span> <span class='ocrx_word' id='word_1_187' title='bbox 1629 2878 2078 2949; x_wconf 75' lang='grc' dir='ltr'>βασιλεύσασα²⁹,</span> 
     </span>
    </p>
   </div>
   <div class='ocr_carea' id='block_1_31' title="bbox 508 2969 2081 3044">
    <p class='ocr_par' dir='ltr' id='par_1_31' title="bbox 508 2969 2081 3044">
     <span class='ocr_line' id='line_1_31' title="bbox 508 2969 2081 3044; baseline -0.001 -18"><span class='ocrx_word' id='word_1_188' title='bbox 508 2972 618 3026; x_wconf 82' lang='lat' dir='ltr'><strong>Kal</strong></span> <span class='ocrx_word' id='word_1_189' title='bbox 640 2972 737 3044; x_wconf 80' lang='grc' dir='ltr'>τὴν</span> <span class='ocrx_word' id='word_1_190' title='bbox 761 2974 1019 3027; x_wconf 82' lang='grc' dir='ltr'>ἀνάλυσιν</span> <span class='ocrx_word' id='word_1_191' title='bbox 1054 2973 1225 3044; x_wconf 82' lang='grc' dir='ltr'>αὐτῆς</span> <span class='ocrx_word' id='word_1_192' title='bbox 1266 2970 1469 3041; x_wconf 84' lang='grc' dir='ltr'>γνοῦσα</span> <span class='ocrx_word' id='word_1_193' title='bbox 1494 2971 1593 3043; x_wconf 84' lang='grc' dir='ltr'><strong>τὴν</strong></span> <span class='ocrx_word' id='word_1_194' title='bbox 1620 2974 1687 3027; x_wconf 72' lang='lat' dir='ltr'><strong>ta:</strong></span> <span class='ocrx_word' id='word_1_195' title='bbox 1712 2969 1809 3024; x_wconf 82' lang='grc' dir='ltr'><strong>τοῦ</strong></span> <span class='ocrx_word' id='word_1_196' title='bbox 1848 2971 2081 3041; x_wconf 81' lang='grc' dir='ltr'>σκήνους</span> 
     </span>
    </p>
   </div>
   <div class='ocr_carea' id='block_1_32' title="bbox 515 3172 2081 3276">
    <p class='ocr_par' dir='ltr' id='par_1_32' title="bbox 515 3172 2081 3276">
     <span class='ocr_line' id='line_1_32' title="bbox 515 3172 2081 3276; baseline -0.003 -16"><span class='ocrx_word' id='word_1_197' title='bbox 515 3203 751 3260; x_wconf 86' lang='lat' dir='ltr'><strong>timebit.</strong></span> <span class='ocrx_word' id='word_1_198' title='bbox 812 3204 982 3276; x_wconf 83' lang='lat' dir='ltr'><strong>Magis</strong></span> <span class='ocrx_word' id='word_1_199' title='bbox 1035 3203 1184 3259; x_wconf 90' lang='lat' dir='ltr'><strong>enim</strong></span> <span class='ocrx_word' id='word_1_200' title='bbox 1248 3203 1416 3258; x_wconf 87' lang='lat' dir='ltr'><strong>habet</strong></span> <span class='ocrx_word' id='word_1_201' title='bbox 1470 3172 1858 3274; x_wconf 72' lang='lat' dir='ltr'><strong>Opitulatorem</strong></span> <span class='ocrx_word' id='word_1_202' title='bbox 1909 3202 2081 3256; x_wconf 86' lang='lat' dir='ltr'><strong>Deum</strong></span> 
     </span>
    </p>
   </div>
   <div class='ocr_carea' id='block_1_33' title="bbox 510 3291 2084 3365">
    <p class='ocr_par' dir='ltr' id='par_1_33' title="bbox 510 3291 2084 3365">
     <span class='ocr_line' id='line_1_33' title="bbox 510 3291 2084 3365; baseline -0.001 -16"><span class='ocrx_word' id='word_1_203' title='bbox 510 3311 674 3365; x_wconf 88' lang='lat' dir='ltr'><strong>quam</strong></span> <span class='ocrx_word' id='word_1_204' title='bbox 714 3295 1019 3349; x_wconf 84' lang='lat' dir='ltr'><strong>Pantarbcs</strong></span> <span class='ocrx_word' id='word_1_205' title='bbox 1074 3294 1215 3364; x_wconf 81' lang='lat' dir='ltr'><strong>lapis</strong></span> <span class='ocrx_word' id='word_1_206' title='bbox 1255 3294 1341 3348; x_wconf 85' lang='lat' dir='ltr'><strong>vel</strong></span> <span class='ocrx_word' id='word_1_207' title='bbox 1398 3292 1638 3349; x_wconf 85' lang='lat' dir='ltr'><strong>ferarum</strong></span> <span class='ocrx_word' id='word_1_208' title='bbox 1694 3291 1762 3347; x_wconf 88' lang='lat' dir='ltr'><strong>ad</strong></span> <span class='ocrx_word' id='word_1_209' title='bbox 1804 3291 2084 3364; x_wconf 84' lang='lat' dir='ltr'><strong>Tigridem</strong></span> 
     </span>
    </p>
   </div>
   <div class='ocr_carea' id='block_1_34' title="bbox 512 3384 2086 3456">
    <p class='ocr_par' dir='ltr' id='par_1_34' title="bbox 512 3384 2086 3456">
     <span class='ocr_line' id='line_1_34' title="bbox 512 3384 2086 3456; baseline -0.001 -15"><span class='ocrx_word' id='word_1_210' title='bbox 512 3394 838 3456; x_wconf 83' lang='lat' dir='ltr'><strong>persecutor</strong></span> <span class='ocrx_word' id='word_1_211' title='bbox 882 3386 974 3441; x_wconf 89' lang='lat' dir='ltr'><strong>ille</strong></span> <span class='ocrx_word' id='word_1_212' title='bbox 1013 3386 1205 3441; x_wconf 79' lang='lat' dir='ltr'><strong>Midas.</strong></span> <span class='ocrx_word' id='word_1_213' title='bbox 1237 3387 1367 3440; x_wconf 86' lang='lat' dir='ltr'><strong>Post</strong></span> <span class='ocrx_word' id='word_1_214' title='bbox 1411 3384 1575 3440; x_wconf 86' lang='lat' dir='ltr'><strong>hasce</strong></span> <span class='ocrx_word' id='word_1_215' title='bbox 1609 3385 1801 3440; x_wconf 88' lang='lat' dir='ltr'><strong>turbas</strong></span> <span class='ocrx_word' id='word_1_216' title='bbox 1828 3386 1981 3441; x_wconf 70' lang='lat' dir='ltr'><strong>laetos</strong></span> <span class='ocrx_word' id='word_1_217' title='bbox 2003 3386 2086 3440; x_wconf 90' lang='lat' dir='ltr'><strong>sol</strong></span> 
     </span>
    </p>
   </div>
   <div class='ocr_carea' id='block_1_35' title="bbox 513 3477 2086 3548">
    <p class='ocr_par' dir='ltr' id='par_1_35' title="bbox 513 3477 2086 3548">
     <span class='ocr_line' id='line_1_35' title="bbox 513 3477 2086 3548; baseline 0.002 -17"><span class='ocrx_word' id='word_1_218' title='bbox 513 3480 750 3533; x_wconf 84' lang='lat' dir='ltr'><strong>vicissim</strong></span> <span class='ocrx_word' id='word_1_219' title='bbox 777 3478 960 3533; x_wconf 84' lang='lat' dir='ltr'><strong>radios</strong></span> <span class='ocrx_word' id='word_1_220' title='bbox 982 3478 1168 3533; x_wconf 89' lang='lat' dir='ltr'><strong>emisit</strong></span> <span class='ocrx_word' id='word_1_221' title='bbox 1194 3487 1251 3533; x_wconf 91' lang='lat' dir='ltr'><strong>et</strong></span> <span class='ocrx_word' id='word_1_222' title='bbox 1269 3478 1496 3533; x_wconf 85' lang='lat' dir='ltr'><strong>illunem</strong></span> <span class='ocrx_word' id='word_1_223' title='bbox 1519 3477 1664 3531; x_wconf 81' lang='lat' dir='ltr'><strong>illam</strong></span> <span class='ocrx_word' id='word_1_224' title='bbox 1686 3486 1904 3533; x_wconf 88' lang='lat' dir='ltr'><strong>noctem</strong></span> <span class='ocrx_word' id='word_1_225' title='bbox 1922 3486 2086 3548; x_wconf 86' lang='lat' dir='ltr'><strong>atque</strong></span> 
     </span>
    </p>
   </div>
   <div class='ocr_carea' id='block_1_36' title="bbox 513 3569 2085 3639">
    <p class='ocr_par' dir='ltr' id='par_1_36' title="bbox 513 3569 2085 3639">
     <span class='ocr_line' id='line_1_36' title="bbox 513 3569 2085 3639; baseline 0 -15"><span class='ocrx_word' id='word_1_226' title='bbox 513 3571 716 3625; x_wconf 87' lang='lat' dir='ltr'><strong>nubem</strong></span> <span class='ocrx_word' id='word_1_227' title='bbox 732 3569 1039 3639; x_wconf 84' lang='lat' dir='ltr'><strong>dissipavit,</strong></span> <span class='ocrx_word' id='word_1_228' title='bbox 1057 3579 1118 3623; x_wconf 93' lang='lat' dir='ltr'><strong>ut</strong></span> <span class='ocrx_word' id='word_1_229' title='bbox 1135 3571 1244 3639; x_wconf 84' lang='lat' dir='ltr'><strong>jam</strong></span> <span class='ocrx_word' id='word_1_230' title='bbox 1259 3579 1315 3623; x_wconf 90' lang='lat' dir='ltr'><strong>et</strong></span> <span class='ocrx_word' id='word_1_231' title='bbox 1341 3569 1640 3638; x_wconf 79' lang='lat' dir='ltr'><strong>imperator</strong></span> <span class='ocrx_word' id='word_1_232' title='bbox 1655 3578 1711 3624; x_wconf 90' lang='lat' dir='ltr'><strong>et</strong></span> <span class='ocrx_word' id='word_1_233' title='bbox 1727 3569 1893 3625; x_wconf 86' lang='lat' dir='ltr'><strong>nrbes</strong></span> <span class='ocrx_word' id='word_1_234' title='bbox 1908 3570 2085 3625; x_wconf 86' lang='lat' dir='ltr'><strong>lucem</strong></span> 
     </span>
    </p>
   </div>
   <div class='ocr_carea' id='block_1_37' title="bbox 508 3660 2085 3731">
    <p class='ocr_par' dir='ltr' id='par_1_37' title="bbox 508 3660 2085 3731">
     <span class='ocr_line' id='line_1_37' title="bbox 508 3660 2085 3731; baseline 0.001 -17"><span class='ocrx_word' id='word_1_235' title='bbox 508 3662 761 3731; x_wconf 73' lang='lat' dir='ltr'><strong>caliginis</strong></span> <span class='ocrx_word' id='word_1_236' title='bbox 792 3668 1075 3729; x_wconf 84' lang='lat' dir='ltr'><strong>expertem</strong></span> <span class='ocrx_word' id='word_1_237' title='bbox 1109 3670 1424 3716; x_wconf 89' lang='lat' dir='ltr'><strong>cernerent.</strong></span> <span class='ocrx_word' id='word_1_238' title='bbox 1461 3660 1676 3729; x_wconf 83' lang='lat' dir='ltr'><strong>Quippe</strong></span> <span class='ocrx_word' id='word_1_239' title='bbox 1712 3660 1968 3715; x_wconf 85' lang='lat' dir='ltr'><strong>immanis</strong></span> <span class='ocrx_word' id='word_1_240' title='bbox 1996 3661 2085 3715; x_wconf 89' lang='lat' dir='ltr'><strong>illa</strong></span> 
     </span>
    </p>
   </div>
   <div class='ocr_carea' id='block_1_38' title="bbox 514 3748 2088 3818">
    <p class='ocr_par' dir='ltr' id='par_1_38' title="bbox 514 3748 2088 3818">
     <span class='ocr_line' id='line_1_38' title="bbox 514 3748 2088 3818; baseline 0.003 -17"><span class='ocrx_word' id='word_1_241' title='bbox 514 3749 692 3803; x_wconf 89' lang='lat' dir='ltr'><strong>bellua</strong></span> <span class='ocrx_word' id='word_1_242' title='bbox 722 3764 858 3803; x_wconf 64' lang='lat' dir='ltr'><strong>caasa</strong></span> <span class='ocrx_word' id='word_1_243' title='bbox 878 3757 984 3813; x_wconf 89' lang='lat' dir='ltr'><strong>est,</strong></span> <span class='ocrx_word' id='word_1_244' title='bbox 1009 3753 1067 3803; x_wconf 90' lang='lat' dir='ltr'><strong>et</strong></span> <span class='ocrx_word' id='word_1_245' title='bbox 1088 3749 1332 3803; x_wconf 84' lang='lat' dir='ltr'><strong>universi</strong></span> <span class='ocrx_word' id='word_1_246' title='bbox 1359 3750 1614 3805; x_wconf 87' lang='lat' dir='ltr'><strong>crudeles</strong></span> <span class='ocrx_word' id='word_1_247' title='bbox 1640 3749 1813 3818; x_wconf 85' lang='lat' dir='ltr'><strong>ipsius</strong></span> <span class='ocrx_word' id='word_1_248' title='bbox 1837 3748 2088 3805; x_wconf 78' lang='lat' dir='ltr'><strong>maxillas</strong></span> 
     </span>
    </p>
   </div>
   <div class='ocr_carea' id='block_1_39' title="bbox 510 3839 2085 3907">
    <p class='ocr_par' dir='ltr' id='par_1_39' title="bbox 510 3839 2085 3907">
     <span class='ocr_line' id='line_1_39' title="bbox 510 3839 2085 3907; baseline -0.001 -12"><span class='ocrx_word' id='word_1_249' title='bbox 510 3841 813 3895; x_wconf 79' lang='lat' dir='ltr'><strong>evitarunt.</strong></span> <span class='ocrx_word' id='word_1_250' title='bbox 851 3840 1070 3894; x_wconf 82' lang='lat' dir='ltr'><strong>Rursus</strong></span> <span class='ocrx_word' id='word_1_251' title='bbox 1101 3847 1283 3894; x_wconf 87' lang='lat' dir='ltr'><strong>autem</strong></span> <span class='ocrx_word' id='word_1_252' title='bbox 1307 3839 1705 3907; x_wconf 50' lang='lat' dir='ltr'><strong>aliud,malum</strong></span> <span class='ocrx_word' id='word_1_253' title='bbox 1726 3847 1950 3893; x_wconf 83' lang='lat' dir='ltr'><strong>enatum</strong></span> <span class='ocrx_word' id='word_1_254' title='bbox 1981 3849 2085 3904; x_wconf 90' lang='lat' dir='ltr'><strong>est,</strong></span> 
     </span>
    </p>
   </div>
   <div class='ocr_carea' id='block_1_40' title="bbox 514 3931 2089 4000">
    <p class='ocr_par' dir='ltr' id='par_1_40' title="bbox 514 3931 2089 4000">
     <span class='ocr_line' id='line_1_40' title="bbox 514 3931 2089 4000; baseline -0.001 -12"><span class='ocrx_word' id='word_1_255' title='bbox 514 3934 777 3988; x_wconf 84' lang='lat' dir='ltr'><strong>nimirum</strong></span> <span class='ocrx_word' id='word_1_256' title='bbox 797 3931 1114 3998; x_wconf 85' lang='lat' dir='ltr'><strong>Tornicius,</strong></span> <span class='ocrx_word' id='word_1_257' title='bbox 1134 3932 1243 3987; x_wconf 85' lang='lat' dir='ltr'><strong>alia</strong></span> <span class='ocrx_word' id='word_1_258' title='bbox 1262 3932 1635 4000; x_wconf 86' lang='lat' dir='ltr'><strong>bestia,quam</strong></span> <span class='ocrx_word' id='word_1_259' title='bbox 1654 3931 1782 3984; x_wconf 93' lang='lat' dir='ltr'><strong>olim</strong></span> <span class='ocrx_word' id='word_1_260' title='bbox 1807 3933 2089 4000; x_wconf 80' lang='lat' dir='ltr'><strong>conspexit</strong></span> 
     </span>
    </p>
   </div>
   <div class='ocr_carea' id='block_1_41' title="bbox 515 4023 2086 4095">
    <p class='ocr_par' dir='ltr' id='par_1_41' title="bbox 515 4023 2086 4095">
     <span class='ocr_line' id='line_1_41' title="bbox 515 4023 2086 4095; baseline -0.003 -15"><span class='ocrx_word' id='word_1_261' title='bbox 515 4026 795 4090; x_wconf 86' lang='lat' dir='ltr'><strong>Danielus,</strong></span> <span class='ocrx_word' id='word_1_262' title='bbox 851 4025 1037 4079; x_wconf 87' lang='lat' dir='ltr'><strong>omnia</strong></span> <span class='ocrx_word' id='word_1_263' title='bbox 1101 4024 1536 4095; x_wconf 84' lang='lat' dir='ltr'><strong>proculcantem,</strong></span> <span class='ocrx_word' id='word_1_264' title='bbox 1599 4023 2086 4089; x_wconf 87' lang='lat' dir='ltr'><strong>comtninnentem,</strong></span> 
     </span>
    </p>
   </div>
   <div class='ocr_carea' id='block_1_42' title="bbox 516 4115 2090 4189">
    <p class='ocr_par' dir='ltr' id='par_1_42' title="bbox 516 4115 2090 4189">
     <span class='ocr_line' id='line_1_42' title="bbox 516 4115 2090 4189; baseline -0.003 -16"><span class='ocrx_word' id='word_1_265' title='bbox 516 4119 754 4189; x_wconf 83' lang='lat' dir='ltr'><strong>pedibus</strong></span> <span class='ocrx_word' id='word_1_266' title='bbox 783 4127 1115 4172; x_wconf 83' lang='lat' dir='ltr'><strong>atterentcm</strong></span> <span class='ocrx_word' id='word_1_267' title='bbox 1158 4125 1215 4171; x_wconf 88' lang='lat' dir='ltr'><strong>et</strong></span> <span class='ocrx_word' id='word_1_268' title='bbox 1255 4116 1518 4185; x_wconf 82' lang='lat' dir='ltr'><strong>reliquias</strong></span> <span class='ocrx_word' id='word_1_269' title='bbox 1556 4115 1816 4171; x_wconf 85' lang='lat' dir='ltr'><strong>dentibus</strong></span> <span class='ocrx_word' id='word_1_270' title='bbox 1845 4115 2090 4171; x_wconf 80' lang='lat' dir='ltr'><strong>confrin-</strong></span> 
     </span>
    </p>
   </div>
   <div class='ocr_carea' id='block_1_43' title="bbox 517 4206 2092 4280">
    <p class='ocr_par' dir='ltr' id='par_1_43' title="bbox 517 4206 2092 4280">
     <span class='ocr_line' id='line_1_43' title="bbox 517 4206 2092 4280; baseline -0.001 -16"><span class='ocrx_word' id='word_1_271' title='bbox 517 4218 759 4280; x_wconf 82' lang='lat' dir='ltr'><strong>gentem.</strong></span> <span class='ocrx_word' id='word_1_272' title='bbox 786 4209 989 4274; x_wconf 70' lang='lat' dir='ltr'><strong>Verum</strong></span> <span class='ocrx_word' id='word_1_273' title='bbox 1035 4208 1185 4263; x_wconf 86' lang='lat' dir='ltr'><strong>hunc</strong></span> <span class='ocrx_word' id='word_1_274' title='bbox 1229 4222 1449 4277; x_wconf 85' lang='lat' dir='ltr'><strong>quoque</strong></span> <span class='ocrx_word' id='word_1_275' title='bbox 1491 4206 1731 4261; x_wconf 80' lang='lat' dir='ltr'><strong>vindicta</strong></span> <span class='ocrx_word' id='word_1_276' title='bbox 1763 4206 1927 4262; x_wconf 87' lang='lat' dir='ltr'><strong>citius</strong></span> <span class='ocrx_word' id='word_1_277' title='bbox 1966 4207 2092 4263; x_wconf 84' lang='lat' dir='ltr'><strong>telis</strong></span> 
     </span>
    </p>
   </div>
   <div class='ocr_carea' id='block_1_44' title="bbox 518 4298 2086 4369">
    <p class='ocr_par' dir='ltr' id='par_1_44' title="bbox 518 4298 2086 4369">
     <span class='ocr_line' id='line_1_44' title="bbox 518 4298 2086 4369; baseline -0.001 -13"><span class='ocrx_word' id='word_1_278' title='bbox 518 4302 636 4356; x_wconf 88' lang='lat' dir='ltr'><strong>suis</strong></span> <span class='ocrx_word' id='word_1_279' title='bbox 688 4302 1098 4358; x_wconf 73' lang='lat' dir='ltr'><strong>inevitabilibus</strong></span> <span class='ocrx_word' id='word_1_280' title='bbox 1140 4299 1413 4355; x_wconf 84' lang='lat' dir='ltr'><strong>conﬁxum</strong></span> <span class='ocrx_word' id='word_1_281' title='bbox 1450 4299 1709 4369; x_wconf 86' lang='lat' dir='ltr'><strong>abripuit.</strong></span> <span class='ocrx_word' id='word_1_282' title='bbox 1755 4298 1875 4366; x_wconf 82' lang='lat' dir='ltr'><strong>Quo</strong></span> <span class='ocrx_word' id='word_1_283' title='bbox 1921 4298 2086 4365; x_wconf 83' lang='lat' dir='ltr'><strong>facto,</strong></span> 
     </span>
    </p>
   </div>
   <div class='ocr_carea' id='block_1_45' title="bbox 527 4390 2092 4462">
    <p class='ocr_par' dir='ltr' id='par_1_45' title="bbox 527 4390 2092 4462">
     <span class='ocr_line' id='line_1_45' title="bbox 527 4390 2092 4462; baseline 0.001 -18"><span class='ocrx_word' id='word_1_284' title='bbox 527 4393 984 4462; x_wconf 81' lang='lat' dir='ltr'><strong>tranquillitatem</strong></span> <span class='ocrx_word' id='word_1_285' title='bbox 1037 4400 1233 4447; x_wconf 86' lang='lat' dir='ltr'><strong>nactus</strong></span> <span class='ocrx_word' id='word_1_286' title='bbox 1281 4400 1365 4446; x_wconf 92' lang='lat' dir='ltr'><strong>est</strong></span> <span class='ocrx_word' id='word_1_287' title='bbox 1412 4391 1713 4460; x_wconf 84' lang='lat' dir='ltr'><strong>imperator</strong></span> <span class='ocrx_word' id='word_1_288' title='bbox 1764 4390 1994 4446; x_wconf 88' lang='lat' dir='ltr'><strong>solidam</strong></span> <span class='ocrx_word' id='word_1_289' title='bbox 2034 4406 2092 4446; x_wconf 85' lang='lat' dir='ltr'><strong>et</strong></span> 
     </span>
    </p>
   </div>
   <div class='ocr_carea' id='block_1_46' title="bbox 517 4462 2168 4558">
    <p class='ocr_par' dir='ltr' id='par_1_46' title="bbox 517 4462 2168 4558">
     <span class='ocr_line' id='line_1_46' title="bbox 517 4462 2168 4558; baseline -0.001 -19"><span class='ocrx_word' id='word_1_290' title='bbox 517 4486 701 4539; x_wconf 89' lang='lat' dir='ltr'><strong>omnis</strong></span> <span class='ocrx_word' id='word_1_291' title='bbox 763 4485 1106 4555; x_wconf 82' lang='lat' dir='ltr'><strong>tempestatis</strong></span> <span class='ocrx_word' id='word_1_292' title='bbox 1157 4493 1462 4553; x_wconf 79' lang='lat' dir='ltr'><strong>expertem.</strong></span> <span class='ocrx_word' id='word_1_293' title='bbox 1523 4482 1770 4558; x_wconf 82' lang='lat' dir='ltr'><strong>Tandem</strong></span> <span class='ocrx_word' id='word_1_294' title='bbox 1829 4483 2087 4554; x_wconf 82' lang='lat' dir='ltr'><strong>gravibus</strong></span> <span class='ocrx_word' id='word_1_295' title='bbox 2129 4462 2168 4515; x_wconf 76' lang='grc' dir='ltr'>θ</span> 
     </span>
    </p>
   </div>
   <div class='ocr_carea' id='block_1_47' title="bbox 518 4574 2085 4644">
    <p class='ocr_par' dir='ltr' id='par_1_47' title="bbox 518 4574 2085 4644">
     <span class='ocr_line' id='line_1_47' title="bbox 518 4574 2085 4644; baseline -0.002 -13"><span class='ocrx_word' id='word_1_296' title='bbox 518 4578 731 4631; x_wconf 86' lang='lat' dir='ltr'><strong>morbis</strong></span> <span class='ocrx_word' id='word_1_297' title='bbox 768 4578 1077 4639; x_wconf 78' lang='lat' dir='ltr'><strong>conlectus,</strong></span> <span class='ocrx_word' id='word_1_298' title='bbox 1116 4585 1311 4629; x_wconf 89' lang='lat' dir='ltr'><strong>natura</strong></span> <span class='ocrx_word' id='word_1_299' title='bbox 1335 4574 1582 4628; x_wconf 88' lang='lat' dir='ltr'><strong>debitum</strong></span> <span class='ocrx_word' id='word_1_300' title='bbox 1619 4589 1779 4629; x_wconf 90' lang='lat' dir='ltr'><strong>suum</strong></span> <span class='ocrx_word' id='word_1_301' title='bbox 1811 4575 2085 4644; x_wconf 81' lang='lat' dir='ltr'><strong>exigente,</strong></span> 
     </span>
    </p>
   </div>
   <div class='ocr_carea' id='block_1_48' title="bbox 519 4664 2090 4738">
    <p class='ocr_par' dir='ltr' id='par_1_48' title="bbox 519 4664 2090 4738">
     <span class='ocr_line' id='line_1_48' title="bbox 519 4664 2090 4738; baseline -0.003 -16"><span class='ocrx_word' id='word_1_302' title='bbox 519 4670 800 4738; x_wconf 85' lang='lat' dir='ltr'><strong>rebusque</strong></span> <span class='ocrx_word' id='word_1_303' title='bbox 838 4668 956 4722; x_wconf 86' lang='lat' dir='ltr'><strong>suis</strong></span> <span class='ocrx_word' id='word_1_304' title='bbox 1001 4682 1067 4719; x_wconf 85' lang='lat' dir='ltr'><strong>ex</strong></span> <span class='ocrx_word' id='word_1_305' title='bbox 1126 4666 1293 4719; x_wconf 89' lang='lat' dir='ltr'><strong>animi</strong></span> <span class='ocrx_word' id='word_1_306' title='bbox 1334 4665 1419 4718; x_wconf 88' lang='lat' dir='ltr'><strong>sui</strong></span> <span class='ocrx_word' id='word_1_307' title='bbox 1461 4664 1733 4719; x_wconf 87' lang='lat' dir='ltr'><strong>sententia</strong></span> <span class='ocrx_word' id='word_1_308' title='bbox 1775 4666 2090 4719; x_wconf 80' lang='lat' dir='ltr'><strong>constitutis</strong></span> 
     </span>
    </p>
   </div>
   <div class='ocr_carea' id='block_1_49' title="bbox 514 4758 2086 4829">
    <p class='ocr_par' dir='ltr' id='par_1_49' title="bbox 514 4758 2086 4829">
     <span class='ocr_line' id='line_1_49' title="bbox 514 4758 2086 4829; baseline -0.002 -15"><span class='ocrx_word' id='word_1_309' title='bbox 514 4770 683 4829; x_wconf 85' lang='lat' dir='ltr'><strong>atque</strong></span> <span class='ocrx_word' id='word_1_310' title='bbox 746 4759 1035 4822; x_wconf 84' lang='lat' dir='ltr'><strong>ordinatis,</strong></span> <span class='ocrx_word' id='word_1_311' title='bbox 1079 4758 1244 4810; x_wconf 84' lang='lat' dir='ltr'><strong>vitam</strong></span> <span class='ocrx_word' id='word_1_312' title='bbox 1302 4771 1426 4812; x_wconf 89' lang='lat' dir='ltr'><strong>cum</strong></span> <span class='ocrx_word' id='word_1_313' title='bbox 1492 4764 1670 4810; x_wconf 87' lang='lat' dir='ltr'><strong>morte</strong></span> <span class='ocrx_word' id='word_1_314' title='bbox 1708 4758 2086 4823; x_wconf 80' lang='lat' dir='ltr'><strong>commutavit,</strong></span> 
     </span>
    </p>
   </div>
   <div class='ocr_carea' id='block_1_50' title="bbox 517 4845 1666 4919">
    <p class='ocr_par' dir='ltr' id='par_1_50' title="bbox 517 4845 1666 4919">
     <span class='ocr_line' id='line_1_50' title="bbox 517 4845 1666 4919; baseline -0.005 -14"><span class='ocrx_word' id='word_1_315' title='bbox 517 4851 750 4919; x_wconf 87' lang='lat' dir='ltr'><strong>imperio</strong></span> <span class='ocrx_word' id='word_1_316' title='bbox 770 4848 1059 4903; x_wconf 86' lang='lat' dir='ltr'><strong>duodecim</strong></span> <span class='ocrx_word' id='word_1_317' title='bbox 1088 4845 1245 4901; x_wconf 88' lang='lat' dir='ltr'><strong>annis</strong></span> <span class='ocrx_word' id='word_1_318' title='bbox 1265 4846 1666 4903; x_wconf 85' lang='lat' dir='ltr'><strong>administrate.</strong></span> 
     </span>
    </p>
   </div>
   <div class='ocr_carea' id='block_1_51' title="bbox 588 4937 2094 5007">
    <p class='ocr_par' dir='ltr' id='par_1_51' title="bbox 588 4937 2094 5007">
     <span class='ocr_line' id='line_1_51' title="bbox 588 4937 2094 5007; baseline -0.004 -13"><span class='ocrx_word' id='word_1_319' title='bbox 588 4939 949 4994; x_wconf 80' lang='lat' dir='ltr'><strong>Constantino</strong></span> <span class='ocrx_word' id='word_1_320' title='bbox 968 4946 1211 5005; x_wconf 84' lang='lat' dir='ltr'><strong>mortuo,</strong></span> <span class='ocrx_word' id='word_1_321' title='bbox 1242 4937 1311 4991; x_wconf 86' lang='lat' dir='ltr'><strong>ad</strong></span> <span class='ocrx_word' id='word_1_322' title='bbox 1336 4937 1678 4992; x_wconf 87' lang='lat' dir='ltr'><strong>Theodoram</strong></span> <span class='ocrx_word' id='word_1_323' title='bbox 1714 4938 1850 4993; x_wconf 85' lang='lat' dir='ltr'><strong>Zoes</strong></span> <span class='ocrx_word' id='word_1_324' title='bbox 1883 4951 2094 5007; x_wconf 81' lang='lat' dir='ltr'><strong>germa-</strong></span> 
     </span>
    </p>
   </div>
   <div class='ocr_carea' id='block_1_52' title="bbox 518 5028 2089 5101">
    <p class='ocr_par' dir='ltr' id='par_1_52' title="bbox 518 5028 2089 5101">
     <span class='ocr_line' id='line_1_52' title="bbox 518 5028 2089 5101; baseline -0.004 -15"><span class='ocrx_word' id='word_1_325' title='bbox 518 5047 642 5086; x_wconf 88' lang='lat' dir='ltr'><strong>nam</strong></span> <span class='ocrx_word' id='word_1_326' title='bbox 673 5047 940 5092; x_wconf 88' lang='lat' dir='ltr'><strong>sororem,</strong></span> <span class='ocrx_word' id='word_1_327' title='bbox 965 5047 1088 5101; x_wconf 70' lang='lat' dir='ltr'><strong>quae</strong></span> <span class='ocrx_word' id='word_1_328' title='bbox 1102 5031 1310 5084; x_wconf 82' lang='lat' dir='ltr'><strong>dudum</strong></span> <span class='ocrx_word' id='word_1_329' title='bbox 1331 5028 1564 5091; x_wconf 84' lang='lat' dir='ltr'><strong>obierat,</strong></span> <span class='ocrx_word' id='word_1_330' title='bbox 1587 5030 1873 5099; x_wconf 87' lang='lat' dir='ltr'><strong>imperium</strong></span> <span class='ocrx_word' id='word_1_331' title='bbox 1906 5028 2089 5082; x_wconf 86' lang='lat' dir='ltr'><strong>rediit.</strong></span> 
     </span>
    </p>
   </div>
   <div class='ocr_carea' id='block_1_53' title="bbox 518 5120 2091 5193">
    <p class='ocr_par' dir='ltr' id='par_1_53' title="bbox 518 5120 2091 5193">
     <span class='ocr_line' id='line_1_53' title="bbox 518 5120 2091 5193; baseline -0.003 -16"><span class='ocrx_word' id='word_1_332' title='bbox 518 5123 636 5177; x_wconf 86' lang='lat' dir='ltr'><strong>Non</strong></span> <span class='ocrx_word' id='word_1_333' title='bbox 654 5124 748 5177; x_wconf 85' lang='lat' dir='ltr'><strong>ditt</strong></span> <span class='ocrx_word' id='word_1_334' title='bbox 768 5126 932 5179; x_wconf 81' lang='lat' dir='ltr'><strong>rebus</strong></span> <span class='ocrx_word' id='word_1_335' title='bbox 949 5123 1185 5193; x_wconf 62' lang='lat' dir='ltr'><strong>praefuit,</strong></span> <span class='ocrx_word' id='word_1_336' title='bbox 1207 5122 1496 5177; x_wconf 87' lang='lat' dir='ltr'><strong>duodecim</strong></span> <span class='ocrx_word' id='word_1_337' title='bbox 1521 5121 1773 5177; x_wconf 78' lang='lat' dir='ltr'><strong>videlicet</strong></span> <span class='ocrx_word' id='word_1_338' title='bbox 1791 5120 2091 5187; x_wconf 81' lang='lat' dir='ltr'><strong>mensibus;</strong></span> 
     </span>
    </p>
   </div>
   <div class='ocr_carea' id='block_1_54' title="bbox 520 5211 2089 5285">
    <p class='ocr_par' dir='ltr' id='par_1_54' title="bbox 520 5211 2089 5285">
     <span class='ocr_line' id='line_1_54' title="bbox 520 5211 2089 5285; baseline -0.003 -17"><span class='ocrx_word' id='word_1_339' title='bbox 520 5228 758 5283; x_wconf 89' lang='lat' dir='ltr'><strong>cumque</strong></span> <span class='ocrx_word' id='word_1_340' title='bbox 792 5230 850 5270; x_wconf 88' lang='lat' dir='ltr'><strong>se</strong></span> <span class='ocrx_word' id='word_1_341' title='bbox 899 5216 1252 5285; x_wconf 76' lang='lat' dir='ltr'><strong>migratumm</strong></span> <span class='ocrx_word' id='word_1_342' title='bbox 1292 5231 1323 5269; x_wconf 88' lang='lat' dir='ltr'><strong>e</strong></span> <span class='ocrx_word' id='word_1_343' title='bbox 1365 5214 1577 5268; x_wconf 76' lang='lat' dir='ltr'><strong>mortali</strong></span> <span class='ocrx_word' id='word_1_344' title='bbox 1627 5228 1857 5282; x_wconf 90' lang='lat' dir='ltr'><strong>corpore</strong></span> <span class='ocrx_word' id='word_1_345' title='bbox 1895 5211 2089 5281; x_wconf 82' lang='lat' dir='ltr'><strong>depre-</strong></span> 
     </span>
    </p>
   </div>
   <div class='ocr_carea' id='block_1_55' title="bbox 522 5304 2090 5378">
    <p class='ocr_par' dir='ltr' id='par_1_55' title="bbox 522 5304 2090 5378">
     <span class='ocr_line' id='line_1_55' title="bbox 522 5304 2090 5378; baseline -0.001 -20"><span class='ocrx_word' id='word_1_346' title='bbox 522 5305 808 5374; x_wconf 82' lang='lat' dir='ltr'><strong>hcnderet,</strong></span> <span class='ocrx_word' id='word_1_347' title='bbox 841 5307 1143 5362; x_wconf 77' lang='lat' dir='ltr'><strong>etiamnum</strong></span> <span class='ocrx_word' id='word_1_348' title='bbox 1172 5308 1329 5378; x_wconf 86' lang='lat' dir='ltr'><strong>virgo</strong></span> <span class='ocrx_word' id='word_1_349' title='bbox 1351 5348 1365 5374; x_wconf 91' lang='lat'><strong>,</strong></span> <span class='ocrx_word' id='word_1_350' title='bbox 1393 5323 1492 5363; x_wconf 90' lang='lat' dir='ltr'><strong>ceu</strong></span> <span class='ocrx_word' id='word_1_351' title='bbox 1529 5305 1871 5376; x_wconf 83' lang='lat' dir='ltr'><strong>perhibetur,</strong></span> <span class='ocrx_word' id='word_1_352' title='bbox 1915 5304 2090 5357; x_wconf 86' lang='lat' dir='ltr'><strong>virum</strong></span> 
     </span>
    </p>
   </div>
   <div class='ocr_carea' id='block_1_56' title="bbox 1622 280 3745 354">
    <p class='ocr_par' dir='ltr' id='par_1_56' title="bbox 1622 280 3745 354">
     <span class='ocr_line' id='line_1_56' title="bbox 1622 280 3745 354; baseline -0.002 0"><span class='ocrx_word' id='word_1_353' title='bbox 1622 280 2133 354; x_wconf 71' lang='lat' dir='ltr'><strong>CONSTANTiNl</strong></span> <span class='ocrx_word' id='word_1_354' title='bbox 2174 280 2548 350; x_wconf 71' lang='lat' dir='ltr'><strong>MANASSIS</strong></span> <span class='ocrx_word' id='word_1_355' title='bbox 3640 286 3745 350; x_wconf 66' lang='grc'><strong>456</strong></span> 
     </span>
    </p>
   </div>
   <div class='ocr_carea' id='block_1_57' title="bbox 2094 413 2148 468">
    <p class='ocr_par' dir='ltr' id='par_1_57' title="bbox 2094 413 2148 468">
     <span class='ocr_line' id='line_1_57' title="bbox 2094 413 2148 468; baseline 0 0"><span class='ocrx_word' id='word_1_356' title='bbox 2094 413 2148 468; x_wconf 82' lang='grc' dir='ltr'><strong>Λ</strong></span> 
     </span>
    </p>
   </div>
   <div class='ocr_carea' id='block_1_58' title="bbox 2173 399 3748 473">
    <p class='ocr_par' dir='ltr' id='par_1_58' title="bbox 2173 399 3748 473">
     <span class='ocr_line' id='line_1_58' title="bbox 2173 399 3748 473; baseline -0.001 -18"><span class='ocrx_word' id='word_1_357' title='bbox 2173 399 2300 473; x_wconf 74' lang='grc' dir='ltr'>(Ἶίν</span> <span class='ocrx_word' id='word_1_358' title='bbox 2334 402 2400 467; x_wconf 83' lang='grc' dir='ltr'>δ’,</span> <span class='ocrx_word' id='word_1_359' title='bbox 2440 401 2515 465; x_wconf 80' lang='grc' dir='ltr'>ὥς</span> <span class='ocrx_word' id='word_1_360' title='bbox 2555 417 2738 469; x_wconf 73' lang='grc' dir='ltr'>φασιν,</span> <span class='ocrx_word' id='word_1_361' title='bbox 2780 400 3073 471; x_wconf 63' lang='grc' dir='ltr'>ἀπείρατος</span> <span class='ocrx_word' id='word_1_362' title='bbox 3106 399 3357 469; x_wconf 75' lang='grc' dir='ltr'>σώματος</span> <span class='ocrx_word' id='word_1_363' title='bbox 3374 402 3419 433; x_wconf 79' lang='grc'><strong>³⁸</strong></span> <span class='ocrx_word' id='word_1_364' title='bbox 3451 403 3748 471; x_wconf 72' lang='grc' dir='ltr'>ῥυπαρίας)</span> 
     </span>
    </p>
   </div>
   <div class='ocr_carea' id='block_1_59' title="bbox 2175 491 3538 564">
    <p class='ocr_par' dir='ltr' id='par_1_59' title="bbox 2175 491 3538 564">
     <span class='ocr_line' id='line_1_59' title="bbox 2175 491 3538 564; baseline -0.001 -17"><span class='ocrx_word' id='word_1_365' title='bbox 2175 494 2379 564; x_wconf 74' lang='grc' dir='ltr'>Ἄνδρα</span> <span class='ocrx_word' id='word_1_366' title='bbox 2408 492 2528 546; x_wconf 83' lang='grc' dir='ltr'>τινὰ</span> <span class='ocrx_word' id='word_1_367' title='bbox 2556 491 2876 562; x_wconf 67' lang='grc' dir='ltr'>μακρόϐιον,</span> <span class='ocrx_word' id='word_1_368' title='bbox 2907 492 3208 561; x_wconf 71' lang='grc' dir='ltr'>πέμπελρν,</span> <span class='ocrx_word' id='word_1_369' title='bbox 3237 492 3538 563; x_wconf 86' lang='grc' dir='ltr'>τρομαλέον</span> 
     </span>
    </p>
   </div>
   <div class='ocr_carea' id='block_1_60' title="bbox 2185 581 3464 654">
    <p class='ocr_par' dir='ltr' id='par_1_60' title="bbox 2185 581 3464 654">
     <span class='ocr_line' id='line_1_60' title="bbox 2185 581 3464 654; baseline -0.001 -14"><span class='ocrx_word' id='word_1_370' title='bbox 2185 584 2525 646; x_wconf 76' lang='grc' dir='ltr'>Ἑπιϐιϐἀζει</span> <span class='ocrx_word' id='word_1_371' title='bbox 2560 581 2849 654; x_wconf 76' lang='grc' dir='ltr'>διφρευτην</span> <span class='ocrx_word' id='word_1_372' title='bbox 2894 582 3100 654; x_wconf 77' lang='grc' dir='ltr'>ἅρματι</span> <span class='ocrx_word' id='word_1_373' title='bbox 3138 583 3464 653; x_wconf 80' lang='grc' dir='ltr'>τηλικούτῳ.</span> 
     </span>
    </p>
   </div>
   <div class='ocr_carea' id='block_1_61' title="bbox 2171 676 3749 748">
    <p class='ocr_par' dir='ltr' id='par_1_61' title="bbox 2171 676 3749 748">
     <span class='ocr_line' id='line_1_61' title="bbox 2171 676 3749 748; baseline -0.001 -16"><span class='ocrx_word' id='word_1_374' title='bbox 2171 679 2281 732; x_wconf 72' lang='grc' dir='ltr'>Καὶ</span> <span class='ocrx_word' id='word_1_375' title='bbox 2314 678 2489 746; x_wconf 77' lang='grc' dir='ltr'>τούτῳ</span> <span class='ocrx_word' id='word_1_376' title='bbox 2521 677 2713 746; x_wconf 79' lang='grc' dir='ltr'>κλῆσις</span> <span class='ocrx_word' id='word_1_377' title='bbox 2751 676 2990 747; x_wconf 74' lang='grc' dir='ltr'>Μιχαὴλ,</span> <span class='ocrx_word' id='word_1_378' title='bbox 3017 676 3077 740; x_wconf 85' lang='grc' dir='ltr'>ὃς</span> <span class='ocrx_word' id='word_1_379' title='bbox 3108 677 3250 730; x_wconf 65' lang='grc' dir='ltr'>κατὰ</span> <span class='ocrx_word' id='word_1_380' title='bbox 3292 678 3392 747; x_wconf 78' lang='grc' dir='ltr'><strong>μὲν</strong></span> <span class='ocrx_word' id='word_1_381' title='bbox 3424 677 3516 731; x_wconf 71' lang='grc' dir='ltr'>τὸν</span> <span class='ocrx_word' id='word_1_382' title='bbox 3558 679 3749 748; x_wconf 75' lang='grc' dir='ltr'>χρόνον</span> 
     </span>
    </p>
   </div>
   <div class='ocr_carea' id='block_1_62' title="bbox 2186 767 3529 841">
    <p class='ocr_par' dir='ltr' id='par_1_62' title="bbox 2186 767 3529 841">
     <span class='ocr_line' id='line_1_62' title="bbox 2186 767 3529 841; baseline -0.002 -18"><span class='ocrx_word' id='word_1_383' title='bbox 2186 770 2557 841; x_wconf 76' lang='grc' dir='ltr'>’Δμετροϐίοις</span> <span class='ocrx_word' id='word_1_384' title='bbox 2590 770 2745 838; x_wconf 69' lang='grc' dir='ltr'>ἤριζε</span> <span class='ocrx_word' id='word_1_385' title='bbox 2780 767 3047 838; x_wconf 81' lang='grc' dir='ltr'>κορώναις</span> <span class='ocrx_word' id='word_1_386' title='bbox 3080 769 3449 839; x_wconf 83' lang='grc' dir='ltr'>μακρογήρῳς</span> <span class='ocrx_word' id='word_1_387' title='bbox 3463 770 3529 835; x_wconf 80' lang='grc'>³¹,</span> 
     </span>
    </p>
   </div>
   <div class='ocr_carea' id='block_1_63' title="bbox 2184 858 3608 930">
    <p class='ocr_par' dir='ltr' id='par_1_63' title="bbox 2184 858 3608 930">
     <span class='ocr_line' id='line_1_63' title="bbox 2184 858 3608 930; baseline -0.001 -16"><span class='ocrx_word' id='word_1_388' title='bbox 2184 859 2434 923; x_wconf 83' lang='grc' dir='ltr'>ὐποίους</span> <span class='ocrx_word' id='word_1_389' title='bbox 2459 860 2559 930; x_wconf 85' lang='grc' dir='ltr'>’ήδη</span> <span class='ocrx_word' id='word_1_390' title='bbox 2598 859 2909 928; x_wconf 74' lang='grc' dir='ltr'>φθάσαντας</span> <span class='ocrx_word' id='word_1_391' title='bbox 2935 859 3026 911; x_wconf 70' lang='grc' dir='ltr'><strong>ἐπὶ</strong></span> <span class='ocrx_word' id='word_1_392' title='bbox 3056 858 3266 928; x_wconf 72' lang='grc' dir='ltr'>δυσμὰς</span> <span class='ocrx_word' id='word_1_393' title='bbox 3300 860 3393 913; x_wconf 77' lang='grc' dir='ltr'><strong>τοῦ</strong></span> <span class='ocrx_word' id='word_1_394' title='bbox 3432 861 3544 929; x_wconf 68' lang='grc' dir='ltr'>βίου</span> <span class='ocrx_word' id='word_1_395' title='bbox 3564 863 3608 894; x_wconf 79' lang='grc'><strong><em>³⁸</em></strong></span> 
     </span>
    </p>
   </div>
   <div class='ocr_carea' id='block_1_64' title="bbox 2185 951 3466 1021">
    <p class='ocr_par' dir='ltr' id='par_1_64' title="bbox 2185 951 3466 1021">
     <span class='ocr_line' id='line_1_64' title="bbox 2185 951 3466 1021; baseline 0 -15"><span class='ocrx_word' id='word_1_396' title='bbox 2185 953 2279 1006; x_wconf 84' lang='grc' dir='ltr'>Ἕκ</span> <span class='ocrx_word' id='word_1_397' title='bbox 2308 954 2404 1021; x_wconf 86' lang='grc' dir='ltr'>τῆς</span> <span class='ocrx_word' id='word_1_398' title='bbox 2441 952 2695 1020; x_wconf 83' lang='grc' dir='ltr'>λατρείας</span> <span class='ocrx_word' id='word_1_399' title='bbox 2724 951 2922 1005; x_wconf 77' lang='grc' dir='ltr'>ἑαυτοῦ</span> <span class='ocrx_word' id='word_1_400' title='bbox 2951 952 3184 1021; x_wconf 78' lang='grc' dir='ltr'>πόλεμος</span> <span class='ocrx_word' id='word_1_401' title='bbox 3213 954 3466 1016; x_wconf 74' lang='grc' dir='ltr'>ἀπολύει,</span> 
     </span>
    </p>
   </div>
   <div class='ocr_carea' id='block_1_65' title="bbox 2175 1041 3674 1113">
    <p class='ocr_par' dir='ltr' id='par_1_65' title="bbox 2175 1041 3674 1113">
     <span class='ocr_line' id='line_1_65' title="bbox 2175 1041 3674 1113; baseline 0.003 -19"><span class='ocrx_word' id='word_1_402' title='bbox 2175 1041 2256 1094; x_wconf 83' lang='grc' dir='ltr'><strong>Τὰ</strong></span> <span class='ocrx_word' id='word_1_403' title='bbox 2283 1043 2328 1095; x_wconf 90' lang='grc' dir='ltr'>δ’</span> <span class='ocrx_word' id='word_1_404' title='bbox 2356 1041 2489 1096; x_wconf 77' lang='grc' dir='ltr'>ἄλλα</span> <span class='ocrx_word' id='word_1_405' title='bbox 2515 1043 2608 1096; x_wconf 77' lang='grc' dir='ltr'><strong>καὶ</strong></span> <span class='ocrx_word' id='word_1_406' title='bbox 2636 1041 3004 1112; x_wconf 81' lang='grc' dir='ltr'>σεμνότροπος</span> <span class='ocrx_word' id='word_1_407' title='bbox 3039 1043 3133 1096; x_wconf 78' lang='grc' dir='ltr'>καὶ</span> <span class='ocrx_word' id='word_1_408' title='bbox 3169 1042 3442 1113; x_wconf 79' lang='grc' dir='ltr'>βέλτιστος</span> <span class='ocrx_word' id='word_1_409' title='bbox 3475 1047 3674 1100; x_wconf 72' lang='grc' dir='ltr'>ἐδύκει.</span> 
     </span>
    </p>
   </div>
   <div class='ocr_carea' id='block_1_66' title="bbox 2188 1131 3695 1207">
    <p class='ocr_par' dir='ltr' id='par_1_66' title="bbox 2188 1131 3695 1207">
     <span class='ocr_line' id='line_1_66' title="bbox 2188 1131 3695 1207; baseline 0.004 -23"><span class='ocrx_word' id='word_1_410' title='bbox 2188 1132 2347 1186; x_wconf 82' lang='grc' dir='ltr'>’Λλλά</span> <span class='ocrx_word' id='word_1_411' title='bbox 2369 1133 2477 1202; x_wconf 83' lang='grc' dir='ltr'>γὰρ</span> <span class='ocrx_word' id='word_1_412' title='bbox 2500 1133 2601 1185; x_wconf 89' lang='grc' dir='ltr'><strong>οὐκ</strong></span> <span class='ocrx_word' id='word_1_413' title='bbox 2628 1131 2879 1202; x_wconf 77' lang='grc' dir='ltr'>ἐξίσχυσε</span> <span class='ocrx_word' id='word_1_414' title='bbox 2892 1133 2938 1165; x_wconf 81' lang='grc'><strong>³⁸</strong></span> <span class='ocrx_word' id='word_1_415' title='bbox 2956 1134 3056 1197; x_wconf 78' lang='grc' dir='ltr'>τὰς</span> <span class='ocrx_word' id='word_1_416' title='bbox 3073 1137 3173 1204; x_wconf 83' lang='grc' dir='ltr'>τῆς</span> <span class='ocrx_word' id='word_1_417' title='bbox 3198 1135 3424 1203; x_wconf 77' lang='grc' dir='ltr'>καρδίας</span> <span class='ocrx_word' id='word_1_418' title='bbox 3460 1136 3695 1207; x_wconf 71' lang='grc' dir='ltr'>βλάστας</span> 
     </span>
    </p>
   </div>
   <div class='ocr_carea' id='block_1_67' title="bbox 2174 1223 3744 1300">
    <p class='ocr_par' dir='ltr' id='par_1_67' title="bbox 2174 1223 3744 1300">
     <span class='ocr_line' id='line_1_67' title="bbox 2174 1223 3744 1300; baseline 0.005 -25"><span class='ocrx_word' id='word_1_419' title='bbox 2174 1223 2269 1285; x_wconf 74' lang='grc' dir='ltr'><strong>Εἰς</strong></span> <span class='ocrx_word' id='word_1_420' title='bbox 2293 1224 2408 1291; x_wconf 84' lang='grc' dir='ltr'>φῶς</span> <span class='ocrx_word' id='word_1_421' title='bbox 2424 1224 2687 1293; x_wconf 78' lang='grc' dir='ltr'>προάγειν</span> <span class='ocrx_word' id='word_1_422' title='bbox 2706 1225 2798 1277; x_wconf 73' lang='grc' dir='ltr'><strong>καὶ</strong></span> <span class='ocrx_word' id='word_1_423' title='bbox 2816 1224 3006 1292; x_wconf 83' lang='grc' dir='ltr'>δηλοῦν</span> <span class='ocrx_word' id='word_1_424' title='bbox 3025 1225 3118 1278; x_wconf 71' lang='grc' dir='ltr'>τὸν</span> <span class='ocrx_word' id='word_1_425' title='bbox 3136 1226 3277 1278; x_wconf 80' lang='grc' dir='ltr'>κατὰ</span> <span class='ocrx_word' id='word_1_426' title='bbox 3297 1227 3493 1296; x_wconf 74' lang='grc' dir='ltr'>βάθους</span> <span class='ocrx_word' id='word_1_427' title='bbox 3516 1230 3744 1300; x_wconf 55' lang='grc' dir='ltr'>στάχυνε</span> 
     </span>
    </p>
   </div>
   <div class='ocr_carea' id='block_1_68' title="bbox 2176 1315 3573 1387">
    <p class='ocr_par' dir='ltr' id='par_1_68' title="bbox 2176 1315 3573 1387">
     <span class='ocr_line' id='line_1_68' title="bbox 2176 1315 3573 1387; baseline 0.003 -19"><span class='ocrx_word' id='word_1_428' title='bbox 2176 1315 2285 1368; x_wconf 82' lang='lat' dir='ltr'><strong>Kal</strong></span> <span class='ocrx_word' id='word_1_429' title='bbox 2325 1315 2432 1385; x_wconf 80' lang='grc' dir='ltr'><strong>γὰρ</strong></span> <span class='ocrx_word' id='word_1_430' title='bbox 2464 1316 2874 1386; x_wconf 76' lang='grc' dir='ltr'>ἐσφετερίζοντο</span> <span class='ocrx_word' id='word_1_431' title='bbox 2908 1319 3089 1371; x_wconf 80' lang='grc' dir='ltr'>πᾶσαν</span> <span class='ocrx_word' id='word_1_432' title='bbox 3128 1316 3224 1387; x_wconf 82' lang='grc' dir='ltr'><strong>τὴν</strong></span> <span class='ocrx_word' id='word_1_433' title='bbox 3254 1318 3573 1374; x_wconf 80' lang='grc' dir='ltr'>δυναστείαν</span> 
     </span>
    </p>
   </div>
   <div class='ocr_carea' id='block_1_69' title="bbox 2177 1406 3640 1481">
    <p class='ocr_par' dir='ltr' id='par_1_69' title="bbox 2177 1406 3640 1481">
     <span class='ocr_line' id='line_1_69' title="bbox 2177 1406 3640 1481; baseline 0.003 -20"><span class='ocrx_word' id='word_1_434' title='bbox 2177 1408 2240 1461; x_wconf 78' lang='lat' dir='ltr'><strong>Ol</strong></span> <span class='ocrx_word' id='word_1_435' title='bbox 2271 1406 2569 1476; x_wconf 68' lang='grc' dir='ltr'>Θεοδώραςο</span> <span class='ocrx_word' id='word_1_436' title='bbox 2591 1409 2889 1479; x_wconf 74' lang='grc' dir='ltr'>πρόσπολοι</span> <span class='ocrx_word' id='word_1_437' title='bbox 2922 1410 3022 1477; x_wconf 85' lang='grc' dir='ltr'>τῆς</span> <span class='ocrx_word' id='word_1_438' title='bbox 3063 1411 3640 1481; x_wconf 77' lang='grc' dir='ltr'>πορφυροϐλαστήτου,</span> 
     </span>
    </p>
   </div>
   <div class='ocr_carea' id='block_1_70' title="bbox 2179 1498 3576 1574">
    <p class='ocr_par' dir='ltr' id='par_1_70' title="bbox 2179 1498 3576 1574">
     <span class='ocr_line' id='line_1_70' title="bbox 2179 1498 3576 1574; baseline 0.005 -24"><span class='ocrx_word' id='word_1_439' title='bbox 2179 1498 2662 1566; x_wconf 69' lang='grc' dir='ltr'>Καταφρονοῦντες</span> <span class='ocrx_word' id='word_1_440' title='bbox 2692 1499 2910 1568; x_wconf 76' lang='grc' dir='ltr'>Μιχαὴλ</span> <span class='ocrx_word' id='word_1_441' title='bbox 2950 1500 3207 1570; x_wconf 79' lang='grc' dir='ltr'>ἄντικρυς</span> <span class='ocrx_word' id='word_1_442' title='bbox 3238 1501 3312 1563; x_wconf 72' lang='grc' dir='ltr'>ὡς</span> <span class='ocrx_word' id='word_1_443' title='bbox 3339 1503 3576 1574; x_wconf 81' lang='grc' dir='ltr'>ἁνίκμου</span> 
     </span>
    </p>
   </div>
   <div class='ocr_carea' id='block_1_71' title="bbox 2177 1589 3657 1666">
    <p class='ocr_par' dir='ltr' id='par_1_71' title="bbox 2177 1589 3657 1666">
     <span class='ocr_line' id='line_1_71' title="bbox 2177 1589 3657 1666; baseline 0.008 -25"><span class='ocrx_word' id='word_1_444' title='bbox 2177 1589 2454 1660; x_wconf 83' lang='grc' dir='ltr'>Κράμϐης</span> <span class='ocrx_word' id='word_1_445' title='bbox 2478 1589 2717 1659; x_wconf 80' lang='grc' dir='ltr'>ἀφύλλου</span> <span class='ocrx_word' id='word_1_446' title='bbox 2747 1593 3004 1661; x_wconf 76' lang='grc' dir='ltr'>γηραιᾶς,</span> <span class='ocrx_word' id='word_1_447' title='bbox 3036 1593 3136 1663; x_wconf 75' lang='grc' dir='ltr'><strong>ἤδη</strong></span> <span class='ocrx_word' id='word_1_448' title='bbox 3169 1593 3549 1666; x_wconf 75' lang='grc' dir='ltr'>διεῤῥευκυία;</span> <span class='ocrx_word' id='word_1_449' title='bbox 3594 1600 3657 1653; x_wconf 70' lang='grc'><strong>³⁵.</strong></span> 
     </span>
    </p>
   </div>
   <div class='ocr_carea' id='block_1_72' title="bbox 2180 1675 3365 1754">
    <p class='ocr_par' dir='ltr' id='par_1_72' title="bbox 2180 1675 3365 1754">
     <span class='ocr_line' id='line_1_72' title="bbox 2180 1675 3365 1754; baseline 0.004 -21"><span class='ocrx_word' id='word_1_450' title='bbox 2180 1675 2302 1733; x_wconf 87' lang='grc' dir='ltr'>Ὅτι</span> <span class='ocrx_word' id='word_1_451' title='bbox 2332 1682 2424 1733; x_wconf 71' lang='grc' dir='ltr'><strong>καὶ</strong></span> <span class='ocrx_word' id='word_1_452' title='bbox 2456 1681 2774 1735; x_wconf 81' lang='grc' dir='ltr'>κατεδέδετο</span> <span class='ocrx_word' id='word_1_453' title='bbox 2804 1682 3130 1753; x_wconf 72' lang='grc' dir='ltr'>φρικώδεσιν</span> <span class='ocrx_word' id='word_1_454' title='bbox 3158 1684 3365 1754; x_wconf 76' lang='grc' dir='ltr'>ὀρκίοις</span> 
     </span>
    </p>
   </div>
   <div class='ocr_carea' id='block_1_73' title="bbox 2107 1762 3753 1847">
    <p class='ocr_par' dir='ltr' id='par_1_73' title="bbox 2107 1762 3753 1847">
     <span class='ocr_line' id='line_1_73' title="bbox 2107 1762 3753 1847; baseline 0.006 -22"><span class='ocrx_word' id='word_1_455' title='bbox 2107 1762 2147 1819; x_wconf 80' lang='grc' dir='ltr'><strong>Β</strong></span> <span class='ocrx_word' id='word_1_456' title='bbox 2182 1769 2403 1825; x_wconf 78' lang='grc' dir='ltr'>Πάντων</span> <span class='ocrx_word' id='word_1_457' title='bbox 2434 1771 2617 1833; x_wconf 82' lang='grc' dir='ltr'>αὐτοῖς</span> <span class='ocrx_word' id='word_1_458' title='bbox 2631 1772 2674 1804; x_wconf 80' lang='grc'><strong>³³</strong></span> <span class='ocrx_word' id='word_1_459' title='bbox 2699 1771 3016 1837; x_wconf 80' lang='grc' dir='ltr'>ἐξίστασθαι</span> <span class='ocrx_word' id='word_1_460' title='bbox 3043 1774 3137 1827; x_wconf 65' lang='grc' dir='ltr'><strong>καὶ</strong></span> <span class='ocrx_word' id='word_1_461' title='bbox 3169 1773 3346 1842; x_wconf 77' lang='grc' dir='ltr'>λόγων</span> <span class='ocrx_word' id='word_1_462' title='bbox 3374 1776 3468 1829; x_wconf 69' lang='grc' dir='ltr'><strong>καὶ</strong></span> <span class='ocrx_word' id='word_1_463' title='bbox 3493 1780 3753 1847; x_wconf 57' lang='grc' dir='ltr'>πραγμαέ</span> 
     </span>
    </p>
   </div>
   <div class='ocr_carea' id='block_1_74' title="bbox 3551 1887 3677 1926">
    <p class='ocr_par' dir='ltr' id='par_1_74' title="bbox 3551 1887 3677 1926">
     <span class='ocr_line' id='line_1_74' title="bbox 3551 1887 3677 1926; baseline 0 -6"><span class='ocrx_word' id='word_1_464' title='bbox 3551 1887 3626 1926; x_wconf 84' lang='grc' dir='ltr'><strong>τω</strong></span> <span class='ocrx_word' id='word_1_465' title='bbox 3640 1891 3677 1924; x_wconf 80' lang='grc' dir='ltr'>Ι.</span> 
     </span>
    </p>
   </div>
   <div class='ocr_carea' id='block_1_75' title="bbox 2176 1867 3750 2033">
    <p class='ocr_par' dir='ltr' id='par_1_75' title="bbox 2176 1867 3750 2033">
     <span class='ocr_line' id='line_1_75' title="bbox 3551 1887 3677 1926; baseline 0 -6"><span class='ocrx_word' id='word_1_466' title='bbox 3551 1887 3626 1926; x_wconf 84' lang='grc' dir='ltr'><strong>τω</strong></span> <span class='ocrx_word' id='word_1_467' title='bbox 3640 1891 3677 1924; x_wconf 76' lang='grc' dir='ltr'>ι.</span> 
     </span>
     <span class='ocr_line' id='line_1_76' title="bbox 2176 1867 3750 2033; baseline 0.004 -26"><span class='ocrx_word' id='word_1_468' title='bbox 2176 1949 2282 2007; x_wconf 79' lang='grc' dir='ltr'>Ἶίν</span> <span class='ocrx_word' id='word_1_469' title='bbox 2310 1950 2403 2008; x_wconf 79' lang='grc' dir='ltr'><strong>οῦν</strong></span> <span class='ocrx_word' id='word_1_470' title='bbox 2439 1955 2601 2018; x_wconf 84' lang='grc' dir='ltr'>αὐτὸς</span> <span class='ocrx_word' id='word_1_471' title='bbox 2628 1955 2758 2009; x_wconf 75' lang='grc' dir='ltr'>ὡσεὶ</span> <span class='ocrx_word' id='word_1_472' title='bbox 2789 1955 2935 2020; x_wconf 67' lang='grc' dir='ltr'>σκιὰ,</span> <span class='ocrx_word' id='word_1_473' title='bbox 2962 1959 3054 2011; x_wconf 78' lang='grc' dir='ltr'><strong>καὶ</strong></span> <span class='ocrx_word' id='word_1_474' title='bbox 3081 1957 3263 2026; x_wconf 76' lang='grc' dir='ltr'>λόγοις</span> <span class='ocrx_word' id='word_1_475' title='bbox 3299 1959 3482 2030; x_wconf 76' lang='grc' dir='ltr'>μόνοις</span> <span class='ocrx_word' id='word_1_476' title='bbox 3510 1867 3750 2033; x_wconf 53' lang='grc' dir='ltr'>ἑράτωρ,</span> 
     </span>
    </p>
   </div>
   <div class='ocr_carea' id='block_1_76' title="bbox 2177 2044 3647 2122">
    <p class='ocr_par' dir='ltr' id='par_1_76' title="bbox 2177 2044 3647 2122">
     <span class='ocr_line' id='line_1_77' title="bbox 2177 2044 3647 2122; baseline 0.007 -27"><span class='ocrx_word' id='word_1_477' title='bbox 2177 2044 2258 2096; x_wconf 77' lang='grc' dir='ltr'><strong>Τὰ</strong></span> <span class='ocrx_word' id='word_1_478' title='bbox 2293 2044 2338 2096; x_wconf 89' lang='grc' dir='ltr'>δ’</span> <span class='ocrx_word' id='word_1_479' title='bbox 2380 2044 2515 2098; x_wconf 77' lang='grc' dir='ltr'>ἄλλα</span> <span class='ocrx_word' id='word_1_480' title='bbox 2548 2047 2727 2100; x_wconf 83' lang='grc' dir='ltr'>πάντα</span> <span class='ocrx_word' id='word_1_481' title='bbox 2758 2049 2877 2111; x_wconf 85' lang='grc' dir='ltr'>ταῖς</span> <span class='ocrx_word' id='word_1_482' title='bbox 2913 2050 3100 2117; x_wconf 78' lang='grc' dir='ltr'>χερσὶν</span> <span class='ocrx_word' id='word_1_483' title='bbox 3134 2050 3359 2102; x_wconf 81' lang='grc' dir='ltr'>ἐκείνων</span> <span class='ocrx_word' id='word_1_484' title='bbox 3396 2052 3647 2122; x_wconf 76' lang='grc' dir='ltr'>διῳκεῖτο</span> 
     </span>
    </p>
   </div>
   <div class='ocr_carea' id='block_1_77' title="bbox 2178 2132 3468 2212">
    <p class='ocr_par' dir='ltr' id='par_1_77' title="bbox 2178 2132 3468 2212">
     <span class='ocr_line' id='line_1_78' title="bbox 2178 2132 3468 2212; baseline 0.007 -26"><span class='ocrx_word' id='word_1_485' title='bbox 2178 2132 2286 2195; x_wconf 76' lang='grc' dir='ltr'>Οὓς</span> <span class='ocrx_word' id='word_1_486' title='bbox 2315 2134 2681 2200; x_wconf 81' lang='grc' dir='ltr'>παιδοκόμους</span> <span class='ocrx_word' id='word_1_487' title='bbox 2702 2137 2932 2210; x_wconf 85' lang='grc' dir='ltr'>Μιχαὴλ</span> <span class='ocrx_word' id='word_1_488' title='bbox 2963 2139 3115 2193; x_wconf 73' lang='grc' dir='ltr'>ἔλιπε</span> <span class='ocrx_word' id='word_1_489' title='bbox 3135 2141 3179 2172; x_wconf 79' lang='grc'><strong>³³</strong></span> <span class='ocrx_word' id='word_1_490' title='bbox 3217 2141 3468 2212; x_wconf 84' lang='grc' dir='ltr'>Θεοδώρα</span> 
     </span>
    </p>
   </div>
   <div class='ocr_carea' id='block_1_78' title="bbox 2180 2224 3749 2306">
    <p class='ocr_par' dir='ltr' id='par_1_78' title="bbox 2180 2224 3749 2306">
     <span class='ocr_line' id='line_1_79' title="bbox 2180 2224 3749 2306; baseline 0.009 -30"><span class='ocrx_word' id='word_1_491' title='bbox 2180 2225 2289 2277; x_wconf 66' lang='grc' dir='ltr'><strong>Καὶ</strong></span> <span class='ocrx_word' id='word_1_492' title='bbox 2319 2224 2565 2292; x_wconf 86' lang='grc' dir='ltr'>φύλακας</span> <span class='ocrx_word' id='word_1_493' title='bbox 2594 2227 2687 2279; x_wconf 72' lang='grc' dir='ltr'>καὶ</span> <span class='ocrx_word' id='word_1_494' title='bbox 2709 2229 3033 2298; x_wconf 67' lang='grc' dir='ltr'>φροντιστὰς</span> <span class='ocrx_word' id='word_1_495' title='bbox 3054 2231 3261 2301; x_wconf 76' lang='grc' dir='ltr'>καὶτῆς</span> <span class='ocrx_word' id='word_1_496' title='bbox 3287 2235 3459 2304; x_wconf 81' lang='grc' dir='ltr'>ἀρχῆς</span> <span class='ocrx_word' id='word_1_497' title='bbox 3480 2236 3749 2306; x_wconf 59' lang='grc' dir='ltr'>πατέραςλ</span> 
     </span>
    </p>
   </div>
   <div class='ocr_carea' id='block_1_79' title="bbox 2179 2318 3676 2398">
    <p class='ocr_par' dir='ltr' id='par_1_79' title="bbox 2179 2318 3676 2398">
     <span class='ocr_line' id='line_1_80' title="bbox 2179 2318 3676 2398; baseline 0.008 -29"><span class='ocrx_word' id='word_1_498' title='bbox 2179 2319 2272 2380; x_wconf 66' lang='grc' dir='ltr'><strong>Δὶς</strong></span> <span class='ocrx_word' id='word_1_499' title='bbox 2303 2318 2491 2381; x_wconf 78' lang='grc' dir='ltr'>παῖδες</span> <span class='ocrx_word' id='word_1_500' title='bbox 2540 2320 2649 2388; x_wconf 84' lang='grc' dir='ltr'><strong>γὰρ</strong></span> <span class='ocrx_word' id='word_1_501' title='bbox 2678 2320 2727 2373; x_wconf 89' lang='grc' dir='ltr'><strong>οί</strong></span> <span class='ocrx_word' id='word_1_502' title='bbox 2755 2321 3031 2391; x_wconf 83' lang='grc' dir='ltr'>γέροντες,</span> <span class='ocrx_word' id='word_1_503' title='bbox 3063 2325 3204 2376; x_wconf 84' lang='grc' dir='ltr'><strong>κατά</strong></span> <span class='ocrx_word' id='word_1_504' title='bbox 3231 2324 3329 2394; x_wconf 79' lang='grc' dir='ltr'>τὴν</span> <span class='ocrx_word' id='word_1_505' title='bbox 3357 2327 3676 2398; x_wconf 82' lang='grc' dir='ltr'>παροιμίαν.</span> 
     </span>
    </p>
   </div>
   <div class='ocr_carea' id='block_1_80' title="bbox 2193 2405 3681 2484">
    <p class='ocr_par' dir='ltr' id='par_1_80' title="bbox 2193 2405 3681 2484">
     <span class='ocr_line' id='line_1_81' title="bbox 2193 2405 3681 2484; baseline 0.009 -27"><span class='ocrx_word' id='word_1_506' title='bbox 2193 2405 2469 2459; x_wconf 81' lang='grc' dir='ltr'>Ἐντεῦθεν</span> <span class='ocrx_word' id='word_1_507' title='bbox 2502 2409 2552 2460; x_wconf 90' lang='grc' dir='ltr'><strong>οί</strong></span> <span class='ocrx_word' id='word_1_508' title='bbox 2587 2409 2972 2478; x_wconf 81' lang='grc' dir='ltr'>προσαίνοντες</span> <span class='ocrx_word' id='word_1_509' title='bbox 3003 2413 3095 2467; x_wconf 74' lang='grc' dir='ltr'><strong>καὶ</strong></span> <span class='ocrx_word' id='word_1_510' title='bbox 3128 2415 3444 2484; x_wconf 72' lang='grc' dir='ltr'>προσιόντες</span> <span class='ocrx_word' id='word_1_511' title='bbox 3473 2416 3681 2481; x_wconf 70' lang='grc' dir='ltr'>τούτοις</span> 
     </span>
    </p>
   </div>
   <div class='ocr_carea' id='block_1_81' title="bbox 2181 2497 3585 2583">
    <p class='ocr_par' dir='ltr' id='par_1_81' title="bbox 2181 2497 3585 2583">
     <span class='ocr_line' id='line_1_82' title="bbox 2181 2497 3585 2583; baseline 0.007 -33"><span class='ocrx_word' id='word_1_512' title='bbox 2181 2497 2293 2551; x_wconf 75' lang='lat' dir='ltr'><strong>Kal</strong></span> <span class='ocrx_word' id='word_1_513' title='bbox 2317 2499 2563 2570; x_wconf 83' lang='grc' dir='ltr'>πανταχῆ</span> <span class='ocrx_word' id='word_1_514' title='bbox 2592 2499 2686 2552; x_wconf 84' lang='grc' dir='ltr'><strong>τοῦ</strong></span> <span class='ocrx_word' id='word_1_515' title='bbox 2720 2499 2990 2572; x_wconf 77' lang='grc' dir='ltr'>νεύματος</span> <span class='ocrx_word' id='word_1_516' title='bbox 3019 2504 3198 2557; x_wconf 84' lang='grc' dir='ltr'>αὐτῶν</span> <span class='ocrx_word' id='word_1_517' title='bbox 3229 2506 3585 2583; x_wconf 65' lang='grc' dir='ltr'>ἐξηρτημένοι</span> 
     </span>
    </p>
   </div>
   <div class='ocr_carea' id='block_1_82' title="bbox 2193 2591 3470 2671">
    <p class='ocr_par' dir='ltr' id='par_1_82' title="bbox 2193 2591 3470 2671">
     <span class='ocr_line' id='line_1_83' title="bbox 2193 2591 3470 2671; baseline 0.007 -28"><span class='ocrx_word' id='word_1_518' title='bbox 2193 2591 2451 2659; x_wconf 81' lang='grc' dir='ltr'>Ἦρύοντο</span> <span class='ocrx_word' id='word_1_519' title='bbox 2475 2591 2826 2664; x_wconf 84' lang='grc' dir='ltr'>λιμνάσματα</span> <span class='ocrx_word' id='word_1_520' title='bbox 2853 2595 2964 2648; x_wconf 84' lang='grc' dir='ltr'><strong>τῶν</strong></span> <span class='ocrx_word' id='word_1_521' title='bbox 2994 2597 3470 2671; x_wconf 76' lang='grc' dir='ltr'>εὐεργετημάτων.</span> 
     </span>
    </p>
   </div>
   <div class='ocr_carea' id='block_1_83' title="bbox 2186 2685 3587 2765">
    <p class='ocr_par' dir='ltr' id='par_1_83' title="bbox 2186 2685 3587 2765">
     <span class='ocr_line' id='line_1_84' title="bbox 2186 2685 3587 2765; baseline 0.006 -24"><span class='ocrx_word' id='word_1_522' title='bbox 2186 2685 2493 2758; x_wconf 74' lang='grc' dir='ltr'>’Ἄνθρωποι</span> <span class='ocrx_word' id='word_1_523' title='bbox 2522 2688 2578 2743; x_wconf 84' lang='grc' dir='ltr'>δὲ</span> <span class='ocrx_word' id='word_1_524' title='bbox 2608 2693 2985 2762; x_wconf 72' lang='grc' dir='ltr'>στρατηγικοὶ,</span> <span class='ocrx_word' id='word_1_525' title='bbox 3016 2693 3270 2765; x_wconf 85' lang='grc' dir='ltr'>πολέμων</span> <span class='ocrx_word' id='word_1_526' title='bbox 3298 2692 3356 2749; x_wconf 75' lang='grc' dir='ltr'><strong>εὐ</strong></span> <span class='ocrx_word' id='word_1_527' title='bbox 3388 2697 3587 2761; x_wconf 74' lang='grc' dir='ltr'>εἰδότες</span> 
     </span>
    </p>
   </div>
   <div class='ocr_carea' id='block_1_84' title="bbox 2179 2777 3681 2853">
    <p class='ocr_par' dir='ltr' id='par_1_84' title="bbox 2179 2777 3681 2853">
     <span class='ocr_line' id='line_1_85' title="bbox 2179 2777 3681 2853; baseline 0.009 -24"><span class='ocrx_word' id='word_1_528' title='bbox 2179 2777 2291 2830; x_wconf 78' lang='grc' dir='ltr'>Καὶ</span> <span class='ocrx_word' id='word_1_529' title='bbox 2318 2778 2644 2848; x_wconf 79' lang='grc' dir='ltr'>ριζωμάτων</span> <span class='ocrx_word' id='word_1_530' title='bbox 2668 2779 2907 2835; x_wconf 86' lang='grc' dir='ltr'>εὐκλεῶν</span> <span class='ocrx_word' id='word_1_531' title='bbox 2939 2782 3135 2850; x_wconf 85' lang='grc' dir='ltr'>φύντες</span> <span class='ocrx_word' id='word_1_532' title='bbox 3171 2784 3264 2836; x_wconf 75' lang='grc' dir='ltr'><strong>καὶ</strong></span> <span class='ocrx_word' id='word_1_533' title='bbox 3292 2784 3681 2853; x_wconf 71' lang='grc' dir='ltr'>καλλικλάδων,</span> 
     </span>
    </p>
   </div>
   <div class='ocr_carea' id='block_1_85' title="bbox 2181 2863 3538 2961">
    <p class='ocr_par' dir='ltr' id='par_1_85' title="bbox 2181 2863 3538 2961">
     <span class='ocr_line' id='line_1_86' title="bbox 2181 2863 3538 2961; baseline 0.01 -41"><span class='ocrx_word' id='word_1_534' title='bbox 2181 2863 2277 2931; x_wconf 75' lang='grc' dir='ltr'><strong>Οἷς</strong></span> <span class='ocrx_word' id='word_1_535' title='bbox 2303 2869 2624 2941; x_wconf 83' lang='grc' dir='ltr'>εὐπατρίδαι</span> <span class='ocrx_word' id='word_1_536' title='bbox 2651 2872 2907 2942; x_wconf 80' lang='grc' dir='ltr'>πρόγονοι</span> <span class='ocrx_word' id='word_1_537' title='bbox 2935 2873 3044 2961; x_wconf 50' lang='grc' dir='ltr'>καὶ.</span> <span class='ocrx_word' id='word_1_538' title='bbox 3056 2875 3209 2943; x_wconf 80' lang='grc' dir='ltr'>γένος</span> <span class='ocrx_word' id='word_1_539' title='bbox 3238 2876 3294 2943; x_wconf 80' lang='grc' dir='ltr'><strong>ἐξ</strong></span> <span class='ocrx_word' id='word_1_540' title='bbox 3320 2879 3538 2947; x_wconf 74' lang='grc' dir='ltr'>ἡρώων,</span> 
     </span>
    </p>
   </div>
   <div class='ocr_carea' id='block_1_86' title="bbox 2191 2959 3541 3040">
    <p class='ocr_par' dir='ltr' id='par_1_86' title="bbox 2191 2959 3541 3040">
     <span class='ocr_line' id='line_1_87' title="bbox 2191 2959 3541 3040; baseline 0.012 -28"><span class='ocrx_word' id='word_1_541' title='bbox 2191 2960 2282 3023; x_wconf 84' lang='grc' dir='ltr'>Ὠς</span> <span class='ocrx_word' id='word_1_542' title='bbox 2317 2959 2486 3030; x_wconf 78' lang='grc' dir='ltr'>ἄγγος</span> <span class='ocrx_word' id='word_1_543' title='bbox 2509 2977 2562 3016; x_wconf 83' lang='grc' dir='ltr'><strong>τι</strong></span> <span class='ocrx_word' id='word_1_544' title='bbox 2594 2965 2902 3034; x_wconf 82' lang='grc' dir='ltr'>κεραμεοῦν</span> <span class='ocrx_word' id='word_1_545' title='bbox 2936 2959 3132 3036; x_wconf 83' lang='grc' dir='ltr'>ἄτιμον</span> <span class='ocrx_word' id='word_1_546' title='bbox 3162 2970 3541 3040; x_wconf 73' lang='grc' dir='ltr'>ὲρριπτούντο.</span> 
     </span>
    </p>
   </div>
   <div class='ocr_carea' id='block_1_87' title="bbox 3423 3100 3756 3161">
    <p class='ocr_par' dir='ltr' id='par_1_87' title="bbox 3423 3100 3756 3161">
     <span class='ocr_line' id='line_1_88' title="bbox 3423 3100 3756 3161; baseline 0.003 -3"><span class='ocrx_word' id='word_1_547' title='bbox 3423 3100 3580 3161; x_wconf 85' lang='lat' dir='ltr'><strong>Vcrs.</strong></span> <span class='ocrx_word' id='word_1_548' title='bbox 3617 3105 3756 3161; x_wconf 78' lang='grc'><strong>6557</strong></span> 
     </span>
    </p>
   </div>
   <div class='ocr_carea' id='block_1_88' title="bbox 2185 3195 3761 3280">
    <p class='ocr_par' dir='ltr' id='par_1_88' title="bbox 2185 3195 3761 3280">
     <span class='ocr_line' id='line_1_89' title="bbox 2185 3195 3761 3280; baseline 0.01 -30"><span class='ocrx_word' id='word_1_549' title='bbox 2185 3195 2478 3267; x_wconf 83' lang='lat' dir='ltr'><strong>quemdam</strong></span> <span class='ocrx_word' id='word_1_550' title='bbox 2511 3204 2671 3253; x_wconf 70' lang='lat' dir='ltr'><strong>aetate</strong></span> <span class='ocrx_word' id='word_1_551' title='bbox 2701 3211 2958 3269; x_wconf 80' lang='lat' dir='ltr'><strong>provecta</strong></span> <span class='ocrx_word' id='word_1_552' title='bbox 2991 3217 3288 3275; x_wconf 85' lang='lat' dir='ltr'><strong>senemque</strong></span> <span class='ocrx_word' id='word_1_553' title='bbox 3336 3221 3562 3276; x_wconf 91' lang='lat' dir='ltr'><strong>prorsus</strong></span> <span class='ocrx_word' id='word_1_554' title='bbox 3589 3225 3761 3280; x_wconf 66' lang='lat' dir='ltr'><strong>capu~</strong></span> 
     </span>
    </p>
   </div>
   <div class='ocr_carea' id='block_1_89' title="bbox 2186 3285 3760 3352">
    <p class='ocr_par' dir='ltr' id='par_1_89' title="bbox 2186 3285 3760 3352">
     <span class='ocr_line' id='line_1_90' title="bbox 2186 3285 3760 3352; baseline 0.008 -13"><span class='ocrx_word' id='word_1_555' title='bbox 2186 3285 2357 3342; x_wconf 83' lang='lat' dir='ltr'><strong>larem</strong></span> <span class='ocrx_word' id='word_1_556' title='bbox 2417 3287 2473 3342; x_wconf 86' lang='lat' dir='ltr'><strong>in</strong></span> <span class='ocrx_word' id='word_1_557' title='bbox 2521 3289 2702 3344; x_wconf 86' lang='lat' dir='ltr'><strong>locum</strong></span> <span class='ocrx_word' id='word_1_558' title='bbox 2733 3306 2893 3346; x_wconf 89' lang='lat' dir='ltr'><strong>suum</strong></span> <span class='ocrx_word' id='word_1_559' title='bbox 2941 3291 3251 3347; x_wconf 84' lang='lat' dir='ltr'><strong>substituit.</strong></span> <span class='ocrx_word' id='word_1_560' title='bbox 3290 3294 3354 3349; x_wconf 87' lang='lat' dir='ltr'><strong>Ei</strong></span> <span class='ocrx_word' id='word_1_561' title='bbox 3385 3311 3582 3351; x_wconf 87' lang='lat' dir='ltr'><strong>nomen</strong></span> <span class='ocrx_word' id='word_1_562' title='bbox 3643 3308 3760 3352; x_wconf 87' lang='lat' dir='ltr'><strong>erat</strong></span> 
     </span>
    </p>
   </div>
   <div class='ocr_carea' id='block_1_90' title="bbox 2187 3376 3758 3453">
    <p class='ocr_par' dir='ltr' id='par_1_90' title="bbox 2187 3376 3758 3453">
     <span class='ocr_line' id='line_1_91' title="bbox 2187 3376 3758 3453; baseline 0.006 -22"><span class='ocrx_word' id='word_1_563' title='bbox 2187 3376 2471 3445; x_wconf 73' lang='lat' dir='ltr'><strong>Michaelo,</strong></span> <span class='ocrx_word' id='word_1_564' title='bbox 2510 3385 2736 3450; x_wconf 84' lang='lat' dir='ltr'><strong>prorsus</strong></span> <span class='ocrx_word' id='word_1_565' title='bbox 2786 3381 3099 3453; x_wconf 89' lang='lat' dir='ltr'><strong>decrepito,</strong></span> <span class='ocrx_word' id='word_1_566' title='bbox 3133 3400 3256 3440; x_wconf 92' lang='lat' dir='ltr'><strong>cum</strong></span> <span class='ocrx_word' id='word_1_567' title='bbox 3298 3386 3611 3442; x_wconf 87' lang='lat' dir='ltr'><strong>cornicibus</strong></span> <span class='ocrx_word' id='word_1_568' title='bbox 3657 3376 3758 3441; x_wconf 85' lang='lat' dir='ltr'><strong>an-</strong></span> 
     </span>
    </p>
   </div>
   <div class='ocr_carea' id='block_1_91' title="bbox 2190 3473 3757 3547">
    <p class='ocr_par' dir='ltr' id='par_1_91' title="bbox 2190 3473 3757 3547">
     <span class='ocr_line' id='line_1_92' title="bbox 2190 3473 3757 3547; baseline 0.007 -23"><span class='ocrx_word' id='word_1_569' title='bbox 2190 3474 2423 3527; x_wconf 87' lang='lat' dir='ltr'><strong>nosltate</strong></span> <span class='ocrx_word' id='word_1_570' title='bbox 2476 3473 2708 3528; x_wconf 87' lang='lat' dir='ltr'><strong>certanti</strong></span> <span class='ocrx_word' id='word_1_571' title='bbox 2740 3515 2754 3540; x_wconf 93' lang='lat'><strong>,</strong></span> <span class='ocrx_word' id='word_1_572' title='bbox 2808 3485 3214 3547; x_wconf 90' lang='lat' dir='ltr'><strong>consecutoque</strong></span> <span class='ocrx_word' id='word_1_573' title='bbox 3267 3478 3401 3533; x_wconf 90' lang='lat' dir='ltr'><strong>rude</strong></span> <span class='ocrx_word' id='word_1_574' title='bbox 3447 3478 3757 3535; x_wconf 86' lang='lat' dir='ltr'><strong>donandam</strong></span> 
     </span>
    </p>
   </div>
   <div class='ocr_carea' id='block_1_92' title="bbox 2187 3567 3843 3641">
    <p class='ocr_par' dir='ltr' id='par_1_92' title="bbox 2187 3567 3843 3641">
     <span class='ocr_line' id='line_1_93' title="bbox 2187 3567 3843 3641; baseline 0.004 -20"><span class='ocrx_word' id='word_1_575' title='bbox 2187 3575 2402 3621; x_wconf 72' lang='lat' dir='ltr'><strong>aetatem</strong></span> <span class='ocrx_word' id='word_1_576' title='bbox 2424 3605 2437 3629; x_wconf 89' lang='lat'><strong>,</strong></span> <span class='ocrx_word' id='word_1_577' title='bbox 2475 3567 2568 3635; x_wconf 89' lang='lat' dir='ltr'><strong>qui</strong></span> <span class='ocrx_word' id='word_1_578' title='bbox 2603 3576 2783 3622; x_wconf 79' lang='lat' dir='ltr'><strong>tamen</strong></span> <span class='ocrx_word' id='word_1_579' title='bbox 2815 3568 3017 3639; x_wconf 90' lang='lat' dir='ltr'><strong>alioqui</strong></span> <span class='ocrx_word' id='word_1_580' title='bbox 3063 3571 3245 3641; x_wconf 81' lang='lat' dir='ltr'><strong>gravis</strong></span> <span class='ocrx_word' id='word_1_581' title='bbox 3279 3581 3334 3626; x_wconf 92' lang='lat' dir='ltr'><strong>et</strong></span> <span class='ocrx_word' id='word_1_582' title='bbox 3368 3570 3608 3641; x_wconf 82' lang='lat' dir='ltr'><strong>optimus</strong></span> <span class='ocrx_word' id='word_1_583' title='bbox 3637 3586 3759 3628; x_wconf 87' lang='lat' dir='ltr'><strong>esse</strong></span> <span class='ocrx_word' id='word_1_584' title='bbox 3839 3597 3843 3602; x_wconf 85' lang='grc'><strong>·</strong></span> 
     </span>
    </p>
   </div>
   <div class='ocr_carea' id='block_1_93' title="bbox 2188 3655 3763 3733">
    <p class='ocr_par' dir='ltr' id='par_1_93' title="bbox 2188 3655 3763 3733">
     <span class='ocr_line' id='line_1_94' title="bbox 2188 3655 3763 3733; baseline 0.004 -22"><span class='ocrx_word' id='word_1_585' title='bbox 2188 3657 2487 3712; x_wconf 84' lang='lat' dir='ltr'><strong>videretur.</strong></span> <span class='ocrx_word' id='word_1_586' title='bbox 2521 3655 2626 3712; x_wconf 83' lang='lat' dir='ltr'><strong>Sed</strong></span> <span class='ocrx_word' id='word_1_587' title='bbox 2652 3658 2801 3712; x_wconf 90' lang='lat' dir='ltr'><strong>enim</strong></span> <span class='ocrx_word' id='word_1_588' title='bbox 2841 3659 3026 3714; x_wconf 89' lang='lat' dir='ltr'><strong>cordis</strong></span> <span class='ocrx_word' id='word_1_589' title='bbox 3054 3660 3138 3715; x_wconf 91' lang='lat' dir='ltr'><strong>sui</strong></span> <span class='ocrx_word' id='word_1_590' title='bbox 3169 3660 3324 3730; x_wconf 87' lang='lat' dir='ltr'><strong>quasi</strong></span> <span class='ocrx_word' id='word_1_591' title='bbox 3358 3662 3601 3733; x_wconf 89' lang='lat' dir='ltr'><strong>germina</strong></span> <span class='ocrx_word' id='word_1_592' title='bbox 3632 3678 3763 3732; x_wconf 85' lang='lat' dir='ltr'><strong>pro-</strong></span> 
     </span>
    </p>
   </div>
   <div class='ocr_carea' id='block_1_94' title="bbox 2190 3747 3764 3821">
    <p class='ocr_par' dir='ltr' id='par_1_94' title="bbox 2190 3747 3764 3821">
     <span class='ocr_line' id='line_1_95' title="bbox 2190 3747 3764 3821; baseline 0.004 -19"><span class='ocrx_word' id='word_1_593' title='bbox 2190 3747 2394 3803; x_wconf 87' lang='lat' dir='ltr'><strong>ducere</strong></span> <span class='ocrx_word' id='word_1_594' title='bbox 2423 3748 2473 3801; x_wconf 90' lang='lat' dir='ltr'><strong>in</strong></span> <span class='ocrx_word' id='word_1_595' title='bbox 2496 3748 2697 3816; x_wconf 88' lang='lat' dir='ltr'><strong>lucem,</strong></span> <span class='ocrx_word' id='word_1_596' title='bbox 2718 3749 2922 3821; x_wconf 88' lang='lat' dir='ltr'><strong>spicam</strong></span> <span class='ocrx_word' id='word_1_597' title='bbox 2958 3751 3009 3805; x_wconf 89' lang='lat' dir='ltr'><strong>in</strong></span> <span class='ocrx_word' id='word_1_598' title='bbox 3048 3752 3159 3807; x_wconf 92' lang='lat' dir='ltr'><strong>imo</strong></span> <span class='ocrx_word' id='word_1_599' title='bbox 3182 3752 3442 3808; x_wconf 87' lang='lat' dir='ltr'><strong>latentem</strong></span> <span class='ocrx_word' id='word_1_600' title='bbox 3474 3753 3764 3809; x_wconf 83' lang='lat' dir='ltr'><strong>extrudere</strong></span> 
     </span>
    </p>
   </div>
   <div class='ocr_carea' id='block_1_95' title="bbox 2191 3840 3760 3913">
    <p class='ocr_par' dir='ltr' id='par_1_95' title="bbox 2191 3840 3760 3913">
     <span class='ocr_line' id='line_1_96' title="bbox 2191 3840 3760 3913; baseline 0.004 -21"><span class='ocrx_word' id='word_1_601' title='bbox 2191 3854 2301 3893; x_wconf 89' lang='lat' dir='ltr'><strong>non</strong></span> <span class='ocrx_word' id='word_1_602' title='bbox 2345 3847 2557 3909; x_wconf 80' lang='lat' dir='ltr'><strong>poterat</strong></span> <span class='ocrx_word' id='word_1_603' title='bbox 2588 3855 2602 3890; x_wconf 93' lang='lat'><strong>:</strong></span> <span class='ocrx_word' id='word_1_604' title='bbox 2633 3840 2835 3911; x_wconf 89' lang='lat' dir='ltr'><strong>quippe</strong></span> <span class='ocrx_word' id='word_1_605' title='bbox 2866 3840 3054 3895; x_wconf 83' lang='lat' dir='ltr'><strong>famuli</strong></span> <span class='ocrx_word' id='word_1_606' title='bbox 3088 3841 3393 3898; x_wconf 67' lang='lat' dir='ltr'><strong>Theodoras</strong></span> <span class='ocrx_word' id='word_1_607' title='bbox 3432 3852 3760 3913; x_wconf 87' lang='lat' dir='ltr'><strong>potestatem</strong></span> 
     </span>
    </p>
   </div>
   <div class='ocr_carea' id='block_1_96' title="bbox 2194 3933 3761 4003">
    <p class='ocr_par' dir='ltr' id='par_1_96' title="bbox 2194 3933 3761 4003">
     <span class='ocr_line' id='line_1_97' title="bbox 2194 3933 3761 4003; baseline 0.001 -17"><span class='ocrx_word' id='word_1_608' title='bbox 2194 3933 2508 3987; x_wconf 81' lang='lat' dir='ltr'><strong>universam</strong></span> <span class='ocrx_word' id='word_1_609' title='bbox 2541 3933 2923 4002; x_wconf 89' lang='lat' dir='ltr'><strong>usurpabant,</strong></span> <span class='ocrx_word' id='word_1_610' title='bbox 2956 3941 3270 4003; x_wconf 87' lang='lat' dir='ltr'><strong>contempto</strong></span> <span class='ocrx_word' id='word_1_611' title='bbox 3300 3933 3565 3989; x_wconf 69' lang='lat' dir='ltr'><strong>llichaelo</strong></span> <span class='ocrx_word' id='word_1_612' title='bbox 3594 3935 3761 3990; x_wconf 81' lang='lat' dir='ltr'><strong>veluti</strong></span> 
     </span>
    </p>
   </div>
   <div class='ocr_carea' id='block_1_97' title="bbox 2192 4023 3762 4094">
    <p class='ocr_par' dir='ltr' id='par_1_97' title="bbox 2192 4023 3762 4094">
     <span class='ocr_line' id='line_1_98' title="bbox 2192 4023 3762 4094; baseline -0.001 -15"><span class='ocrx_word' id='word_1_613' title='bbox 2192 4023 2338 4079; x_wconf 91' lang='lat' dir='ltr'><strong>succi</strong></span> <span class='ocrx_word' id='word_1_614' title='bbox 2366 4032 2589 4094; x_wconf 89' lang='lat' dir='ltr'><strong>experte</strong></span> <span class='ocrx_word' id='word_1_615' title='bbox 2618 4023 2780 4093; x_wconf 76' lang='lat'><strong>129</strong></span> <span class='ocrx_word' id='word_1_616' title='bbox 2806 4023 3071 4091; x_wconf 88' lang='lat' dir='ltr'><strong>brassica,</strong></span> <span class='ocrx_word' id='word_1_617' title='bbox 3110 4023 3253 4077; x_wconf 77' lang='lat' dir='ltr'><strong>foliis</strong></span> <span class='ocrx_word' id='word_1_618' title='bbox 3276 4024 3499 4090; x_wconf 88' lang='lat' dir='ltr'><strong>nudata,</strong></span> <span class='ocrx_word' id='word_1_619' title='bbox 3525 4024 3633 4094; x_wconf 87' lang='lat' dir='ltr'><strong>jam</strong></span> <span class='ocrx_word' id='word_1_620' title='bbox 3661 4040 3762 4094; x_wconf 87' lang='lat' dir='ltr'><strong>pu-</strong></span> 
     </span>
    </p>
   </div>
   <div class='ocr_carea' id='block_1_98' title="bbox 2195 4114 3764 4171">
    <p class='ocr_par' dir='ltr' id='par_1_98' title="bbox 2195 4114 3764 4171">
     <span class='ocr_line' id='line_1_99' title="bbox 2195 4114 3764 4171; baseline 0.001 -3"><span class='ocrx_word' id='word_1_621' title='bbox 2195 4124 2495 4171; x_wconf 89' lang='lat' dir='ltr'><strong>trescente.</strong></span> <span class='ocrx_word' id='word_1_622' title='bbox 2557 4114 2829 4170; x_wconf 75' lang='lat' dir='ltr'><strong>Przeterea</strong></span> <span class='ocrx_word' id='word_1_623' title='bbox 2889 4114 3233 4170; x_wconf 88' lang='lat' dir='ltr'><strong>terribilibus</strong></span> <span class='ocrx_word' id='word_1_624' title='bbox 3301 4116 3660 4170; x_wconf 87' lang='lat' dir='ltr'><strong>sacramentis</strong></span> <span class='ocrx_word' id='word_1_625' title='bbox 3707 4131 3764 4169; x_wconf 90' lang='lat' dir='ltr'><strong>se</strong></span> 
     </span>
    </p>
   </div>
   <div class='ocr_carea' id='block_1_99' title="bbox 2192 4204 3765 4278">
    <p class='ocr_par' dir='ltr' id='par_1_99' title="bbox 2192 4204 3765 4278">
     <span class='ocr_line' id='line_1_100' title="bbox 2192 4204 3765 4278; baseline 0.002 -20"><span class='ocrx_word' id='word_1_626' title='bbox 2192 4205 2548 4277; x_wconf 83' lang='lat' dir='ltr'><strong>obligaverat,</strong></span> <span class='ocrx_word' id='word_1_627' title='bbox 2588 4204 2867 4276; x_wconf 86' lang='lat' dir='ltr'><strong>pollicitus</strong></span> <span class='ocrx_word' id='word_1_628' title='bbox 2905 4221 2963 4262; x_wconf 90' lang='lat' dir='ltr'><strong>se</strong></span> <span class='ocrx_word' id='word_1_629' title='bbox 3002 4221 3289 4262; x_wconf 89' lang='lat' dir='ltr'><strong>cessurum</strong></span> <span class='ocrx_word' id='word_1_630' title='bbox 3326 4207 3460 4278; x_wconf 87' lang='lat' dir='ltr'><strong>ipsis</strong></span> <span class='ocrx_word' id='word_1_631' title='bbox 3482 4207 3765 4277; x_wconf 85' lang='lat' dir='ltr'><strong>quibusvis</strong></span> 
     </span>
    </p>
   </div>
   <div class='ocr_carea' id='block_1_100' title="bbox 2193 4296 3763 4367">
    <p class='ocr_par' dir='ltr' id='par_1_100' title="bbox 2193 4296 3763 4367">
     <span class='ocr_line' id='line_1_101' title="bbox 2193 4296 3763 4367; baseline -0.001 -15"><span class='ocrx_word' id='word_1_632' title='bbox 2193 4297 2248 4352; x_wconf 89' lang='lat' dir='ltr'><strong>in</strong></span> <span class='ocrx_word' id='word_1_633' title='bbox 2279 4298 2467 4352; x_wconf 90' lang='lat' dir='ltr'><strong>rebus.</strong></span> <span class='ocrx_word' id='word_1_634' title='bbox 2493 4296 2837 4367; x_wconf 86' lang='lat' dir='ltr'><strong>Quapropter</strong></span> <span class='ocrx_word' id='word_1_635' title='bbox 2861 4299 3057 4353; x_wconf 90' lang='lat' dir='ltr'><strong>umbra</strong></span> <span class='ocrx_word' id='word_1_636' title='bbox 3096 4309 3254 4353; x_wconf 86' lang='lat' dir='ltr'><strong>tenus</strong></span> <span class='ocrx_word' id='word_1_637' title='bbox 3280 4307 3338 4353; x_wconf 91' lang='lat' dir='ltr'><strong>et</strong></span> <span class='ocrx_word' id='word_1_638' title='bbox 3363 4298 3528 4353; x_wconf 77' lang='lat' dir='ltr'><strong>verba</strong></span> <span class='ocrx_word' id='word_1_639' title='bbox 3555 4307 3763 4357; x_wconf 88' lang='lat' dir='ltr'><strong>tantum</strong></span> 
     </span>
    </p>
   </div>
   <div class='ocr_carea' id='block_1_101' title="bbox 2192 4388 3763 4461">
    <p class='ocr_par' dir='ltr' id='par_1_101' title="bbox 2192 4388 3763 4461">
     <span class='ocr_line' id='line_1_102' title="bbox 2192 4388 3763 4461; baseline 0 -19"><span class='ocrx_word' id='word_1_640' title='bbox 2192 4388 2496 4459; x_wconf 89' lang='lat' dir='ltr'><strong>imperator</strong></span> <span class='ocrx_word' id='word_1_641' title='bbox 2527 4399 2644 4443; x_wconf 88' lang='lat' dir='ltr'><strong>erat</strong></span> <span class='ocrx_word' id='word_1_642' title='bbox 2684 4407 2697 4444; x_wconf 90' lang='lat'>:</span> <span class='ocrx_word' id='word_1_643' title='bbox 2729 4398 2924 4444; x_wconf 65' lang='lat' dir='ltr'><strong>uetera</strong></span> <span class='ocrx_word' id='word_1_644' title='bbox 2954 4405 3054 4461; x_wconf 91' lang='lat' dir='ltr'><strong>per</strong></span> <span class='ocrx_word' id='word_1_645' title='bbox 3092 4405 3188 4445; x_wconf 90' lang='lat' dir='ltr'><strong>eos</strong></span> <span class='ocrx_word' id='word_1_646' title='bbox 3237 4389 3763 4444; x_wconf 86' lang='lat' dir='ltr'><strong>administrabantur</strong></span> 
     </span>
    </p>
   </div>
   <div class='ocr_carea' id='block_1_102' title="bbox 2194 4479 3764 4550">
    <p class='ocr_par' dir='ltr' id='par_1_102' title="bbox 2194 4479 3764 4550">
     <span class='ocr_line' id='line_1_103' title="bbox 2194 4479 3764 4550; baseline 0.001 -17"><span class='ocrx_word' id='word_1_647' title='bbox 2194 4495 2333 4550; x_wconf 90' lang='lat' dir='ltr'><strong>quos</strong></span> <span class='ocrx_word' id='word_1_648' title='bbox 2369 4479 2606 4535; x_wconf 87' lang='lat' dir='ltr'><strong>diximus</strong></span> <span class='ocrx_word' id='word_1_649' title='bbox 2646 4479 2991 4535; x_wconf 88' lang='lat' dir='ltr'><strong>Theodoram</strong></span> <span class='ocrx_word' id='word_1_650' title='bbox 3026 4481 3293 4537; x_wconf 86' lang='lat' dir='ltr'><strong>Michaelo</strong></span> <span class='ocrx_word' id='word_1_651' title='bbox 3328 4481 3610 4550; x_wconf 87' lang='lat' dir='ltr'><strong>reliquisse</strong></span> <span class='ocrx_word' id='word_1_652' title='bbox 3646 4492 3764 4535; x_wconf 91' lang='lat' dir='ltr'><strong>tan-</strong></span> 
     </span>
    </p>
   </div>
   <div class='ocr_carea' id='block_1_103' title="bbox 2195 4571 3763 4643">
    <p class='ocr_par' dir='ltr' id='par_1_103' title="bbox 2195 4571 3763 4643">
     <span class='ocr_line' id='line_1_104' title="bbox 2195 4571 3763 4643; baseline 0 -18"><span class='ocrx_word' id='word_1_653' title='bbox 2195 4588 2356 4642; x_wconf 89' lang='lat' dir='ltr'><strong>quam</strong></span> <span class='ocrx_word' id='word_1_654' title='bbox 2391 4571 2547 4642; x_wconf 91' lang='lat' dir='ltr'><strong>pucri</strong></span> <span class='ocrx_word' id='word_1_655' title='bbox 2577 4582 2882 4636; x_wconf 86' lang='lat' dir='ltr'><strong>curatores,</strong></span> <span class='ocrx_word' id='word_1_656' title='bbox 2914 4573 3205 4638; x_wconf 87' lang='lat' dir='ltr'><strong>custodes,</strong></span> <span class='ocrx_word' id='word_1_657' title='bbox 3239 4581 3442 4643; x_wconf 89' lang='lat' dir='ltr'><strong>patres.</strong></span> <span class='ocrx_word' id='word_1_658' title='bbox 3483 4571 3574 4626; x_wconf 85' lang='lat' dir='ltr'><strong>Bis</strong></span> <span class='ocrx_word' id='word_1_659' title='bbox 3617 4571 3763 4626; x_wconf 90' lang='lat' dir='ltr'><strong>enim</strong></span> 
     </span>
    </p>
   </div>
   <div class='ocr_carea' id='block_1_104' title="bbox 2196 4663 3765 4734">
    <p class='ocr_par' dir='ltr' id='par_1_104' title="bbox 2196 4663 3765 4734">
     <span class='ocr_line' id='line_1_105' title="bbox 2196 4663 3765 4734; baseline 0.001 -18"><span class='ocrx_word' id='word_1_660' title='bbox 2196 4664 2352 4734; x_wconf 83' lang='lat' dir='ltr'><strong>pueri</strong></span> <span class='ocrx_word' id='word_1_661' title='bbox 2384 4679 2564 4729; x_wconf 90' lang='lat' dir='ltr'><strong>senes,</strong></span> <span class='ocrx_word' id='word_1_662' title='bbox 2595 4673 2655 4717; x_wconf 92' lang='lat' dir='ltr'><strong>ut</strong></span> <span class='ocrx_word' id='word_1_663' title='bbox 2679 4673 2766 4718; x_wconf 90' lang='lat' dir='ltr'><strong>est</strong></span> <span class='ocrx_word' id='word_1_664' title='bbox 2799 4663 2850 4717; x_wconf 90' lang='lat' dir='ltr'><strong>in</strong></span> <span class='ocrx_word' id='word_1_665' title='bbox 2882 4663 3201 4733; x_wconf 86' lang='lat' dir='ltr'><strong>proverbio.</strong></span> <span class='ocrx_word' id='word_1_666' title='bbox 3234 4663 3371 4718; x_wconf 85' lang='lat' dir='ltr'><strong>llinc</strong></span> <span class='ocrx_word' id='word_1_667' title='bbox 3386 4679 3487 4718; x_wconf 92' lang='lat' dir='ltr'><strong>usu</strong></span> <span class='ocrx_word' id='word_1_668' title='bbox 3515 4663 3765 4718; x_wconf 86' lang='lat' dir='ltr'><strong>veniebat</strong></span> 
     </span>
    </p>
   </div>
   <div class='ocr_carea' id='block_1_105' title="bbox 2197 4752 3765 4825">
    <p class='ocr_par' dir='ltr' id='par_1_105' title="bbox 2197 4752 3765 4825">
     <span class='ocr_line' id='line_1_106' title="bbox 2197 4752 3765 4825; baseline -0.001 -17"><span class='ocrx_word' id='word_1_669' title='bbox 2197 4764 2258 4808; x_wconf 91' lang='lat' dir='ltr'><strong>ut</strong></span> <span class='ocrx_word' id='word_1_670' title='bbox 2287 4755 2599 4825; x_wconf 85' lang='lat' dir='ltr'><strong>quicunque</strong></span> <span class='ocrx_word' id='word_1_671' title='bbox 2627 4754 2818 4824; x_wconf 89' lang='lat' dir='ltr'><strong>palpos</strong></span> <span class='ocrx_word' id='word_1_672' title='bbox 2864 4754 2985 4809; x_wconf 86' lang='lat' dir='ltr'><strong>istis</strong></span> <span class='ocrx_word' id='word_1_673' title='bbox 3019 4752 3408 4818; x_wconf 89' lang='lat' dir='ltr'><strong>obtrudebant,</strong></span> <span class='ocrx_word' id='word_1_674' title='bbox 3452 4753 3765 4823; x_wconf 82' lang='lat' dir='ltr'><strong>frequenter</strong></span> 
     </span>
    </p>
   </div>
   <div class='ocr_carea' id='block_1_106' title="bbox 2197 4845 3762 4915">
    <p class='ocr_par' dir='ltr' id='par_1_106' title="bbox 2197 4845 3762 4915">
     <span class='ocr_line' id='line_1_107' title="bbox 2197 4845 3762 4915; baseline -0.002 -12"><span class='ocrx_word' id='word_1_675' title='bbox 2197 4847 2442 4913; x_wconf 84' lang='lat' dir='ltr'><strong>adibant,</strong></span> <span class='ocrx_word' id='word_1_676' title='bbox 2478 4848 2532 4901; x_wconf 85' lang='lat' dir='ltr'><strong>in</strong></span> <span class='ocrx_word' id='word_1_677' title='bbox 2563 4845 2818 4901; x_wconf 90' lang='lat' dir='ltr'><strong>omnibus</strong></span> <span class='ocrx_word' id='word_1_678' title='bbox 2853 4862 3047 4901; x_wconf 88' lang='lat' dir='ltr'><strong>eorum</strong></span> <span class='ocrx_word' id='word_1_679' title='bbox 3082 4845 3238 4901; x_wconf 90' lang='lat' dir='ltr'><strong>nutui</strong></span> <span class='ocrx_word' id='word_1_680' title='bbox 3284 4845 3573 4915; x_wconf 89' lang='lat' dir='ltr'><strong>parebant,</strong></span> <span class='ocrx_word' id='word_1_681' title='bbox 3606 4846 3762 4900; x_wconf 88' lang='lat' dir='ltr'><strong>benc-</strong></span> 
     </span>
    </p>
   </div>
   <div class='ocr_carea' id='block_1_107' title="bbox 2199 4937 3767 5009">
    <p class='ocr_par' dir='ltr' id='par_1_107' title="bbox 2199 4937 3767 5009">
     <span class='ocr_line' id='line_1_108' title="bbox 2199 4937 3767 5009; baseline -0.003 -16"><span class='ocrx_word' id='word_1_682' title='bbox 2199 4938 2337 4994; x_wconf 84' lang='lat' dir='ltr'><strong>ﬁciis</strong></span> <span class='ocrx_word' id='word_1_683' title='bbox 2376 4939 2774 5009; x_wconf 83' lang='lat' dir='ltr'><strong>multiplicibus</strong></span> <span class='ocrx_word' id='word_1_684' title='bbox 2803 4938 3172 4993; x_wconf 82' lang='lat' dir='ltr'><strong>nﬂiccrcntnr.</strong></span> <span class='ocrx_word' id='word_1_685' title='bbox 3200 4937 3242 4991; x_wconf 87' lang='grc' dir='ltr'>Ε</span> <span class='ocrx_word' id='word_1_686' title='bbox 3269 4937 3488 4991; x_wconf 84' lang='lat' dir='ltr'><strong>diverSo</strong></span> <span class='ocrx_word' id='word_1_687' title='bbox 3516 4937 3615 4991; x_wconf 82' lang='lat' dir='ltr'><strong>viri</strong></span> <span class='ocrx_word' id='word_1_688' title='bbox 3673 4938 3767 4991; x_wconf 68' lang='lat' dir='ltr'><strong>miv</strong></span> 
     </span>
    </p>
   </div>
   <div class='ocr_carea' id='block_1_108' title="bbox 2197 5028 3770 5100">
    <p class='ocr_par' dir='ltr' id='par_1_108' title="bbox 2197 5028 3770 5100">
     <span class='ocr_line' id='line_1_109' title="bbox 2197 5028 3770 5100; baseline -0.001 -16"><span class='ocrx_word' id='word_1_689' title='bbox 2197 5030 2410 5096; x_wconf 85' lang='lat' dir='ltr'><strong>litares,</strong></span> <span class='ocrx_word' id='word_1_690' title='bbox 2445 5048 2630 5085; x_wconf 90' lang='lat' dir='ltr'><strong>rerum</strong></span> <span class='ocrx_word' id='word_1_691' title='bbox 2656 5031 2974 5086; x_wconf 89' lang='lat' dir='ltr'><strong>bellicarum</strong></span> <span class='ocrx_word' id='word_1_692' title='bbox 2997 5028 3182 5100; x_wconf 88' lang='lat' dir='ltr'><strong>periti,</strong></span> <span class='ocrx_word' id='word_1_693' title='bbox 3208 5030 3430 5085; x_wconf 76' lang='lat' dir='ltr'><strong>familiis</strong></span> <span class='ocrx_word' id='word_1_694' title='bbox 3463 5030 3770 5084; x_wconf 86' lang='lat' dir='ltr'><strong>illustribus</strong></span> 
     </span>
    </p>
   </div>
   <div class='ocr_carea' id='block_1_109' title="bbox 2200 5121 3765 5193">
    <p class='ocr_par' dir='ltr' id='par_1_109' title="bbox 2200 5121 3765 5193">
     <span class='ocr_line' id='line_1_110' title="bbox 2200 5121 3765 5193; baseline -0.001 -18"><span class='ocrx_word' id='word_1_695' title='bbox 2200 5124 2484 5193; x_wconf 85' lang='lat' dir='ltr'><strong>prognati.</strong></span> <span class='ocrx_word' id='word_1_696' title='bbox 2539 5123 2820 5178; x_wconf 87' lang='lat' dir='ltr'><strong>nobilibus</strong></span> <span class='ocrx_word' id='word_1_697' title='bbox 2873 5132 2930 5176; x_wconf 91' lang='lat' dir='ltr'><strong>ct</strong></span> <span class='ocrx_word' id='word_1_698' title='bbox 2970 5122 3213 5177; x_wconf 89' lang='lat' dir='ltr'><strong>heroicis</strong></span> <span class='ocrx_word' id='word_1_699' title='bbox 3258 5121 3362 5176; x_wconf 91' lang='lat' dir='ltr'><strong>orti</strong></span> <span class='ocrx_word' id='word_1_700' title='bbox 3410 5121 3765 5192; x_wconf 87' lang='lat' dir='ltr'><strong>parentibus,</strong></span> 
     </span>
    </p>
   </div>
   <div class='ocr_carea' id='block_1_110' title="bbox 2200 5212 3765 5284">
    <p class='ocr_par' dir='ltr' id='par_1_110' title="bbox 2200 5212 3765 5284">
     <span class='ocr_line' id='line_1_111' title="bbox 2200 5212 3765 5284; baseline -0.001 -17"><span class='ocrx_word' id='word_1_701' title='bbox 2200 5224 2457 5283; x_wconf 84' lang='lat' dir='ltr'><strong>tanquam</strong></span> <span class='ocrx_word' id='word_1_702' title='bbox 2503 5231 2596 5270; x_wconf 83' lang='lat' dir='ltr'><strong>vas</strong></span> <span class='ocrx_word' id='word_1_703' title='bbox 2644 5215 2863 5284; x_wconf 77' lang='lat' dir='ltr'><strong>aliquod</strong></span> <span class='ocrx_word' id='word_1_704' title='bbox 2900 5214 3063 5269; x_wconf 73' lang='lat' dir='ltr'><strong>fictile</strong></span> <span class='ocrx_word' id='word_1_705' title='bbox 3108 5213 3316 5268; x_wconf 87' lang='lat' dir='ltr'><strong>nullius</strong></span> <span class='ocrx_word' id='word_1_706' title='bbox 3356 5214 3517 5283; x_wconf 80' lang='lat' dir='ltr'><strong>pretii</strong></span> <span class='ocrx_word' id='word_1_707' title='bbox 3552 5212 3765 5283; x_wconf 88' lang='lat' dir='ltr'><strong>rejicie-</strong></span> 
     </span>
    </p>
   </div>
   <div class='ocr_carea' id='block_1_111' title="bbox 2200 5302 3769 5376">
    <p class='ocr_par' dir='ltr' id='par_1_111' title="bbox 2200 5302 3769 5376">
     <span class='ocr_line' id='line_1_112' title="bbox 2200 5302 3769 5376; baseline -0.004 -16"><span class='ocrx_word' id='word_1_708' title='bbox 2200 5306 2421 5361; x_wconf 88' lang='lat' dir='ltr'><strong>bantur.</strong></span> <span class='ocrx_word' id='word_1_709' title='bbox 2456 5305 2590 5376; x_wconf 84' lang='lat' dir='ltr'><strong>Ejus</strong></span> <span class='ocrx_word' id='word_1_710' title='bbox 2622 5306 2700 5359; x_wconf 91' lang='lat' dir='ltr'><strong>rei</strong></span> <span class='ocrx_word' id='word_1_711' title='bbox 2736 5313 2947 5359; x_wconf 89' lang='lat' dir='ltr'><strong>certum</strong></span> <span class='ocrx_word' id='word_1_712' title='bbox 2979 5303 3185 5374; x_wconf 72' lang='lat' dir='ltr'><strong>praebet</strong></span> <span class='ocrx_word' id='word_1_713' title='bbox 3213 5312 3594 5374; x_wconf 81' lang='lat' dir='ltr'><strong>argumentum</strong></span> <span class='ocrx_word' id='word_1_714' title='bbox 3626 5302 3769 5356; x_wconf 84' lang='lat' dir='ltr'><strong>Isaa-</strong></span> 
     </span>
    </p>
   </div>
   <div class='ocr_carea' id='block_1_112' title="bbox 1854 5440 2419 5505">
    <p class='ocr_par' dir='ltr' id='par_1_112' title="bbox 1854 5440 2419 5505">
     <span class='ocr_line' id='line_1_113' title="bbox 1854 5440 2419 5505; baseline 0 -3"><span class='ocrx_word' id='word_1_715' title='bbox 1854 5440 2053 5503; x_wconf 71' lang='lat' dir='ltr'><strong>Varite</strong></span> <span class='ocrx_word' id='word_1_716' title='bbox 2089 5441 2419 5505; x_wconf 88' lang='lat' dir='ltr'><strong>lectiones.</strong></span> 
     </span>
    </p>
   </div>
   <div class='ocr_carea' id='block_1_113' title="bbox 596 5563 2086 5641">
    <p class='ocr_par' dir='ltr' id='par_1_113' title="bbox 596 5567 2086 5641">
     <span class='ocr_line' id='line_1_114' title="bbox 596 5567 2086 5641; baseline -0.001 -18"><span class='ocrx_word' id='word_1_717' title='bbox 596 5568 644 5603; x_wconf 72' lang='grc'><strong>⁸⁵</strong></span> <span class='ocrx_word' id='word_1_718' title='bbox 674 5568 867 5641; x_wconf 74' lang='grc' dir='ltr'>ἔϐλεψε</span> <span class='ocrx_word' id='word_1_719' title='bbox 898 5568 965 5624; x_wconf 74' lang='lat' dir='ltr'><strong>ll.</strong></span> <span class='ocrx_word' id='word_1_720' title='bbox 1039 5569 1085 5601; x_wconf 82' lang='lat'><strong><em>“</em></strong></span> <span class='ocrx_word' id='word_1_721' title='bbox 1112 5569 1557 5641; x_wconf 45' lang='lat' dir='ltr'><strong>otiisdtvéamppv</strong></span> <span class='ocrx_word' id='word_1_722' title='bbox 1578 5567 1655 5632; x_wconf 86' lang='lat' dir='ltr'><strong>M,</strong></span> <span class='ocrx_word' id='word_1_723' title='bbox 1678 5567 1783 5637; x_wconf 74' lang='grc' dir='ltr'><strong>γῆν</strong></span> <span class='ocrx_word' id='word_1_724' title='bbox 1800 5567 2086 5641; x_wconf 73' lang='grc' dir='ltr'>ἁννέφελον</span> 
     </span>
    </p>
   </div>
   <div class='ocr_carea' id='block_1_114' title="bbox 2187 5563 3771 5641">
    <p class='ocr_par' dir='ltr' id='par_1_114' title="bbox 2228 5563 3771 5641">
     <span class='ocr_line' id='line_1_115' title="bbox 2228 5563 3771 5641; baseline -0.005 -22"><span class='ocrx_word' id='word_1_725' title='bbox 2228 5568 2304 5641; x_wconf 33' lang='grc' dir='ltr'><strong>-ξθ</strong></span> <span class='ocrx_word' id='word_1_726' title='bbox 2332 5566 2495 5641; x_wconf 72' lang='grc' dir='ltr'>ἐξέφυ</span> <span class='ocrx_word' id='word_1_727' title='bbox 2521 5568 2586 5622; x_wconf 80' lang='grc' dir='ltr'>Δ.</span> <span class='ocrx_word' id='word_1_728' title='bbox 2610 5637 2619 5641; x_wconf 85' lang='lat'>_</span> <span class='ocrx_word' id='word_1_729' title='bbox 2641 5567 2707 5641; x_wconf 79' lang='lat'><strong>_&quot;</strong></span> <span class='ocrx_word' id='word_1_730' title='bbox 2732 5565 3017 5641; x_wconf 70' lang='grc' dir='ltr'>συντρίϐον</span> <span class='ocrx_word' id='word_1_731' title='bbox 3043 5567 3107 5619; x_wconf 82' lang='grc' dir='ltr'>Α.</span> <span class='ocrx_word' id='word_1_732' title='bbox 3129 5636 3137 5641; x_wconf 84' lang='lat'><strong>_</strong></span> <span class='ocrx_word' id='word_1_733' title='bbox 3198 5565 3244 5599; x_wconf 82' lang='grc'>³⁸</span> <span class='ocrx_word' id='word_1_734' title='bbox 3270 5563 3426 5641; x_wconf 83' lang='lat' dir='ltr'><strong>llunc</strong></span> <span class='ocrx_word' id='word_1_735' title='bbox 3454 5575 3675 5641; x_wconf 57' lang='lat' dir='ltr'><strong>versum</strong></span> <span class='ocrx_word' id='word_1_736' title='bbox 3714 5568 3771 5641; x_wconf 67' lang='lat' dir='ltr'><strong>et</strong></span> 
     </span>
    </p>
   </div>
   <div class='ocr_carea' id='block_1_115' title="bbox 528 5639 1299 5709">
    <p class='ocr_par' dir='ltr' id='par_1_115' title="bbox 528 5639 1299 5709">
     <span class='ocr_line' id='line_1_116' title="bbox 528 5639 1299 5709; baseline -0.005 -13"><span class='ocrx_word' id='word_1_737' title='bbox 528 5639 824 5709; x_wconf 69' lang='lat' dir='ltr'><strong>sequentes</strong></span> <span class='ocrx_word' id='word_1_738' title='bbox 851 5642 990 5695; x_wconf 85' lang='lat' dir='ltr'><strong>duos</strong></span> <span class='ocrx_word' id='word_1_739' title='bbox 1043 5655 1155 5693; x_wconf 93' lang='lat' dir='ltr'><strong>om.</strong></span> <span class='ocrx_word' id='word_1_740' title='bbox 1234 5639 1299 5692; x_wconf 83' lang='lat' dir='ltr'><strong>ll.</strong></span> 
     </span>
    </p>
   </div>
   <div class='ocr_carea' id='block_1_116' title="bbox 528 5709 1433 5781">
    <p class='ocr_par' dir='ltr' id='par_1_116' title="bbox 528 5709 1433 5781">
     <span class='ocr_line' id='line_1_117' title="bbox 528 5709 1433 5781; baseline -0.002 -15"><span class='ocrx_word' id='word_1_741' title='bbox 528 5712 573 5744; x_wconf 85' lang='grc'><strong><em>³³</em></strong></span> <span class='ocrx_word' id='word_1_742' title='bbox 598 5713 813 5781; x_wconf 76' lang='grc' dir='ltr'>ὲξίσχυε</span> <span class='ocrx_word' id='word_1_743' title='bbox 878 5711 942 5765; x_wconf 74' lang='grc' dir='ltr'>ιι.</span> <span class='ocrx_word' id='word_1_744' title='bbox 1017 5709 1433 5779; x_wconf 71' lang='grc' dir='ltr'>³”ἐρῤυηκυίας.</span> 
     </span>
    </p>
   </div>
   <div class='ocr_carea' id='block_1_117' title="bbox 1398 5638 2118 5694">
    <p class='ocr_par' dir='ltr' id='par_1_117' title="bbox 1398 5638 2118 5694">
     <span class='ocr_line' id='line_1_118' title="bbox 1398 5638 2118 5694; baseline 0.006 -8"><span class='ocrx_word' id='word_1_745' title='bbox 1398 5642 1442 5672; x_wconf 81' lang='grc'><strong>²²</strong></span> <span class='ocrx_word' id='word_1_746' title='bbox 1468 5638 1623 5694; x_wconf 84' lang='lat' dir='ltr'><strong>Hnno</strong></span> <span class='ocrx_word' id='word_1_747' title='bbox 1654 5654 1867 5691; x_wconf 81' lang='lat' dir='ltr'><strong>versum</strong></span> <span class='ocrx_word' id='word_1_748' title='bbox 1909 5655 2021 5693; x_wconf 82' lang='lat' dir='ltr'><strong>om.</strong></span> <span class='ocrx_word' id='word_1_749' title='bbox 2054 5638 2118 5690; x_wconf 83' lang='lat' dir='ltr'><strong>Il.</strong></span> 
     </span>
    </p>
   </div>
   <div class='ocr_carea' id='block_1_118' title="bbox 2225 5632 3765 5710">
    <p class='ocr_par' dir='ltr' id='par_1_118' title="bbox 2225 5632 3765 5710">
     <span class='ocr_line' id='line_1_119' title="bbox 2225 5632 3765 5710; baseline -0.005 -20"><span class='ocrx_word' id='word_1_750' title='bbox 2225 5638 2269 5670; x_wconf 78' lang='grc' dir='ltr'><strong>³ο</strong></span> <span class='ocrx_word' id='word_1_751' title='bbox 2303 5632 2570 5709; x_wconf 83' lang='grc' dir='ltr'>σωμᾶτων</span> <span class='ocrx_word' id='word_1_752' title='bbox 2593 5637 2707 5693; x_wconf 83' lang='lat' dir='ltr'><strong>AR.</strong></span> <span class='ocrx_word' id='word_1_753' title='bbox 2818 5632 3271 5710; x_wconf 62' lang='grc' dir='ltr'>πμακρογήροις</span> <span class='ocrx_word' id='word_1_754' title='bbox 3292 5638 3356 5689; x_wconf 86' lang='grc' dir='ltr'>Λ.</span> <span class='ocrx_word' id='word_1_755' title='bbox 3452 5635 3493 5664; x_wconf 81' lang='grc'>³³</span> <span class='ocrx_word' id='word_1_756' title='bbox 3517 5632 3667 5702; x_wconf 77' lang='grc' dir='ltr'>ἡλίου</span> <span class='ocrx_word' id='word_1_757' title='bbox 3702 5632 3765 5683; x_wconf 77' lang='grc' dir='ltr'><strong>Α.</strong></span> 
     </span>
    </p>
   </div>
   <div class='ocr_carea' id='block_1_119' title="bbox 1513 5706 2317 5761">
    <p class='ocr_par' dir='ltr' id='par_1_119' title="bbox 1513 5706 2317 5761">
     <span class='ocr_line' id='line_1_120' title="bbox 1513 5706 2317 5761; baseline 0 0"><span class='ocrx_word' id='word_1_758' title='bbox 1513 5710 1555 5741; x_wconf 81' lang='grc'>³⁵</span> <span class='ocrx_word' id='word_1_759' title='bbox 1587 5708 1764 5761; x_wconf 78' lang='grc' dir='ltr'>αὐτῶν</span> <span class='ocrx_word' id='word_1_760' title='bbox 1799 5710 1859 5759; x_wconf 87' lang='grc' dir='ltr'>Λ.</span> <span class='ocrx_word' id='word_1_761' title='bbox 1935 5707 1980 5737; x_wconf 70' lang='grc'><strong>⁸⁸</strong></span> <span class='ocrx_word' id='word_1_762' title='bbox 2012 5706 2225 5761; x_wconf 77' lang='grc' dir='ltr'>λέλοιπε</span> <span class='ocrx_word' id='word_1_763' title='bbox 2256 5711 2317 5761; x_wconf 88' lang='grc' dir='ltr'>Λ.</span> 
     </span>
    </p>
   </div>
  </div>
