4122 6212
351 285 458 355 437

357 395 646 452 Πιστοῦται
671 393 732 447 τὸ
761 393 1053 463 λεγόμενον
1079 395 1108 448 ὁ
1137 393 1420 465 Κομνηνδς
1448 395 1676 456 ἐκεῖνος,

356 484 426 560 ᾯ
451 490 644 559 κλῆσις
683 486 970 551 Ἰσαάκιος,
992 487 1052 550 ὃς
1079 489 1166 540 ἐπ’
1200 486 1611 557 ἀριστουργίαις

369 580 663 648 Ὀνόματος
695 577 895 646 ἠξίωτο
927 576 1020 630 καὶ
1056 579 1246 646 φήμης
1280 577 1609 646 περιτράνου
1628 590 1640 604 ·

360 668 486 737 Ι-Σίχε
515 668 622 738 γὰρ
651 669 839 736 χεῖρας
867 666 1077 734 ἀγαθὰς
1103 668 1234 738 περὶ
1279 667 1529 734 πολέμων
1560 665 1721 735 ἔργα,

360 757 472 810 Kal
500 757 627 819 τοὺς
651 753 946 817 δακτύλους
973 755 1188 822 εὐφυῶς
1206 755 1413 825 ἤσκητο
1437 756 1574 825 πρὸς
1597 755 1695 816 τὰς
1728 755 1926 824 μάχας.

1455 280 1960 348 COMPENDIUM
1995 276 2469 340 CHRONICUM.

1951 394 1995 448 Α
2025 387 2196 440 Αὑτὸν
2224 382 2656 456 μετεκαλέσαντο
2683 382 3009 454 παρέξοντες
3043 383 3103 436 τὸ
3129 383 3344 452 στέφος.

2026 471 2132 528 Ἦν
2162 478 2270 546 γὰρ
2300 474 2440 545 ἀνὴρ
2473 475 2832 545 στρατηγικὸς
2871 477 2966 528 καὶ
2996 475 3266 546 κυϐερνᾷν
3297 473 3495 544 ἰσχύων

2027 568 2139 636 Τὴν
2171 568 2334 638 ἱεράν·
2352 570 2445 622 καὶ
2475 570 2747 638 σωστικὴν
2775 570 2874 638 τῆς
2905 566 3188 637 βασιλείας
3217 566 3455 635 σκάφην,

3484 273 3590 340 458

2043 657 2206 728 Ἀνὴρ
2227 659 2502 726 ἀγχίνους,
2538 659 2710 723 δεξιὸς
2745 659 2881 730 πρὸς
2911 657 3047 728 ἔργα
3079 658 3175 710 καὶ
3209 658 3346 728 πρὸς
3394 658 3598 728 μάχας,

2031 751 2139 804 Kal
2175 750 2402 819 μηδενὸς
2429 750 2747 820 λειπόμενος
2775 751 2882 803 τῶν
2908 751 3098 821 πρώην
3139 750 3423 818 βασιλέων.

365 849 463 910 'G;
495 844 808 917 προσελθὼν
846 845 925 916 τῷ
963 844 1202 914 Μιχαὴλ,
1248 847 1343 899 καὶ
1371 844 1498 908 τοὺς
1537 845 1784 915 καρποὺς
1820 843 1932 896 τῶν
2029 841 2271 894 Είσεισιν
2302 841 2394 893 οὖν
2485 842 2767 914 Κομνηνὸς
2801 842 2898 913 τὴν
2932 842 3177 913 βασιλίδα
3211 840 3426 913 nolim]

1669 934 1872 1008 [πόνων
1887 936 1931 969 ³⁷

362 1025 791 1096 Δαψιλεστέρους
815 1028 945 1098 παρ’
967 1025 1132 1080 αὐτοῦ
1159 1025 1463 1096 δρέψασθαι
1495 1027 1893 1098 προσδοκήσας,

367 1120 471 1171 Kal
503 1119 612 1172 τῶν
641 1118 875 1172 ἐλπίδων
907 1117 981 1188 μὴ
1013 1118 1192 1188 τυχὼν
1227 1119 1322 1171 καὶ
1355 1118 1430 1189 μὴ
1468 1120 1749 1188 τρυγήσας
1783 1120 1930 1188 ῥόδα,

377 1209 540 1262 Ἀλλὰ
567 1211 661 1262 καὶ
688 1209 890 1278 μᾶλλον
928 1208 1141 1278 ὕϐρεων
1170 1209 1216 1241 ³⁸
1255 1209 1559 1280 εὑράμενος
1591 1209 1831 1272 ἀκάνθας

368 1301 511 1371 Πρὸς
542 1302 650 1354 τῶν
686 1300 963 1354 κακίστων
1002 1300 1291 1372 κηπευτῶν
1333 1300 1428 1354 τοῦ
1474 1301 1573 1371 τῆς
1613 1301 1788 1371 ἀρχῆς
1825 1301 1935 1354 λει-

1709 1391 1936 1464 [μῶνος.

371 1483 678 1554 Ιῐεριαλγὴς
707 1484 1000 1553 γενόμενος
1031 1484 1218 1554 βλέπει
1251 1485 1388 1554 πρὸς
1419 1484 1709 1553 τυραννίδα
1727 1486 1792 1547 ³⁸.

373 1575 481 1626 Kal
506 1575 1064 1644 προσεταιρισάμενος
1100 1575 1192 1628 τὸν
1223 1575 1433 1629 Λοῦκαν
1463 1577 1870 1630 Κωνσταντῑνον

372 1665 482 1717 Kal
502 1665 718 1729 πλείους
736 1666 930 1728 ἄλλους
946 1666 1054 1719 τῶν
1075 1666 1256 1736 πολλῷ
1275 1666 1492 1736 πλούτῳ
1512 1666 1938 1736 περιδριθόντων

2044 930 2324 985 Ἐντεῦθεν
2358 932 2502 1002 μάχη
2541 931 2839 1002 σύμφυλος,
2878 935 2972 986 καὶ
3003 932 3176 996 δεξιαὶ
3213 933 3499 1002 Ῥωμαίων

2035 1024 2193 1076 Κατὰ
2219 1022 2504 1092 Ῥωμαίων
2528 1025 2627 1088 τὰς
2655 1026 2859 1094 αἰχμὰς
2884 1024 3146 1094 θήγουσαι
3178 1026 3387 1087 καὶοτᾶς
3410 1025 3610 1093 λόγχας

2035 1115 2148 1168 Kal
2176 1116 2734 1184 καταπαλασσόμεναι
2766 1117 2945 1184 φόνοις
2981 1119 3094 1179 τοῖς
3124 1116 3394 1186 ὁμογνίςις
3417 1125 3434 1143 ⁸

2036 1207 2146 1258 Kal
2168 1207 2434 1276 δρέπανον
2463 1207 2686 1259 ἐπέτετο
2707 1206 2922 1275 διχάζον
2949 1205 3253 1276 ὁμοφύλους

2038 1298 2149 1351 Kal
2176 1299 2294 1350 κατ’
2321 1298 2566 1368 ἀλλήλων
2603 1297 2892 1365 συγκινοῦν
2920 1297 3108 1368 ὥσπερ
3138 1300 3198 1350 ὲν
3233 1299 3546 1370 σκοτομήνῃ
3565 1296 3613 1330 ’⁸⁸

2038 1391 2150 1443 Kal
2179 1389 2372 1451 παῖδας
2399 1390 2810 1458 ταυτοπάτορας
2842 1388 3090 1460 ἀλλήλοις
3129 1391 3432 1458 ἁγριαίνον.

2040 1481 2254 1532 Γίνεται
2289 1483 2420 1547 γοῦν
2453 1479 2755 1550 ὑπέρτερος
2788 1482 2816 1532 ὁ
2847 1480 3132 1549 Κομνηνδς
3165 1483 3231 1550 τῇ
3265 1481 3431 1550 μάχῃ,

2040 1572 2150 1625 Kal
2179 1571 2399 1641 Μιχαὴλ
2427 1571 2751 1626 καθίσταται
2772 1572 2866 1624 τοῦ
2885 1573 3121 1642 κράτους
3141 1575 3232 1626 καὶ
3262 1573 3337 1642 μὴ
3361 1573 3530 1626 θέλων
3543 1571 3615 1636 ⁸⁸,

2055 1663 2332 1715 Ἐνιαυτοῦ
2371 1663 2700 1734 περίμετρον
2729 1663 2848 1726 ἑνὸς
2889 1665 3446 1733 σκηπτροκρατήσας.

371 1759 480 1811 Kal
494 1758 604 1810 τῶν
617 1759 707 1812 τοῦ
729 1759 919 1827 γένους
939 1759 1037 1822 τὰς
1053 1761 1228 1831 ἀρχὰς
1248 1760 1511 1830 λαμπράς
1527 1762 1939 1831 ηὑτυχηκότων,
1979 1747 2018 1800 Β
2048 1754 2158 1806 Καὶ
2187 1753 2276 1805 πό)
2290 1771 2340 1806 ιν
2366 1753 2463 1824 τὴν
2493 1755 2834 1825 πρωτόπολιν
2865 1755 3078 1824 φθάσας
3108 1756 3334 1826 ἀπτὲρῳ
3360 1757 3536 1826 τάχει.

372 1849 481 1901 Kal
517 1849 910 1922 συλλεξάμενος
948 1853 1177 1921 στρατὸν
1225 1850 1474 1920 Ἀσίηθεν
1496 1851 1545 1882 ⁸³
1580 1851 1833 1922 ὁπλίτην,

385 1940 690 1994 ’Δντέπεισι
718 1941 795 2012 τῷ
826 1943 1036 2011 βασιλεῖ
1059 1942 1153 1995 τοῦ
1185 1941 1376 2012 θρόνου
1409 1945 1804 1998 κατασπάσων.

376 2029 617 2080 Ἤκουσε
646 2029 819 2084 ταῦτα
839 2032 879 2062 ⁶¹
914 2031 1135 2102 Μιχαὴλ
1161 2034 1190 2086 ὁ
1217 2033 1486 2103 τρομερὸς
1510 2034 1538 2085 ὁ
1568 2033 1770 2103 γέρων,

375 2120 485 2173 Kal
507 2119 694 2189 κρίνας
725 2121 925 2190 μᾶλλον
952 2122 1145 2175 ἑαυτὸν
1172 2122 1323 2189 ἄξιον
1361 2124 1631 2192 ἀφανείας

387 2209 474 2274 Ὦς
506 2211 608 2282 ήδη
653 2211 1059 2284 τυμσογέροντα
1094 2214 1190 2268 καὶ
1225 2216 1667 2284 κατασεσηπότα.

380 2301 632 2370 Ἐτοιμος
663 2298 732 2373 ἦν
761 2303 1078 2368 ἐξίστασθαι
1103 2305 1183 2376 τῷ
1219 2307 1495 2377 Κομνηνῷ
1527 2305 1622 2359 τοῦ
1658 2305 1913 2376 κράτους.

389 2391 531 2444 Ἀλλ’
558 2393 606 2444 οἱ
639 2394 699 2446 τὸ
732 2393 935 2462 σκάφος
958 2396 1058 2464 τῆς
1086 2397 1263 2467 ἀρχῆς
1289 2397 1491 2451 ίθύνειν
1521 2397 1919 2466 κληριιιθέντεςο

381 2482 471 2552 Μὴ
493 2481 684 2547 σώζειν
715 2486 870 2538 τοῦτο
895 2487 1159 2554 θέλοντες,
1191 2488 1329 2543 ἀλλὰ
1357 2489 1451 2542 καὶ
1482 2488 1773 2542 καταδύειν

384 2575 492 2626 Kal
520 2575 736 2638 κλύζειν
765 2577 856 2629 τὸν
888 2579 1213 2633 ταλάντατον
1237 2581 1444 2650 κύμασι
1473 2580 1862 2651 βαρυϐρόμοις,

385 2662 476 2725 Εἰς
509 2665 688 2734 μάχην
715 2667 813 2719 καὶ
854 2668 929 2736 μὴ
962 2667 1186 2722 θέλοντα
1216 2668 1308 2722 τὺν
1334 2671 1568 2740 γέροντα
1603 2669 1814 2722 κινοῦσι

385 2753 494 2804 Kal
523 2754 615 2806 τὸν
651 2757 846 2824 μικροῦ
876 2758 1262 2827 τυμσόχωστον
1289 2762 1370 2823 είς
1399 2761 1882 2831 ἀντιπαρατάξεις.

386 2841 460 2916 [⁸⁸
482 2844 700 2916 Ἐτεροι
728 2846 774 2899 δ’
814 2844 969 2912 αὖθις
991 2849 1240 2917 λέγουσιν
1264 2851 1337 2914 ὡς
1363 2853 1412 2905 οί
1452 2851 1735 2922 Ῥωμαίων
1772 2851 1956 2922 κρείτ-

1775 2941 1921 3014 [τους
1941 2982 1956 3010 ,

400 3023 732 3096 ’Δρχιθυτῶν
762 3029 811 3081 οί
842 3028 1194 3102 προύχοντες,
1242 3031 1466 3102 λογάδες
1496 3032 1594 3104 τῆς
1630 3033 1954 3103 συγκλήτου,

389 3254 509 3311 eius
544 3257 632 3313 ille
655 3257 992 3325 Comnenus.
1037 3261 1133 3332 qui
1162 3278 1227 3318 ex
1252 3263 1686 3333 prazclarissimis
1709 3265 1968 3322 facinori-

389 3347 494 3402 bus
526 3363 725 3405 nomen
767 3361 930 3422 atque
958 3353 1157 3407 famam
1194 3355 1608 3410 celeberrimam
1639 3366 1969 3414 consecutus

391 3448 532 3503 erat,
557 3441 643 3495 vir
674 3457 835 3497 manu
871 3455 1157 3516 promptus
1188 3455 1244 3501 et
1271 3446 1486 3502 bellicis
1516 3449 1568 3501 in
1600 3449 1766 3503 rebus
1805 3465 1966 3503 exer-

397 3529 621 3585 citatus.
645 3532 694 3587 Is
719 3532 985 3590 Michaelo
1015 3543 1310 3600 convento,
1341 3551 1467 3590 cum
1486 3537 1700 3592 fructus
1719 3537 1968 3593 laborum

395 3620 596 3678 uberes
626 3638 686 3677 se
719 3635 1106 3696 percepturum
1151 3627 1541 3692 existimasset,
1572 3643 1670 3698 spe
1713 3643 1811 3683 sua
1855 3629 1972 3682 fru-

391 3721 616 3778 stratus,
645 3729 710 3770 ac
741 3731 851 3771 non
899 3725 1110 3773 tantum
1138 3733 1245 3774 non
1279 3719 1556 3790 decerptis
1586 3719 1746 3781 rosis.
1780 3736 1970 3775 verum

391 3805 560 3858 etiam
587 3821 618 3859 a
645 3807 906 3876 pessimis
937 3809 1044 3865 illis
1071 3810 1283 3882 imperii
1309 3812 1773 3881 gubernatoribus
1797 3813 1970 3882 spinis

400 3895 727 3966 injuriarum
779 3908 1038 3969 punctus,
1081 3901 1349 3960 immenso
1387 3904 1576 3959 dolore
1624 3904 1867 3973 percitus
1903 3904 1970 3959 ad

398 3986 740 4056 tyrannidem
779 3999 1027 4058 spectare
1051 3993 1237 4062 erepit.
1273 3992 1520 4064 Cumque
1550 3993 1970 4050 Constantinum

397 4074 602 4130 Ducam
623 4085 679 4131 et
700 4079 898 4134 multos
911 4081 1046 4136 alios
1067 4083 1512 4152 Opulentissimos
1525 4100 1587 4140 ac
1604 4085 1975 4141 nobilissimos

400 4164 654 4220 homines
683 4170 946 4226 societate
985 4173 1090 4227 sibi
1129 4174 1463 4230 devinxisset
1512 4190 1576 4230 ac
1610 4177 1844 4230 militum
1884 4191 1976 4230 eo-

402 4261 523 4330 pias
547 4277 612 4316 ex
646 4263 772 4316 Asia
805 4264 1134 4336 collegisset,
1165 4276 1309 4321 recta
1347 4269 1726 4336 imperatorem
1753 4269 1972 4331 invasit,

2043 1844 2155 1895 Kal
2189 1843 2384 1911 στέςρος
2427 1845 2787 1914 περιθέμενος
2814 1845 3102 1917 κρατόρων
3132 1847 3490 1900 αὐτανάκτων

2058 1933 2361 2002 Ἐςρήπτετο
2401 1934 2510 1986 τῶν
2530 1933 2628 2002 τῆς
2652 1935 2829 2004 ἀρχῆς
2864 1937 3209 2005 πραγμάτων
3242 1936 3619 2004 αὐθεκάστως,

2049 2023 2155 2074 Kal
2187 2023 2318 2074 πᾶσι
2354 2023 2726 2091 προσεφέρετο
2759 2024 2904 2077 κατὰ
2935 2024 2996 2077 τὸ
3031 2026 3338 2095 μεγαλεῖον,

2047 2111 2158 2164 Kal
2189 2113 2300 2174 τοῖς
2320 2109 2493 2180 ἀγχοῦ
2517 2111 2610 2164 καὶ
2631 2114 2742 2176 τοῖς
2767 2113 2984 2183 μακρὰν
3004 2114 3230 2175 καὶτοῖς
3249 2117 3308 2166 ἐν
3327 2113 3620 2180 ἐξουσίαις.

2049 2203 2159 2256 Kal
2191 2202 2290 2274 τὴν
2320 2204 2799 2273 ἁλμοποτίστριαν,
2825 2205 2924 2274 τὴν
2954 2205 3000 2236 ⁸⁸
3030 2205 3240 2276 φαύλην
3269 2205 3583 2270 κολακείαν,

2049 2293 2160 2346 Kal
2187 2295 2314 2356 τοῦς
2346 2295 2513 2364 αὐτῆς
2536 2296 2902 2364 ναυτιασμοὺς
2931 2295 3038 2348 ἀπὸ
3063 2295 3244 2365 ψυχῆς
3271 2295 3517 2365 ἑστύγει.
3630 2344 3632 2346 ,

2051 2384 2360 2437 Κάντεῦθεν
2384 2385 2684 2455 φορτικὼτε
2695 2404 2784 2457 ρος
2807 2389 2922 2450 τοῖς
2944 2387 3185 2441 πλείοσιν
3212 2387 3415 2454 ἐδόκει,

2053 2474 2164 2526 Kal
2193 2473 2362 2526 πλείω
2387 2473 2480 2527 τοῦ
2503 2474 2838 2544 καθήκοντος
2868 2477 3052 2547 φέρων
3073 2479 3408 2550 ἀγερωχίαν.

2054 2564 2200 2632 Πλὴν
2230 2564 2545 2628 ἀπολαύσας
2575 2567 2672 2634 τῆς
2695 2567 2872 2637 ἀρχῆς
2900 2569 3000 2621 οὐκ
3038 2571 3095 2621 ὲν
3137 2572 3372 2640 μακροῖς
3401 2571 3590 2642 ήλίοις,

2067 2654 2228 2707 Ἀλλά
2257 2655 2318 2707 τὸ
2341 2655 2404 2724 δὴ
2438 2655 2728 2724 λεγόμενον
2757 2658 2831 2720 ὡς
2860 2659 3135 2728 άγρωστις
3161 2660 3427 2731 ἀνθήσας,

2058 2745 2166 2798 Kal
2193 2746 2312 2814 μετ’
2338 2745 2516 2813 ὀλίγον
2546 2747 2838 2816 μαρανθεὶς
2868 2749 2972 2802 ὑπὸ
3005 2749 3274 2818 φθινάδων
3297 2752 3489 2814 νόσων,

2071 2835 2192 2888 Ἐπὶ
2223 2836 2343 2888 δυσὶ
2367 2837 2474 2906 γὰρ
2509 2836 2654 2891 ἔτεσι
2685 2839 2780 2890 τοῦ
2820 2840 3052 2906 κράτους
3086 2840 3483 2905 ἀπολαύσας“.

2058 2927 2162 2979 Τὸν
2176 2927 2383 2981 Δοῦκαν
2401 2929 2498 2998 μὲν
2513 2932 2852 3000 κατακοσμεῖ
2865 2931 2958 2984 τοῦ
2974 2931 3210 3001 κράτους
3221 2936 3333 2997 τοῖς
3349 2951 3410 2987 συ
3419 2934 3636 3005 μϐόλοις

2073 3017 2161 3082 Ὧς
2189 3019 2555 3085 ὑπανοίξαντα
2577 3021 2778 3086 πολλάς
2806 3023 2957 3093 αύτῷ
2988 3024 3419 3097 χρηματοθήκας

3297 3154 3452 3211 Vera.
3494 3154 3636 3211 6414

2069 3251 2390 3321 pontificum
2427 3256 2709 3323 praesules.
2750 3256 3026 3326 principes
3067 3268 3313 3324 senatus,
3343 3260 3640 3316 advocasse

2068 3356 2217 3406 eum,
2259 3343 2347 3397 cui
2383 3358 2646 3399 coronam
2694 3347 3000 3402 tribuerent
3039 3363 3055 3401 :
3095 3357 3214 3402 erat
3243 3349 3388 3402 enim
3419 3350 3506 3404 vir
3535 3351 3640 3403 du-

2069 3431 2243 3486 cendo
2297 3435 2566 3488 exercitui
2615 3443 2776 3504 aptus
2812 3444 2868 3490 et
2919 3436 3012 3505 qui
3070 3436 3377 3506 gubernare
3431 3439 3641 3494 valeret

2071 3535 2280 3576 sacram
2311 3523 2458 3576 illam
2487 3535 2542 3579 et
2565 3525 2856 3580 salutarem
2892 3525 3107 3596 imperii
3139 3527 3344 3592 navim,
3385 3527 3470 3582 vir
3501 3545 3641 3598 pra:-

2073 3615 2210 3670 senti
2246 3615 2498 3680 consilio,
2535 3616 2726 3670 dexter
2771 3616 2838 3670 ad
2881 3631 3048 3686 opera
3080 3627 3136 3673 et
3170 3632 3397 3688 pugnas.
3431 3620 3641 3674 nemini

2073 3707 2348 3762 secundus
2363 3722 2551 3778 regum
2571 3708 2941 3779 antiquorum.
2959 3709 3129 3765 Intrat
3151 3710 3317 3782 igitur
3330 3710 3644 3769 Comnenus

2075 3801 2265 3855 urbem
2308 3800 2596 3872 regalem]
2645 3802 2786 3858 Hinc
2858 3803 3124 3858 intestino
3173 3815 3370 3861 exorto
3413 3805 3644 3862 dissidio

2077 3905 2270 3946 manus
2313 3900 2371 3946 et
2420 3893 2603 3947 hastas
2639 3893 2870 3949 Romani
2899 3911 3022 3950 cum
3056 3897 3314 3951 Romanis
3345 3913 3646 3956 conserue-

2077 3993 2210 4037 runt
2257 3983 2632 4053 sanguineque
2682 3994 2916 4054 cognato
2966 3987 3307 4056 polluerunt,
3360 3986 3524 4043 divisi
3585 3998 3646 4046 et

2078 4073 2340 4127 commoti
2368 4073 2632 4128 adversus
2670 4089 2730 4129 se
2782 4075 3037 4138 invicem,
3068 4077 3233 4130 veluti
3279 4092 3379 4146 per
3425 4086 3645 4134 noctem

2075 4163 2220 4218 luna:
2269 4171 2570 4233 expertem,
2624 4164 2890 4219 fratribus
2935 4164 2990 4218 in
3039 4165 3236 4222 fratres
3283 4169 3644 4226 exacerbatis.

2075 4258 2317 4312 Tandem
2335 4256 2648 4312 Comnenus
2669 4259 2854 4327 praelio
2879 4259 3130 4328 superior
3151 4261 3324 4317 evasit
3341 4273 3397 4317 et
3414 4263 3650 4320 Michae-

399 4351 541 4406 solio
583 4367 709 4407 eum
757 4352 1088 4423 dejecturus.
1123 4356 1255 4426 Ejus
1299 4358 1377 4412 rei
1408 4357 1549 4411 fama
1596 4359 1845 4429 trepidus
1881 4359 1972 4413 ille
1998 4411 2047 4429 ﬁ
2079 4351 2164 4405 IIIS
2210 4350 2414 4404 ίηνίιυε
2465 4350 2649 4404 amis“
2694 4350 3004 4420 imperium.
3035 4353 3181 4422 (ιυοά
3226 4368 3428 4410 almum
3475 4371 3646 4411 unum

399 4455 568 4494 senex
613 4411 913 4497 Michaelus
944 4443 1010 4498 ad
1046 4459 1105 4498 se
1151 4411 1376 4514 perlata,
1427 4411 1737 4515 statutaque
1788 4447 1970 4516 potius
1998 4411 2050 4474 Β
2076 4442 2410 4497 obtinuerat.

400 4544 524 4584 esse
553 4543 613 4584 ut
638 4532 907 4588 obscurus
931 4545 1116 4605 ageret
1141 4537 1195 4589 in
1226 4546 1383 4590 aetate
1411 4537 1620 4590 tumulo
1646 4539 1845 4594 vicina.
1877 4553 1973 4606 pa-

403 4628 556 4676 ratus
587 4632 705 4677 erat
736 4625 968 4696 imperio
1000 4626 1194 4692 cedere
1231 4628 1394 4697 idque
1439 4626 1718 4682 Conmeno
1749 4629 1974 4696 permit-

407 4720 543 4768 tere.
589 4713 788 4768 Verum
837 4715 871 4769 ii
915 4732 1055 4786 quos
1087 4717 1324 4772 diximus
1376 4718 1844 4774 administratores
1871 4721 1976 4774 im-

408 4802 570 4868 perii,
602 4818 712 4856 non
750 4805 924 4858 solum
974 4821 1082 4860 non
1133 4808 1416 4876 cupientes
1439 4810 1672 4877 publica:
1710 4811 1784 4864 rei
1817 4811 1978 4864 saluti

407 4893 718 4956 consulere,
757 4895 850 4948 sed
875 4896 1055 4964 potius
1079 4913 1198 4952 eam
1229 4899 1390 4969 longe
1431 4882 1836 4954 amictissimam
1861 4915 1979 4970 gra-

410 4983 646 5036 vissimis
679 4983 939 5039 ﬂuctibus
964 4987 1280 5057 demergere
1301 5005 1365 5042 ac
1390 4989 1628 5044 obruere
1655 4991 1978 5059 cogitantes,

413 5085 805 5144 repugnantem
856 5092 920 5131 ac
968 5087 1178 5132 tantum
1227 5095 1336 5133 non
1387 5081 1545 5149 plane
1593 5081 1867 5150 sepultum
1912 5083 1980 5134 ad

412 5161 614 5216 bellum
637 5165 936 5232 gerendum
964 5175 1019 5219 et
1051 5168 1431 5236 opponendum
1473 5169 1614 5222 hosti
1639 5168 1810 5222 aciem
1840 5168 1980 5222 inci-

411 5254 619 5308 tabant.
654 5254 794 5325 [Alii
828 5265 1010 5312 autem
1039 5258 1230 5312 dicunt
1265 5259 1636 5313 Romanorum
1667 5259 1980 5328 optimates,

2156 4533 2314 4603 130
2347 4534 2532 4603 Itaque
2559 4531 2873 4589 Comnenus
2893 4524 3170 4601 celeriter,
3203 4547 3464 4608 occupata
3513 4539 3649 4595 urbe

2082 4625 2328 4695 principe
2362 4639 2426 4680 ac
2451 4623 2800 4694 imperatoria
2819 4640 3023 4681 corona
3055 4637 3294 4697 sumpta,
3324 4645 3439 4684 rem
3469 4629 3650 4698 publi-

2082 4730 2202 4770 cam
2232 4717 2496 4770 arbitratu
2549 4731 2652 4771 suo
2701 4717 3088 4774 administrare
3130 4721 3318 4790 coapit,
3353 4736 3518 4790 seque
3549 4737 3651 4790 pro

2084 4808 2366 4877 majestate
2395 4821 2522 4877 erga
2555 4809 2802 4877 quosvis,
2833 4810 3190 4880 propinquos,
3237 4819 3497 4876 remotos,
3525 4827 3651 4866 cum

2086 4904 2357 4966 potestate
2388 4897 2550 4951 rebus
2573 4898 2882 4966 prrefectos,
2905 4915 3115 4969 gerere,
3135 4908 3248 4955 toto
3267 4911 3490 4972 pectore
3515 4903 3654 4957 adu—

2084 4987 2388 5042 lationibus
2418 4989 2673 5046 infestus.
2715 4991 2847 5045 Eam
2877 4991 2948 5045 ob
2979 5007 3096 5046 rem
3128 4994 3345 5062 gravior
3373 4994 3652 5064 aliquanto

2081 5079 2362 5134 nonnullis
2383 5087 2444 5134 et
2477 5078 2714 5134 ferocior
2735 5096 2896 5150 quam
2922 5097 3020 5150 par
3045 5093 3192 5138 esset
3215 5084 3522 5139 videbatur.
3550 5085 3650 5140 Ubi

2079 5184 2192 5222 non
2231 5169 2392 5239 longo
2421 5177 2685 5239 tempore.
2722 5170 2982 5225 nimirum
3011 5173 3255 5239 biennio,
3298 5175 3506 5244 potitus
3547 5176 3652 5229 im-

2081 5258 2234 5326 perio
2272 5258 2484 5324 fuisset,
2515 5273 2580 5313 ac
2622 5261 2699 5313 uti
2735 5262 3026 5330 proverbio
3068 5264 3294 5333 dicitur,
3325 5265 3497 5322 instar
3525 5281 3653 5337 gra-

1747 5394 1944 5456 Variae
1999 5393 2331 5456 lectiones.

488 5522 538 5594 ’1
562 5523 672 5576 τῶν
695 5525 926 5594 καρπῶν
955 5524 1080 5587 τοὺς
1106 5524 1300 5586 πόνους
1318 5522 1432 5578 AR.
1511 5525 1554 5557 ³⁸
1583 5523 1886 5594 ὕϐρεωςΑΑ.
1952 5522 2018 5594 _”
2038 5523 2139 5594 ούκ
2167 5517 2414 5594 ἐνεγκὼν
2439 5518 2534 5589 τὴν
2554 5520 2710 5590 ὓϐριν
2749 5522 2814 5576 Β.
2894 5523 2938 5555 ⁸⁸
2964 5524 3190 5578 ἀσίαθεν
3218 5522 3287 5578 R.
3347 5525 3402 5594 f‘
3430 5525 3583 5579 ταῦθ’
3605 5530 3654 5580 ὁ.

418 5590 463 5665 δξ
496 5592 705 5665 γετευε
728 5590 885 5648 uin-is
918 5596 1164 5665 inclusas
1200 5596 1325 5648 add.
1361 5595 1428 5647 ll.
1506 5596 1551 5626 “
1577 5596 1758 5648 σκότει
1790 5592 1919 5665 βέλη
1951 5591 1966 5646 1

2092 5593 2137 5624 δ’
2161 5593 2320 5645 Htttlc
2349 5604 2566 5646 versum
2610 5608 2735 5648 cum
2770 5596 3018 5665 sequenti
3049 5611 3161 5650 om.
3199 5595 3267 5648 lt.
3342 5593 3389 5625 “
3420 5596 3513 5646 καὶ
3541 5595 3655 5648 Alt.

418 5661 464 5692 “
496 5661 655 5718 llunc
691 5680 906 5718 versum
934 5679 1046 5717 om.
1077 5663 1140 5716 ιι.

787 5755 1060 5816 ΡΑτιιοι..
1098 5757 1217 5818 Gn.
1259 5757 1565 5818 CXXVII.

3267 5757 3339 5817 15
