4138 6216
478 278 584 343 663

488 393 771 447 Ἐντεῦθεν
805 395 959 463 μῖσος
990 390 1222 461 ἔκφυλον
1258 392 1351 445 καὶ
1386 391 1633 464 Θήρατρα
1661 392 1755 445 καὶ
1786 393 1980 461 πάγαι.

478 486 587 542 Καὶ
607 487 718 548 τοῖς
737 485 949 556 ἐχθροῖς
966 484 1363 536 ’ἐσκέπτοντοθί
1384 484 1474 536 τὸν
1492 485 1734 554 κράτορα
1763 481 2051 553 προδοῦναι

479 578 546 630 Ἀ
560 593 736 641 πονον,
761 573 1242 647 ἀπραγμάτευτον,
1277 573 1451 646 θήραν
1477 575 1852 646 ἑτοιμοτάτην.

489 669 711 737 Ἐκίρνα
737 666 793 720 δὲ
818 667 880 720 τὸ
905 667 1162 738 κέρασμα
1195 665 1354 719 τοῦτο
1382 667 1482 735 τῆς
1513 666 1803 736 προδοσίας

489 763 547 814 Ὀ
580 763 796 834 Καῖσαρ
820 761 847 813 ὁ
875 745 1246 826 ταυτόσπορος
1277 756 1373 809 τοῦ
1402 757 1578 809 Δούκα
1610 759 2015 820 Κωνσταντί-κος
2038 772 2051 786 ο

479 854 680 908 Τούτου
704 856 813 923 γὰρ
842 855 970 915 παῖς
992 849 1336 922 Ἀνδρόνικος
1359 845 1426 920 ἦν
1448 848 1569 901 τότε
1594 849 1984 918 στρατάρχης.

481 944 771 1001 Κοινοῦται
813 943 946 1013 γοῦν
995 945 1108 1006 τοῖς
1158 943 1484 1012 στρατηγοῖς
1534 940 1628 993 καὶ
1674 939 1753 1009 τῷ
1800 939 1951 991 παιδὶ
1995 938 2056 991 τὸ

1772 1030 2052 1102 [σκέμμα.

478 1133 588 1188 Καὶ
618 1131 836 1185 δίκτυον
863 1127 1126 1182 ἐπλέκετο
1157 1125 1406 1180 κινδύνου
1438 1124 1516 1194 τῷ
1546 1123 1766 1193 δειλαίῳ
1785 1164 1799 1186 ,

478 1229 586 1282 Καὶ
620 1226 886 1294 στόλισμα
925 1219 1318 1292 μελάμπεπλον
1350 1219 1604 1285 ύφαίνετο
1628 1216 1884 1269 Θανάτου.

477 1314 604 1388 Εἶχε
637 1319 736 1387 μὲν
765 1311 858 1368 οὖν
891 1313 982 1366 τὸν
1023 1309 1304 1380 Ῥωμανὸν
1335 1308 1537 1378 περαεα
1575 1304 1868 1370 Βυζαντίου

477 1408 835 1480 Θηροκτονεῖν
861 1400 1187 1474 ὁρμώμενον
1219 1399 1316 1453 καὶ
1347 1397 1710 1468 κατατρέχειν
1741 1395 1921 1448 λύκων

477 1499 904 1568 Ἐπιτιηδῶντων
935 1496 1109 1564 ἱεραῖς
1148 1489 1649 1562 προϐατοφρούροις
1686 1487 1972 1558 μάνδραις.

479 1593 666 1664 Πτηνὴ
698 1591 754 1645 δὲ
788 1589 980 1643 πέλειά
1009 1587 1172 1639 ποοεν
1195 1585 1240 1617 ⁸³
1269 1580 1746 1652 ὲπιπτερυξαμένη

490 1685 750 1754 Ἑφίζησε
786 1683 897 1744 τοῖς
927 1679 1147 1748 γόνασιν
1182 1677 1239 1728 ὲν
1271 1675 1572 1742 πετασμοῖς
1603 1670 1832 1739 άψὸφοις
1852 1709 1867 1733 ,

1609 279 2124 341 CONSTANTINI
2164 277 2540 337 MANASSIS

3632 277 3738 341 ιοι

2080 398 2129 454 Α
2163 392 2421 461 Ἔχοντος
2442 391 2567 450 τοὺς
2593 389 2684 460 ἐχο
2695 389 2977 459 ραίνοντας
2998 391 3233 456 οἰκείους
3259 393 3651 461 ταυτοστέγους
3673 395 3738 446 ⁸³⁸.

2162 481 2263 535 "Av
2293 481 2442 534 ἔνδον
2475 480 2605 550 ἔχῃς
2633 483 2758 543 τοὺς
2785 482 3036 552 ἐχθροὺς,
3073 482 3139 536 ἂν
3175 483 3458 552 ἐφεστίους
3497 484 3674 556 τρέφῃ
3725 525 3742 552 ,

2157 575 2234 628 Ού
2269 574 2524 644 ρύσονται
2561 573 2824 627 κινδύνων
2860 591 2918 627 σε
2953 573 3021 628 τά
3059 575 3380 640 Βαϐυλῶνος
3407 576 3560 647 τείχη
3583 617 3598 643 ,

2159 667 2236 720 Οὐ
2267 665 2469 737 πύργοι
2504 665 2904 736 Σεμιράμιδος,
2938 665 3000 718 οὐ
3036 666 3361 736 πυραμίδων
3395 669 3589 737 πάχος.

2161 757 2259 810 Ἂν
2281 757 2379 826 τὴν
2406 755 2730 826 προδὸτριαν
2758 753 2936 823 ψυχὴν
2964 754 3211 809 σύνοικον
3235 757 3278 788 ⁸⁷
3302 756 3669 829 δυστυχήσῃς,

2159 848 2255 900 Ἂν
2282 846 2588 915 συνοικοίης
2623 846 2741 915 μετ’
2773 847 2940 915 αὐτῆς
2973 848 3032 899 ἐν
3063 848 3302 918 ἁῤῥαγεῖ
3333 849 3600 918 φρουρίῳ,

2169 939 2472 1009 Ἀλώσιμον
2503 939 2562 991 τὸ
2590 939 2848 1010 φρούριον
2870 979 2882 1002 ,
2917 939 3229 1008 ἀφύλακτος
3259 943 3302 972 ⁸⁸
3335 943 3368 1012 ἡ
3407 941 3582 1002 πόλις.

2244 1031 2405 1084 Ἀλλὰ
2435 1029 2722 1100 διηγητέον
2756 1047 2845 1098 μοι
2873 1030 2939 1084 τὰ
2979 1034 3105 1101 περὶ
3135 1032 3441 1099 Διογένους.

2160 1123 2337 1193 Βαρὺς
2375 1122 2474 1190 μὲν
2505 1122 2844 1194 ἑκατέρωθεν
2873 1121 3109 1194 πόλεμος
3144 1125 3426 1196 ἀνερράγη

2159 1215 2340 1267 Μέσον
2383 1213 2670 1283 Ῥωμαίων
2702 1215 2796 1268 καὶ
2836 1215 3063 1286 Περσῶν
3083 1257 3098 1280 ,
3135 1216 3328 1286 ἄγριος
3358 1217 3519 1288 θροῦς
3550 1219 3741 1288 άνέΓη.

2159 1304 2349 1372 Μέγας
2373 1306 2418 1338 ⁶⁹
2441 1306 2714 1374 ὲφώπλιζε
2745 1307 2916 1376 Θυμὸς
2946 1308 3116 1378 ἄμφω
3147 1309 3249 1372 τὰς
3279 1312 3668 1382 στρατάρχίας,

2161 1396 2270 1448 Καὶ
2302 1396 2479 1467 πάντη
2513 1398 2863 1468 περιέτρεχεν
2897 1399 3298 1472 ἀνδροδιὼκτης
3336 1403 3530 1472 Ἄρης,

2161 1487 2286 1550 Τοῖς
2317 1488 2513 1557 αἵμασι
2541 1489 2895 1555 κατάόαπτος
2917 1532 2930 1556 ,
2965 1492 3299 1560 φονολουτῶν
3329 1493 3426 1557 τὰς
3449 1497 3668 1566 χεῖρας,

2162 1579 2332 1642 Ὀλας
2367 1581 2645 1645 Θαλάσσας
2676 1583 2929 1655 ἐκροφεῖν
2957 1583 3274 1654 γλιχόμενος
3309 1586 3579 1655 αἱμάτων.

2177 1672 2233 1726 Ὀ
2265 1671 2519 1740 βασιλεὺς
2549 1674 2592 1725 δ’
2620 1673 2845 1726 ὲπέτετο
2878 1673 3299 1744 πλευροκοπῶν,
3334 1673 3547 1728 διώκων

479 1734 711 1846 υἶξξξα
742 1734 997 1843 πρὶνστῆς
1022 1764 1258 1820 κιϐωτοῦ
1291 1734 1615 1834 προσπτᾶσα
1641 1734 2060 1831 τῷᾑστεγάστρῳ
2091 1734 2131 1790 Β
2164 1734 2275 1817 Καί
2303 1734 2604 1834 δορατειοις
2635 1765 2877 1836 νύγμασι
2909 1734 3048 1837 χέων
3076 1734 3298 1838 ἐχθρῶν,
3323 1767 3552 1837 χολάδας
3577 1807 3591 1830 ,

480 1868 590 1921 Καὶ
614 1865 769 1918 λύσιν
799 1859 1218 1929 ἀπαγγέλλουσα
1249 1855 1566 1924 καταφορᾶς
1593 1853 1824 1916 ὑδάτων,

481 1959 589 2012 Καὶ
615 1955 833 2024 δένδρου
863 1951 1059 2020 φύλλον
1091 1947 1358 2017 φέρουσα,
1390 1947 1486 1996 καὶ
1517 1941 1990 2014 παραμυθουμένη

479 2048 603 2101 Νῶε
634 2045 724 2098 τὸν
756 2043 1226 2111 κιϐωτόκρυπτον,
1259 2036 1350 2089 τὸν
1375 2034 1630 2104 δεύτερον
1662 2033 1959 2104 γενάρχην,

491 2137 631 2192 Ἀλλ’
664 2134 852 2197 οἰωνὸς
883 2133 1139 2189 ἀπαίσιος
1162 2171 1176 2192 ,
1203 2127 1338 2182 ἀλλὰ
1369 2128 1556 2180 κακῶν
1588 2127 1916 2195 σημάντωρ,

479 2227 821 2298 Δυσάγγελος
855 2226 1182 2296 φοιϐάστρια
1207 2263 1221 2288 ,
1257 2221 1596 2290 κακόμαντις
1628 2219 1919 2289 προφῆτις.

493 2326 554 2377 ὐ
593 2322 690 2394 μὲν
716 2320 810 2373 οὖν
839 2318 1063 2389 κράτωρ
1097 2315 1156 2367 τὸ
1200 2313 1402 2383 πτηνὸν
1437 2312 1647 2380 πέμπει
1679 2312 1742 2380 τῇ
1791 2308 2060 2379 βασιλίδι,

484 2411 788 2481 Εὐάγγελον
821 2409 1245 2478 προσήμαντρον
1288 2405 1636 2473 ὑποτοπήσα,
1663 2401 1704 2438 ⁸⁵
1738 2401 1918 2455 τοῦτο.

482 2501 582 2559 *Ων
609 2506 716 2576 γάρ
746 2521 826 2566 τις
852 2500 1097 2572 γλίχεται
1130 2499 1332 2565 τυχεῖν,
1367 2496 1552 2548 ἐκεῖνα
1592 2494 1686 2545 καὶ
1711 2492 1953 2557 διξάζει·

483 2599 594 2652 Καὶ
621 2595 793 2648 ταῦτα
821 2595 955 2648 πᾶσι
977 2591 1021 2622 ⁸⁸
1046 2589 1186 2642 κατὰ
1208 2587 1353 2651 νοῦν,
1379 2589 1483 2640 ὃσα
1518 2587 1612 2639 καὶ
1645 2585 1787 2639 κατὰ
1813 2584 2062 2656 γνώμην.

495 2687 634 2744 Ἀλλ’
670 2687 780 2757 ἄρα
808 2681 1245 2753 δυσποτμὸτερον
1267 2679 1420 2734 οὐδέν
1448 2680 1598 2732 ἐστιν
1629 2678 1919 2750 ἀνθρώπου

485 2902 904 2959 insidiarentur.
939 2896 1046 2952 Has
1067 2895 1139 2952 ob
1165 2909 1362 2951 causas
1396 2893 1578 2966 gravis
1598 2901 1654 2949 et
1681 2895 1916 2950 acerbus
1943 2909 2064 2950 esse

485 2993 778 3063 videbatur
822 3005 933 3044 non
968 2985 1334 3057 optimatibus
1365 2984 1550 3051 modo,
1579 2984 1676 3040 sed
1729 2984 1898 3040 etiam
1933 3001 2065 3041 con-

2164 1857 2628 1928 Στρουθιοφόντης
2647 1899 2660 1919 ,
2698 1861 2842 1911 εἴποι
2875 1878 2988 1925 τις,
3023 1859 3176 1928 ἱέραξ
3205 1859 3496 1930 ὠκυπέτης
3517 1902 3533 1923 .

2164 1946 2450 2017 Στρουθοῖς
2482 1949 2924 2018 άπαλοπτέρυξιν
2956 1948 3288 2021 ἐπιρῤοιξῶν
3322 1951 3388 2004 τά
3423 1953 3608 2010 πτίλα.

2165 2039 2427 2111 Πρηστὴρ
2455 2041 2628 2093 ἐδόκει
2657 2044 2769 2104 τοῖς
2800 2041 3034 2114 ἐχθροῖς,
3066 2041 3310 2113 ἔμπυρος
3341 2045 3678 2116 καταδάτηῖ,

2175 2129 2404 2200 ’Υψόϐεν
2433 2131 2846 2196 ἀποδισκευθεὶς
2869 2172 2884 2197 ,
2918 2133 3258 2205 ἀποῤῥαγεὶς
3292 2136 3356 2186 ὲκ
3386 2135 3602 2204 νέφους.

2177 2224 2459 2292 Ἐγένοντο
2483 2225 2807 2278 κατάλουτοι
2838 2225 3055 2296 λύΟροις
3089 2228 3238 2298 αὐτῷ
3264 2228 3311 2258 ⁷⁰
3337 2227 3612 2298 παλάμαι,

2163 2314 2504 2385 Φονοσταγὴς
2540 2316 2573 2385 ἡ
2605 2314 2752 2380 δεξιὰ
2775 2353 2788 2375 ,
2835 2316 3171 2386 φονόφυρτος
3199 2316 3232 2384 ἡ
3270 2315 3472 2386 σπάθη.

2177 2403 2501 2475 Ἑξέρυθρον
2530 2404 2744 2472 ἱμάτιον
2775 2405 3034 2474 ὲφόρεσεν
3063 2406 3125 2457 ὲκ
3154 2404 3353 2474 φόνων,

2178 2495 2263 2555 Ὠς
2293 2495 2346 2546 εἴ
2375 2511 2458 2554 τις
2485 2493 2623 2546 λέων
2655 2494 2892 2564 ἐντυχὼν
2921 2494 3273 2567 δειλοκαρδῐῳ
3305 2495 3428 2566 ζὼῳ

2180 2582 2355 2654 Ῥήξει
2414 2585 2654 2656 πλευρὰν
2678 2587 2721 2617 ⁷⁸
2759 2587 2871 2648 τοῖς
2921 2584 3072 2650 δνυξι
3101 2587 3195 2640 καὶ
3249 2587 3408 2656 λάψει
3430 2589 3476 2620 ’⁸
3510 2589 3617 2641 τῶν
3653 2591 3746 2656 ἐγ-

3539 2681 3746 2752 ὶκάτων

3415 2785 3573 2842 Vers.
3605 2787 3747 2844 6577

2169 2890 2298 2945 tecti
2349 2889 2639 2960 participes
2670 2889 2855 2945 habet.
2907 2889 2964 2946 Si
3017 2889 3167 2945 domi
3221 2889 3568 2946 adversarios
3607 2893 3744 2955 alas.

2169 2997 2279 3036 nam
2337 2991 2389 3036 te
2427 2981 2689 3051 periculis
2736 2983 2954 3052 eripere
3003 2983 3147 3037 muri
3190 2983 3472 3053 Babylonii
3519 2994 3746 3054 queant,

483 3087 599 3160 jugi
634 3085 901 3153 Ducaeque
947 3080 1156 3136 liberis.
1200 3076 1340 3132 lline
1382 3079 1557 3133 secuti
1589 3077 1917 3133 clandestini
1967 3094 2064 3133 su-
2093 3073 2135 3131 C
2169 3091 2276 3129 non
2321 3074 2701 3129 Semiramidis
2747 3085 2951 3140 turres,
2983 3090 3094 3128 non
3145 3075 3491 3146 pyramidum
3543 3077 3750 3131 crassi-

487 3177 655 3243 surri,
683 3173 1019 3236 molitiones,
1050 3169 1186 3233 doli,
1209 3184 1438 3224 suorum
1464 3168 1612 3233 odia,
1645 3183 1849 3233 casses,
1877 3168 2060 3238 laquei

490 3266 872 3324 meditantium
913 3278 1026 3334 quo
1081 3271 1240 3332 pacto
1273 3260 1413 3315 citra
1458 3259 1706 3314 laborem
1747 3275 1967 3316 omnem
2009 3269 2066 3314 et

487 3359 794 3432 periculum
838 3357 1229 3426 imperatorem
1262 3353 1516 3408 hostibus
1552 3351 1870 3423 proderent.
1933 3353 2066 3422 Ejus

487 3448 817 3521 proditionis
835 3446 1092 3518 poculum
1118 3442 1300 3498 Caesar
1319 3442 1664 3498 Constantini
1691 3443 1852 3498 Duca:
1876 3441 2066 3508 frater,

489 3543 648 3612 cujus
676 3539 820 3593 illius
851 3537 1198 3592 Andronicus
1216 3534 1269 3588 id
1300 3535 1562 3604 temporis
1581 3534 1930 3589 exercituum
1957 3533 2069 3588 dux

489 3645 629 3692 erat.
660 3631 946 3686 miscebat.
966 3629 1135 3698 Igitur
1155 3643 1278 3682 cum
1304 3627 1418 3681 ﬁlio
1443 3627 1767 3694 cazterisque
1785 3626 2067 3696 copiarum

492 3723 730 3779 ducibus
759 3721 1052 3775 consilium
1083 3734 1243 3773 suum
1275 3718 1650 3772 communicat
1670 3757 1684 3779 ,
1721 3733 1831 3787 quo
1857 3718 2073 3786 pericu-

493 3819 670 3871 losum
710 3817 845 3882 .rete'
877 3810 1084 3863 misero
1145 3807 1468 3861 nectebatur
1517 3814 1574 3860 et
1617 3810 1786 3860 vestis
1821 3804 2070 3859 lcthifera

495 3903 806 3960 texebatur.
871 3899 990 3955 Jam
1045 3897 1313 3968 Diogenes
1365 3896 1422 3950 in
1471 3895 1760 3950 adversum
1812 3894 2073 3964 Byzantio

495 3999 653 4054 littus
682 3986 995 4064 trajecerat,
1031 3991 1161 4046 totis
1210 3987 1424 4043 viribus
1459 3987 1754 4042 invasurus
1781 3995 1839 4041 et
1869 3995 2076 4041 macta-

497 4099 658 4145 turus
691 4089 852 4157 lupos
888 4085 942 4138 in
991 4097 1274 4138 sacrarum
1307 4089 1364 4136 et
1400 4078 1840 4135 Christianarum
1889 4078 2072 4132 ovium

497 4181 683 4237 caulas
739 4177 1089 4248 prosilientes
1149 4188 1213 4227 ac
1259 4180 1593 4242 grassantes,
1642 4185 1766 4225 cum
1823 4171 2076 4226 columba

497 4272 746 4344 qumdam
773 4268 1025 4324 alicunde
1046 4266 1308 4320 advolans
1338 4263 1553 4334 placido
1586 4263 1795 4318 alarum
1833 4273 1984 4318 motu
2010 4263 2078 4318 ad

499 4362 674 4434 ipsius
715 4375 892 4431 genua
922 4372 1044 4414 sese
1103 4357 1342 4422 demisit,
1375 4372 1485 4411 non
1517 4355 1696 4426 qualis
1723 4355 1790 4410 ad
1822 4369 1963 4410 arcae
1997 4363 2080 4410 te-

2167 3167 2287 3223 ties.
2317 3166 2372 3222 Si
2409 3167 2656 3237 proditor
2677 3168 2893 3221 animus
2915 3182 3108 3237 magno
3131 3183 3254 3222 cum
3283 3169 3426 3222 malo
3452 3179 3546 3223 tuo
3570 3177 3749 3224 tecum

2166 3259 2341 3324 vivat,
2379 3257 2597 3313 etiamsi
2647 3273 2772 3312 cum
2806 3257 2900 3311 illo
2930 3259 3095 3328 degas
3135 3258 3189 3312 in
3221 3259 3449 3315 castello
3488 3259 3748 3329 quopiam

2168 3350 2604 3420 inexpugnabili,
2654 3349 2828 3403 nihilo
2891 3360 3068 3404 tamen
3124 3350 3306 3403 minus
3339 3359 3394 3404 et
3433 3350 3751 3404 munimem

2171 3452 2285 3498 tum
2313 3442 2446 3497 illud
2477 3441 2843 3512 occupabitur
2862 3449 2918 3496 et
2940 3442 3074 3497 urbs
3102 3443 3456 3513 quantumvis
3479 3443 3750 3498 instructa

2167 3533 2390 3590 defendi
2420 3549 2529 3589 non
2563 3534 2786 3603 poterit.

2241 3624 2402 3680 Nunc
2446 3624 2702 3692 Diogenis
2748 3639 2906 3680 casus
2945 3625 3264 3682 narratione
3300 3627 3749 3697 complectamur.

2170 3713 2347 3770 Grave
2379 3729 2442 3769 ac
2477 3715 2670 3786 ingens
2713 3715 2958 3784 praelium
2991 3716 3252 3786 utrinque
3286 3718 3634 3783 movebatur,
3672 3720 3756 3774 ni-

2175 3807 2377 3862 mirum
2402 3807 2548 3862 inter
2583 3808 2860 3862 Romanos
2888 3817 2946 3864 et
2979 3809 3174 3863 Persas
3230 3827 3242 3863 :
3287 3809 3458 3866 duces
3497 3812 3758 3881 utrinque

2175 3914 2372 3970 magna
2405 3900 2485 3953 ira
2539 3899 2801 3953 concitati
2849 3899 3228 3969 proruebant;
3283 3899 3427 3954 Mars
3468 3901 3755 3956 hominum

2176 3991 2454 4060 pernicies
2483 3989 2996 4044 circumcursitabat
3019 3989 3285 4060 undique.
3318 4005 3514 4046 cruore
3550 4007 3759 4061 resper-

2177 4096 2272 4136 sus
2314 4090 2368 4134 et
2401 4083 2455 4134 in
2497 4096 2565 4136 eo
2592 4097 2786 4136 manus
2813 4082 3064 4148 abluens,
3096 4098 3220 4136 cum
3267 4083 3492 4152 quidem
3543 4085 3757 4156 integra

2177 4173 2461 4242 sanguinis
2493 4173 2664 4227 maria
2697 4182 2926 4244 cuperet
2971 4177 3286 4232 exsorbere.
3321 4177 3378 4232 ln
3423 4176 3527 4232 hoc
3574 4183 3757 4232 rerum

2180 4273 2325 4349 statu
2373 4267 2560 4322 hostes
2607 4267 2904 4337 imperator
2943 4269 3257 4335 invadebat,
3307 4271 3479 4326 latera
3521 4272 3757 4338 eaedens,

2182 4369 2538 4424 persequens,
2573 4355 2852 4411 hastarum
2904 4358 3108 4414 ictibus
3149 4375 3343 4414 eorum
3384 4361 3594 4416 viscera
3639 4377 3763 4428 pas-

503 4431 652 4508 ctutn
687 4449 965 4519 quondam
1008 4448 1308 4503 eonvolans
1342 4448 1506 4501 finem
1550 4447 1851 4516 appetiissc
1883 4446 2075 4501 diluvii
2105 4431 2157 4489 D
2185 4448 2288 4502 sim
2313 4446 2604 4504 ell‘undens
2631 4467 2646 4507 :
2679 4449 2907 4505 dixisset
2932 4451 3134 4521 aliquis
3164 4452 3408 4508 velocem
3439 4453 3757 4524 accipitrem

501 4543 792 4599 nuntiabat
837 4551 894 4597 et
951 4542 1115 4595 allato
1171 4541 1305 4594 oleae
1361 4554 1512 4593 ramo
1555 4537 1804 4592 abditum
1847 4539 1899 4592 in
1951 4553 2074 4592 arca

503 4638 696 4702 Neam,
732 4635 964 4690 alterum
997 4631 1222 4687 humani
1266 4631 1486 4700 generis
1518 4639 1822 4695 auctorem,
1859 4629 2092 4683 solabat

503 4739 616 4793 tur,
655 4728 750 4783 sed
808 4726 1099 4797 augurium
1147 4735 1374 4792 prorsus
1426 4719 1747 4782 infaustum,
1805 4719 2076 4773 malorum

506 4817 1048 4884 iudicatrix,‘nuntia
1090 4815 1336 4878 sinistra,
1369 4821 1522 4868 vates
1548 4811 1764 4867 adversi
1800 4826 1962 4866 casus
1995 4811 2080 4864 in-

504 4914 652 4968 felix.
685 4912 818 4966 Eam
847 4911 1033 4966 alitem
1063 4909 1364 4977 imperator
1388 4913 1540 4960 ratus
1570 4905 1862 4974 augurium
1893 4903 2077 4958 laetum

503 5021 626 5062 esse
656 5003 726 5059 ad
773 5003 1177 5074 imperatrieem
1223 4999 1410 5054 mittit.
1460 4997 1615 5068 133
1653 4997 1787 5051 Nam
1827 5012 1949 5067 quae
1979 4996 2080 5050 sibi

505 5095 730 5152 evenire
762 5097 998 5165 quisque
1026 5093 1324 5156 desiderat,
1362 5091 1430 5146 iis
1463 5106 1520 5145 se
1551 5090 1854 5160 potiturum
1885 5089 2082 5158 opina-

511 5197 637 5251 tur;
689 5187 937 5256 adeoque
993 5183 1178 5240 cuncti
1235 5191 1418 5238 mente
1471 5180 1792 5249 concipiunt
1845 5195 1909 5234 ea
1962 5195 2086 5248 quae

509 5281 794 5336 voluntate
824 5286 1108 5350 appetunt.
1148 5275 1255 5332 Sed
1303 5275 1450 5330 enim
1491 5289 1558 5329 eo
1591 5272 1726 5327 nihil
1759 5281 1844 5327 est
1869 5287 2086 5327 aerum-

511 5373 703 5428 nosius
747 5372 969 5425 homine
1012 5369 1106 5438 qui
1135 5367 1322 5424 hostes
1369 5365 1698 5422 domesticos
1742 5373 1798 5419 et
1839 5364 2085 5434 ejusdem

2187 4546 2244 4592 et
2293 4537 2415 4592 vitae
2460 4540 2800 4595 avicularum
2841 4542 3100 4598 infestum
3158 4544 3338 4614 pullos
3396 4545 3600 4600 teneris
3660 4546 3764 4600 alis

2188 4630 2446 4700 praeditos
2497 4648 2692 4703 magno
2746 4649 2870 4688 eum
2924 4636 3135 4690 alarum
3200 4638 3430 4706 strepitu
3493 4638 3762 4692 involare.

2187 4722 2461 4777 Nimirum
2511 4725 2760 4780 ardentis
2809 4728 3076 4795 presteris
3141 4728 3196 4782 in
3240 4743 3470 4793 morem,
3521 4743 3592 4782 ex
3637 4743 3766 4783 aere

2191 4815 2446 4884 nubeque
2508 4815 2764 4886 delapsi,
2829 4818 2883 4871 in
2944 4818 3130 4874 hostes
3187 4806 3474 4874 videbatur
3530 4819 3768 4880 irruere.

2191 4905 2384 4962 Manus
2411 4908 2678 4978 sanguine
2711 4908 2910 4965 tinctas
2944 4910 3213 4977 habebat;
3245 4912 3436 4966 dextra
3465 4921 3519 4966 et
3552 4911 3769 4982 gladius

2188 4999 2366 5054 caedes
2391 4999 2666 5055 stillabant
2692 5019 2706 5067 ;
2739 5013 2919 5058 vestes
2951 5018 3148 5058 cruore
3187 5017 3456 5057 eaasorum
3488 5018 3769 5072 respersas

2186 5102 2243 5146 et
2275 5092 2536 5148 rubentes
2585 5093 2852 5163 gestabat,
2890 5095 3118 5164 perinde
3166 5109 3230 5149 ac
3265 5095 3310 5148 si
3353 5095 3439 5149 leo
3481 5094 3754 5164 quispiam

2190 5183 2443 5237 timidum
2486 5193 2682 5239 nactus
2714 5186 2916 5240 animal
2969 5187 3090 5257 ejus
3131 5187 3302 5241 latera
3348 5186 3621 5255 discerpat
3663 5200 3769 5237 un-

2188 5275 2388 5346 guibus
2417 5284 2473 5330 et
2499 5277 2821 5346 sanguinem
2851 5287 3266 5348 promanantem
3292 5278 3512 5333 hauriat
3533 5277 3766 5346 indeque

2189 5375 2475 5421 cruentata
2503 5366 2654 5420 labra
2683 5377 2942 5423 ostentet.
2973 5369 3094 5424 Non
3122 5369 3469 5425 centimanus
3497 5369 3585 5425 ille
3614 5368 3763 5424 Bria-

1866 5479 2066 5540 νεηνίαι
2119 5479 2446 5543 lectiones.

1136 5608 1180 5640 “
1216 5623 1344 5661 ποτε
1374 5610 1436 5662 Δ.
1514 5607 1560 5638 ⁸⁸
1593 5604 1946 5667 ύποτοπάσας
1986 5603 2050 5658 ﬂ.

1375 5679 1418 5710 θ’
1456 5677 1621 5748 μέλας
1655 5675 1718 5729 ιι.

586 5610 632 5643 ⁸¹
669 5609 965 5663 ἐσκέπτετο
989 5605 1056 5660 R.

517 5698 670 5753 ρονον
704 5681 772 5740 ιι.
848 5679 892 5710 ⁸³
927 5677 1194 5742 εὐάλωτος
1230 5675 1297 5731 Β.

2041 5643 2064 5684 ..
2117 5675 2128 5684 Δ
2152 5604 2204 5684 ff
2246 5605 2444 5684 πάσχει
2475 5604 2849 5684 Βημάσσῃ-Α.
2906 5609 2972 5684 _“
3002 5611 3368 5684 αύτοστέγους
3396 5609 3459 5667 R.

1828 5676 1871 5707 ⁷ο
1902 5673 2067 5729 αὑτοῦ
2102 5673 2214 5728 ΑΒ.
2293 5677 2336 5707 ⁷⁸
2364 5673 2588 5747 πλευρᾶ
2613 5677 2677 5734 Β.
2733 5673 2799 5712 "7'
2823 5679 3008 5733 λαύσει
3038 5680 3104 5734 R.

3539 5608 3580 5641 "
3607 5607 3762 5676 δύσφ-
