4138 6216
369 330 479 396 665

1459 335 1840 398 COMPENDI
1852 336 1959 398 ΗΜ
1997 335 2475 398 CIIRONICUM.

3506 328 3612 392 465

371 448 483 501 Kal
509 444 673 510 δείξει
706 445 1102 516 ἐγκατάϐαπτα
1123 447 1241 480 ⁷³³⁵
1268 448 1389 512 τοῖς
1409 449 1605 521 αἵμασι
1636 450 1704 506 τὰ
1730 450 1908 523 χείλη.
1962 448 2014 508 Α
2050 450 2445 521 Ἐλέγχει-τοὺς
2470 448 2813 516 ταυεογενεῖς
2840 445 2917 517 τῷ
2950 440 3159 515 βασιλεζ
3186 438 3448 513 προδότας

380 536 554 609 ’Υπὲρ
582 536 746 591 αὐτὸν
776 537 1056 607 Βριάρεων
1082 536 1279 602 ἔδειξεν
1307 540 1657 611 ἑκατόγχειρο

381 629 555 700 ’Υπέρ
585 628 751 682 αὑτὸν
793 627 1139 695 Ἐγκέλαδον,
1181 628 1322 701 ὑπὲρ
1355 629 1612 699 Τυφῶνος
1642 629 1865 702 θράσος,

370 722 555 782 Φόνιος
571 760 589 785 ,
613 718 1047 790 όμϐριμόεργος,
1071 719 1292 790 ἀκάμας
1321 720 1397 784 ὡς
1429 721 1666 792 ἀδάμας.

410 808 520 866 Ἦν
536 810 731 871 ταῦτα,
751 811 846 865 καὶ
860 811 1226 882 προσέϐλεψεν
1242 813 1274 883 ὴ
1290 813 1413 881 νίκη
1424 813 1549 877 τοὺς
1563 813 1940 884 Ῥωμαίους⁷⁵,

372 906 483 959 Kal
506 903 747 975 χαροπδν
776 903 1027 971 ἐγέλασε,
1063 904 1161 958 σὺν
1186 904 1363 974 χρόνῳ
1391 902 1628 967 τούτους
1649 904 1874 973 γνοῦσα.

382 995 545 1049 Ἀλλά
574 995 683 1066 γὰρ
710 995 745 1064 ἡ
776 993 1145 1066 τριϐάρϐαρος
1171 995 1355 1065 ἐκείνη
1390 994 1672 1051 Βασκανία

371 1088 482 1142 Kal
517 1088 615 1156 τῆς
647 1087 846 1150 κακίας
869 1086 928 1139 τδ
960 1087 1187 1163 στυγνὸν
1215 1087 1310 1141 καὶ
1339 1087 1399 1140 τὸ
1423 1087 1519 1141 τοῦ
1555 1088 1750 1157 φθόνου
1783 1088 1945 1158 νέφος

371 1177 641 1248 Τοιαύτην
665 1177 1168 1247 λαμπροστόλιστον
1197 1179 1531 1251 ἠμαύρωσεν
1567 1182 1802 1252 ἡμέραν.

384 1267 473 1332 ὀς
493 1267 651 1337 γάρὸ
684 1268 898 1337 Καῖσαρ
934 1265 1028 1320 τοῦ
1054 1266 1298 1337 δρασμοῦ
1333 1268 1425 1322 καὶ
1459 1269 1557 1340 τῆς
1590 1269 1768 1339 φυγῆς
1813 1287 1948 1325 κατ-

1735 1358 1945 1432 [ἧρξεν.

378 1450 602 1518 ’ῼχοντο
628 1449 828 1512 πάντες
858 1449 1100 1504 ἐκποδὼν
1118 1490 1133 1513 ,
1162 1449 1257 1504 τὸν
1279 1451 1522 1522 κράτορα
1549 1451 1820 1515 λιπόντες.

377 1541 488 1593 Kal
518 1538 773 1608 βασιλεὺς
798 1540 874 1601 ὡς
901 1540 1108 1604 κολοιὸς
1136 1535 1206 1613 ἦν
1235 1541 1652 1613 ἀπεψιλωμένος
1673 1582 1691 1610 ,

381 1629 489 1681 Kal
516 1629 641 1699 τῇδε
673 1628 1001 1699 περιέϐλεπε
1030 1631 1193 1684 κάκεῖ
1224 1633 1576 1703 περιεσκόπει
1600 1672 1616 1696 ,

378 1719 489 1771 Kal
523 1718 683 1788 μόνον
712 1719 941 1774 ἔϐλεπεν
970 1721 1134 1775 αὑτὸν
1165 1724 1223 1776 ἐν
1258 1722 1475 1795 βρόχοις
1504 1724 1879 1791 δυσεκϐάτοις.

389 1808 669 1871 Ἐντεῦθεν
698 1810 1050 1882 ἐπεπήδησαν
1079 1814 1426 1886 πρωτόαρχοι
1456 1815 1781 1886 Βαρϐάρων,

377 1893 1209 1975 Συντρέχοντες,προτρέχοντες,
1254 1906 1528 1976 ἐρίζοντες
1560 1907 1809 1979 ἀλλήλοις

378 1993 474 2046 Τίς
506 1992 572 2048 ἀν
604 1994 859 2049 συλλάϐοι
904 1995 1188 2067 Ῥωμανδν
1227 1997 1430 2062 ζῶντα.
1464 2000 1573 2053 Καὶ
1606 1999 1919 2055 τελευταῖον

379 2086 681 2154 Ζωγρεῖται
716 2083 853 2152 φεῦί
883 2088 909 2140 6
943 2085 1196 2156 βασιλεὺς
1229 2086 1592 2159 βαρϐαρικαῖς
1622 2090 1922 2161 παλάμαις,

392 2171 449 2226 ’0
480 2172 615 2226 λέων
645 2173 789 2245 θήρα
816 2174 1023 2243 γίνεται
1053 2176 1352 2248 πανθήρων
1381 2179 1776 2253 λυσσητήρων,

380 2265 514 2328 'I‘ai;
540 2266 851 2335 νυκτερίσιν
880 2267 1038 2331 ἀετὸς
1069 2272 1353 2337 κρατεῖται
1385 2272 1787 2344 χρυσοπτέρυξ.

383 2355 456 2408 Τὸ
483 2357 621 2423 μετά
644 2354 818 2410 ταῦτα
849 2357 902 2409 τί
934 2358 1027 2410 καὶ
1059 2359 1174 2423 πῶς
1208 2360 1302 2413 καὶ
1334 2363 1499 2433 μέχρι
1524 2363 1616 2417 τοῦ
1652 2364 1955 2437 προῆλθωι

395 2446 454 2498 Ὀ
481 2444 758 2517 βάρϐαρος
791 2450 819 2501 6
845 2438 1120 2520 φύλαρχος
1154 2450 1363 2516 ἐκεῖνος
1392 2454 1420 2506 6
1446 2455 1739 2523 ζωγρήσας

383 2537 495 2604 Τὴν
526 2537 943 2610 βαρϐαρόθυμον
968 2539 1146 2611 ψυχὴν
1175 2542 1423 2609 ἀέλπτως
1455 2546 1795 2616 ἡμεροῦται,

386 2628 579 2683 Βλέπει
614 2629 1127 2705 φιλανθρωπότερον
1156 2636 1285 2706 περὶ
1317 2636 1407 2694 τὸν
1443 2636 1668 2707 βασιλέα
1688 2654 1701 2667 ⁸
1740 2647 1742 2651 ⁷

385 2721 656 2792 Οἰκτεέρει
681 2721 791 2792 γάρ
825 2722 921 2777 καὶ
948 2724 1235 2797 Βάρϐαρος
1270 2726 1482 2783 ἄνακτα
1517 2728 1959 2801 δυσπραγοῦντα.

386 2965 511 3003 reus
540 2949 851 3022 huiusmodi
887 2952 1130 3011 facinora
1159 2954 1489 3029 designavit,
1522 2959 1781 3016 Sirenum
1823 2978 1958 3019 can-

388 3043 489 3091 tus'
523 3042 841 3111 superantia
887 3052 944 3099 et
986 3044 1268 3117 Typhonis
1320 3049 1628 3105 audaciam.
1683 3053 1954 3109 Nimirum

384 3128 563 3184 caedes
598 3110 901 3201 imperator
944 3110 1187 3191 aedibus
1226 3138 1566 3204 cumulabat,
1601 3140 1768 3197 fortia
1814 3143 1956 3200 facta
1983 3110 2026 3168 ο

386 3221 658 3291 patrabat,
698 3224 1005 3281 indefessus
1035 3227 1340 3284 adamantis
1367 3230 1422 3284 in
1459 3246 1665 3285 morem
1696 3241 1835 3288 erat.

461 3314 595 3369 Dum
644 3316 759 3373 hinc
794 3315 866 3372 ita
899 3328 1246 3389 gererentur,
1284 3320 1353 3375 ad
1404 3321 1684 3377 Romanos
1725 3325 1956 3380 victoria

385 3414 509 3475 post
560 3414 775 3477 tempus
825 3407 969 3462 haud
1010 3409 1267 3479 exiguum
1316 3421 1565 3479 pugnata;
1603 3413 1714 3483 jam
1768 3429 1960 3483 pugna:

386 3497 690 3566 spectabat,
742 3500 932 3568 e'sque
980 3500 1104 3553 laito
1141 3508 1198 3553 et
1243 3499 1402 3553 hilari
1448 3502 1602 3556 vultu
1658 3503 1957 3569 arridebat,

384 3602 511 3640 cum
544 3602 673 3640 ecce
705 3586 1130 3644 barbarissimus
1163 3588 1253 3643 ille
1297 3588 1437 3643 livor
1468 3600 1524 3644 et
1561 3592 1825 3647 scelerata
1856 3593 1960 3648 im-

385 3677 636 3747 probitas
664 3686 719 3733 et
749 3678 925 3734 nubes
946 3681 1101 3750 quasi
1133 3680 1381 3751 quaedam
1412 3680 1632 3740 invidiae
1674 3686 1818 3740 diem
1851 3695 1959 3741 tam

386 3767 737 3839 splendidum
773 3768 1031 3840 deturpat
1058 3780 1115 3826 et
1145 3772 1426 3830 obscurat.
1471 3773 1607 3829 Nam
1637 3774 1730 3829 ubi
1769 3774 1952 3832 Caesar

390 3859 603 3929 primus
646 3859 862 3915 initium
895 3861 1034 3933 fuga:
1065 3863 1307 3929 fecisset,
1338 3865 1580 3921 universi
1620 3866 1813 3923 relicto
1856 3868 1961 3922 im-

390 3961 642 4020 peratore
681 3960 855 4008 semet
887 3953 942 4007 in
988 3954 1157 4022 pedes
1199 3956 1588 4027 conjiciebant.
1645 3957 1759 4015 Hoc
1796 3958 1961 4015 modo

391 4042 688 4113 imperator
712 4042 986 4100 denudato
1014 4048 1234 4117 graculo
1271 4049 1579 4106 consimilis
1630 4050 1808 4107 factus
1858 4052 1961 4108 hac

389 4135 514 4191 illac
559 4136 1076 4207 circumspectabat,
1130 4154 1300 4209 seque
1348 4140 1525 4195 solum
1557 4141 1698 4197 intra
1735 4132 1962 4213 laqueos

392 4225 803 4283 inextricabiles
863 4227 1106 4283 delatum
1167 4230 1405 4286 videbat.
1461 4232 1775 4287 Secundum
1844 4234 1959 4288 haec

391 4318 651 4388 praecipui
706 4318 1072 4376 Barbarorum
1112 4335 1367 4391 proceres
1417 4321 1473 4376 in
1525 4338 1652 4378 eum
1702 4324 1962 4379 ferociter

2054 541 2355 613 Ῥωμαίους
2380 542 2409 595 6
2437 538 2840 611 τριϐάρϐαρος..
2857 536 3154 605 ἀλλόφυλος
3186 530 3499 604 συμφύλους
3519 545 3537 562 ⁸

2042 636 2258 689 Γίνεται
2288 634 2735 706 προμηθέστερος
2765 630 2913 703 αὑτῷ
2942 631 3036 684 καὶ
3060 628 3171 682 τῶν
3195 624 3445 689 οἰκείων,

2045 727 2156 780 Kal
2184 724 2683 796 κηδεμονικώτερος
2724 721 2905 776 αὐτῶν
2933 721 3042 775 τῶν
3076 716 3368 790 ὁμογνίων.

2045 813 2335 869 Σπένδεται
2354 852 2371 879 ,
2402 811 2829 868 καταλλάττεται
2850 851 2872 876 ,
2897 810 3186 880 σύμμαχον
3214 806 3367 877 νέμει
3392 804 3589 875 χεῖρα,

2057 906 2521 977 Ἀνακτησόμενον
2547 902 2696 975 αὐτῷ
2729 902 2936 973 πέμπει
2970 900 3067 972 τὴν
3100 896 3418 970 κρατορίαν.

2049 995 2283 1064 Ἤλυξεν
2307 992 2400 1052 οῦν
2428 997 2457 1050 ό
2491 995 2772 1067 Ῥωμανδς
2798 994 2874 1057 ὡς
2902 992 3009 1064 οὴρ
3037 988 3473 1058 ὲκγαλεάγραςν

2056 1086 2146 1150 Ὠς
2171 1089 2235 1141 ἐκ
2260 1086 2522 1159 βροχίδων
2548 1086 2725 1149 ἀετὸς,
2754 1084 2829 1147 ὡς
2854 1083 3015 1154 ἔλλοψ
3040 1082 3137 1135 ἀπ’
3161 1077 3481 1149 ἀγκίστρου,

2050 1180 2158 1237 Kal
2188 1179 2349 1233 πάλιν
2376 1173 2446 1248 ἦν
2480 1176 2734 1246 ἐπίσιμος
2755 1176 2801 1208 ⁷⁸
2826 1174 3060 1245 ἀρθῆναι
3090 1171 3227 1241 πρὸς
3268 1168 3330 1235 τὸ
3360 1166 3581 1237 κράτος.

2060 1272 2223 1327 ’Λλλά
2255 1269 2507 1340 συνέχεεν
2533 1268 2682 1339 αὐτῷ
2715 1267 2810 1321 καὶ
2842 1266 2943 1329 τὰς
2970 1263 3190 1326 ἐλπίδας
3217 1260 3411 1331 φθόνος
3433 1276 3449 1291 -
3494 1326 3503 1331 μ

2049 1361 2358 1432 Γράμματα
2385 1359 2494 1429 γάρ
2523 1359 2839 1427 κατάπτερα
2874 1355 3056 1426 πάντη
3083 1352 3460 1424 περιεφοίτωψ

2051 1450 2235 1513 nisa;
2268 1448 2684 1519 ἀποτειχίζοντα
2712 1446 2790 1518 τῷ
2834 1446 3100 1516 Ῥωμανῷ
3132 1444 3231 1507 τὰς
3264 1442 3468 1503 πόλεις.

2061 1539 2338 1595 Ἐντεῦθεν
2364 1541 2391 1593 6
2416 1539 2757 1611 ταλαίπωρος
2785 1537 2989 1607 ἔρημος
3019 1533 3235 1607 περιῄει
3252 1575 3271 1600 ,

2053 1633 2280 1704 Ἀφιλος
2301 1673 2314 1697 ,
2344 1632 2648 1702 ἀϐοήθητος
2668 1673 2683 1698 ,
2719 1631 2876 1694 ἄλλος
2906 1627 3370 1699 Βελλεροφόντης,

2050 1725 2159 1777 Τοῦ
2194 1724 2427 1796 κράτους
2455 1721 2909 1794 ἀποσφαιρισθελς
2933 1720 3122 1790 ὥσπερ
3164 1717 3272 1772 ἀπὸ
3303 1715 3591 1788 Πηγάσου,

2056 1816 2241 1868 Ἕτεσι
2273 1815 2454 1885 μόνοις
2484 1815 2543 1867 ἐν
2576 1814 2724 1884 τρισὶ
2763 1813 2857 1867 τοῦ
2891 1812 3127 1884 κράτους
3158 1808 3469 1871 ἀπολαύσας
3489 1809 3561 1863 ’⁷.

2127 1907 2271 1961 ’Λλλ⁹
2310 1906 2432 1959 οὺδέ
2462 1905 2624 1960 πάλιν
2651 1906 2685 1975 ἠ
2716 1904 2864 1976 πυρὰ
2890 1905 3003 1980 τοῦ,
3021 1903 3214 1973 φθόνου
3242 1898 3585 1967 κατεσϐέσθη
3606 1914 3621 1929 ο

2064 1999 2125 2053 Ὀ
2145 2000 2252 2071 γάρ
2282 2014 2364 2051 τοι
2392 1996 2601 2060 Δοῦκας
2624 1995 2846 2066 Μιχαὴλ
2871 1996 2901 2049 6
2935 1997 3062 2059 παῖς
3091 1995 3186 2050 τοῦ
3212 1991 3624 2049 Κωνσταντίνου

2054 2091 2200 2162 Πρδς
2231 2088 2331 2160 τὴν
2364 2087 2548 2158 ἀκμὴν
2576 2085 2856 2149 ἐπαναϐὰς
2888 2085 2989 2156 ἢδη
3018 2085 3126 2138 τῶν
3152 2084 3451 2138 νεανίσκων

2055 2180 2165 2232 Kal
2197 2176 2359 2247 χνοῦν
2390 2174 2861 2245 ἐπαγγελλόμενος
2891 2171 3067 2225 ίούλου
3094 2172 3207 2235 τοῖς
3237 2170 3561 2240 κροτάφοις,

2055 2270 2146 2341 Τῷ
2169 2269 2411 2340 Καίσαρι
2436 2266 2785 2338 χρησάμενος
2815 2264 2892 2335 τῷ
2916 2263 3046 2335 θείῳ
3077 2261 3340 2333 συνερίθῳ

2056 2363 2168 2417 Kal
2192 2362 2307 2423 τυῖς
2337 2356 2732 2431 ὑπερισχύουσι
2756 2357 2854 2411 καλ.
2879 2356 2992 2417 τοῖς
3017 2355 3075 2407 ἐν
3106 2349 3492 2423 στραταρχίαις
3515 2348 3589 2412 7⁸,

2069 2452 2448 2522 Ἐγκαθιζάνει
2483 2452 2582 2522 μὲν
2609 2450 2773 2514 εὐθὺς
2800 2450 2912 2513 τοῖς
2943 2448 3156 2519 θρόνοις
3184 2448 3294 2509 τοῖς
3330 2442 3626 2515 πατρῴοις,

2059 2544 2168 2599 Kal
2197 2543 2297 2615 τὴν
2330 2542 2597 2597 τεκοῦσαν
2624 2541 2918 2595 στένουσαν
2949 2539 3121 2593 πολλά
3155 2540 3249 2592 καὶ
3274 2537 3557 2607 γοωμένην

2058 2634 2179 2687 Τῶν
2210 2633 2511 2704 περιϐόλων
2538 2632 2638 2701 τῆς
2661 2632 2837 2702 ἀρχῆς
2862 2629 3101 2684 ἄκουσαν
3125 2626 3418 2681 ἀπελαύνει

2060 2728 2170 2781 Καὶ
2197 2727 2381 2798 τίθησι
2423 2726 2752 2797 μονάστριαν
2772 2764 2788 2789 ,
2820 2722 2915 2775 καὶ
2949 2720 3125 2793 κείρει
3154 2719 3279 2783 τοὺς
3315 2715 3630 2786 πλοκάμους

3308 2843 3460 2899 Vers.
3492 2840 3631 2903 6628

2062 2952 2309 3012 adversis
2355 2954 2621 3024 iactatum
2645 2952 2877 3009 casibus
2921 2948 3406 3008 commiseratione
3452 2946 3628 3017 tangi-

2066 3056 2175 3101 tur.
2209 3046 2399 3115 Itaque
2424 3046 2510 3100 vir
2537 3044 2830 3113 wteroqui
2858 3042 3212 3098 terbarbarus
3241 3046 3501 3110 cognatos
3533 3038 3635 3093 im-

2062 3138 2330 3210 peratoris
2357 3146 2413 3193 et
2435 3138 2734 3203 Romanos,
2773 3145 3071 3192 extraneus
3105 3136 3255 3190 cives
3294 3142 3351 3189 et
3395 3132 3630 3204 gentiles

2059 3229 2389 3299 proditionis
2415 3228 2695 3299 coarguit;
2734 3229 2996 3297 majorem
3038 3226 3158 3296 ejus
3189 3222 3417 3278 curandi
3447 3223 3637 3277 foven-

2060 3320 2225 3388 dique
2275 3333 2440 3373 causa
2472 3316 2901 3374 sollicitudinem
2956 3315 3187 3384 suscipit
3217 3329 3380 3384 quam
3414 3315 3635 3385 ipsimet

2062 3408 2360 3463 familiares
2387 3416 2443 3462 et
2474 3407 2799 3478 propinqui;
2832 3405 3012 3461 foedus
3037 3420 3162 3460 cum
3202 3420 3270 3461 eo
3304 3404 3467 3470 ferit,
3504 3420 3634 3475 gra-

2062 3502 2190 3556 tiam
2227 3508 2470 3554 mutuam
2501 3499 2775 3562 conciliat,
2812 3513 3006 3553 manus
3032 3497 3325 3552 auxiliares
3382 3496 3634 3566 porrigit,

2060 3608 2183 3647 cum
2223 3591 2335 3647 suis
2357 3591 2424 3646 ad
2451 3591 2886 3661 recuperandum
2919 3591 3210 3661 imperium
3241 3589 3475 3660 ablegat.
3518 3588 3635 3645 Hoc

2062 3694 2221 3753 pacto
2255 3682 2535 3738 Romanus
2568 3681 2762 3737 bellua:
2789 3680 3021 3752 alicujus
3048 3680 3102 3735 in
3134 3694 3342 3735 morem
3374 3694 3406 3735 e
3444 3694 3636 3734 carce-

2062 3775 2238 3841 ribus,
2268 3786 2326 3831 ut
2354 3790 2385 3831 e
2414 3773 2622 3845 laqueis
2651 3772 2831 3844 aquila
2857 3773 3048 3839 evasit,
3077 3782 3137 3828 ut
3159 3772 3446 3843 acipenser
3476 3766 3639 3828 hamo

2061 3874 2236 3921 semet
2267 3864 2564 3935 expedivit,
2605 3879 2796 3919 rursus
2841 3864 3056 3934 imperii
3088 3863 3303 3934 fastigio
3337 3878 3396 3918 se
3430 3863 3637 3931 potitu-

2062 3972 2185 4011 rum
2221 3971 2471 4026 sperans.
2519 3955 2719 4011 Verum
2774 3954 2874 4010 has
2919 3970 3141 4024 quoque
3180 3970 3306 4024 spes
3351 3953 3538 4009 irritas
3585 3955 3635 4009 ei

2028 4034 2195 4102 ‘fecit
2243 4047 2471 4102 invidia.
2529 4046 2667 4101 Nam
2717 4045 2913 4101 litterae
2959 4044 3264 4100 celerrimis
3307 4042 3514 4099 nuntiis
3568 4043 3637 4100 ad

2062 4138 2285 4209 quasvis
2321 4138 2572 4207 regiones
2600 4146 2759 4192 erant
2799 4135 2999 4200 missas,
3028 4135 3233 4204 quibus
3267 4136 3636 4192 denuntiaba-

2062 4239 2153 4285 tur
2186 4239 2248 4284 ut
2292 4229 2575 4285 Romanus
2621 4228 2898 4283 universis
2939 4228 3173 4285 urbibus
3221 4229 3633 4286 excluderetur.

2063 4324 2202 4381 llinc
2239 4322 2442 4378 factum
2478 4328 2538 4375 ut
2567 4321 2735 4376 miser
2760 4320 2850 4375 ille
2882 4322 3134 4377 desertus
3172 4336 3247 4377 ac-
3277 4322 3427 4378 solus
3463 4322 3637 4377 obva-

392 4411 631 4476 irruuut,
675 4427 780 4467 una
830 4421 1137 4478 currentes,
1172 4415 1312 4468 alter
1343 4412 1578 4469 alterum
1613 4421 1961 4470 auteverten—
1994 4437 2037 4494 ι)
2065 4422 2306 4486 garetur,
2334 4413 2403 4467 ab
2431 4412 2622 4469 amicis
2649 4411 2969 4476 destitutus,
2997 4428 3166 4484 egens
3193 4413 3391 4483 opis‘et
3420 4415 3636 4479 auxilii,

394 4513 497 4566 ti-s,
530 4502 674 4557 inter
707 4517 767 4558 se
798 4503 1146 4559 decertantes
1176 4504 1427 4575 quisnam
1455 4521 1524 4561 ex
1545 4507 1803 4561 omnibus
1834 4506 1963 4561 Dio-

393 4607 588 4657 geriem
638 4591 821 4648 vivum
855 4608 1011 4648 suam
1066 4593 1122 4647 in
1176 4604 1502 4664 potestatem
1544 4596 1839 4667 redigeret.
1879 4597 1961 4652 Ad

391 4688 695 4737 extremum
740 4681 891 4753 (heu)
939 4683 1308 4739 Barbarorum
1343 4684 1398 4739 in
1443 4700 1640 4740 manus
1669 4686 1966 4756 imperator

394 4772 575 4839 venit;
611 4773 699 4828 leo
731 4774 1030 4829 furentium
1082 4776 1472 4845 pantherarum
1503 4776 1684 4847 praeda
1730 4778 1829 4842 ﬁt;
1859 4794 1964 4832 au-

394 4875 542 4920 ratas
583 4865 699 4920 alas
731 4865 938 4921 habens
966 4867 1148 4936 aquila
1203 4867 1418 4939 capitur
1453 4884 1484 4923 a
1530 4869 1772 4924 noctuis.
1809 4867 1969 4940 135

396 4955 535 5021 Quid
564 4956 825 5028 deinceps
856 4959 1085 5013 evenit?
1112 4973 1222 5029 quo
1255 4968 1415 5029 pacto
1456 4976 1555 5015 rex
1578 4960 1774 5031 gesta?
1804 4956 1968 5030 quem

396 5048 601 5103 exitum
634 5048 862 5105 habuit?
923 5050 1195 5105 Barbarus
1222 5050 1312 5106 ille
1354 5052 1533 5121 gentis
1565 5052 1845 5123 princeps,
1874 5053 1969 5124 qui

394 5138 685 5210 Diogenem
723 5141 911 5196 vivum
974 5151 1217 5213 ceperat,
1269 5153 1467 5213 praeter
1521 5144 1768 5199 omnium
1813 5160 1966 5215 spem

395 5230 640 5287 animum
669 5232 995 5288 insolentem
1039 5247 1105 5288 ac
1131 5232 1432 5289 barbarum
1468 5250 1595 5292 cum
1632 5236 1754 5291 miti
1806 5252 1962 5292 com-

399 5330 621 5389 mutat,
670 5332 728 5380 et
793 5324 1181 5394 imperatorem
1232 5326 1645 5396 perhumaniter
1696 5328 1963 5384 intuetur.

394 5414 604 5485 Quippe
631 5414 872 5472 hominis
920 5415 1088 5471 etiam
1135 5415 1356 5475 barbari
1404 5433 1561 5476 mens
1604 5435 1735 5492 erga
1781 5434 1964 5492 regem

2061 4523 2239 4566 novus
2270 4508 2427 4579 quasi
2462 4507 2687 4578 quidam
2728 4506 3202 4577 BellerOphontes,
3250 4507 3331 4561 sic
3373 4507 3637 4561 nimirum

2062 4597 2297 4667 imperio
2326 4596 2573 4666 deiectus
2620 4602 2675 4649 et
2707 4608 2972 4650 excussus
3006 4601 3067 4647 ut
3107 4592 3199 4647 ille
3235 4592 3465 4662 Plagaso,
3496 4606 3626 4647 cum

2063 4705 2130 4745 eo
2168 4688 2346 4744 tribus
2376 4695 2589 4743 tantum
2633 4685 2796 4742 annis
2825 4685 2931 4741 frui
2970 4686 3314 4755 contigisset.

2135 4782 2339 4838 Verum
2394 4796 2466 4835 ne
2527 4779 2608 4835 sic
2654 4779 2876 4849 quidem
2933 4779 3153 4835 invidiae
3204 4777 3421 4833 flamma
3460 4778 3641 4847 potuit

2068 4870 2364 4942 exstingui.
2442 4868 2580 4926 Nam
2646 4869 2953 4924 Michaelus
3016 4869 3228 4932 Ducas,
3288 4866 3640 4924 Constantini

2068 4960 2233 5027 ﬁlius,
2265 4961 2361 5032 qui
2389 4962 2499 5032 iam
2529 4960 2863 5017 adolevisset
2891 4975 2959 5015 ac
2994 4960 3226 5030 primam
3262 4959 3446 5015 barbas
3483 4961 3642 5015 lanu-

2066 5056 2249 5126 ginem
2300 5054 2356 5108 in
2394 5053 2552 5110 malis
2602 5060 2939 5115 ostentaret,
2974 5068 3145 5122 opera
3188 5053 3370 5121 patrui
3407 5053 3643 5108 Ciesaris

2067 5162 2219 5211 usus,
2254 5146 2495 5217 itemque
2530 5146 2870 5216 reliquorum
2894 5159 3181 5215 procerum
3219 5153 3277 5200 et
3304 5144 3506 5200 ducum
3538 5146 3641 5199 mi-
3678 5206 3684 5213 ,

2064 5239 2330 5303 litarium,
2366 5248 2598 5308 paterno
2629 5251 2687 5291 se
2717 5235 2773 5290 in
2802 5236 2940 5290 solio
2961 5234 3272 5298 collocavit,
3306 5243 3364 5291 et
3401 5246 3634 5292 matrem

2072 5329 2393 5401 gravissime
2446 5328 2757 5400 plorantem
2797 5341 3036 5396 suasque
3062 5326 3221 5384 vices
3252 5327 3544 5383 deflentem
3578 5336 3637 5383 et

2074 5421 2430 5477 reluctantem
2454 5417 2707 5492 angustis
2722 5416 2932 5475 adibus
2952 5418 3183 5490 expulit,
3200 5418 3434 5490 vitaeque
3455 5420 3645 5477 solita-

1743 5549 1941 5613 ναι-ξω
1966 5547 2296 5615 lectiones.

470 5664 596 5749 ’ξω-ξ
615 5665 838 5731 δείξειεν
873 5668 1201 5725 κατάϐαπτα
1228 5666 1294 5725 Α.
1378 5671 1424 5705 ⁷³
1456 5674 1567 5737 τοῖς
1607 5672 1899 5746 Ῥωμαίοις
1924 5677 1962 5730 Α

2077 5678 2127 5711 ⁷⁸
2153 5677 2463 5749 ἐπίσημοςί
2533 5677 2578 5710 ⁷⁷
2608 5674 2764 5734 lluuc
2788 5691 3145 5735 versum-om.
3174 5674 3240 5732 ll.
3281 5675 3340 5747 ,⁷⁸
3370 5691 3644 5746 στραταρ-

435 5736 528 5806 χέᾳ
557 5734 623 5793 ιι.
