4138 6216
528 311 636 375 467

533 424 640 490 (ὶῦς
667 423 888 496 χάριτες
917 425 1215 494 ἑμόσχευόν
1249 442 1378 479 ποτε
1416 427 1782 499 μυραλοιφίας
1803 472 1820 498 ,

532 515 643 569 Kal
666 515 1125 569 σκοτεινόπεπλον
1148 516 1247 587 τὴν
1269 516 1402 587 πρὶν
1431 520 1817 589 χρυσόπεπλον
1849 523 2108 578 δεικνύει.

530 608 735 662 Μαθὼν
765 607 821 661 δὲ
853 609 947 661 καὶ
978 608 1068 662 τὸν
1114 609 1396 680 Ῥωμανὸν
1422 612 1586 666 πάλιν
1619 612 2001 684 βασιλειῶντα,

530 700 638 753 Καὶ
669 699 830 751 πάλιν
859 693 927 770 ἧς
951 699 1310 754 ἐκπέπτωκεν
1339 703 1514 774 ἀρχῆς
1541 705 1898 775 όρεκτιῶντα,

526 791 636 844 Kal
671 791 912 861 μάχιμον
941 792 1228 864 ἐγείροντα
1253 795 1502 865 κεντρίον
1531 797 1607 861 ὠς
1636 799 1898 870 σκορπίον

525 883 743 954 Πέμπει
784 886 912 948 τοὺς
971 887 1388 959 πολεμήσοντας
1435 891 1534 944 καὶ
1589 893 1716 955 τοὺς
1769 892 2110 963 συλληψομέ-

1875 987 2016 1060 [νους
2037 990 2104 1041 τ’.

523 1071 637 1124 Καὶ
669 1071 834 1126 πάλιν
861 1073 962 1142 φεῦ
992 1074 1004 1128 l
1037 1077 1064 1128 ό
1099 1075 1369 1147 δυστυχὴς
1401 1078 1696 1148 θηράτροις
1726 1079 2071 1150 περιπίπτει,

523 1166 827 1235 Ζωγρεῑται
869 1167 963 1220 καὶ
1002 1167 1112 1220 τῶν
1147 1168 1444 1239 ὀφθαλμῶν
1487 1172 1615 1234 τοὺς
1662 1171 1899 1235 κύκλους
1933 1173 2105 1225 ἀσϐο-

1871 1262 2102 1334 Ῑλοῦται.

535 1346 624 1400 Ἐν
649 1346 968 1421 λυπρογαίῳ
993 1350 1088 1404 καὶ
1117 1351 1339 1423 σκληρῷ
1366 1354 1638 1424 ριπτεῖται
1665 1354 1913 1424 νησιδίῳ.

521 1437 890 1514 ’.Χπαλλαγείς
917 1443 974 1496 δὲ
1006 1444 1226 1515 Μιχαὴλ
1260 1445 1366 1498 τῶν
1396 1445 1765 1514 παρεστώτων
1792 1446 1995 1512 φόϐων,

533 1529 892 1600 Ἀχείμαστόν
920 1551 977 1586 τε
1007 1535 1108 1602 τῆς
1139 1536 1312 1606 ἀρχῆς
1339 1535 1672 1606 παραλαϐὼν
1705 1535 1765 1588 τὸ
1795 1539 2034 1607 σκάφος,

519 1622 798 1694 (θορύϐους
828 1625 926 1694 μὲν
955 1626 1213 1698 άρεῖκους
1248 1629 1339 1680 καὶ
1373 1627 1792 1699 θωρακοφορίας

521 1715 634 1767 Kal
664 1714 825 1787 θροῦν
855 1717 948 1776 τὸν
979 1719 1228 1780 ἐνυάλιον
1263 1719 1357 1774 καὶ
1389 1719 1622 1789 μόχθους
1657 1719 1749 1773 καὶ
1787 1720 2069 1784 κινδύνους

521 1807 645 1860 Οὐδ’
672 1808 806 1880 ὄναρ
838 1809 1200 1880 ἔφαντάζετο,
1238 1811 1512 1880 σχολάζων
1540 1813 1598 1866 δὲ
1626 1815 1743 1876 ταῖς
1772 1813 1980 1883 βίϐλοις

521 1899 743 1962 Νύκτας
773 1900 1014 1966 ἀΰπνους
1047 1903 1198 1956 ἴαυεν
1221 1943 1234 1965 ,
1272 1903 1430 1968 ἄλλος
1462 1899 1530 1982 ἦν
1560 1905 1912 1976 Δημοσθένης

521 1992 592 2044 “ll
623 1993 855 2061 Δίδυμος
881 1994 1261 2072 χαλκεντερος,
1310 1997 1697 2068 Ἀλεξανδρεὺς
1725 1999 1786 2052 τὸ
1817 2001 1996 2066 γένος,

525 2080 625 2138 ⁸ον
659 2081 833 2147 οὕτως
864 2086 1230 2158 ἐπωνόμασαν
1260 2087 1335 2151 ὡς
1362 2090 1419 2142 ἐν
1451 2089 1527 2160 τῷ
1553 2090 1765 2162 χαίρειν
1793 2091 1972 2159 λόγοις

534 2175 816 2228 ’Λπόσιτον
849 2177 1141 2247 γενόμενον
1176 2180 1390 2250 ἡμέρας
1423 2181 1515 2234 ἐπὶ
1551 2181 1791 2248 πλείους.

535 2266 818 2321 Ἐντεῦθεν
848 2269 1234 2342 ἀνερράγησαν
1270 2273 1550 2345 ἐπίρροιαι
1580 2275 1885 2346 Βαρῦἀρων
1905 2315 1922 2339 ,

519 2358 629 2411 Καὶ
658 2359 821 2413 πάλιν
855 2363 1206 2437 ἐφυσήθησαν
1231 2364 1492 2430 λαίλαπες
1523 2367 1858 2437 πανταχόθεν
1877 2408 1892 2432 ,

518 2449 628 2502 Καὶ
657 2449 945 2522 φλοίσϐους
975 2454 1284 2523 ἀνωρύοντο
1312 2459 1406 2511 καὶ
1442 2458 1806 2528 παςςλασμοὺς
1838 2459 2057 2514 ἐποίουν
2083 2475 2096 2489 ⁸

517 2540 595 2592 Οὐ
626 2541 736 2612 γὰρ
772 2543 952 2614 παρῆν
977 2547 1005 2598 ό
1031 2547 1304 2617 ναύαρχος
1333 2548 1361 2600 ό
1389 2548 1594 2612 ταύτας
1624 2549 1901 2620 ἁλεξήσων
1919 2550 1989 2616 ⁸³,

517 2633 628 2686 Kal
652 2634 821 2704 γῆθεν
849 2637 1165 2707 άνεφύησαν
1193 2639 1520 2710 βλαστήσεις
1551 2640 1897 2711 ἁχερδὼδεις.

529 2721 591 2776 '0
631 2723 741 2796 γάρ
771 2724 872 2796 τῆς
906 2724 1090 2798 χώρας
1122 2729 1369 2800 γεωργὸς
1403 2729 1500 2800 ἔζη
1534 2729 1751 2801 κοχλίου
1790 2731 1906 2802 βίον
1927 2771 1944 2795 .

516 2963 614 3022 riae
631 2963 805 3020 tonsis
829 2963 1219 3038 capillis,q1ms
1236 2972 1395 3020 antea
1421 2964 1672 3030 Charites
1692 2965 1822 3037 ipsa:
1845 2981 2093 3038 unguen-

519 3057 588 3122 tis
614 3056 893 3114 delibutas
924 3056 1234 3127 irrigarant,
1265 3067 1320 3111 et
1348 3072 1518 3120 aureo
1544 3057 1746 3114 vestitu
1779 3075 1903 3122 cum
1935 3059 2092 3131 nigro

1659 320 2172 384 CONSTANTINI
2215 323 2590 389 MANASSIS

3691 339 3798 402 4ῐὸ

2135 429 2189 489 Δ.
2224 432 2408 501 Ὀλίγα
2437 436 2840 507 προερχόμενος
2872 441 2967 493 καὶ
2997 441 3160 494 πάλιν
3191 441 3517 514 ὑποφεύγων

2215 526 2325 578 Kal
2361 527 2525 580 πάλιν
2567 528 2958 599 ἐλυτρούμενος
2990 535 3105 594 τοῖς
3136 533 3324 605 δόμοις
3354 537 3431 602 ὡς
3466 539 3797 610 ὀστράκοις,

2214 618 2279 671 ἺΙ
2318 621 2517 689 μᾶλλον
2547 621 2624 684 ὠς
2655 620 2989 698 βυθότροφος
3024 625 3189 679 πίννα
3219 630 3624 699 χωματοφάγος
3643 671 3660 698 ,

2212 712 2475 780 Δεόμενος
2507 713 2601 766 τοῦ
2635 713 2884 780 νύξοντος
2914 716 2994 778 είς
3035 717 3346 792 βατιλείους
3375 721 3606 792 πράξεις
3679 725 3682 728 ’

2212 804 2318 856 Καὶ
2349 802 2566 874 χρῄζων
2592 805 2998 876 ὑπομνήσοντος
3025 809 3108 862 δτι
3148 809 3438 882 Ῥωμαίων
3470 814 3652 886 ἄρχει.

2224 897 2502 948 Ἐντεῦθεν
2535 898 2698 967 πάλιν
2727 898 2996 968 εἴρπυσαν
3029 902 3326 976 δράκοντες
3355 907 3684 980 χασματίαι,

2212 990 2318 1042 Καὶ
2356 991 2466 1042 πᾶν
2506 989 2794 1060 Ῥωμαίων
2823 992 2974 1060 ὃριον
3004 993 3275 1064 ὲρῤόφουν
3296 995 3340 1026 ¹¹¹
3368 997 3444 1058 ὡς
3475 998 3711 1054 νοσσίον.

2209 1075 2314 1132 Ἦν
2345 1076 2440 1134 οὗν
2468 1082 2640 1152 βαρὺς
2671 1083 3033 1154 σχετλιασμὸς
3062 1085 3207 1139 κατὰ
3234 1086 3328 1140 τοῦ
3361 1085 3648 1157 βατιλέως,

2209 1175 2317 1228 Καὶ
2347 1161 2560 1238 πάντες»
2578 1174 2933 1229 ἐπαθαίνοντο
2964 1176 3254 1246 βλέποντες
3281 1179 3351 1232 τὰ
3393 1178 3683 1250 Ῥωμαίων

2207 1267 2321 1321 Ούκ
2347 1269 2437 1320 ἐπὶ
2465 1267 2594 1336 γόνυ
2623 1269 2851 1340 κείμενα
2883 1268 3046 1339 μόνον
3075 1270 3183 1324 οὐδ’
3211 1271 3306 1324 ἐπὶ
3335 1272 3511 1342 στόμα
3534 1313 3550 1340 ,

2204 1360 2349 1414 Ἀλλ’
2373 1360 2474 1430 ἤδη
2495 1361 2894 1433 διαῤῥεύσαντα
2920 1363 3012 1416 καὶ
3043 1365 3558 1434 καταμαρανθέντα.

2207 1445 2301 1514 Εἷς
2326 1452 2382 1504 δέ
2408 1468 2492 1516 τις
2524 1452 2896 1523 μεγαλογενὴς
2929 1453 3022 1506 καὶ
3048 1454 3157 1506 τῶν
3190 1456 3254 1509 ἐκ
3283 1455 3507 1527 πρώτης
3531 1457 3714 1529 ῥίζης,

2205 1544 2550 1614 Γεραίτερος,
2583 1543 2900 1614 μακρόϐιος,
2928 1545 3126 1609 Πύλιος
3150 1545 3309 1610 ἄλλος
3334 1547 3562 1619 Νέστωρ

2206 1632 2606 1702 (Βοτανειάτην
2639 1633 2826 1701 ἔλεγον
2857 1634 3064 1686 ἐκεῖνον
3092 1634 3468 1707 Νικηφόρον),

2216 1725 2720 1796 Ἐμπειροπόλεμος
2743 1727 2904 1798 ἀνὴρ,
2939 1726 3242 1798 καταϐελὴς
3262 1727 3309 1760 ⁸³
3335 1730 3434 1792 τας
3467 1729 3678 1800 σάρκας

2135 1786 2177 1850 Β
2208 1786 2340 1870 Ἀτε
2374 1786 2593 1880 πολλαῖς
2621 1786 2946 1888 Momm;
2978 1791 3178 1888 μάχαις
3200 1786 3350 1884 ἷξέτι
3381 1786 3615 1889 βρέφους

2208 1911 2316 1962 Kal
2347 1909 2587 1978 γεγονὼς
2614 1907 2854 1979 άρεῖκῶν
2887 1909 3083 1980 μεστδς
3124 1907 3524 1978 Ὀλυμπιάδων,

2204 2001 2376 2070 Χεῖρα
2403 2000 2881 2070 προσεταιρίζεται
2913 2000 3118 2072 μυρίαν
3145 2001 3487 2072 συμμαχίδα,

2205 2091 2630 2159 Καταλαμϐάνει
2667 2091 2927 2158 Νίκαιαν,
2955 2091 3166 2158 πέμπει
3191 2093 3332 2164 πρὸς
3357 2092 3450 2146 τδν
3474 2091 3778 2164 κρατοῦντα

2205 2182 2444 2253 Γράμμα
2477 2181 2910 2253 παραινετήριον
2937 2181 3100 2252 δῆθεν
3121 2223 3137 2245 ,
3163 2181 3326 2237 αύτδν
3352 2183 3658 2254 συμπεϊθον

2205 2274 2506 2344 Ἀναιμωτὶ
2537 2273 2614 2345 τῷ
2641 2275 2855 2345 γέροντι
2881 2273 2990 2328 τῶν
3023 2275 3322 2347 σκήπτρων
3352 2275 3713 2346 ὑπεκστῆναι,

2201 2363 2374 2417 Αὐτὸν
2407 2364 2452 2416 δ’
2479 2362 2555 2427 ὡς
2589 2363 2962 2436 ἀπειρόμαχον
2987 2362 3090 2433 ζῇν
3125 2364 3184 2416 ἑν
3213 2363 3641 2438 ἀπραγμοσύνῃ.

2203 2458 2314 2511 Kal
2343 2459 2395 2509 τί
2430 2457 2602 2511 πολλὰ
2636 2457 2731 2510 καὶ
2769 2457 3034 2527 περιττά;
3067 2457 3265 2511 «team
3302 2459 3401 2528 τὴν
3441 2457 3689 2528 βασιλίδα
3709 2457 3779 2526 ⁸³³,

2202 2551 2313 2605 Kal
2339 2552 2631 2622 πορφυρίδι
2671 2551 2771 2622 μὲν
2802 2552 2965 2615 αὐτὸς
2995 2553 3284 2620 κοσμεῖται
3312 2553 3708 2625 χρυσοπάστῳ,

2214 2641 2273 2694 ὐ
2303 2641 2433 2712 πρὶν
2462 2641 2518 2694 δὲ
2547 2642 2770 2713 κράτωρ
2798 2641 3017 2713 Μιχαὴλ
3049 2640 3261 2710 γίνεται
3293 2642 3670 2714 μελαμφόροςι

2204 2734 2422 2787 Ἓτεσιν
2446 2733 2506 2801 ἓξ
2533 2735 2870 2806 γευσάμενος
2893 2718 2987 2787 τοῦ
3020 2733 3292 2804 βασιλείου
3319 2737 3552 2805 κράτους
3576 2735 3644 2791 ⁸⁵.

3447 2863 3606 2919 Vera.
3637 2863 3778 2919 6678

2197 2980 2404 3044 ageret,
2441 2985 2564 3025 raro
2595 2969 2649 3028 in
2683 2968 2963 3040 publicum
2991 2967 3260 3038 prodiret,
3289 2983 3416 3025 mox
3443 2985 3502 3026 se
3535 2970 3777 3027 vicissim

2197 3078 2264 3118 ex
2294 3062 2580 3119 hominum
2611 3069 2906 3130 conspectu
2939 3059 3296 3128 subduceret,
3325 3060 3473 3116 domi
3513 3070 3772 3136 tanquam

515 3158 856 3220 commutato
887 3125 1120 3212 addit—tit.
1157 3151 1424 3212 Prmterea
1469 3163 1754 3221 comperto
1781 3152 2089 3214 Romanum
2120 3125 2165 3184 θ
2202 3154 2348 3210 intra
2401 3162 2567 3209 testas
2609 3151 2919 3209 occultatus
2963 3151 3182 3219 lateret,
3217 3167 3442 3223 prorsus
3481 3154 3561 3208 uti
3610 3125 3780 3227 pinna

517 3243 585 3307 de
633 3241 849 3316 integro
891 3257 1120 3312 regnum
1162 3242 1444 3308 allectare,
1477 3242 1657 3314 deque
1707 3244 1948 3315 imperii,
1986 3261 2096 3315 quo

516 3337 684 3396 semel
709 3335 1025 3399 excidisset,
1051 3336 1473 3406 recuperatione
1502 3337 1765 3408 cogitare,
1798 3353 1862 3404 ac
1885 3354 2097 3409 pugna-

515 3440 635 3495 cem
671 3429 825 3486 illum
867 3427 1150 3490 stimulum
1187 3429 1241 3485 in
1271 3444 1479 3486 morem
1513 3430 1718 3500 scorpii
1750 3446 1944 3490 rursus
1982 3431 2096 3486 eri-

515 3531 663 3608 gere,
709 3519 858 3574 misit
907 3519 1001 3590 qui
1057 3519 1261 3608 bellum
1317 3519 1369 3574 ei
1419 3519 1664 3576 facerent
1695 3521 2094 3604 hominemque

516 3607 1074 3677 comprehenderent.
1130 3607 1243 3670 lloc
1295 3609 1457 3664 modo
1504 3611 1850 3667 miserrimus
1897 3612 2094 3667 iterum

517 3699 573 3768 in
616 3699 843 3774 laqueos
878 3699 1090 3759 incidit,
1135 3700 1292 3756 vivus
1324 3703 1559 3772 capitur,
1589 3705 1765 3762 oculis
1798 3705 2092 3775 spoliatur,

518 3792 573 3847 in
597 3791 840 3848 sterilem
870 3809 933 3856 ac
967 3793 1160 3852 duram
1191 3793 1420 3852 insulam
1450 3796 1797 3871 deportatur.

589 3883 859 3944 Caeterum
889 3884 1189 3948 Michaelus
1224 3888 1530 3948 terroribus
1569 3899 1622 3946 et
1653 3889 1917 3958 periculis
1951 3889 2092 3946 libe-

517 3988 670 4046 ratus
703 3979 1087 4047 prmsentibus,
1135 3979 1478 4050 imperioque
1513 3982 1626 4053 jam
1661 3982 1958 4052 tranquillo
1997 3997 2095 4053 po-

517 4073 669 4142 titus,
687 4072 913 4128 bellicos
939 4072 1226 4138 tumultus,
1253 4087 1532 4130 armorum
1561 4073 1917 4145 gestationes.
1947 4075 2094 4131 clas-

514 4165 630 4228 sica
679 4163 958 4227 militaria,
994 4164 1234 4229 labores,
1274 4166 1541 4236 pericula,
1573 4181 1642 4220 ne
1686 4180 1786 4235 per
1837 4181 2089 4222 somnum

513 4257 734 4326 quidem
777 4256 1180 4327 imaginabatur
1223 4267 1319 4312 aut
1367 4247 1654 4319 tractabat,
1691 4257 1785 4314 sed
1816 4254 1975 4313 libris
2009 4258 2093 4312 in-

513 4346 782 4402 cumbens
828 4353 973 4404 totas
1021 4361 1214 4406 noctes
1265 4349 1546 4404 insomnes
1601 4348 1874 4418 exigebat.
1933 4349 2090 4405 Alius

2199 3247 2404 3317 degens
2441 3245 2496 3300 in
2542 3243 2734 3309 fundo,
2788 3243 3033 3299 hominis
3069 3258 3239 3314 egens
3277 3259 3444 3314 opera
3479 3247 3776 3318 pungendo

2198 3338 2264 3392 ad
2334 3337 2678 3408 negotiorum
2723 3334 2940 3406 imperii
3003 3335 3448 3406 procurationem
3513 3337 3779 3392 exstimu-

2198 3427 2386 3494 lantis,
2421 3436 2478 3482 et
2505 3425 2560 3482 in
2596 3423 2919 3480 memoriam
2959 3423 3008 3477 ei
3054 3422 3362 3478 revocantis
3391 3422 3538 3492 quod
3572 3423 3776 3478 Roma-

2197 3519 2284 3574 nis
2312 3533 2435 3574 cum
2465 3526 2735 3587 potestate
2767 3525 3046 3587 praeesset.
3080 3513 3220 3571 llinc
3243 3530 3458 3569 rursum
3500 3515 3772 3572 dracones

2199 3612 2415 3666 hiantes
2451 3609 2729 3680 prodiere,
2776 3608 2868 3679 qui
2907 3607 3044 3662 fines
3079 3608 3452 3664 Romanorum
3486 3624 3589 3664 ceu
3618 3609 3776 3664 volu-

2196 3704 2307 3759 eris
2334 3702 2538 3776 pullum
2582 3700 2982 3772 deglutiebant.
3023 3699 3195 3754 Erant
3219 3715 3352 3772 ergo
3382 3700 3618 3771 querela:
3652 3717 3778 3773 gra-

2194 3811 2292 3850 ves
2321 3795 2388 3849 de
2431 3793 2782 3863 imperatore.
2829 3793 3044 3848 cunctis
3086 3807 3210 3846 cum
3243 3791 3433 3848 dolore
3458 3793 3776 3850 videntibus

2195 3902 2300 3955 res_
2314 3886 2590 3950 Romanas
2620 3899 2728 3940 non
2761 3893 2971 3939 tantum
3005 3885 3060 3940 in
3091 3900 3268 3955 genua
3291 3885 3374 3940 vel
3410 3886 3588 3955 ipsum
3618 3887 3673 3942 in
3703 3902 3768 3942 os

2193 3979 2478 4048 collapsas,
2509 3991 2700 4038 verum
2727 3977 2891 4031 etiam
2924 3976 3083 4046 plane
3117 3976 3428 4031 dillluentcs
3470 3992 3533 4032 ac
3564 3993 3773 4033 marce-

2193 4080 2429 4128 scentes.
2461 4067 2704 4123 Tandem
2753 4082 2956 4138 magno.
3000 4066 3222 4137 quidam
3257 4067 3614 4136 principeque
3650 4066 3772 4122 loco

2193 4173 2376 4227 natus,
2405 4163 2517 4232 jam
2551 4171 2810 4233 provecta
2857 4171 3038 4224 aetate,
3073 4161 3290 4216 Nestori
3329 4161 3483 4232 Pylio
3520 4162 3771 4232 aequalis,

2192 4259 2281 4314 cui
2310 4271 2508 4312 nomen
2555 4264 2676 4311 erat
2699 4254 3042 4324 Nicephorns
3066 4253 3402 4318 Botaniates,
3441 4253 3525 4308 vir
3547 4253 3763 4310 bellicis

2193 4352 2250 4408 in
2301 4349 2469 4405 rebus
2512 4349 3023 4418 experientissimus
3055 4389 3070 4412 ,
3119 4355 3235 4402 toto
3280 4345 3480 4417 passim
3533 4360 3768 4416 corpore

513 4440 728 4495 scilicet
774 4439 1170 4502 Demosthenes
1203 4439 1426 4510 quidam
1473 4449 1615 4503 erat,
1669 4439 1824 4511 135
1879 4441 2090 4496 aliusve
2124 4475 2170 4534 υ
2196 4441 2483 4498 cicatrices
2507 4439 2712 4505 ferens,
2749 4439 2829 4494 uti
2859 4439 2952 4509 qui
2988 4454 3018 4493 a
3053 4452 3226 4508 puero
3260 4436 3448 4491 multis
3479 4435 3530 4489 in
3564 4434 3770 4504 przrliis

515 4533 776 4604 Didymus
797 4531 1225 4595 Alexandrinus,
1278 4539 1644 4602 cognomento
1669 4529 2086 4597 Chalcenterus,

513 4627 592 4694 sic
648 4624 874 4681 aheneis
919 4625 988 4680 ab
1032 4624 1308 4682 intestinis
1354 4633 1739 4692 nuncupatus,
1798 4633 2087 4698 propterea

509 4717 657 4786 quod
719 4715 1005 4772 miriﬁcam
1057 4730 1088 4770 e
1141 4715 1450 4770 litterarum
1502 4713 1702 4768 studiis
1749 4713 2086 4784 voluptatem

509 4811 736 4882 rapiens
765 4811 822 4864 in
852 4808 1053 4863 multos
1084 4807 1204 4872 dies,
1245 4807 1385 4862 cibis
1412 4805 1674 4864 caruerit.
1713 4805 1844 4862 Eam
1869 4796 1943 4862 ob
1971 4821 2084 4861 rem

509 4905 712 4962 accidit
766 4915 826 4960 ut
871 4901 1099 4958 Barbari
1141 4901 1344 4971 passim
1389 4899 1686 4961 irruerent,
1732 4913 1798 4952 ac
1839 4899 2084 4969 undique

511 5013 731 5054 rursum
762 4997 1018 5066 procella:
1034 5011 1092 5052 se
1119 4999 1530 5048 commoverent
1562 5005 1863 5064 gravesque
1893 4992 2082 5048 turbas

509 5100 564 5145 et
586 5089 850 5159 strepitus
881 5087 1203 5142 excitarent.
1238 5082 1352 5137 Nec
1378 5081 1525 5136 enim
1552 5081 1841 5149 praefectus
1879 5083 2080 5153 aliquis

509 5183 732 5240 navium
768 5180 834 5235 ad
874 5193 1093 5233 manum
1134 5184 1284 5240 erat,
1320 5174 1414 5246 qui
1456 5174 1509 5228 in
1551 5173 1701 5232 hisce
1740 5175 2081 5245 tempestati-

507 5278 615 5332 bus
647 5288 872 5332 suorum
901 5270 1065 5325 saluti
1098 5267 1410 5322 consuleret
1438 5281 1642 5336 easque
1678 5276 2080 5338 compesceret.

503 5367 700 5426 Itidem
737 5380 768 5418 e
805 5373 950 5419 terra
995 5359 1240 5432 germina
1281 5359 1529 5428 quaedam
1585 5359 1878 5430 herbaeque
1928 5360 2084 5414 mala:

506 5455 939 5529 proveniebant,
989 5451 1140 5523 quod
1190 5452 1370 5507 cultor
1409 5451 1526 5524 agri
1570 5452 1865 5508 testudinis
1911 5451 2083 5506 vitam

2194 4535 2409 4590 fortiter
2459 4548 2587 4588 cum
2635 4532 2794 4592 hoste
2837 4538 3156 4601 pugnasset,
3214 4529 3432 4599 jamque
3478 4525 3770 4580 Mavortias

2193 4625 2531 4698 olympiades
2567 4624 2880 4693 complures
2926 4621 3218 4693 attigisset,
3251 4620 3340 4673 hic
3383 4632 3514 4687 ergo
3545 4615 3767 4670 tandem

2193 4735 2415 4776 manum
2448 4717 2548 4774 sibi
2581 4715 2872 4787 quamdam
2899 4713 3300 4784 npitulatricem
3337 4709 3641 4779 adiungens
3669 4705 3767 4760 Ni-

2191 4825 2358 4876 αιξοω
2389 4816 2643 4876 occupat,
2684 4815 2738 4862 et
2785 4803 2984 4868 litteris
3011 4803 3077 4856 ad
3114 4803 3500 4871 imperatorem
3537 4795 3771 4866 perscri-

2191 4825 2298 4864 αιξο
2389 4825 2643 4876 occupat,
2684 4825 2738 4862 Cl
2787 4825 2984 4868 litteris
3011 4825 3077 4856 au
3115 4825 3500 4871 uttpct‘uturcm
3537 4825 3767 4866 μυιδυιι-

2190 4825 2579 4972 ριίεἳοιοιτιῑυι·
2611 4906 2671 4960 ut
2692 4897 2881 4958 volens
2907 4895 3138 4966 imperio
3165 4893 3268 4948 sibi
3301 4891 3521 4947 cederet
3557 4889 3767 4957 absque

2175 4992 2472 5064 sanguinis
2499 4989 2788 5053 eﬂ‘usione,
2833 5004 2898 5050 ac
2947 4988 3117 5046 vitam
3162 4985 3276 5056 ipse
3322 4983 3591 5037 bellorum
3627 4994 3767 5050 pra:-

2186 5085 2496 5152 liorumque
2539 5081 2692 5135 rudis
2738 5079 2976 5148 quietam
3024 5089 3079 5132 et
3115 5091 3145 5130 a
3200 5073 3436 5145 negotiis
3467 5073 3764 5128 immunem

2191 5184 2396 5247 ageret.
2416 5173 2554 5242 Quid
2574 5171 2762 5231 multis
2784 5185 2900 5226 rem
2925 5167 3390 5232 commemorem?
3413 5162 3764 5235 Byzantinam

2193 5268 2384 5323 urbem
2421 5262 2735 5326 Botaniates
2768 5268 3021 5331 occupat,
3047 5269 3100 5314 et
3127 5272 3365 5328 purpura
3401 5253 3624 5326 quidem
3651 5252 3766 5323 ipse

2191 5376 2326 5416 auro
2360 5359 2654 5413 intertexta
2702 5363 2758 5418 et
2807 5355 3065 5410 distincta
3096 5360 3429 5414 exornatur,
3467 5343 3767 5401 Michaelus

2191 5459 2393 5510 autem,
2428 5461 2536 5502 non
2587 5443 2658 5498 ita
2689 5443 2896 5513 pridem
2930 5442 3248 5511 imperator,
3282 5439 3338 5495 in
3368 5434 3764 5492 monasterium

1857 5571 2059 5635 Varia:
2093 5568 2424 5631 lectiones.

579 5681 627 5711 ⁷⁹
665 5677 820 5736 llunc
853 5691 1067 5732 versum
1118 5691 1230 5728 om.
1287 5672 1351 5727 Β.

508 5753 554 5786 ⁸³
582 5748 881 5814 Βυζαντίδα
919 5747 1032 5802 All.
1110 5747 1157 5778 ³⁵
1179 5744 1338 5800 Hunc
1371 5759 1588 5801 versum
1622 5743 1820 5798 0111.8.

1449 5675 1495 5706 ⁸ο
1529 5673 1799 5743 ναύαρχος
1823 5673 2024 5735 ταύτας
2076 5669 2437 5742 ἀπαλεξήσων
2476 5665 2588 5721 All.

2692 5666 2733 5700 ⁸¹
2768 5665 2999 5746 ὲζόφουν
3059 5663 3128 5719 R.
3248 5664 3294 5696 ⁸²
3331 5658 3646 5731 καταμελὴς
3690 5657 3759 5711 Δ.
