4138 6216
465 187 576 249 473
1406 193 1647 256 LUCAS
1687 198 1925 258 ABBAS
1963 199 2810 267 CRYPTOFERRATENSIS.
3625 209 3731 274 474

465 301 614 356 Obiit
642 317 792 395 anno
824 303 981 395 illi,
1013 320 1140 395 seu,
1162 321 1232 395 ex,
1256 308 1475 366 Baronii
1510 313 1740 378 calculo,
1772 315 1930 370 1117.
1968 316 2195 371 Exstant
2223 316 2320 372 Gr.
2350 316 2467 371 Lat.
2518 317 2735 373 Decreta
2775 318 3056 390 synodalia
3100 320 3203 374 duo
3233 321 3297 374 de
3325 323 3522 393 nuptiis
3552 327 3731 395 patrui

468 389 796 452 auunculivc,
845 391 898 444 in
942 391 1256 449 Leunclavii
1305 395 1436 450 Jure
1485 398 1577 454 Cr.
1615 400 1767 453 Rom.
1810 401 1904 457 lib.
1938 418 2021 468 Ill,
2058 419 2179 475 pag.
2215 404 2356 468 ‘2l5;
2392 406 2540 459 aliud
2586 405 2659 459 De
2689 389 3030 476 pra'statione
3075 389 3471 475 canonicoruin,
3521 389 3620 466 lib.
3658 427 3732 476 tv,

467 491 590 565 pag.
623 475 762 542 269;
802 476 1040 546 Epistula
1073 481 1348 551 synodalis
1401 485 1765 554 prolixissima
1800 487 1866 541 ad
1903 489 2152 544 Alexium
2186 491 2529 548 Comnenum
2578 475 2708 564 imp.
2739 495 2982 565 probans
3014 511 3082 550 ex
3127 497 3300 552 sacris
3345 497 3653 556 canonibus
3677 475 3734 555 et

466 563 679 634 legibus
708 581 817 619 non
851 582 972 622 esse
1001 569 1083 624 fas
1110 581 1167 623 ut
1192 571 1546 642 episcopatus
1567 590 1597 628 a
1628 576 2029 646 metropolibus
2057 577 2381 633 auferantur
2415 597 2428 633 :
2461 563 2671 636 ibidetn
2698 563 2823 652 pag.
2846 581 2974 636 27L

477 715 3725 747 _.___________________________________________

972 829 1549 946 NICOLAI
1641 835 2326 953 EPISTOLA
2420 837 3228 955 SYNODALlS

1554 1052 1648 1110 AI)
1691 1053 2006 1112 ALEXIUM
2051 1054 2439 1113 COMNENUM
2488 1058 2632 1116 IMP.

973 1203 1452 1286 [’idglv’atrologite
1475 1217 1606 1266 tom.
1649 1207 1860 1276 CXIX,
1897 1208 2002 1264 col.
2042 1209 2169 1276 865,
2204 1211 2260 1264 in
2297 1209 2433 1266 lure
2465 1212 2718 1267 canonico
2757 1211 3226 1272 Gnaeo-Romano.

570 1351 1970 1384 Μ

1108 1454 1660 1578 ἘιιυδῡΕΜ
1742 1492 2278 1581 DECRETA
2353 1492 3077 1586 SYNODALIA.

1781 1681 1911 1738 Vide
1954 1681 2085 1737 ibid.
2131 1683 2236 1738 col.
2273 1683 2400 1739 762.

543 1830 3700 1868 .__._________.______________________________

760 1956 1296 2049 EJUSDEM
1375 1962 1518 2051 DE
1602 1911 2472 2056 PRESTATIONE
2550 1965 3473 2060 CANONICORUM.

1876 2157 2018 2214 Ibid.
2056 2160 2159 2217 col.
2191 2160 2318 2218 859.

1886 2341 1927 2349 ἐ
2105 2347 2109 2352 '
2763 2354 2772 2356 ν.
2787 2353 2792 2355 .
2795 2347 2844 2356 ὀ
2847 2346 2895 2356 —
2919 2351 2932 2355 ο

472 2346 3735 2404 Μὴ...ῇῇ

912 2379 1064 2388 .—.——
1079 2379 1471 2389 ~———-_—
1514 2379 1692 2392 -ί

1729 2519 1902 2564 ANNO
1937 2520 2170 2565 DOMINI
2208 2521 2496 2567 MLXXXV.

1694 2701 2496 2883 LUCAS

895 3015 1251 3108 ABBAS
1320 3016 2620 3111 CRYPTOFERRATENSIS
2709 3019 3351 3114 SEPTIMUS.

1246 3378 1805 3492 ANGELO
1886 3381 2143 3494 MAI
2236 3381 2962 3499 MONITUM.

1598 3597 1849 3665 (Biblioth.
1871 3613 1980 3652 nov.
2019 3601 2161 3652 Patr.
2197 3606 2233 3651 t.
2261 3601 2344 3660 Vl,
2379 3616 2430 3666 p.
2459 3601 2593 3664 515.)

538 3754 670 3813 Cum
701 3751 753 3806 in
782 3751 957 3807 codice
1010 3749 1260 3808 Vaticano
1310 3751 1449 3805 19.05
1487 3750 1800 3804 occurrisset
1856 3751 1983 3806 mihi
2049 3749 2169 3806 Vita
2213 3749 2269 3806 S.
2323 3751 2698 3808 Bartholomazi
2740 3752 3002 3822 junioris,
3031 3749 3123 3819 qui
3162 3749 3264 3819 fuit
3307 3749 3370 3806 S.
3423 3749 3542 3806 Nili
3580 3769 3728 3824 a'qne

461 3845 694 3915 junioris
742 3840 1058 3910 discipulus,
1092 3852 1142 3896 et
1198 3843 1250 3897 in
1286 3829 1528 3910 proximo
1582 3838 1731 3892 nobis
1785 3838 2088 3894 Tusculano
2129 3840 2547 3910 Cryptoferrataz
2579 3842 2981 3897 Basilianorum
3029 3841 3352 3894 monasterio
3393 3850 3512 3909 post
3581 3843 3736 3898 illum

468 3943 687 4005 quartus
733 3929 920 3998 abbas,
961 3930 1193 4000 abiitque
1242 3931 1312 3984 ad
1362 3929 1530 3984 Deum
1586 3944 1726 3982 anno
1774 3927 1988 3984 Christi-
2035 3928 2196 3994 1085,
2241 3929 2484 3984 dolebam
2535 3932 2773 3999 equidem
2813 3929 2947 3984 tanti
2995 3929 3092 3982 viri
3133 3927 3434 3993 historiam,
3485 3930 3737 3998 originali

471 4019 772 4077 Graecorum
819 4030 868 4074 et
907 4019 1022 4089 ejus
1074 4019 1382 4072 monasterii
1438 4018 1620 4087 lingua
1663 4017 2229 4086 scriptam,-auctore,
2272 4029 2329 4070 ut
2375 4019 2563 4072 merito
2614 4019 2885 4082 creditur,
2929 4015 3073 4070 Luca
3120 4016 3340 4084 septimo
3385 4015 3592 4083 abbate,
3637 4020 3730 4088 qui

471 4110 654 4180 viginti
685 4109 838 4162 annis
861 4117 977 4177 post
1005 4105 1460 4160 Bartholoma'um
1485 4106 1648 4170 obiit;
1679 4104 1938 4169 dolebant,
1968 4106 2205 4174 inquam,
2239 4106 2471 4159 nondum
2496 4122 2606 4160 esse
2631 4105 2810 4162 Graece
2839 4105 3133 4174 vulgatam,
3167 4120 3259 4158 nec
3287 4105 3444 4172 quasi
3468 4106 3733 4173 comitem,

472 4207 529 4250 ut
572 4206 898 4266 oportuerat,
934 4197 1120 4250 datam
1154 4194 1237 4248 illi
1268 4193 1382 4248 Nili
1413 4195 1645 4262 iunioris
1671 4235 1683 4255 ,
1723 4209 1883 4264 quam
1918 4192 2271 4262 Caryophilus
2310 4191 2489 4246 Graece
2520 4202 2570 4246 et
2619 4191 2812 4246 Latine
2870 4192 3056 4245 Roma:
3115 4209 3256 4247 anno
3295 4193 3434 4247 1624
3472 4196 3729 4265 vulgavit.

475 4284 664 4356 Utique
719 4283 953 4339 lacubus
1003 4281 1406 4346 Sciommarus,
1457 4283 1739 4350 perdoctus
1800 4281 2216 4352 Cryptoferrata:
2262 4287 2585 4346 monachus,
2622 4284 2887 4354 egregium
2936 4299 3075 4337 anno
3120 4283 3258 4337 1.718
3306 4284 3472 4338 edidit
3515 4285 3728 4355 vulgari

472 4373 735 4428 Italorum
791 4388 1028 4426 sermone
1071 4371 1349 4431 volumen;
1404 4370 1460 4424 in
1497 4388 1621 4440 quo,
1667 4381 1861 4438 prwter
1903 4371 2040 4424 alias
2094 4369 2240 4425 illius
2309 4371 2620 4424 monasterii
2671 4373 3043 4442 antiquitates,
3095 4370 3269 4425 Vitam
3312 4388 3517 4442 quoque
3563 4373 3738 4426 sancti

474 4461 873 4524 Bartholomtei,
904 4475 970 4513 ea:
992 4459 1154 4514 variis
1200 4458 1463 4512 codicibus
1502 4458 1931 4530 documentisque
1991 4459 2284 4523 collectam,
2321 4459 2602 4513 lectoribus
2629 4457 2844 4524 obtulit,
2885 4470 3042 4530 atque
3067 4458 3278 4528 optimis
3307 4459 3738 4513 adnotationibus

469 4549 777 4604 illustravit.
820 4547 1009 4602 Deerat
1056 4559 1232 4600 tamen
1257 4547 1452 4610 adhuc,
1483 4559 1537 4600 ut
1572 4547 1708 4613 dixi,
1752 4547 1967 4603 Graecus
1992 4558 2190 4614 textus,
2237 4557 2286 4602 et
2316 4545 2527 4617 quidem
2557 4564 2621 4600 ex
2667 4546 2956 4618 biographo
2981 4545 3125 4601 Luca
3154 4562 3282 4616 pure
3315 4546 3727 4615 depromendus,

469 4654 626 4708 quam
657 4653 750 4690 nos
776 4651 915 4689 nunc
952 4644 1196 4704 spartam
1227 4635 1602 4688 adornandum
1633 4636 1972 4704 suscipimus.
2010 4635 2171 4700 Pure,
2203 4637 2443 4706 inquam,
2473 4636 2568 4689 hoc
2597 4636 2859 4706 scriptum
2891 4636 3136 4691 dabimus
3161 4652 3181 4702 ;
3210 4635 3400 4690 etenim
3425 4634 3729 4690 Sciomma-

471 4741 560 4778 rus
594 4726 648 4778 in
675 4741 774 4778 sua
802 4722 1010 4792 vulgari
1037 4723 1269 4776 editione
1299 4738 1437 4792 stupe
1471 4724 1666 4786 variat,
1707 4723 1944 4792 plurima
1985 4723 2157 4789 addit,
2196 4724 2452 4779 nonnulla
2484 4725 2705 4786 omittit,
2734 4733 2892 4794 prout
2931 4740 3147 4776 suorum
3183 4722 3367 4777 codicu
3386 4739 3436 4776 m
3466 4732 3559 4776 aut
3589 4722 3734 4775 nati-

473 4814 671 4867 tiarum
709 4813 991 4867 diversitas
1022 4811 1297 4880 postulare
1322 4813 1434 4866 visa
1458 4823 1558 4868 est.
1591 4809 1966 4866 Verumtamen
1992 4827 2110 4865 cum
2139 4826 2355 4865 manum
2386 4810 2532 4878 operi
2557 4809 2929 4870 admovissem,
2953 4819 3001 4862 et
3027 4809 3269 4864 Grtcwm
3295 4818 3498 4862 textum
3529 4807 3733 4862 Latina

473 4918 676 4973 quoque
705 4917 818 4956 mea
852 4901 1285 4968 interpretatione
1326 4902 1634 4965 comitarer,
1673 4911 1880 4966 repente
1928 4903 2107 4970 ingens
2138 4898 2384 4967 apparuit
2416 4898 2472 4950 in
2527 4895 2784 4952 Vaticano
2820 4897 2999 4950 codice
3028 4897 3260 4966 defectus
3297 4913 3388 4951 seu
3435 4896 3652 4963 lacuna,
3677 4896 3734 4951 in

454 4996 575 5060 'qua
605 4993 864 5060 posterior
904 4999 1017 5044 tota
1043 4988 1369 5060 biographiat
1392 5005 1517 5058 pars
1543 4990 1895 5058 mergebatur.
1929 4987 2283 5053 Quamobrem
2307 4984 2375 5038 ad
2410 4986 2790 5038 monasterium
2815 4999 2895 5037 me
2920 4984 3174 5048 converti,
3200 4983 3264 5037 ab
3289 4985 3456 5054 iisque
3488 5000 3730 5039 reveren-

461 5078 704 5146 idissimis
743 5077 1014 5132 monachis
1065 5077 1310 5146 (quorum
1337 5085 1386 5130 et
1443 5075 1552 5128 alio
1608 5085 1836 5140 tempore
1881 5075 2265 5128 humanitatem
2296 5083 2544 5142 expertus
2592 5072 2822 5140 fueram)
2869 5081 3074 5138 partem
3130 5072 3279 5125 illaut
3315 5089 3433 5142 qua,
3465 5071 3648 5128 deerat
3681 5073 3738 5127 in

444 5145 649 5220 v’codice
686 5163 806 5219 Vat.
839 5165 997 5234 facile
1025 5145 1346 5232 impetravi:
1374 5162 1623 5228 atqueita
1664 5161 1895 5229 demum,
1945 5163 2001 5216 in
2049 5162 2209 5234 hujus
2269 5161 2554 5216 voluminis
2611 5161 2713 5215 mei
2767 5159 2928 5224 calce,
2977 5159 3117 5230 quod
3166 5159 3473 5216 Grtecorum
3520 5161 3737 5231 scriptis

472 5255 755 5318 redundat,
788 5253 896 5306 divi
921 5253 1079 5305 istius
1109 5251 1388 5304 historiam
1425 5250 1677 5304 collocavi
1699 5247 1801 5322 (a).

555 5393 624 5465 (ri)
668 5395 1032 5450 Doctissimus
1081 5393 1376 5465 eardinalis
1420 5394 1646 5462 putabat
1689 5410 1748 5450 se
1805 5397 2042 5464 primum
2154 5395 2384 5450 habetur
2405 5406 2465 5450 ut
2499 5402 2691 5450 auctor
2722 5392 2854 5465 Vita:
2883 5391 2938 5448 S.
2977 5391 3089 5465 Nili
3123 5393 3361 5462 iunioris
3384 5395 3475 5464 qui
3509 5395 3568 5465 Β.
3608 5395 3736 5450 Bar-

476 5462 613 5518 hunc.
641 5467 802 5520 vitam
852 5467 906 5536 in
940 5466 1117 5536 lucem
1161 5464 1348 5536 Grazce
1383 5465 1721 5536 pmtulisse:
1759 5462 2042 5534 ignomhat
2151 5466 2459 5536 tholornmi
2483 5463 2990 5536 ntagisterifuerat.
3049 5462 3229 5536 “sine”
3258 5462 3424 5535 supra
3463 5464 3740 5536 edidimus

447 5551 816 5608 -nempgeam
845 5534 957 5603 jam
1015 5535 1214 5608 editam
1245 5533 1416 5608 fuisse
1457 5549 1503 5608 a_
1531 5533 1694 5588 Petro
1731 5533 1959 5590 Possino
1978 5536 2038 5608 in
2153 5545 2286 5608 tom.
2326 5535 2492 5608 CXX,
2522 5533 2597 5592 adv
2623 5551 2716 5592 an.
2751 5534 2908 5604 I005,
2947 5549 3058 5605 quo
3102 5535 3161 5592 S.
3188 5533 3345 5592 Nilus
3375 5535 3529 5592 obiit.
3574 5535 3736 5594 Eutr.

476 5622 576 5660 suo
627 5602 891 5661 Thesauro
943 5605 1192 5671 ascetico,
1225 5620 1276 5676 p.
1311 5603 1432 5658 427.
1481 5602 1660 5662 Lucas
1692 5621 1722 5661 a
1763 5607 2042 5664 nonnullis
2151 5606 2326 5662 Pun.
