4138 6216
476 299 546 361 79
1496 296 1713 360 LUC/ﬁ
1748 297 2067 359 ABBATIS
2102 297 2711 375 CRYPTOFERRAT.

3601 295 3709 361 430

442 409 641 465 Verum
697 407 813 464 haec
857 407 1083 478 proprio
1130 407 1186 461 in
1236 414 1483 478 tempore
1527 408 1804 463 dicentur.
1868 406 2025 462 Nunc

2132 411 2298 479 ιερεϊ,
2355 410 2449 464 καὶ
2517 408 2640 464 λίαν
2696 401 2764 480 ἣν
2811 406 3143 480 ἐπιπόθητος
3173 452 3188 475 ,
3238 409 3332 463 καὶ
3382 407 3480 479 τῆς
3542 408 3709 462 αὐτοῦ

441 497 511 554 ad
554 513 618 553 ea
650 513 772 568 quae
809 496 1216 567 tempestiviora
1259 505 1409 564 sunt,
1452 513 1635 554 sermo
1664 506 1852 553 noster
1893 512 2019 567 per-

441 600 552 662 gat.

514 865 568 919 ι.
601 863 701 919 Hic
741 878 872 935 ergo
919 871 1080 920 natus
1128 872 1213 920 est
1261 864 1317 919 in
1354 862 1710 920 Calabrorum
1755 864 2019 937 regione;

442 965 499 1010 ct
537 956 657 1025 pios
695 963 951 1024 parentes
976 956 1228 1022 sortitus,
1285 956 1355 1010 ab
1389 956 1473 1010 his
1526 956 1861 1013 monasterio
1906 958 2021 1028 jam

442 1045 570 1100 inde
608 1060 638 1099 a
669 1045 875 1100 teneris
908 1045 1220 1115 unguiculis
1249 1043 1484 1099 traditur
1517 1059 1531 1097 :
1564 1042 1658 1113 qui
1688 1044 1894 1098 virtute
1937 1042 2023 1099 vi-

444 1147 512 1194 ta:
545 1155 660 1195 suae
703 1139 904 1195 comite
946 1147 1249 1209 assumpta.
1288 1137 1345 1191 in
1398 1135 1600 1206 puerili
1646 1136 1833 1208 vigore
1876 1135 2025 1192 seni-

441 1229 548 1285 lem
598 1240 834 1286 mentem
891 1247 1003 1299 prae
1048 1247 1108 1286 se
1149 1230 1378 1285 ferebat.
1428 1229 1551 1285 Non
1596 1230 1745 1285 enim
1779 1229 1919 1299 joeis
1967 1237 2025 1285 et

441 1323 654 1378 lusibus
713 1323 1050 1393 risibusque,
1090 1331 1148 1377 et
1191 1322 1448 1378 cursibus
1484 1329 1582 1377 aut
1619 1322 2023 1388 saltationibus,

441 1414 643 1483 quibus
671 1415 990 1484 plerumque
1016 1413 1280 1484 juventus
1296 1412 1559 1469 obiectari
1595 1414 1757 1478 solet,
1788 1414 1882 1469 sed
1906 1431 2027 1471 ora-

442 1506 580 1561 tioni
619 1506 838 1562 deditus
870 1516 990 1561 erat
1018 1513 1072 1562 et
1105 1505 1437 1562 lectionibus
1482 1521 1547 1561 ac
1596 1506 1819 1578 pietatis
1863 1522 2024 1563 exer-

442 1598 595 1662 citio,
635 1608 693 1654 et
726 1599 947 1655 virtutis
991 1597 1176 1654 studio
1226 1614 1600 1670 summopere.
1647 1599 1802 1655 inter
1839 1601 2023 1656 omnia

2124 501 2374 573 γλώσσης
2421 503 2707 573 ἐξήρτητο,
2739 502 2835 556 καὶ
2875 502 3055 556 πάντα
3106 503 3176 556 τὰ
3218 502 3353 573 παρ’
3400 500 3570 556 αὐτοῦ
3614 501 3705 555 λε-

2122 593 2332 664 γόμενα
2388 594 2559 666 ἡδέως
2619 595 2786 666 ήκουέ
2836 612 2897 648 τε
2947 595 3041 648 καὶ
3104 594 3483 665 διεπράττετο.
3543 592 3707 648 Ἀλλὰ

2121 686 2294 740 ταῦτα
2318 687 2417 756 μὲν
2441 688 2498 740 ἐν
2529 686 2646 758 ίδίῳ
2683 686 2862 758 καιρῷ
2916 685 3143 740 λεκτέον
3162 701 3178 716 ο
3209 684 3467 756 βαδιείτω
3511 685 3568 739 δὲ
3603 685 3701 739 νῦν

2123 779 2152 831 ό
2181 778 2337 848 λόγος
2375 780 2468 832 ἐπὶ
2493 779 2561 833 τὰ
2582 779 2944 852 καιριώτερα.

2192 871 2254 928 δ’.
2290 866 2458 937 Οὗτος
2502 872 2603 942 ἔφυ
2643 874 2742 944 μὲν
2784 873 2886 944 τῆς
2934 871 3245 955 καλασρῶν
3283 874 3388 944 γῆς
3411 889 3424 905 .
3459 866 3746 959 εὐσεδῶνὲ

2122 963 2179 1018 δὲ
2212 964 2414 1032 γονέων
2441 964 2641 1036 τυχὼν,
2676 964 2736 1031 ἐξ
2758 964 2981 1018 ἁπαλῶν
3022 964 3231 1035 ὀνύχων
3257 966 3313 1017 ὲν
3348 964 3703 1036 μοναστηρίῳ

2123 1054 2343 1110 δίδοται.
2386 1056 2499 1127 Τὴν
2549 1056 2751 1128 ἀρετὴν
2786 1056 2845 1110 δὲ
2883 1056 3204 1126 συμόιώτην
3245 1048 3703 1127 προανελόμενος,

2124 1147 2182 1201 ὲν
2208 1146 2441 1216 παιδικῷ
2467 1145 2786 1218 φρυάγματι
2812 1145 2998 1200 πολιὸν
3036 1145 3388 1200 ἐπεδείκνυτο
3422 1143 3706 1217 φρόνημα.

2125 1241 2200 1294 Ού
2236 1237 2348 1310 γὰρ
2373 1238 2613 1303 παιδιαῖς
2653 1233 2721 1309 ἦν
2756 1235 3056 1307 σχολάζων,
3090 1239 3183 1290 καὶ
3221 1236 3557 1310 ἀθύρμασιν,
3583 1235 3705 1288 οὐδὲ

2123 1332 2336 1396 τώθοις,
2370 1331 2468 1384 καὶ
2519 1330 2763 1399 δρόμοις,
2792 1329 2884 1383 καὶ
2930 1327 3192 1400 ἅλμασιν,
3236 1313 3419 1391 οἷςτὰ
3464 1327 3703 1399 πολλάή

2123 1424 2310 1495 νεότης
2350 1422 2495 1492 φιλεῖ
2534 1420 2855 1491 τέρπεσθαι,
2887 1420 3022 1473 ἀλλᾶ
3075 1422 3351 1491 προσευχῇ
3392 1419 3698 1489 προκείμε-

2122 1529 2211 1576 νος
2273 1510 2338 1584 [Ῑ.
2394 1509 2618 1583 προσκ.]
2675 1512 2771 1565 καὶ
2827 1508 3245 1580 άναγνώσμασι,
3295 1508 3608 1563 θεοσέϐειάν
3644 1527 3705 1564 τε

2126 1600 2546 1673 ὲξασκούμενος,
2570 1600 2667 1655 καὶ
2717 1600 2921 1671 ἀρετῆς
2966 1599 3215 1653 σπεύδων
3263 1599 3343 1662 είς
3371 1597 3433 1652 τὸ
3463 1597 3704 1668 ἀκρότα-

441 1697 626 1744 autem
674 1688 816 1745 bona
859 1689 977 1760 ejus
1020 1704 1188 1759 opera
1215 1688 1485 1761 jejunium
1531 1689 1841 1755 eminebat,
1875 1690 2023 1761 quod

2127 1711 2239 1749 τον.
2274 1693 2498 1747 Πάντων
2535 1693 2592 1748 δὲ
2627 1693 2739 1745 τῶν
2778 1691 2929 1762 αὐτῷ
2978 1689 3433 1760 κατορθουμένων
3473 1689 3704 1760 νηστεία

443 1780 511 1835 ad
559 1789 864 1835 extremum
911 1796 1088 1851 usque
1125 1782 1383 1852 spiritum
1426 1781 1832 1838 observandum
1861 1797 2024 1839 cura-

2126 1781 2195 1858 ἦν
2229 1786 2290 1840 τδ
2329 1785 2629 1857 ἐξαίρετον,
2660 1785 2728 1858 ἢν
2766 1784 2862 1838 καὶ
2900 1755 3379 1854 ’μέχρις-ἐσχάτης
3427 1755 3704 1850 ἀνα-πνοῆς

442 1870 545 1924 vit.
584 1871 688 1926 Per
736 1870 1037 1927 illud‘vero
1078 1881 1295 1942 tempus
1340 1887 1466 1929 cum
1512 1872 1695 1929 adhuc
1729 1873 2025 1930 admodum

2125 1879 2362 1950 τηρῆσαι
2387 1877 2711 1932 ἐσπούδασε.
2734 1875 2870 1930 Τότε
2900 1875 2959 1929 δὲ
3002 1875 3132 1938 παῖς
3171 1874 3366 1944 κομιδῇ
3414 1873 3703 1944 ὑπάρχων,

444 1977 583 2032 puer
645 1971 824 2025 esset,
870 1977 901 2017 a
951 1964 1270 2018 monasterii
1333 1963 1607 2034 praefectis
1654 1965 1724 2019 ad
1783 1964 2025 2020 vicinum

2127 1970 2184 2023 ὲν
2209 1970 2275 2041 τῇ
2319 1967 2690 2040 πλησιαζούσῃ
2734 1965 2897 2038 κώμῃ
2928 1966 3080 2034 παρὰ
3114 1964 3224 2019 τῶν
3268 1967 3327 2020 ἐν
3370 1969 3435 2037 τῇ
3464 1968 3601 2037 μονῇ
3634 1965 3704 2019 τά

442 2069 640 2125 pagum
706 2054 1054 2122 mittebatur,
1104 2071 1206 2112 ceu
1256 2071 1398 2126 puer
1464 2055 1705 2112 famulus
1769 2056 2031 2112 videlicet

444 2156 672 2216 propter
738 2147 1058 2202 monasterii
1129 2147 1509 2203 necessitates.
1565 2147 1647 2202 Ihi
1697 2161 1821 2203 eum
1882 2162 2027 2217 saepe

448 2237 782 2307 prandentes
811 2239 1282 2311 deprehenderet,
1314 2248 1369 2295 et
1410 2249 1472 2295 ut
1516 2254 1703 2295 secum
1732 2239 2031 2310 pranderet

447 2329 792 2396 invitaretur,
832 2346 942 2386 non
1005 2331 1425 2398 assentiebatur,
1470 2329 1722 2386 credibili
1799 2344 2023 2385 excusa-

447 2420 594 2476 tione
627 2415 1005 2478 invitationem
1045 2421 1332 2478 declinans
1364 2440 1380 2477 :
1425 2422 1564 2477 Esca
1602 2420 1773 2485 enim,
1818 2421 2022 2484 aiebat,

448 2511 502 2566 in
548 2512 883 2568 monasterio
931 2522 1260 2583 praesumpta
1323 2520 1475 2567 satur
1500 2526 1642 2566 sum.
1677 2511 1768 2566 Sic
1796 2511 1903 2566 illis
1936 2525 2025 2565 re-

448 2603 639 2673 pulsis,
685 2604 907 2677 jejunus
962 2605 1031 2660 ad
1091 2604 1482 2660 monasterium
1542 2605 1800 2660 redibat:
1837 2605 2024 2674 ibique

449 2709 641 2750 rursus
688 2710 722 2750 a
774 2695 1060 2751 monachis
1110 2698 1177 2752 ad
1250 2696 1540 2766 prandium
1598 2704 1844 2762 vocatus,
1903 2695 2021 2765 pari

447 2797 593 2852 astu,
636 2785 829 2857 jejunii
866 2785 1073 2845 bonum
1120 2787 1374 2845 servabat
1415 2787 1709 2846 incolume.

521 2970 574 3025 5.
611 2970 749 3028 Cum
786 2971 836 3028 is
875 2970 1044 3043 igitur
1076 2971 1132 3027 in
1166 2972 1273 3029 hoc
1317 2972 1653 3029 monasterio
1700 2970 1774 3026 ita
1803 2971 2024 3043 egregie

448 3061 734 3120 institutus
771 3073 937 3129 esset,
970 3063 1272 3121 beatissimi
1306 3064 1416 3121 Nili
1467 3063 1630 3129 fama,
1663 3077 1764 3120 ceu
1795 3061 2022 3133 quidam
2050 3103 2092 3162 ο

447 3153 545 3208 Dei
600 3153 859 3218 nuntius,
916 3170 1332 3228 quaqueversus
1393 3154 1738 3222 discurrens,
1793 3165 2024 3212 cunctos

447 3245 668 3300 virtutis
726 3245 1005 3301 studiosos
1076 3244 1142 3300 ad
1210 3245 1363 3299 illum
1429 3247 1787 3302 convocabat.
1844 3248 2024 3303 Nilum

448 3336 572 3391 dico
616 3335 917 3406 juniorem,
959 3335 1211 3392 Calabria
1265 3336 1582 3397 oriundum.
1627 3338 1721 3407 qui
1768 3338 2024 3394 solitudi—

444 3427 534 3483 nis
576 3443 760 3483 amore
799 3428 1030 3497 patriam
1071 3427 1464 3499 dereliquerat,
1496 3429 1772 3500 variisque
1803 3415 2055 3487 mutatis.

446 3517 703 3582 sedibus,
739 3517 794 3573 in
839 3519 1045 3575 Italiam
1095 3522 1391 3577 advenerat
1435 3538 1450 3576 :
1494 3521 1721 3592 gloriam
1780 3522 2023 3583 scilicet.

449 3613 953 3682 tanquam‘virtutis
994 3613 1468 3682 impedimentum,
1509 3615 1723 3687 fugiens
1761 3615 2028 3670 desertio-

449 3701 601 3757 ribus
630 3701 764 3758 locis
796 3711 970 3759 semet
998 3703 1257 3761 abdebat.
1294 3705 1400 3760 Sed
1423 3705 1579 3776 quia,
1618 3707 1775 3777 juxta
1806 3705 2024 3761 Domini

447 3791 756 3857 oraculum,
786 3808 899 3849 non
950 3804 1135 3865 potest
1165 3795 1355 3853 civitas
1381 3796 1641 3853 abscondi
1675 3813 1841 3868 super
1871 3813 2026 3853 mon-

448 3891 560 3938 tem
597 3884 793 3954 posita,
818 3900 888 3941 ne
918 3885 1029 3941 illic
1057 3886 1279 3958 quidem
1312 3887 1512 3956 latuit;
1545 3889 1783 3960 tubaque
1810 3890 2026 3947 acutius

445 3974 713 4031 virtutum
758 3977 880 4050 ejus
921 3976 1065 4034 fama
1114 3993 1409 4044 resonans,
1445 3980 1796 4036 manifestum
1837 3981 2026 4037 homi-

447 4080 574 4121 nem
641 4066 898 4123 faciebat.
951 4067 1247 4136 Propterea
1331 4069 1389 4124 in
1437 4068 1751 4140 Campania:
1802 4086 2024 4142 quoque

446 4155 694 4226 partibus
742 4158 1073 4213 monasterio
1109 4159 1430 4223 constituto,
1478 4160 1758 4231 sexaginta
1803 4161 2026 4218 circiter

446 4246 700 4303 monachi
746 4247 812 4303 ad
864 4248 1047 4320 ipsum
1086 4250 1503 4317 conﬂuxerunt.
1550 4267 1690 4323 quos
1741 4252 1885 4308 inter
1933 4253 2026 4310 hic

445 4338 653 4405 etiam,
701 4341 862 4412 cujus
913 4341 1202 4398 historiam
1264 4344 1591 4409 scribimus,
1656 4345 1768 4403 Deo
1819 4347 2023 4402 cbarus

2128 2059 2320 2130 πρῶτα
2351 2059 2624 2130 φερόντων
2657 2057 2958 2113 ἐστέλλετο.
3002 2057 3312 2112 Ἐστέλλετο
3360 2057 3460 2127 μὲν
3501 2055 3595 2110 οὖν
3627 2056 3705 2120 ὡς

2127 2153 2278 2217 παῖς,
2310 2150 2499 2222 χρείας
2523 2151 2590 2221 τῇ
2623 2151 2758 2220 μονῇ
2798 2148 3101 2219 γενομένης
3123 2164 3140 2180 ο
3170 2146 3452 2209 ἐσθίοντας
3479 2146 3536 2199 δὲ
3573 2147 3704 2201 πολ-

2125 2241 2280 2305 λάκις
2320 2241 2448 2306 τοὺς
2507 2240 2685 2294 ἐκεῖσε
2720 2238 3178 2311 παρατυγχάνων,
3213 2238 3308 2292 καὶ
3358 2237 3700 2291 συνεσθιέναι

2126 2330 2313 2394 αὐτοῖς
2373 2328 2884 2401 παρακαλούμενος,
2939 2329 3040 2382 οὐκ
3105 2327 3374 2399 ἠνείχετο,
3433 2330 3706 2399 εὐπρεπεῖ

2126 2419 2393 2490 ἀπολογίᾳ
2434 2420 2536 2487 τὴν
2572 2419 2921 2491 παράκλησιν
2967 2419 3442 2491 άποκρουόμενος*
3489 2420 3707 2490 Βεϐρω-

2125 2512 2238 2577 κὼς
2271 2513 2379 2585 γάρ
2402 2513 2459 2569 ὲν
2490 2516 2557 2585 τῇ
2607 2515 2763 2585 μονῇ,
2808 2512 3005 2582 λέγων,
3046 2513 3507 2582 ὲμπεφορημένος
3560 2511 3699 2582 εἰμί.

2126 2605 2283 2661 Οὕτω
2312 2603 3034 2679 τούτουςνάποκρουόμενος,
3065 2600 3341 2672 νηστεύων
3371 2602 3430 2653 ἑν
3462 2603 3529 2671 τῇ
3566 2602 3702 2671 μονῇ

2125 2698 2535 2769 ἀνθυπέστρεφε
2560 2714 2576 2731 ο
2609 2698 2771 2751 κάκεῖ
2796 2695 2854 2749 δὲ
2880 2694 3042 2749 πάλιν
3072 2693 3179 2748 ὑπὸ
3205 2693 3316 2747 τῶν
3347 2694 3598 2765 μοναχῶν
3624 2694 3706 2758 είς

2125 2793 2345 2866 ἄριστον
2379 2788 2732 2862 καλούμενος,
2754 2786 2824 2843 τά
2854 2787 3015 2859 ὃμοια
3041 2784 3206 2858 δρῶν,
3236 2784 3299 2839 τὸ
3326 2785 3426 2858 τῆς
3450 2783 3705 2857 νηστείας

2126 2881 2289 2937 καλὸν
2310 2880 2582 2952 ἀμείωτον
2609 2878 2873 2949 διετήρει.

2197 2971 2260 3028 ε’.
2301 2971 2488 3036 Οὕτως
2530 2971 2624 3026 οὖν
2654 2971 2820 3025 αὐτοῦ
2851 2973 2909 3024 ὲν
2950 2972 3015 3042 τῇ
3049 2969 3271 3042 τοιαύτῃ
3320 2971 3453 3040 μονῇ
3504 2969 3702 3040 ἄριστα

2125 3064 2607 3135 ὲκπαιδευομένου,
2631 3063 2665 3134 ή
2689 3061 2785 3116 τοῦ
2818 3062 3243 3134 μακαριωτάτου
3286 3061 3481 3117 Νείλου
3522 3062 3702 3132 φήμη,

2128 3153 2203 3217 ὡς
2230 3152 2462 3222 ἄγγελος
2507 3151 2643 3205 Θεοῦ
2693 3152 2940 3223 πανταχῆ
2973 3152 3286 3217 διαθέουσα,
3330 3152 3541 3215 πάντας
3576 3154 3705 3217 τοὺς

2127 3242 2333 3313 ἀρετὴν
2396 3242 2833 3313 μεταδιώκοντας
2892 3241 3029 3313 πρὸς
3078 3242 3271 3295 ἑαυτὸν
3325 3240 3699 3312 μετεκαλεῖτο.

2128 3336 2321 3389 Νεῖλον
2360 3335 2419 3389 δὲ
2461 3335 2607 3403 λέγω
2632 3333 2723 3386 τὸν
2755 3332 2897 3396 νέον,
2932 3333 2996 3386 ὲκ
3042 3331 3363 3404 Καλαὸρίας
3395 3332 3495 3402 μὲν
3540 3331 3705 3386 αὑτὸν

2126 3427 2476 3499 ὡρμημένον,
2527 3425 2598 3480 δι’
2622 3425 2799 3497 ἔρωτα
2847 3426 2904 3480 δὲ
2952 3424 3205 3496 ἡσυχίας,
3257 3425 3358 3493 τὴν
3401 3424 3705 3495 ἐνεγκαμέ-

2126 3536 2225 3590 νην
2279 3518 2671 3581 καταλιπόντα,
2728 3519 2821 3571 καὶ
2878 3517 3076 3580 τόπους
3139 3517 3204 3570 ὲκ
3263 3517 3444 3571 τόπων
3503 3516 3703 3570 ἀναλα-

2126 3612 2309 3676 ϐόντα,
2340 3611 2441 3682 τὴν
2477 3609 2709 3664 Ἰταλίαν
2753 3609 3101 3664 καταλαϐεῖν.
3149 3609 3262 3679 Τὴν
3300 3608 3409 3679 γάρ
3449 3608 3560 3662 τῶν
3608 3609 3705 3663 άν-

2127 3702 2362 3775 θρώπων
2412 3702 2571 3770 δόξαν
2621 3701 2697 3766 ὡς
2742 3701 2945 3775 ἀρετῆς
2985 3700 3245 3771 ἐμπόδιον
3299 3699 3540 3768 φεύγων,
3587 3703 3702 3763 τοῖς

2125 3794 2560 3866 ὲρημικωτέροις
2613 3794 2808 3848 ἑαυτὸν
2866 3791 3120 3858 ἐξεδίδου.
3168 3791 3311 3846 Ἀλλ’
3365 3792 3511 3855 ἐπεὶ,
3560 3791 3702 3845 κατὰ

2124 3889 2224 3958 τὴν
2256 3887 2348 3940 τοῦ
2382 3886 2591 3959 Κυρίου
2621 3885 2826 3957 φωνὴν,
2852 3885 2914 3939 οὐ
2964 3883 3193 3939 δύναται
3239 3884 3396 3947 πόλις
3429 3883 3702 3956 κρυϐῆναι

2125 3980 2312 4036 ἐπάνω
2360 3981 2520 4053 ὅρους
2554 3979 2806 4051 κειμένη.
2854 3977 3123 4050 οὐμενοῦν
3174 3978 3297 4033 οὐδὲ
3349 3977 3700 4032 διελάνθανε⁸

2124 4071 2427 4145 τορώτερον
2455 4072 2513 4127 δὲ
2546 4070 2845 4141 σάλπιγγος
2871 4073 2905 4141 ή
2932 4071 3041 4125 τῶν
3064 4070 3259 4125 τούτου
3287 4070 3500 4141 ἀρετῶν
3542 4069 3699 4140 φήμη

2125 4164 2334 4237 ὴχοῦσα
2376 4163 2675 4233 κατάδηλον
2716 4164 2810 4219 τὸν
2848 4163 3018 4235 ἄνδρα
3044 4162 3247 4218 ἐποίει.
3281 4161 3572 4233 Τοιγάρτοι
3604 4159 3702 4213 καὶ

2124 4258 2186 4311 ὲν
2239 4258 2355 4320 τοῖς
2425 4255 2762 4328 Καμπανίας
2837 4256 3033 4327 μέρεσι
3100 4253 3465 4325 μοναστήριον
3527 4250 3697 4306 αὑτοῦ

2127 4347 2560 4421 συστησαμένου,
2587 4347 2847 4418 ἀφίκοντο
2897 4346 3034 4419 πρὸς
3085 4345 3248 4402 αὐτὸν
3296 4343 3523 4417 μοναχοὶ
3567 4342 3701 4412 περὶ

444 4428 766 4486 adolescens
812 4430 1266 4488 Bartholomaeus.
1299 4434 1510 4490 Rursus
1550 4449 1681 4505 ergo
1719 4437 2021 4493 monastica

2126 4444 2253 4508 τοὺς
2300 4443 2563 4514 ἐξήκοντα
2587 4459 2602 4475 ο
2634 4440 2754 4511 μεθ’
2796 4434 2873 4495 ὧν
2910 4440 3006 4494 καὶ
3034 4440 3063 4493 ὁ
3106 4438 3204 4493 νῦν
3234 4438 3367 4510 ἡμῖν
3397 4439 3478 4500 είς
3508 4435 3702 4505 διήγη-

443 4520 589 4586 vita,
636 4531 694 4578 et
742 4524 986 4593 priorum
1035 4524 1288 4579 laborum
1338 4532 1504 4594 atque
1552 4527 1814 4581 sudorum
1864 4542 2023 4597 repe-

445 4612 590 4677 titio,
619 4611 822 4679 denuo,
855 4614 1099 4684 inquam,
1142 4614 1255 4669 Deo
1298 4622 1488 4684 gratus
1526 4615 1744 4685 juvenis
1783 4615 2025 4686 superio-

443 4701 601 4758 ribus
646 4702 927 4759 exercitiis
971 4711 1147 4759 semet
1191 4703 1567 4773 impendebat.
1623 4704 1756 4759 Nam
1799 4713 1856 4760 et
1895 4720 2021 4761 cum

441 4794 741 4865 aliquando
805 4794 972 4850 lectio
1036 4792 1226 4860 ﬁeret,
1277 4802 1334 4849 et
1385 4792 1575 4850 omnes
1625 4793 2019 4861 dormitarent,

442 4900 588 4967 unus
636 4884 726 4940 hic
769 4900 897 4940 cum
944 4886 1106 4941 Patre
1144 4885 1273 4957 vigil
1321 4886 1727 4955 perseverabat,
1770 4886 1840 4945 de
1882 4887 2024 4944 dini-

440 4984 728 5040 cilioribus
757 4984 1053 5054 Scriptum
1094 4983 1233 5038 locis
1281 4983 1646 5052 interrogans,
1679 4998 1886 5054 eosque
1913 4983 2018 5039 sibi

443 5093 475 5133 a
522 5093 718 5150 magno
776 5079 872 5134 illo
941 5075 1219 5133 enucleari
1273 5074 1606 5147 postulans:
1649 5075 1797 5146 quod
1859 5075 2022 5131 Pater

440 5172 755 5238 admirans,
808 5179 1134 5227 emterorum
1193 5167 1463 5239 ignaviam
1521 5167 1875 5238 increpabat,
1922 5167 2018 5239 qui

441 5276 501 5316 se
543 5276 741 5318 somno
780 5269 1067 5331 tantopere
1094 5257 1241 5316 vinci
1285 5258 1561 5326 sinebant,
1609 5273 1712 5315 nec
1749 5274 1874 5314 cum
1926 5260 2019 5330 ju-

440 5353 676 5408 venculo
719 5352 964 5430 vigilare.
992 5351 1268 5417 volebant,
1314 5365 1493 5423 neque
1540 5351 1662 5422 ejus
1703 5350 2007 5408 strenuita-

444 5452 554 5499 tem
597 5452 654 5501 et
682 5443 751 5500 ad
804 5444 1013 5501 bonum
1059 5445 1393 5501 alacritatem
1444 5451 1728 5514 appetere.

517 5718 567 5779 6.
601 5719 747 5790 Quid
800 5738 931 5782 vero
980 5720 1209 5794 postea?
1242 5714 1544 5789 Oportebat
1580 5728 1841 5784 magnum
1872 5731 2009 5786 quo-

2127 4549 2212 4585 σιν
2240 4531 2599 4602 προκείμενος
2620 4529 2908 4602 θεάρεστος
2931 4531 3059 4593 παῖς
3088 4526 3510 4596 Βαρθολομαῖος.
3530 4523 3701 4578 Πάλιν

2123 4620 2220 4676 οὖν
2275 4621 2370 4676 καὶ
2398 4620 2630 4676 ἐνταῦθα
2672 4620 3056 4691 μοναστήριον,
3117 4618 3213 4671 καὶ⁵
3256 4615 3366 4670 τῶν
3412 4614 3698 4684 προτέρων

2124 4712 2308 4768 κόπων
2361 4712 2454 4767 καὶ
2501 4711 2742 4783 ἱδρώτων
2795 4707 3159 4780 ἐπανάληψις,
3189 4708 3287 4761 καὶ
3341 4705 3505 4760 πάλιν
3551 4706 3580 4759 ὁ
3618 4702 3699 4775 τῷ

2123 4804 2243 4877 Θεῷ
2264 4804 2658 4876 κεχαρισμένος
2703 4801 2923 4865 νεανίας
2966 4802 3080 4863 τοῖς
3121 4797 3410 4870 προτέροις
3442 4794 3699 4850 ἐπεκτεί-

2122 4895 2308 4951 νεσθαι
2342 4894 2602 4948 ἔσπευδεν
2625 4909 2641 4926 ο
2670 4892 2747 4956 ὡς
2784 4891 2878 4945 καί
2910 4906 3038 4943 ποτε
3066 4885 3431 4955 ἀναγνώσεως
3462 4885 3698 4953 γενομέ-

2121 5006 2220 5060 νης
2251 4990 2347 5042 καὶ⁵
2373 4987 2591 5042 πάντων
2617 4984 3086 5055 άφυπνωσάντων,
3105 4980 3269 5052 μόνον
3296 4979 3485 5032 τοῦτον
3515 4979 3698 5061 μεῖναι

2125 5079 2265 5151 μετὰ
2305 5077 2401 5132 τοῦ
2429 5077 2642 5149 Πατρδς
2670 5074 3103 5148 ἐγρηγοροῦντα,
3133 5072 3203 5127 τά
3233 5070 3478 5143 δυσχερῆ
3508 5086 3566 5122 τε
3593 5067 3698 5138 τῆς

2122 5172 2343 5243 Γραφῖκ
2394 5170 2784 5241 ἐπιζητοῦντα,
2814 5168 2910 5222 καλ⁵
2952 5167 3105 5237 παρὰ
3144 5165 3240 5220 τοῦ
3283 5164 3524 5235 μεγάλου
3572 5164 3695 5215 ἐπι-

2119 5265 2386 5335 λυόμενα·
2413 5262 2553 5317 ὥστε
2607 5262 2700 5317 τὸν
2754 5260 2999 5333 [Ῑατέρρα¹
3029 5247 3413 5328 θαυμάσαντα,
3466 5252 3697 5317 ἐκείνοις

2120 5357 2221 5427 μὲν
2246 5353 2646 5427 προσονειδίσαι
2690 5352 2758 5406 τὰ
2801 5351 2906 5422 τῆς
2945 5349 3240 5422 ῥᾳθυμίας,
3276 5350 3373 5404 ἅτε
3421 5345 3502 5418 τῷ
3541 5345 3695 5415 ὕπνῳ

2115 5447 2306 5511 δεινῶς
2360 5443 2663 5516 ἡττηθεῖσι,
2691 5442 2784 5496 καὶ
2839 5441 2974 5513 μηδὲ
3025 5440 3118 5494 ἴσα
3171 5437 3447 5511 μειρακίῳ
3497 5436 3691 5509 νήφειν

2115 5536 2410 5599 ἐθέλουσιν,
2442 5533 2606 5587 αὐτοῦ
2664 5534 2721 5588 δὲ
2776 5533 2876 5602 τὴν
2908 5532 3146 5605 σπουδὴν
3193 5533 3289 5586 καὶ
3322 5534 3425 5602 τὴν
3465 5530 3595 5601 περὶ
3622 5527 3693 5582 τά

2116 5625 2257 5680 καλᾶ
2282 5620 2590 5696 προθυμίαν
2611 5621 2995 5688 ἀποδέξασθαι.

2187 5722 2262 5780 ς’.
2297 5716 2363 5771 Τί
2388 5708 2479 5769 οὖν
2513 5713 2801 5783 ὲντεῦθεν;
2831 5714 2982 5770 Ἔδει
3009 5713 3104 5776 καὶ⁸
3132 5713 3223 5769 τὸν
3265 5711 3448 5797 μέγαν.
3466 5707 3691 5776 Πατέρα
