4122 6212
339 274 441 341 481

1339 275 1519 336 VITA
1558 274 1624 337 S.
1660 271 2234 335 BARTHOLOMEI
2273 276 2663 341 JUNIORIS.
2775 227 2779 230 ι

3504 281 3610 345 482

340 383 503 456 ἡμῶν
544 380 735 453 Νεῖλον
767 377 877 433 τῶν
919 376 1153 449 μακρῶν
1190 377 1369 433 πόνων
1398 378 1628 432 λυθέντα
1662 381 1759 443 τάς
1801 381 1922 433 ἐπι·-

2048 394 2134 447 |ue
2165 378 2382 436 Patrem
2430 395 2678 439 nostrum
2724 383 2909 442 Nilum
2945 400 3181 459 corpore
3211 388 3453 445 solutum
3486 393 3609 451 din-

340 474 586 549 καρπίας
640 469 999 543 κομίσασθαι,
1035 470 1130 524 καὶ⁸
1187 471 1326 542 πρὸς
1368 469 1469 541 τὴν
1525 470 1736 541 ἀμείνω
1779 471 1927 544 ζωὴν

343 566 836 640 μεταχωρήσαντα,
859 564 957 634 τῆς
990 562 1273 635 ἀκηράτου
1301 562 1573 632 ὲντρνφᾷν
1602 562 1925 633 ἀῑδιότητος.

341 661 526 731 Ὅπερ
551 658 646 713 καὶ
671 657 931 727 γέγονεν’
959 657 1019 708 ὲν
1043 657 1193 726 γήρα
1225 655 1333 726 γὰρ
1365 655 1513 726 καλῷ
1543 654 1807 709 καταλύει
1833 655 1928 708 τὸν

342 751 480 821 βίιν,
512 751 608 804 καὶ
639 749 774 819 πρὸς
813 747 873 801 ὃν
910 746 1169 817 ἠγάπησε
1213 745 1416 817 Κύριον
1462 745 1709 817 ὲκδημεῖ.
1740 745 1831 799 Διό
1865 761 1928 799 τε

348 842 487 912 μετά
536 840 749 902 τοῦτον,
774 841 876 908 τὴν
921 838 1032 890 τῶν
1076 835 1321 903 ἀδελφῶν
1345 836 1647 906 ἡγεμονίαν
1684 835 1927 903 διαδεξα-

347 933 550 1002 μένων,
580 930 766 1002 τρίτος
794 931 823 982 ό
857 928 1159 999 θαυμάσιος
1187 927 1592 997 Βαρθολομαῖος
1614 929 1715 998 τὴν
1753 927 1928 999 ἀρχὴν

344 1022 438 1077 καὶ
468 1020 566 1091 τὴν
594 1019 893 1091 ἡγεμονίαν
915 1017 1250 1088 διαδέχεται’
1286 1017 1349 1070 οὑ
1371 1016 1567 1083 διώξας
1604 1018 1705 1089 τὴν
1731 1018 1927 1089 ἀρχὴν,

344 1109 461 1167 ἀλλ’
493 1108 597 1163 ὑπὸ
626 1109 726 1178 τῆς
748 1108 923 1177 ἀρχῆς
948 1106 1217 1177 διωχθεὶς,
1252 1108 1348 1160 καὶ
1374 1106 1555 1177 πολλῷ
1590 1107 1792 1177 μᾶλλον
1824 1107 1930 1161 ὑπὸ

346 1202 449 1270 τῆς
471 1199 614 1254 κατά
655 1199 790 1253 Θεὸν
827 1198 1072 1260 συνοδίας
1120 1197 1461 1267 βιαζόμενος,
1509 1197 1690 1251 καίτοι
1731 1197 1930 1268 ἀτελὴς

346 1298 415 1367 τῇ
454 1293 653 1367 ηλικίᾳ.
685 1293 796 1345 Καὶ
837 1290 974 1361 πρὸς
1002 1290 1261 1361 τοιαύτην
1294 1288 1615 1361 ἐγχείρησιν
1658 1288 1928 1355 ἀποδέων,

347 1388 499 1456 ὅμως
539 1383 830 1437 κάντεῦθεν
858 1381 918 1436 τὺ
945 1380 1203 1436 ταπεινὸν
1242 1379 1506 1434 δεικνύων
1545 1381 1640 1432 καὶ
1679 1378 1927 1450 μέτριον,

348 1481 411 1533 οὐ
447 1478 606 1549 μόνος
627 1474 866 1551 τοιοῦτος
891 1473 957 1547 Π.
994 1471 1269 1546 τοιούτου]
1306 1473 1655 1544 συστήματος
1680 1472 1930 1543 ἡγεῖσθαι

351 1571 699 1636 κατεδέξατο,
727 1558 824 1622 ἕνα
852 1569 909 1621 δὲ
932 1566 1139 1622 τούτων
1183 1566 1401 1620 συνέσει
1444 1582 1503 1619 τε
1552 1566 1651 1620 καὶ
1681 1564 1931 1636 ἀγχινοίᾳ

348 1664 673 1734 διαφέροντα
717 1662 797 1724 εἰς
844 1657 1169 1712 ἐπιστασίαν
1228 1657 1679 1729 συμπαραλαὸεῖν
1738 1656 1933 1728 ἐξῃτή-

2038 478 2325 526 turnorum
2381 473 2636 530 laborum
2693 476 2933 532 fructum
2983 479 3291 549 percipere,
3331 488 3496 551 atque
3546 484 3614 539 ad

2035 562 2325 617 meliorem
2358 565 2527 620 vitam
2572 566 2920 638 migrantem,
2956 570 3359 639 incorruptibili
3391 571 3616 626 immorL

2039 652 2250 710 lalitate
2280 654 2409 710 frui.
2450 657 2607 723 Quod
2640 666 2696 712 et
2735 660 2998 730 contigit;
3054 675 3292 731 namque
3357 662 3414 717 in
3471 663 3616 719 bona

2035 753 2321 800 senectute
2372 745 2541 800 vitam
2596 747 2853 813 absolvit,
2900 760 3066 821 atque
3089 751 3159 807 ad
3207 753 3471 809 dilectum
3505 756 3612 811 sibi

2040 832 2337 888 Dominum
2371 837 2612 891 transiit.
2656 838 2897 893 Proinde
2930 849 3053 909 post
3094 841 3265 908 hunc,
3298 857 3367 897 ex
3419 844 3487 899 iis
3518 845 3613 915 qui

2041 923 2273 980 fratrum
2335 928 2591 998 regimini
2643 941 3049 997 successerunt,
3077 933 3275 989 tertius
3311 949 3438 989 eum
3486 952 3615 1007 gra-

2038 1016 2169 1070 dum
2202 1018 2495 1088 occupavit
2548 1019 2894 1076 admirabilis
2952 1022 3406 1090 Bartholomaaus,
3469 1027 3616 1081 haud

2038 1109 2158 1178 ipse
2189 1110 2451 1179 equidem
2477 1110 2822 1166 dominatum
2848 1122 3133 1183 expetens,
3164 1116 3262 1171 sed
3306 1132 3337 1171 a
3364 1117 3618 1174 domina-

2040 1208 2096 1253 tu
2129 1200 2314 1270 potius
2360 1203 2672 1271 espetitus,
2732 1204 3017 1275 multoque
3070 1207 3244 1279 magis
3291 1224 3322 1263 a
3353 1209 3615 1281 religioso

2041 1299 2340 1356 conventu,
2372 1307 2688 1363 quanquam
2722 1293 3031 1351 immatura:
3064 1297 3246 1352 adhuc
3301 1301 3501 1366 aetatis,
3528 1315 3620 1355 co—

2041 1389 2218 1436 actus.
2246 1381 2366 1437 Jam
2410 1383 2540 1438 huic
2569 1384 2748 1439 ollicio
2775 1396 2951 1442 semet
2977 1388 3259 1453 addicens,
3289 1405 3402 1446 sua:
3437 1402 3616 1447 tamen

2038 1470 2369 1528 humilitatis
2396 1484 2582 1545 atque.
2610 1475 2895 1532 modestia).
2936 1479 3216 1548 specimen
3251 1481 3446 1547 edidit,
3484 1483 3615 1537 dum

2040 1562 2189 1617 haud
2225 1565 2377 1620 solus
2408 1566 2557 1622 illius
2600 1578 2779 1623 cretus
2810 1571 3053 1641 regimen
3087 1573 3265 1629 voluit
3314 1576 3617 1646 suscipere,

2039 1655 2133 1709 sed
2159 1655 2392 1711 alterum
2424 1659 2717 1727 prudentia
2758 1671 2814 1714 et
2850 1662 3145 1731 sagacitate
3171 1665 3470 1733 pollentem
3512 1667 3618 1721 sibi

352 1771 481 1808 σατο
504 1770 519 1785 ·
549 1755 599 1807 εἰ
621 1754 718 1807 καὶ
744 1755 773 1806 ό
797 1750 989 1823 φθόνος
1009 1750 1105 1805 ἐπὶ
1127 1750 1261 1805 πολὺ
1288 1749 1445 1804 τοῦτο
1467 1749 1928 1822 παρεκτείνασθαι

2048 1744 2153 1799 lari
2194 1747 2529 1816 praefectura:
2575 1750 2786 1803 socium
2818 1751 3112 1820 postulavit
3143 1769 3158 1808 :
3186 1769 3498 1825 quanquam
3531 1757 3619 1809 in-

348 1846 452 1900 ούκ
482 1844 685 1899 εἴασεν.

422 1939 491 2003 ζ’.
533 1937 682 1989 Ἐπεὶ
717 1935 775 1990 δὲ
828 1935 923 1990 ἐπὶ
976 1938 1041 2008 τῇ
1092 1936 1286 2007 λυχνίᾳ.
1336 1935 1398 1988 τὸ
1453 1935 1571 2006 φῶς
1626 1934 1808 2005 ἐτέθη,
1840 1934 1934 1988 καὶ

353 2028 567 2098 φαίνειν
617 2026 801 2089 καλῶς
858 2025 1361 2101 παρ[εσ]κευὰσθη,
1397 2026 1450 2081 τί
1482 2027 1567 2081 δεῖ
1609 2028 1702 2080 καὶ
1728 2025 1931 2094 λέγειν,

349 2116 462 2185 οἷος
488 2120 590 2191 μὲν
617 2115 685 2191 ἦν
723 2120 833 2183 τοῖς
870 2118 963 2172 ὑπ’
998 2119 1165 2174 αὑτοῦ
1202 2119 1655 2189 ποιμαινομένοις
1690 2117 1936 2171 ποθεινό-

351 2230 535 2280 τατος,
586 2206 700 2274 οἷος
754 2210 813 2266 δὲ
875 2213 987 2275 τοῖς
1054 2210 1228 2276 ξένοις
1278 2211 1628 2282 εὐπρόσιτος,
1679 2210 1936 2278 ἀξιοθαύ-

357 2323 560 2377 μαστος
604 2307 719 2367 τοῖς
764 2305 974 2375 πόρρω,
1009 2305 1117 2366 τοῖς
1168 2303 1400 2375 πλησίον
1443 2304 1771 2374 ἐπέραστος,
1802 2303 1936 2372 ἡδὺς

352 2395 433 2467 τῷ
460 2395 625 2466 λόγῳ,
654 2397 816 2463 σοφὸς
839 2397 898 2447 ἐν
923 2394 1142 2463 γνώσει,
1178 2395 1273 2447 καὶ
1298 2394 1429 2466 περὶ
1467 2395 1566 2466 τὴν
1610 2394 1723 2447 τῶν
1752 2394 1936 2466 ᾀσμά-

351 2503 463 2538 των
516 2484 734 2556 ποίησιν
775 2485 960 2557 ἀκρως
1012 2484 1377 2556 πονούμενος;
1427 2486 1785 2558 Μαρτνροῦσι
1827 2486 1937 2559 γὰρ

355 2576 521 2631 αὑτοῦ
573 2580 641 2630 τὶ
690 2577 944 2647 πάνσοφα
983 2577 1372 2648 μελῳδήματα,
1410 2577 1447 2632 ἃ.
1490 2579 1629 2650 πρός
1671 2595 1730 2632 τε
1761 2580 1937 2650 αὐτὴν

354 2669 459 2738 τὴν
516 2668 926 2740 ὑπεράκραντον
975 2667 1070 2723 τοῦ
1130 2667 1265 2722 Θεοῦ
1322 2670 1501 2739 Λόγου
1556 2671 1809 2742 Μητέρα,
1842 2671 1938 2725 καὶ

360 2758 501 2830 πρὸς
527 2758 653 2821 τοὺς
679 2759 900 2822 λοιποὺς
948 2757 1136 2827 ἁγίους
1166 2757 1400 2822 ἐξέθετο,
1436 2758 1621 2830 πάσης
1665 2760 1940 2831 γέμοντας

359 2846 430 2923 [ﬂ
456 2878 524 2889 —
556 2847 651 2922 τα]
718 2848 973 2917 γνώσεως
1023 2850 1118 2903 καὶ
1178 2849 1582 2919 εύαρμοστίας·
1624 2852 1719 2905 καὶ
1774 2851 1835 2905 τὸ
1873 2852 1939 2923 δὴ

363 2944 838 3014 θαυμασιώτατον,
866 2944 950 2997 ὃτι
979 2944 1075 2998 καὶ
1101 2944 1224 3007 ταῖς
1248 2945 1499 3015 φροντίσι
1530 2945 1638 2999 τῶν
1676 2948 1735 3000 ἐν
1781 2946 1941 3017 χερσὶ

364 3037 638 3108 σχολάζων
658 3032 727 3110 ἦν
759 3038 853 3092 καὶ⁸
882 3036 1203 3109 κηδόμενος.
1233 3036 1422 3100 Οῦτως
1451 3034 1546 3091 οὖν
1580 3039 1730 3110 αὐτῷ
1759 3039 1939 3108 σοφῶς

2039 1838 2185 1893 vidia
2217 1839 2367 1894 haud
2404 1840 2505 1895 diu
2555 1841 2703 1895 hunc
2740 1842 2794 1895 in
2821 1858 2888 1898 eo
2916 1845 3089 1914 gradu
3118 1861 3444 1915 permanere
3470 1849 3619 1903 sivit.

2111 1929 2164 1984 7.
2225 1931 2523 2001 Postquam
2577 1933 2762 2002 itaque
2855 1950 3025 2005 super
3090 1937 3486 1994 candelabrum
3533 1941 3620 1995 lu-

2037 2036 2166 2077 men
2201 2023 2444 2093 positum
2479 2023 2604 2089 fuit,
2637 2035 2693 2079 et
2727 2026 2792 2080 ad
2828 2026 2964 2080 bene
2996 2028 3355 2083 relucendum
3397 2046 3617 2100 comp.-

2037 2124 2243 2180 ratum,
2268 2115 2402 2185 quid
2449 2116 2636 2172 dicere
2681 2132 2822 2187 opus
2847 2127 2955 2181 est,
2980 2135 3143 2188 quam
3187 2130 3335 2176 esset
3384 2122 3621 2178 subditis

2037 2209 2156 2263 suis
2178 2217 2492 2280 pergratus,
2523 2225 2687 2279 quam
2724 2211 3003 2265 extraneis
3034 2211 3290 2275 affabilis,
3329 2223 3533 2282 quanta
3563 2215 3617 2269 in

2037 2298 2409 2355 admiratione
2467 2300 2804 2371 longinquis,
2846 2316 3010 2371 quam
3072 2303 3340 2372 proximis
3381 2304 3619 2371 charus,

2038 2404 2297 2447 sermone
2353 2392 2532 2448 dulcis
2559 2435 2574 2460 ,
2621 2402 2804 2448 mente
2824 2393 3044 2464 sapiens
3074 2433 3089 2460 ,
3141 2403 3199 2449 et
3237 2410 3400 2465 quam
3452 2396 3621 2452 etiam

2039 2483 2385 2539 canticorum
2412 2486 2803 2557 compositioni
2831 2501 3183 2557 summopere
3231 2486 3489 2543 deditus?
3519 2488 3624 2544 Te-

2042 2586 2164 2632 stes
2197 2586 2327 2632 sunt
2350 2577 2631 2634 scitissimi
2683 2578 2894 2649 hymni,
2921 2594 3061 2649 quos
3087 2579 3154 2634 de
3183 2580 3301 2650 ipsa
3330 2581 3623 2651 purissima

2039 2669 2139 2724 Dei
2177 2669 2341 2726 Verbi
2393 2669 2563 2726 Matre
2605 2671 2931 2741 exterisque
2978 2671 3186 2725 sanctis
3218 2670 3412 2738 edidit,
3440 2671 3624 2727 omni-

2042 2762 2224 2817 modis
2276 2764 2569 2819 sententiis
2609 2764 3004 2834 harmoniaque
3034 2763 3205 2833 pleni.
3230 2763 3497 2834 Quodque
3523 2765 3627 2818 mi-

2042 2851 2275 2907 rabilius
2296 2860 2404 2919 est,
2439 2868 2700 2907 manuum
2725 2870 2946 2924 quoque
2979 2854 3267 2910 laboribus
3295 2869 3484 2909 curam
3515 2856 3619 2909 im-

2042 2937 2335 3006 pendebat.
2356 2940 2446 2995 Sic
2474 2941 2639 3012 igitur
2659 2943 3063 3013 sapienter’illo
3095 2959 3159 2999 ac
3187 2943 3507 3014 spiritaliter
3542 2962 3627 3001 rc-

2045 3030 2230 3100 gimen
2269 3031 2713 3099 administrante,
2744 3042 2801 3090 ct
2850 3036 3166 3090 monasterii
3203 3037 3369 3091 rebus
3421 3036 3475 3091 in
3507 3053 3624 3092 mc-

360 3105 430 3184 τέ’
463 3130 557 3184 καὶ
590 3105 975 3200 πνευματικῶς
1020 3105 1096 3183 τὰ
1136 3130 1235 3196 τῆς
1274 3130 1450 3201 ἀρχῆς
1486 3105 1941 3202 διακυϐερνῶντι,

2048 3120 2154 3177 lius
2189 3122 2627 3193 proficientibus,
2658 3126 3057 3181 monachorum
3088 3144 3355 3182 numerus
3383 3120 3622 3199 angeba-

364 3223 460 3277 καὶ
488 3222 596 3276 τῶν
627 3223 725 3292 τῆς
755 3220 925 3293 μονῆς
958 3221 1040 3285 είς
1077 3220 1322 3275 ἐπίδοσιν
1357 3222 1570 3289 ἰόντων,
1602 3223 1699 3277 καὶ
1737 3224 1945 3295 πλῆθος

366 3313 749 3385 συνηθροίζετο
796 3308 1044 3384 μοναχῶν
1066 3328 1079 3343 ·
1129 3312 1224 3366 καὶ
1266 3310 1521 3368 τοσοῦτον
1583 3315 1736 3387 αὐτῷ
1775 3318 1808 3386 ἡ
1851 3317 1945 3371 τοῦ

364 3406 501 3461 Θεοῦ
559 3404 720 3476 χάρις
767 3402 1105 3475 συνεργοῦσα
1150 3399 1240 3475 ἦν,
1276 3404 1370 3457 καὶ
1407 3404 1476 3460 τὰ
1529 3406 1671 3459 κατά
1719 3405 1946 3477 γνώμην

364 3496 644 3561 εὐοδοῦσα,
677 3496 752 3559 ὡς
784 3496 841 3548 ὲν
865 3493 1140 3565 ἀλλοδαπῇ
1182 3496 1254 3565 γῇ
1290 3494 1417 3548 ναὸν
1457 3493 1546 3548 ἐπ’
1580 3495 1810 3566 ὀνόματι
1840 3496 1946 3567 τῆς

363 3588 458 3642 τοῦ
491 3586 627 3641 Θεοῦ
658 3587 879 3657 Μητρὸς
913 3584 1195 3657 ἀνεγεῖραι
1224 3586 1483 3658 μέγιστόν
1533 3604 1592 3640 τε
1644 3587 1739 3641 καὶ
1788 3604 1949 3656 περι-

366 3679 545 3750 καλλῆ
569 3678 776 3748 (τοῦτον
802 3678 866 3750 δὴ
896 3676 1042 3744 λέγω
1069 3677 1161 3729 τὸν
1199 3678 1354 3748 παρὰ
1394 3679 1529 3731 πᾶσι
1559 3676 1732 3743 ξένοις
1760 3696 1821 3732 τε
1852 3678 1948 3733 καὶ

367 3774 686 3844 αὐτόχθοσιν
714 3771 1012 3844 ὁρώμενον,
1047 3771 1141 3824 καὶ
1167 3770 1224 3824 ἐν
1269 3765 1313 3840 ᾧ
1357 3771 1459 3835 τὰς
1512 3773 1648 3843 πρὸς
1695 3772 1827 3826 Θεὸν
1863 3773 1951 3827 δο-

368 3865 617 3934 ξολογίας
669 3864 846 3917 ποιεῖν
904 3861 1378 3933 παρειλήφαμεν),
1429 3864 1602 3916 εἰκόσι
1650 3879 1709 3916 τε
1761 3860 1950 3917 τοῦτον

368 3954 810 4027 κατακοσμῆσαι,
865 3954 961 4008 καὶ⁵
1021 3956 1187 4025 ἱεροῖς
1267 3952 1488 4029 σκεύεσι
1559 3953 1654 4008 καὶ
1724 3954 1952 4019 πέπλοις

370 4047 690 4116 πολυτίμοις
712 4047 809 4100 καὶ
843 4046 1118 4114 τερπνοῖς.

439 4145 514 4209 η’.
549 4137 713 4205 ’Δλλά
739 4136 801 4190 τὸ
830 4135 972 4189 κατὰ
1015 4134 1116 4206 τὴν
1142 4132 1437 4206 οἰκοδομὴν
1475 4132 1700 4203 γεγονὸς
1745 4133 1950 4205 θαῦμα,

372 4229 473 4283 οὑκ
498 4229 725 4300 ἄκαιρον
754 4229 942 4299 γραφῇ
982 4224 1354 4299 παραδοῦναιο
1400 4221 1512 4288 οἶος
1558 4226 1666 4298 γάρ
1703 4225 1954 4298 ὑπῆρχεν

372 4326 403 4376 ό
456 4317 762 4393 μακάριος,
818 4319 1081 4396 τοιούτοις
1142 4319 1316 4389 δήπου
1364 4318 1459 4371 καὶ
1516 4317 1779 4389 ὑπηκόοις
1834 4315 1956 4369 έκέ-

2050 3219 2186 3267 tur:
2225 3223 2549 3286 tantumque
2596 3232 2723 3271 eum
2771 3217 2867 3272 Dei
2889 3220 3061 3289 gratia
3093 3218 3323 3290 adjuvit,
3354 3230 3411 3276 et
3450 3221 3631 3277 consi-

2031 3303 2138 3359 'liis
2170 3306 2417 3374 ejusdem
2481 3307 2639 3372 favit,
2690 3320 2751 3363 ut
2804 3308 2859 3363 in
2907 3309 3195 3380 peregrina
3246 3310 3352 3365 sibi
3404 3313 3628 3382 regione

2050 3395 2313 3464 templum
2348 3396 2593 3467 Deiparze
2649 3398 2861 3451 nomini
2895 3398 3140 3453 dicatum
3161 3400 3487 3455 excitaverit
3514 3418 3632 3457 ma-

2048 3487 2255 3540 ximum
2290 3496 2347 3542 et
2381 3489 2837 3558 pulcherrimum.
2865 3490 2941 3546 De
2966 3492 3092 3557 hoc,
3126 3492 3374 3562 inquam,
3407 3492 3629 3563 loquor,

2049 3582 2198 3651 quod
2231 3598 2423 3639 omnes
2470 3582 2750 3653 peregrini
2799 3594 2857 3640 et
2887 3585 3161 3656 indigena:
3194 3585 3404 3653 vident,
3433 3587 3489 3642 in
3519 3604 3630 3656 quo

2050 3673 2292 3729 divinam
2316 3675 2674 3743 psalmodiam
2702 3679 3069 3747 peragendam
3092 3679 3459 3748 suscepimus.
3480 3678 3630 3734 Idem

2050 3766 2216 3821 etiam
2256 3767 2419 3836 pictis
2447 3767 2651 3822 tabulis
2701 3768 3016 3835 exornavit,
3060 3777 3119 3825 et
3168 3769 3343 3827 sacris
3369 3769 3539 3837 vasis,
3569 3779 3629 3826 et

2050 3857 2299 3914 venustis
2327 3858 2696 3931 pretiosisque
2719 3861 2967 3918 vestibus
2986 3861 3274 3918 instruxit.

2126 4136 2181 4192 8.
2207 4137 2315 4193 Sed
2337 4138 2483 4193 enim
2512 4137 2837 4194 miraculum
2869 4152 3090 4208 quoque
3111 4138 3257 4208 quod
3287 4139 3434 4196 inter
3452 4141 3633 4198 adifi-

2054 4231 2293 4287 candum
2332 4232 2558 4296 accidit,
2614 4232 2823 4301 scripto
2863 4232 3254 4289 commendare
3290 4233 3636 4307 intempesti-

2056 4338 2186 4377 vum
2226 4337 2336 4376 non
2362 4323 2452 4376 sit.
2497 4323 2634 4377 Nam
2672 4323 2851 4392 qualis
2883 4324 3000 4393 ipse
3049 4335 3166 4380 erat
3182 4325 3378 4383 beatus
3418 4329 3526 4395 hic,
3555 4338 3637 4385 ta-

376 4429 567 4485 χρητο.
620 4412 823 4466 Τοῦτον
868 4412 936 4481 δὴ
961 4410 1053 4465 τὸν
1097 4411 1225 4464 ναὸν
1254 4409 1399 4463 κίοσι
1433 4408 1509 4481 (ι)
1540 4408 1893 4479 στηρίζεσθαι
1927 4410 1944 4461 ἑ

2060 4415 2204 4469 libus
2237 4414 2502 4468 nimirum
2531 4422 2588 4468 et
2613 4413 2855 4468 subditis
2888 4413 3168 4470 utebatur.
3209 4416 3497 4486 Templum
3534 4418 3639 4475 hoc

378 4507 635 4569 πανόσιος
658 4505 946 4576 ἐϐουλήθη.
987 4502 1139 4567 Ἐνδς
1167 4502 1227 4556 δὲ
1253 4502 1457 4556 τούτων
1492 4504 1552 4555 ὲν
1580 4501 1774 4574 ὑψηλῷ
1804 4501 1956 4572 τόπῳ

380 4595 820 4672 ὑπάρχοντοςηοί
852 4595 1042 4647 τοῦτον
1074 4592 1442 4663 μετακομίσαι
1467 4593 1957 4663 ἐπιτετραμμένοι,

380 4689 474 4741 ἐπὶ
496 4688 557 4740 τὸ
583 4688 845 4751 κάταντες
881 4687 1231 4750 ἑλκύσαντες,
1269 4687 1398 4740 ἄνευ
1432 4682 1632 4754 χειρῶν
1677 4684 1962 4739 κατελθεῖν

386 4780 825 4850 παρεσκεύασαν.
853 4779 959 4832 Του
989 4777 1044 4832 δὲ
1070 4776 1210 4849 μετά
1241 4777 1474 4849 σφοδροῦ
1507 4775 1602 4830 τοῦ
1650 4776 1962 4848 πνεύματος

387 4872 814 4941 κατερχομένου,
840 4864 920 4934 εἷς
948 4869 1065 4922 ’τῶν
1090 4870 1189 4939 τῆς
1224 4871 1394 4940 μονῆς
1432 4866 1713 4939 μοναχῶν,
1739 4867 1840 4938 τὴν
1868 4868 1962 4922 τοῦ

389 4967 545 5021 λίθου
578 4966 788 5037 ἀγνοῶν
845 4964 1091 5030 κάθοδον,
1115 4966 1172 5017 ὲν
1197 4967 1264 5035 τῇ
1290 4964 1392 5036 όδῷ
1427 4962 1521 5018 τοῦ
1564 4963 1717 5017 λίθου
1753 4963 1963 5024 ἵστατο,

390 5059 518 5115 ἄλλο
542 5058 792 5129 θεωρῶν,
810 5058 904 5112 καὶ
924 5059 984 5111 τὸ
1011 5057 1390 5128 πραττόμενον
1425 5056 1708 5119 παντελῶς
1727 5052 1961 5125 ἀγνοῶν.

399 5149 493 5215 Ὠς
548 5150 608 5203 δὲ
658 5150 710 5203 ot
763 5149 856 5203 τὸν
908 5149 1054 5204 λίθον
1108 5148 1582 5219 μετεωρίσαντες,
1646 5136 1811 5199 αὑτὸν
1868 5147 1968 5216 μὶν

392 5240 699 5305 εὑθυὸόλως
746 5241 1153 5312 κατερχόμενον
1210 5239 1464 5304 ἔϐλεπον,
1491 5238 1584 5293 τὸν
1628 5237 1862 5315 μοναχὸν
1909 5236 1967 5290 δὲ

476 5417 548 5488 (l)
566 5417 840 5489 _S_umptas
878 5415 1050 5473 fuisse
1075 5416 1177 5489 has
1201 5416 1485 5489 columnas
1514 5433 1581 5473 ex
1607 5417 1737 5473 villa
1762 5417 1971 5475 Tuscu-

398 5487 527 5542 lana
553 5487 861 5551 Ciceronis,
898 5497 1048 5544 recte
1072 5487 1334 5544 admonet
1356 5487 1731 5544 Sciommarus
1762 5489 1818 5543 in
1848 5498 1967 5545 not.

396 5557 489 5627 2'5,
513 5572 678 5627 quam
702 5557 883 5612 villam
904 5557 959 5613 in
985 5558 1107 5614 loco
1130 5558 1417 5627 praesentis
1439 5559 1758 5614 monasterii
1777 5559 1967 5625 fuisse,

400 5626 565 5683 docet
598 5627 741 5681 idem
770 5627 828 5682 in
857 5636 973 5683 not.
1004 5628 1072 5683 55
1096 5644 1111 5693 ;
1132 5626 1491 5683 ’luculentius
1514 5637 1698 5684 autem
1724 5628 1783 5684 P.
1817 5628 1968 5685 Basi-

402 5698 511 5754 lius
540 5696 852 5754 Cardonius
881 5698 937 5753 in
970 5698 1370 5760 disceptatione
1390 5698 1458 5755 de
1490 5709 1813 5760 argumento
1842 5700 1967 5761 hoc.

2062 4507 2148 4561 vir
2167 4506 2551 4561 sanctissimus
2600 4506 2875 4561 columnis
2909 4515 3218 4562 sustentare
3248 4508 3489 4564 volebat.
3525 4509 3636 4564 Ilu-

2065 4609 2185 4648 rum
2217 4609 2325 4648 una
2363 4595 2419 4648 in
2456 4594 2652 4650 altiore
2680 4595 2802 4649 loco
2831 4610 2955 4650 cum
2981 4603 3148 4660 esset,
3177 4596 3231 4649 hi
3259 4598 3464 4666 quibus
3492 4598 3640 4652 illius

2066 4682 2456 4737 transferendae
2507 4672 2640 4738 cura
2677 4682 2968 4738 commissa
3016 4693 3157 4746 erat.
3186 4684 3242 4739 in
3281 4684 3515 4738 arduum
3539 4685 3635 4740 de-

2063 4772 2373 4841 clivemque
2413 4772 2582 4826 situm
2637 4782 2992 4841 pertractata,
3038 4773 3158 4829 sine
3188 4789 3449 4829 manuum
3473 4790 3643 4844 opera

2065 4876 2164 4930 per
2198 4877 2257 4918 se
2283 4863 2619 4933 praecipitem
2649 4865 2730 4919 ire
2775 4865 3029 4919 siverunt
3067 4882 3082 4919 :
3112 4881 3234 4936 quae
3276 4866 3406 4921 dum
3440 4882 3639 4936 magno

2068 4953 2277 5024 impetu
2302 4965 2508 5021 rueret,
2536 4956 2842 5012 monachus
2869 4955 2937 5010 de
2973 4967 3250 5011 conventu
3282 4956 3529 5027 quidam,
3559 4959 3644 5013 la-

2067 5042 2215 5113 pidis
2234 5044 2562 5100 descensum
2593 5046 2873 5116 ignorans,
2903 5045 2956 5100 in
2986 5044 3105 5114 ipso
3126 5046 3325 5117 lapidis
3345 5049 3480 5103 calle
3507 5062 3645 5103 con-

2068 5133 2322 5196 sistebat.
2363 5134 2513 5189 aliud
2562 5147 2819 5205 spectans
2849 5142 2907 5190 et
2958 5148 3148 5205 agens,
3194 5145 3250 5190 et
3300 5135 3529 5190 omnino
3564 5137 3643 5191 rei

2068 5240 2191 5295 qua:
2219 5225 2483 5297 agebatur
2511 5226 2753 5298 ignarus.
2785 5228 3031 5298 Cumque
3064 5227 3102 5283 ii
3131 5228 3227 5299 qui
3252 5227 3490 5298 lapidem
3513 5228 3647 5284 illuc

2070 5410 2247 5468 Aliam
2276 5411 2565 5469 Ciceronis
2593 5410 2886 5476 villam,.in
2913 5424 3020 5481 qua
3046 5408 3162 5480 ipse
3180 5420 3458 5481 natumse
3484 5406 3644 5481 dicit,

2075 5493 2350 5552 occupant
2379 5493 2701 5553 trappenscs
2730 5478 2988 5553 monachi
3019 5478 3272 5553 asceterii
3300 5478 3647 5553 SLDotniaiei

2072 5549 2251 5680 praise;
2266 5549 2685 5697 t)trbem'Soram
2714 5550 2783 5608 ad
2806 5551 3102 5609 Fibrenum
3138 5550 3300 5624 (ϐία,
3332 5549 3410 5604 De
3441 5549 3542 5621 leg.
3580 5564 3643 5616 ιι,

3498 5784 3550 5791 -
