4138 6216
467 308 572 370 483

1492 303 1709 363 LUC/E
1750 302 2077 362 ABBATIS
2117 257 2730 362 cnrrrortnnxr.

3615 302 3720 364 48ιὶ

466 416 838 468 elevaverant.
863 408 1013 462 hunc
1036 413 1325 462 cernerent
1351 414 1500 459 recta
1523 422 1798 470 ruentem,
1845 419 2031 458 mona-

2152 405 2266 475 μηδ’
2296 405 2433 469 ὅλως
2457 405 2943 476 ἐπιστρεφόμενον,
2968 407 3106 478 μήτε
3135 407 3236 478 τὴν
3266 405 3359 460 ἐπὶ
3386 405 3589 479 θάτερα
3619 410 3721 479 τῆς

467 504 633 556 chum
666 509 849 555 autem
885 507 1076 552 aversa
1104 497 1242 551 facie
1287 505 1548 560 stantem,
1591 511 1771 566 neque
1821 495 2038 548 interim

479 595 536 648 in
568 592 893 646 alterutrum
923 588 1065 641 latus
1086 601 1307 641 cursum
1335 586 1532 657 lapidis
1563 585 1904 655 detorqueri,
1937 585 2042 639 cla-

471 682 720 736 moribus
771 677 1104 733 monachum
1167 687 1230 732 ut
1276 677 1476 748 lapidis
1511 676 1792 731 incursum
1821 674 2038 738 vitaret,

468 773 860 830 admonebant.
885 771 1025 825 Tum
1053 770 1143 825 ille
1181 770 1474 839 tranquille
1517 782 1840 830 conversus,
1861 776 1916 821 et
1948 781 2042 822 co-

469 871 710 922 lumnam
741 873 991 918 ruentem
1026 872 1305 932 spectans,
1343 863 1460 925 Sta,
1503 860 1716 930 inquit:
1750 859 2042 928 statimque

474 959 735 1015 inanimis
761 957 925 1025 lapis,
951 963 1208 1022 tanquam
1247 953 1498 1007 monachi
1528 954 1697 1007 verbo
1727 951 2040 1022 mmeditus,

470 1065 696 1104 cursum
730 1063 888 1101 suum
935 1054 1254 1115 motumque
1300 1045 1561 1098 inhibuit.
1591 1045 1769 1114 Atque
1803 1044 1908 1099 hoc
1939 1045 2044 1098 tale

477 1149 800 1210 tantumque
853 1149 910 1193 et
969 1137 1442 1192 mirabilissimum
1496 1137 1807 1208 prodigium
1848 1137 1922 1191 ita
1983 1151 2045 1191 se

472 1233 689 1288 habuit.

543 1347 596 1402 9.
632 1346 738 1402 Sed
772 1355 828 1400 et
869 1345 1016 1399 aliud
1069 1343 1211 1399 haud
1256 1343 1484 1399 minoris
1511 1341 1776 1398 momenti
1821 1340 2043 1396 accidit.

473 1441 648 1510 Prope
673 1439 935 1507 templum
955 1446 1270 1491 muruscrat
1286 1437 1400 1491 luto
1424 1438 1677 1506 saxisque
1695 1441 2044 1504 compactus;

474 1532 631 1600 cujus
659 1529 760 1583 sub
795 1527 986 1581 umbra
1011 1527 1202 1582 beatus
1221 1527 1364 1581 idem
1390 1526 1690 1580 monachus
1713 1524 1912 1578 lectulo
1945 1537 2047 1576 suo

475 1621 739 1676 collocato
759 1619 980 1674 brevem
999 1617 1213 1688 corpori
1227 1618 1465 1687 quietem
1486 1614 2046 1670 concedebat.\’erum

476 1709 566 1762 hic
605 1723 818 1772 murus,
851 1707 964 1762 sive
995 1706 1207 1775 antiqui
1239 1705 1410 1760 hostis
1441 1704 1646 1759 diaboli
1673 1703 1898 1768 malitia,
1931 1703 2046 1756 sive

476 1815 604 1854 casu
627 1800 1024 1870 utplerumque
1045 1798 1160 1852 ﬁeri
1179 1797 1338 1861 solet,
1360 1795 1652 1850 dormienti
1673 1794 1783 1848 illic
1797 1794 2042 1863 proxime

476 1891 746 1946 monacho
771 1889 1064 1944 insidiosus
1083 1889 1300 1942 futurus
1324 1896 1460 1940 erat.
1479 1887 1612 1940 Nam
1629 1884 1862 1955 quadam
1882 1893 2044 1938 nocte

476 1989 702 2050 repente
717 1978 867 2032 humi
894 1979 1138 2048 dejectus
1161 1977 1435 2046 apparuit.
1464 1975 1596 2040 Sed,
1618 1992 1650 2030 ο
1673 1987 2043 2045 peramantem

474 2069 572 2124 Dei
612 2068 858 2130 tutelam,
920 2077 975 2121 et
1019 2067 1424 2137 paratissimum
1469 2081 1599 2136 erga
1644 2065 1874 2119 famulos
1917 2079 2046 2120 suos

476 2159 774 2213 auxilium!
815 2173 942 2213 ecce
979 2157 1125 2211 cnim
1155 2173 1369 2210 murum
1396 2157 1447 2210 in
1473 2172 1538 2210 eo
1570 2157 1688 2209 loco
1710 2165 2043 2226 prostratum

476 2265 702 2306 cernere
726 2259 862 2315 erat,
902 2248 996 2302 ubi
1020 2247 1273 2302 monachi
1305 2248 1539 2302 lectulus
1563 2246 1780 2312 fuerat;
1817 2246 1933 2316 ipse
1950 2264 2051 2300 au-

481 2345 588 2394 tem
616 2337 921 2393 monachus
957 2338 1010 2391 in
1037 2353 1137 2391 suo
1166 2338 1392 2408 grabato
1421 2338 1748 2403 dormiebat,
1775 2339 2050 2407 totiusque

478 2429 557 2484 rei
576 2429 868 2484 eventura:
898 2428 1138 2500 ignarus,
1165 2429 1270 2482 alio
1310 2429 1364 2482 in
1393 2429 1514 2482 loco
1535 2427 1826 2483 incolumis
1855 2443 2043 2484 serva-

477 2522 661 2576 batur.
716 2519 981 2591 Deinceps
1007 2528 1063 2574 et
1091 2519 1301 2588 reliqua
1324 2503 1690 2574 narrabimus.

2143 495 2263 550 ὀδοῦ
2298 497 2388 550 τὸν
2420 496 2566 550 λίθον
2610 498 2956 565 ἐγκλίναντα,
3007 483 3185 567 βοαῖῖ
3217 501 3355 570 πρὸς
3377 495 3541 553 αὑτὸν
3593 501 3718 554 ἐκέ·

2142 605 2361 659 χρηντο,
2387 591 2486 658 τῆς
2507 589 2600 642 τοῦ
2647 589 2797 642 λίθου
2829 590 3051 642 καθόδου
3081 592 3368 662 ξέκχωρεῖν
3414 595 3719 664 προτρεπόο

2146 696 2316 747 μενοι.
2353 678 2414 730 '0
2461 679 2517 732 δέ
2572 679 2762 749 ἡρέμα
2838 681 3197 751 ἐπιστραφεὶς
3264 681 3358 735 καὶ
3418 683 3511 735 τὸν
3563 684 3720 738 κίονα

2143 770 2546 840 κατερχόμενον
2594 769 2738 835 ἰδὼν,
2780 770 2942 840 Στῆθι
2978 771 3075 841 (2),
3117 771 3223 842 ἔφη
3248 787 3262 802 °
3296 773 3391 825 καὶ
3439 773 3719 843 παρευθὺς

2143 865 2171 916 ὁ
2232 863 2436 942 ἄψυχος
2495 862 2640 925 λίθος
2699 863 3014 934 τῷρήματι
3077 864 3169 917 τοῦ
3227 865 3464 936 μοναχοῦ
3524 864 3714 937 ῶσπερ

2145 951 2400 1022 πεδηθεις
2436 953 2620 1006 ἵστατο
2648 954 2745 1023 τῆς
2786 955 2958 1024 φορᾶς
2989 953 3079 1006 καὶ
3107 953 3202 1006 τοῦ
3254 956 3576 1024 κινήματος.
3607 955 3719 1009 Καὶ

2144 1041 2303 1095 τοῦτο
2343 1043 2442 1112 μὲν
2482 1042 2743 1108 τοιοῦτον,
2796 1046 2891 1097 καὶ
2938 1043 3112 1106 οὓτως
3161 1041 3284 1114 ἔχον
3332 1044 3720 1114 θαυμασιώτα-

2144 1149 2237 1190 τον
2263 1133 2364 1206 ('5).

2218 1338 2282 1390 θ’.
2310 1337 2539 1405 Ἕτερον
2567 1333 2623 1390 δέ
2651 1335 2842 1391 τούτου
2888 1337 2988 1392 οὑκ
3034 1338 3255 1393 ἔλαττον
3284 1357 3298 1371 ο
3329 1342 3598 1411 Ἔγγιστα
3626 1343 3719 1397 τοῦ

2147 1429 2278 1484 ναοῦ
2308 1432 2484 1499 τοῖχος
2514 1431 2756 1500 ὑπῆρχεν
2791 1433 2854 1484 ὲκ
2885 1431 3058 1502 πηλοῦ
3090 1432 3186 1487 καὶ
3215 1433 3379 1486 λίθων
3406 1434 3504 1504 τὴν
3534 1436 3710 1506 δίμηο

2149 1539 2235 1575 σιν
2263 1521 2402 1592 ἔχων
2421 1537 2437 1553 ο
2471 1515 2677 1586 οὗτινος
2729 1521 2831 1575 ὑπὸ
2873 1522 2972 1592 τὴν
3020 1523 3180 1577 σκιὰν
3208 1525 3236 1577 ὀ
3261 1526 3527 1597 μακάριος
3553 1522 3714 1590 οὗτος

2154 1613 2385 1683 μοναχὺς
2434 1612 2495 1666 τὸ
2538 1612 2737 1666 ἐαυτοῦ
2789 1613 3086 1683 σκίμποδον
3131 1614 3266 1680 θεὶς,
3324 1616 3385 1668 τὸ
3445 1617 3604 1686 σῶμα
3659 1618 3719 1670 δὲ

2153 1701 2218 1775 [Ῑ.
2252 1703 2316 1772 δὴ
2352 1703 2430 1758 vel
2456 1702 2690 1774 γε]ὃσον
2735 1703 2933 1775 μικρὸν
2980 1704 3324 1760 διανέπαυεν.
3367 1706 3507 1758 Ἀλλ’
3536 1707 3564 1759 ὁ
3605 1708 3719 1760 τοῖ-

2149 1812 2242 1864 χος
2267 1785 2420 1858 οὗτος
2449 1793 2560 1847 εἴτε
2583 1793 2642 1859 ἐξ
2669 1794 2964 1863 ἐπιϐουλῆς
2991 1797 3086 1850 τοῦ
3117 1797 3427 1867 ἀρχεκάκου
3450 1796 3720 1861 διαϐόλου,

2149 1887 2260 1939 εἴτε
2311 1887 2378 1938 ἐκ
2423 1883 2519 1936 τοῦ
2582 1883 3009 1954 συμϐεϐηκότως
3077 1883 3144 1957 [ί.
3197 1887 3261 1940 εκ
3308 1903 3403 1940 του
3450 1885 3724 1956 συμϐεϐη-

2149 1970 2354 2042 κότος],
2379 1969 2455 2035 ὡς
2503 1972 2571 2024 τὰ
2615 1969 2787 2024 πολλὰ
2828 1971 3150 2042 συμϐαίνειν
3198 1972 3379 2038 είωθε,
3417 1972 3495 2042 τῷ
3529 1971 3722 2027 τούτου

2149 2063 2349 2133 γείτονι
2409 2057 2628 2133 μοναχῷ
2680 2062 2966 2125 ἐπῖσουλος
3019 2061 3265 2130 γίνεσθαι
3315 2063 3538 2134 ἧμελλε.
3576 2065 3723 2128 Μιᾶς

2148 2154 2257 2223 γὰρ
2306 2149 2415 2205 τῶν
2444 2152 2656 2204 νυκτῶν
2693 2147 2846 2221 ἄφνω
2896 2151 3242 2224 κατενεχθεὶς
3275 2153 3365 2206 ἐπὶ
3395 2152 3501 2224 γῆς
3532 2154 3727 2226 ἐρριμο

2150 2242 2310 2313 μένος
2360 2242 2574 2314 ὼρᾶτο·
2606 2240 2722 2294 ἀλλ’
2777 2239 2844 2312 (ὢ
2865 2238 2967 2312 τῆς
2997 2241 3092 2295 τοῦ
3139 2241 3275 2296 Θεοῦ
3313 2240 3524 2314 θερμῆς
3569 2244 3721 2296 ἀντι·

2146 2336 2384 2405 λήψεως,
2415 2334 2511 2388 καὶ
2538 2335 2636 2403 τῆς
2667 2335 2746 2398 είς
2778 2335 2905 2398 τοὺς
2942 2333 3110 2390 αὑτοῦ
3150 2334 3372 2400 δούλους
3417 2333 3724 2407 ταχυτάτης

2151 2425 2530 2498 ἐπικουρίαςί)
2554 2426 2600 2480 ὁ·
2622 2427 2722 2496 μὲν
2770 2427 2948 2497 τοῖχος
2991 2429 3049 2480 ἐν
3078 2428 3156 2499 τῷ
3204 2429 3374 2499 τόπῳ,
3407 2431 3465 2482 ἐν
3493 2423 3537 2497 ᾧ
3562 2432 3591 2484 ὀ
3627 2429 3722 2482 τοῦ

2161 2515 2396 2590 μοναχοῦ
2440 2516 2732 2588 κράϐατος,
2769 2519 2954 2588 ὡρᾶτο
3001 2519 3276 2592 κείμενος,
3322 2524 3350 2574 ὁ
3397 2522 3454 2576 δὲ
3487 2523 3723 2594 μοναχδς

481 2617 618 2687 μετὰ
654 2615 748 2668 τοῦ
802 2615 1081 2687 κραϐάτου
1139 2609 1574 2677 ὑπνώττων,καὶ
1627 2611 1763 2677 ὅλως
1812 2615 1873 2666 τδ
1939 2614 2391 2685 πραχθησόμενον
2457 2613 2675 2682 ἀγνοῶν
2735 2613 2794 2667 ἐν
2865 2612 3038 2685 ἐτέρῳ
3105 2615 3257 2684 τόπῳ
3325 2614 3720 2685 διεφυλάττετο.

479 2705 712 2759 Ἔπειτα
746 2703 845 2776 μὲν
872 2696 966 2757 οὖν
995 2701 1238 2772 λέξωμεν
1387 2699 1620 2773 ).έξομ.]
1667 2704 1762 2757 καὶ
1782 2703 1850 2757 τὰ
1887 2703 2074 2758 λοιπά.

555 2802 642 2856 10.
676 2799 834 2856 Nunc
860 2807 1040 2854 tamen
1092 2799 1221 2853 illuc
1247 2797 1589 2853 redeundum
1618 2807 1723 2863 est,
1757 2798 1902 2852 unde
1935 2797 2051 2852 dis-

489 2891 790 2957 cessimus;
822 2899 878 2944 et
908 2889 973 2944 de
991 2889 1119 2944 di\0
1148 2890 1306 2944 Patre
1333 2899 1524 2944 nostro
1579 2899 1926 2944 resumentes
1961 2888 2050 2943 hi-

479 2980 731 3043 storiam,
757 2977 1031 3048 quomodo
1053 2977 1264 3032 scilicet
1287 2993 1412 3032 eum
1434 2978 1608 3033 virtus
1637 2979 1854 3038 cunctis
1882 2994 2049 3032 vene-

2234 2796 2285 2853 t'.
2321 2791 2483 2851 Ἀλλὰ
2559 2796 2655 2851 νῦν
2727 2799 3016 2852 ἐπανιτέον
3091 2797 3215 2854 ὅθεν
3277 2801 3565 2872 ἐξέϐημεν,
3629 2805 3725 2858 καὶ

2158 2884 2222 2955 [ί.
2261 2885 2387 2939 add.
2441 2883 2530 2957 τὰ]
2593 2885 2735 2940 κατὰ
2787 2886 2878 2940 τὸν
2950 2888 3236 2943 θεσπέσιον
3295 2892 3516 2960 Πατέρα
3563 2894 3724 2962 ἡμῶν

2156 2972 2517 3037 ἀναλαϐόντες
2556 2976 2702 3038 ὅπως
2743 2991 2802 3027 τε
2837 2976 3116 3046 αἰδέσιμον
3145 2979 3315 3032 αὑτὸν
3347 2983 3457 3045 τοῖς
3490 2984 3658 3036 πᾶσιν
3687 2985 3723 3054 η

480 3071 710 3127 rabilem
735 3069 948 3135 fecerit,
985 3079 1045 3124 ut
1100 3084 1265 3139 supra
1320 3069 1581 3131 diximus,
1619 3071 1908 3140 perspicue
1953 3070 2048 3124 dc-

2152 3065 2320 3136 ὰρετὴ
2357 3064 2677 3136 πεποίηκεν,
2709 3067 2781 3129 ὡς
2813 3067 3071 3137 ἀνωτέρω
3117 3070 3442 3141 εἰρήκαμεν,
3476 3072 3726 3144 ἐναργῶς

483 3157 925 3213 monstrandum.
976 3156 1081 3223 Qui
1113 3156 1429 3226 apostolicae
1462 3156 1577 3211 sedi
1624 3167 1753 3210 tunc
1789 3155 2050 3226 temporis

479 3257 735 3322 prazcrat,
790 3249 1020 3321 juvenili
1076 3257 1236 3303 aztate
1283 3263 1409 3302 cum
1468 3258 1636 3312 esset,
1677 3245 2051 3317 voluptatibus

479 3351 675 3399 contra
699 3343 781 3398 fas
809 3341 1152 3406 vincebatur,
1185 3349 1240 3395 et
1272 3341 1514 3396 humano
1547 3343 1799 3412 prolapsu
1848 3341 1902 3394 in
1933 3339 2051 3395 cul-

478 3450 602 3504 pani
631 3433 961 3486 incurrerat.
989 3433 1124 3487 Sero
1149 3434 1370 3487 demum
1405 3433 1716 3503 passionem
1767 3433 2048 3497 omittens,

476 3533 533 3580 et
563 3533 696 3578 acta:
744 3523 822 3577 rei
865 3525 1264 3579 absolutionem
1295 3540 1566 3594 quan'ens,
1630 3522 1916 3578 Parentcm
1959 3539 2054 3578 no-

477 3621 652 3668 strum
677 3611 852 3664 voluit
876 3611 1076 3667 habere
1093 3613 1446 3667 mediatorem
1473 3629 1537 3666 ac
1556 3613 2048 3667 reconciliatorem.

479 3700 849 3768 Quamobrem
877 3710 1074 3754 v0cato
1104 3701 1170 3754 ad
1210 3716 1268 3755 se
1301 3702 1509 3756 homini
1537 3719 1753 3756 summo
1781 3718 1905 3756 cum
1953 3719 2054 3772 pu-

481 3788 615 3842 dore
655 3797 822 3857 atque
882 3787 1084 3843 fiducia
1132 3789 1327 3843 vitium
1387 3803 1547 3844 suum
1604 3791 1883 3862 detegens,
1922 3808 2053 3846 cun-

480 3892 674 3948 gruam
726 3877 992 3934 medelam
1044 3879 1428 3948 expostulavit.
1462 3880 1513 3935 ls
1549 3890 1731 3936 autem
1785 3882 1934 3937 sedis
1960 3898 2054 3937 ex-

480 3969 787 4024 celsitatem
827 3968 972 4022 haud
1026 3969 1236 4025 veritus
1267 3979 1374 4036 est,
1429 3986 1609 4040 neque
1650 3972 1718 4026 ad
1777 3973 2052 4043 fastigium

480 4060 766 4132 dignitatis
797 4061 1064 4131 suspexit,
1095 4078 1275 4132 neque
1319 4062 1385 4116 ad
1419 4062 1561 4118 dona
1612 4065 1916 4119 honoresve
1941 4066 2056 4119 ani-

481 4165 633 4206 mum
670 4153 930 4216 intendit,
979 4160 1040 4206 ut
1090 4153 1338 4223 plerique
1391 4155 1700 4208 animarum
1737 4156 1932 4210 rnedici
1975 4157 2055 4211 fa-

481 4243 670 4296 ciunt:
693 4243 788 4296 sed
816 4258 958 4312 aegre
992 4242 1300 4297 medicabili
1341 4244 1563 4300 vulneri
1585 4245 1835 4300 idoneam
1866 4261 2057 4316 ampu-

484 4330 748 4383 tationem
782 4331 1071 4395 adhibens,
1101 4333 1213 4385 ait:
1249 4331 1402 4387 Haud
1437 4333 1536 4388 tibi
1572 4333 1723 4404 fungi
1751 4335 2056 4390 sacerdotio

2151 3155 2573 3226 παραστήσομεν
2616 3153 2683 3226 If.
2730 3184 2800 3194 —
2856 3156 3046 3227 σωμ.].
3130 3157 3190 3212 ⁸0
3218 3159 3312 3212 τοῦ
3364 3161 3726 3216 ἁποστολικοῢ

2153 3245 2341 3316 θρόνου
2389 3243 2467 3315 τῷ
2519 3244 2639 3298 τότε
2693 3244 2864 3315 καιρῷ
2912 3247 3220 3317 ἐφεδρεύων
3265 3249 3342 3319 (ι)
3375 3251 3493 3313 νέος
3519 3249 3617 3317 ῶν,
3647 3253 3725 3316 ὡς

2155 3337 2232 3410 μὴ
2264 3337 2463 3406 ὢφελε,
2489 3339 2582 3390 καὶ
2623 3339 2742 3400 ταῖς
2774 3337 2990 3408 ἡδοναῖς
3029 3341 3365 3410 ἡττώμενος,
3394 3341 3724 3416 ἀνθρωπίνῳ

2154 3429 2581 3500 περιπέπτωκεν
2617 3427 2946 3500 ἐγκλήματι.
2993 3431 3117 3500 Ὀψὲ
3149 3433 3204 3484 δὲ
3249 3433 3341 3486 τοῦ
3388 3435 3592 3499 πάθους
3632 3436 3727 3490 ἀνα

2155 3519 2421 3589 ενεγκὼν,
2453 3521 2548 3576 καὶ
2598 3522 2692 3574 τοῦ
2725 3521 2826 3592 ἤδη
2879 3522 3212 3592 πραχθέντος
3249 3522 3400 3576 λύσιν
3426 3523 3722 3594 ἐπιζητῶν,

2152 3613 2340 3666 τοῦτον
2373 3613 2514 3680 ἔγνω
2545 3613 2776 3683 μεσίτην
2803 3613 2899 3666 καὶ
2936 3613 3356 3686 διαλλακτήριον
3401 3617 3604 3688 εὑρεῖν.
3633 3617 3726 3670 Διὸ

2154 3704 2248 3755 καὶ
2279 3702 2614 3757 είσκαλεῖται
2643 3703 2734 3756 τὸν
2784 3703 2952 3774 ἄνδρα
2989 3703 3112 3773 μεθ’
3159 3705 3292 3776 ὅσης
3323 3705 3390 3760 ἂν
3417 3707 3593 3771 εἴποις
3624 3709 3724 3778 τῆς

2154 3793 2333 3857 αἰδοῦς
2361 3797 2455 3848 καὶ
2487 3795 2916 3866 φιλοφροσύνηςο
2947 3795 3204 3867 γνωρίζει
3241 3798 3400 3852 τοῦτο
3427 3797 3493 3877 [Γ.
3523 3801 3726 3872 τούτῳι

2153 3885 2214 3939 τὸ
2272 3886 2464 3949 πάθος.
2519 3887 2617 3957 τὴν
2677 3889 3057 3958 προσήκουσαν
3109 3889 3402 3962 θεραπείαν
3451 3889 3722 3962 ἐπιζητεῖ.

2166 3977 2224 4030 '0
2257 3977 2311 4030 δὲ
2336 3978 2396 4029 οὑ
2432 3976 2491 4030 τδ
2523 3978 2616 4030 τοῦ
2643 3977 2830 4051 θρόνου
2885 3980 3088 4050 ὑψηλὸν
3127 3983 3386 4054 ἐπτοήθη,
3416 3982 3516 4036 οὔκ
3551 3985 3632 4046 είς
3664 3983 3725 4036 τδ

2156 4068 2419 4139 ὑπερέχον
2450 4069 2548 4138 τῆς
2581 4070 2736 4136 ἀξίας
2785 4071 3029 4141 ἔϐλεψεν,
3065 4074 3164 4126 οὑκ
3211 4075 3292 4137 είς
3345 4074 3494 4144 δῶρα
3538 4074 3724 4128 ἀπεῖδε

2157 4163 2254 4212 καὶ
2309 4160 2498 4230 τιμὰς,
2527 4161 2664 4231 ὅπερ
2731 4163 2780 4216 ot
2835 4163 3018 4216 πολλοὶ
3059 4165 3327 4234 πάσχουσι
3375 4165 3482 4219 τῶν
3533 4165 3724 4236 ψυχῶν

2160 4251 2357 4320 ίατροὶ,
2385 4250 2521 4302 ἀλλὰ
2551 4253 2684 4322 πρὸς
2725 4252 2786 4305 τὸ
2824 4252 2916 4305 τοῦ
2959 4254 3164 4318 πάθους
3213 4255 3460 4308 δυσίατον
3503 4257 3724 4326 καιρίαν

2159 4339 2255 4393 καὶ
2287 4339 2384 4410 τὴν
2443 4341 2613 4412 τομὴν
2665 4341 2841 4404 διδοὺς
2888 4343 3040 4414 αὑτῷ
3095 4344 3235 4414 ἔφη·
3267 4343 3385 4399 Οὐκ
3431 4344 3608 4410 ἒξεστί
3640 4362 3722 4399 σοι

483 4420 653 4486 licet;
701 4421 796 4475 sed
827 4437 1021 4476 vacare
1056 4422 1213 4477 decet
1248 4425 1453 4493 potius,
1490 4440 1554 4478 ac
1605 4424 1774 4478 Deum
1815 4426 2048 4494 placare,

2160 4407 2520 4499 ἱερουργεῖν,
2570 4407 2830 4501 old/im:
2883 4433 2938 4487 δέ
3004 4407 3234 4504 μᾶλλον,
3280 4436 3372 4488 καὶ
3435 4407 3496 4488 τδ
3565 4437 3722 4489 Heio-1

481 4517 646 4583 quem
673 4522 898 4581 peccato
922 4517 1280 4584 exasperasti.
1308 4516 1400 4570 Ille
1424 4525 1607 4570 autem
1630 4517 1778 4572 nulla
1807 4519 2054 4588 interpo-

483 4604 588 4658 sita
625 4618 799 4667 mora,
831 4605 1019 4659 sedem
1049 4605 1196 4660 illico
1225 4608 1503 4670 deserens,
1532 4609 1728 4677 privati
1765 4625 2053 4680 personam

483 4697 682 4752 induit.
713 4697 806 4752 Sic
833 4697 1018 4767 itaque
1054 4712 1113 4752 se
1139 4699 1309 4767 gessit
1343 4701 1608 4769 pontifex.

554 4986 632 5058 (οι)
677 4984 994 5058 Prodigium
1026 4985 1131 5040 hoc
1163 4985 1423 5058 cohibitae
1455 5002 1564 5040 uno
1589 4987 1758 5042 verbo
1787 4987 2050 5046 Tulliana:

482 5055 756 5110 columna:
787 5055 1449 5126 postularecpigramma
1508 5058 1744 5121 videtur,
1791 5064 1936 5126 quod
1977 5067 2048 5115 ita

481 5141 586 5180 nos
622 5127 976 5182 subitaneum
1011 5125 1234 5178 ludeutc:
1271 5128 1481 5180 calamo
1521 5125 1848 5182 Intraturus:

481 5239 633 5304 Dive,
685 5238 839 5309 brevi
881 5235 1109 5309 _fapsant
1143 5237 1342 5292 cohibes
1360 5254 1518 5306 quam
1556 5255 1676 5293 voce
1725 5240 2049 5309 columnam,

673 5307 832 5359 Haud
867 5305 1044 5359 Cicero
1079 5310 1332 5360 immenso
1357 5305 1560 5362 sisteret
1600 5309 1823 5379 eloquio.

551 5399 632 5470 (ὅ)
663 5399 794 5453 Erat
826 5399 991 5469 hujus
1038 5399 1290 5454 miraculi
1333 5400 1570 5470 pictura,
1618 5419 1743 5458 cum
1765 5403 1889 5460 aliis
1932 5414 2049 5460 stu-

482 5470 844 5545 pendzeartis
868 5483 934 5545 ac
959 5474 1282 5545 venustatis,
1315 5487 1482 5545 tuane
1504 5473 1773 5529 Dominici
1803 5477 2052 5545 Sampie-

483 5539 652 5611 rii,i_n
688 5540 886 5611 insigni
912 5541 1146 5611 sacello,
1183 5546 1328 5610 quod
1357 5543 1623 5611 indigenae
1645 5555 1703 5598 et
1729 5546 1902 5599 exteri
1929 5539 2049 5600 om-

483 5624 582 5663 nes
610 5608 875 5680 invisum,
903 5610 1056 5680 juxta
1090 5608 1348 5680 templum
1375 5608 1713 5667 monasterii.

555 5681 630 5752 (4)
661 5679 790 5733 Erat
817 5679 1267 5736 hie’Bcnedictus
1298 5681 1366 5735 IX
1413 5698 1477 5736 ex
1514 5683 1852 5739 nobilissima
1892 5694 2051 5752 gente

2157 4522 2566 4589 ἐξιλεώσασθαι,
2593 4524 2622 4577 δ
2654 4525 3052 4596 πλημμελήσας
3096 4529 3442 4598 παρώξυνας.
3484 4529 3544 4583 ’0
3572 4529 3628 4582 δὲ
3657 4529 3719 4582 οὐ

2159 4615 2368 4684 μέλλων
2398 4611 2490 4688 ἧν,
2519 4617 2628 4670 οὐδ’
2651 4617 3106 4689 ἀνασιλλόμενος,
3149 4621 3283 4674 ἀλλὰ
3321 4621 3602 4692 παρευθῦς
3628 4622 3722 4674 τὸν

2157 4706 2343 4776 θρόνον
2388 4708 2721 4774 καταλιπιὶιν,
2760 4709 3044 4766 ίδιωτεὺων
3087 4711 3377 4772 ἐδείκνυτο.
3427 4715 3535 4769 Καὶ
3578 4715 3722 4770 οὑτω

2161 4802 2258 4869 μὲν
2290 4802 2317 4854 ὁ
2343 4801 2652 4872 ἀρχιερεύς.

2155 4997 2418 5077 comitum
2443 4995 2901 5066 Tusculanorum,
2922 5001 3371 5077 cujuspontiﬁcis
3387 5007 3722 5074 sepulcrum,

2157 5082 2188 5119 a
2229 5072 2412 5135 gentis
2441 5077 2726 5121 stemmate
2757 5077 2812 5121 et
2847 5072 3144 5138 ponlillciis
3169 5076 3418 5127 clavibus
3455 5072 3596 5131 'satis
3628 5079 3723 5130 dc—

2155 5146 2543 5217 tnmistratutn,
2586 5149 2842 5207 superest
2864 5141 3047 5194 adhuc
3079 5144 3132 5195 in
3176 5144 3380 5217 temple
3409 5144 3727 5217 Grypmfcr-

2157 5207 2396 5282 ratcnsi;
2414 5207 2488 5282 de
2519 5222 2650 5282 quo”
2671 5221 3028 5282 Inuitumento
3059 5221 3234 5265 exstat
3269 5207 3408 5282 t'ypis
3427 5207 3725 5282 impressus

2154 5275 2293 5329 liber
2325 5274 2652 5355 P_._Greg0rii
2682 5277 3007 5332 Placentinii
3056 5274 3342 5355 ιιιοοιίυῐιῐ
3385 5274 3722 5355 monasterio

2155 5345 2433 5418 monachi,
2471 5355 2668 5412 praeter
2721 5362 2793 5418 ea,
2827 5363 2948 5417 qua:
3000 5350 3192 5404 scribit
3231 5352 3607 5418 Sciommarus
3665 5353 3722 5406 in

2155 5413 2378 5494 proprio
2401 5416 2814 5494 opere,_p._‘l‘65
2839 5413 2995 5494 seqq.
3059 5419 3388 5494 [farti-cuiam
3413 5413 3557 5479 hanc
3603 5421 3722 5476 bio-

2155 5483 2414 5560 graphiag,
2465 5483 2973 5560 ubideBenedictu
3007 5489 3210 5560 agitur,
3267 5491 3460 5546 hbuit
3483 5499 3555 5550 ex
3593 5498 3711 5545 cod.

2157 5552 2631 5685 gris-{:Rtxtizam
2659 5559 2854 5611 iactant
2882 5552 3169 5627 Batonius,
3198 5552 3502 5633 tretuhtque
3523 5561 3594 5616 ad
3626 5575 3719 5614 an.
