4122 6212
468 306 569 370 487

1480 295 1698 360 LUC/13
1738 295 2057 357 ABBATIS
2093 290 2710 355 CRYPTOFERRAT.

3609 288 3718 354 438

469 418 634 478 rnvil,
668 412 938 480 veniaque
966 409 1136 480 petita
1173 417 1229 461 et
1269 406 1582 474 impetrata.
1627 405 1850 459 domum
1891 405 2048 457 ltetus

2185 401 2219 453 ἀ
2248 401 2346 470 τῆς
2367 398 2629 462 ὀπτασίας
2651 397 2983 468 ἀπαγγέλλει
3018 413 3032 430 °
3061 395 3417 468 συγγνώμην·
3451 410 3512 448 τε
3566 400 3725 469 “hii”

470 521 736 562 reversus
760 512 863 560 est.
891 503 957 556 Et
986 499 1287 554 monachus
1318 497 1540 566 quidem
1569 504 1772 551 sancta:
1801 497 2043 566 Deiparaz

469 592 811 664 apparitione
860 589 1167 652 convictus,
1226 586 1516 656 pristinam
1571 585 1639 640 de
1686 595 1876 640 sancto
1923 585 2044 638 viro

471 684 786 753 Opinionem
820 678 1093 747 ﬁdemque
1138 677 1504 748 recuperavit.
1554 676 1755 746 Cajetze
1785 689 1916 729 vero
1946 674 2044 728 do-

473 779 676 839 minus,
713 789 820 828 non
851 773 1016 826 modo
1038 771 1273 826 vinculis
1306 771 1516 824 solutus
1548 769 1652 823 fuit
1681 777 1842 838 atque
1867 778 2046 821 custo-

473 867 584 927 dia.
635 865 730 920 sed
777 873 836 918 et
898 863 1129 917 alterius
1173 861 1400 915 ditionis
1438 860 1684 914 dominio
1729 876 1758 913 a
1800 859 2050 929 principe

472 965 668 1010 auctus
696 954 819 1017 fuit,
851 953 1024 1008 saneti
1048 953 1145 1004 viri
1167 950 1585 1005 intercessione.
1619 950 1796 1017 Atque
1829 950 1900 1000 ita
1924 961 2048 1000 cum

471 1046 672 1117 gaudio
712 1046 766 1098 in
801 1045 1023 1114 propria
1056 1044 1238 1109 rediit,
1270 1044 1436 1097 Deum
1470 1042 1719 1106 laudans,
1749 1047 2050 1108 sanctoque

481 1139 602 1206 ejus
633 1135 898 1205 plurimas
926 1135 1130 1204 gratias
1157 1147 1340 1202 agens.

554 1335 639 1387 15.
676 1331 913 1386 Accedat
948 1344 1095 1384 nunc
1127 1329 1192 1383 ad
1227 1327 1537 1382 faciendam
1586 1327 1856 1382 dictorum
1891 1324 2053 1379 ﬁdem

478 1424 847 1478 scholasticus
874 1436 1094 1489 quoque
1113 1421 1375 1483 Joannes,
1407 1418 1567 1471 simul
1596 1425 1815 1472 narrata
1851 1416 2054 1470 conﬁr—

481 1530 659 1578 mans,
708 1522 764 1567 et
791 1520 1107 1570 sanctorum
1161 1525 1289 1580 erga
1336 1519 1590 1564 sanctum
1645 1515 1893 1562 nostrum
1925 1507 2060 1562 dile-

479 1609 717 1662 ctionem
771 1602 1088 1658 ostendens.
1136 1602 1237 1656 llic
1287 1616 1354 1656 ex
1407 1601 1586 1654 insula
1637 1599 1821 1654 Sicilia
1870 1598 2053 1668 digre-

2150 509 2246 554 σας
2279 493 2372 546 καὶ
2398 490 2600 555 λαϐὼν,
2626 490 2808 543 οἴκαδε
2830 490 3036 560 χαίρων
3058 488 3389 557 ὑπέστρεφε.
3415 489 3524 542 Καὶ
3545 488 3576 540 ό
3626 490 3725 558 μὲν

2151 582 2403 652 μοναχδς,
2429 582 2495 650 τῇ
2526 579 2820 648 ἐπιστασίᾳ
2873 578 2974 647 τῆς
3005 578 3168 646 ἁγίας
3203 578 3469 630 Θεοτόκου
3517 578 3724 649 πληροο

2149 672 2431 742 φορηθεὶς,
2450 673 2515 740 τῇ
2540 671 2678 739 πρδς
2724 669 2816 722 τὸν
2877 668 3032 736 ἅγιον
3083 669 3328 740 προτέρα
3373 669 3553 722 πίστει
3634 673 3727 724 καὶ

2149 761 2414 831 ὑπολήψει
2439 763 2634 830 εἴχετο.
2683 760 2740 812 '0
2769 759 2826 812 δὲ
2859 759 3057 821 Γαῖτας
3103 760 3287 828 ἄρχων
3335 758 3396 812 οὑ
3429 759 3589 828 μόνον
3617 762 3727 814 τῶν

2149 853 2363 923 δεσμῶν
2410 851 2584 921 ἀνήθη
2627 850 2689 920 [Γ.
2744 849 2956 921 ἀνείθη]
3010 849 3104 903 καὶ
3158 849 3261 919 τῆς
3299 852 3560 920 φρουρᾶς,
3589 851 3728 903 ἀλλὰ

2151 943 2248 997 καὶ
2276 942 2468 1011 ἐτέρας
2488 940 2664 1010 ἀρχῆς
2689 939 2937 1004 ἐξουσίαν
2968 940 3119 1006 παρὰ
3145 938 3238 991 τοῦ
3270 939 3568 1007 πρίγκιπος
3608 943 3728 1000 ταῖς

2157 1031 2449 1102 μεσιτείαις
2481 1030 2576 1083 τοῦ
2606 1031 2762 1097 ἁγίου
2790 1029 3026 1094 ἐδέξατο.
3057 1031 3166 1084 Καὶ
3185 1030 3331 1085 οὕτω
3370 1032 3512 1101 μετά
3555 1035 3730 1102 χαρᾶς

2155 1125 2212 1177 ἐν
2239 1125 2350 1186 τοῖς
2373 1122 2523 1184 ἰδίοις
2557 1123 2888 1193 ὑπέστρεφε,
2921 1123 3160 1188 δοξάζων
3192 1123 3284 1176 τὸν
3333 1124 3486 1190 Θεὸν,
3519 1125 3614 1177 καὶ
3641 1125 3732 1178 τὸν

2155 1219 2301 1272 ὅσιον
2329 1217 2495 1270 αὑτοῦ
2534 1218 2763 1271 πλείστα
2786 1217 3231 1287 ἀπευχαριστῶν.

2230 1333 2318 1396 ιγ’.
2356 1326 2706 1398 Προσκείσθω
2743 1327 2798 1378 δέ
2824 1325 2960 1398 πρὸς
2986 1327 3358 1396 πληροφορίαν
3423 1327 3532 1380 τῶν
3583 1327 3734 1394 λεγο-

2162 1421 2338 1486 μένων
2378 1416 2475 1469 καὶ
2507 1417 2535 1468 ὁ
2567 1415 2924 1485 σχολαστικὸς
2956 1415 3032 1485 (5)
3077 1416 3338 1486 Ἰωάννης
3364 1417 3432 1469 τὰ
3462 1419 3729 1486 εἰρημένα

2161 1505 2412 1576 βεϐαιῶν,
2443 1505 2540 1557 καὶ
2567 1505 2666 1574 τὴν
2691 1504 2829 1573 πρὸς
2870 1503 2962 1556 τὸν
2992 1493 3141 1557 ὅσιον
3175 1504 3398 1572 ἀγάπην
3431 1505 3539 1559 τῶν
3560 1507 3733 1572 ἁγίων

2160 1597 2465 1667 ἐμφαίνων.
2493 1590 2664 1656 Οὗτος
2703 1597 2766 1646 ἐκ
2794 1595 2892 1664 τῆς
2922 1595 3086 1666 νήσου
3121 1597 3219 1666 τῆς
3266 1597 3516 1661 Σικελίας
3553 1596 3734 1666 ὁρμώ-

482 1698 665 1762 diens,
721 1695 848 1765 quia
904 1695 1077 1749 sancti
1125 1693 1228 1744 viri
1276 1693 1512 1746 virtutes
1567 1699 1622 1743 et
1675 1689 1956 1759 ingenium
2002 1697 2059 1744 et

2178 1704 2343 1752 ιενος,
2375 1686 2480 1739 τῶν
2501 1687 2715 1756 ἀρετῶν
2748 1701 2807 1737 τε
2838 1685 2932 1738 καὶ
2958 1686 3057 1754 τῆς
3083 1687 3314 1755 εὑφυῖας
3351 1690 3444 1740 καὶ
3489 1688 3737 1756 λογιότη-

490 1789 862 1858 eloquentiam
913 1786 1077 1840 fando
1119 1784 1424 1846 audiverat,
1484 1782 1604 1851 ejus
1651 1795 1871 1849 quoque
1925 1794 2060 1834 con-

483 1889 734 1950 Spectum
763 1881 1074 1948 exeptahat,
1119 1875 1478 1946 ejusdemque
1522 1872 1767 1941 alloquio
1789 1879 1846 1925 et
1877 1869 2062 1940 preci-

489 1973 594 2026 bus
625 1970 754 2024 frui.
782 1970 926 2040 Ergo
956 1967 1296 2040 prepositum
1329 1979 1488 2020 suum
1523 1964 1579 2017 in
1609 1978 1724 2018 rem
1749 1961 2062 2024 conferens,

487 2060 596 2114 iter
619 2058 879 2127 arripuit,
929 2066 988 2111 et
1018 2056 1158 2109 intra
1186 2069 1389 2124 paucos
1417 2052 1536 2106 dies
1573 2051 1640 2104 ad
1671 2048 2063 2105 monasterium

490 2150 764 2222 pervenit,
814 2148 1099 2218 optatique
1147 2145 1251 2198 viri
1305 2143 1650 2214 praesentiam
1703 2143 1958 2210 adeptus.
2010 2147 2069 2195 et

489 2255 656 2311 supra
688 2229 890 2292 famam
917 2252 1038 2293 esse
1061 2250 1130 2291 ea
1150 2249 1272 2305 quae
1298 2241 1710 2303 exspectaverat
1741 2244 2067 2301 agnoscens,

492 2333 724 2388 Romam
751 2344 970 2401 quoque
1000 2328 1154 2383 adire
1179 2326 1373 2390 voluit,
1427 2331 1484 2378 et
1512 2322 1887 2392 apostolorum
1923 2321 2072 2390 prin-

493 2423 645 2492 cipes
681 2421 901 2475 Petrum
949 2434 1016 2473 ac
1048 2417 1280 2472 Paulum
1313 2415 1586 2476 venerari,
1639 2410 1787 2480 quod
1816 2419 1874 2466 et
1918 2409 2067 2464 fecit.

492 2513 706 2578 Quibus
733 2508 995 2570 adoratis,
1026 2506 1328 2576 paucisque
1355 2502 1552 2556 diebus
1582 2501 1770 2554 Roma:
1795 2510 2069 2561 versatus,

493 2617 674 2671 neque
700 2601 895 2669 ajusto
915 2597 1036 2649 viro
1055 2593 1455 2664 providentiam
1482 2598 1576 2643 aut
1606 2603 1794 2642 curam
1823 2588 2070 2657 aliquam

494 2701 830 2749 consecutus
863 2687 1249 2758 (dispositione
1293 2684 1526 2738 fortasse
1566 2681 1774 2745 divina,
1815 2690 1876 2735 ut
1908 2696 2071 2750 quam

500 2785 778 2839 habebant
811 2780 986 2836 sancti
1031 2775 1266 2848 apostoli
1295 2789 1425 2846 erga
1455 2773 1664 2844 justum
1697 2780 1948 2828 nostrum
1985 2771 2076 2826 di-

497 2876 664 2931 lectio
702 2878 1030 2944 patescerct,
1059 2869 1191 2924 dum
1239 2866 1420 2922 adhuc
1444 2866 1500 2918 in
1540 2864 1645 2918 hoc
1681 2861 1886 2917 mundo
1919 2861 2078 2932 dege-

501 2971 634 3040 ret),
666 2969 1052 3030 scholasticus,
1099 2965 1345 3034 inquam,
1371 2959 1789 3015 inltumanitatis
1825 2968 2076 3013 sanctum

2163 1794 2251 1841 τος
2290 1777 2384 1830 τοῦ
2421 1777 2574 1844 ἁγίου
2603 1777 2870 1846 κατήκοος
2899 1774 2995 1839 ὢν,
3025 1775 3278 1830 ἐπεπόθει
3311 1777 3403 1832 καὶ
3421 1777 3542 1847 δψιν
3591 1778 3737 1830 ἐκεί-

2165 1884 2256 1920 νου
2313 1867 2460 1932 ἰδεῖν,
2493 1866 2588 1919 καὶ
2627 1866 2801 1935 λόγων
2851 1867 3159 1920 ἀπολαῦσαι
3183 1867 3296 1920 τῶν
3322 1869 3488 1922 αὑτοῦ
3522 1870 3616 1922 καὶ
3643 1870 3737 1921 εὑ-

2170 1958 2302 2029 χῶν.
2342 1958 2415 2010 Τὸ
2461 1957 2745 2027 βουλευθέν
2777 1956 2871 2010 οὑν
2916 1958 2995 2021 εἰς
3028 1957 3194 2026 ἔργον
3226 1958 3575 2030 διαπεράνας,
3617 1961 3737 2013 ὁδοῦ

2166 2052 2364 2120 εἴχετο,
2395 2051 2488 2101 καὶ
2519 2047 2580 2100 τὸ
2609 2050 2968 2119 μοναστήριον
2982 2049 3132 2112 ἐντὸς
3159 2049 3590 2122 ὀλίγωνὴμερῶν
3611 2068 3741 2105 κατ-

2169 2140 2350 2204 έλαϐε,
2385 2141 2481 2194 τοῦ
2544 2140 2881 2210 ποθουμένου
2926 2157 2986 2194 τε
3041 2141 3116 2204 ὡς
3157 2141 3350 2211 ἐφετὸν
3401 2142 3739 2206 ἀπολαύσας.

2170 2229 2265 2284 καὶ
2302 2230 2443 2301 ὑπὲρ
2475 2231 2572 2300 τὴν
2602 2231 2792 2300 φήμην
2844 2229 3044 2300 μᾶλλον
3095 2228 3219 2284 ἰδὼν
3263 2231 3330 2284 τὰ
3384 2229 3738 2299 ἐλπιζόμενα,

2171 2321 2267 2374 καὶ
2298 2321 2434 2392 πρὸς
2462 2321 2561 2392 τὴν
2597 2319 2815 2389 Ῥώμην
2842 2320 3062 2391 ἀπάρας
3095 2319 3474 2386 ἐϐουλεύσατο,
3508 2322 3742 2384 καὶτοῖς

2171 2414 2488 2483 κορυφαίοις
2514 2411 2624 2464 τῶν
2651 2412 2962 2466 ἀποστόλων
2990 2413 3178 2485 Πέτρῳ
3213 2414 3306 2467 καὶ
3360 2412 3555 2485 Παύλῳ
3575 2430 3746 2482 προσ·-

2172 2504 2399 2576 κύνησιν
2461 2505 2752 2575 ἀπονεῖμαι
2787 2519 2802 2535 ο
2852 2504 2880 2556 ὃ
2917 2504 2980 2575 δὴ
3023 2484 3119 2558 καί.
3158 2484 3446 2574 πεποίηκε.
3500 2505 3747 2575 Προσκυ-

2175 2602 2343 2669 νήσας
2379 2594 2492 2663 οὖν,
2531 2597 2624 2650 καὶ
2651 2597 2868 2668 ἡμέρας
2887 2598 2947 2650 οὑ
2977 2598 3176 2666 συχνάς
3211 2598 3269 2651 ἐν
3307 2597 3498 2668 Ῥώμῃ
3542 2596 3745 2664 διατρῖ-

2175 2689 2303 2757 ψας,
2331 2689 2424 2742 καὶ
2451 2687 2526 2760 μὴ
2553 2689 2652 2757 τῆς
2686 2688 2837 2757 παρά
2885 2687 2979 2741 τοῦ
3008 2687 3218 2741 δικαίου
3268 2689 3446 2757 τυχὼν
3494 2689 3749 2757 προνοίας

2178 2784 2270 2835 καὶ⁹
2295 2781 2634 2850 ἐπισκέψεως
2662 2781 2742 2851 (ἐξ
2770 2781 3079 2850 οἰκονομίας
3114 2782 3241 2844 ῐσως
3274 2781 3571 2852 θειοτέρας,
3601 2782 3750 2844 ὅπως

2179 2874 2277 2927 καὶ
2305 2874 2371 2944 ἢν
2417 2869 2562 2943 εῐχον
2597 2873 2648 2924 οἰ
2688 2873 2831 2939 ἆγιοι
2884 2871 3171 2927 ἀπόστολοι
3222 2874 3362 2945 up“
3398 2873 3491 2927 τὸν
3548 2873 3755 2928 δίκαιον

2180 2959 2402 3029 ἀγάπην
2439 2962 2533 3011 καὶ
2561 2959 2642 3029 τῷ
2668 2959 2857 3030 κόσμῳ
2880 2959 3054 3030 τούτῳ
3086 2961 3421 3032 ἐνδημοῦντα
3453 2961 3754 3031 κατάδηλος

497 3062 677 3116 virum
709 3059 852 3130 apud
896 3073 956 3112 se
980 3054 1307 3118 accusabat;
1362 3049 1597 3120 ideoque
1631 3049 1925 3103 insalutato
1955 3046 2072 3109 illo,

2183 3049 2451 3148 γένηται),
2480 3049 2855 3118 ἀσπλαγχνίαν
2893 3049 2970 3120 τῷ
2995 3047 3139 3122 ἁγίῳ
3179 3052 3456 3120 κατέγνω,
3494 3053 3588 3106 καὶ
3619 3053 3755 3123 πρὸς

500 3169 680 3224 neque
729 3150 989 3222 precibus
1017 3148 1138 3220 ejus
1179 3143 1457 3215 expetitis,
1485 3139 1825 3215 postliminio
1866 3139 1922 3192 in
1977 3153 2077 3207 pa~

503 3246 662 3300 triam
707 3241 908 3298 reverti
942 3239 1205 3296 decrevit.
1238 3237 1418 3304 Quare
1443 3235 1699 3290 inscenso
1728 3230 1948 3301 navigio
1978 3229 2084 3283 iter

501 3338 755 3394 faciebat.
789 3335 894 3391 Sed
927 3333 1076 3390 enim
1121 3331 1216 3386 illc
1246 3327 1468 3400 quidem
1525 3326 1607 3380 sic
1665 3324 1986 3378 decreverat
2030 3329 2086 3374 et

506 3430 739 3500 agebat;
776 3435 831 3482 at
876 3425 972 3480 Dei
1020 3422 1375 3494 providentiae
1401 3419 1618 3474 diversa
1645 3415 1875 3472 consilia
1906 3423 2083 3470 erant.

505 3522 680 3578 Simul
711 3535 776 3574 ac
799 3519 944 3574 enim
979 3516 1136 3570 navis
1161 3511 1417 3584 progredi
1448 3510 1504 3564 in
1539 3510 1678 3563 mari
1705 3507 1893 3578 ccepit,
1937 3521 2075 3562 con-

509 3613 712 3668 trarius
736 3619 936 3664 ventus
989 3615 1233 3669 coortus,
1265 3605 1318 3658 in
1362 3602 1466 3656 alia
1497 3609 1659 3670 atque
1679 3599 1782 3653 alia
1807 3601 1923 3652 loca
1949 3597 2090 3651 hanc

511 3701 834 3756 transtulit:
879 3711 1116 3766 cumque
1173 3695 1263 3748 hic
1313 3695 1387 3747 ita
1423 3693 1611 3745 multis
1639 3690 1836 3744 diebus
1864 3689 1920 3741 in
1951 3686 2089 3739 mari

509 3791 742 3846 moleste
772 3790 1098 3860 iactaretur,
1135 3786 1401 3855 angustiae
1430 3793 1486 3838 et
1516 3785 1764 3836 anxietas
1794 3794 1922 3835 eum
1947 3779 2088 3832 arri-

510 3890 786 3954 puerunt;
831 3892 1010 3948 neque
1061 3875 1211 3931 aliud
1259 3876 1370 3945 jam
1419 3869 1771 3942 exspectabat
1823 3883 1986 3938 quam
2034 3867 2090 3921 in

510 3973 670 4042 aquis
700 3985 916 4026 necem.
963 3969 1100 4022 Dum
1138 3980 1268 4036 ergo
1290 3963 1345 4018 1ιὶ
1376 3962 1573 4017 incerti
1597 3971 1656 4015 et
1679 3959 1896 4014 turbine
1927 3957 2090 4015 obsiti

510 4063 853 4132 navigarent,
877 4058 1030 4113 navis
1057 4058 1228 4112 altera
1247 4055 1303 4109 in
1331 4052 1580 4124 proximo
1602 4050 1854 4120 apparuit
1884 4067 1898 4104 ι
1929 4063 2091 4118 quam

513 4158 870 4222 percontatus
913 4145 1296 4208 scholasticus,
1327 4151 1383 4198 et
1422 4140 1935 4210 Amalphitanorum
1967 4151 2091 4192 esse

514 4242 883 4311 comperiens,
919 4237 1012 4308 qui
1047 4238 1274 4292 Romam
1304 4232 1736 4296 contendebant,
1769 4239 1831 4286 ut
1874 4244 1933 4285 se
1961 4244 2098 4299 quo-

515 4347 625 4403 que
678 4331 994 4400 acciperent
1049 4329 1260 4399 rogavit
1304 4343 1318 4380 :
1367 4341 1478 4397 quo
1524 4325 1834 4395 impetrato,
1885 4333 1940 4378 et
1986 4324 2096 4378 illis

2182 3139 2254 3191 τὰ
2291 3140 2488 3204 οἰκεῖα,
2523 3139 2799 3207 συνταγῆς
2855 3138 2990 3210 ἄτερ
3019 3141 3115 3194 καὶ
3145 3141 3311 3211 εὐχῆς
3341 3142 3554 3206 τούτου,
3593 3144 3756 3197 πάλιν

2183 3229 2441 3299 νοστῆσαι
2498 3230 2768 3301 διενοήθη.
2817 3231 3009 3284 Πλοίου
3067 3229 3161 3284 οῦν
3238 3233 3454 3301 ἐπιϐάς,
3509 3234 3631 3288 ὀδοῦ
3687 3235 3725 3306 ἦ

2187 3335 2375 3373 πτετο.
2425 3319 2563 3373 Ἀλλ’
2589 3322 2795 3382 ἐκεῖνος
2841 3320 2983 3374 οὕτω
3034 3322 3133 3392 μὲν
3162 3324 3256 3375 καὶ
3285 3323 3638 3378 ἐϐουλεύσατο
3663 3327 3760 3378 καὶ

2185 3409 2357 3464 ἐποίει
2387 3425 2402 3441 ⁸
2431 3412 2464 3481 ή
2498 3410 2554 3462 δὲ
2610 3410 2844 3481 Πρόνοια
2913 3412 3076 3483 ἐτερα
3127 3411 3475 3466 ποικίλλουσα
3521 3409 3612 3482 ἦν.
3664 3414 3758 3479 Ὠς

2191 3502 2301 3571 γάρ
2329 3499 2408 3571 τῷ
2441 3499 2669 3569 πελάγει
2701 3503 2734 3571 ή
2761 3499 2892 3564 ναῦς
2923 3501 3342 3572 προσώρμησεν,
3371 3503 3610 3564 ἐναντίος
3636 3502 3760 3556 ἁνε-

2192 3609 2290 3660 μος
2315 3589 2578 3654 ἐπελθὼν,
2605 3590 2786 3654 ἄλλοις
2819 3589 3112 3662 ἀλλαχόθεν
3150 3591 3336 3655 τόποις
3361 3589 3566 3656 ταύτην
3596 3590 3759 3661 ἤμει-

2191 3683 2304 3737 ϐεν.
2349 3684 2437 3737 Ἐν
2463 3685 2676 3745 ἱκαναῖς
2708 3683 2753 3734 δ’
2781 3682 3019 3754 ἡμέραις
3076 3681 3268 3735 τούτου
3317 3683 3375 3736 ἐν
3409 3680 3488 3751 τῷ
3532 3682 3760 3748 πελάγει

2193 3781 2381 3839 κακῶς
2407 3775 2862 3846 περιφερομένου,
2892 3774 3148 3838 στένωσις
3175 3775 3268 3828 καὶ
3314 3774 3522 3844 ἀπορία
3571 3773 3769 3829 πάντος-

2194 3865 2288 3922 θεν
2320 3867 2510 3921 τοῦτον
2560 3865 2885 3935 ἐλάμϐανεν.
2911 3865 3048 3919 Οὑδέ
3094 3865 3204 3937 γάρ
3254 3865 3446 3937 ἐτερόν
3483 3883 3535 3918 τι
3579 3861 3646 3935 ἦν
3705 3867 3766 3919 τὸ

2197 3957 2641 4027 προσδοκώμενον
2666 3955 2698 4026 ἢ
2720 3957 2750 4008 ό
2767 3956 2834 4010 δι’
2865 3955 3055 4020 ὕδατος
3071 3955 3318 4020 θάνατος.
3355 3955 3542 4020 Οὑτως
3563 3956 3656 4009 οῦν
3674 3959 3773 4010 αὑ-

2194 4049 2304 4102 τῶν
2338 4051 2396 4102 ἐν
2413 4048 2694 4118 ἀμηχανίᾳ
2711 4048 2805 4102 καὶ
2834 4048 3134 4119 σκοτοδινίᾳ
3161 4047 3430 4102 πλεόντων
3456 4045 3586 4110 ναῦς
3607 4048 3770 4116 ἐτέρα

2198 4140 2450 4209 φαίνεται
2502 4138 2880 4208 πλησιάζουσα
2934 4138 3177 4202 τούτοις’
3219 4137 3499 4211 ἐρωτήσας
3542 4138 3618 4200 δὲ,
3674 4137 3772 4190 καὶ

2202 4229 2387 4300 μαθὼν
2426 4229 2808 4299 Ἀμαλφηνοὺς
2838 4227 2997 4293 εἶναι,
3035 4230 3172 4300 πρὸς
3203 4230 3301 4300 τὴν
3333 4228 3549 4299 Ῥώμην
3592 4230 3646 4281 δέ
3673 4230 3772 4298 τήν

2201 4322 2266 4395 [1.
2303 4320 2419 4393 τὸν]
2449 4321 2730 4374 ἀπόπλουν
2789 4321 3085 4386 ποιεῖσθαι,
3116 4322 3358 4375 δυσωπεῖ
3413 4319 3774 4391 συμπαραλα-

517 4437 779 4494 prospere
830 4421 1216 4492 navigantibus
1267 4425 1323 4474 et
1377 4420 1684 4472 Romanum
1726 4424 1945 4485 portum
2016 4415 2071 4468 in

2203 4413 2318 4464 ϐεἰν
2349 4413 2445 4464 καὶ
2475 4412 2661 4468 αὑτόν.
2696 4406 2771 4467 Οῦ
2802 4411 3128 4482 γεναμένου,
3155 4413 3250 4465 καὶ
3307 4409 3492 4475 καλῶς
3552 4410 3775 4463 ἐκείνων

521 4515 748 4586 gressis,
804 4513 1043 4568 Joannes
1088 4510 1454 4566 scholasticus
1504 4508 1626 4562 navi
1682 4507 1740 4560 in
1801 4503 2094 4575 quemdam

523 4594 729 4663 littoris
784 4605 966 4660 locum
1010 4617 1284 4672 egressus,
1315 4599 1428 4653 illic
1472 4597 1771 4653 solitudine
1815 4605 1872 4651 et
1913 4595 2100 4665 quiete

524 4699 836 4756 fruebatur.
885 4695 1036 4749 curis
1090 4705 1274 4747 tamen
1319 4701 1559 4746 aestuans
1618 4704 1682 4743 ac
1731 4701 1993 4749 maerens,
2045 4693 2102 4739 et

526 4791 659 4862 quid
691 4796 880 4860 ageret
918 4786 1222 4856 ambigens.

602 4975 692 5029 14.
723 4973 816 5028 Sic
839 4985 968 5041 ergo
987 4976 1181 5024 maesto
1205 4974 1261 5022 et
1283 4965 1450 5021 animi
1471 4963 1822 5019 aﬁlictionem
1876 4960 2102 5030 patienti

531 5069 637 5125 viri
661 5068 773 5122 duo
795 5069 1168 5135 apparuerunt
1203 5074 1301 5130 per
1325 5057 1489 5111 maris
1514 5054 1859 5124 superﬁciem
1880 5051 1948 5104 ad
1977 5065 2104 5106 eum

2205 4505 2579 4570 πλευσάντων,
2608 4507 2701 4558 καὶ
2729 4504 2806 4573 τῷ
2855 4503 3032 4571 λιμένι
3057 4503 3155 4573 τῆς
3193 4501 3411 4573 Ῥώμης
3461 4518 3776 4572 προσορμη-

2204 4601 2412 4651 σάντων
2452 4597 2520 4669 [Γ.
2554 4595 2755 4668 -μισ.],
2781 4595 2873 4650 τοῦ
2899 4595 3083 4654 πλοίου
3130 4594 3382 4664 Ἰωάννης
3417 4593 3446 4644 δ
3495 4594 3776 4662 σχολαστι-

2205 4690 2300 4751 κὸς
2342 4687 2593 4754 ἐξελθὼν,
2633 4689 2692 4739 ἐν
2746 4687 2897 4755 τόπῳ
2941 4687 3049 4738 τινὶ
3085 4682 3512 4752 παραθαλασσίῳ
3542 4683 3776 4751 ἠρεμίας

2207 4781 2305 4832 καὶ
2372 4778 2694 4848 ἀναπαύλης
2734 4777 3050 4846 ἐτύγχανεν,
3083 4772 3380 4843 ἀδολεσχῶν
3412 4775 3507 4826 καὶ
3543 4771 3780 4842 ἀχθόμεο

2207 4886 2296 4931 νος
2325 4869 2420 4922 καί¹
2446 4871 2512 4938 τῇ
2544 4867 2740 4936 πράξει
2766 4865 3208 4936 διαπορούμενος.
3367 4853 3380 4864 Χ

2286 4957 2368 5013 ιδ’.
2418 4957 2762 5027 ’Λσχάλλοντι
2799 4953 2891 5010 οὖν
2929 4954 3194 5026 αὐτῷκαὶ
3239 4952 3339 5023 τὴν
3365 4952 3540 5024 ψυχὴν
3587 4953 3782 5006 παθαι-

2217 5049 2448 5118 νομένῳ,
2475 5048 2666 5118 ἄνδρες
2703 5047 2797 5099 δύο
2826 5047 3210 5112 ἐπιφαίνονται
3239 5045 3331 5096 ἐπὶ
3349 5044 3440 5096 τοῦ
3465 5041 3657 5106 ὓδατος
3686 5045 3782 5112 τῆς

538 5134 878 5220 venientes,
921 5158 1016 5226 qui
1073 5152 1282 5208 sanctis
1339 5149 1717 5219 apostolorum
1765 5143 2074 5214 principibu

2211 5141 2504 5210 θαλάσσης,
2533 5140 2628 5192 καὶ
2683 5138 2817 5208 πρὸς
2869 5137 3030 5190 αὑτὸν
3077 5137 3359 5206 ἐρχόμενοι
3387 5152 3399 5165 ο
3433 5134 3480 5187 οἳ
3533 5135 3627 5188 καὶ
3672 5137 3785 5194 τοῖς

545 5256 712 5310 l‘etro
745 5259 804 5306 et
836 5249 1004 5302 Paulo
1061 5245 1270 5301 similes
1311 5243 1660 5297 videbantur.
1707 5240 1772 5292 Et
1797 5251 1968 5306 prope
1996 5236 2106 5305 jam

2213 5231 2390 5298 ἁγίοις
2422 5237 2517 5286 καὶ
2567 5230 2886 5300 κορυφαίοις
2945 5229 3055 5281 τῶν
3113 5230 3426 5281 ἀποστόλων
3479 5227 3667 5296 Πέτρῳ
3693 5225 3787 5277 καὶ

539 5344 891 5404 accedentes,
917 5342 1098 5402 Salve,
1122 5353 1156 5393 ο
1189 5337 1383 5402 amice,
1416 5334 1706 5396 dixerunt;
1738 5329 1883 5384 unde
1919 5325 2074 5382 venis

2217 5324 2415 5394 Παύλῳ
2437 5321 2680 5394 ἐῴκεσαν
2700 5361 2714 5385 ,
2747 5320 2911 5390 ἐγγύς
2939 5337 2999 5372 τε
3022 5319 3324 5388 γενόμενοι,
3346 5317 3589 5387 Χαξροις,
3615 5311 3786 5376 εἷπον,

537 5446 594 5492 et
627 5452 737 5506 quo
757 5430 1159 5504 proﬁcisceris?
1176 5430 1262 5485 vel
1281 5443 1382 5484 cur
1405 5427 1495 5482 hic
1519 5423 1797 5481 solitarius
1811 5420 1997 5492 iaces?
2021 5420 2074 5474 lll

2220 5417 2402 5485 ἑταῖρε
2434 5433 2448 5446 υ
2500 5415 2663 5467 πόθεν
2690 5414 2827 5484 ἔρχῃ
2847 5427 2864 5477 ;
2886 5412 2979 5464 καὶ
3001 5410 3104 5464 ποῦ
3133 5409 3374 5482 πορεύῃς
3419 5409 3513 5461 καὶ
3543 5407 3657 5468 πῶς
3703 5422 3791 5475 μο-

615 5633 689 5704 (3)
733 5631 806 5686 De
831 5627 1512 5704 vocabulo_scholasttcus,_
1547 5623 1710 5677 doele
1744 5620 2117 5704 Scro‘mmarus.
2221 5612 2503 5704 dignitatis
2530 5610 2745 5704 titulus.
2780 5609 3062 5666 Interdum
3095 5607 3261 5663 etiam
3290 5603 3611 5694 simpliciter
3641 5600 3791 5655 litte-

546 5682 800 5757 in‘a’dn:
831 5682 1210 5758 χῇγιιιςεει
1256 5697 1405 5752 enim
1463 5682 1788 5764 plerumque
1829 5690 1991 5745 ollicii
2033 5689 2117 5743 vel
2225 5682 2399 5740 ratum
2433 5682 2722 5753 signiﬁcat.
3445 5689 3450 5694 ·
