4122 6212
356 267 466 330 489

1361 266 1537 329 ΥΙΤΛ
1581 265 1641 328 S.
1678 261 2246 327 ΒλῐὶἸἮΟὶΟΜίΕῑ
2288 261 2666 325 JUNIORIS.

3519 267 3625 329 490

362 381 598 442 νὼτατος
634 378 885 434 ἐνταυθοῖ
905 379 1266 441 κατάκεισαι;
1296 378 1354 432 '0
1382 380 1440 432 δὲ
1470 383 1567 434 σὺν
1600 380 1749 451 φόϐῳ
1788 380 1859 432 τά
1889 395 1947 431 τε

2063 385 2240 431 autem
2277 375 2484 445 absque
2529 387 2677 429 metu
2723 389 2809 429 res
2850 384 3001 429 actas
3025 381 3077 429 ct
3118 391 3264 430 nunc
3302 375 3467 430 etiam
3502 396 3529 431 τι
3569 395 3627 431 se

362 471 677 543 πραχθέντα
706 471 799 524 καὶ
829 489 892 523 συ
903 471 1224 542 μδησόμενα
1258 471 1613 541 ἀπήγγειλεν.
1638 473 1701 525 Οί
1762 471 1945 538 φαινό-

367 581 518 631 μενοι
548 563 603 616 δὲ
632 564 698 616 τὰ
726 566 828 633 τῆς
866 563 1126 628 ἀϐουλίας
1173 564 1321 634 αὐτῷ
1371 563 1447 627 ὡς
1475 563 1637 635 δῆθεν
1682 564 1944 617 ἐπονειδίς

365 656 548 717 ζοντες
583 655 768 721 ἔλεγον
799 671 813 686 ·
846 655 922 708 Οὐ
948 654 1129 718 καλῶς
1158 658 1224 726 τῇ
1259 643 1420 725 βουλῇ
1474 656 1695 726 ἐχρήσω
1725 672 1739 687 ⁸
1772 655 1861 708 διὰ
1892 655 1947 708 τί

363 744 475 814 γὰρ
508 746 584 814 μὴ
612 743 865 799 ἀπελθὼν
889 748 1007 809 ταῖς
1025 747 1213 816 εὐχαῖς
1242 745 1338 798 τοῦ
1366 746 1578 816 Πατρός
1606 746 1948 816 ἐφωδιάσθης

364 834 808 906 Βαρθολομαίου;
845 835 1003 891 Οὑτω
1023 839 1136 908 γὰρ
1158 838 1258 892 σὺν
1288 840 1443 909 τάχει
1469 842 1562 892 καὶ
1586 842 1731 911 χαρᾷ
1759 842 1814 893 ἐν
1832 844 1949 904 τοῖς

362 928 586 993 οἰκείοις
630 930 1011 996 ἐπέπλευσαςς
1075 932 1133 984 '0
1178 932 1235 984 δὲ
1293 934 1430 1002 πρὸς
1474 932 1537 986 τι»
1587 934 1697 986 τῶν
1731 933 1947 1006 ἀνδρῶν

364 1019 762 1092 ὑπέρλαμπρον
788 1022 1185 1091 καταπλαγεὶς,
1224 1025 1417 1095 Ὑμεῖς
1462 1026 1525 1078 δέ
1557 1026 1702 1089 τίνες
1729 1027 1871 1092 ἐστὲ,
1903 1022 1949 1079 ὦ

364 1111 584 1182 κὺριοι;
617 1115 717 1167 σὺν
754 1112 905 1185 φόϐῳ
928 1115 1114 1187 ἤρετο.
1166 1116 1342 1180 sese;
1388 1116 1481 1170 οὖν
1538 1120 1566 1170 ό
1615 1119 1712 1187 μὲν
1742 1114 1820 1182 εἷς
1852 1119 1949 1185 τῆν

362 1201 547 1269 δεξιὰν
576 1203 822 1266 ἐκτείνας
842 1206 1000 1275 χεῖρα
1026 1204 1118 1257 τὸν
1148 1205 1242 1259 τοῦ
1271 1206 1430 1274 ἁγίου
1463 1205 1761 1259 ἀποστόλου
1809 1204 1952 1259 Παύ-

365 1289 463 1345 λου
487 1291 615 1346 ναὸν
647 1292 1019 1359 ὑπεδείκνυεν,
1064 1295 1240 1365 Ἐμοὶ,
1292 1294 1491 1364 λέγων,
1538 1296 1747 1358 ἐκεῖνος
1799 1290 1950 1357 οἶκός

367 1384 555 1435 ἐστιν’
603 1382 792 1454 ἕτερος
840 1384 899 1438 δέ
947 1385 1082 1455 πρὸς
1117 1388 1185 1458 τῇ
1224 1386 1409 1461 Ῥώμῃ
1467 1386 1948 1449 δακτυλοδεικτῶν,

366 1472 461 1526 τὸν
476 1472 570 1527 τοῦ
599 1474 756 1543 ἁγίου
779 1474 1093 1547 ,ἀποστόλου
1146 1479 1354 1551 Πέτρου
1403 1480 1530 1532 ναὸν
1586 1480 1950 1549 ὑπεσήμαινε,

380 1565 556 1633 Ἐμοὶ,
586 1565 780 1634 λέγων,
809 1570 838 1621 ὁ
861 1568 1032 1637 μέγας
1064 1571 1273 1632 ἐκεῖνος
1305 1569 1760 1641 ἀποκεκλήρωται
1777 1566 1948 1633 οἶκος.

367 1651 551 1718 Οὕτως
577 1657 847 1723 είπόντες,
878 1661 937 1725 ἐξ
978 1658 1277 1730 ὀφθαλμῶν
1330 1660 1500 1714 αὐτοῦ
1543 1663 1812 1728 ἐγένοντο.
1860 1661 1947 1724 Ὡς

2049 468 2378 523 deliberatas
2420 470 2695 536 exposuit.
2733 469 2835 532 Qui
2886 476 3071 522 autem
3112 479 3503 537 apparuerant,
3549 470 3632 523 in-

2050 559 2517 614 considerantiam
2542 559 2661 629 ejus
2682 569 2976 629 arguentes
3005 560 3261 614 dixerunt
3292 578 3303 613 :
3342 560 3460 615 Non
3486 576 3631 617 nono

2052 665 2183 704 usus
2211 666 2272 704 es
2320 651 2591 713 consilio;
2648 666 2746 705 cur
2794 654 2943 706 enim
3001 651 3292 707 discedens
3321 691 3334 714 ,
3398 669 3626 723 precum

2053 741 2232 797 Patris
2281 744 2666 797 Bartbolommi
2714 744 2973 800 viaticum
3022 762 3129 800 non
3178 746 3478 816 expetisti?
3540 748 3632 801 Sic

2051 834 2197 889 enim
2232 836 2490 889 celeriter
2534 846 2587 888 et
2624 852 2747 890 cum
2789 837 2990 907 gaudio
3021 838 3072 890 in
3114 841 3342 908 patriam
3383 855 3634 895 reversu-

2056 941 2149 980 rus
2171 941 2315 980 eras.
2353 926 2446 981 llle
2481 934 2662 980 autem
2697 929 2935 981 virorum
2979 927 3196 985 illorum
3231 932 3515 1001 majestate
3545 942 3630 987 at-

2058 1017 2287 1082 tonitus,
2315 1018 2421 1073 Vos
2444 1033 2601 1086 vero,
2630 1019 2831 1089 inquit,
2869 1020 3092 1089 quinam
3130 1023 3264 1076 estis
3285 1061 3299 1084 ,
3330 1023 3586 1078 odomini
3609 1025 3635 1077 ?

2055 1122 2162 1161 non
2228 1108 2346 1162 sine
2372 1120 2523 1164 metu
2558 1112 2871 1166 sciscitatus
2907 1122 3012 1167 est.
3054 1112 3250 1167 Statim
3282 1115 3463 1185 itaque
3492 1132 3633 1170 unus

2052 1213 2242 1251 eorum
2281 1199 2506 1254 dextera
2541 1212 2783 1266 extenta,
2819 1205 2992 1259 sancti
3037 1207 3268 1275 apostoli
3303 1208 3454 1262 Pauli
3490 1220 3632 1263 tem-

2056 1288 2202 1357 plum
2242 1288 2569 1343 ostendebat
2605 1309 2616 1342 :
2660 1291 2797 1354 Mea,
2826 1293 3101 1362 inquiens,
3148 1294 3238 1348 illa
3283 1296 3481 1351 domus
3527 1307 3632 1352 est.

2054 1379 2206 1432 Alter
2259 1394 2396 1433 vero
2452 1381 2679 1435 Ruinam
2744 1399 2937 1439 versus
2998 1384 3232 1453 digitum
3297 1388 3633 1452 intendens,

2055 1467 2229 1522 sancti
2266 1470 2499 1538 apostoli
2552 1471 2700 1525 Petri
2760 1474 3021 1543 templum
3071 1475 3501 1541 demonstrabat,
3551 1477 3637 1536 Ad

2053 1574 2164 1623 me,
2208 1560 2490 1629 inquiens,
2529 1578 2783 1634 magnum
2844 1564 2975 1620 illud
3030 1567 3269 1637 pertinet
3318 1569 3632 1627 editicium.

2055 1648 2144 1703 Sic
2164 1640 2285 1716 fati,
2313 1666 2381 1706 ex
2410 1653 2530 1723 ejus
2552 1656 2729 1709 oculis
2747 1667 3116 1713 evanuerunt.
3148 1659 3442 1732 Postquam
3470 1662 3639 1734 igitur

365 1740 457 1798 οὗν
487 1745 550 1798 ἔκ
577 1764 637 1800 τε
669 1747 765 1803 τοῦ
806 1722 1084 1823 σχήματος
1107 1722 1203 1805 καὶ
1231 1752 1341 1805 τῶν
1388 1751 1561 1823 λόγων
1582 1722 1735 1816 ⁷’τοὺς
1785 1770 1945 1824 κορυ-

2064 1750 2103 1793 νι
2160 1742 2334 1812 figura
2386 1754 2442 1799 et
2498 1746 2685 1800 verbis
2742 1748 3018 1820 principes
3081 1752 3457 1820 apostolorum
3512 1768 3637 1810 esse

364 1837 555 1902 φαίους
584 1839 694 1892 τῶν
722 1840 1036 1896 ἀποστόλων
1057 1844 1292 1911 ἐπέγνω,
1324 1845 1381 1897 ἐν
1412 1842 1489 1914 νῷ
1518 1844 1587 1898 τὰ
1603 1844 1734 1914 παρ’
1765 1845 1946 1898 αὐτῶν

362 1924 562 1988 λαϐὼν,
591 1930 687 1983 καὶ
720 1932 772 1984 τί
799 1931 1049 2002 βούλεται
1070 1936 1138 1988 τά
1171 1933 1430 2005 λεχθέντα
1458 1935 1773 2006 συνεὶς,τὴν
1808 1934 1944 1988 Ῥώ-

367 2035 475 2090 μην
496 2020 593 2074 καὶ
613 2017 772 2086 αὖθις
801 2025 1232 2095 καταλαμϐάνει,
1271 2026 1366 2080 καὶ
1412 2024 1491 2097 τῷ
1534 2026 1676 2098 ἁγίῳ
1730 2027 1949 2081 ἅπαντα

364 2107 642 2180 κατάδηλα
657 2110 748 2165 διὰ
769 2114 988 2184 γραφῆς
1019 2114 1302 2185 ἱδεοχείρου
1328 2117 1494 2183 ποιεῖ,
1518 2115 1850 2187 συγγνώμην
1888 2134 1947 2169 τε

363 2198 462 2267 τῆς
498 2201 793 2273 σφαλείσης
820 2204 1031 2269 ἐννοίας
1063 2205 1235 2277 ζητεῖ,
1270 2207 1364 2260 καὶ
1393 2207 1493 2277 τὴν
1513 2208 1653 2278 πρὸς
1676 2208 1747 2262 τὰ
1771 2211 1949 2261 οἰκεῖα

367 2291 490 2358 μετ’
528 2292 699 2363 εὐχῆς
732 2295 997 2350 ἐπάνοδον
1015 2296 1240 2364 ἐξαιτεῖ.
1279 2291 1378 2351 Ὦν
1404 2298 1498 2351 καὶ
1516 2297 1717 2368 τυχὼν,
1743 2300 1950 2370 χαίρων

366 2381 463 2434 καὶ
484 2383 798 2441 εὐθυπλοῶν
826 2387 963 2456 πρὸς
992 2391 1059 2441 τὰ
1081 2391 1255 2442 οἰκεῖα
1288 2388 1538 2460 ἐφέρετο.

447 2557 530 2613 ιε’.
561 2561 673 2631 Τῆς
702 2563 793 2615 οῦν
814 2561 909 2616 τοῦ
935 2562 1091 2632 ἁγίου
1129 2565 1319 2636 φήμης
1369 2568 1672 2637 πανταχόσε
1699 2566 1954 2620 διαδοθείο

372 2666 496 2719 σης,
529 2654 623 2705 καὶ
654 2655 881 2723 ἀπείρου
912 2656 1152 2726 πλήθους
1176 2657 1298 2711 καθ’
1331 2659 1572 2730 ἑκάστην
1609 2661 1949 2732 συρρέοντος,

371 2745 467 2794 καὶ
498 2743 606 2798 τῶν
635 2745 736 2814 μὲν
769 2746 841 2816 τῷ
869 2746 1012 2818 λόγῳ
1055 2751 1157 2818 τῆς
1190 2750 1413 2820 χάριτος
1443 2753 1811 2820 τρεφομένων.
1846 2751 1955 2805 τῶν

369 2831 429 2886 δὲ
484 2836 577 2887 καὶ
632 2838 730 2901 τὰς
771 2839 1088 2909 σωματικὰς
1129 2842 1316 2910 χρείας
1348 2842 1598 2911 ἀφθόνως
1654 2842 1953 2913 ποριζομέ-

373 2941 512 2988 νων,
541 2928 872 3000 ἀμφοτέρων
910 2931 967 2985 δὲ
1005 2931 1127 2985 κατ’
1154 2932 1322 3002 ἄμφω
1360 2933 1768 3003 στηριζομένων
1806 2950 1817 2964 ·
1848 2934 1955 2988 ἔδει

2050 1834 2293 1902 agnovit,
2343 1834 2542 1889 horum
2590 1837 2736 1893 dicta
2794 1850 2976 1894 mente
3036 1843 3348 1907 revolvens,
3394 1855 3451 1900 et
3500 1846 3636 1915 quid

2051 1926 2216 1980 verba
2256 1925 2557 1983 innuerent
2593 1929 2929 2001 intelligens,
2956 1932 3187 1987 Romam
3240 1951 3436 1991 rursus
3464 1938 3636 2001 venit,

2050 2024 2355 2087 sanctoque
2381 2018 2501 2074 viro
2522 2020 2710 2075 omnia
2738 2021 2965 2094 scriptis
2992 2039 3156 2079 manu
3182 2027 3409 2095 propria
3436 2027 3639 2083 litteris

2054 2107 2334 2177 patefecit,
2388 2116 2445 2165 et
2494 2112 2712 2165 veniam
2765 2113 2979 2183 injustaa
3032 2115 3386 2185 cogitationis
3438 2117 3635 2187 petiit;

2052 2216 2155 2254 nec
2182 2216 2292 2256 non
2326 2201 2563 2257 reditum
2591 2203 2646 2258 in
2676 2205 2908 2274 patriam
2931 2207 3191 2277 precibus
3215 2210 3335 2280 ejus
3362 2210 3636 2269 fortunari

2054 2294 2337 2364 poposcit:
2386 2296 2591 2365 quibus
2623 2296 2951 2367 impetratis,
2984 2300 3143 2355 ltetus
3176 2317 3339 2356 cursu
3370 2318 3640 2374 prospero

2055 2385 2107 2438 iu
2143 2387 2373 2456 patriam
2410 2388 2626 2443 delatus
2653 2398 2756 2443 est.

2132 2566 2215 2623 IS.
2259 2568 2430 2639 Igitur
2466 2573 2640 2626 sancti
2675 2571 2774 2627 viri
2799 2573 2944 2628 fama
2972 2591 3389 2645 quaqueversus
3415 2577 3638 2642 diffusa,

2057 2667 2114 2713 et
2143 2659 2536 2715 innumerabili
2579 2664 2938 2719 multitudine
3000 2667 3250 2735 quotidie
3295 2668 3635 2733 confluente,

2059 2764 2298 2821 quorum
2330 2750 2446 2821 :alii
2481 2752 2682 2808 divina:
2713 2754 2903 2825 gratiae
2938 2756 3108 2810 verbo
3156 2757 3468 2826 alebantur,
3511 2759 3643 2814 alio-

2062 2858 2183 2898 rum
2217 2843 2382 2900 etiam
2415 2846 2797 2915 corporalibus
2849 2849 3280 2904 necessitatibus
3307 2853 3641 2908 consuleba-

2060 2944 2193 3002 tur,
2239 2935 2351 2989 imo
2410 2936 2630 3008 utrique
2683 2937 2738 2992 in
2786 2948 3018 3011 utraque
3065 2951 3219 3010 parte
3260 2943 3641 3013 juvabantur;

368 3018 467 3069 καὶ
488 3018 649 3070 αὐτὸν
700 3019 987 3090 ἄνθρωπον
1030 3023 1160 3077 ὄντα
1213 3024 1556 3096 ἐλεγχθῆναι.
1609 3028 1786 3097 Λιμοῦ
1845 3031 1953 3101 γάρ

2063 3026 2308 3096 oportuit
2338 3026 2516 3097 ipsum
2570 3044 2791 3100 quoque
2834 3040 3085 3087 sanctum
3123 3033 3301 3088 virum
3362 3034 3645 3092 hominem

370 3122 502 3159 ποτε
536 3109 851 3179 γενομένου,
876 3114 972 3166 καὶ
1006 3115 1144 3184 προς
1181 3117 1280 3186 τὴν
1312 3116 1481 3186 μονὴν
1502 3117 1722 3172 πάντων
1748 3119 1858 3173 τῶν
1887 3136 1947 3172 τε

370 3199 737 3270 αὐτοχθόνων,
752 3203 847 3258 καὶ
870 3205 978 3259 τῶν
1001 3208 1413 3278 ἐπιδημούντων
1441 3209 1832 3283 ξένων,ὥσπερ
1860 3215 1951 3265 ἐπὶ

371 3290 565 3360 λιμένα
592 3298 1070 3366 καταφευγόντων,
1092 3300 1199 3354 τῶν
1219 3301 1318 3372 τῆς
1364 3302 1531 3373 μονῆς
1568 3302 1626 3357 δὲ
1667 3305 1747 3368 εἰς
1782 3304 1953 3375 ἄκρον

373 3379 750 3435 κενωθέντων
802 3385 1035 3454 (γίνεται
1094 3388 1203 3460 γὰρ
1256 3388 1353 3443 καὶ
1404 3392 1517 3454 τοῖς
1574 3390 1803 3454 δικαίοις
1862 3395 1953 3459 ἐγ-

372 3471 715 3543 κατάλειψις,
741 3476 1007 3548 κρίμασιν
1023 3474 1103 3544 οἷς
1117 3477 1258 3534 οἶδεν
1271 3484 1298 3535 ό
1316 3482 1495 3537 πάντα
1525 3484 1736 3553 ἐφορῶν
1757 3484 1955 3550 ὀρθαὶ.-

375 3568 499 3635 μοῖς
520 3565 588 3639 ῘῙ-
618 3569 741 3641 Ms]
770 3589 785 3602 '
829 3573 1036 3644 πλῆθος
1065 3574 1195 3630 λαοῦ
1241 3575 1365 3632 ίδὼν
1412 3579 1440 3631 ὑ
1492 3578 1785 3651 μακάριος,
1830 3596 1954 3650 τρο-

375 3659 491 3728 φῶν
511 3660 567 3715 δὲ
622 3666 951 3734 σωματικῶν
976 3667 1075 3739 τὴν
1097 3669 1266 3741 μονὴν
1292 3669 1605 3743 ἀποροῦσαν
1637 3673 1708 3744 (οι
1737 3689 1795 3726 τε
1846 3674 1957 3742 γὰρ

376 3751 603 3815 σιτῶνες
630 3753 875 3818 ἐξέλιπον
902 3759 965 3827 τῇ
1004 3757 1374 3831 πολυπληθείᾳ
1419 3758 1526 3813 τῶν
1578 3760 1956 3832 προσερχομέ-

376 3862 504 3908 νων,
536 3845 646 3897 τῶν
677 3847 811 3917 πρὸς
834 3845 1036 3919 ὥνησιν
1058 3849 1114 3901 δέ
1141 3851 1259 3919 ἅμα
1278 3851 1388 3913 τοῖς
1419 3851 1705 3920 γεωργίοις
1724 3850 1786 3922 if.
1816 3849 1955 3921 κοῖς]

376 3935 796 4005 ἐκλελοιπότων,
824 3938 934 3992 τῶν
972 3941 1143 4008 φίλων
1187 3957 1247 3992 τε
1302 3945 1762 4014 προσεπικουρεῐν
1816 3944 1955 3996 ἁπο-

377 4027 727 4096 κρουσάντων
786 4027 1200 4104 [ἀναγορευσ.ἳ]
1234 4031 1279 4103 ),
1310 4033 1387 4104 μὴ
1427 4032 1610 4104 φέρων
1635 4036 1663 4088 ὑ
1692 4033 1788 4088 τοῦ
1820 4034 1957 4088 Θεοῦ

377 4117 687 4189 ἄνθρωπος,
718 4119 895 4191 ψυχάς
924 4140 983 4176 τε
1007 4122 1371 4195 τεθλιμμένας
1394 4128 1461 4196 τῇ
1492 4125 1585 4179 τοῦ
1607 4126 1766 4197 λιμοῦ
1818 4127 1959 4198 ἐπη-

378 4211 503 4283 ρείᾳ
534 4212 687 4284 όρᾷν,
717 4218 909 4283 φυγεῖν
939 4214 1188 4286 βούλεται
1217 4232 1231 4245 ·
1263 4216 1291 4269 ὃ
1318 4216 1380 4288 δὴ
1413 4219 1504 4271 καὶ
1554 4218 1843 4288 πεποίηκε,
1864 4223 1961 4289 τὴν

377 4305 473 4359 ἐπὶ
534 4303 753 4378 Ῥώμην
796 4308 1072 4379 φέρουσαν
1132 4311 1252 4379 μεθ’
1300 4311 1504 4381 ἐτέρων
1556 4310 1650 4363 δύο
1710 4311 1961 4382 μοναχῶν

2064 3132 2188 3172 esse
2218 3120 2464 3189 coargui.
2511 3118 2675 3174 Fame
2718 3119 2870 3176 enim
2912 3121 3209 3193 aliquando
3238 3134 3449 3191 coorta,
3480 3135 3646 3197 atque

2066 3209 2134 3263 ad
2188 3210 2587 3265 monasterium
2641 3211 2918 3282 indigenis
2942 3214 3381 3283 fperegrinisquc
3431 3219 3649 3273 eunetis

2068 3313 2327 3372 tanquam
2375 3303 2443 3358 ad
2492 3313 2714 3373 portqu
2766 3304 3255 3376 confugientibus.
3308 3306 3483 3377 ipsius
3512 3324 3647 3364 vero

2066 3395 2385 3449 monasterii
2436 3396 2629 3450 incolis
2654 3410 2926 3450 summam
2972 3396 3260 3467 penuriam
3307 3399 3647 3469 patientibus

2067 3486 2358 3567 (contingit
2384 3485 2533 3541 enim
2564 3486 2897 3557 quandoque
2935 3487 3101 3559 justis
3129 3488 3299 3544 etiam
3327 3490 3644 3558 derelictio,

2062 3578 2273 3649 judicio
2310 3580 2431 3649 ejus
2458 3579 2551 3650 qui
2578 3579 2763 3633 omnia
2796 3579 2973 3634 oculis
2991 3583 3246 3650 spectat),
3273 3582 3463 3652 populi
3499 3586 3647 3639 mule

2072 3668 2367 3724 titudinem
2399 3684 2635 3724 cernens
2682 3668 2881 3725 beatus
2917 3670 3022 3734 vir,
3048 3680 3104 3725 et
3127 3673 3430 3743 corporalis
3459 3674 3651 3731 alimo-

2069 3760 2175 3814 nia:
2196 3760 2424 3830 penuria
2478 3761 2873 3816 monasterium
2903 3760 3196 3830 laborans;
3243 3780 3484 3833 namque
3518 3766 3653 3822 hor-

2071 3868 2161 3908 rea
2181 3860 2406 3923 prOpter
2428 3853 2841 3909 accurrentium
2867 3852 3278 3908 multitudinem
3298 3853 3650 3918 defecerant;

2068 3950 2127 3998 et
2163 3942 2377 3998 venalia
2406 3942 2535 3996 item
2574 3956 2681 3997 una
2721 3956 2847 3996 cum
2879 3942 3137 4010 agricolis
3162 3941 3412 4007 deerant,
3454 3944 3652 3999 amicis

2069 4035 2295 4104 insuper
2323 4048 2484 4103 opem
2514 4032 2886 4103 negantibus;
2932 4046 3043 4086 non
3076 4032 3290 4102 patiens
3332 4032 3498 4089 homo
3529 4035 3650 4100 Dei,

2069 4126 2295 4180 afﬂictas
2322 4124 2532 4179 animas
2563 4133 2620 4178 et
2667 4123 2828 4176 famis
2851 4122 3161 4177 calamitate
3192 4132 3496 4193 prostratus
3527 4141 3651 4181 cer-

2071 4230 2228 4281 nere,
2288 4213 2477 4282 fugere
2510 4212 2778 4277 decrevit,
2805 4210 2954 4281 quod
2995 4222 3052 4266 et
3091 4211 3245 4278 fecit,
3282 4213 3387 4270 iter
3418 4216 3647 4271 Romam

2072 4321 2269 4362 versus
2306 4318 2431 4359 eum
2462 4302 2682 4359 duobus
2711 4304 2836 4358 aliis
2876 4305 3163 4360 monach's
3190 4321 3504 4378 aggressus.
3543 4309 3653 4365 Sed

381 4394 796 4469 ἐπιλαϐόμενος.
837 4398 998 4453 Ἀλλὰ
1036 4401 1118 4465 τίς
1146 4418 1265 4466 σου,
1297 4401 1522 4471 Χριστὲ,
1563 4403 1629 4454 τὰ
1683 4400 1954 4473 θαυμάσια

2069 4399 2216 4455 enim
2257 4396 2510 4468 quisnam
2562 4406 2675 4462 tua,
2735 4395 2977 4462 Christe,
3012 4397 3261 4468 prodigia
3305 4416 3418 4455 non
3458 4401 3655 4456 obstu-

375 4488 452 4559 μὴ
486 4490 807 4565 ἐκπλαγείη,
836 4495 931 4549 καὶ
970 4496 1069 4566 τὴν
1114 4496 1210 4547 ἐπὶ
1232 4493 1339 4546 τῶν
1372 4494 1594 4562 ἀπόρων
1621 4496 1760 4563 μετὰ
1780 4497 1950 4565 σοφῆς

371 4580 470 4652 τῆς
505 4584 757 4652 προνοίας
789 4584 943 4637 λύσιν
974 4600 1033 4636 τε
1060 4585 1155 4637 καὶ
1194 4583 1433 4635 ἐπίδοσιν
1460 4599 1475 4649 ;
1531 4582 1800 4636 Ὀδεύοντι
1840 4600 1953 4636 ’τοι⁹

372 4672 581 4744 γαροῦν
614 4674 692 4746 τῷ
725 4675 1007 4747 μακαρίῳ,
1038 4674 1339 4744 νυσταγμῴ
1357 4674 1573 4743 λέγεται
1603 4675 1952 4743 συσχεθῆναι,

373 4770 599 4832 καὶτοῖς
630 4766 773 4838 ἀμφ’
827 4769 1011 4832 αὐτὸν,
1046 4768 1261 4838 Μικρὸν
1305 4766 1406 4836 τῆς
1431 4767 1553 4819 ὀδοῦ
1583 4766 1952 4830 ἐκκλίναντε,,

374 4857 548 4924 εἶπεν,
573 4860 818 4914 ὑπνῶσαί
843 4878 909 4930 με
932 4859 1410 4931 παρασκευάσατε.
1443 4851 1518 4911 Οὗ
1544 4856 1607 4927 δὴ
1642 4859 1956 4927 γενομένου,

379 4953 473 5006 καὶ
508 4951 605 5006 τοῦ
637 4953 914 5023 μακαρίου
947 4952 1034 5006 ἐπ’
1065 4951 1294 5020 ἐδάφους
1326 4951 1721 5014 ὑπνώττοντος,
1752 4950 1959 5020 ὄνειρος

380 5045 534 5117 αὑτῷ
564 5046 897 5114 παρίσταται
928 5044 1070 5108 θεῖος
1106 5060 1119 5075 ·
1149 5047 1177 5097 ὁ
1217 5044 1272 5097 δὲ
1303 5045 1509 5114 ὄνειρος
1541 5040 1800 5111 τοιαύτην
1849 5039 1961 5113 εἶχε

380 5140 483 5205 τὴν
525 5135 669 5203 ὄψιν.
717 5134 925 5188 Ἐδόκει
966 5135 1088 5189 τινὰ
1116 5134 1418 5206 ἱεροπρεπῆ
1485 5133 1640 5204 ὁρᾷν,
1666 5133 1859 5201 στολήν
1904 5150 1965 5185 τε

382 5228 665 5297 ἱερατικὴν
711 5226 1113 5297 ἠμφιεσμένον,
1143 5225 1477 5295 παριστᾶναί
1509 5223 1579 5296 υ.
1619 5223 1875 5296 παρεστ.]
1900 5241 1959 5277 τε

381 5318 555 5389 αὐτῷ,
597 5319 692 5372 καὶ
719 5321 818 5390 τὴν
853 5319 1033 5388 φυγὴν
1074 5318 1503 5386 ἐπεγκαλοῦντα,
1558 5320 1655 5370 καὶ
1702 5317 1969 5387 ὑποστρέ-

382 5429 509 5480 φειν
539 5415 599 5465 ἐν
629 5410 708 5482 τῷ
748 5413 1098 5483 μοναστιγρίῳ
1131 5410 1678 5482 παρακελευόμενον,
1706 5412 1813 5473 τοῖς
1834 5411 1975 5477 ἁφά-

382 5522 497 5569 τοις
518 5505 614 5559 τοῦ
635 5504 773 5558 Θεοῦ
832 5504 1142 5574 οἰκτιρμοῖς
1194 5502 1515 5568 πεποιθότα,
1556 5506 1652 5556 καὶ
1693 5502 1769 5573 μὴ
1826 5519 1971 5574 παρ·-

322 5638 329 5645 .
384 5598 598 5661 οξὺνειν
623 5597 692 5651 δι’
717 5595 1069 5666 ὀλιγοψυχίας
1123 5594 1222 5665 τὴν
1261 5592 1626 5661 ὑπανοίγοντα
1670 5596 1850 5664 χεῖρα,
1879 5595 1972 5648 καὶ

387 5687 754 5758 ὲμπιπλῶντα
807 5687 916 5739 πᾶν
955 5686 1092 5751 ζῶον
1144 5684 1414 5744 εὐδοκίας.
1445 5682 1639 5754 Ἐᾠκει
1689 5683 1745 5736 δὲ
1797 5685 1971 5754 μέγας

635 5782 908 5843 ΡΑτιιοι..
936 5781 1052 5841 Gn.
1093 5778 1407 5843 CXXVII.

2072 4498 2285 4562 pcscet,
2328 4488 2607 4559 simulque
2637 4489 3018 4560 angustiarum
3050 4491 3407 4559 providenter
3429 4493 3655 4547 solutio-

2067 4600 2193 4639 nem
2217 4583 2435 4647 factam,
2457 4598 2580 4637 cum
2604 4581 2860 4637 beneficii
2885 4582 3265 4638 incremento?
3286 4583 3622 4654 Progredior:
3645 4614 3654 4624 ι

2072 4685 2181 4731 tem
2224 4674 2410 4745 itaque
2450 4674 2671 4728 beatum
2714 4674 3080 4729 somnolentia
3110 4684 3423 4743 correptum
3454 4675 3649 4740 aiunt,

2073 4779 2132 4822 et
2159 4766 2379 4822 itineris
2408 4765 2706 4819 comitibus
2729 4764 2941 4819 dixisse
2978 4781 2992 4816 :
3023 4764 3131 4819 Vos
3161 4765 3562 4833 aliquantulum
3584 4766 3653 4821 de

2073 4860 2160 4913 via
2208 4857 2596 4921 declinantes,
2640 4863 2832 4925 parate
2876 4855 3013 4909 mihi
3062 4855 3398 4911 dormitandi
3440 4857 3648 4911 locum.

2074 4953 2195 5018 Quo
2224 4950 2390 5016 facto,
2431 4956 2488 5003 et
2535 4948 2698 5002 beato
2730 4948 2847 5002 viro
2878 4945 3029 5001 humi
3082 4961 3338 5001 somnum
3377 4947 3653 5017 capiente,

2077 5042 2356 5099 somnium
2382 5039 2722 5096 eidivinitus
2750 5039 3057 5094 immissum
3083 5038 3317 5109 obtigit;
3350 5039 3406 5093 in
3441 5039 3657 5094 somnio

2079 5142 2263 5189 autem
2295 5130 2615 5201 huiusmodi
2656 5129 2837 5185 visio:
2881 5128 3179 5189 Videbatur
3213 5128 3317 5186 sibi
3364 5129 3659 5200 quemdam

2081 5240 2312 5282 cernere
2341 5223 2712 5287 sacerdotem,
2747 5220 2919 5285 veluti
2952 5234 3109 5283 sacro
3146 5230 3345 5275 ornatu
3383 5221 3659 5287 indutum,

2078 5318 2298 5389 sibique
2355 5322 2625 5371 astantem
2680 5321 2738 5381 et
2787 5312 3158 5383 fugamillam
3207 5311 3655 5381 exprobrantem,

2080 5418 2246 5479 atque
2297 5417 2357 5461 ut
2403 5404 2472 5460 ad
2508 5404 2908 5459 monasterium
2954 5401 3165 5465 rediret
3200 5400 3538 5481 hortantem,
3576 5402 3662 5456 in-

2083 5496 2292 5554 effabili
2324 5495 2421 5550 Dei
2456 5493 2850 5550 misericordia:
2903 5493 3163 5550 fidentem
3197 5509 3210 5545 :
3248 5501 3415 5563 atque
3469 5505 3529 5547 ut
3568 5509 3662 5549 ca-

2085 5596 2241 5646 veret
2273 5586 2572 5657 quominus
2599 5586 2751 5641 illum
2789 5586 3243 5656 pusillanimitate
3270 5600 3366 5638 sua
3400 5584 3661 5645 irritaret,

2080 5682 2175 5753 qui
2215 5691 2435 5733 manum
2494 5691 2647 5732 suam
2701 5676 2900 5746 aperit,
2932 5684 2999 5730 et'
3029 5675 3215 5745 implet
3251 5684 3414 5728 omne
3458 5669 3655 5758 animal

3238 5767 3307 5825 16
