4122 6212
393 277 499 342 495

1420 271 1642 331 LUC/Ii
1681 275 1719 329 Α
1732 271 1996 330 BBATIS
2035 270 2648 330 CRYPTOFERRAT.

3539 267 3642 331 496

461 391 546 446 ill.
589 389 704 444 Jain
731 384 859 456 quia
890 383 1180 454 oportebat
1217 382 1396 452 ipsum
1426 399 1643 452 quoque
1671 383 1962 437 Bai-tholo-

2143 381 2229 438 ib’.
2279 383 2498 452 Ἐπειδὴ
2536 383 2592 434 δὲ
2624 381 2730 435 ἔδει
2777 383 2868 435 καὶ
2901 382 3084 448 αὐτὸν,
3124 383 3216 437 τὸν
3262 383 3462 455 δρόμον
3495 387 3646 440 τελέ-

387 501 604 547 ιιςαειηιι,
625 496 788 536 cursu
820 487 1201 535 consummato
1228 487 1283 530 et
1316 475 1519 542 fide,ut
1543 479 1619 532 ait
1641 477 1802 532 divus
1825 478 1964 531 Pau-

385 582 495 646 lus,
524 583 736 633 servata
765 576 806 636 ⁸,
834 569 1197 639 complurium
1229 571 1476 624 laborum
1505 579 1667 638 atque
1700 569 1962 623 sudorum

391 675 555 727 tinem
585 669 786 728 facere,
823 679 886 718 ac
915 663 1139 725 resolvi,
1167 673 1223 717 et
1250 678 1370 718 esse
1402 679 1526 716 cum
1559 662 1782 717 Christo
1829 663 1872 724 ⁸,
1909 670 1965 716 et

388 761 620 818 vivificae
642 755 901 812 Trinitati
934 755 1280 824 prmsentari,
1307 755 1362 808 in
1388 771 1514 810 eum
1549 753 1805 808 morbum
1823 751 1964 806 inci-

388 855 487 918 dit,
519 867 631 922 quo
656 850 878 905 beatum
911 847 1122 902 exitum
1171 847 1406 916 adeptus
1455 856 1561 901 est.
1611 846 1733 916 Ipsa
1779 853 1964 898 autem

388 946 498 1009 die,
529 957 639 1012 qua
671 939 740 994 de
773 939 876 992 hoc
915 937 1272 990 tabernaculo
1295 936 1630 1006 migraturus
1659 944 1799 1000 erat,
1837 950 1956 988 mo-

388 1033 601 1090 nachus
628 1027 886 1103 quidam,
927 1029 1148 1082 nomine
1191 1026 1476 1091 Leontius,
1521 1025 1789 1097 dignitate
1839 1039 1964 1094 pre-

388 1122 574 1196 sbyter
625 1133 682 1180 et
729 1121 874 1176 inter
937 1117 1256 1174 monasterii
1323 1118 1618 1188 primates,
1681 1115 1968 1171 matutinis

389 1214 611 1288 hymnis
647 1212 716 1268 de
763 1225 917 1266 more
954 1209 1116 1263 linem
1155 1207 1510 1270 habentibus,
1543 1221 1738 1261 somno
1769 1221 1828 1260 se
1861 1214 1970 1258 tra-

390 1313 546 1370 dens.
563 1319 754 1360 vocem
772 1302 984 1358 audivit
1001 1299 1225 1355 tonitrui
1246 1299 1500 1362 similem,
1518 1313 1640 1368 qua:
1661 1298 1735 1352 ita
1755 1297 1968 1354 aiebat:

401 1413 418 1446 ι
483 1395 712 1449 Paratus
757 1401 844 1446 est
893 1390 1039 1445 Patri
1097 1388 1496 1443 Bartholomaao
1553 1387 1784 1442 thronus
1843 1403 1969 1456 per-

396 1491 617 1556 petuus.
659 1502 677 1535 ι
717 1483 928 1537 Pavore
953 1479 1043 1534 ille
1068 1489 1360 1548 correptus
1405 1486 1544 1533 etex
1575 1478 1712 1532 cella
1743 1477 1883 1532 saltu
1914 1492 2000 1532 se-

393 1576 731 1647 proripiens,
763 1572 1188 1644 percontabatur
1218 1579 1575 1624 occurrentes
1611 1583 1742 1622 num
1777 1577 1833 1623 et
1870 1567 1972 1638 ipsi

391 1678 584 1722 vocem
617 1667 764 1720 illam
795 1663 1080 1719 audissent
1111 1681 1124 1718 :
1157 1663 1361 1732 quibus
1393 1661 1746 1732 negantibus,
1783 1661 1970 1730 Atqui,

392 1757 574 1827 inquit
604 1756 717 1818 ille,
743 1769 934 1809 vocem
957 1752 1225 1825 ejusmodi
1249 1752 1469 1806 Tusculi
1492 1767 1710 1822 quoque
1729 1752 1972 1806 auditam
2009 1740 2050 1799 Β

391 1849 666 1904 existimo.
697 1846 948 1900 Profecto
972 1859 1035 1899 ea
1061 1860 1165 1900 vox
1199 1856 1388 1914 parata
1418 1853 1609 1898 sancto
1669 1843 1786 1896 viro
1829 1843 1972 1898 bona

391 1949 449 1994 et
493 1937 722 2007 gloriam
764 1951 872 2006 qua
922 1951 1046 1988 mox
1083 1935 1362 2004 petiturus
1411 1943 1550 1996 erat,
1589 1933 1750 1988 nobis
1799 1934 1972 2004 signi-

395 2028 610 2084 ficabat.
641 2027 870 2096 Jamque
899 2025 988 2080 die
1020 2025 1344 2089 inclinante,
1372 2025 1565 2079 beatus
1587 2023 1673 2078 vir
1698 2024 1764 2077 ad
1792 2025 1973 2078 Domi.

394 2137 524 2176 num
549 2121 822 2192 migravit.
843 2120 909 2174 Et
926 2135 1075 2174 nunc
1103 2119 1159 2173 in
1179 2117 1334 2172 cmlis
1356 2124 1462 2184 est,
1484 2117 1766 2186 Deumque
1794 2114 1975 2171 cernit

395 2225 450 2270 et
480 2215 768 2269 cernitur:
804 2213 975 2268 Deum
1018 2213 1186 2266 cernit
1237 2210 1495 2265 videlicet
1535 2225 1699 2279 quem
1743 2211 1969 2272 amavit,

397 2305 489 2360 cui
518 2305 825 2372 inservivit,
855 2319 1020 2374 quem
1057 2302 1306 2373 proxime
1333 2301 1555 2356 adstans
1577 2317 1673 2372 pro
1699 2301 1858 2354 nobis
1879 2299 1974 2354 de.

397 2403 620 2467 precatu
632 2414 675 2451 r.

473 2678 556 2731 20.
587 2681 758 2732 Porro
779 2687 995 2744 :rquum
1023 2687 1132 2728 non
1153 2681 1257 2740 est,
1289 2671 1636 2737 miraculum,
1672 2679 1792 2741 post
1830 2671 1976 2726 illius

402 2771 699 2826 transitum
721 2769 957 2835 editum,
977 2767 1244 2822 indictum
1271 2765 1713 2836 praetermittere,
1743 2781 1974 2834 praeser-

401 2863 500 2917 tim
545 2862 674 2930 quia
719 2859 838 2914 voci
881 2874 912 2912 a
960 2858 1232 2912 monacho
1289 2857 1522 2910 Leontio
1561 2855 1760 2908 auditae
1808 2855 1977 2924 a-qui-

404 2953 594 3024 pollet,
631 2952 794 3021 eique
842 2949 1005 3005 fidem
1054 2947 1362 3003 continuat.
1399 2949 1553 3002 Alius
1607 2947 1826 3017 quidam
1859 2962 1977 3000 mo-

404 3043 640 3103 nachus.
689 3041 936 3096 Francus
991 3039 1238 3107 nomine,
1289 3039 1342 3093 in
1386 3038 1642 3093 morbum
1699 3039 1977 3109 delapsus,

405 3143 660 3198 mortem,
691 3143 746 3186 ut
775 3132 1215 3202 videbatur,jam
1241 3131 1568 3201 Oppetebat;
1603 3141 1658 3186 et
1681 3145 1811 3186 voce
1843 3129 1981 3185 defi-

403 3227 604 3290 ciente,
657 3203 992 3280 exstinctus.
1025 3223 1348 3294 apparebat,
1407 3225 1526 3276 sine
1588 3221 1972 3292 respiratione,

401 3319 522 3374 sine
551 3327 725 3378 motu,
757 3315 963 3370 nullam
986 3316 1210 3370 vitalem
1230 3314 1546 3369 facultatem
1573 3329 1685 3383 prae
1701 3329 1760 3367 se
1777 3311 1979 3368 ferens.

405 3406 568 3461 Facto
588 3405 772 3474 itaque
807 3403 1064 3469 fratrum,
1096 3413 1155 3456 ut
1178 3417 1299 3457 mos
1321 3412 1429 3467 est,
1465 3417 1761 3466 concursu,
1783 3411 1838 3456 et
1862 3402 1984 3456 aliis

403 3501 625 3571 quidem
681 3499 1064 3555 tumulandum
1094 3499 1430 3564 dicentibus,
1473 3499 1597 3552 aliis
1637 3498 1691 3552 id
1719 3497 1984 3552 difleren-

403 3591 712 3657 tibus,dies
739 3593 847 3660 iam
876 3590 1026 3646 nocti
1051 3589 1489 3659 prepinquabat;
1517 3589 1605 3642 ille
1626 3589 1984 3644 nihilominus

401 3692 658 3736 mortuus
707 3680 1021 3734 videbatur.
1073 3681 1443 3745 Quamobrem
1495 3680 1784 3734 funebrem
1819 3680 1984 3733 lotio-

405 3787 532 3827 ncm
582 3769 964 3842 aggredientes
987 3810 1003 3833 ,
1040 3770 1170 3823 dum
1200 3771 1256 3824 in
1296 3786 1421 3825 eum
1457 3786 1655 3841 aquam
1693 3771 1985 3840 injicerent

403 3869 470 3921 et'
515 3866 646 3920 hinc
695 3862 825 3919 inde
872 3871 1280 3923 converterent,
1305 3875 1534 3932 repente
1567 3870 1838 3927 mortuus,
1873 3861 1982 3932 jam

407 3959 568 4014 vivus
595 3963 750 4024 erat;
785 3963 842 4010 et
876 3955 970 4025 qui
1010 3955 1176 4024 paulo
1197 3963 1322 4008 ante
1363 3962 1570 4015 mutus,
1606 3967 1754 4006 nunc
1787 3954 1984 4022 loque-

408 4046 590 4111 batur,
619 4045 979 4115 lavantesque
1016 4043 1427 4113 reprehendens
1457 4043 1640 4096 aiebat
1659 4043 1799 4098 :Cur
1825 4042 1982 4106 mihi,

406 4137 626 4198 fratres.
664 4137 774 4191 vim
806 4135 1024 4190 facitis?
1057 4137 1168 4190 (Zur
1213 4150 1300 4190 me
1345 4138 1586 4189 suaviter
1617 4135 1982 4189 dormientem

403 4227 730 4284 excitastis?
761 4227 937 4298 Hique
982 4227 1049 4282 ad
1107 4227 1258 4281 illum
1299 4226 1616 4281 :Mortuum
1675 4236 1724 4280 te
1773 4227 1982 4298 integra

405 4320 496 4376 die
523 4320 848 4390 conspicati,
871 4334 1018 4374 nunc
1039 4317 1222 4374 lavare
1249 4318 1546 4372 voluimus.
1563 4317 1777 4372 Rursus
1799 4327 1982 4372 autem

405 4407 500 4479 qui
526 4401 1070 4479 jacebat,disserere
1121 4408 1328 4476 caspit:
1362 4405 1491 4477 Ego,
1539 4407 1656 4460 sive
1682 4405 1736 4460 in
1755 4420 1984 4475 corpore

405 4501 603 4554 fuerim
673 4501 785 4555 sive
827 4509 981 4554 extra
1021 4513 1244 4568 corpus,
1281 4498 1528 4552 videbam
1561 4512 1646 4552 me
1677 4498 1982 4552 solitarium

409 4589 476 4642 ad
505 4589 800 4660 quemdam
834 4603 1063 4660 pergere
1090 4587 1292 4649 locum,
1324 4586 1540 4640 duabus
1571 4601 1655 4640 ine
1679 4586 1989 4656 przccedcn-

409 4681 558 4734 tibus
613 4679 919 4744 columbis;
977 4693 1208 4748 quarum
1265 4693 1370 4731 una
1427 4677 1573 4742 alba,
1603 4677 1773 4732 altera
1811 4678 1985 4746 nigra,

407 4769 878 4826 circumvolabant
929 4784 1048 4833 me;
1085 4769 1206 4823 alba
1248 4767 1469 4837 quidem
1495 4767 1864 4831 dextrorsum,
1905 4771 1990 4820 ni-

407 4877 502 4931 gra
529 4861 926 4916 sinistrorsum.
959 4859 1049 4915 Sic
1081 4873 1213 4930 ergo
1239 4858 1609 4929 praeeuntibus
1637 4859 1764 4924 illis,
1793 4875 1988 4929 meque

408 4953 800 5022 subsequente,
832 4953 887 5006 in
915 4965 1168 5022 campum
1205 4950 1498 5020 quemdam
1521 4949 1866 5011 devenimus,
1901 4949 1982 5002 in-

406 5043 708 5098 enarrabili
739 5045 862 5098 luce
883 5042 1250 5116 etfragrantia
1273 5041 1494 5111 plenum
1519 5056 1534 5105 ;
1563 5055 1674 5110 quo
1709 5040 1764 5093 in
1795 5053 1987 5108 eampo

406 5136 538 5190 dum
565 5138 752 5192 animo
798 5136 1162 5200 attenderem,
1210 5135 1426 5189 Patrem
1466 5141 1717 5188 nostrum
1751 5141 1985 5186 stantem

407 5228 688 5298 conspexi,
727 5227 983 5297 circaque
1029 5242 1153 5282 eum
1199 5241 1501 5297 pauperum
1552 5225 1984 5289 multitudinem,

405 5320 608 5389 quibus
652 5320 740 5374 ille
782 5335 979 5389 panem
1035 5318 1424 5389 elargiebatur.
1474 5317 1612 5374 Cum
1637 5328 1819 5373 autem
1851 5332 1988 5372 con-

407 5425 566 5464 verso
621 5410 782 5465 oculo
833 5425 920 5464 me
953 5410 1221 5464 vidisset:
1259 5410 1401 5476 Quid
1455 5411 1571 5482 agis
1626 5410 1736 5475 hic,
1785 5408 1985 5480 inquit,

407 5501 658 5557 France?
679 5501 871 5570 quisve
903 5510 955 5556 te
983 5501 1102 5571 huc
1126 5502 1393 5558 adduxit?
1423 5504 1538 5574 Ego
1559 5519 1689 5559 vero
1716 5502 1817 5566 illi,
1851 5517 1988 5570 quo-

479 5702 498 5734 ⁵
524 5699 562 5756 ll
593 5699 734 5757 Titn.
770 5717 842 5769 tv,
879 5703 929 5757 7.
1007 5704 1027 5735 '
1055 5701 1290 5774 Philipp.
1325 5717 1364 5769 ι,
1396 5703 1483 5759 25.

2071 494 2240 530 σαντα
2273 476 2368 528 καὶ
2392 475 2490 544 τὴν
2529 473 2729 538 πίστιν,
2767 477 2906 528 κατὰ
2943 475 3036 528 τὸν
3079 475 3366 530 θεσπέσιον
3412 477 3642 542 Παῦλον,

2067 569 2410 636 τηρήσαντα,
2436 566 2544 618 τῶν
2568 566 2776 619 πολλῶν
2801 567 2977 620 πόνων
3006 570 3099 622 καὶ
3129 567 3370 638 ἱδρώτων
3396 569 3642 640 λυθῆναι,

2068 659 2336 711 ἁπιλῠσαί
2366 675 2448 723 τε,
2482 659 2580 712 καὶ
2605 660 2702 712 σὺν
2733 659 2955 730 Χριστῷ
2980 657 3120 712 εἶναι
3151 661 3245 714 καὶ⁸
3275 663 3340 730 τῇ
3365 661 3646 733 ζωαρχικῇ

2070 751 2263 818 Τριὰδι
2296 749 2685 822 παρίστασθαι,
2717 749 2857 820 νόσῳ
2901 750 3246 820 περιπίπτει,
3283 753 3340 804 ἐν
3451 751 3514 804 τὸ
3545 769 3648 821 μα-

2070 843 2262 912 κάριον
2302 843 2454 906 τέλος
2498 841 2734 907 ἐδέξατο.
2785 843 2932 912 Αὐτῇ
2976 843 3032 896 δὲ
3061 846 3125 914 τῇ
3162 843 3369 915 ἡμέρᾳ,
3413 838 3645 916 ὲνῇτοῦ

2073 937 2304 1004 σκήνους
2332 935 2592 1006 ἐκδημεῖν
2617 919 2832 1005 ἔμελλε,
2866 936 3101 1006 μοναχὸς
3122 953 3206 995 τις
3229 936 3456 1006 ὀνόματι
3484 937 3650 990 Λιόνυ

2071 1045 2206 1092 τιος,
2237 1026 2610 1098 πρεσϐύτερός
2639 1045 2698 1080 τε
2731 1027 2830 1100 τὴν
2867 1027 3028 1092 ἀξίαν
3058 1028 3152 1080 καὶ
3181 1027 3289 1082 τῶν
3320 1029 3378 1080 ὲν
3415 1031 3480 1098 τῇ
3511 1031 3647 1098 μονῇ

2071 1121 2141 1174 τὰ
2171 1122 2364 1192 πρῶτα
2397 1121 2694 1191 φερόντων,
2730 1121 2840 1174 τῶν
2869 1121 3137 1192 ὀρθρινῶν
3169 1120 3375 1191 ὓμνων,
3402 1119 3478 1182 ὡς
3507 1120 3647 1181 ἔθος,

2073 1215 2248 1284 πέρας
2304 1201 2610 1280 λαϐόντων,
2647 1213 2800 1285 ὕπνῳ
2848 1213 3038 1267 ἑαυτὸν
3080 1213 3412 1277 ἐκδεδωκὼς,
3467 1213 3650 1280 φωνῆς

2074 1309 2265 1360 ἀκούει
2318 1309 2514 1378 βροντῇ
2558 1306 2984 1378 παραπλησίας·
3016 1307 3050 1377 ἡ
3090 1305 3148 1359 δὲ
3174 1305 3325 1375 φωνὴ
3359 1305 3486 1358 τάδε
3525 1303 3652 1374 ἐδή-

2074 1401 2168 1454 λου
2191 1417 2204 1430 ·
2245 1419 2265 1452 ι
2316 1402 2678 1468 Ἠτοίμασται
2715 1401 2792 1470 τῷ
2839 1400 3017 1470 Πατρὶ
3049 1397 3439 1470 Βαρθολομαίῳ
3465 1397 3652 1466 θρόνος

2074 1491 2373 1562 ἀδιάδοχος.
2415 1511 2434 1545 ι
2463 1492 2768 1564 Σύντρομος
2799 1491 2892 1546 οὖν
2933 1490 3246 1560 γενόμενος,
3286 1491 3379 1544 καὶ
3407 1490 3504 1558 τῆς
3537 1488 3634 1543 κέλ

2075 1588 2174 1658 λης
2219 1586 2484 1652 ἀναστὰς,
2541 1588 2637 1638 καὶ
2685 1586 2886 1657 ἅλματι
2932 1587 3269 1656 ἐκπηδήσας.
3312 1585 3476 1654 ἤρετο
3523 1583 3651 1643 τοὺς

2077 1679 2624 1750 παρατυγχάνοντας,
2675 1683 2722 1732 εί
2776 1681 2872 1733 καὶ⁵
2919 1679 3078 1732 αὐτοὶ
3128 1679 3226 1748 τῆς
3269 1675 3453 1746 φωνῆς
3512 1677 3654 1744 ἠκη-

2078 1773 2327 1836 κόεισανς
2363 1772 2484 1826 Τῶν
2515 1771 2572 1824 δὲ
2623 1770 2788 1842 μηδὲν
2832 1771 3130 1839 ἀκηκοέναι
3171 1762 3482 1839 φησάντων,
3514 1768 3656 1818 ἐκεῖ·

2076 1880 2185 1927 νος.
2235 1864 2344 1916 Καὶ
2375 1863 2508 1936 μὴν,
2553 1861 2684 1932 ἔφη,
2710 1865 2769 1915 ἐν
2805 1865 2870 1933 τῇ
2910 1859 3291 1932 Τουσκουλάνῃ
3333 1858 3430 1925 τὴν
3473 1854 3655 1926 φωνὴν

2076 1957 2293 2027 ἐκείνην
2344 1945 2553 2025 νομίζω
2609 1955 3020 2025 ἁκουτισθῆναι.
3083 1954 3192 2007 Καὶ
3243 1949 3418 2005 ταῦτα
3468 1949 3568 2018 μὲν
3620 1951 3652 2018 ἡ

2076 2047 2252 2116 φωνὴ,
2277 2047 2346 2100 τὰ
2368 2047 2446 2118 τῷ
2477 2047 2616 2117 ἁγίῳ
2649 2045 3042 2116 ἑτοιμασθέντα
3070 2042 3274 2111 ἀγαθὰ,
3309 2043 3400 2096 καὶ
3429 2036 3500 2113 ἧς
3527 2043 3658 2094 ἀπο-

2077 2138 2261 2192 λαϐεῖν
2291 2137 2358 2209 If.
2404 2137 2726 2210 ἀπολαύειν]
2755 2138 2948 2208 ἔμελλε
2979 2138 3136 2207 δόξης
3173 2139 3268 2191 καὶ
3302 2135 3436 2204 ἡμῖν
3487 2135 3658 2186 κατὰ·

2076 2230 2211 2300 δηλα
2241 2228 2492 2284 ποιοῦσα.
2535 2229 2780 2300 Ἡμέρας
2811 2229 2868 2280 δὲ
2895 2227 2998 2300 ήδη
3031 2226 3344 2295 κλινούσης,
3375 2226 3470 2278 καὶ
3495 2226 3524 2279 6
3553 2240 3658 2294 μα·

2079 2325 2267 2392 κὰριος
2309 2323 2444 2392 πρὸς
2493 2315 2698 2394 Κύριον
2729 2319 3098 2392 ὲξεδήμησεν·
3141 2321 3235 2374 καὶ
3283 2318 3378 2373 νῦν
3421 2319 3569 2372 ἐστιν
3597 2318 3658 2368 ὲν

2077 2417 2191 2478 τοῖς
2223 2415 2474 2484 οὐρανοῖς
2499 2413 2634 2467 Θεὸν
2655 2414 2796 2485 ὁρῶν
2825 2415 2917 2467 καὶ
2940 2414 3238 2482 ὁρώμενος,
3265 2413 3324 2466 ὃν
3345 2411 3656 2481 ἠγάπησεν,

2079 2507 2138 2558 ὂν
2171 2507 2564 2577 ἐθεράπευσεν,
2597 2499 2640 2573 ᾧ
2673 2506 2768 2558 καὶ
2797 2505 3115 2575 ἐντυγχάνει
3145 2505 3362 2574 ἀμέσω;
3393 2501 3489 2564 τὰς
3514 2500 3655 2570 ὑπὲρ

2083 2602 2236 2672 ἡμῶν
2267 2600 2548 2671 ἱκετηρίας
2577 2598 2917 2669 ποιούμενος.

2151 2692 2218 2746 κ’.
2251 2695 2327 2747 Οὐ
2374 2693 2582 2747 δίκαιον
2636 2693 2691 2746 δὲ
2734 2692 2796 2744 τὺ
2844 2691 2981 2759 μετὰ
3031 2691 3129 2760 τὴν
3177 2689 3346 2744 αὑτοῦ
3393 2688 3658 2758 ἐκδημίαν

2080 2786 2372 2856 γενόμενον
2407 2784 2592 2854 θαῦμα
2622 2784 2870 2854 παριδεῖν
2898 2783 3212 2854 ἀδιήγητον,
3238 2785 3301 2853 τῇ
3333 2783 3487 2851 φωνῇ
3523 2781 3658 2850 μᾶλ-

2080 2876 2191 2938 λον,
2216 2879 2281 2946 τῇ
2306 2875 2384 2944 τῷ
2425 2874 2647 2946 μονα.χῷ
2675 2874 2912 2942 Λεοντίῳ
2949 2871 3357 2944 ἀκουτισθείσῃ,
3410 2871 3656 2924 ἰσοδυνα-

2083 2969 2240 3039 μοῦν,
2289 2969 2382 3020 καὶ
2429 2967 2603 3040 ταύτῃ
2648 2965 2808 3020 τοῦτο
2855 2964 3235 3034 πιστούμενον.
3297 2963 3520 3032 ’Έτερὸς
3575 2979 3657 3025 τις

2089 3063 2342 3132 μοναχὸς,
2380 3061 2632 3131 Φράγγος
2675 3059 2986 3130 λεγόμενος,
3029 3057 3282 3127 ἀσθενείᾳ
3324 3054 3657 3126 περιπεσὼν,

2085 3157 2146 3208 τὸ
2178 3153 2376 3226 χρεὼν,
2406 3154 2480 3218 ὡς
2521 3154 2720 3216 ἐδόκει,
2763 3151 2996 3222 ἀπῄτει·
3032 3151 3126 3202 καὶ
3160 3149 3256 3218 τῆς
3295 3149 3476 3216 φωνῆς
3511 3146 3662 3215 αὐτῷ

2085 3247 2436 3318 ἐκλιπούσης,
2476 3245 2670 3316 νεκρὸς
2705 3246 2936 3316 ἑωρᾶτο,
2971 3244 3197 3304 ἄπνους,
3247 3241 3522 3309 ἀκίνητος.
3557 3255 3660 3306 μη-

2083 3342 2278 3412 δεμίαν
2313 3339 2551 3408 ζωτικὴν
2583 3337 2816 3408 δύναμιν
2864 3336 3168 3406 ἐμφαίνων.
3217 3331 3530 3402 Συνδρομῆς
3565 3325 3658 3381 οὖν

2086 3435 2192 3486 τῶν
2243 3430 2516 3501 ἀδελφῶν,
2567 3431 2644 3494 ὡς
2701 3428 2865 3492 εἰκὸς,
2901 3427 3226 3496 γενομένης,
3271 3428 3364 3476 καὶ
3403 3423 3512 3475 τῶν
3557 3421 3656 3491 μὲν

2083 3526 2231 3594 ταφῇ
2262 3521 2618 3592 παραδιδόναι
2648 3521 2940 3588 λεγόντων,
2969 3517 3078 3572 τῶν
3111 3517 3168 3571 δὲ
3201 3515 3294 3570 ἐπὶ
3321 3513 3495 3584 τούτῳ
3527 3516 3658 3567 ἁνα-

2086 3616 2453 3686 6αλλομένων,
2483 3616 2516 3684 ὴ
2556 3615 2655 3685 μὲν
2701 3613 2886 3684 ἡμέρα
2934 3613 3058 3676 ταῖς
3101 3612 3298 3680 ἀρχαῖς
3331 3609 3428 3680 τῆς
3467 3606 3661 3668 νυκτὸς

2086 3709 2186 3779 ἤδη
2222 3707 2551 3777 ἐπλησίαζεν
2570 3723 2584 3736 θ
2611 3709 2640 3760 6
2663 3706 2915 3775 κείμενος
2939 3704 2997 3756 δὲ
3025 3700 3180 3764 αὖθις
3209 3701 3400 3771 νεκρὸς
3432 3701 3659 3770 ἑωρᾶτο.

2087 3801 2291 3854 Λοῦσαι
2329 3801 2510 3854 τοίνυν
2544 3799 2706 3852 αὑτὸν
2741 3797 2802 3850 τὸ
2847 3796 3134 3866 ἐπιτάφιον
3177 3793 3658 3866 προθυμηθέντων,

2087 3894 2162 3957 ὡς
2191 3893 2252 3947 τὸ
2291 3892 2436 3963 ὕδωρ
2484 3891 2634 3960 αὐτῷ
2675 3889 2890 3953 ἔϐαλον,
2933 3887 3028 3942 καὶ
3073 3887 3460 3957 περιστρέφειν
3511 3885 3663 3936 ἔνθεν

2088 3985 2343 4038 κάκεῖθεν
2397 3981 2718 4054 ἐπειρῶντο,
2771 3983 2923 4049 ἄφνω
2965 3979 2994 4031 6
3053 3978 3244 4044 νεκρὸς
3297 3975 3406 4040 ζῶν
3433 3972 3518 4044 ἦν.
3568 3974 3665 4024 καὶ

2089 4078 2155 4150 [ί.
2207 4078 2332 4130 add.
2363 4074 2417 4146 ὁ]
2449 4074 2553 4144 πρὸ
2608 4072 2809 4142 μικροῦ
2855 4073 3089 4140 ἄφωνος,
3136 4068 3312 4121 λαλῶν
3361 4067 3658 4126 ἐδείκνυτο,

2089 4170 2180 4220 καὶ
2211 4167 2320 4228 τοῖς
2345 4165 2596 4218 λούουσιν
2619 4163 3066 4234 ἐπιμεμφόμενος
3089 4159 3240 4228 ἔλεγε
3257 4177 3270 4190 ·
3301 4158 3365 4212 Τί
3396 4175 3486 4228 με,
3505 4157 3662 4210 ἁδελ-

2091 4261 2201 4328 φοὶ,
2225 4257 2410 4328 βιᾶσαι
2437 4258 2866 4328 ἐπεχειρήσατες
2899 4254 2999 4306 Διὰ
3017 4255 3070 4307 τί
3092 4254 3148 4308 δέ
3171 4269 3236 4323 με
3260 4252 3431 4323 ἡδέως
3455 4248 3666 4302 ὑπνώτ-

2089 4368 2250 4404 τοντα
2298 4347 2668 4414 διυπνύσατε;
2721 4348 2783 4401 OE
2818 4346 2875 4400 δὲ
2917 4346 3056 4416 πρὸς
3091 4345 3284 4400 αὐτόν·
3343 4342 3554 4414 Νεκρὸν
3606 4357 3664 4393 σε

2015 4447 2064 4506 D
2091 4445 2220 4510 ὃλην
2250 4443 2348 4512 τὴν
2395 4441 2608 4512 ἡμέραν
2661 4439 2971 4509 βλέποντες,
3011 4436 3128 4490 νυνὶ
3159 4433 3351 4489 λοῦσαι
3387 4431 3666 4503 διενοήθη-

2095 4552 2216 4606 μεν.
2274 4531 2441 4595 Αὖθις
2489 4527 2582 4586 οὖν
2621 4533 2651 4584 ὁ
2692 4531 2942 4602 κείμενος
2985 4525 3288 4597 διηγεῖσθαι
3351 4523 3664 4593 ἀπήρξατο·

2105 4625 2266 4694 Ἐγὼ,
2324 4625 2434 4678 εἴτε
2493 4622 2742 4693 ἐνδημῶν
2794 4622 2905 4674 εἴτε
2952 4617 3202 4688 ἐκδημῶν
3245 4613 3340 4668 τοῦ
3390 4611 3664 4682 σώματος,

2093 4717 2281 4788 ἐώρων
2324 4702 2569 4785 ’ἐμαυτὸν
2598 4715 2657 4766 ἐν
2702 4730 2809 4766 τινι
2854 4713 3004 4782 τόπῳ
3041 4709 3202 4780 μόνον
3254 4705 3622 4776 πορευόμενον
3648 4719 3662 4732 ·

2089 4813 2184 4868 δύο
2213 4811 2272 4865 δὲ
2318 4809 2648 4882 περιστερὰς
2692 4808 3173 4880 προπορευομένας
3223 4817 3348 4872 μου,
3379 4793 3454 4854 ὧν
3488 4802 3522 4869 ὴ
3565 4797 3669 4868 μὲν

2095 4909 2191 4978 μία
2238 4907 2428 4977 λευκὴ,
2481 4905 2684 4975 θατέρα
2735 4904 2792 4957 δὲ
2827 4901 3077 4974 μέλαινα,
3109 4897 3470 4970 περιῖπταντό
3512 4895 3666 4966 με,ἠ

2094 4999 2192 5068 μὲν
2251 4995 2422 5064 λευκὴ
2467 4995 2638 5060 δεξιὰ,
2672 4995 2706 5064 ὴ
2737 4993 2793 5046 δὲ
2828 4991 3057 5061 μέλαινα
3097 4988 3154 5055 ἐξ
3199 4985 3524 5056 ἀριστερῶν.
3558 4985 3668 5038 OG-

2089 5107 2196 5153 τως
2227 5085 2320 5143 οὖν
2346 5090 2570 5142 ἐκείνων
2607 5083 3126 5157 προ-πορευομένων,
3168 5079 3347 5149 κάμοῦ
3375 5078 3665 5148 ἑπομένου,

2091 5183 2148 5236 ἐν
2176 5201 2283 5235 τινι
2333 5181 2497 5253 χώρῳ
2525 5180 2966 5250 κατηντήσαμεν,
2990 5178 3019 5230 6
3058 5175 3116 5229 δὲ
3153 5173 3330 5244 χῶρος
3361 5171 3534 5240 φωτὸς
3569 5171 3668 5240 ἀρ-

2095 5277 2260 5346 ρήτου
2311 5275 2403 5326 καὶ
2455 5271 2682 5334 εὐωῖίας
2726 5269 3058 5339 ὲπέπληστο,
3106 5269 3164 5320 ὲν
3193 5259 3239 5334 ᾧ
3290 5263 3453 5334 χώρῳ
3495 5276 3668 5330 προσ-

2092 5364 2367 5434 εσχηκὼς,
2409 5364 2502 5417 τὸν
2555 5361 2778 5432 Πατέρα
2827 5360 2985 5430 ἡμῶν
3032 5355 3298 5424 τεθέαμαι
3345 5355 3664 5422 ἱστάμενον·

2096 5455 2283 5526 κύκλῳ
2315 5455 2372 5508 δὲ
2421 5453 2592 5508 αὑτοῦ
2648 5452 2855 5521 πλῆθος
2885 5451 3160 5520 πενήτων,
3210 5447 3376 5501 αὑτὸν
3413 5445 3472 5498 δὲ
3502 5442 3667 5514 μέσον

2093 5551 2192 5617 τὴν
2228 5550 2383 5618 χεῖρα
2415 5545 2746 5608 ἐκτείνοντα,
2781 5545 2875 5598 καὶ
2905 5544 2980 5608 ὡς
3010 5543 3074 5614 δὴ
3105 5536 3539 5611 ἐπιχορηγοῦντα
3564 5532 3664 5586 αὑ-
