4122 6212
395 304 495 369 501

1482 322 1866 385 LAUDATIO
1904 326 1965 387 S.
2005 324 2594 394 BARTHOLOMEI.

3558 345 3660 407 502

396 434 509 470 νειν
558 417 910 489 βουλόμενος·
947 423 974 476 ό
1022 425 1129 496 γὰρ
1167 428 1306 495 μηδὲ
1352 430 1461 485 τῶν
1510 437 1854 504 φαινομένων
1886 439 1981 490 καὶ

2083 437 2334 510 Lydium,
2409 454 2468 498 ut
2516 446 2867 513 proverbium
2924 447 3109 513 habet,
3154 449 3494 509 decurrere:
3534 473 3658 513 cum

398 508 672 576 αἰσθητῷν
702 511 830 574 τοὺς
883 512 1078 580 λόγους
1132 518 1331 573 εἰδέναι
1378 521 1697 593 δυνάμενος,
1741 528 1860 592 πῶς
1892 530 1980 583 διὰ

399 596 649 671 γλώττης
676 600 914 670 ὲκφᾶναι
950 606 1017 658 τὰ
1053 610 1175 661 κατ’
1217 610 1423 666 ἐκεῖνον
1451 614 1542 668 τὸν
1584 616 1796 689 μύστην
1826 638 1979 676 νοου-

403 690 579 758 μένων
622 692 930 762 ἰσχύσειςνς
969 697 1109 752 Ἀλλ’
1145 698 1445 775 ἐπειδήπερ
1475 708 1506 776 ἡ
1541 708 1607 778 σή
1643 726 1709 778 με
1743 711 1976 782 θειότης,

400 780 583 851 Πάτερ
611 785 867 856 πατέρων
898 788 1046 842 κοινὲ
1083 791 1178 845 καί
1208 794 1468 867 ἡμέτερε,
1511 797 1606 853 ἐπὶ
1636 802 1762 862 τοὺς
1786 780 1979 870 λόγους

400 872 625 938 τούτους
646 877 929 947 κεκίνηκε,
948 882 1045 936 καὶ
1066 883 1243 939 ταῦτα
1258 890 1494 958 νοσερῶς
1511 907 1628 956 πως
1656 894 1752 948 καὶ
1779 896 1980 960 ἀθλίως

399 964 495 1018 τοῦ
528 964 783 1036 σώματος
824 970 1040 1042 ἔχοντα,
1072 974 1260 1043 ἔνθους
1302 979 1493 1054 ὥσπερ
1523 1001 1609 1049 τις
1648 986 1868 1056 γίνομαι
1901 989 1979 1060 τῷ

402 1059 553 1128 παρᾶ
604 1062 701 1115 σοῦ
760 1080 853 1134 μοι
906 1068 1200 1137 ἐμπνεόντι
1255 1074 1567 1145 πνεύματι’
1603 1080 1696 1132 καὶ
1746 1059 1979 1151 ἐπείπερ

400 1151 545 1203 κινεί
591 1151 692 1220 μὲν
730 1153 935 1227 βορρᾶς
969 1159 1064 1213 καὶ
1102 1162 1361 1233 ταράττει
1392 1167 1492 1237 τὴν
1537 1167 1834 1237 θάλασσαν,
1865 1174 1899 1241 ἡ
1923 1174 1978 1226 δὲ

402 1244 733 1310 κυμαίνεται
767 1248 862 1299 καὶ
912 1248 1269 1322 διεγείρεταιο
1320 1256 1370 1308 εί
1419 1256 1465 1310 6‘
1504 1258 1700 1327 ἀθρόον
1740 1261 1979 1314 ἐπιλίποι
2050 1265 2056 1271 ’

403 1332 465 1385 τὸ
492 1332 728 1405 πνεῦμα,
760 1338 1088 1395 καθίσταται
1114 1359 1125 1371 ·
1161 1344 1243 1397 δεῖ
1272 1346 1380 1418 γὰρ
1403 1350 1517 1412 τοῖς
1543 1350 1648 1403 ὑπό
1679 1370 1842 1406 τινων
1891 1355 1977 1407 δι-

405 1427 776 1516 εγειρομένοις
806 1431 1063 1502 συνεχοῦς
1084 1435 1184 1505 τῆς
1213 1439 1479 1508 κινήσεως
1500 1458 1514 1471 ο
1552 1442 1642 1494 διὰ
1677 1432 1853 1499 ταῦτά
1886 1463 1976 1516 μοι

405 1515 590 1580 αὐτὸς,
625 1510 670 1571 ὦ
703 1520 887 1593 Πάτερ
917 1525 1013 1577 καὶ
1046 1526 1363 1603 δέσποτα,ἡ
1395 1534 1532 1602 μετὰ
1563 1534 1694 1589 Θεὸν
1729 1536 1835 1607 ἐμὴ
1864 1510 1976 1609 ζωὴ

405 1607 438 1677 ἤ
477 1607 570 1664 καὶ
596 1611 757 1683 πνοὴ,
789 1614 864 1684 μὴ
910 1614 1060 1682 ἅπαξ
1104 1636 1208 1687 μου
1241 1623 1335 1674 τοῦ
1376 1639 1472 1676 σου
1509 1624 1784 1681 θειοτάτου
1821 1607 1976 1682 πνεύέ

408 1713 575 1764 ματος
607 1700 902 1770 ματαδοὺς,
937 1706 1146 1776 ἐπίχεε,
1189 1710 1554 1777 ἀδιαλείπτως
1601 1717 1850 1775 ὲπίπνεε.
1888 1718 1976 1771 ἵνα

406 1804 496 1855 μοι
523 1790 552 1843 6
581 1791 681 1861 τῆς
710 1791 889 1865 ψυχῆς
934 1771 1086 1864 τόνος
1120 1800 1482 1875 εὐτονώτερος
1518 1771 1655 1877 πρὸς
1690 1808 1792 1878 τὴν
1825 1771 1977 1878 έιμιλ-
2006 1771 2053 1828 Β

402 1878 503 1932 λαν
558 1881 816 1953 γένηται·
852 1885 1054 1956 ἅμιλλα
1099 1894 1208 1962 γάρ
1269 1912 1358 1963 μοι
1412 1896 1508 1949 καὶ
1562 1897 1708 1967 μέγα
1766 1901 1979 1956 στάδιον

402 1970 695 2040 ἀνέῳκται.
730 1975 802 2029 Σὺ
833 1976 915 2042 δὲ,
952 1981 1046 2033 καὶ
1084 1984 1131 2034 οἱ
1166 1984 1265 2037 σὺν
1292 1987 1374 2038 σοί
1405 2005 1486 2051 τε,
1522 1991 1615 2043 καὶ
1647 1992 1787 2060 μετὰ
1830 1995 1888 2048 σὲ
1911 1995 1980 2049 τὰ

403 2061 613 2115 ἐκείνου
661 2064 1024 2134 γινώσκοντες
1086 2073 1504 2143 ἀκριϐέστατα,
1567 2081 1817 2154 προκάθῃ
1872 2084 1979 2138 τῶν

400 2152 555 2220 ἐμῶν
606 2154 781 2223 λόγων
827 2160 1100 2233 ἀκροατὴς
1134 2167 1227 2218 καὶ
1275 2166 1606 2240 ὲξεταστής’
1644 2173 1756 2239 ἐγω
1789 2152 1843 2227 δὲ
1891 2175 1979 2229 διὰ

401 2245 562 2298 τοῦτο
606 2246 806 2318 δρόμον
856 2253 1037 2323 τρέχω
1074 2255 1336 2309 διπλοῦν·
1378 2259 1439 2312 τὸ
1479 2260 1599 2330 μὲν,
1645 2264 1724 2333 τῷ
1757 2266 1979 2337 μεγάλῳ

405 2338 647 2393 συνθέων
695 2342 900 2414 Πατρί·
935 2345 995 2399 τὺ
1041 2347 1123 2411 δὲ,
1185 2348 1290 2404 ὑπὸ
1346 2355 1427 2405 σοὶ
1477 2355 1553 2422 τῷ
1609 2357 1817 2410 ἐκείνου
1879 2361 1978 2429 μὲν

404 2431 646 2502 ἐκλεκτῷ
668 2436 762 2487 καὶ
792 2440 1122 2510 πρωτοτόκῳ
1152 2442 1327 2508 παιδὶ,
1360 2446 1417 2497 ὲν
1445 2440 1488 2512 ᾧ
1519 2449 1611 2500 καί
1656 2449 1857 2518 ηὑδόκη
1872 2468 1978 2515 ιεν,

407 2524 659 2596 ἡμετέρῳ
687 2527 743 2580 δὲ
772 2530 941 2600 πατρὶ
968 2532 1063 2584 καὶ
1097 2534 1383 2607 καθηγητῇ
1415 2538 1506 2592 τὸν
1529 2540 1732 2610 δρόμον
1764 2542 1857 2595 τοῦ
1890 2544 1978 2597 λό-

404 2629 501 2679 γου
531 2617 874 2687 ποιούμενος.

474 2803 539 2856 δ’.
575 2805 639 2856 Τί
668 2807 847 2859 τοίνυν
901 2810 994 2861 xxi
1038 2810 1330 2881 δράσομεν.
1384 2814 1627 2883 ἀδελφοὶ,
1679 2819 1829 2872 κάτω
1874 2840 1976 2874 που

405 2894 734 2963 ἐρριμμένοι
765 2900 864 2968 τῆς
905 2900 999 2963 τοῦ
1031 2901 1223 2970 ἀνδρὸς
1255 2904 1589 2975 ἀσυγκρίτου
1623 2910 1979 2981 μεγαλειότη-

404 3002 532 3052 τος;
563 2987 676 3058 Τὴν
719 2988 815 3043 τοῦ
851 2989 1009 3060 λόγου
1051 2993 1229 3062 φλέϐα
1278 2990 1787 3069 ἀναστομώσωμενς
1838 3004 1979 3073 Ἀλλ’

404 3078 541 3148 ὅπερ
588 3080 656 3136 ἂν
690 3083 869 3137 εἰπεῖν
898 3084 1282 3157 δυνηθείημεν,
1329 3084 1496 3159 ἦττον
1552 3093 1762 3146 ἐκείνου
1800 3099 1967 3167 φανήο
2008 3130 2044 3178 ί)

403 3185 581 3233 σεται,
616 3171 712 3225 καὶ
742 3173 945 3243 τρόπον
976 3175 1100 3229 τινὰ
1148 3177 1440 3244 ἀτιμάζειν
1485 3181 1551 3234 τὰ
1585 3183 1796 3236 ἐκείνου
1833 3186 1975 3253 λογι-

407 3259 740 3330 σθησόμεθα.
770 3258 870 3328 Οἷς
895 3267 1003 3336 γὰρ
1018 3268 1117 3321 οὐκ
1130 3267 1520 3339 ὲφικνούμεθα,
1547 3273 1977 3346 καθυϐρίξομεν.

420 3353 577 3408 Ἀλλὰ
600 3357 947 3426 σιγήσωμεν;
984 3358 1095 3412 Καὶ
1132 3360 1236 3413 ποῦ
1258 3363 1351 3430 τῆς
1392 3363 1640 3433 ὑπακοῆς
1677 3369 1709 3436 ἡ
1746 3369 1975 3440 ὑπόσχε-

406 3463 524 3514 σιςς
557 3448 681 3511 Πῶς
710 3449 767 3504 δὲ
810 3450 921 3522 ἄρα
957 3453 1052 3505 καὶ
1089 3451 1187 3523 τὴν
1235 3455 1661 3525 εὐγνωμοσύνην
1709 3461 1974 3526 ἐπιδειξό-

408 3536 583 3604 μεθα;
628 3536 821 3610 Ὁρᾶτε
849 3541 999 3605 ὅπως
1028 3541 1252 3606 διπλοῦς
1288 3547 1422 3613 ἡμῖν
1455 3548 1483 3599 6
1512 3547 1756 3612 κίνδυνος
1781 3552 1975 3606 ἐκατέ-

409 3629 616 3698 ρωθεν’;
662 3632 922 3687 Σκοπεῖτε
964 3633 1113 3698 ὅπως
1154 3637 1250 3690 καὶ
1298 3637 1454 3705 λόγος
1508 3641 1605 3694 καὶ
1663 3646 1845 3712 σιωπὴ
1894 3648 1974 3705 εἰς

406 3722 663 3792 ἐγκλημά
698 3740 787 3794 μοι
821 3724 1181 3792 καθίσταται;
1232 3728 1392 3782 una
1432 3733 1528 3783 καὶ
1570 3730 1745 3796 οὕτως
1776 3736 1974 3788 ταλαν-

406 3814 728 3884 τευόμενος,
792 3818 885 3871 καὶ
947 3816 1091 3872 οὕτω
1146 3822 1639 3892 τρυτανιζόμενος,
1696 3829 1791 3880 καὶ
1847 3831 1973 3900 τῇδε

407 3907 634 3960 κάκεῖσε
678 3910 1129 3980 περιφερόμενος,
1181 3911 1465 3985 θαρρήσας
1513 3914 1589 3976 ὡς
1639 3917 1855 3986 εἴρηται
1896 3921 1974 3991 τῷ

406 3998 771 4070 γαληνωτάτῳ
803 4016 896 4053 σου
922 4003 1216 4072 πνεύματι,
1238 4003 1650 4074 σεὸασμιώτατε
1677 4008 1879 4079 Πάτερ,
1914 4012 1973 4064 τὸ

405 4090 500 4142 τοῦ
551 4091 712 4159 λόγου
745 4093 912 4145 ἱστίον
959 4095 1293 4158 πεποιθότως
1346 4099 1788 4168 ἁναπετάσαιμν
1826 4103 1891 4155 σὺ
1916 4103 1972 4156 δέ

409 4196 501 4249 μοι
531 4182 788 4249 ὲμπνέοις
812 4184 903 4236 τὸν
930 4183 1025 4236 τοῦ
1058 4186 1207 4256 παρᾶ
1238 4189 1321 4240 σοὶ
1363 4189 1674 4261 πνεύματος
1706 4195 1973 4261 γλυκύτα-

403 4290 497 4326 τον
531 4271 787 4344 ζέφυρον,
818 4275 847 4327 6
887 4274 974 4328 διὰ
1004 4276 1169 4341 Θεὸν,
1202 4278 1322 4341 θεὸς
1374 4283 1503 4349 ἡμῖν
1536 4284 1935 4355 γνωριζόμενος
1956 4308 1968 4321 ·

404 4363 512 4418 κᾶν
531 4365 597 4418 σὺ
615 4364 780 4437 λέγῃς
804 4366 887 4419 ὅτι
920 4368 1040 4420 Οὐκ
1074 4366 1186 4436 ἐγὼ
1208 4369 1331 4433 θεός
1353 4372 1488 4440 εἰμι,
1512 4373 1860 4446 θαρρούντως
1890 4396 1972 4433 σοι

402 4457 851 4527 ἀντιφθέγξομαι,
874 4458 948 4521 ὼς
975 4459 1064 4512 διὰ
1094 4461 1255 4514 τοῦτο
1284 4463 1484 4531 μᾶλλον
1519 4463 1642 4528 θεός
1661 4483 1676 4498 ·
1720 4468 1975 4532 εῑκονεζει
2008 4475 2051 4526 ι)

404 4550 513 4617 γάρ
546 4566 639 4602 σου
664 4549 765 4619 τὴν
787 4550 984 4604 θέωσιν
1015 4553 1107 4605 καί
1136 4554 1164 4605 6
1202 4553 1298 4623 τῆς
1332 4560 1799 4630 μετριοφροσύνης
1826 4562 1972 4631 ὅρος,

404 4639 773 4709 ἀκρισεστάτη
795 4640 956 4694 είκὼν
974 4641 1076 4710 τῆς
1099 4640 1347 4708 θεώσεως
1374 4660 1389 4675 ·
1427 4646 1561 4701 ἀλλά
1587 4648 1706 4712 πῶς
1742 4652 1802 4703 οὐ
1831 4651 1972 4717 θεὸς,

412 4730 475 4783 ὐ
501 4733 612 4793 τοῖς
651 4729 816 4793 θείοις
864 4734 1272 4803 κεκοσμημένος
1307 4733 1795 4807 πλεονεκτήμασιν,
1839 4737 1920 4805 οἷς
1948 4746 1976 4796 ὀ

403 4822 544 4886 θεῖος
586 4824 943 4895 μεμόρφωται
965 4825 1249 4897 ἄνθρωπος
1271 4842 1288 4860 ο
1314 4824 1433 4880 εἶτα
1472 4831 1564 4883 καί
1586 4831 1725 4902 πρὸς
1755 4833 1825 4886 τὰ
1845 4836 1974 4905 τῇδε

405 4914 866 4985 ὲπεστρεμμένος,
905 4914 1093 4985 ὥσπερ
1121 4936 1205 4981 τις
1232 4919 1393 4989 νοερὰ⁵
1418 4921 1665 4992 δύναμις,
1694 4925 1786 4979 καὶ
1816 4927 1974 4997 ἡμῶν

400 5004 509 5056 τῶν
538 5007 744 5075 γηΐνων
774 5006 1232 5076 ὲπιμελούμενοςς

472 5094 531 5151 ε’.
571 5097 757 5167 Ἀρκεῖ
795 5099 894 5167 μὲν
920 5098 1031 5163 οὖν,
1064 5094 1111 5157 ὦ
1140 5100 1427 5169 παρόντες,
1447 5102 1526 5172 τῷ
1561 5108 1814 5176 μακαρίῳ
1833 5108 1976 5162 ὲκείο

403 5203 475 5254 νῳ
529 5190 621 5241 καὶ
671 5189 899 5259 ἀοιδίμῳ
950 5191 1126 5262 Πατρι
1174 5193 1254 5253 είς
1298 5193 1589 5263 ἐγκωμίων
1640 5195 1917 5262 ὑπόθεσιν,
1946 5203 1974 5253 6

402 5278 592 5348 Πατὴρ
619 5279 648 5328 6
682 5280 949 5348 ἡμέτερος
990 5280 1091 5332 ’καὶ
1118 5280 1147 5333 6
1179 5279 1324 5343 θεῖος
1368 5278 1519 5346 οὗτος
1552 5284 1819 5356 ὑμέτερος
1850 5288 1976 5341 σύλ·

402 5368 577 5435 λόγος,
624 5372 653 5422 6
700 5370 889 5439 vo'qr‘;
940 5364 1095 5432 οὗτος
1147 5373 1507 5441 παράδεισοςο
1560 5367 1622 5427 οὗ
1667 5377 1830 5445 μέσον
1878 5380 1975 5450 μὲν

350 5488 353 5491 ν
405 5460 614 5514 ἵσταται
667 5460 745 5525 ὥς
794 5479 848 5514 τι
884 5462 1098 5532 δένδρον
1151 5463 1440 5535 ὑψίκομον,
1490 5465 1789 5532 ζωοποιοὺς
1844 5472 1975 5540 ἡμῖν

403 5551 658 5622 παρέχων
690 5552 1051 5621 διὰ’γλώττης
1092 5554 1339 5624 καρπούς
1365 5573 1380 5588 ο
1414 5558 1577 5620 αὐτὸς
1617 5552 1771 5621 οὗτος
1798 5561 1828 5612 6
1852 5578 1972 5614 ποι-

408 5645 513 5711 μὴν
536 5645 566 5696 ό
608 5644 873 5713 ἡμέτερος
897 5659 911 5674 ⁸
955 5644 1217 5699 κύκλοθεν
1244 5646 1304 5700 δὲ
1328 5647 1518 5701 τούτου
1560 5650 1718 5718 ὑμεῖς
1745 5650 1820 5713 ὥς
1853 5668 1975 5705 τινα

407 5733 525 5785 θεία
547 5735 689 5803 φυτὰ
713 5736 806 5789 καὶ
839 5738 1149 5810 στερέμνια,
1183 5738 1282 5807 τῆς
1309 5739 1516 5793 ἐκείνου
1539 5740 1792 5808 γλυκείας
1819 5741 1973 5813 ῥίζης

1432 5986 1452 6019 \

2084 531 2230 584 enim
2262 549 2329 586 ne
2364 549 2425 588 ea
2454 534 2675 604 quidem
2708 551 2829 606 qua:
2870 548 3135 606 apparent
3162 550 3217 594 et
3252 542 3507 597 sensibus
3530 560 3653 613 per-

2084 621 2385 689 cipiuntur,
2433 625 2738 696 intelligere
2804 643 3020 697 queam,
3073 634 3166 700 qui
3219 642 3413 702 potero
3468 637 3652 708 eloqui

2084 712 2229 767 illius
2276 715 2379 769 viri
2417 717 2630 787 mystici
2669 733 2756 772 res
2785 730 2965 789 gcsms
3011 721 3255 778 animum
3308 732 3659 795 spectantes?

2082 804 2151 859 At
2185 807 2442 875 quoniam
2472 816 2561 862 tua
2583 810 2861 875 sanctitas,
2909 813 3072 867 Pater
3103 824 3320 883 patrum
3350 822 3660 876 communis

2084 910 2148 950 ac
2186 906 2393 963 noster,
2446 898 2512 952 ad
2551 899 2698 953 hunc
2726 915 3033 957 sermonem
3089 919 3195 966 me,
3239 909 3490 974 quamvis
3521 910 3658 964 infe-

2081 987 2170 1042 lici
2199 991 2448 1058 corporis
2475 993 2665 1047 morbo
2696 1008 3041 1063 oppressum,
3088 1000 3427 1065 provocavit,
3461 1003 3657 1069 spiritu

2086 1085 2180 1131 tuo
2211 1078 2265 1132 in
2297 1094 2382 1133 me
2423 1088 2738 1137 transeunte
2770 1084 2925 1151 quasi
2961 1084 3285 1152 inspiratum
3313 1104 3398 1140 me
3422 1093 3602 1144 sentio
3639 1112 3652 1145 :

2080 1178 2135 1222 et
2187 1170 2443 1238 quoniam
2480 1173 2673 1228 boreas
2695 1175 2918 1244 quidem
2969 1187 3147 1231 movet
3173 1194 3321 1232 mare
3355 1190 3520 1249 atque
3552 1198 3652 1236 ex—

2082 1260 2233 1322 citat,
2290 1263 2362 1317 ita
2399 1272 2457 1317 ιιι
2477 1273 2693 1331 spumet
2754 1276 2809 1321 et
2838 1268 3162 1337 exagitetur,
3212 1270 3303 1323 ubi
3360 1286 3494 1325 vero
3524 1289 3657 1342 pro-

2082 1348 2216 1402 cella
2247 1350 2431 1404 subito
2464 1351 2672 1417 deﬁcit,
2702 1354 2767 1407 ad
2792 1357 3031 1423 quietem
3061 1358 3337 1426 redigatur
3362 1360 3654 1430 (siquidem

2081 1437 2339 1492 euntibus
2385 1440 2452 1494 ab
2485 1440 2593 1494 alio
2648 1443 2899 1497 excitatis
2949 1455 3216 1514 perpetuo
3272 1430 3657 1517 epus‘estim-

2081 1526 2238 1595 pulsu
2265 1530 2308 1595 ),
2330 1539 2615 1599 propterea
2667 1541 2723 1585 tu
2749 1575 2763 1599 ,
2794 1548 2826 1586 ο
2856 1534 3017 1589 Pater
3058 1544 3220 1606 atque
3263 1540 3502 1603 domine,
3536 1552 3659 1611 post

2081 1617 2253 1672 Deum
2279 1621 2387 1674 vita
2435 1637 2553 1677 mea
2576 1625 2659 1678 vel
2707 1624 2930 1690 halitus,
2966 1635 3021 1682 tu
3070 1630 3163 1697 qui
3198 1630 3341 1684 haud
3371 1632 3541 1687 semel
3573 1633 3658 1687 di-

2082 1707 2191 1761 vini
2226 1709 2304 1762 tui
2361 1710 2585 1779 spiritus
2640 1714 2959 1784 participem
3001 1732 3087 1771 me
3132 1733 3253 1774 esse
3306 1721 3548 1782 voluisti,
3577 1720 3658 1777 af-

2087 1800 2253 1855 funde
2275 1811 2329 1855 et
2364 1804 2628 1858 continuo
2671 1807 2873 1875 aspira,
2898 1818 2956 1861 ut
2976 1809 3143 1863 animi
3173 1811 3326 1880 vigor
3352 1813 3660 1883 vigorosior

2084 1890 2176 1943 ﬁat
2230 1892 2296 1943 ad
2351 1902 2629 1950 certamen
2678 1897 3046 1955 subeundum.
3106 1900 3565 1957 Certamenenim
3605 1912 3660 1958 et

2082 1996 2274 2050 magna
2327 1998 2493 2037 arena
2554 2000 2640 2039 me
2692 1997 3049 2055 exspectant:
3085 1997 3137 2041 tu
3170 1973 3302 2043 vero
3328 1999 3383 2043 et
3406 1992 3497 2059 qui
3529 2006 3654 2047 cum

2080 2078 2133 2124 te
2163 2081 2218 2126 et
2246 2081 2365 2142 post
2402 2082 2452 2129 te
2478 2075 2624 2130 illius
2651 2076 2884 2131 virtutes
2915 2080 3329 2134 accuratissime
3356 2091 3654 2147 noverunt,

2082 2171 2337 2231 tanquam
2366 2180 2564 2233 praeses
2588 2175 2643 2220 et
2673 2166 2832 2235 iudex
2865 2169 3104 2221 sermoni
3150 2185 3272 2224 meo
3318 2171 3469 2226 ades.
3520 2173 3653 2228 Pro-

2080 2260 2267 2319 pterea
2291 2251 2564 2322 duplicem
2617 2270 2836 2310 cursum
2873 2258 3135 2325 perlicere
3169 2257 3342 2315 debeo
3371 2277 3385 2314 :
3415 2262 3655 2330 primum

2080 2342 2300 2411 quidem
2347 2359 2577 2399 currens
2605 2361 2728 2399 eum
2771 2362 2965 2417 magno
2995 2349 3177 2412 Patre,
3210 2352 3517 2406 secundum
3554 2370 3655 2406 au-

2081 2441 2210 2493 tem,
2250 2443 2300 2489 te
2375 2437 2591 2506 auspice
2618 2437 2711 2506 qui
2762 2438 2909 2493 illius
2938 2439 3149 2495 electus
3187 2460 3246 2495 es
3301 2459 3363 2497 ac
3388 2445 3655 2514 primoge-

2080 2524 2227 2580 nitus
2266 2525 2430 2585 ﬁlius.
2458 2527 2510 2581 in
2567 2545 2677 2598 quo
2715 2533 2881 2584 etiam
2947 2532 3048 2587 sibi
3086 2536 3435 2603 complacuit,
3469 2548 3656 2603 nostro

2078 2615 2243 2669 Patre
2307 2632 2371 2671 ac
2439 2628 2770 2687 praeceptore
2829 2619 3064 2674 stadium
3140 2625 3411 2678 sermonis
3465 2642 3654 2681 emen—

2082 2721 2265 2761 Slll'llS.
3446 2732 3449 2735 ⁷

2150 2798 2203 2851 4.
2233 2797 2375 2864 Quid
2430 2800 2543 2871 jam
2597 2801 2881 2869 faciemus,
2933 2802 3153 2869 fratres,
3205 2806 3660 2878 incomparabilis

2082 2888 2243 2943 istius
2287 2891 2390 2944 viri
2453 2892 2831 2963 magnitudine
2900 2894 3193 2964 depressi?
3255 2898 3654 2968 Aperiemusne

2081 2983 2352 3036 sermonis
2413 2968 2744 3039 iontem?At
2771 2980 3034 3056 quidquid
3081 2990 3421 3056 dixerimus,
3459 2995 3551 3048 illo
3577 2996 3656 3049 in-

2083 3072 2253 3127 ferius
2292 3077 2651 3144 apparebitet
2695 3080 2849 3148 quasi
2876 3079 3167 3136 detrahere
3206 3086 3323 3152 ejus
3356 3086 3655 3142 virtutibus

2084 3165 2436 3220 ecnsebimur
2484 3168 2628 3229 :ubi
2680 3170 2824 3225 enim
2875 3187 2979 3225 non
3026 3175 3365 3243 attingimus,
3425 3178 3656 3233 insulta-

2084 3271 2225 3310 mus.
2280 3260 2361 3311 An
2392 3259 2719 3319 silebimus?
2747 3261 2849 3316 Ubi
2878 3278 3006 3316 vero
3064 3264 3391 3319 obedientiaa
3420 3272 3659 3335 promis—

2085 3347 2205 3400 sio?
2251 3351 2529 3416 quomodo
2569 3361 2836 3419 prompta:
2911 3352 3209 3405 voluntatis
3258 3356 3653 3415 documentum

2084 3435 2505 3493 exhibebimus?
2560 3439 2838 3495 Videtisne
2894 3443 3169 3510 quomodo
3206 3445 3404 3514 duplex
3435 3464 3537 3503 nos
3561 3468 3655 3516 pe—

2084 3528 2316 3582 riculnm
2370 3532 2606 3599 urgeat?
2652 3532 2946 3587 cernitisne
2976 3537 3251 3603 quomodo
3310 3547 3362 3591 et
3394 3555 3574 3596 sermo
3601 3555 3656 3597 et

2082 3618 2361 3672 silentium
2413 3620 2465 3673 in
2504 3621 2912 3677 accusationem
2961 3624 3093 3679 milii
3124 3627 3363 3683 cedant?
3398 3630 3655 3689 Attamen

2082 3710 2167 3764 vel
2191 3711 2271 3765 sic
2327 3712 2472 3765 velut
2510 3712 2565 3765 in
2596 3714 2802 3768 trutina
2856 3717 3113 3784 iactatus,
3166 3731 3332 3790 atque
3364 3722 3473 3778 buc
3503 3734 3558 3779 et
3588 3727 3655 3779 il-

2082 3799 2171 3855 lnc
2220 3802 2604 3869 circumactus,
2655 3806 3032 3874 placidissimo
3083 3820 3197 3876 tuo,
3230 3813 3309 3866 uti
3370 3816 3482 3883 jam
3518 3815 3653 3879 dixi,

2082 3894 2278 3964 spiritu
2347 3898 2606 3964 conﬁsus,
2643 3900 2803 3956 Pater
2861 3904 3335 3967 reverendissime,
3386 3908 3653 3960 sermonis

2080 3988 2259 4041 velum
2316 4005 2442 4044 cum
2507 3992 2705 4048 ﬁducia
2754 3995 3009 4063 pandam.
3063 3996 3144 4050 Tu
3193 4006 3399 4061 autem,
3436 3999 3527 4066 qui
3557 4014 3653 4067 per

2082 4079 2250 4134 Deum
2277 4081 2413 4138 deus
2456 4085 2615 4139 nobis
2649 4087 3029 4140 manifestatus
3063 4101 3144 4151 es,
3164 4087 3493 4141 suavissimo
3524 4092 3643 4157 Spi-

2081 4170 2220 4223 ritus
2258 4172 2336 4229 tui
2389 4176 2626 4245 zephyro
2671 4192 2758 4231 me
2790 4176 2910 4230 allia
2948 4186 3046 4232 :et
3084 4177 3128 4230 si
3179 4185 3238 4230 tu
3270 4177 3498 4244 dixeris,
3546 4180 3655 4251 Ego

2080 4261 2218 4316 deus
2245 4278 2351 4317 non
2372 4280 2514 4329 sum,
2544 4268 2804 4322 audacter
2827 4269 2923 4323 tibi
2944 4270 3334 4337 contradicam,
3352 4281 3412 4327 ut
3434 4285 3656 4343 propter

2081 4352 2187 4407 boc
2215 4357 2399 4423 potius
2441 4357 2578 4412 deus
2605 4375 2617 4411 :
2644 4360 2989 4415 divinitatem
3034 4362 3182 4415 enim
3228 4369 3375 4417 tuam
3424 4365 3656 4420 demon-

2081 4455 2217 4501 strat
2288 4449 2567 4505 modestia:
2650 4453 2824 4507 virtus
2874 4454 3286 4510 accuratissima
3341 4457 3654 4512 Divinitatis

2082 4538 2282 4608 imago.
2334 4540 2441 4595 Sed
2496 4543 2773 4611 quomodo
2832 4560 2939 4599 non
2974 4549 3129 4606 deus,
3158 4545 3251 4614 qui
3294 4555 3379 4600 est
3428 4559 3654 4603 ornatus

2079 4629 2378 4687 virtutibus
2438 4633 2641 4689 divinis
2668 4637 2871 4706 quibus
2912 4638 3078 4692 homo
3105 4637 3325 4692 divinus
3345 4652 3651 4707 repraesen-

2078 4729 2245 4785 tatur,
2279 4722 2476 4779 deinde
2498 4727 2660 4781 etiam
2685 4728 2750 4782 ad
2770 4738 2985 4783 terrena
3001 4743 3323 4793 conversus,
3358 4729 3511 4783 velut
3562 4730 3652 4783 in-

2076 4812 2399 4869 tellectualis
2452 4816 2705 4885 quaedam
2770 4826 3031 4887 potestas,
3096 4819 3271 4873 nostri
3338 4819 3652 4875 mortalium

2078 4916 2264 4958 curam
2296 4905 2461 4960 habet
2477 4909 2501 4961 ?

2073 5110 2083 5147 ί
2145 5110 2196 5164 5.
2235 5110 2445 5167 Sufﬁcit
2488 5113 2672 5182 igitur,
2727 5113 3030 5174 auditores,
3076 5115 3238 5168 beato
3288 5115 3364 5168 illi
3396 5131 3459 5171 ac
3489 5132 3650 5172 vene-

2074 5200 2247 5255 rando
2270 5202 2414 5256 Patri
2467 5203 2535 5257 ad
2586 5204 2985 5273 praeconiorum
3036 5216 3443 5275 argumentum,
3493 5208 3653 5263 Pater

2076 5303 2263 5349 noster
2330 5302 2383 5349 et
2435 5297 2753 5364 przecellens
2787 5304 2965 5352 cmtus
2994 5305 3196 5362 vester,
3267 5297 3651 5354 intellectualis

2075 5385 2177 5439 iste
2212 5387 2495 5456 paradisus
2521 5430 2534 5453 ,
2566 5390 2617 5441 in
2688 5390 2844 5458 cujus
2879 5389 3059 5443 medio
3084 5390 3385 5447 collocatus
3418 5402 3501 5445 est
3535 5401 3651 5447 tan-

2076 5490 2237 5544 quam
2301 5478 2464 5532 arbor
2510 5479 2633 5534 altis
2687 5478 2977 5534 frondibus
3010 5480 3278 5542 eminens,
3308 5481 3555 5536 vivificos
3581 5499 3647 5535 ex

2076 5554 2188 5621 ore
2215 5583 2313 5622 suo
2370 5570 2529 5624 nobis
2588 5570 2948 5638 suppeditans
3012 5570 3223 5625 fructus
3254 5590 3264 5624 :
3302 5571 3391 5624 bic
3423 5572 3537 5640 ipse
3565 5584 3649 5625 est

2075 5664 2260 5724 pastor
2322 5667 2524 5718 noster,
2560 5660 2763 5715 circum
2799 5674 2923 5712 eum
2984 5667 3166 5713 autem
3193 5676 3286 5711 vos
3341 5660 3415 5713 uti
3479 5659 3647 5714 divini

2078 5756 2138 5794 ae
2181 5740 2348 5799 fortes
2404 5748 2631 5812 surculi,
2670 5761 2736 5801 ex
2770 5745 2917 5801 illius
2960 5746 3114 5801 suavi
3167 5745 3349 5800 radice
3431 5758 3649 5813 proger-
