4122 6212
474 275 575 342 503

1936 285 2137 348 ᾹΝΟΝ
2144 291 2278 352 ΥΜῐ

3635 307 3744 374 504

478 387 770 449 minantes,
807 393 863 440 et
895 386 936 442 si
981 402 1087 441 nos
1104 388 1345 455 νεόφυτοι
1390 388 1608 458 (recens
1632 391 1880 463 plantati)
1918 394 2061 449 inter

2168 405 2523 473 ἀναδιδόμενα
2548 426 2560 438 ·
2596 412 2643 464 εἰ
2674 411 2728 462 δὲ
2771 411 2863 464 καὶ
2889 413 3051 481 misi;
3081 416 3130 468 οί
3165 416 3412 484 νεόφυτοι
3452 417 3581 489 ὗμῖν
3615 438 3741 475 συν-

476 493 576 532 vos
614 478 963 547 rccipiamur,
1019 479 1173 533 valde
1210 481 1461 550 gaudebo
1491 501 1504 535 :
1539 491 1801 538 caeterum
1850 486 2060 557 lignum

478 585 722 624 amarum
754 570 912 623 simul
949 584 1012 623 ac
1056 570 1216 625 dulce
1253 573 1413 644 longe
1461 575 1732 646 abigatur.
1771 576 1925 631 llunc
1949 593 2062 633 cae-

480 660 673 715 lestem
723 660 1035 728 paradisum
1078 677 1201 715 cum
1237 665 1346 717 beo
1373 664 1460 718 ille
1494 666 2061 735 plantavitlaborihus

477 752 610 803 suis.
680 751 894 804 Etenim
948 753 991 804 si
1042 770 1145 805 vos
1196 771 1387 811 omnes
1429 773 1494 810 ex
1521 774 1587 812 eo
1639 760 1733 828 qui
1770 760 1929 814 nobis
1948 762 2058 831 jam

478 843 634 898 adest
670 843 1139 912 progerminastis.
1168 858 1223 901 ct
1268 849 1359 901 illc
1400 850 1609 918 primus
1651 852 2055 919 plantavit,‘hic

478 945 663 990 autem
696 950 762 989 ex
791 934 882 990 illo
922 937 1113 991 latices
1142 941 1418 1009 accipiens
1445 942 1691 1010 irrigavit
1728 965 1739 998 :
1775 946 2061 1002 etiamhoc

478 1041 673 1080 rursus
717 1027 904 1096 gloria:
951 1029 1351 1086 incrementum
1400 1042 1485 1088 est
1547 1035 1644 1089 illi.
1690 1038 1832 1092 Deus
1854 1046 2059 1104 autem,

478 1117 781 1172 secundum
848 1122 1103 1174 meritum
1157 1139 1407 1179 crescere
1455 1126 1602 1192 fecit,
1643 1128 1806 1197 idque
1842 1145 1937 1199 per
1958 1130 2060 1184 Pa-

480 1220 620 1266 trem
652 1218 901 1265 nostrum
930 1219 943 1267 :'
971 1213 1061 1267 hic
1081 1215 1230 1270 enim
1273 1218 1438 1271 vitam
1472 1221 1765 1275 ascetieam
1801 1222 1949 1276 velut
1973 1223 2060 1277 di-

482 1304 756 1359 tissimum
818 1306 1087 1360 talentum
1122 1325 1151 1362 a
1180 1325 1399 1365 summo
1442 1314 1563 1367 viro
1603 1315 1903 1383 accipiens,
1950 1331 2059 1369 non

482 1397 537 1446 in
581 1401 724 1449 terra
761 1395 1110 1452 abscondidit
1132 1409 1187 1453 et
1225 1400 1456 1464 defodit,
1491 1405 1586 1458 sed
1632 1405 1789 1459 vobis
1818 1406 2062 1475 probatis

482 1488 872 1544 uummulariis
898 1489 1127 1543 tradidit
1161 1507 1222 1545 ac
1257 1492 1370 1547 Deo
1418 1495 1669 1565 adjutorc
1696 1497 1887 1552 multis
1918 1497 2058 1552 vici-

484 1577 589 1633 bus
638 1580 810 1634 auxit.
844 1581 1023 1650 Atque
1082 1582 1186 1637 hoc
1236 1588 1424 1652 etiam,
1453 1587 1598 1656 quod
1653 1588 1912 1643 nimirum
1940 1588 2063 1644 talis

483 1667 580 1722 ﬁlii
664 1679 821 1739 pater
885 1671 1084 1735 fuerit,
1148 1674 1221 1726 illi
1298 1674 1350 1728 in
1412 1677 1810 1745 prmeouiorum
1883 1678 2056 1732 locum

487 1759 653 1815 cedit.

560 1940 611 1996 6.
642 1943 698 1998 Si
749 1959 881 1998 vero
915 1955 1133 2014 oportet
1176 1947 1341 2001 etiam
1375 1948 1677 2003 secundum
1722 1950 1855 2004 alias
1887 1950 2062 2004 virtu-

485 2040 567 2087 tes
633 2032 782 2086 illum
832 2034 1151 2105 depingere,
1184 2038 1311 2106 quis
1372 2038 1426 2091 in
1485 2040 1783 2094 sudoribus
1822 2041 2061 2094 ctlabo-

483 2122 642 2177 ribus
662 2138 762 2193 pro
788 2123 899 2177 Deo
926 2125 1232 2181 subeundis
1244 2128 1465 2197 proprio
1491 2130 1708 2199 corpori
1728 2145 1836 2183 non
1868 2144 2065 2198 pepv-r-

488 2215 603 2269 cit?
625 2216 753 2286 quis
797 2217 1021 2271 oculum
1049 2221 1227 2273 somni
1264 2230 1548 2291 expertem
1602 2223 1955 2276 conservavit
1986 2222 2063 2275 uti

489 2306 669 2360 bonus
716 2315 924 2376 pastor,
976 2307 1044 2361 ad
1101 2309 1282 2379 gregis
1315 2310 1401 2364 sui
1460 2309 1863 2365 securitatem?
1914 2308 2051 2364 Cum

487 2396 637 2451 enim
688 2396 853 2451 sciret
905 2398 1045 2452 hanc
1096 2413 1460 2454 aerumnosam
1512 2401 1678 2456 vitam
1740 2416 1868 2456 vere
1924 2401 2064 2471 magi
2134 2428 2135 2431 η

491 2487 667 2543 vicem
704 2497 911 2555 tenere,
947 2499 1022 2555 et,
1068 2492 1195 2560 quia
1228 2492 1449 2561 propria
1497 2493 1929 2561 pulchritudine,
1960 2508 2068 2563 qua

491 2588 745 2635 naturam
809 2592 1055 2635 nostram
1116 2583 1381 2638 seducere
1431 2585 1871 2652 queat,omnino
1897 2584 2066 2639 desti-

494 2668 687 2731 tuitur,
718 2670 886 2721 variis
932 2669 1208 2723 illecebris
1229 2679 1284 2725 et
1323 2672 1478 2740 quasi
1514 2671 1955 2738 incantamentis,
1979 2672 2067 2726 in-

491 2774 657 2829 super
668 2758 879 2813 deliciis
898 2759 1104 2815 ﬁctitiis
1121 2775 1184 2816 ac
1195 2762 1458 2831 speciosis
1472 2764 1826 2832 praztextibus
1847 2764 2068 2819 allicere

493 2851 635 2904 adsc
667 2850 874 2912 conari,
909 2850 998 2905 ille
1022 2850 1186 2921 hujus
1214 2853 1610 2923 turpitudinem
1629 2856 1854 2909 omnino
1894 2856 2069 2909 mani-

491 2939 687 2995 festam
732 2940 994 3009 reddidit,
1018 2943 1317 3014 falsamque
1352 2947 1687 3016 voluptatem
1718 2948 1951 3003 removit
1981 2958 2063 3002 at-

2161 495 2496 563 τετάγμεθα,
2542 498 2813 570 ἀγαπῴην
2844 500 2911 553 ἄν
2933 518 2946 533 ·
2982 503 3043 556 τὸ
3081 505 3138 557 δὲ
3169 505 3536 577 πικρόγλυκον
3583 508 3738 574 ξύλον

2166 588 2382 657 μακρὰν
2428 589 2769 660 ἁπελήλατο”
2821 591 3009 647 τοῦτον
3046 596 3137 649 τὸν
3188 597 3332 651 θεῖον
3382 601 3737 670 παράδεισον,

2163 680 2368 742 ἐκεῖνος
2400 682 2498 750 μὲν
2524 684 2622 735 σὺν
2654 683 2772 750 Θεῷ
2812 684 3001 750 κόποις
3041 687 3190 751 ἰδίοις
3224 689 3487 758 ἐφύτευσε
3513 709 3527 721 ·
3556 693 3602 744 εἰ
3630 695 3738 764 γὰρ

2164 774 2226 821 ἐκ
2260 772 2451 825 τούτου
2478 772 2573 825 τοῦ
2604 773 2696 826 νῦν
2743 778 2994 841 συνόντος
3023 780 3155 846 ἡμῖν
3182 780 3382 842 πάντες
3412 781 3567 852 ὑμεῖς
3608 785 3739 837 ἀνα-

2130 914 2135 919 ,
2164 862 2333 931 φύητε
2362 879 2373 893 ·
2416 864 2510 916 τὸν
2533 864 2610 925 δὲ,
2655 867 2872 934 πρῶτος
2907 869 3113 933 ἐκεῖνος
3156 870 3478 940 ἐφύτευσεν,
3508 873 3737 945 ἦρέευσε

2164 953 2326 1005 πάλιν
2370 949 2525 1017 οὗτος
2572 953 2632 1020 ἐξ
2674 956 2883 1011 ἐκείνου
2917 960 2977 1011 τὸ
3029 959 3207 1029 ῥεῦμα
3259 962 3551 1032 δεξάμενος
3577 982 3593 998 ο
3644 969 3739 1018 καὶ

2162 1043 2320 1097 τοῦτο
2349 1044 2392 1097 δ’
2425 1044 2601 1110 αὖθις,
2646 1045 2781 1117 ἄλλη
2821 1048 2978 1115 δόξης
3011 1052 3204 1121 ἐκείνῳ
3252 1054 3535 1124 προσθήκη
3569 1072 3741 1124 προσ-

2166 1138 2405 1201 γίνεται*
2435 1138 2463 1190 ό
2506 1137 2563 1190 δὲ
2587 1137 2719 1203 Θεὸς
2758 1140 2877 1193 κατ’
2904 1141 3062 1205 ἀξίαν
3095 1143 3437 1213 ἐπηύξησεν·
3463 1147 3736 1217 ἐπηύξησε

2164 1228 2219 1281 δὲ
2247 1228 2333 1280 διὰ
2366 1229 2462 1282 τοῦ
2509 1231 2779 1302 ἡμετέρου
2822 1233 3032 1303 Πατρός
3053 1248 3067 1265 ⁶
3107 1227 3263 1298 οὗτος
3288 1236 3396 1307 γὰρ
3432 1236 3530 1308 τὴν
3562 1240 3738 1307 ἀσκη-

2163 1319 2322 1387 τικὴν
2356 1319 2633 1375 πολιτείαν
2677 1323 2743 1374 ἐκ
2790 1322 2884 1376 τοῦ
2941 1324 3176 1392 μεγάλου
3230 1325 3609 1397 διαδεξάμενος
3665 1326 3741 1390 ὡς

2166 1406 2457 1464 πολύολϐον
2486 1413 2763 1480 τάλαντον,
2793 1415 2893 1467 οὐκ
2919 1416 2999 1477 είς
3022 1417 3126 1485 γῆν
3158 1418 3467 1488 κατέκρυψε
3507 1419 3601 1471 καὶ
3616 1436 3744 1472 κατ-

2165 1503 2400 1571 έχωσεν,
2443 1505 2559 1557 ἀλλ’
2606 1505 2736 1575 ὑμῖν
2767 1509 2881 1570 τοῖς
2930 1507 3114 1572 καλοῖς
3165 1509 3518 1579 τραπεζίταις
3565 1527 3735 1563 καταο

2165 1594 2364 1654 ϐαλὼν,
2422 1595 2563 1648 κατὰ
2613 1597 2674 1649 τὸ
2729 1597 3097 1652 πολυπλάσιον
3152 1599 3389 1670 ηὔξησεν
3441 1601 3547 1654 ὑπὸ
3603 1600 3739 1654 Θεοῦ

2119 1733 2135 1781 ι
2167 1688 2619 1757 συνεργούμενος.
2654 1688 2765 1742 Καὶ
2796 1688 2955 1742 τοῦτο
2977 1689 3034 1742 δὲ
3059 1691 3288 1754 πάντως
3320 1691 3601 1761 προσθήκη
3631 1691 3739 1744 τῶν

2166 1779 2458 1848 ἐγκωμίων
2506 1782 2728 1852 ἐκείνῳ,
2796 1782 2855 1835 τὸ
2904 1783 3146 1837 τοιούτου
3210 1785 3464 1853 γενέσθαι
3524 1785 3741 1854 πατέρα

2166 1873 2378 1936 παιδός.
3062 1878 3063 1881 “
3370 1866 3377 1867 ί

2240 1970 2313 2029 ς’.
2352 1965 2412 2016 Et
2442 1965 2499 2017 δὲ
2531 1966 2612 2018 δεῖ
2651 1966 2745 2020 καὶ
2771 1967 2882 2030 τοῖς
2921 1967 3104 2030 ἄλλοις
3146 1969 3352 2021 ἐκεῖνον
3378 1968 3561 2032 καλοῖς
3594 1968 3741 2023 κατὰ

2170 2058 2331 2126 μέρος
2371 2055 2902 2126 χαρακτηρίζεσθαι·
2932 2057 3017 2119 τίς
3056 2057 3155 2126 μὲν
3190 2059 3246 2110 ἐν
3287 2060 3400 2120 τοῖς
3430 2058 3572 2111 κατὰ
3602 2057 3739 2110 Θεδν

2170 2148 2356 2217 ἱδρῶσι
2408 2147 2501 2200 καὶ
2536 2149 2717 2210 πόνοις
2767 2146 2860 2200 τοῦ
2910 2147 3111 2201 οἰκείου
3164 2147 3412 2215 σώματος
3462 2150 3562 2201 οὒκ
3593 2149 3742 2217 ἐφεί-

2168 2256 2333 2302 σατος
2367 2240 2448 2303 τίς
2482 2239 2536 2291 δὲ
2572 2238 2632 2292 τὸ
2668 2238 2825 2309 ὄμμα
2865 2238 3185 2310 διετήρησεν
3208 2239 3483 2308 ἄγρυπνον
3516 2239 3589 2302 ὡς
3626 2257 3743 2292 ποι-

2174 2335 2280 2401 μὴν
2323 2330 2546 2398 ἀγαθὸς,
2598 2330 2732 2400 πρὸς
2758 2330 2858 2400 τὴν
2897 2329 2990 2383 τοῦ
3047 2331 3247 2383 οἰκείου
3286 2330 3535 2400 ποιμνίου
3569 2332 3741 2397 ἀστρά-

2170 2424 2357 2489 λειανς
2402 2422 2570 2486 Εἰδὼς
2616 2421 2724 2492 γὰρ
2766 2422 2841 2486 ὡς
2887 2423 3125 2493 ἀτεχνῶς
3176 2422 3345 2491 μάγος
3393 2421 3541 2475 ἐστὶν
3577 2424 3609 2491 ἡ
3647 2420 3740 2474 τοῦ

2172 2514 2515 2583 πολυμόχθου
2562 2512 2715 2567 τοῦδε
2750 2511 2866 2583 βίου
2914 2512 3047 2583 ζωὴ,
3082 2513 3167 2565 διὰ
3211 2513 3266 2565 δὲ
3297 2512 3380 2577 τὸ,
3408 2511 3637 2575 κάλλους
3668 2514 3744 2564 οἱ·

2173 2605 2319 2659 κείον
2355 2604 2525 2673 αὐτὴν
2557 2603 2806 2673 ἀπορεῖν,
2835 2602 2904 2655 δι’
2935 2594 2995 2654 οὗ
3023 2603 3120 2669 τὴν
3147 2600 3306 2668 φύσιν
3334 2600 3494 2671 ἡμῶν
3530 2600 3742 2667 θέλγειν

2170 2696 2480 2766 δυνήσεται,
2519 2691 2662 2762 ῑῦγξί
2713 2692 2773 2744 τέ
2810 2708 2917 2744 τισι
2967 2692 3060 2743 καὶ
3090 2690 3429 2762 θελγὴτροις,
3465 2690 3601 2743 ἀλλὰ
3644 2689 3742 2758 μὲν

2173 2789 2265 2840 καὶ
2304 2784 2555 2839 κάλλεσιν
2587 2782 2879 2847 ἐπιθέτοις,
2906 2779 3002 2835 καὶ
3040 2781 3391 2851 κατατέχνοις
3421 2781 3584 2844 ίδέαις
3608 2780 3744 2850 πρὸς

2170 2878 2335 2932 αὐτὸν
2387 2876 2600 2945 ῥίπτειν
2633 2874 2797 2936 ποιεῖ,
2852 2875 3062 2937 ἐκεῖνος
3111 2874 3172 2926 τὸ
3210 2868 3395 2945 αἶσχος
3450 2874 3613 2927 αὑτοῦ
3654 2873 3743 2927 διὰ

2175 2966 2372 3029 παντὸς
2424 2963 2790 3029 ἀνεκάλυπτε,
2829 2961 2929 3032 τὴν
2975 2960 3308 3015 ἐπίπλαστον
3339 2961 3744 3032 ἀφαιρούμενος

495 3046 602 3100 quc
644 3030 879 3085 refutatu
901 3042 1163 3102 apparatu
1187 3036 1408 3090 scenico
1427 3038 1771 3093 mendacium
1802 3055 2067 3109 apparere

2172 3059 2363 3129 ἡδονήν
2389 3074 2403 3088 ο
2440 3058 2534 3110 καὶ
2571 3030 2896 3124 ἀπελέγχων
2922 3054 2983 3107 τὸ
3028 3054 3211 3124 δρᾶμα
3247 3054 3435 3117 αὐτοῦ,
3486 3030 3745 3107 καὶίῦπο-

494 3121 645 3176 [i-cit.
682 3123 819 3187 Quis
864 3125 1170 3181 subtilitate
1223 3127 1449 3198 ingenii,
1489 3133 1614 3200 quis
1657 3132 1843 3200 vigore
1867 3134 2067 3187 mentis

493 3215 857 3284 :equiparavit
888 3216 1038 3271 illum
1089 3218 1183 3288 qui
1216 3221 1400 3275 animo
1438 3230 1632 3291 vegeto
1656 3237 1779 3294 qua:
1803 3223 1871 3276 ad
1894 3222 2065 3276 Deum

494 3321 695 3377 resque
740 3306 958 3364 divinas
988 3309 1263 3379 pertinent
1331 3326 1547 3381 semper
1610 3313 1914 3368 versabat?
1945 3313 2070 3383 quis

496 3408 607 3452 tam
641 3399 827 3455 suavis
875 3397 930 3453 in
953 3399 1250 3469 loquendo,
1305 3414 1593 3473 promptus
1624 3404 1693 3458 ad
1724 3406 2068 3474 responden-

495 3489 649 3553 dum,
708 3489 900 3545 hilaris
947 3492 1005 3545 in
1034 3493 1412 3549 conversando
1435 3495 1458 3548 ?
1484 3496 1620 3562 Quis
1653 3505 1761 3551 tam
1799 3509 1962 3567 aptus
2001 3498 2067 3550 ad

497 3579 848 3636 difﬁcultates
877 3580 1176 3650 Scriptura:
1213 3586 1591 3641 enucleandas
1613 3603 1914 3659 verumque
1940 3607 2069 3645 sen-

495 3688 617 3733 sum
663 3670 1065 3743 detegendum?
1088 3675 1234 3743 quis.
1267 3676 1412 3731 illius
1446 3678 1639 3743 instar,
1686 3695 1813 3735 cum
1847 3682 2070 3748 Optimis

495 3761 722 3832 degens,
753 3777 857 3817 nec
889 3762 1235 3819 inlirmorum
1277 3766 1675 3837 discipulorum
1722 3771 1953 3825 salutem
1982 3787 2072 3826 ne-

494 3853 770 3926 gligcbat?
825 3852 931 3909 Sed
986 3865 1094 3925 quo
1139 3857 1444 3914 excellebat
1502 3860 1746 3932 ingenio,
1799 3864 1852 3917 in
1886 3864 2069 3919 medio

496 3946 805 4000 divinarum
862 3945 1336 4017 humanarumque
1371 3966 1558 4006 rerum
1594 3955 1949 4020 constitutus,
1973 3972 2068 4009 ne-

495 4053 604 4106 que
629 4038 851 4094 omnino
883 4038 1140 4094 inferiora
1162 4041 1367 4107 omisit,
1398 4053 1454 4097 et
1479 4043 1586 4099 illis
1629 4044 1742 4099 hinc
1767 4056 2069 4116 temperare

495 4130 704 4199 optime
752 4131 966 4200 polluit.
1021 4132 1160 4197 Quis
1214 4140 1364 4189 tanta
1416 4136 1678 4205 praditus
1728 4139 2072 4208 experientia

494 4221 707 4275 exstitit
756 4221 1062 4277 animarum
1119 4226 1367 4281 medicus
1401 4228 1495 4298 qui
1546 4245 1764 4299 semper
1801 4231 1868 4286 ad
1916 4232 2068 4286 iniir-

499 4311 705 4366 mitatis
732 4312 958 4383 gradum
986 4315 1218 4371 miscere
1254 4317 1583 4373 medicinam
1619 4320 1878 4374 calleret?
1912 4318 2070 4376 Modo

496 4404 642 4459 enim
669 4404 877 4461 balneis
914 4416 1078 4477 atque
1111 4410 1476 4479 cataplastris.
1498 4411 1660 4466 modo
1701 4412 2067 4471 incisionibus
2106 4386 2147 4439 Π

496 4505 553 4550 et
615 4496 1000 4553 exustionibus
1047 4508 1311 4570 aegrotum
1359 4501 1621 4565 curabat;
1654 4518 1800 4565 nunc
1826 4503 2067 4557 medica-

499 4587 700 4642 mentis
721 4588 1044 4654 lenioribus,
1062 4605 1207 4645 nunc
1234 4591 1544 4646 acrioribus
1562 4591 2068 4655 eﬂicacioribusquc

496 4680 784 4746 utebatur;
826 4689 881 4735 et
928 4682 1106 4736 sicubi
1165 4681 1342 4738 morbi
1381 4682 1725 4738 affectionem
1764 4685 2068 4740 ulcerosam

497 4780 552 4824 et
597 4770 1123 4840 periculosissimum
1184 4773 1665 4841 deprehendisset,
1693 4775 1842 4829 haud
1874 4776 2068 4830 leviter

499 4860 649 4915 illam
701 4861 897 4933 tetigit,
957 4880 1134 4933 neque
1174 4865 1393 4920 videres
1450 4876 1775 4921 trementem
1825 4883 1952 4922 eum
1984 4868 2067 4923 vel

496 4952 853 5024 palpitantem
878 4957 1162 5016 accedere.
1194 4957 1302 5010 imo
1334 4974 1506 5018 usque
1527 4961 1593 5014 ad
1626 4959 1849 5015 intimos
1873 4959 2069 5014 animm

499 5057 751 5100 recessus
773 5045 977 5101 ferrum
1000 5047 1194 5105 inﬁxit.

572 5227 624 5279 7.
648 5226 784 5293 Quis
826 5244 978 5297 atque
1040 5228 1239 5285 divinis
1289 5230 1659 5297 suavibusque
1726 5232 2071 5287 sermonibus

499 5318 813 5373 auditorum
870 5318 1078 5372 animas
1124 5320 1420 5375 demulsit?
1453 5323 1577 5390 quis
1608 5336 1763 5391 aeque
1795 5331 2070 5377 tumentes

500 5409 791 5478 depressit,
824 5407 1008 5478 lapsos
1036 5420 1217 5463 autem
1269 5411 1445 5466 erexit
1501 5422 1563 5468 ct~
1609 5428 1636 5466 a
1673 5413 1987 5481 praecipitiis
2016 5414 2069 5467 in

498 5499 781 5569 planitiem
822 5499 1085 5555 reduxit?
1116 5503 1241 5573 quis
1287 5504 1434 5558 illius
1492 5505 1662 5560 instar
1693 5506 1746 5561 in
1797 5505 1945 5560 omni
1982 5522 2067 5560 re-

499 5602 623 5641 rum
683 5596 826 5642 statu
869 5597 1127 5645 constans
1159 5589 1284 5654 fuit,
1305 5608 1485 5663 neque
1514 5593 1680 5648 celeri
1699 5594 1961 5664 abreptus
1987 5604 2070 5650 est

498 5679 741 5750 impetu?
778 5680 1002 5738 illultuin
1052 5683 1196 5739 enim
1249 5683 1422 5738 abfuit
1447 5686 1579 5756 quin
1622 5687 1878 5743 omnibus
1910 5688 2043 5742 cede

2170 3149 2383 3210 δεικνὺς
2418 3148 2520 3218 τὴν
2559 3149 2883 3217 ὑπόκρισινο
2919 3150 3003 3211 τίς
3024 3146 3278 3200 τοσοῦτον
3303 3146 3427 3211 ὀξὺς
3457 3148 3515 3199 ἔν
3548 3148 3747 3216 φρονήο

2174 3258 2282 3304 σει,
2319 3242 2412 3295 καὶ
2450 3240 2875 3310 ἁγχινούστατος
2908 3242 2967 3292 ἑν
2990 3240 3225 3303 συνέσει,
3250 3239 3346 3291 καὶ
3372 3236 3740 3305 ἐσπουδασμέ-

2172 3351 2261 3385 νον
2292 3332 2380 3384 ἀεὶ
2404 3330 2539 3402 πρδς
2560 3329 2629 3383 τὰ
2670 3330 2799 3399 περὶ
2829 3328 2967 3382 Θεοῦ
3004 3329 3096 3382 καὶ
3119 3330 3188 3383 τὰ
3216 3326 3358 3392 θεῖα,
3387 3327 3481 3381 καὶ⁵
3513 3324 3745 3395 ἄσχολον

2174 3423 2486 3492 περιφέρων
2515 3422 2575 3475 τὸ
2612 3421 2903 3492 φρόνημα;
2930 3420 3025 3483 Τίς
3053 3418 3196 3473 οὕτω
3219 3418 3420 3488 γλυκὺς
3447 3418 3505 3469 ὲν
3544 3415 3620 3486 τῷ
3654 3413 3744 3466 λέ-

2173 3534 2311 3583 γειν,
2347 3513 2515 3582 ταχὺς
2549 3515 2604 3566 ὲν
2651 3512 2729 3581 τῷ
2776 3511 3191 3581 ἀποκρίνεσθαι,
3231 3511 3323 3563 καὶ⁸
3351 3508 3535 3579 ἱλαρὸς
3581 3510 3639 3563 ἐν
3662 3505 3744 3577 τῷ

2172 3603 2543 3673 τυγχάνεσθαι
2568 3620 2582 3671 ;
2615 3601 2710 3664 Τίς
2737 3600 2912 3665 οὕτως
2941 3590 3243 3673 ἐφευρετὴς
3272 3600 3512 3671 ἀποριῶν
3538 3599 3739 3670 Γραφι-

2174 3696 2284 3749 κών
2337 3697 2434 3748 καὶ
2482 3692 2778 3748 διαλύσεων
2822 3692 3074 3761 ἁληθῶνς
3129 3694 3213 3752 τίς
3260 3690 3404 3745 οὕτω
3451 3691 3589 3762 μετὰ
3637 3691 3744 3743 τῶν

2175 3787 2502 3855 κρειττόνων
2554 3785 2869 3856 γενόμενος,
2920 3784 2953 3852 ἢ
3007 3784 3100 3836 καὶ
3152 3782 3245 3835 τοῦ
3300 3782 3609 3851 κρείττονος
3638 3780 3744 3831 τῶν

2174 3883 2323 3935 κάτω
2349 3879 2608 3950 μαθητῶν
2632 3878 2732 3932 οὐκ
2769 3876 3093 3942 euersam;
3141 3876 3280 3930 Ἀλλ’
3318 3870 3430 3927 οἷον
3460 3870 3529 3944 ἦν
3553 3872 3745 3940 ἐκείνῳ

2172 3971 2232 4023 τὸ
2260 3971 2353 4040 τῆς
2385 3967 2602 4038 φύσεως
2653 3965 2977 4038 περιδέξιον.
3022 3967 3105 4018 ὃτι
3136 3964 3295 4016 θείων
3331 3964 3431 4016 καὶ
3465 3961 3742 4030 ἀνθρωπίο

2173 4076 2280 4114 νων
2322 4058 2661 4127 πραγμάτων
2709 4057 2967 4126 ὑπάρχων
3011 4055 3354 4126 μεταίχμιον,
3390 4051 3523 4117 οὔτε⁵
3564 4050 3744 4117 πάντη

2171 4151 2281 4205 τῶν
2317 4151 2470 4204 κάτω
2498 4148 2784 4217 ἀφίστατο,
2816 4148 2910 4201 καὶ
2934 4149 3032 4216 τὴν
3060 4146 3195 4217 πρὸς
3225 4146 3411 4197 ἐκεῖνα
3438 4143 3745 4212 ἀνάκρατιν

2174 4244 2475 4313 ὲπλούτησε
2516 4241 2805 4311 καθαρῶς·
2848 4239 2931 4301 τίς
2968 4238 3109 4291 οὕτω
3140 4235 3479 4307 θεραπευτής
3531 4233 3743 4302 ὑπῆρχε

2172 4335 2360 4406 ψυχῶν
2414 4334 2831 4404 ἐμπειρότατος,
2880 4332 2974 4383 καὶ
3020 4330 3156 4401 πρὸς
3199 4331 3262 4382 τὸ
3305 4327 3398 4382 τοῦ
3440 4328 3741 4397 νοσήματος

2175 4427 2371 4497 μέτρον
2419 4424 2519 4493 τὴν
2565 4421 2868 4491 θεραπείαν.
2891 4421 3112 4490 ἐπάγων
3142 4437 3158 4486 ;
3192 4421 3303 4474 Καὶ
3347 4419 3425 4488 πῆ
3466 4418 3589 4488 μὲν,
3622 4415 3742 4468 λου·

2169 4517 2319 4585 τροῖς
2347 4528 2456 4566 τισι
2484 4510 2574 4564 καὶ
2609 4509 2933 4580 μαλάγμασι
2965 4509 3056 4561 τὸν
3100 4508 3356 4565 νοσοῦντα
3388 4505 3636 4575 ἰώμενος,
3665 4503 3741 4570 πῆ

2170 4604 2227 4657 δὲ
2260 4606 2452 4671 τομαῖς
2485 4618 2544 4655 τε
2575 4602 2670 4655 καὶ
2703 4600 2963 4654 καύσεσι·
2999 4600 3091 4654 καί
3122 4614 3251 4653 ποτε
3290 4599 3387 4668 μὲν
3428 4595 3743 4666 φαρμάκοις

2172 4695 2522 4764 ἠπιωτέρως,
2548 4692 2679 4744 ποτὶ
2720 4691 2778 4744 δὲ
2810 4688 3265 4761 δραστικωτέροις
3298 4689 3391 4741 καὶ
3423 4685 3697 4753 δηκτικοῖς
3725 4698 3737 4711 ·

2172 4786 2218 4838 ei
2248 4785 2306 4837 δὲ
2348 4784 2441 4836 καὶ
2486 4783 2616 4845 ἴσως
2662 4781 2896 4835 ὑποῦλον
2928 4781 3147 4849 ἐπέγνω
3187 4780 3251 4832 τὸ
3290 4778 3385 4832 τοῦ
3438 4775 3743 4846 νοσήματος

2176 4876 2366 4938 πάθος,
2410 4874 2501 4929 καὶ
2534 4874 2670 4935 ὅλως
2703 4872 2994 4942 κακόηθες,
3038 4874 3140 4924 οὐκ
3184 4868 3518 4929 ἐπιπολαίως
3547 4865 3739 4919 τούτου

2173 4969 2447 5037 ἐφήπτετο
2466 4982 2479 4996 ·
2516 4965 2623 5019 οὐδ’
2647 4966 2696 5018 οἳ
2728 4965 3035 5034 ὲπιμὺσσον
3063 4964 3245 5033 ὡρᾶτο
3268 4962 3327 5013 τὸ
3354 4959 3741 5027 ὑπογάστριον,

2173 5060 2286 5113 ἀλλ’
2318 5058 2445 5127 ἄχρι
2480 5058 2574 5112 καὶ
2604 5057 2867 5127 ἁρμονίας
2902 5058 2995 5110 καὶ
3017 5055 3193 5125 ψυχῆς
3229 5052 3440 5123 μυελῶν
3479 5052 3570 5103 τὸν
3599 5050 3743 5117 σίδη-

2178 5167 2270 5220 ρον
2303 5148 2614 5202 ὲνεϐἁθυνε.

2244 5238 2307 5304 ζ’.
2344 5239 2439 5301 Τίς
2480 5237 2621 5291 οὕτω
2657 5241 2777 5302 ταῖς
2814 5238 2986 5300 θείαις
3035 5238 3124 5290 καὶ
3173 5235 3522 5308 μελιρῤὑτοις
3575 5230 3740 5284 αὐτοῦ

2172 5331 2407 5400 ἐπῳδαῖς
2453 5328 2746 5395 κατέθελγε
2775 5329 2871 5389 τὰς
2900 5329 3007 5380 τῶν
3032 5328 3359 5381 ’ἀκουόντων
3388 5325 3564 5394 ψυχάς
3588 5340 3601 5388 ;
3652 5322 3744 5374 καὶ

2175 5420 2495 5485 κατέστελλε
2530 5421 2629 5491 μὲν
2673 5419 2944 5482 οίδούσας.
2980 5420 3241 5489 ἀνήγειρε
3268 5418 3325 5470 δὶ
3364 5414 3743 5474 πεπτωκυεαςν

2174 5514 2267 5566 καὶ
2294 5514 2399 5565 ἀπὸ
2426 5512 2537 5564 τῶν
2568 5511 2885 5582 ἀκροτήτων
2913 5513 3173 5581 περιῆγεν
3200 5510 3278 5569 εἰς
3302 5508 3403 5578 τὴν
3438 5504 3740 5576 μεσότητας

2173 5604 2265 5664 Τίς
2284 5602 2451 5663 οὕτως
2481 5602 2540 5653 οὺ
2574 5602 2750 5669 πάντη
2782 5601 2879 5670 μὲν
2905 5603 3017 5664 τοῖς
3049 5602 3333 5672 πράγμασι
3365 5594 3741 5667 μετεὸἀλλετο,

2174 5690 2294 5747 οὐδὲ
2327 5690 2548 5759 ταχείας
2590 5689 2862 5759 ἐλάμϐανε
2911 5691 3008 5753 τὰς
3058 5692 3263 5760 ροπάςς
3301 5687 3633 5758 ἐφυλάττετο
3683 5682 3744 5735 δὲ
