4122 6212
372 248 475 307 505

1462 259 1844 322 LAUDATIO
1878 263 1937 323 S.
1974 264 2559 335 BARTl-IOLOALEI.

3520 282 3646 347 ’505

375 368 452 463 μὴ
486 367 652 420 πᾶσιν
670 358 811 421 εἵνάι
849 366 1163 438 ἐνδύσιμοςο
1194 368 1333 424 ἀλλὰ
1362 370 1470 442 γὰρ
1496 372 1582 437 τίς
1609 374 1782 438 οὕτως
1810 374 1951 445 ὑψη-

2062 389 2157 436 ret.
2212 384 2346 450 Quis
2397 403 2563 456 porro
2637 404 2763 444 eum
2834 389 3053 447 excelso
3113 393 3352 463 aequavit
3419 393 3647 453 animo?

372 455 600 515 λὸτατος
637 457 737 525 μὲν
779 455 994 529 ὑπῆρχε
1022 458 1118 510 τὸν
1152 457 1299 527 νοῦν,
1339 462 1438 524 τὴν
1471 462 1514 516 δ’
1548 458 1616 516 αὖ
1667 464 1956 536 ἁρμονῖαν,

372 545 409 615 ἢ
445 545 623 598 καὶτὸ
649 545 848 610 κάλλος
900 546 988 617 τῆς
1018 550 1272 620 φράσεως
1306 552 1611 625 προέφερεν
1640 554 1958 626 ἀπαράμιλ-

374 634 495 701 λον;
526 635 802 707 Μελιχρδν
832 636 1040 692 ἐκείνου
1071 639 1134 693 τὸ
1166 641 1359 713 στόμα,
1396 643 1504 696 τῶν
1552 644 1791 714 καρδιῶν
1835 645 1957 697 θέλ⁸

375 741 616 797 γητρονο
663 727 841 797 μοῦσα
871 731 983 793 τοῖς
1024 730 1160 783 πᾶσι
1184 731 1294 784 τῶν
1344 732 1561 786 ἐννοιῶν
1605 733 1957 802 ἐγινώσκετο,

375 812 605 881 γλεῦκος
625 813 941 883 γλυκάζων,
973 817 1350 890 ἀμετάὸλητος
1378 821 1540 890 φύσις
1566 837 1578 851 ·
1609 824 1637 876 ὁ
1667 823 1830 887 αὐτὸς
1852 824 1960 895 γὰρ

372 901 445 977 ἦν
478 906 818 978 ἁπανταχοῦ,
864 909 926 962 οὗ
964 909 1336 979 μεταϐάλλων,
1380 912 1500 965 οὐδὲ
1552 916 1958 985 μεταποιούμε-

375 1012 465 1060 νος
487 1012 503 1029 ·
533 998 593 1050 ἐν
620 996 697 1067 τῷ
719 996 990 1050 διδάσκειν
1030 997 1100 1051 τὰ
1129 998 1275 1069 σαφῆ
1307 999 1656 1070 ὑψηλολογῶν
1675 1018 1689 1032 ο
1719 1001 1776 1054 ἐν
1803 1001 1858 1054 δὲ
1883 1000 1962 1071 τῷ

377 1086 580 1156 λέγειν,
603 1087 675 1140 τά
702 1086 883 1158 ὑψηλά
904 1088 1102 1153 τελέως
1123 1088 1402 1159 διασαφῶν
1424 1105 1439 1120 ο
1468 1089 1584 1144 ἀλλ’
1609 1090 1960 1157 ἐπιστέλλων,

381 1176 653 1246 ὑπέρευγε
681 1178 781 1246 τῆς
805 1176 1143 1248 γλυκύτητος
1164 1193 1178 1208 ·
1210 1179 1469 1249 τοιαύτην
1494 1179 1603 1251 γὰρ
1634 1179 1959 1251 ἐπλούτησε,

380 1267 478 1321 καὶ
505 1267 750 1335 γλῶτταν
791 1268 850 1321 ἐν
880 1266 1078 1332 λέξεσι,
1108 1269 1204 1321 καὶ
1233 1268 1398 1336 φύσιν
1432 1272 1490 1323 ἐν
1519 1273 1634 1334 τοῖς
1669 1273 1961 1341 νοήμασιν,

380 1359 503 1412 οἵαν
540 1359 711 1422 οὐδεὶς
744 1360 845 1429 τῆς
893 1343 1015 1412 καθ’
1061 1361 1207 1429 ἡμᾶς
1255 1361 1481 1428 γενεᾶς*
1516 1362 1680 1424 αὐτὸς
1727 1362 1837 1434 γάρ
1873 1379 1963 1433 μοι

384 1452 597 1520 μάρτυς
623 1452 651 1503 ὁ
675 1450 886 1504 ἐκείνου
926 1451 1079 1515 Θεὸς,
1108 1453 1185 1516 ὡς
1213 1454 1569 1509 ,οὐδεπώποτε
1597 1455 1964 1525 συνομιλήσας

388 1541 583 1612 ἐκείνῳ
634 1542 875 1613 ἀπῆλθον
923 1542 998 1613 μὴ
1037 1544 1326 1615 Θαυμάσας
1377 1548 1472 1599 καὶ
1532 1546 1829 1615 ἐκπλαγεὶς
1864 1546 1964 1618 τὴν

385 1632 577 1686 τούτου
602 1633 780 1705 ψυχὴν
812 1635 907 1687 καὶ
933 1633 1173 1687 διάνοιαν
1195 1654 1207 1665 ·
1235 1636 1330 1688 καὶ
1355 1636 1610 1690 τοσοῦτον
1636 1637 1761 1707 ἔσχε
1794 1637 1960 1707 θνητῇ

381 1725 705 1795 γλυκύτητι,
732 1724 806 1788 ὡς
842 1725 1111 1795 μηδέποτε
1137 1726 1300 1796 κόρον
1327 1727 1630 1795 λαμϐάνειν
1653 1728 1752 1796 τῆς
1781 1728 1964 1782 αὑτῶν
1995 1722 2043 1783 Β

378 1816 699 1886 ἀκροάσεως
720 1830 734 1845 ·
766 1816 841 1879 ῶς
895 1816 1351 1872 ἐπιλανθάνεσθαι
1394 1817 1566 1871 ὖπνου
1596 1819 1838 1890 νηδύμου
1874 1820 1968 1873 πός

384 1906 496 1969 σιύς
532 1922 592 1958 τε
628 1906 719 1959 καὶ
768 1906 1012 1975 ἐδῄτυος,
1047 1908 1199 1979 ’μηδέ
1236 1910 1639 1980 μιμνήσκεσθαι
1668 1926 1683 1941 ·
1714 1911 1790 1975 ὡς
1839 1910 1969 1983 μίαν

380 1995 438 2049 δέ
464 2013 557 2063 μοι
585 1996 695 2050 τῶν
744 1999 1202 2069 εἰκοσιτεσσάρων
1244 2000 1406 2072 ὡρῶν
1456 2000 1550 2055 τοῦ
1598 2002 1965 2074 νυχθημέρου,

380 2085 642 2155 οὐρανίαν
671 2081 812 2140 εἶναι
843 2087 1117 2157 περίοδον.

400 2249 406 2255 ῃ
448 2181 521 2245 η’.
557 2176 666 2230 Καί
698 2195 787 2247 μοι
813 2177 923 2231 τῶν
951 2177 1099 2249 ἠθῶν
1137 2179 1303 2233 αὑτοῦ
1330 2180 1500 2245 τύπος
1542 2180 1624 2234 ἔτι
1655 2181 1962 2251 ἐγκάθηται

376 2268 447 2337 τῇ
477 2265 646 2338 ψυχῇ,
677 2266 771 2321 καὶ
800 2270 1225 2338 ἐνεσφράγισται
1255 2268 1427 2343 ταύτῃ
1460 2272 1526 2325 τά
1563 2272 1684 2343 ίχνη
1723 2272 1835 2325 τῶν
1864 2274 1966 2326 αύ-

379 2357 477 2412 τοῦ
509 2358 820 2423 διαλέξεων,
869 2361 963 2413 καὶ
989 2361 1023 2430 ἡ
1059 2362 1159 2431 τῆς
1203 2361 1471 2433 ἁρμονίας
1511 2364 1629 2434 ἠχὼ
1658 2363 1739 2417 ἔτι
1772 2382 1875 2434 μου
1897 2365 1965 2419 τὰ

380 2438 499 2500 ῶτα
521 2446 865 2518 περιδομϐεϊ,
896 2450 990 2501 καὶ
1017 2450 1288 2520 μακάριον
1321 2451 1538 2522 ἀληθῶς
1558 2452 1634 2525 τῷ
1663 2454 1965 2525 τηνικαῦτα

384 2535 641 2607 ἐνόμιζον
686 2539 942 2609 ἐμαυτὸν,
996 2540 1072 2604 ὡς
1111 2541 1222 2595 τῶν
1272 2542 1380 2596 ἀπὸ
1427 2543 1521 2597 τοῦ
1562 2545 1965 2616 σωφρονοῦντος

384 2628 685 2694 προϊόντων
708 2629 975 2699 στόματος
1003 2630 1134 2685 ὄντα
1160 2633 1417 2702 ἐπήκοον,
1442 2634 1510 2688 δι’
1543 2631 1604 2692 οὒ
1638 2636 1770 2702 Θεὸς
1795 2638 1966 2708 φθέγ-

384 2734 560 2788 γεται,
596 2723 690 2776 καὶ
734 2723 953 2793 πνεῦμα
992 2725 1185 2795 σοφίας
1217 2727 1643 2800 ἐπιχωρηγείται
1685 2733 1780 2786 καὶ
1819 2734 1960 2801 γνὼο

388 2826 527 2875 σεως
546 2826 560 2840 ·
588 2812 740 2866 οὐδὲν
764 2813 875 2885 γὰρ
907 2817 1097 2887 ἀπεῖχε
1132 2815 1246 2871 ὅντι
1279 2820 1578 2890 σεραφικοῦ
1600 2839 1745 2887 τινος
1777 2823 1961 2896 ὄμμα-

380 2917 476 2966 τος
503 2903 740 2969 ὀξύτατα
782 2905 1086 2976 βλέποντος,
1122 2910 1217 2963 καὶ
1255 2911 1335 2973 είς
1384 2910 1587 2966 κύκλον
1618 2914 1717 2984 τὴν
1770 2917 1960 2985 ὅρασιν

382 2995 801 3067 ἀπαρτίζοντος.
838 2997 956 3052 Ἵνα
993 3000 1050 3054 δέ
1081 3001 1177 3056 καὶ
1227 3002 1387 3073 ὑμεῖς
1417 3003 1594 3074 εἰδῆτε
1644 3007 1743 3078 τὴν
1781 3007 1960 3077 ἄκραν

382 3086 494 3139 τῶν
545 3087 859 3158 λεγομέ·.ων
905 3090 1187 3163 ἀλήθειαν,
1242 3071 1338 3146 καὶ
1391 3095 1466 3166 μὴ
1509 3071 1721 3160 τούτοις
1764 3071 1872 3152 διὰ.
1902 3099 1964 3151 τὸ
1991 3071 2033 3126 C

381 3178 691 3249 ὑπέρογκον
726 3181 1093 3254 ἀπιστήσητε,
1136 3183 1195 3237 ἐν
1225 3201 1277 3237 τι
1308 3184 1420 3239 τῶν
1453 3185 1963 3260 ἀπομνημονευμά-

379 3285 491 3323 των
517 3271 726 3324 ἐκείνου
753 3274 866 3335 τοῖς
888 3273 1276 3341 φιλοτοιούτοις
1306 3275 1438 3347 ὑμῖν
1463 3278 1763 3348 ἀκροαταῖς
1796 3297 1968 3351 παρα-

383 3361 636 3429 θέμενος.
664 3360 809 3431 Πρὸς
838 3362 894 3416 δέ
918 3364 1012 3417 καὶ
1042 3365 1218 3435 μικρά
1242 3381 1365 3422 τινα
1388 3367 1499 3421 τῶν
1528 3367 1736 3422 ἐκείνου
1772 3385 1967 3441 κατορ⁶

383 3450 655 3521 θωμάτων
670 3452 879 3517 τούτοις
890 3454 1227 3524 ἐπενεγκὼν,
1252 3457 1313 3510 τὸ
1341 3457 1462 3529 μὲν,
1487 3458 1575 3512 διὰ
1593 3460 1684 3514 τὸν
1708 3460 1966 3530 πολέμιον

380 3542 547 3612 κόρον
582 3546 703 3607 ταῖς
740 3545 955 3610 ἀκοαῖς,
987 3547 1049 3600 τὸ
1074 3547 1153 3613 δέ,
1186 3548 1275 3603 διὰ
1311 3548 1411 3621 τὴν
1444 3549 1779 3621 συνέχουσαν
1809 3550 1965 3606 νόσον

379 3633 479 3686 τοῦ
504 3634 755 3706 σώματος
790 3635 1030 3708 (πέφυκε
1062 3641 1172 3711 γάρ
1203 3658 1322 3705 πως
1344 3641 1406 3694 τὸ
1433 3642 1619 3714 νοερὸν
1656 3641 1757 3713 τῆς
1784 3643 1964 3714 ψυχῆς

384 3714 725 3794 συγκάμνειν
773 3724 851 3797 τῷ
872 3726 1108 3797 σώματι,
1139 3729 1229 3783 διὰ
1260 3731 1362 3802 τὴν
1396 3730 1556 3802 ξένην
1589 3734 1685 3786 καὶ
1724 3732 1963 3805 ἄρρητον

382 3816 626 3885 ἕνωσιν),
652 3817 731 3887 τῷ
752 3816 933 3886 λιμένι
969 3821 1069 3888 τῆς
1099 3825 1333 3891 σιωπῆς,
1364 3822 1427 3876 τὸ
1455 3822 1548 3876 τοῦ
1584 3823 1743 3891 λόγου
1772 3824 1961 3879 πλοιά-

386 3921 503 3977 ριον
537 3905 965 3978 καθορμίσαιμι.

451 3995 517 4052 θ’.
551 3998 780 4068 Ὠχλουν
808 4003 938 4055 ποτὲ
969 4003 1063 4057 τὸν
1112 4005 1382 4076 μακάριον
1408 4009 1530 4061 κατ’
1560 4007 1698 4062 ίδίαν
1731 4010 1961 4080 γενόμεσ

378 4108 468 4155 νος
497 4092 596 4145 σὺν
619 4092 789 4164 αύτῷ,
821 4094 917 4147 καὶ
947 4094 1239 4166 Γραφικῶν
1291 4116 1453 4154 τινων
1496 4098 1828 4171 ζητημάτων
1852 4103 1960 4155 ἀπο

377 4181 544 4254 ᾔτουν
585 4185 903 4252 σαφήνειαν.
947 4186 1008 4241 '0
1057 4188 1113 4242 δὲ
1146 4194 1413 4262 προσηνεῖ
1436 4210 1527 4264 μοι
1557 4194 1835 4266 ἐμϐλέψας
1883 4194 1963 4265 τῷ

376 4276 615 4347 δμματι,
648 4280 742 4331 καὶ
773 4282 967 4352 μικρὸν
999 4282 1054 4336 δέ
1087 4284 1503 4354 ὑπομειδιάσας,
1532 4286 1606 4350 ὡς
1632 4290 1690 4342 ἐν
1722 4289 1834 4353 τοῖς
1862 4306 1963 4359 χα-

383 4369 557 4440 ρίεσιν
581 4370 811 4436 είθιστο,
829 4372 1123 4444 Φορολόγος
1143 4391 1233 4446 μοι
1257 4375 1525 4448 ἀτεχνῶς,
1550 4377 1749 4448 ἔρησεν
1770 4378 1960 4446 ἔοικας

378 4455 546 4529 εἶναι,
568 4465 783 4529 τέκνον,
803 4464 838 4535 ἦ
866 4466 1067 4536 μᾶλλον
1086 4468 1258 4520 εἰπεῖν
1286 4467 1601 4541 λογοφύρος.
1643 4471 1784 4540 Ἐγὼ
1812 4472 1890 4536 δέ,
1912 4476 1960 4528 εί

381 4554 477 4607 καὶ
504 4554 642 4625 πρὸς
674 4555 849 4626 βραχὺ
879 4558 1255 4628 παραιτοῦμαι
1283 4561 1382 4632 τὴν
1413 4560 1652 4633 αἴτησιν,
1689 4563 1961 4633 σκόπησον

382 4644 459 4709 ὠς
478 4645 737 4715 ἀγχίνους
758 4648 944 4714 αὐτὸς,
973 4650 1047 4720 μή
1068 4667 1198 4704 ποτε
1214 4651 1243 4705 ὃ
1261 4652 1599 4724 δυσχεραίνω
1627 4654 1787 4725 φιλῶ,
1810 4657 1902 4710 καὶ
1932 4656 1961 4710 δ

379 4734 759 4807 παραιτοῦμαι
788 4738 969 4793 ποθῶ·
1001 4740 1095 4796 καὶ
1140 4741 1201 4795 οὐ
1241 4741 1437 4816 μέμψῃ
1468 4760 1570 4815 μου
1604 4745 1703 4815 τὴν
1730 4746 1961 4818 ὑπέρθεο

380 4842 486 4880 σιν.
532 4825 661 4882 Ἐὰν
707 4828 812 4899 γὰρ
842 4829 1021 4902 ψυχὰς
1074 4826 1219 4903 εἶχον
1249 4834 1306 4887 αἱ
1353 4833 1465 4888 τῶν
1510 4834 1719 4890 ὑδάτων
1757 4836 1957 4906 πηγαὶ,

375 4919 774 4990 ηὐφράνθησαν
832 4923 899 4976 ἂν
948 4923 1406 4996 ἐξαντλούμεναιο
1469 4927 1852 4999 ἀπεκρίθησαν
1910 4929 1958 4983 δ’

375 5010 527 5075 ὅμως
581 5009 660 5079 τῷ
704 4998 877 5084 λόγῳ,
926 5014 1001 5077 ὡς
1061 5017 1312 5088 ἐπαχθῶς
1360 5016 1576 5090 ἔχουσιν
1631 4998 1951 5093 άρυύμεναι.

374 5100 549 5169 Κάγὼ
570 5103 755 5157 τοίνυν
778 5105 1077 5175 προθύμως
1105 5108 1199 5179 τὴν
1222 5109 1320 5180 σὴν
1351 5110 1605 5166 λεκανίδα
1635 5112 1727 5165 καὶ
1755 5112 1956 5168 κάλπιν

376 5194 750 5266 προσδέχομαι
773 5212 785 5225 ·
818 5197 880 5250 τὸ
909 5197 1020 5269 γὰρ
1064 5201 1213 5271 νᾶμα
1244 5201 1351 5254 τῶν
1386 5202 1564 5272 λόγων
1604 5204 1665 5257 ού
1690 5204 1838 5258 δέδια
1877 5205 1952 5277 μὴ

373 5281 644 5353 ἐπιλείψει
687 5304 788 5356 με’
845 5291 967 5344 ἐπεί
1008 5291 1089 5345 τοι
1136 5309 1199 5361 γε
1244 5295 1304 5346 τὸ
1354 5295 1485 5364 ἐμὸν
1533 5296 1793 5367 παρέοικε
1841 5297 1952 5353 τῶν

430 5499 523 5579 ,(1)
574 5501 901 5579 liuiusmodi
978 5505 1202 5579 facetias
1271 5509 1490 5579 nonnisi
1556 5510 1835 5566 rarissime
1894 5515 1947 5568 in

369 5569 563 5648 aliam_
589 5569 830 5644 linguam
863 5574 1149 5648 transferri
1190 5592 1350 5648 posse
1381 5578 1550 5632 dubio
1583 5592 1755 5644 caret,
1791 5582 1947 5636 ideo-

369 5653 480 5706 ηας
532 5641 866 5698 ιιυιιε’νορθε
894 5645 1112 5701 Graecas
1167 5641 1219 5703 iit
1257 5648 1462 5718 quibus
1491 5662 1694 5718 auctor
1728 5641 1944 5721 lepidis-

2060 478 2186 545 quis
2237 482 2543 551 comparari
2599 484 2799 554 poterit
2829 501 2957 539 cum
3009 487 3287 541 concinno
3324 487 3447 557 eius
3476 487 3649 543 bone-

2060 575 2255 638 stoque
2283 570 2501 626 dicendi
2527 574 2766 643 genere?
2792 574 3111 631 Melliﬂuum
3163 577 3314 633 illius
3349 593 3415 633 os
3435 579 3650 633 animas

2061 659 2369 717 delectabat
2405 681 2418 716 :
2451 679 2520 717 ex
2564 664 2825 721 omnibus
2869 667 2991 736 ejus
3041 669 3337 723 sententiis
3360 668 3645 738 ingenium

2060 750 2314 805 elucebat
2338 762 2503 820 atque
2536 768 2752 808 summa
2778 755 3020 809 suavitas
3049 763 3105 810 et
3136 767 3346 810 natura:
3371 764 3634 810 constan-

2062 842 2158 897 tia.
2194 841 2411 912 Ubique
2434 843 2577 897 idem
2632 854 2771 912 erat,
2804 858 2982 914 neque
3008 848 3254 910 varians,
3284 861 3648 916 nequearro—

2063 946 2195 1003 gans
2223 949 2236 985 :
2270 932 2326 987 in
2352 932 2601 989 docendo
2638 935 2929 1005 perspicua
2970 936 3295 998 attollebat;
3331 935 3389 993 in
3413 934 3648 990 dicendo

2062 1021 2233 1077 ardua
2275 1022 2482 1093 optime
2527 1022 2837 1094 explicabat
2867 1041 2883 1090 ;
2912 1025 2968 1078 in
3006 1024 3317 1081 scribendis
3349 1034 3534 1079 autem
3555 1024 3651 1079 lit-

2064 1112 2218 1179 teris,
2247 1115 2428 1184 qualis
2473 1115 2692 1172 tandem
2753 1115 3212 1171 suavitaslAdeo
3254 1114 3401 1170 enim
3438 1115 3647 1184 lepori-

2064 1206 2169 1261 bus
2226 1205 2417 1261 l‘aeetis
2460 1217 2518 1263 et
2572 1206 2865 1262 sententiis
2917 1207 3151 1263 ammnis
3204 1206 3528 1271 abundavit,
3565 1205 3647 1259 uti

2066 1297 2171 1354 hac
2194 1307 2379 1353 nostra
2409 1307 2567 1353 :utate
2620 1313 2781 1352 nemo
2829 1298 2993 1353 alius.
3022 1298 3167 1353 Deus
3193 1297 3327 1352 mihi
3361 1297 3517 1352 testis
3538 1306 3645 1357 est.

2068 1405 2155 1445 me
2190 1405 2475 1460 nunquam
2530 1390 2849 1445 discessisse
2895 1388 2964 1443 ab
3007 1391 3125 1459 ejus
3177 1388 3476 1458 colloquio,
3508 1389 3645 1457 quin

2065 1481 2428 1538 admiratione
2454 1481 2602 1537 illius
2621 1482 2826 1552 ingenii
2858 1482 3148 1552 perculsus
3175 1496 3378 1545 essem,
3407 1495 3471 1535 ac
3496 1489 3647 1533 tanta

2065 1584 2183 1631 erat
2236 1575 2353 1646 ejus
2418 1575 2681 1638 suavitas.
2729 1584 2789 1629 ut
2839 1574 3122 1629 auditores
3176 1587 3457 1642 nunquam
3485 1571 3649 1625 taedio

2069 1664 2437 1727 afﬁcerentur.
2471 1666 2581 1720 imo
2599 1664 2777 1719 dulcis
2801 1664 3000 1729 somni,
3042 1663 3151 1718 cibi
3190 1671 3464 1734 potusque
3491 1675 3650 1727 pror-

2072 1772 2166 1812 sus
2194 1755 2672 1829 obliviscerentur,
2704 1764 2838 1810 etut
2865 1754 3010 1808 diem
3044 1768 3167 1809 cum
3206 1768 3273 1808 eo
3309 1759 3648 1825 transactum

2073 1847 2224 1902 velut
2273 1861 2437 1900 unam
2491 1845 2684 1901 horam
2744 1845 3138 1911 caelestemque
3168 1839 3646 1898 conversationem

2075 1942 2412 2003 reputarem.

2139 2212 2193 2268 8.
2246 2211 2441 2267 Adhuc
2498 2210 2777 2265 memoria:
2820 2208 2996 2264 haeret
3041 2220 3258 2261 morum
3290 2204 3440 2260 illius
3468 2202 3644 2268 ratin;

2068 2304 2250 2360 adhuc
2277 2302 2460 2358 animo
2492 2300 2760 2371 impressa
2785 2308 2913 2354 sunt
2963 2310 3283 2354 sermonum
3310 2294 3433 2364 ejus
3469 2292 3608 2348 vesti
3629 2321 3645 2331 -

2065 2396 2190 2467 gia;
2232 2392 2414 2448 adhuc
2470 2390 2773 2447 harmoniae
2812 2402 2985 2444 sonus
3026 2384 3443 2454 circumstrepit
3485 2397 3650 2437 aures

2066 2502 2217 2543 meas
2249 2504 2262 2540 :
2294 2500 2422 2540 nam
2466 2497 2595 2539 vere
2649 2481 2883 2537 beatum
2924 2494 3013 2533 me
3092 2476 3475 2533 existimabam
3554 2473 3650 2527 illo

2066 2582 2311 2644 tempore
2342 2586 2453 2642 quo
2481 2570 2675 2626 audire
2700 2569 2836 2623 mihi
2858 2567 3065 2623 licebat
3091 2567 3236 2623 dicta
3262 2562 3646 2636 provenientia

2042 2682 2132 2739 {ex
2166 2665 2413 2735 sapiente
2464 2678 2561 2717 ore
2590 2677 2691 2733 per
2723 2660 2869 2733 quod
2892 2660 3036 2715 Deus
3062 2658 3310 2718 loauitur
3339 2667 3396 2712 et
3421 2656 3650 2727 Spiritus

2063 2754 2346 2825 sapientiae
2415 2751 2907 2821 intelligentizeque
2982 2748 3241 2804 donatur.
3296 2746 3439 2802 Vere
3498 2744 3647 2799 enim

2062 2846 2354 2917 seraphico
2394 2843 2827 2913 acutissimoque
2882 2839 3146 2911 praeditus
3192 2838 3296 2894 fuit
3348 2836 3511 2893 oculo
3537 2850 3647 2905 qno

2065 2937 2250 2993 omnia
2307 2936 2517 2990 circum
2571 2948 2693 2989 sese
2721 2930 3137 2987 accuratissime
3161 2926 3552 3000 perspiciebat.
3577 2924 3651 2982 Ut

2066 3039 2251 3084 autem
2284 3041 2380 3082 vos
2402 3041 2622 3096 quoque
2657 3039 2852 3079 eorum
2885 3038 3009 3093 quae
3041 3021 3165 3077 dico
3189 3030 3437 3076 exactam
3492 3016 3651 3072 intel-

2067 3119 2248 3190 ligatis
2308 3118 2601 3173 veritatem
2651 3131 2830 3186 neque
2878 3111 3037 3185 quasi
3088 3110 3434 3184 exaggeranti
3487 3108 3647 3163 fidem

2066 3208 2365 3280 denegetis.
2398 3223 2563 3263 unam
2593 3221 2707 3262 rem
2736 3221 2801 3260 ex
2832 3205 2980 3260 illius
3005 3203 3116 3257 vita
3135 3200 3401 3257 memoria
3427 3198 3647 3268 dignam

2065 3299 2226 3354 vobis
2256 3295 2773 3353 velutauditoribus
2793 3293 3201 3365 gratiﬁcaturus
3237 3289 3515 3344 enarrabo
3543 3302 3648 3341 nec

2067 3407 2176 3446 non
2243 3390 2450 3445 leviora
2487 3387 2734 3458 qutedam
2787 3386 2858 3442 ab
2886 3401 2954 3441 eo
3001 3384 3148 3440 dicta
3182 3382 3400 3445 addam,
3447 3381 3645 3450 partim

2069 3489 2129 3535 ut
2155 3478 2378 3535 taedium
2432 3476 2711 3534 audiendo
2749 3475 3091 3532 contrarium
3117 3471 3414 3544 depellam,
3441 3468 3643 3540 partim

2067 3572 2197 3643 quia
2222 3585 2426 3642 corpus
2453 3570 2636 3626 minus
2663 3568 2807 3626 bene
2832 3568 2977 3623 valet
3001 3567 3249 3638 (propter
3280 3562 3475 3619 miram
3497 3559 3643 3615 enim

2067 3662 2216 3717 illam
2242 3670 2297 3717 et
2327 3660 2602 3717 infandam
2642 3659 2906 3716 unionem
2946 3657 3020 3713 ita
3042 3672 3074 3712 a
3105 3665 3301 3712 natura
3327 3661 3406 3709 est
3435 3650 3646 3708 consti-

2069 3763 2246 3810 tutum
2274 3794 2291 3819 ,
2325 3762 2385 3808 ut
2433 3768 2558 3809 cum
2604 3766 2835 3823 corpore
2898 3749 3061 3807 simul
3117 3748 3300 3804 anima
3358 3744 3646 3829 rationalis

2067 3846 2269 3913 doleat)
2309 3864 2324 3901 :
2350 3855 2407 3901 et
2442 3845 2525 3902 sic
2582 3843 2803 3899 tandem
2829 3841 3103 3899 sermonis
3128 3838 3436 3897 naviculam
3466 3834 3535 3892 ad
3565 3835 3645 3891 si-

2066 3937 2222 3992 lentii
2249 3947 2467 4008 portum
2495 3935 2789 4007 appellam.

2136 4029 2190 4085 9.
2223 4028 2440 4084 Accidit
2474 4026 2776 4096 aliquando
2810 4033 2870 4080 ut
2903 4024 3126 4080 beatum
3155 4021 3356 4090 virum,
3387 4038 3513 4079 cum
3541 4025 3642 4079 soli

2064 4134 2331 4185 essemus,
2373 4132 2625 4186 urgerem
2697 4124 2756 4172 et
2821 4115 3154 4185 quaestiones
3225 4113 3488 4182 quasdam
3554 4115 3643 4170 bi-

2066 4210 2237 4266 blicas
2270 4219 2330 4265 ut
2350 4208 2651 4278 explicaret
2674 4206 2743 4261 ab
2777 4221 2844 4260 eo
2901 4215 3170 4276 peterem.
3216 4204 3312 4261 Ille
3348 4220 3501 4272 vero,
3524 4206 3639 4263 leui

2065 4317 2153 4357 me
2211 4300 2435 4355 intuens
2480 4298 2642 4353 oculo
2673 4307 2730 4353 et
2756 4295 3063 4368 paululum,
3091 4295 3168 4349 uti
3190 4296 3450 4353 in-rebus
3471 4298 3642 4368 gratis

1991 4391 2295 4470 Dsolebat,
2353 4388 2693 4446 subridens:
2730 4386 2963 4451 Revera,
3016 4386 3218 4457 inquit,
3289 4396 3346 4442 tu
3416 4389 3640 4457 φορολό-

2063 4501 2160 4554 γος
2187 4482 2260 4554 (2)
2295 4481 2665 4554 (vectigalium
2695 4481 2966 4544 exaczor),
3000 4488 3096 4533 aut
3124 4479 3309 4550 potius
3339 4479 3640 4550 λογοφόεος

2066 4575 2180 4647 (qui
2246 4572 2414 4628 verba
2462 4570 2690 4642 profert)
2729 4585 2850 4626 esse
2886 4568 3109 4624 videris.
3163 4567 3319 4634 Quod
3358 4569 3404 4623 si
3441 4583 3542 4639 ego
3569 4568 3637 4623 ad

2062 4667 2230 4723 breve
2300 4674 2518 4735 tempus
2540 4662 2904 4733 quastionem
2959 4660 3174 4731 rejicio,
3219 4669 3276 4715 tu
3304 4660 3457 4715 velut
3502 4677 3641 4731 pru-

2061 4759 2200 4815 dens
2235 4755 2546 4822 considera,
2569 4768 2776 4826 quaeso,
2808 4767 2992 4808 annon
3038 4751 3172 4808 illud
3211 4751 3357 4823 quod
3398 4752 3639 4823 reprobo

2059 4851 2305 4921 diligam,
2335 4855 2393 4903 et
2420 4845 2566 4917 quod
2620 4844 2808 4917 rejicio
2834 4842 3168 4910 desiderem,
3199 4852 3362 4915 atque
3395 4844 3475 4901 sic
3496 4843 3638 4899 dila-

2061 4944 2268 4998 tionem
2291 4938 2436 4995 haud
2469 4937 2863 5010 reprehendes.
2897 4936 3037 4993 Nam
3075 4937 3120 4992 si
3150 4952 3425 5008 aquarum
3453 4936 3636 4993 fontes

2059 5030 2330 5085 baberent
2375 5028 2608 5093 animas,
2656 5026 2910 5082 exhausti
2944 5027 3251 5097 gauderent
3279 5028 3523 5098 quidem,
3557 5037 3635 5085 at-

2059 5130 2239 5176 tamen
2295 5117 2441 5190 quod
2469 5116 2730 5173 exantlati
2767 5117 2900 5182 sint,
2945 5118 3172 5174 moleste
3198 5134 3258 5175 se
3289 5118 3434 5174 ferre
3476 5118 3628 5176 dice-

2059 5221 2195 5265 rent.
2234 5210 2403 5280 igitur
2453 5223 2554 5279 ego
2610 5223 2828 5278 quoque
2871 5208 3110 5265 libenter
3158 5210 3440 5267 vasculum
3469 5220 3625 5267 tuum

2055 5300 2504 5371 accipiozncque
2555 5300 2701 5355 enim
2744 5299 2953 5357 fontem
3012 5301 3312 5358 verborum;
3355 5302 3488 5358 mih;
3521 5318 3629 5359 un-

2049 5520 2197 5643 Eime
2235 5516 2398 5641 genio
2453 5516 2717 5587 indulget,
2778 5517 3099 5573 retinendas
3118 5534 3238 5574 esse
3285 5504 3626 5573 ccuéuimus.

2097 5605 2203 5643 υιτ.
2277 5603 2396 5642 un.

2097 5605 2203 5643 Dl'l'.
2235 5603 2396 5642 I'A'I'R.
