4122 6212
484 336 588 402 507

1929 349 2276 412 ANONYMI

3638 356 3743 422 508

488 463 655 518 quam
715 454 1035 511 defuturum
1097 470 1219 511 esse
1264 458 1400 524 seio,
1455 458 1727 528 siquidem
1788 461 1890 516 iste
1947 464 2062 517 fons

2172 466 2446 532 γυναικῶν
2480 471 2596 532 ταῖς
2641 466 2829 539 θηλαίς
2876 466 2993 538 (καὶ
3038 467 3114 539 μή
3167 482 3256 536 μοι
3287 466 3345 519 τὸ
3388 467 3741 539 παράδειγμα

489 538 783 595 mulierum
833 544 1084 600 mmmls
1133 545 1333 601 similis
1384 556 1472 602 est
1534 549 1669 615 (ποΙὶ
1729 561 1911 606 autem
1955 551 2060 605 hac

410 665 417 669 ς
489 633 896 701 comparatione
951 636 1197 691 otl‘etnli:
1231 638 1365 693 nihil
1416 639 1563 693 enim
1594 648 1751 710 turpe
1793 643 1940 713 quod
1965 657 2062 698 na-

490 732 612 776 tura
660 724 957 797 producit).
992 728 1280 794 Quomodo
1307 730 1474 801 igitur
1506 732 1611 787 illa:
1633 732 1718 787 lac
1756 732 1907 788 illinc
1938 749 2062 789 sca-

492 812 704 869 turiens
777 816 1118 875 eﬂ'undant?
1187 836 1299 875 non
1352 829 1441 876 est
1492 823 1642 876 enim
1710 823 1819 878 tale
1880 838 2060 893 neque

487 910 700 958 tantum
736 906 792 961 in
836 918 1026 974 carne,
1054 910 1150 966 sed
1190 912 1333 967 labia
1362 913 1715 982 parvulorum
1749 914 2059 983 sugentium

488 1009 784 1053 mammam
848 1002 1167 1071 exsugentia
1206 1012 1262 1058 et
1285 1019 1552 1059 summam
1585 1004 1879 1060 mamiliam
1913 1021 2065 1060 com-

488 1085 777 1155 primentia
813 1089 1074 1147 humores
1102 1093 1159 1147 in
1190 1095 1464 1163 profundo
1494 1095 1730 1152 latentes
1756 1096 2063 1153 hauriendo

488 1176 733 1235 educunt
747 1190 912 1253 atque
934 1184 1207 1254 proﬂuere
1223 1188 1453 1255 faciunt,
1476 1200 1669 1259 estque
1689 1204 1820 1246 sane
1839 1191 2063 1247 evidens

488 1285 552 1324 ex
579 1288 646 1327 eo
670 1274 840 1344 quod,
891 1277 1057 1332 simul
1100 1286 1266 1350 atque
1310 1282 1572 1351 parvulus
1615 1297 1810 1354 sugere
1836 1283 2060 1348 desinit,

489 1377 723 1420 mamma
745 1367 944 1424 arescit
976 1384 1156 1440 neque
1189 1374 1424 1442 amplius
1444 1373 1534 1429 lac
1563 1373 1681 1430 ﬂuit
1714 1390 1727 1426 :
1755 1374 2060 1446 eodemque

489 1452 656 1510 modo
686 1470 746 1513 se
784 1457 994 1515 habent
1038 1464 1218 1533 putei,
1254 1465 1311 1519 in
1345 1465 1546 1535 quibus
1574 1482 1674 1535 per
1707 1466 2057 1523 eﬂ‘ossionem

490 1559 631 1614 aqua
663 1547 939 1616 educitur,
985 1568 1185 1624 neque,
1224 1563 1285 1611 ut
1314 1557 1564 1611 nonnulli
1595 1558 1910 1628 opinantur,
1961 1575 2061 1630 ap-

492 1644 647 1702 paret
691 1640 1055 1710 agglomeraza
1102 1644 1159 1698 in
1214 1645 1538 1716 quibusdam
1573 1649 1936 1716 convallibus,
1963 1652 2059 1707 sed

490 1725 683 1785 latices
756 1730 1018 1791 fodiendo
1061 1753 1388 1808 compressa:
1442 1739 1789 1795 abundanter
1840 1759 2059 1812 proma-

491 1827 660 1873 nam:
701 1818 783 1875 sic
809 1834 910 1893 ego
931 1836 1150 1895 quoque
1181 1807 1248 1882 iis
1291 1830 1386 1898 qui
1420 1830 1586 1884 verba
1629 1847 1748 1885 mea
1768 1807 2058 1900 effodiunt,
2092 1807 2141 1866 Β

490 1907 789 1966 rationales
814 1912 997 1971 fontes
1022 1919 1339 1988 suppedito,
1374 1922 1671 1991 etquando
1704 1938 1792 1978 me
1825 1925 2058 1990 fodiunt,

488 2005 642 2052 scatu
653 2000 752 2054 rio.

566 2089 649 2144 l0.
703 2091 915 2160 Quibus
974 2099 1216 2164 auditis,
1254 2102 1509 2172 protinus
1556 2104 1762 2160 obticui
1821 2105 2062 2175 hwsiquc

388 2206 391 2207 ν
488 2180 672 2234 animo
700 2197 764 2237 ac
795 2200 1008 2241 mecum
1054 2190 1134 2245 sic
1157 2190 1272 2246 fere
1311 2196 1558 2262 reputavi
1590 2212 1603 2249 :
1630 2195 1915 2263 Quomodo
1946 2210 2062 2253 tau-

488 2269 612 2324 dem
645 2269 703 2326 lit
730 2284 791 2330 ut
809 2277 896 2331 hic
926 2278 1239 2336 vir.morali
1263 2298 1327 2338 ac
1352 2284 1574 2353 politica
1592 2286 1942 2358 philosophia
1964 2306 2063 2360 up-

491 2361 963 2429 timeinStructus.
1000 2380 1055 2425 et
1106 2372 1160 2426 in
1203 2373 1474 2446 theologia
1501 2381 1926 2445 versutissimus,
1962 2399 2063 2437 nec

487 2448 546 2504 in
577 2467 757 2508 rerum
807 2458 1137 2515 naturalium
1200 2464 1431 2520 scientia
1505 2468 1702 2539 hospes
1758 2472 1886 2525 sit?
1942 2472 2060 2527 lant

488 2554 624 2594 vero
650 2544 889 2600 animum
922 2550 1043 2617 ejus
1071 2555 1382 2622 comparavi
1415 2572 1537 2611 eum
1574 2560 1884 2629 margarita,
1934 2577 2066 2616 eam

490 2631 771 2690 didissima
797 2645 852 2691 et
880 2639 1121 2709 fulgente
1140 2653 1195 2698 et
1212 2660 1430 2700 sursum
1461 2659 1694 2705 coeunte
1716 2660 1771 2705 et
1800 2653 1866 2706 ad
1887 2651 2060 2708 Deum

486 2736 771 2795 tergente.
810 2726 1031 2785 Naturae
1082 2734 1228 2788 enim
1281 2737 1466 2791 studio
1521 2738 1869 2805 incumbens,
1914 2744 2097 2821 velut,

490 2810 819 2878 quibusdam
884 2816 1119 2874 vinculis
1164 2838 1222 2876 se
1279 2825 1633 2886 constrinxit.
1695 2829 1839 2883 ntad
1892 2831 2064 2884 instar

488 2898 707 2970 lapidis,
758 2904 1056 2974 digitorum
1108 2914 1516 2980 compressione
1560 2916 1614 2972 in
1647 2919 1818 2974 altum
1850 2923 2059 2987 emissi,

488 2999 654 3060 atque
712 2993 779 3048 ad
828 3002 1050 3053 modum
1107 3004 1316 3073 sagittas
1355 3001 1384 3060 a
1417 3009 1596 3077 perito
1615 3011 1900 3082 sagittario
1930 3030 2059 3083 pro—

486 3081 665 3151 jectze,
692 3085 758 3141 ad
790 3088 1066 3147 caelestem
1089 3108 1314 3165 scapum
1346 3081 1696 3172 dirigeraur,

564 3360 649 3416 ll.
676 3360 741 3417 At
783 3371 861 3429 tu,
891 3380 923 3419 ο
946 3364 1110 3423 Pater
1158 3378 1400 3439 patrum,
1433 3372 1693 3431 solitariae
1715 3379 1840 3432 vitae
1870 3379 1977 3434 dux
2007 3391 2063 3436 et

484 3450 752 3522 magister
789 3454 1168 3526 (ignorabatur
1197 3460 1366 3528 enim,
1399 3479 1524 3518 cum
1568 3464 1712 3521 inter
1739 3478 1838 3522 nos
1872 3484 2064 3524 versa-

486 3556 661 3603 retur,
697 3554 954 3615 tanquam
977 3564 1076 3604 vas
1114 3551 1436 3625 abiectum),
1458 3556 1552 3626 qui
1579 3557 1708 3612 hinc
1737 3558 2061 3627 discessisti,

486 3642 544 3686 et
581 3636 833 3691 asceticis
888 3639 991 3693 alis
1028 3641 1274 3698 sublatus
1330 3661 1478 3700 nunc
1505 3649 1652 3718 apud
1686 3650 1855 3704 Deum
1885 3653 2059 3723 «legis,

481 3724 594 3800 jam
658 3724 801 3787 haud
861 3730 1095 3804 amplius
1130 3732 1201 3793 de
1240 3738 1478 3796 terrenis
1535 3752 1722 3800 curam
1757 3743 1871 3816 agis
1909 3744 2062 3802 :imo

484 3819 597 3885 lex,
651 3821 868 3891 opinor,
918 3839 1016 3880 vos
1066 3826 1126 3881 in
1174 3832 1374 3885 coelum
1431 3846 1679 3904 receptos
1705 3838 1770 3890 ad
1818 3848 2059 3893 nostram

490 3921 692 3966 terram
744 3917 948 3969 reverti
1015 3918 1273 3987 prohibet
1316 3938 1329 3974 :
1366 3939 1471 3979 nos
1508 3935 1713 3991 autem,
1774 3938 1834 3982 ut
1870 3928 1965 3982 lilii
1998 3945 2063 3985 ac

493 4005 771 4075 discipuli,
803 4009 1198 4079 supplicamus,
1224 4012 1648 4084 primogenitum
1702 4027 1856 4072 tuum
1889 4020 2061 4076 tilium

487 4105 544 4149 et
586 4098 879 4153 zelatorem
909 4108 966 4155 et
1015 4098 1234 4158 Patrem
1269 4112 1522 4160 nostrum
1565 4116 1821 4179 tanquam
1851 4110 2059 4165 media-

491 4196 664 4241 torem
724 4189 824 4243 tibi
877 4191 1236 4260 adducentes,
1261 4205 1317 4251 et
1346 4212 1635 4267 precamur
1665 4208 1745 4266 ut,
1779 4201 2055 4272 siquidem

488 4278 673 4334 divina
732 4286 1114 4352 mansuetudo,
1170 4289 1327 4359 cujus
1369 4303 1399 4342 a
1426 4290 1613 4359 pueris
1661 4292 1936 4350 tenebaris
1967 4294 2062 4350 de-

487 4370 713 4438 siderio,
757 4380 809 4428 te
858 4377 1065 4446 recepit
1090 4388 1146 4434 et
1186 4380 1240 4434 in
1265 4380 1469 4437 divinis
1513 4383 2060 4457 immutabilibusque

2166 557 2499 628 ἐπιμέμφοιο
2524 576 2537 588 ο
2560 559 2712 613 οὐδὲν
2733 560 2840 631 γὰρ
2862 558 3165 629 ἀπόϐλητον
3181 556 3340 628 ἔργον
3360 558 3458 628 τῆς
3478 556 3733 629 φύσεως).

2168 649 2291 711 Πῶς
2326 647 2421 704 οὖν
2456 652 2666 704 ἐκεῖναι
2690 649 2852 704 τοῦτο
2889 648 3227 729 mirﬁcum
3263 650 3394 703 αὐτὸ
3419 650 3479 703 τδ
3514 651 3655 719 γάλα
3678 652 3739 703 τὸ

2168 743 2359 812 βλύζον
2390 745 2635 812 ἐκεῖθεν;
2666 745 2742 799 Οὐ
2781 744 3023 799 τοιοῦτόν
3055 744 3223 808 ἐστιν,
3264 744 3376 796 ἀλλ’
3406 742 3525 796 οὐδὲ
3550 744 3739 798 τοσοῦ-

2166 850 2258 886 τον
2287 834 2344 886 ὲν
2382 836 2499 897 ταῖς
2540 834 2719 907 σαρξὶ.
2758 837 2827 888 τὰ
2857 832 2914 887 δὲ
2955 834 3064 887 τῶν
3101 834 3443 907 θηλαζόντων
3493 836 3736 906 στόματα

2169 929 2508 998 βρεφυλλίων
2536 931 2628 985 τὸν
2658 931 2865 998 μασθὸν
2894 930 3240 995 ὲκπιὲζοντα,
3281 930 3372 984 καὶ
3411 930 3501 984 τὸν
3531 931 3737 1004 ἐμπρο-

2170 1023 2296 1075 σθεν
2353 1023 2458 1093 μῦν
2513 1021 2885 1087 ὲπιθλίϐοντα,
2918 1023 3017 1089 τὰς
3064 1024 3165 1093 μὲν
3208 1024 3734 1093 ἐγκατεσπαρμένας

2165 1116 2244 1184 τῷ
2282 1115 2436 1187 βάθει
2487 1115 2695 1180 νοτίδας
2727 1114 2805 1186 τῷ
2860 1113 3118 1186 ἑλκυσμῷ
3171 1114 3733 1185 ἀνυγραίνουσιν,-είς

2169 1209 2347 1278 ῥεῦμα
2376 1210 2430 1264 δὲ
2456 1206 2843 1278 μεταωιοῦσιν
2868 1208 3000 1262 αὐτό
3018 1224 3033 1239 ο
3066 1207 3158 1261 καὶ
3186 1208 3503 1276 τεκμήριον,
3535 1209 3615 1261 ὅτι
3641 1209 3734 1261 ἐὰν

2168 1300 2404 1354 ἐπιλίποι
2434 1300 2493 1353 τὸ
2531 1299 2762 1370 θηλάζον
2801 1298 3139 1368 βρεφύλλιον,
3185 1299 3522 1366 κατέψυκται
3550 1299 3578 1350 ὁ
3630 1315 3732 1367 μα-

2168 1393 2313 1455 στὸς.
2347 1395 2440 1447 καὶ
2466 1392 2699 1462 οὐδαμοῦ
2728 1393 2788 1446 τὸ
2809 1391 2950 1459 γάλα
2980 1391 3268 1462 προχέεται
3289 1407 3302 1420 ·
3335 1390 3428 1444 καὶ
3448 1391 3594 1444 δοκεῖ
3618 1390 3733 1453 πῶς

2166 1484 2225 1537 τὸ
2250 1485 2356 1538 πᾶν
2383 1483 2614 1537 ἐοικέναι
2640 1482 2958 1553 φρεωρυχίᾳ
2976 1498 2990 1512 ο
3016 1480 3269 1534 κάκεῖθεν
3293 1481 3401 1551 γὰρ
3432 1483 3465 1552 ἡ
3495 1481 3733 1550 διωρυχὴ

2166 1575 2226 1627 τὸ
2254 1572 2396 1645 ὔδωρ
2448 1573 2706 1636 ἐκθλίϐει,
2745 1574 2838 1625 καὶ
2879 1573 2980 1625 οὐκ
3024 1571 3331 1641 ἀναφαίνει,
3368 1571 3547 1635 καθώς
3590 1588 3729 1632 τινες

2166 1664 2387 1729 οἴονται,
2425 1664 2907 1733 ὲντεθαυρισμένον
2929 1664 3076 1716 κάτω
3106 1680 3206 1716 που
3236 1665 3347 1725 τοῖς
3380 1661 3732 1731 κοιλώμασιν,

2166 1753 2303 1807 ἀλλὰ
2328 1753 2521 1818 νοτίδες
2553 1752 2963 1822 συνθλιϐόμεναι
2986 1754 3094 1814 τοῖς
3119 1751 3414 1823 ὀρύγμασι,
3453 1751 3549 1812 τὰς
3580 1752 3733 1820 ἐπιρ-

2173 1847 2297 1918 ῥοὰς
2333 1845 2718 1899 ἐπιλείϐουσιν.
2756 1843 2911 1897 Οὕτω
2947 1842 3124 1896 τοίνυν
3172 1843 3326 1910 κάγὼ
3358 1844 3471 1905 τοῖς
3515 1841 3621 1895 τῶν
3644 1841 3735 1894 λό-

2167 1956 2278 2007 γων
2312 1955 2411 2005 μου
2432 1937 2770 2009 φρεωρύχοις
2790 1936 2884 1997 τὰς
2914 1934 3136 2003 λογικὰς
3158 1934 3456 2004 ἀποδίδωμι
3479 1933 3733 1996 πίδακας.

2168 2032 2229 2083 ΕΞ
2263 2028 2370 2100 γὰρ
2400 2028 2694 2100 ὀρύττομαι
2725 2027 2853 2099 παρ’
2880 2026 3077 2093 αὐτῶν,
3107 2025 3519 2096 ἀνυγραίνομαι.

2241 2127 2291 2173 ι’.
2327 2120 2545 2173 Τούτων
2564 2120 2801 2183 ἀκούσας
2819 2118 2949 2188 ἐγὼ,
2984 2119 3322 2189 παραχρῆμα
3349 2117 3544 2185 γέγονα
3567 2116 3733 2180 ὲνεδς,

2168 2214 2262 2266 καὶ
2289 2211 2577 2283 διηπόρουν
2620 2211 2742 2264 κατ’
2767 2211 3021 2280 ἐμαυτὸν,
3064 2209 3157 2262 καὶ
3182 2207 3369 2278 ὥσπερ
3398 2208 3736 2276 ὑπεφθεγγό-

2171 2318 2279 2372 μην
2310 2301 2387 2370 τῷ
2418 2299 2664 2370 λογισμῷ
2683 2318 2697 2331 ·
2734 2300 2904 2355 Πόθεν
2934 2300 3039 2370 ἄρα
3069 2299 3098 2351 ό
3129 2297 3411 2369 ἄνθρωπος
3447 2290 3601 2361 οὗτος
3637 2298 3736 2368 τὴν

2168 2394 2363 2464 ἠθικήν
2413 2409 2473 2444 τε
2522 2391 2613 2444 καὶ
2669 2391 3017 2461 οἰκονομικὴν
3065 2388 3382 2458 φιλοσοφίαν
3440 2390 3518 2452 είς
3568 2391 3735 2460 ἀκρον

2167 2481 2507 2553 ἑξασκηκὼς,
2539 2483 2640 2553 ἤδη
2673 2483 2728 2535 δὲ
2768 2482 2862 2535 καὶ
2896 2482 2993 2551 τὴν
3025 2480 3301 2549 θεολογίαν
3332 2479 3733 2550 κατωρθωκὼς,

2166 2577 2287 2630 οὐδὲ
2311 2576 2412 2644 τῆς
2437 2574 2782 2645 φυσιολογίας
2802 2574 2970 2642 αὐτῆς
2998 2573 3380 2628 ἀπολέλειπται
3405 2589 3419 2638 ;
3457 2571 3618 2624 Ἀλλὰ
3642 2573 3736 2625 καὶ

2170 2671 2515 2741 μαργαρίτην
2550 2670 2848 2735 ἀπείκαζω
2872 2665 3007 2723 εἶναι
3036 2669 3135 2734 τὴν
3156 2668 3363 2723 ἐκείνου
3387 2665 3584 2737 ψυχὴν,
3613 2667 3737 2729 λευτ

2160 2763 2390 2817 ’κότατόν
2418 2780 2478 2817 τε
2525 2763 2615 2816 καὶ⁵
2647 2762 2927 2817 στίλϐοντα
2954 2761 3048 2815 καὶ
3088 2762 3166 2824 είς
3202 2760 3370 2830 ἄκρον
3400 2760 3733 2829 σφαιρούμεο

2168 2872 2276 2920 νον,
2303 2854 2397 2907 καὶ
2428 2854 2561 2925 πρὸς
2583 2854 2715 2906 Θεὸν
2743 2854 2854 2907 ἄνω
2880 2852 3245 2923 πεμπόμενον.
3269 2851 3600 2919 Συνέσφιγγε
3626 2850 3733 2919 γὰρ

2169 2945 2357 2998 ἑαυτὸν
2388 2938 2475 2997 οἶά
2508 2960 2615 2996 τισι
2662 2944 2924 3011 πείσμασι
2954 2943 3074 3005 ταῖς
3116 2941 3221 2993 τῶν
3251 2941 3419 2994 ὄντων
3476 2940 3737 3010 περιπλοο

2168 3039 2310 3100 καῖς,
2344 3035 2429 3088 ἵνα
2466 3034 2653 3105 ὥσπερ
2679 3036 2729 3087 oi
2774 3033 3030 3104 πυρῆνες,
3063 3032 3151 3086 διὰ
3193 3031 3288 3085 τοῦ
3320 3031 3424 3085 τῶν
3457 3030 3735 3086 δακτύλων

2087 3155 2131 3215 C
2171 3128 2469 3196 πιέσμτος
2508 3122 2645 3193 πρὸς
2674 3121 2903 3193 οὐρανὸν
2936 3120 3181 3215 ἀφεθεὶς]
3226 3112 3314 3172 οἷα
3341 3118 3404 3188 δὴ
3447 3117 3615 3215 Δμέλος
3647 3120 3735 3170 ἔνο

2165 3218 2353 3287 τέχνου
2384 3215 2599 3279 τοξότου
2646 3214 2809 3285 χειρὶ,
2840 3212 2974 3283 πρὸς
3011 3212 3099 3264 τὸν
3147 3211 3258 3265 ἄνω
3302 3211 3502 3262 σκοπὸν
3544 3210 3735 3262 ἀποτοι

2166 3308 2404 3378 ξευθείη.

2237 3398 2325 3454 ια’.
2373 3399 2536 3463 Ἀλλ’,
2568 3393 2612 3453 ὦ
2657 3396 2837 3466 Πάτερ
2870 3393 3143 3465 πατέρων,
3178 3393 3269 3445 καὶ
3298 3393 3392 3461 τῆς
3440 3390 3734 3462 μοναδικῆς

2164 3490 2440 3553 πολιτείας
2493 3487 2780 3559 καθηγητὲ
2828 3487 2923 3538 καὶ
2973 3484 3254 3538 διδάσκαλε
3308 3483 3575 3551 (ἠγνὼητο
3620 3481 3731 3548 γὰρ

2167 3582 2296 3647 παρ’
2330 3584 2482 3650 ἡμῖν,
2515 3580 2607 3633 καὶ
2644 3577 2717 3641 ὦς
2745 3595 2798 3631 τι
2834 3576 3024 3640 σκεῦος
3058 3574 3634 3646 ἁπεριττοᾶχρηστον),
3668 3574 3731 3624 σὺ

2164 3676 2267 3742 μὲν
2300 3672 2517 3741 ἀπάρας
2550 3668 2822 3726 ἐντεῦθεν.
2870 3670 2964 3720 καὶ
2999 3668 3313 3736 ἁσκητωίοῖς
3359 3666 3574 3735 πτεροῖς
3609 3680 3735 3716 κου-

2164 3762 2394 3831 φισθεὶς,
2423 3761 2517 3812 καὶ
2545 3758 2621 3827 τῷ
2639 3757 2919 3829 Κρείττονι
2947 3755 3362 3824 συγγενόμενος,
3387 3751 3548 3826 ἦττον
3580 3770 3735 3822 φρον-

2162 3854 2331 3917 τίζεις
2364 3850 2471 3904 τῶν
2501 3849 2793 3919 λογυδρίων
2822 3848 2983 3918 ἡμῶν
3010 3864 3021 3876 ’
3059 3846 3194 3900 ἀλλὰ
3240 3846 3336 3897 καὶ
3374 3845 3535 3913 νόμος
3566 3846 3731 3907 ἐστὶν,

2161 3945 2236 4007 ὡς
2287 3940 2490 4004 ἀκούω,
2532 3941 2643 4002 τοῖς
2694 3937 3082 3991 ἁποθεωθείσιν
3135 3937 3283 4004 ὑμῖν,
3344 3936 3545 4006 μηκέτι
3601 3934 3732 4004 πρὸς

2161 4035 2321 4105 τήνδε
2354 4032 2511 4103 ἡμῶν
2542 4030 2640 4101 τὴν
2673 4030 2929 4100 ἐσχατιὰν
2962 4024 3406 4098 ἐπιστρέφεσθαι.
3451 4025 3641 4094 Ἡμεῖς
3678 4023 3734 4077 δὲ

2164 4127 2260 4181 καὶ
2290 4123 2477 4184 παῖδες
2508 4121 2606 4174 καὶ
2639 4118 2879 4190 μαθηταὶ
2913 4117 3249 4186 ἱκετεύομεν.
3279 4116 3368 4168 τὸν
3401 4115 3491 4168 σὺν
3518 4113 3733 4193 πρωτόέ

2162 4234 2320 4270 τόκον
2366 4216 2528 4267 παῖδα
2557 4212 2651 4265 καὶ
2678 4209 2924 4281 ζηλωτὴν
2970 4208 3059 4260 καὶ
3097 4206 3310 4277 Πατέρα
3359 4205 3626 4276 ἡμέτερον
3657 4205 3734 4267 είς

2167 4303 2444 4377 μεσιτείαν
2478 4318 2559 4356 σοι
2597 4300 3024 4373 προϐαλλόμενοι
3048 4315 3059 4326 ·
3087 4299 3181 4352 καὶ
3207 4295 3464 4367 ἀξιοῦμεν
3490 4295 3564 4357 ὡς
3588 4295 3734 4347 ὲπείο

2167 4414 2272 4467 περ
2298 4396 2330 4465 ἡ
2364 4393 2480 4447 θεία
2510 4391 2781 4462 γλυκύτης
2801 4386 2978 4462 ἧν,ἣν
2999 4392 3061 4442 ὲκ
3091 4389 3340 4457 νεότητος
3367 4385 3733 4455 ἐπεπόθησαῖ.

486 4462 919 4520 habitationibus
946 4482 1156 4523 summa
1200 4478 1253 4526 te
1301 4472 1586 4542 voluptate
1642 4475 1817 4530 imbui
1860 4479 2056 4542 voluit,

486 4551 845 4572 κωμιμι
957 4555 968 4568 .
1046 4563 1115 4572 ,Α
1270 4559 1285 4572 .
1560 4563 1574 4572 .
1616 4563 1652 4572 ,
1757 4565 1769 4572 .

2168 4462 2531 4557 προς-ἑαυτὴν
2560 4482 2935 4544 ἀνειλκύσατο,
2979 4482 3071 4534 καὶ
3100 4482 3219 4543 ταῖς
3249 4480 3420 4543 θείαις
3459 4480 3552 4531 καὶ
3598 4479 3737 4545 ἀκηο

484 4551 631 4606 haud
659 4553 1002 4611 obliviscaris
1042 4559 1385 4615 intercedere
1431 4563 1576 4630 apud
1616 4563 1906 4620 Dominum
1956 4584 2058 4638 pro

482 4645 667 4708 nobis,
691 4661 930 4717 eumque
949 4649 1206 4718 precibus
1239 4653 1347 4705 tuis
1368 4654 1666 4722 propitium
1692 4658 2060 4715 reddasnobis

484 4738 602 4804 qui,
655 4740 906 4807 quamvis
940 4740 1123 4795 adhuc
1171 4743 1226 4797 in
1262 4751 1432 4807 terra,
1483 4747 1561 4801 tui
1599 4763 1809 4802 sumus.
1851 4751 1932 4804 'l‘u
1961 4768 2058 4805 au-

480 4834 616 4891 tem,
675 4828 841 4883 Pater
892 4841 1132 4894 nostras,
1163 4843 1213 4886 te
1242 4831 1429 4902 ipsum
1458 4850 1677 4901 accusa,
1710 4838 1756 4891 si
1780 4840 2059 4895 sermonis

484 4917 659 4971 nostri
688 4920 990 4988 amplitudo
1018 4936 1278 4977 nauseam
1311 4924 1417 4977 tibi
1451 4936 1641 4981 creet:
1678 4935 1734 4982 tu
1756 4928 1909 4981 enim
1942 4929 2059 4998 ipse

480 5008 820 5077 profundum
870 5011 982 5067 ‘hou
1043 5014 1298 5084 poculum
1352 5016 1454 5071 tibi
1518 5032 1618 5074 nos
1676 5019 1909 5075 miscere
1938 5022 2059 5092 jus-

487 5100 628 5154 sisti.

557 5191 645 5247 η.
671 5192 781 5249 Nos
828 5208 980 5259 vero,
1044 5212 1076 5251 ο
1113 5197 1307 5253 Patres
1330 5209 1390 5254 et
1438 5200 1655 5266 fratres,
1684 5203 2059 5259 venerandum

486 5282 641 5337 illum
694 5284 911 5337 Patrem
943 5301 1006 5340 ac
1044 5288 1375 5356 sempiterna
1408 5293 1674 5345 memoria
1705 5295 2058 5350 reculendum

488 5376 693 5430 imitari
750 5376 1404 5435 studeamuszhabemus
1447 5381 1601 5436 enim
1654 5384 1849 5439 ducem
1886 5387 2064 5443 imita-

491 5470 659 5522 tionis
675 5469 887 5523 huncce
917 5480 1165 5525 nostrum
1197 5486 1587 5544 pneceptorem
1611 5493 1676 5532 ac
1712 5480 2058 5548 magistrum,

493 5555 595 5624 qui
613 5555 680 5609 atl
704 5548 850 5612 illius
870 5557 1032 5613 vitam
1062 5566 1119 5615 et
1151 5570 1407 5627 mentem,
1439 5573 1500 5618 ut
1523 5581 1685 5619 nemo
1708 5568 1853 5623 alius
1872 5586 2061 5624 eorum

495 5646 586 5714 qui
614 5647 834 5716 adsunt,
878 5666 946 5706 so
970 5652 1264 5717 formavit,
1310 5656 1541 5725 ejusque
1569 5656 1860 5728 imaginem
1896 5661 2059 5715 simil-

490 5740 673 5795 limam
720 5751 775 5799 et
824 5759 1005 5799 mores
1036 5745 1436 5802 sincerissimos
1476 5749 1719 5805 exhibet.
1770 5751 2062 5819 Habemus,

2168 4580 2350 4655 ράτοις
2383 4578 2571 4649 μοναῖς
2616 4576 2964 4648 ὲπεντρυφᾷν
2993 4591 3051 4625 σε
3093 4575 3292 4641 ἠξίωσε
3318 4588 3333 4601 ·
3377 4572 3450 4642 μὴ
3503 4570 3736 4641 ἐπιλάθῃ

2162 4669 2484 4741 πρεσϐεύειν
2508 4671 2599 4721 τὸν
2626 4668 2904 4736 Δεσπότην
2933 4665 3073 4734 ὑπὲρ
3096 4664 3271 4732 ἡμῶν,
3304 4664 3403 4717 καὶ
3426 4662 3585 4715 ίιλεων
3614 4661 3735 4713 τοῦ·

2162 4780 2251 4815 τον
2279 4759 2573 4815 διατιθέναι
2617 4760 2749 4830 ἡμῖν
2800 4756 2910 4819 τοῖς
2952 4755 3103 4809 κάτω
3130 4758 3230 4808 καὶ
3280 4757 3413 4817 σοῖς,
3444 4756 3565 4816 ταῖς
3602 4752 3737 4820 πρὸς

2162 4852 2323 4906 αὐτὴν
2363 4850 2591 4913 ἱκεσίαις
2622 4864 2748 4903 σου*
2783 4847 2898 4901 ἀλλ’
2926 4845 3284 4915 ἑνεπλήσθης,
3321 4838 3367 4898 ὦ
3390 4844 3571 4914 Πάτερ
3602 4844 3741 4912 ἠμε-

2158 4943 2321 5007 δαπὲ,
2369 4942 2467 5013 τῆς
2511 4941 2689 5012 ἅλμης
2733 4940 2841 4992 τῶν
2889 4940 3062 5008 λόγων
3108 4957 3212 5009 μου
3239 4952 3254 4967 °
3297 4937 3491 4990 σαυτὸν
3542 4934 3732 4988 αἱτιῶ’

2164 5034 2325 5098 αὐτὸς
2352 5034 2460 5103 γὰρ
2511 5031 2752 5095 ἐπελέξω
2789 5031 2849 5084 τὸ
2886 5030 3178 5085 θαλάττιον
3222 5030 3373 5098 πόμα
3417 5026 3534 5080 τόδε
3570 5028 3736 5098 κερά-

2165 5143 2253 5178 σαι
2288 5140 2368 5178 σε.

2235 5213 2323 5284 ιβ’.
2369 5214 2561 5283 Ἦμεῖς
2588 5214 2654 5278 δ’,
2686 5207 2731 5267 ὦ
2763 5213 3001 5282 Πατὲρες
3042 5213 3138 5264 καὶ
3186 5211 3426 5280 ἀδελφοὶ,
3451 5211 3541 5263 τὸν
3577 5210 3741 5263 ἀοίδι-

2168 5321 2267 5375 μον
2321 5304 2530 5356 ἐκεῖνον
2577 5305 2797 5372 Πατέρα
2861 5304 2955 5355 καὶ
3003 5302 3331 5371 ἀείμνηστον
3397 5300 3738 5370 μιμήσασθαι

2166 5393 2557 5462 σπουδάσωμεν
2585 5408 2597 5422 ο
2658 5391 2857 5460 ἔχομεν
2891 5390 3003 5460 γὰρ
3051 5390 3348 5459 ὁδηγοῦντα
3402 5390 3550 5458 ἡμᾶς
3601 5389 3738 5459 πρὸς

2165 5483 2264 5553 τὴν
2303 5482 2536 5553 μίμησιν
2562 5483 2653 5534 τὸν
2682 5482 2946 5552 ἡμέτερον
2979 5480 3125 5534 τόνδε
3160 5479 3477 5550 καθηγητὴν
3528 5479 3622 5532 καὶ
3656 5478 3737 5530 δι-

2162 5572 2453 5635 δάσκαλον.
2484 5572 2695 5625 ἐκείνου
2727 5573 2825 5625 καὶ
2857 5570 2972 5640 βίον
3000 5572 3098 5625 καὶ
3118 5572 3283 5639 λόγον
3306 5571 3387 5634 ait;
3418 5570 3515 5638 οὐχ
3550 5568 3737 5640 ἕτερος

2167 5665 2275 5716 τῶν
2327 5665 2595 5717 συνόντων
2638 5661 3080 5732 ἁναμαξᾶμενον,
3112 5664 3206 5715 καὶ
3260 5662 3438 5714 είκόνα
3484 5658 3737 5726 ἀπαράλο

2172 5757 2367 5810 λακτον
2409 5756 2501 5810 καὶ
2554 5756 2873 5827 χαρακτῆρα
2914 5755 3345 5825 ἀπαράγταπτον
3399 5750 3558 5806 αὑτοῦ
3605 5767 3739 5822 χρη-
