4122 6212
358 268 464 338 529

1443 221 1447 225 ἢ
1495 271 1595 331 DE
1639 264 1965 333 JEJUNIO
2005 269 2110 331 SS.
2152 267 2529 332 DElPAllJi;

3521 255 3626 335 530

354 383 652 444 λίσσοντες
697 379 926 448 ταύτην,
954 377 1192 450 ἔχουσιν,
1224 380 1301 444 ὡς
1341 380 1690 451 προείρηται,
1732 382 1796 433 ἐκ
1833 378 1940 433 τῶν

2055 381 2357 437 testimonia
2396 398 2459 437 ex
2498 382 2695 438 divinis
2726 378 2959 454 Scriptis
3005 393 3633 454 sunqtla,pra‘tercaque

358 475 521 529 Θείων
568 475 606 526 Γ
615 473 806 543 ραφῶν
853 473 1184 544 μαρτυρίας,
1216 474 1611 546 ἀκριεέστερον
1644 474 1700 527 δὲ
1734 474 1813 536 είς
1845 472 1944 537 τὰς

356 564 553 627 λοιπὰς
578 562 977 632 νενομισμένας
1006 563 1261 634 νηστείας
1291 561 1636 632 εὑρίσκονται
1666 563 1946 633 διακείμε-

358 677 464 723 νοι,
500 659 595 710 καὶ
625 655 745 726 μετ’
787 655 1002 719 εὐνοίας
1035 655 1401 724 φυλάττοντες
1435 656 1661 720 ταύτας.
1692 658 1755 711 Οί
1780 657 1837 710 δὲ
1870 657 1945 729 μὴ

352 752 639 822 δεχόμενοι
674 747 903 819 ταύτην,
936 748 1032 801 καὶ
1067 748 1303 819 μάλιστα
1351 749 1557 820 ταύτης
1602 749 1946 821 κατηγοροῦ-

360 860 468 906 σιν,
520 840 646 896 οὔτε
708 840 1018 911 μαρτυρίαν
1064 841 1184 894 τινὰ
1231 840 1512 913 γραφικὴν
1555 842 1942 913 εἰσδεχόμενοι,

353 933 479 987 οὔτε
534 932 698 986 πάλιν
728 931 1105 1002 εἰσφέροντες,
1143 930 1259 986 ἀλλ’
1299 932 1484 997 ἁπλῶς
1535 933 1697 987 πάλιν
1739 933 1946 1005 ταύτην

354 1026 783 1097 άναπολογήτως
814 1027 1275 1096 ἀποστρέφονται.
1309 1026 1531 1098 ’Έτεροι
1562 1023 1621 1082 δὲ
1671 1028 1835 1081 πάλιν
1865 1024 1945 1082 οἵ·

352 1130 504 1182 τινες
557 1120 655 1172 καὶ
703 1116 1067 1188 ὁμολογοῦσιν
1126 1118 1323 1190 αὐτὴν,
1383 1122 1446 1174 οὐ
1501 1120 1836 1191 φυλάττουσι
1885 1120 1944 1173 δὲ

352 1213 515 1275 ὅλως,
570 1211 671 1264 οὐκ
705 1211 891 1279 ἔχουσί
946 1228 1071 1264 τινα
1125 1212 1437 1284 μαρτυρίαν
1491 1214 1774 1284 γραφικὴν
1822 1213 1945 1267 οὐδὲ

357 1291 534 1366 οὗτοι,
566 1303 680 1357 ἀλλ’
709 1303 741 1374 ἢ
767 1302 930 1358 τοῦτο
966 1304 1130 1375 μόνον
1168 1304 1437 1374 ἀγράφως
1473 1300 1604 1375 ἡμῖν
1635 1306 1777 1359 κατὰ
1808 1324 1948 1377 συμ-

358 1392 561 1463 ϐουλὴν
593 1392 945 1463 παραινοῦσι.
990 1393 1128 1447 Φασὶ
1161 1391 1270 1463 γὰρ
1302 1394 1385 1447 ὃτι
1420 1392 1628 1457 Πολλὰς
1668 1393 1944 1463 νηστείας,

359 1489 464 1542 οὐκ
492 1492 556 1542 ἐκ
600 1489 951 1560 παραδόσεως
985 1482 1145 1543 θείων
1196 1488 1463 1553 κανόνων,
1516 1489 1633 1543 ἀλλ’
1669 1492 1734 1543 ὲκ
1778 1506 1945 1561 συνηο

358 1579 514 1644 θείας
542 1580 710 1635 τινῶν
740 1572 835 1635 καὶ
860 1583 925 1634 ἐκ
954 1581 1206 1652 διαδοχῆς
1228 1583 1311 1645 εἰς
1342 1585 1496 1644 τινας
1525 1581 1710 1653 χώρας
1742 1581 1946 1650 φυλάτ-
1989 1617 2001 1623 -

358 1674 547 1728 τῖσθαι
576 1675 908 1746 εὑρίσκομεν
928 1692 942 1706 ·
966 1674 1028 1728 οὐ
1051 1676 1208 1748 κακῷ
1229 1675 1285 1729 δὲ
1310 1675 1576 1746 λογισμῷ,
1602 1676 1737 1730 ἀλλά
1764 1676 1944 1729 πίστει

361 1766 457 1820 καὶ
501 1767 692 1838 ἀγάπῃ
725 1767 890 1821 τινῶν
938 1767 1194 1837 μεγάλων
1239 1769 1410 1836 ἁγίων
1459 1768 1945 1839 προαγνιζομένων

356 1858 469 1911 τῶν
502 1860 892 1927 νηστευόντων.
921 1859 1009 1911 ἵνα
1042 1859 1301 1931 καθαρῶς
1332 1862 1453 1923 ταῖς
1477 1859 1690 1913 ἑαυτῶν
1732 1860 1945 1930 ἑορταῖς

358 1950 738 2022 ὕπαντήσωσι.
775 1951 857 2004 Τὰ
906 1951 966 2004 δὲ
1008 1950 1234 2005 τοιαῦτα
1287 1952 1388 2005 οὐκ
1436 1952 1822 2023 ἐπιτρέπονται
1851 1947 1947 2005 ἐπὶ

361 2043 584 2096 πάντων
620 2040 1016 2112 παραδίδοσθαι
1063 2045 1144 2106 εἰς
1199 2041 1261 2095 τὸ
1299 2041 1500 2108 κοινὸν,
1552 2042 1671 2096 ἀλλ’
1700 2045 1728 2096 ὁ
1757 2042 1947 2107 καθεὶς

359 2134 435 2198 ὼς
474 2139 827 2207 προαιρεῖται
865 2135 960 2189 καὶ⁸
992 2135 1243 2206 βούλεται
1265 2154 1280 2170 ο
1320 2137 1483 2207 μόνον
1514 2137 1592 2209 μὴ
1625 2139 1948 2210 κεκωλυμέ-

358 2243 450 2280 νον
478 2224 618 2280 ἐστω
653 2225 808 2298 παρά
835 2226 949 2281 τῶν
988 2226 1149 2282 θείων
1185 2228 1475 2300 Πατέρων·
1516 2223 1685 2301 οἷονὴ
1724 2230 1950 2302 νηστεία

358 2313 454 2367 τοῦ
521 2315 957 2387 ’Δρτζιδουρίου,
1023 2316 1056 2386 ἢ
1107 2316 1202 2371 τοῦ
1254 2317 1711 2389 Δωδεκαημέρου,
1765 2319 1799 2391 ἢ
1849 2320 1950 2390 τῆς

357 2408 615 2478 τετράδος
647 2409 743 2463 καὶ
775 2426 1132 2482 παρασκευης
1160 2410 1275 2481 τῆςο
1295 2412 1636 2483 τυροφάγου,
1672 2414 1766 2467 καὶ
1790 2413 1951 2470 ἄλλαι

360 2499 472 2553 τῶν
509 2501 804 2572 αἱρετικῶν
825 2502 915 2557 διά
945 2502 1148 2577 [φοροι]
1188 2506 1458 2575 νηστεῖαι.
1495 2506 1584 2558 Ἐν
1617 2509 1739 2571 ταῖς
1765 2507 1950 2562 τοιαύ-

360 2604 486 2657 ταις
514 2596 623 2664 γάρ
649 2596 930 2666 νηστείαις
962 2598 1061 2667 ούχ
1091 2595 1280 2661 ἁπλῶς
1314 2599 1363 2651 οἱ
1411 2598 1686 2669 αίρετικοὶ
1713 2600 1948 2671 νηστεύ-

364 2700 523 2739 ουσιν
549 2729 562 2748 ,
598 2686 713 2740 ἀλλ’
751 2688 1018 2759 αίρετικῷ
1065 2689 1323 2760 δόγματι,
1359 2690 1457 2742 καὶ
1502 2689 1610 2756 ἔξω
1637 2690 1738 2762 τῆς
1780 2692 1951 2746 καθο-

360 2775 526 2847 λικῆς
562 2778 895 2849 Ἐκκλησίας
927 2780 1338 2850 συμμιγνύντες
1364 2781 1665 2851 παράδοσιν
1683 2797 1697 2812 ⁸
1726 2783 1821 2836 καὶ
1850 2784 1951 2838 οὐκ

364 2871 571 2938 ἔξεστιν
584 2872 717 2941 ἡμῖν
732 2871 800 2925 τὰ
825 2872 1050 2926 ἐκείνων
1069 2875 1128 2925 ἐν
1150 2875 1262 2937 τοῖς
1277 2872 1562 2936 τοιούτοις.
1586 2871 1720 2944 Περὶ
1741 2872 1842 2944 τῆς
1862 2893 1954 2946 νη-

369 2963 551 3027 στείας
567 2964 667 3033 τῆς
680 2964 1213 3029 Θεοτό·κου,τοιοῢτον
1232 2965 1454 3037 οἴδαμεν
1469 2967 1691 3037 τρόπον.
1712 2965 1775 3021 Ἠ
1789 2968 1952 3038 ἑορτὴ

2050 475 2115 529 ad
2144 476 2350 547 reliqua
2380 476 2644 531 solemnia
2664 475 2868 547 jejunla
2899 476 3073 532 seduli
3103 476 3275 547 magis
3300 492 3363 531 ae
3395 477 3633 546 prompti

2051 569 2420 638 reperiuntur,
2479 584 2651 638 eaque
2706 568 2937 623 libenter
2996 577 3283 638 peragunt.
3337 567 3439 633 Qui
3500 583 3632 621 vero

2049 675 2393 732 nequaquam
2429 661 2743 725 admittunt,
2784 661 2893 715 imo
2940 661 3176 715 maxime
3210 666 3495 722 accusant,
3532 674 3634 714 nec

2050 749 2219 802 ullum
2256 751 2524 818 scriptum
2576 749 2947 805 testimonium
3002 749 3354 817 recipientes,
3380 764 3480 805 nec
3515 749 3633 805 vice

2048 854 2203 895 Versa
2239 840 2551 906 afferentes,
2584 852 2786 897 temere
2816 843 2991 897 adhuc
3033 842 3151 896 sine
3186 850 3446 911 praetextu
3488 841 3633 911 jeju-

2047 932 2199 987 nium
2239 934 2373 989 illud
2400 946 2748 991 aversantur.
2778 934 2946 990 Tertii
2985 934 3222 1003 denique
3253 935 3346 1004 qui
3382 934 3628 1004 agnitum

2049 1041 2397 1096 nequaquam
2431 1027 2688 1093 retinent,
2716 1043 2892 1097 neque
2933 1028 3034 1097 ipsi
3069 1027 3288 1097 aliquod
3324 1027 3632 1095 producunt

2048 1119 2257 1187 scripto
2302 1120 2559 1174 traditum
2608 1120 3009 1184 testimonium,
3039 1136 3227 1173 verum
3256 1135 3321 1173 eo
3360 1118 3630 1181 destituti,

2049 1212 2153 1267 hoc
2182 1215 2449 1266 duntaxat
2482 1214 2639 1267 nobis
2677 1222 2738 1267 ut
2774 1214 3064 1269 consilium
3097 1212 3347 1277 tradunt;
3377 1212 3457 1267 sic
3484 1211 3630 1264 enim

2048 1302 2351 1371 loquuntur
2378 1321 2391 1354 :
2424 1300 2592 1356 Multa
2622 1302 2847 1369 ieiunia,
2887 1318 2995 1357 non
3023 1319 3089 1357 ex
3121 1304 3429 1358 divinorum
3465 1317 3634 1358 cano-

2049 1408 2178 1447 num
2208 1392 2521 1457 traditione,
2553 1393 2644 1448 sed
2671 1409 2766 1464 per
2787 1392 3153 1465 quorumdam
3182 1392 3467 1447 hominum
3500 1408 3634 1448 con-

2048 1487 2417 1549 suetudinem,
2474 1494 2642 1556 atque
2695 1502 2759 1542 ex
2814 1487 3190 1552 successione,
3239 1486 3520 1541 nonnullis
3576 1485 3631 1538 in

2050 1578 2364 1648 regionibus
2416 1580 2698 1634 observari
2753 1578 3092 1650 reperimus;
3141 1580 3269 1635 dum
3325 1593 3435 1633 non
3490 1578 3635 1633 mala

2050 1680 2253 1738 mente,
2293 1678 2350 1725 at
2408 1671 2512 1726 fide
2561 1686 2626 1726 ac
2673 1686 2860 1727 amore
2907 1688 3035 1742 erga
3089 1670 3356 1740 quosdam
3408 1684 3635 1740 magnos

2049 1770 2294 1826 sanctos,
2326 1761 2362 1815 ii
2394 1762 2487 1832 qui
2512 1760 2763 1831 jejunant
2800 1770 3242 1832 prmpurgantur,
3270 1775 3328 1816 ut
3381 1776 3506 1814 cum
3531 1775 3635 1828 pu.

2050 1856 2210 1910 ritate
2238 1855 2304 1910 ad
2345 1870 2533 1911 eorum
2567 1855 2701 1911 testa
2749 1857 3087 1925 perveniant.
3112 1855 3244 1922 Qua)
3273 1870 3437 1925 porro
3483 1854 3634 1923 ejus-

2050 1942 2196 2003 modi
2238 1957 2387 2012 sunt,
2447 1963 2555 2003 non
2611 1949 3001 2018 permittuntur
3049 1949 3102 2002 in
3150 1964 3443 2003 commune
3492 1946 3634 2001 tradi

2049 2041 2192 2111 apud
2229 2049 2481 2102 cunctos.
2518 2057 2643 2097 cum
2690 2041 3070 2112 unusquisque
3125 2055 3286 2110 prout
3341 2040 3535 2096 statuit
3564 2056 3633 2095 ac

2049 2136 2165 2189 vult
2222 2145 2387 2204 agat;
2422 2133 2720 2188 dummodo
2759 2147 2866 2187 non
2918 2133 2989 2188 sit
3043 2149 3073 2187 a
3123 2132 3325 2188 divinis
3375 2132 3632 2188 Patribus

2051 2226 2432 2297 prohibitum;
2482 2226 2645 2298 quale
2689 2234 2774 2280 est
2804 2224 3074 2295 jejunium
3133 2225 3458 2289 Artziburii,
3503 2224 3631 2279 item

2052 2317 2478 2383 Dodecaemcri,
2528 2317 2612 2372 vel
2666 2314 2896 2372 t-cti’adis
2944 2325 3001 2373 et
3050 2330 3378 2387 parasceves
3428 2314 3637 2370 hebdo-

2052 2414 2227 2467 madte
2278 2409 2590 2474 Lacticinii,
2624 2410 2888 2480 variaque
2933 2410 3041 2465 alia
3083 2408 3464 2464 haereticorum
3489 2404 3640 2477 jeju-z

2052 2503 2164 2558 nia.
2198 2501 2323 2557 llaec
2351 2516 2593 2572 namque
2615 2500 2824 2572 jejunia
2870 2515 2976 2557 non
3014 2499 3334 2569 simpliciter
3369 2507 3638 2568 usurpant

2053 2594 2318 2658 bteretici,
2349 2595 2444 2650 sed
2484 2595 2741 2651 baretico
2768 2594 3043 2664 dogmate,
3070 2603 3243 2664 atque
3264 2600 3428 2647 extra-
3448 2593 3638 2648 catho-

2052 2690 2212 2745 licam
2248 2687 2552 2744 Ecclesiam
2580 2687 3005 2743 commiscentes
3043 2687 3428 2754 traditionem;
3462 2699 3640 2756 neque

2055 2782 2110 2837 in
2150 2779 2469 2848 huiusmodi
2527 2779 2691 2836 rebus
2722 2775 2859 2836 licet
2892 2779 3050 2836 nobis
3078 2793 3268 2834 eorum
3318 2786 3469 2848 gesta
3516 2776 3641 2832 imi-

2057 2874 2176 2929 tari.
2213 2873 2287 2929 De
2303 2871 2517 2943 jejunio
2550 2871 2816 2943 Deiparte,
2848 2874 2997 2929 hunc
3026 2874 3081 2927 in
3111 2872 3331 2927 modunn
3357 2871 3634 2926 novimus.

2058 2964 2280 3021 Festum
2314 2979 2442 3020 vero
2471 2964 3017 3033 Transtigurationis,
3042 2972 3096 3019 et
3126 2963 3325 3020 featum
3360 2962 3640 3020 Occursus

370 3052 426 3106 δὲ
452 3053 552 3123 τῆς
577 3055 1076 3125 Μεταμορφώσεως
1116 3056 1211 3109 καὶ⁵
1238 3056 1337 3127 τῆς
1362 3055 1744 3127 ’Υπαπαντῆς,
1766 3058 1867 3111 οὐκ
1895 3060 1952 3124 ἐξ

2057 3057 2127 3111 ab
2156 3056 2311 3112 initio
2349 3058 2548 3112 tradita
2599 3072 2706 3112 non
2752 3056 2905 3113 fuere
2949 3073 3043 3124 per
3087 3065 3310 3112 sanctos
3337 3053 3638 3126 apostolos,

366 3141 544 3213 ἀρχῆς
583 3146 968 3216 παρεδόθησαν
1002 3146 1154 3218 παρὰ
1182 3146 1292 3200 τῶν
1324 3145 1496 3217 ἁγίων
1527 3149 1861 3215 ἀποστόλων,
1891 3152 1950 3203 ἐν

368 3236 619 3308 ὑπέροις
645 3236 701 3291 δὲ
726 3240 943 3309 καιροῖς
967 3240 1119 3311 παρὰ
1134 3239 1241 3293 τῶν
1258 3239 1418 3295 θείων
1445 3242 1589 3297 Πατέ
1597 3261 1729 3314 ρων,
1748 3244 1843 3297 καὶ
1861 3242 1951 3298 διὰ

365 3331 428 3382 τε
454 3330 676 3385 ἑστάναι
700 3329 798 3402 τὴν
825 3331 1020 3403 ἑορτὴν
1050 3333 1148 3402 τῆς
1182 3333 1675 3406 Μεταμορφώσεως
1693 3337 1772 3397 είς
1789 3336 1888 3398 τὰς
1906 3333 1955 3399 ζ’

364 3421 465 3475 τοῦ
510 3422 825 3492 Αὐγούστου
872 3425 1064 3496 μηνός.
1110 3421 1477 3497 Ἐορτάζομεν
1525 3427 1581 3480 δὲ
1629 3428 1837 3498 ταύτην
1872 3429 1951 3493 είς

368 3514 646 3570 τδ’κοινδν
700 3518 797 3571 ἐπὶ
843 3517 1011 3589 μέσον
1045 3519 1259 3592 ἡμέρας
1313 3518 1499 3573 ὀκτώ·
1553 3519 1745 3574 τούτου
1789 3523 1953 3593 χάριν

368 3606 715 3679 καταλύομεν
756 3612 850 3663 ἐπὶ
891 3608 1058 3673 μέσου
1104 3612 1184 3675 εἰς
1216 3612 1277 3666 τὸ
1318 3612 1499 3666 κοινὸν
1548 3613 1647 3685 τὴν
1695 3614 1954 3686 τοιαύτην

367 3700 651 3769 νηστείαν.
687 3702 799 3756 Καὶ.
840 3704 924 3758 ὅτι
955 3702 1139 3767 καθὼς
1179 3706 1275 3758 καὶ
1315 3706 1647 3777 προείρηται
1682 3708 1813 3778 περὶ
1845 3707 1955 3765 τῶν

370 3793 579 3864 ἑτέρων
608 3795 872 3865 νηστειῶν
902 3796 1013 3849 τῶν
1061 3797 1317 3868 μεγάλων
1359 3798 1556 3866 ἁγίων,
1588 3800 1955 3870 φυλάττεσθαι

371 3886 467 3938 καὶ
490 3885 698 3958 ταύτην
729 3888 818 3942 τὸν
842 3888 966 3943 καθ’
996 3890 1095 3945 ἕνα
1123 3891 1198 3956 ὡς
1224 3890 1475 3962 βούλεται
1499 3892 1711 3958 ἔξεστιν
1735 3910 1749 3925 ·
1789 3896 1869 3958 είς
1893 3894 1956 3947 τὸ

372 3978 555 4033 κοινδν
582 3979 637 4033 δὲ
668 3981 1011 4054 ἀνάρμοστόν
1035 3984 1152 4038 ἐστι
1186 3985 1604 4057 παραδίδοσθαι.
1643 3986 1755 4041 Καὶ
1780 3985 1957 4041 ταῦτα

369 4069 479 4137 μὲν
519 4072 568 4123 oi
597 4073 716 4125 νυνὶ
757 4074 1002 4143 Πατέρες
1044 4076 1180 4145 ημῖν
1219 4074 1675 4146 συμϐουλεύουσι.
1719 4075 1956 4145 Λέγουσι

370 4162 430 4216 δὲ
460 4164 553 4218 καὶ
575 4162 874 4232 τοῦτο,ὅτι,
900 4165 1245 4238 Εὐρίσκομεν
1269 4170 1349 4232 εἰς
1374 4168 1435 4221 τὸ
1454 4170 1681 4221 τυπικδν
1708 4167 1819 4222 τῶν
1844 4184 1955 4239 με-

373 4248 557 4315 γάλων
614 4254 996 4325 μοναστηρίων
1036 4256 1139 4325 τὴν
1194 4256 1391 4326 ἑορτὴν
1428 4257 1529 4325 τῆς
1571 4256 1956 4327 Μεταμορφώ-

374 4356 514 4404 σεως
536 4343 681 4397 ὀκτὼ
707 4345 920 4417 ἡμέρας
945 4347 1251 4417 ἑορτάζειν,
1283 4351 1377 4402 καὶ
1414 4344 1571 4412 αὖθις
1605 4350 1829 4403 ἑστάναι
1854 4349 1957 4416 τὴν

368 4424 474 4500 ’τῆς
524 4431 792 4489 Θεοτόκου
832 4436 1053 4509 ἑορτὴν,
1098 4438 1193 4492 καὶ
1238 4439 1301 4491 ού
1347 4442 1607 4510 χωρείται
1654 4440 1960 4504 καθολικῶς

370 4523 471 4576 ἐπὶ
505 4524 674 4592 μέσου
724 4530 952 4599 νηστεία
991 4532 1072 4593 εἰς
1122 4531 1183 4585 τὸ
1223 4533 1424 4586 κοινόν.
1469 4532 1642 4587 Τοῦτο
1669 4533 1728 4586 δὲ
1770 4533 1963 4606 ἕτερον

328 4656 331 4657 ν
376 4615 639 4688 λογισμὸν
674 4622 806 4691 ἡμῖν
845 4622 1092 4693 ἐντίθησι
1132 4624 1315 4677 πάλιν.
1351 4625 1463 4678 Καὶ
1492 4626 1602 4695 γὰρ
1642 4624 1754 4678 τῶν
1800 4627 1961 4696 Ἰερο-

379 4709 632 4780 σολύμων
682 4714 781 4784 μὲν
813 4713 875 4767 τὸ
922 4717 1180 4781 τυπικὸν,
1237 4718 1453 4787 ἡμέρας
1493 4716 1641 4770 ὀκτὼ
1674 4719 1953 4789 ἑορτάζειο

376 4803 486 4856 τῶν
508 4804 566 4857 δὲ
589 4805 875 4871 Στουδίων,
903 4806 1174 4879 τέσσαρας
1191 4825 1209 4841 ο
1241 4811 1338 4880 τῆς
1361 4810 1418 4864 δὲ
1451 4810 1696 4881 μεγάλης
1730 4810 1961 4881 Ἐκκλη-

379 4895 501 4960 σίας
563 4899 921 4971 ’Δντιοχείας,
969 4902 1091 4973 ἦτοι
1138 4902 1235 4956 τοῦ
1287 4905 1635 4975 πατριάρχου
1684 4908 1711 4959 ὁ
1765 4905 1958 4971 τύπος,

381 4989 512 5060 μίαν
570 4993 789 5063 ἡμέραν
846 4995 1134 5066 ἑορτάζειο
1187 4997 1489 5051 καὶταῦτα
1537 4998 1593 5051 δὲ
1639 4999 1732 5051 καὶ
1775 4998 1962 5051 πολλοὶ

376 5084 581 5157 ταύτην
626 5088 953 5158 νηστεύουσι
1005 5090 1108 5160 τὴν
1158 5090 1413 5161 νηστείαν
1447 5091 1542 5144 καὶ
1597 5092 1962 5163 εὐγνωμόνως

372 5180 730 5248 φυλάττουσι,
787 5183 884 5238 καὶ
932 5184 1169 5255 μάλιστα
1222 5186 1332 5238 τῶν
1399 5186 1866 5254 γνωστικωτάτων
1910 5188 1959 5240 οί

380 5270 714 5342 προῦχοντες
765 5275 864 5343 τῆς
916 5275 1086 5345 αὐτῆς
1119 5276 1562 5346 μεγαλοπόλεως.
1603 5276 1801 5341 Καοὼς
1852 5278 1961 5350 γὰρ

380 5362 474 5416 καὶ
514 5365 878 5436 προείπομεν,
927 5368 993 5421 ἐκ
1048 5368 1144 5422 τοῦ
1180 5369 1491 5436 Συνοδικοῦ,
1541 5371 1678 5443 ὅπερ
1712 5373 1807 5426 καὶ
1869 5373 1962 5425 ἐπὶ

379 5454 633 5525 ἄμϐωνος
663 5460 721 5512 ὲν
775 5458 853 5531 τῷ
902 5461 1282 5534 πατριαρχείῳ
1333 5462 1799 5531 ἀναγινώσκεται,
1862 5464 1961 5537 τὴν

383 5549 694 5621 μαρτυρίαν
723 5550 1096 5623 λαμϐάνοντες
1118 5570 1134 5587 ·
1174 5553 1223 5606 οἱ
1258 5553 1359 5624 μὲν
1391 5555 1485 5606 ἀπ’
1518 5555 1694 5626 ἀρχῆς
1718 5558 1819 5625 τὴν
1855 5558 1960 5610 Αὐ-

361 5640 609 5710 γούστου
648 5645 819 5715 μηνὸς
876 5647 976 5716 τὴν
1006 5648 1263 5719 νηστείαν
1305 5647 1509 5717 ταύτην
1554 5649 1838 5719 κρατοῦσι,
1868 5651 1962 5704 καὶ

380 5728 462 5796 εἰς
510 5733 612 5804 τὴν
660 5735 855 5809 ἑορτὴν
900 5738 1000 5810 τῆς
1046 5739 1546 5811 Μεταμορφώσεως
1603 5740 1957 5809 κατα)ύουσι,

2058 3162 2246 3203 verum
2272 3164 2367 3219 per
2399 3157 2621 3204 sanctos
2642 3149 2832 3204 Patres
2862 3146 3636 3219 posterioribustemporibus,

2057 3251 2115 3297 et
2170 3241 2319 3311 quod
2374 3241 2902 3310 Transﬁgurationia
2958 3240 3158 3295 festum
3206 3250 3362 3294 sexto
3432 3237 3640 3293 mensis

2058 3337 2289 3407 Augusti
2339 3335 2662 3390 celebretur.
2693 3334 2962 3389 Caeterum
3014 3334 3118 3388 boc
3161 3331 3359 3386 festum
3394 3344 3644 3385 commu-

2062 3428 2208 3498 niter
2233 3426 2286 3481 in
2323 3426 2503 3481 medio
2528 3437 2652 3481 octo
2676 3425 2868 3481 diebus
2897 3425 3141 3497 agimus;
3178 3424 3411 3495 ideoque
3444 3422 3496 3475 in
3524 3436 3643 3476 mc-

2059 3519 2152 3576 dio
2183 3520 2236 3573 in
2269 3533 2562 3575 connnune
2600 3518 2870 3588 jejunium
2907 3519 3033 3574 illud
3069 3518 3355 3574 solvimus.
3388 3515 3457 3573 Et
3496 3519 3645 3575 sicut

2061 3613 2316 3683 superius
2360 3613 2563 3668 dictum
2622 3613 2723 3668 fuit
2752 3612 2821 3668 de
2864 3614 2987 3670 aliis
3034 3612 3260 3685 jejuniis
3313 3627 3642 3683 magnorum

2062 3716 2403 3771 sanctorum,
2439 3706 2543 3762 hoc
2580 3720 2800 3776 quoque
2825 3705 2920 3778 qui
2954 3706 3187 3761 voluerit
3231 3706 3430 3776 poterit
3457 3705 3649 3762 obser-

2061 3813 2229 3865 vare;
2260 3798 2313 3852 in
2367 3812 2658 3853 commune
2690 3805 2872 3852 tamen
2910 3796 3048 3852 tradi
3105 3811 3216 3851 non
3246 3796 3421 3851 decet.
3465 3796 3648 3866 Atque

2065 3893 2181 3948 haec
2209 3892 2382 3947 nostri
2422 3892 2686 3962 temporis
2720 3890 2915 3947 Patres
2949 3890 3108 3945 nobis
3140 3889 3395 3946 suadent.
3423 3888 3649 3945 Addunt

2061 3985 2225 4039 etiam
2260 3983 2405 4038 istud
2435 3982 2550 4037 :Ex
2589 3981 2795 4054 Typico
2829 3995 3147 4052 magnorum
3183 3980 3649 4036 monasteriorum

2062 4077 2327 4133 discimus
2366 4076 2561 4131 festum
2594 4074 3118 4145 Transllgurationis
3163 4082 3288 4129 octo
3331 4073 3526 4129 diebus
3551 4088 3647 4128 ce-

2065 4169 2297 4234 lebrare,
2332 4167 2622 4234 adhucque
2654 4167 2860 4221 instare
2905 4165 3146 4236 Deiparrc
3175 4164 3416 4231 festum;
3455 4174 3508 4220 et
3554 4179 3647 4236 ge-

2064 4260 2325 4316 neraliter
2355 4260 2408 4313 in
2445 4257 2627 4313 medio
2667 4266 2885 4313 tenetur
2908 4256 3179 4328 jejunium
3225 4258 3293 4313 ad
3329 4272 3643 4313 commune.

2065 4352 2179 4408 Hoc
2208 4366 2372 4423 porro
2416 4350 2579 4405 aliam
2614 4365 2807 4406 rursus
2856 4350 3016 4405 nobis
3046 4350 3435 4422 cogitationem
3485 4351 3644 4406 indit.

1991 4444 2037 4501 D
2068 4444 2349 4513 Siquidem
2402 4441 2908 4514 Hierosolymorum
2940 4441 3208 4514 Typicum
3258 4454 3388 4498 octo
3417 4443 3535 4498 dies
3563 4443 3647 4497 fe-

2065 4546 2177 4592 stos
2208 4535 2391 4600 habet,
2421 4533 2601 4590 Studii
2631 4543 2904 4604 quatuor;
2938 4550 3124 4590 verum
3148 4549 3355 4603 magna:
3385 4533 3646 4588 Ecclesiae

2051 4629 2386 4711 “Antiochiae,
2414 4643 2512 4683 seu
2541 4628 2862 4697 patriarcha:
2900 4625 3084 4697 'l'ypus
3118 4626 3340 4682 unicum
3380 4626 3521 4681 diem
3549 4642 3646 4682 σου

2064 4722 2267 4789 lebrat;
2297 4721 2365 4776 ad
2396 4722 2514 4776 haec
2551 4720 2717 4776 etiam
2749 4719 2904 4774 multi
2937 4720 3040 4775 hoc
3068 4718 3336 4790 jejunium
3375 4728 3563 4791 agunt,
3594 4729 3649 4774 et

2064 4824 2215 4884 grate
2246 4823 2487 4879 servant,
2528 4814 2942 4885 praesertimque
2969 4813 3064 4881 qui
3114 4814 3166 4867 in
3193 4830 3253 4867 ea
3281 4829 3475 4883 magna
3512 4814 3649 4867 urbe

2064 4908 2208 4962 inter
2254 4907 2493 4962 maxima
2546 4904 2859 4978 cognitione
2890 4906 3147 4977 praeditos
3177 4904 3440 4961 eminent.
3486 4902 3647 4973 Nam,

2065 5003 2141 5056 uti
2183 5009 2342 5056 antea
2372 5000 2635 5068 diximus,
2666 5000 3041 5057 testimonium
3068 5010 3348 5057 sumentes
3373 5017 3441 5058 ex
3470 5001 3649 5073 Synn-

2063 5093 2207 5157 dico,
2239 5092 2385 5162 quod
2435 5108 2499 5146 ex
2533 5092 2768 5145 amboue
2818 5091 2871 5145 in
2923 5091 3258 5162 patriarcbio
3307 5091 3525 5163 legitur,
3555 5091 3648 5147 alii

2064 5186 2284 5258 quidem
2328 5186 2398 5241 ab
2433 5185 2590 5241 initio
2625 5188 2836 5242 mensis
2874 5185 3099 5256 Augusti
3137 5185 3406 5256 jejunium
3438 5186 3647 5253 colunt,

2064 5289 2115 5334 et
2145 5280 2283 5334 festo
2315 5277 2836 5349 Transtigurationis
2866 5276 3000 5332 illud
3032 5277 3271 5343 solvunt,
3308 5292 3479 5332 unum
3505 5278 3650 5333 diem

2068 5372 2414 5439 honorando,
2473 5373 2781 5440 iterumque
2814 5370 3088 5441 jejunium
3144 5384 3319 5440 usque
3352 5369 3429 5426 ad.
3469 5370 3650 5440 ipsum

2062 5468 2375 5537 purissima:
2420 5473 2475 5521 et
2502 5464 2731 5520 omnino
2759 5463 3125 5519 immaculata;
3166 5461 3412 5518 Dominae
3448 5471 3650 5518 nostra:

2065 5559 2159 5615 Dei
2192 5558 2485 5615 Gcnitricis
2514 5559 2711 5613 festum
2744 5566 2966 5621 tenent;
3001 5556 3094 5611 alii
3126 5566 3307 5612 autem
3339 5566 3464 5626 post
3507 5558 3651 5612 cele-

2065 5654 2276 5707 bratum
2292 5651 2813 5722 Transtigurationis
2831 5650 3054 5714 festum,
3065 5648 3332 5719 jejunium
3351 5646 3610 5701 inchoari!
3631 5663 3645 5710 ;

2067 5763 2175 5802 uno
2204 5744 2369 5802 verbo
2400 5759 2433 5799 a
2461 5744 2710 5815 singulis,
2745 5742 3209 5815 quemadmodum
3231 5739 3343 5810 jam
3377 5737 3510 5804 dixi,
3549 5735 3649 5789 οὺ·
