4122 6212
465 247 569 321 ωδ
1697 271 2016 333 NICETAS
2056 275 2514 336 sannomus.
3635 277 3738 341 536

469 375 834 443 admonitum,
869 391 1016 439 eum,
1043 379 1135 450 qui
1169 397 1274 436 non
1309 381 1765 454 Olympiodorum
1795 387 2178 444 Alexandrina:
2219 389 2478 444 Ecclesia:
2525 389 2839 452 diaconum,
2885 391 2977 446 sed
3020 389 3264 445 Nicetam
3301 387 3576 447 Heraclea:
3622 389 3739 457 cpi:

467 479 692 545 scopum
727 477 934 520 catena:
958 467 1121 534 hujus
1157 479 1436 525 auctorem
1468 473 1843 543 existimabat,
1877 478 2120 533 sensisse
2156 495 2214 536 se
2253 482 2499 549 captiosa
2549 480 2934 549 probabilitate
2964 482 3274 549 deceptum,
3302 478 3532 548 ideoque
3570 480 3736 532 semel

468 554 520 602 ct
555 551 751 606 iterum
798 553 940 609 datis
984 555 1178 610 litteris
1229 560 1399 612 errati
1453 562 1536 616 sui
1579 561 1795 616 veniam
1827 563 2204 634 deprecatum,
2233 579 2287 624 et
2322 571 2373 623 in
2423 569 2752 624 sententiam
2788 584 2943 623 suam
2982 569 3235 622 manibus
3267 566 3608 633 pedibusque
3642 573 3788 636 ινα-κ,

471 638 637 704 uisse,
679 649 918 695 erratum
952 643 1280 712 professum.
1315 646 1466 703 Licet
1497 650 1664 714 enim,
1702 661 1759 704 ut
1787 652 1876 706 ille
1902 657 2208 721 asserebat,
2235 673 2266 711 ει
2298 655 2507 711 Joanne
2550 656 2878 712 Parisiensis
2913 656 3168 710 Ecclesiae
3215 655 3484 710 canonico
3515 649 3740 709 diqrc‘n-

407 804 413 812 ι
471 733 572 786 set.
630 737 742 781 tum
806 728 860 782 in
924 745 1046 796 suo,
1078 740 1192 786 tum
1259 735 1310 787 in
1373 736 1515 806 regis
1551 736 1831 792 Gallorum
1865 743 1941 809 (et
1985 740 2242 808 Caesaris,
2267 751 2317 796 et
2367 741 2418 795 in
2461 740 2658 809 ottob.)
2700 740 3107 808 exemplaribus
3139 747 3334 792 etnon
3394 737 3583 806 paucis
3617 751 3739 805 quae

467 814 941 886 Constantinopoli
979 819 1249 888 visuntur,
1279 839 1498 880 summo
1532 843 1655 880 cum
1695 844 1988 894 consensu,
2016 828 2218 884 Nicetae
2251 844 2444 882 nomen
2475 827 2753 897 praefixum
2791 827 3079 888 llabt‘attll‘,
3112 833 3166 879 et
3223 825 3395 894 stylus
3454 838 3559 876 una
3612 837 3736 876 cum

471 903 697 969 reliquis
728 902 931 960 Niceta:
962 910 1220 976 operibus
1255 911 1412 980 plane
1440 917 1770 978 consentiat,
1806 933 1910 971 suo
1943 925 2122 971 tamen
2157 917 2366 986 judicio
2391 914 2712 978 Comitolus,
2743 923 2796 968 et
2833 914 3064 968 aliorum
3099 912 3427 964 eximiorum
3464 911 3706 963 virorum
3729 935 3745 960 ι

469 985 811 1046 diversorum
843 997 1234 1066 exemplarium
1268 1000 1522 1059 diversos
1551 1019 1674 1059 esse
1726 1017 1981 1061 auctores
2025 1013 2231 1068 censet,
2256 1011 2309 1056 et
2345 999 2546 1057 Nicette
2597 1001 2835 1056 nominis
2888 999 3203 1069 huiusmodi
3263 998 3416 1053 libris
3466 997 3609 1052 allixi
3646 1013 3736 1050 rc-

470 1073 616 1147 pellit
658 1083 1039 1151 antiquitatem
1087 1095 1253 1142 :tum
1312 1088 1533 1144 demum
1591 1092 1720 1161 quia
1757 1092 1958 1147 Graec-.12
2007 1091 2239 1153 nationi,
2269 1105 2380 1159 quo
2420 1089 2721 1159 praesertim
2775 1097 3020 1156 tempore
3074 1088 3142 1141 ab
3194 1087 3438 1139 Romana
3497 1084 3740 1138 Ecclesia

472 1169 721 1231 secessit,
765 1172 1010 1226 solemne
1036 1172 1156 1237 fuit,
1199 1174 1524 1232 adulterinis
1555 1181 1697 1233 notis
1727 1181 1896 1234 libros
1925 1194 2254 1249 aspergere:
2291 1189 2344 1233 et
2383 1178 2564 1232 varios
2602 1192 2728 1232 esse
2765 1185 3022 1230 auctores
3077 1175 3330 1237 suadent,
3369 1174 3454 1226 vel
3485 1172 3744 1227 omnibus

475 1256 528 1308 in
568 1257 720 1310 libris
772 1274 876 1313 non
930 1263 1182 1316 eumdem
1238 1280 1360 1320 esse
1410 1267 1828 1336 explanatorum
1884 1266 2308 1330 numerum,vel
2362 1265 2812 1335 cxplanationum
2861 1274 3148 1318 auctorum
3188 1279 3295 1316 non
3331 1271 3454 1317 esse
3494 1264 3741 1315 camitem

473 1343 884 1411 dispositionem
919 1357 972 1402 et
1003 1351 1274 1416 ordinem,
1301 1353 1382 1408 vel
1414 1355 1480 1407 ad
1521 1357 1742 1409 eosdem
1778 1357 1926 1410 locos
1959 1371 2128 1410 sacra:
2171 1355 2466 1425 Scriptura
2503 1370 2610 1410 non
2655 1356 2970 1409 eorumdem
3015 1353 3303 1408 doctorum
3355 1351 3746 1420 explicationes

474 1431 745 1498 adhiberi,
775 1433 857 1488 vel
884 1439 1201 1492 eorumdem
1225 1439 1514 1496 doctorum
1557 1443 1956 1513 explicationes
2005 1444 2058 1496 in
2091 1445 2384 1498 *nonnullis
2415 1445 2572 1498 libris
2599 1443 2870 1506 concisas,
2903 1443 2955 1496 in
2991 1442 3114 1497 aliis
3145 1442 3318 1511 magis
3348 1440 3574 1494 dill‘usas
3600 1453 3746 1501 esse,

474 1521 556 1604 vel
600 1523 802 1576 nullam
838 1525 1042 1591 przelixi
1077 1528 1318 1583 nominis
1344 1527 1548 1586 Nicetae
1584 1542 1768 1585 notam
1801 1531 2198 1586 vetustioribus
2227 1533 2510 1588 codicibus
2547 1531 2742 1586 videri.
2777 1530 2928 1586 Adde
2959 1530 3011 1584 in
3045 1531 3161 1600 ipsa
3195 1529 3580 1595 inscriptione,
3622 1542 3748 1593 qu;e

475 1609 720 1664 Nicetam
775 1613 1014 1682 prmfert,
1046 1616 1180 1670 nihil
1234 1617 1479 1674 recinere
1537 1635 1757 1688 plu-um,
1791 1620 1923 1674 nihil
1960 1619 2164 1675 veteris
2214 1620 2414 1688 linguze
2447 1620 2649 1675 Graeca:
2705 1633 2964 1673 resonare
3018 1617 3403 1672 domesticum.
3451 1607 3744 1683 Ἒξήγησιέ

476 1699 557 1780 ξὶς
591 1698 681 1750 τὸν
733 1701 1001 1772 μακάριον
1041 1702 1185 1771 Ἰὼϐ,
1237 1711 1614 1776 συγγραφεῖσα
1671 1709 1822 1777 παρὰ
1874 1708 1970 1763 τοῦ
2028 1708 2322 1780 ἱερωτάτου
2378 1706 2779 1778 μητροπολίτου
2838 1707 3166 1777 Ἡρακλείας
3197 1749 3213 1772 ,
3258 1704 3451 1774 κυρίου
3504 1703 3746 1772 Νικήτα.

475 1785 717 1856 Νικητοῦ
754 1789 922 1854 enim,
956 1791 1002 1845 si
1038 1793 1241 1862 regulis
1271 1797 1755 1863 grammaticorum
1793 1797 2049 1853 insistere
2085 1795 2372 1859 voluisset,
2405 1794 2699 1849 dicendum
2750 1803 2890 1848 erat.
2923 1792 3146 1849 Grmcos
3176 1806 3340 1862 porro
3373 1805 3481 1845 non
3518 1803 3747 1844 suorum

477 1874 570 1928 sed
623 1875 926 1932 alienorum
961 1879 1179 1934 nomina
1210 1897 1461 1938 assuesse
1517 1885 1672 1940 libris
1724 1885 2022 1956 praefigere,
2058 1884 2290 1954 probant
2337 1881 2728 1937 Commentarii
2769 1882 2821 1935 in
2868 1879 3160 1943 Joannem,
3191 1880 3281 1950 qui
3315 1877 3502 1949 Cyrilli
3553 1891 3751 1930 nomen

479 1961 836 2042 prmlerebant
871 1965 963 2036 (c),
991 1983 1114 2022 cum
1140 1980 1323 2024 essent
1349 1971 1756 2042 Chrysostomi;
1782 1973 2172 2030 Commentarii
2196 1970 2446 2040 Origenis
2471 1970 2523 2025 in
2549 1969 2672 2034 Job,
2703 1969 2795 2039 qui
2817 1984 3047 2038 prorsus
3067 1967 3319 2037 Origcnis
3346 1981 3453 2020 non
3482 1973 3613 2020 sunt
3644 1963 3747 2032 (d).

478 2039 589 2104 Nec
615 2060 796 2118 potest
817 2053 1181 2122 dissimulari,
1213 2061 1378 2112 multa
1411 2039 1750 2133 Hieronymo
1785 2079 1893 2117 non
1916 2059 2253 2132 llieronymi,
2290 2039 2596 2128 Augustino
2631 2056 2799 2110 multa
2822 2057 3054 2123 ascripta
3074 2070 3194 2110 esse
3215 2069 3321 2107 non
3344 2051 3632 2122 Augustini
3659 2048 3753 2120 (e).

483 2135 558 2188 De
584 2136 725 2204 stylo
755 2153 973 2210 quoque
1004 2140 1204 2196 Nicetae
1233 2153 1430 2213 praeter
1460 2161 1574 2202 rem
1603 2163 1723 2203 esse
1755 2148 1989 2214 videtur,
2019 2163 2140 2204 cum
2185 2145 2390 2200 nullum
2439 2144 2492 2198 in
2538 2144 2641 2198 hoc
2669 2150 2782 2196 toto
2821 2141 3232 2198 Commentario
3282 2137 3482 2194 Niceta:
3523 2137 3750 2191 verbum

481 2225 810 2291 reperiatur,
841 2227 935 2282 sed
982 2230 1168 2283 omnia
1219 2232 1452 2288 aliorum
1499 2235 1682 2290 verbis
1726 2237 2007 2306 exposita,
2041 2246 2097 2289 et
2127 2235 2253 2289 licet
2293 2248 2486 2288 omnes
2546 2232 2668 2286 alia:
2717 2241 2943 2293 catenae,
2995 2240 3116 2300 qua:
3143 2244 3268 2283 cum
3299 2227 3501 2282 Niceta:
3531 2225 3754 2279 nomine

483 2310 914 2382 (τοηιῖυηὲηηιιινο
951 2314 1151 2371 Nicetaa
1185 2318 1329 2382 sint,
1371 2335 1534 2390 quam
1581 2331 1665 2376 est
1710 2323 2098 2392 interpretatus
2146 2321 2469 2384 Comitolus,
2503 2321 2652 2374 nullo
2696 2320 2856 2375 modo
2890 2319 3093 2374 Nicctae
3123 2315 3472 2372 tribuendam
3505 2329 3646 2369 esse.
3683 2311 3752 2366 Et

484 2399 601 2495 haec
632 2399 852 2496 quidem
888 2410 1018 2457 sunt
1067 2402 1324 2462 Comitoli
1376 2416 1702 2478 argumenta
1735 2409 2000 2466 adversus
2043 2425 2157 2477 eos,
2189 2411 2280 2480 qui
2316 2409 2546 2480 hujusce
2599 2416 2804 2464 catena:
2851 2409 2906 2463 in
2955 2405 3155 2462 Jobum
3191 2416 3470 2460 auctorem
3505 2401 3750 2456 Nicetam

484 2497 824 2544 eutsttmant.

555 2590 1006 2664 Olympiodorum
1049 2611 1176 2653 vero
1199 2598 1489 2655 diacondm
1524 2600 1689 2671 hujus
1721 2594 1924 2673 opilicii
1953 2617 2075 2659 esse
2115 2611 2393 2660 auctorem
2435 2604 2748 2661 necessario
2790 2603 3003 2674 prohat,
3037 2599 3179 2672 quod
3211 2605 3416 2654 catena
3457 2603 3650 2651 auctor
3695 2591 3751 2648 in

484 2687 728 2736 extrema
761 2684 1104 2752 praefatione,
1136 2702 1261 2741 cum
1296 2686 1676 2760 Chrysostomi
1704 2692 1952 2746 oratione
1991 2707 2147 2747 suam
2180 2701 2532 2756 connectens,
2570 2686 2729 2745 Nunc
2755 2691 2825 2744 ad
2838 2693 3019 2758 'ipsam
3046 2688 3339 2752 uerborum,
3367 2685 3563 2754 inquit,
3591 2683 3754 2736 inter-

487 2769 838 2835 pretationem
891 2773 1199 2826 veniendum
1252 2785 1369 2839 est;
1417 2793 1738 2847 quaecunque
1788 2772 1908 2832 vero
1955 2780 2194 2836 historia:
2243 2791 2560 2852 congruunt,
2594 2790 2751 2850 atque
2781 2780 3072 2849 allegorias,
3103 2788 3210 2832 etc.
3249 2775 3412 2845 Atqui
3444 2773 3606 2827 Verba
3637 2772 3754 2826 hate

488 2869 717 2922 prorsus
743 2859 1098 2928 consequitur
1131 2875 1330 2917 nomen
1363 2861 1756 2933 Olympiodori,
1780 2864 2008 2936 ejusque
2048 2869 2386 2936 prothcoria.
2419 2867 2476 2923 Si
2508 2869 2756 2937 superior
2783 2869 2959 2922 oratio
2991 2873 3075 2920 est
3103 2871 3308 2920 catena!
3341 2861 3604 2923 auctoris,
3639 2869 3752 2912 tum

490 2943 802 3010 historiam,
839 2955 952 3000 tum
983 2948 1272 3014 theoriam,
1307 2965 1432 3004 cum
1460 2965 1548 3006 res
1577 2950 1733 3017 feret,
1761 2953 1814 3006 in
1839 2954 2055 3024 singula
2085 2957 2260 3025 capita
2297 2956 2609 3025 pollicentis
2629 2996 2642 3020 ,
2689 2968 2812 3010 cum
2859 2953 2913 3006 in
2951 2953 3241 3019 utriusque
3271 2964 3468 3005 sensus
3493 2957 3548 3001 et
3576 2946 3750 3000 histo-

488 3031 588 3086 rici
615 3041 670 3087 et
715 3033 946 3090 theorici
995 3036 1458 3108 pervestigatione
1519 3037 1686 3094 luerit
1736 3039 2162 3111 Olympiodorus
2198 3043 2584 3114 perdiligenter
2627 3051 2918 3106 versatus,
2971 3054 3096 3095 cum
3155 3038 3303 3092 illius
3335 3036 3602 3090 duntaxat
3645 3033 3757 3088 sint

491 3135 684 3176 omnes
717 3121 821 3177 illa:
851 3123 1217 3193 protheoriaa,
1252 3124 1378 3195 quis
1426 3127 1641 3182 vocabit
1691 3127 1743 3182 in
1775 3128 2026 3196 dubium,
2065 3131 2198 3200 quin
2239 3132 2382 3188 idem
2443 3132 2517 3188 sit
2579 3132 2892 3202 interpres?
2944 3126 3315 3199 Olympiodori
3376 3122 3755 3192 interpretatio

491 3225 616 3265 cum
660 3211 998 3282 reliquorum
1037 3212 1328 3268 doctorum
1359 3214 1841 3284 esplanationibus
1871 3217 1945 3272 ita
1979 3218 2243 3281 cohaeret.
2269 3227 2330 3274 ut
2370 3231 2480 3274 non
2527 3218 2825 3273 multorttm
2856 3216 3148 3285 expositio,
3183 3211 3278 3270 sed
3311 3213 3474 3267 unius
3508 3217 3756 3265 tantum-

493 3299 658 3353 modo
687 3300 936 3354 vitleatur
964 3315 1086 3356 esse
1117 3301 1480 3356 continuatio.
1516 3302 1813 3358 Sententiae
1850 3305 1998 3360 illius
2055 3322 2119 3361 ex
2173 3307 2405 3362 aliorum
2451 3304 2742 3360 sententiis
2795 3295 3162 3368 cinerescunt,
3193 3311 3248 3356 et
3299 3302 3569 3372 pleraeque
3607 3294 3754 3351 illius

487 3388 982 3444 commentationes
1017 3389 1071 3444 in
1104 3389 1282 3444 aliena
1314 3389 1602 3459 junctione
1643 3393 1929 3446 verborum
1965 3409 2107 3465 sape
2137 3393 2454 3458 considunt,
2484 3390 2717 3447 aliorum
2751 3391 2913 3445 verba
2953 3399 3005 3445 et
3054 3389 3339 3446 sententiae
3381 3375 3754 3457 Olympiodorl

491 3478 1077 3548 comprehensionibus
1131 3480 1556 3549 astringuntur:
1595 3481 1828 3536 aliorum
1879 3483 2238 3551 interpretum
2289 3480 2521 3537 infracta
2581 3481 2650 3534 ab
2695 3477 3082 3550 Olympiodoro
3137 3483 3421 3541 sanantur,
3447 3481 3502 3528 et
3556 3471 3754 3538 vitiosa

493 3580 726 3634 qumque
753 3567 1288 3638 complentur:quae
1322 3564 1491 3623 variis
1526 3583 1592 3623 ex
1629 3575 1819 3626 eadem
1848 3580 2042 3625 eatena
2083 3570 2334 3626 adductis
2381 3567 2646 3636 exemplis
2695 3567 3000 3622 Comitolus
3043 3563 3354 3620 conﬁrmat.
3402 3559 3758 3627 Tandemque

495 3653 788 3708 rardinalis
812 3653 1067 3709 Gulielmi
1101 3654 1306 3720 Sirleti,
1340 3654 1623 3710 Francisci
1653 3651 1930 3725 Turriani,
1965 3665 2020 3712 et
2052 3654 2201 3710 Petri
2247 3652 2487 3708 Galesini
2537 3651 2904 3722 protonotarii
2961 3648 3245 3720 apostolici
3295 3645 3613 3707 sententias,
3644 3649 3757 3697 suae

497 3740 728 3793 comites
753 3739 969 3810 allegat,
1000 3747 1056 3794 et
1081 3738 1351 3796 Vincentii
1383 3741 1575 3796 Pinclli
1609 3744 1853 3799 codicem
1893 3750 2292 3814 pervetustum,
2324 3741 2378 3795 in
2421 3741 2580 3810 cuius
2620 3739 2812 3809 primis
2853 3737 3068 3808 paginis
3098 3745 3183 3791 est
3214 3731 3605 3807 Olympiodori,
3634 3739 3758 3785 tan-

497 3841 664 3895 quam
695 3825 920 3897 legitimi
951 3828 1214 3891 auctoris,
1248 3827 1440 3884 litteris
1475 3829 1683 3885 Latinis
1721 3845 1924 3886 nomen
1962 3831 2286 3900 ascriptum.
2327 3826 2686 3897 Tandemque
2725 3824 3120 3881 Parisiensium
3151 3824 3372 3878 Patrum
3405 3826 3460 3877 et
3488 3818 3758 3876 sodalium

498 3929 729 3970 suorum
764 3915 1133 3985 patrocinium
1161 3915 1423 3981 adnectit,
1457 3917 1548 3986 qui
1575 3932 1698 3971 cum
1728 3933 1825 3972 sua
1854 3930 2021 3973 causa
2047 3918 2194 3990 regis
2225 3917 2532 3988 reginaque
2566 3914 2928 3971 bibliothecas
2956 3914 3068 3968 acri
3102 3913 3282 3968 studio
3314 3911 3757 3980 perlustrassent.

499 4005 855 4076 singulosque
889 4005 1060 4061 libros
1091 4021 1154 4061 ac
1195 4005 1462 4061 librorum
1495 4007 1701 4063 indices
1733 4007 2048 4079 diligentius
2084 4008 2472 4076 inspexissent,
2515 4003 2915 4074 responderunt
2943 4021 2956 4056 :
2984 3999 3107 4054 Non
3143 4009 3220 4054 est
3274 4009 3450 4051 autem
3474 3995 3612 4067 quod
3651 4009 3759 4046 rev.

497 4103 702 4164 patrem
736 4092 1051 4149 Comitolum
1077 4095 1248 4165 pigeat
1278 4095 1612 4164 conjectum,
1639 4105 1875 4150 catenam
1900 4097 2058 4150 istaut
2093 4094 2468 4167 Olympiodoro
2501 4092 2794 4147 tribuentis.
2820 4088 2964 4144 Nam
2998 4099 3045 4143 et
3076 4091 3128 4142 in
3165 4087 3405 4158 Epitome
3433 4082 3762 4138 bibliothectt

502 4181 741 4247 Gesneri,
777 4191 827 4236 et
854 4187 908 4235 tn
936 4181 1194 4252 Cataloga
1219 4182 1474 4236 librorum
1505 4183 1644 4237 edito
1670 4201 1702 4238 a
1734 4182 1958 4239 Simlerb
1990 4201 2128 4239 anno
2169 4182 2327 4246 l586,
2370 4190 2557 4234 catena
2585 4180 2638 4233 in
2663 4178 2767 4233 Job
2812 4178 3186 4248 Olympiodoro
3219 4175 3467 4229 tribuitur
3491 4171 3757 4256 quaedam,

499 4285 619 4340 qua?
648 4271 848 4323 dicitur
877 4271 931 4324 in
955 4270 1267 4325 bibliotheca
1308 4269 1561 4326 Sambuci
1595 4273 1796 4327 servari
1827 4287 1844 4327 :
1879 4274 2106 4344 itemque
2151 4271 2386 4334 eiusdem
2423 4267 2790 4338 Olympiodori
2841 4266 3055 4319 diaconi
3085 4264 3388 4335 liypatlteses
3423 4263 3474 4315 in
3505 4257 3628 4314 Job.
3663 4259 3761 4313 llis

501 4357 786 4412 concludit
818 4371 938 4412 esse
986 4374 1116 4413 vero
1156 4370 1320 4428 quam
1359 4359 1701 4414 simillimum
1754 4359 1918 4429 hujus
1969 4373 2176 4417 catenae
2217 4359 2541 4429 scriptorem
2569 4355 3040 4426 Olympiodorum,
3079 4351 3462 4406 Alexandrina:
3503 4347 3762 4403 Ecclesia;

501 4445 819 4511 diaconum,
850 4446 1144 4502 exstitisse.
1181 4443 1285 4502 Pro
1335 4464 1441 4516 qua
1495 4450 1766 4503 sententia
1802 4448 2164 4514 defendenda,
2211 4447 2461 4518 ingentes
2518 4444 2772 4501 Comitoli
2824 4454 3076 4508 conatus,
3117 4450 3169 4496 et
3209 4441 3540 4496 concitatum
3591 4435 3761 4490 animi

501 4533 754 4588 ardorem
793 4535 1166 4602 conspexeris.
1204 4534 1284 4588 Ad
1317 4534 1568 4588 Comitoli
1602 4551 1821 4603 quoque
1855 4538 2180 4592 sententiam
2215 4537 2426 4591 accedit
2457 4534 2794 4591 Posscvinus
2821 4531 2872 4585 in
2911 4540 3198 4599 apparatu,
3234 4531 3284 4582 in
3321 4525 3753 4599 Olympiodoro:

501 4621 707 4674 Accedo
731 4622 869 4676 enim
892 4622 1074 4676 lubens
1106 4622 1174 4674 ad
1204 4623 1515 4674 sententiam
1560 4616 1722 4675 Pauli
1758 4622 2031 4687 Comitoli,
2056 4627 2148 4695 qui
2177 4621 2411 4679 eamdem
2455 4633 2719 4685 catenam,
2753 4625 2809 4673 ut
2864 4619 2993 4672 alibi
3028 4619 3285 4681 diximus,
3315 4633 3342 4669 e
3372 4617 3556 4670 (ἔντερα
3611 4612 3764 4666 Lati-

503 4728 625 4764 nam
665 4711 788 4780 fecit
819 4710 1100 4781 eleganter.
1143 4709 1247 4775 Qui
1280 4713 1402 4763 item
1451 4711 1636 4764 solidis
1693 4711 1989 4767 rationibus
2038 4715 2090 4766 in
2127 4714 2354 4767 editione
2400 4711 2614 4776 Veneta,
2645 4725 2762 4780 qua:
2805 4706 3002 4777 prodiit
3031 4707 3172 4777 apud
3211 4705 3401 4760 Iolitos
3429 4719 3566 4758 anno
3603 4695 3759 4766 1587,

505 4800 694 4855 evincit
726 4816 840 4855 eam
869 4817 979 4856 esse
1008 4815 1110 4854 non
1143 4798 1347 4854 Niceta:
1382 4799 1750 4855 Heracleensis
1779 4802 2030 4871 episcopi,
2059 4803 2149 4856 scd
2182 4804 2344 4872 ipsius
2378 4799 2766 4872 O'ympioduri.

583 4999 652 5068 (ε)
694 4989 911 5052 Memini
947 5013 1139 5068 reapse
1175 5007 1260 5052 nze'
1292 4998 1474 5053 videre
1506 4992 1561 5052 in
1605 4997 1929 5053 bibliotheca
1977 4989 2086 5051 Va-
2193 5009 2377 5054 autem
2443 4998 2723 5055 nonnullis
2749 4997 3265 5053 hallucinationibus
3327 4995 3504 5068 verba
3546 4993 3648 5050 leci
3706 4991 3762 5050 in

509 5071 692 5124 ticaua
731 5071 972 5124 codicem
1005 5067 1258 5142 magnum
1287 5068 1818 5142 insignem,litteris
1841 5070 2087 5123 venustis
2194 5081 2340 5124 tomo
2362 5071 2427 5136 Χ,
2464 5089 2518 5142 p.
2553 5071 2682 5134 9.0L
2714 5085 2829 5142 seq.
2858 5068 3132 5142 Spicili-gii
3168 5069 3326 5142 item.
3462 5067 3528 5119 Μ.

508 5149 815 5202 exaratum,
846 5155 970 5210 cum
1005 5135 1226 5210 praeﬁxo
1272 5135 1431 5192 titulo
1469 5139 1652 5208 (Iyrilli
1696 5139 1754 5210 in
1795 5136 2082 5210 Joannem,
2265 5143 2333 5210 (ε)
2370 5135 2673 5209 Augustino
2700 5135 3134 5208 scripta—aliquot
3160 5139 3300 5192 falso
3337 5138 3525 5210 utique
3564 5135 3764 5190 inscri«

509 5224 634 5263 rum
695 5220 876 5264 tamen
923 5209 1055 5262 nihil
1103 5209 1288 5279 Cyrilli
1355 5213 1632 5280 proprium
1695 5208 1894 5280 inesset
1919 5225 1954 5280 ςᾲ
1991 5209 2084 5262 sed
2190 5208 2280 5280 pta
2311 5208 2568 5266 luerunt:
2597 5213 2689 5264 sed
2721 5211 2825 5264 alia
2859 5210 3093 5263 vicissim
3123 5216 3305 5277 erepta
3343 5209 3516 5280 eidem
3550 5213 3767 5280 constat

509 5280 907 5350 Conmendium
934 5281 1117 5350 potius
1153 5277 1527 5350 Chrysostotni
1563 5279 1716 5342 illud,
1752 5278 1898 5348 quod
1929 5278 2085 5332 Pata-
2191 5277 2592 5350 philologorum
2649 5283 2844 5336 audaci
2884 5280 3106 5347 judicio.
3145 5279 3574 5350 reclamantibus
3611 5277 3768 5350 valde

509 5349 921 5420 \‘iiobsfrvavit
949 5345 1468 5420 ComitolusIALM.
1509 5419 1514 5420 ί
1747 5345 1783 5420 ς
2189 5345 2470 5407 codicibus
2522 5345 2928 5420 antiquissimis
2981 5360 3035 5404 et
3083 5352 3331 5417 ingenua:
3371 5349 3528 5420 lania:
3574 5345 3765 5420 primis

584 5419 660 5488 (ά)
700 5417 862 5488 Recte
893 5418 1006 5472 haec
1053 5420 1332 5475 dicuntur.
1364 5418 1575 5472 Etenim
1601 5432 1708 5488 ego
1736 5417 2085 5474 Commenta-
2186 5423 2509 5476 editoribus.
2536 5422 2626 5475 Sic
2651 5416 2739 5474 ex.
2772 5438 2851 5488 gr.
2888 5430 3074 5474 nostra
3107 5416 3218 5474 fere
3247 5427 3407 5475 aetate
3433 5418 3562 5470 illita
3594 5416 3769 5488 Chry-

509 5486 788 5542 rii‘adhuc
814 5486 999 5561 Graece
1035 5489 1220 5543 incditi
1254 5490 1304 5542 in
1335 5489 1554 5551 .Iohum,
1589 5486 1785 5541 falsum
1829 5491 2081 5558 Origeuis
2187 5493 2456 5561 sologum,
2515 5491 2726 5545 Brunus
2776 5486 3078 5544 Maximum
3131 5501 3294 5552 taur.,
3337 5490 3465 5561 dum
3523 5487 3767 5561 studiose

509 5575 707 5612 nomen
771 5561 824 5612 in
881 5559 1160 5614 codicibus
1223 5561 1482 5626 gerentis,
1537 5573 1734 5629 verum
1803 5553 2080 5612 anetorem
2185 5553 2399 5615 illorum
2430 5572 2608 5616 tomos
2639 5561 2972 5628 ampliﬁcare
3004 5559 3428 5629 volunt,alienis
3456 5571 3562 5613 non
3596 5553 3764 5609 semel

512 5629 774 5697 (priscum
833 5629 1040 5684 st-ilicet
1084 5642 1138 5684 et
1189 5631 1346 5684 latine
1381 5628 1580 5684 nobilis
1611 5630 1912 5700 hominem)
1953 5646 2078 5700 cum
2181 5633 2381 5700 plumis
2419 5641 2840 5690 exornaverunt.
2872 5634 2934 5685 Α.
2966 5629 3034 5684 Μ.

513 5703 632 5768 lpso
661 5715 824 5771 opere
855 5702 1172 5771 Vulgaturus
1205 5701 1498 5772 aliquando
1533 5714 1673 5756 sum.
1709 5699 1782 5755 Dc
1821 5699 2079 5758 Comitoli
