4122 6212
403 321 505 384 537
1892 330 2031 398 NO'I

2033 336 2226 403 'ITIA.
3555 348 3661 411 538

473 438 618 529 Quid
656 440 875 497 interim
907 445 1042 501 nos?
1075 447 1131 502 In
1167 457 1314 504 tanta
1348 452 1792 523 eonjecturarum
1847 452 2027 522 copia,
2056 459 2110 506 et
2155 452 2481 509 eximiorum
2542 455 2823 511 hominum
2880 464 3155 516 consensu
3195 458 3661 529 aequiescemus?

401 515 661 621 Etiamsi
697 530 963 621 producta
991 537 1263 591 sententia
1290 554 1454 608 quam
1486 541 1808 608 longissime
1864 541 2081 594 abesset
2120 556 2151 595 a
2185 558 2334 602 vero.
2365 553 2510 599 tanta
2551 547 2767 601 dicendi
2821 549 2978 617 ecpia
3018 515 3491 619 pratstrurltamos
3527 515 3664 621 quo-

400 632 512 687 que
532 619 700 672 etiam
731 620 934 675 invitos
976 622 1043 676 ad
1074 638 1132 677 se
1158 625 1494 693 pellexisset.
1529 630 1634 683 Sed
1699 630 1942 685 veritatis
1996 631 2264 694 studium,
2306 649 2416 700 quo
2462 650 2677 705 semper
2718 636 3123 693 incontinenter
3156 640 3469 694 exarsimus
3499 619 3659 693 como

405 706 580 796 pellit,
611 716 669 761 ut
700 707 876 763 dictas
903 711 1257 796 conjecturas
1287 716 1620 784 conjecturis
1651 718 1774 772 aliis
1809 717 1953 787 (quas
1989 719 2133 772 enim
2168 721 2222 774 in
2266 721 2428 776 rebus
2473 722 2786 792 hujus’modi
2832 724 3230 779 demonstratio
3261 725 3486 796 fuerit?)
3525 743 3659 795 pon-

405 794 645 858 deratas,
679 795 1075 863 sapientiorutn
1099 800 1341 854 examini
1392 804 1823 859 committamus.
1854 804 1956 869 Qui
1998 807 2163 861 semel
2197 809 2504 876 oppositum
2539 811 2830 872 sentiebat,
2886 813 3192 867 rationibus
3248 794 3503 867 Comituli
3528 794 3662 881 per-

406 897 623 947 suasus,
662 883 716 935 in
750 886 1074 939 sententiam
1103 887 1361 942 Comitoii
1385 890 1551 943 venit.
1594 889 1810 959 Optime
1839 891 2067 955 factum,
2107 893 2272 947 laudo
2322 895 2622 964 ingenium,
2655 896 2707 950 id
2761 913 2979 966 quoque
3023 913 3225 953 suasus
3274 899 3386 968 ipse
3421 898 3655 957 faciam;

404 979 458 1055 et
486 970 532 1024 si
559 980 847 1039 peccatum
873 981 975 1035 est,
1016 975 1211 1029 talibus
1242 976 1297 1030 in
1330 978 1494 1033 rebus
1544 979 1757 1033 diversa
1806 980 1875 1034 ab
1913 980 2037 1035 aliis
2060 983 2283 1045 sentire,
2316 982 2526 1036 veniam
2566 985 2928 1054 deprecabor;
2968 995 3019 1039 et
3075 1003 3188 1041 rem
3228 1003 3405 1055 agam.
3433 986 3661 1043 Joannis

403 1052 737 1114 Parisiensis
766 1062 1017 1116 canonici
1045 1062 1214 1117 codex
1240 1064 1484 1120 Nicetam
1517 1060 1840 1135 prmierebat
1869 1079 2151 1124 auctorem
2196 1067 2358 1137 hujus
2393 1052 2702 1136 catena—et
2738 1074 2878 1142 regis
2913 1061 3099 1127 Callia:
3129 1052 3428 1143 exemplar,
3468 1085 3520 1127 et
3553 1091 3659 1128 non

404 1161 577 1214 pauca
610 1147 740 1215 alia,
771 1162 894 1218 qua:
925 1148 1399 1221 Constantinopoli
1432 1154 1709 1219 visuntur,
1740 1156 1990 1223 quamvis
2018 1156 2322 1213 Contilolus
2356 1160 2556 1214 nullam
2579 1171 2799 1216 exstare
2844 1161 2898 1215 in
2949 1162 3278 1217 bibliotheca
3312 1163 3459 1232 regia
3516 1172 3663 1216 cate-

407 1248 533 1287 nam
572 1232 842 1299 aliirmet;
876 1235 970 1289 sed
1009 1235 1480 1309 Constantinopoli
1530 1242 1806 1296 exstitisse
1864 1244 2025 1297 tradit
2074 1247 2464 1312 grammaticus
2520 1248 2573 1301 in
2628 1244 2888 1319 Catalo‘go
2940 1250 3182 1304 exhibito
3230 1250 3283 1303 in
3335 1249 3662 1305 bibliotheca

406 1319 733 1388 patriarchae
762 1321 1370 1394 Constantinopolitatti,
1405 1335 1464 1380 ut
1496 1343 1560 1381 ex
1596 1329 1818 1382 Antonii
1868 1328 2109 1386 Verderli
2143 1334 2521 1402 suppienleuto
2571 1324 2806 1404 colligo;
2863 1336 2917 1389 in
2969 1336 3159 1405 Anglia
3217 1336 3326 1390 d'uo
3384 1335 3663 1391 Bodleiani

409 1406 649 1470 codices,
695 1423 760 1460 ex
817 1409 1022 1477 quibus
1076 1425 1231 1464 suam
1282 1413 1447 1479 eruit,
1476 1414 1754 1484 editlitque
1810 1414 2081 1475 Patricius
2128 1420 2345 1477 Junius.
2401 1423 2847 1493 Olympiodorum
2883 1439 3028 1477 unus
3058 1425 3402 1479 solummodo
3437 1426 3526 1492 qui
3563 1423 3665 1477 fuit

414 1493 701 1550 Santbucia.
722 1495 933 1561 Quibus
971 1495 1106 1551 lldes
1139 1499 1443 1555 adhibenda
1475 1502 1602 1556 est?
1658 1504 1826 1557 unine
1869 1504 2254 1562 tantummodo
2304 1509 2584 1572 Sambtmi,
2620 1510 2790 1563 relato
2821 1508 2891 1564 ab
2922 1510 3373 1579 epitomatoribus
3404 1509 3659 1571 Gesneri.

411 1601 481 1640 au
514 1596 589 1640 tot
617 1587 762 1650 aliis,
798 1587 892 1655 qui
926 1586 1083 1640 nobis
1110 1585 1351 1643 Nicetam
1378 1592 1697 1660 praeﬁgunt?
1722 1592 1787 1646 Et
1821 1593 1865 1647 si
1897 1594 2160 1648 attentius
2207 1597 2368 1649 verba
2411 1597 2831 1665 epitomatorum
2875 1596 3315 1657 considerentur,
3350 1612 3458 1650 non
3506 1597 3665 1651 nobis

411 1673 859 1744 Olympiodorum
890 1684 1173 1729 auctorem
1204 1686 1409 1731 catenae
1428 1676 1581 1743 dant,
1617 1668 1710 1733 sed
1739 1694 1908 1732 unum
1957 1694 2021 1733 ex
2065 1682 2154 1746 iis,
2206 1686 2273 1736 ex
2311 1684 2510 1751 quibus
2548 1683 3024 1752 interpretationes
3069 1676 3176 1737 illa;
3222 1681 3466 1737 collectae
3515 1695 3664 1737 sunt.

413 1761 491 1816 En
520 1761 685 1816 verba
721 1778 735 1815 :
770 1760 1132 1830 Olympiodori
1162 1771 1213 1815 et
1246 1763 1474 1817 aliorum
1507 1767 1748 1835 piissimo
1777 1772 1963 1820 catena
2000 1770 2052 1820 iu
2087 1766 2209 1828 Job.
2239 1770 2296 1821 iit
2322 1768 2634 1822 bibliotheca
2665 1766 2938 1824 Sambuci.
2962 1764 3023 1821 Ni
3054 1770 3191 1824 alios
3225 1783 3444 1838 quoque
3477 1778 3669 1823 auctos

407 1864 497 1904 res
527 1858 734 1904 catena:
761 1857 1016 1904 auctores
1042 1850 1375 1906 substituere
1399 1854 1653 1908 velimus.
1688 1854 1753 1908 Et
1783 1868 1908 1908 cum
1955 1854 2259 1910 Comitolus
2288 1856 2454 1921 dicat,
2485 1856 2811 1910 diversorum
2837 1856 3218 1924 exemplarium
3267 1865 3509 1909 auctores
3558 1868 3668 1910 esse

405 1938 663 2001 diversos,
722 1938 996 1992 undenam
1037 1938 1126 1993 ille
1183 1939 1373 1994 habuit
1419 1940 1473 1994 in
1528 1939 1899 1996 Sambuciano
1927 1943 2021 1997 illo
2058 1942 2247 1996 codice
2285 1951 2531 1998 catenam
2564 1959 2594 1997 a
2627 1958 2686 1998 se
2725 1958 2961 2006 versam,
2993 1952 3046 1997 et
3080 1957 3242 2011 quam
3279 1941 3668 2013 Olympiodoro

407 2023 527 2095 ipse
561 2025 819 2089 vindicat,
853 2032 910 2081 et
949 2040 1058 2080 non
1087 2027 1249 2080 aliam
1287 2036 1450 2096 atque
1471 2027 1763 2092 diversam,
1798 2029 2106 2084 contineri?
2152 2028 2333 2096 Quare
2364 2031 2417 2084 in
2452 2030 2763 2098 hujnsntodi
2803 2029 3144 2098 conjectura,
3176 2029 3253 2083 rei
3286 2028 3465 2082 dubiae
3491 2029 3668 2097 majo-

409 2128 527 2167 rem
556 2113 716 2167 lidem
746 2112 954 2169 faciunt
981 2114 1167 2185 plures
1196 2115 1435 2179 codices.
1464 2116 1758 2185 pluresque
1788 2126 1961 2172 testes
1992 2117 2249 2171 ilrmioris
2295 2118 2641 2172 auctoritatis
2683 2124 3029 2185 reputantur.
3066 2115 3207 2182 Quid
3238 2115 3283 2169 si
3313 2112 3668 2185 Olympiodoa

408 2214 532 2253 rum
567 2201 749 2255 nullus
773 2200 919 2256 alius
945 2202 1120 2264 testis,
1154 2203 1337 2258 nullus
1366 2203 1595 2273 hujusce
1635 2205 2114 2259 commcntationis
2151 2204 2316 2259 fretus
2363 2205 2524 2268 alius,
2552 2203 2795 2259 Nicetam
2842 2214 3023 2257 autem
3053 2202 3136 2257 ita:
3163 2210 3215 2256 et
3249 2203 3301 2255 itt
3334 2202 3470 2257 alios
3497 2212 3670 2257 sacrae

411 2286 706 2358 Scriptura:
736 2290 929 2357 libros,
957 2292 1238 2360 perplures
1276 2292 1628 2348 collectiones
1675 2293 1973 2348 accusant?
2006 2293 2072 2346 At
2111 2289 2313 2346 Nicetae
2352 2292 2527 2362 styius
2572 2306 2697 2346 cum
2724 2290 2847 2345 aliis
2880 2290 3137 2360 operibus
3161 2287 3363 2344 Nicetae
3397 2303 3503 2343 non
3532 2302 3672 2342 con-

410 2378 594 2432 sentit.
623 2376 759 2432 Cum
796 2377 980 2433 nullus
1010 2379 1102 2434 hic
1126 2388 1407 2442 cernatur,
1434 2393 1623 2434 verum
1659 2391 1779 2447 est;
1831 2392 1959 2436 sunt
1989 2380 2133 2436 enim
2176 2380 2407 2434 aliorum
2452 2380 2780 2445 scriptorum
2817 2378 3100 2433 sentcntiae
3133 2368 3452 2434 eorumdrm
3485 2375 3667 2430 verbis

410 2464 693 2533 expositae,
732 2465 811 2519 vel
838 2465 1170 2534 quandoque
1196 2466 1361 2520 etiam
1392 2466 1708 2529 decurtata,
1745 2467 1798 2522 in
1835 2481 1946 2538 quo
1978 2468 2124 2521 nulla
2154 2478 2299 2523 certa
2334 2467 2457 2539 styli
2496 2467 2636 2521 ratio
2672 2466 2897 2521 formari
2930 2474 3132 2536 potest.
3160 2464 3422 2533 Quamvis
3455 2458 3510 2520 in
3543 2463 3670 2517 aliis

414 2552 531 2606 suis
588 2550 826 2620 scriptis,
860 2551 915 2605 in
974 2551 1174 2620 quibus
1229 2551 1498 2618 λογοειδὲς
1541 2551 1756 2606 dicendi
1786 2567 1956 2620 genus
1988 2566 2250 2621 sectatur,
2294 2573 2399 2612 non
2442 2556 2718 2626 inelegans
2768 2556 2864 2618 sit,
2912 2556 3006 2610 sed
3054 2556 3255 2625 gravis,
3293 2555 3580 2615 facundus,
3616 2560 3672 2609 et

413 2641 607 2709 plenus
646 2639 953 2693 sententiis.
982 2641 1055 2693 At
1085 2638 1172 2693 hic
1200 2639 1252 2692 in
1282 2639 1641 2708 inscriptione
1689 2639 1823 2693 nihil
1873 2650 2068 2708 purum
2108 2644 2323 2709 retinet,
2361 2643 2496 2698 nihil
2527 2642 2730 2699 Graecae
2776 2642 2976 2712 linguae
3030 2642 3393 2697 domesticum
3427 2650 3668 2697 resonat.

413 2726 549 2794 Quis
582 2727 633 2780 id
664 2727 776 2781 ait?
807 2726 913 2782 lies
945 2725 1084 2795 ipsa,
1118 2727 1163 2782 si
1199 2726 1473 2782 Comitoio
1513 2728 1789 2782 credimus
1828 2727 1947 2784 viro
1972 2729 2024 2783 in
2054 2727 2260 2786 Graecis
2293 2731 2492 2786 litteris
2525 2732 2926 2786 versatissimo.
2958 2730 3177 2800 Νικήτα
3222 2731 3366 2785 enim
3401 2729 3532 2784 illud
3573 2739 3672 2797 pro

414 2814 658 2885 Νικητοῦ
687 2831 793 2870 non
823 2814 1092 2870 videture
1120 2815 1604 2885 grammaticorum
1632 2817 1841 2874 schola.
1876 2818 1944 2872 Et
1978 2828 2160 2873 tamen
2211 2828 2409 2887 purum
2459 2818 2842 2874 belienismunt
2877 2829 3058 2874 sonat.
3107 2815 3316 2873 Nomen
3360 2818 3504 2872 enim
3539 2817 3671 2871 illud

414 2903 526 2958 fere
548 2905 603 2958 in
642 2902 898 2959 omnibus
954 2903 1119 2958 etiam
1174 2904 1576 2972 antiquioribus
1627 2906 1699 2959 ita
1748 2908 2035 2961 enuntiato

2045 2923 2089 2965 r.
2149 2905 2289 2962 Hinc
2348 2907 2546 2979 legitur
2575 2925 2590 2962 :
2621 2906 2915 2977 Συνανωγὴ
2968 2906 3282 2978 ἐξηγήσεων
3312 2906 3391 2969 si;
3422 2906 3485 2959 τὸ
3528 2905 3671 2960 κατά

415 2994 631 3046 Δουκᾶν
659 2990 811 3062 παρὰ
834 2990 1051 3061 Νικὴτα
1079 2990 1354 3046 διακόνου.
1386 2991 1602 3062 Νικήτα
1632 2993 1855 3063 Σερῤὦν
1881 2995 1962 3059 εἰς
1990 2995 2297 3069 Γρηγόριον
2336 2996 2430 3049 ξὺν
2459 2988 2744 3064 Θεολόγον.
2781 2986 2999 3067 Νικήτα
3040 2992 3368 3064 μονάζοντος
3392 2994 3486 3047 τοῦ
3532 2994 3672 3062 Στη-

417 3079 584 3134 θάτου
609 3080 691 3142 si;
720 3079 782 3133 τὸ
819 3078 1023 3148 βιὸλίον
1070 3078 1180 3131 τῶν
1227 3079 1389 3132 θείων
1433 3076 1885 3154 ὕμνων..Νικήτα
1911 3083 2006 3136 τοῦ
2043 3086 2045 3137 ξ

2048 3085 2368 3150 Βυζαντίου.
2398 3084 2615 3157 Νικήτα
2646 3078 2741 3139 τοῦ
2784 3082 3101 3154 φιλοσόφπυ.
3158 3082 3222 3138 Et
3250 3083 3305 3137 in
3349 3081 3510 3137 editis
3544 3095 3676 3136 conJ

414 3167 569 3227 ciliis
589 3167 870 3233 Romanis,
897 3164 1114 3224 de~Vita
1138 3164 1536 3237 sanctiignatii
1569 3186 1584 3223 :
1615 3169 1938 3241 Συνεγράφη
1972 3171 2030 3224 δὲ

2058 3171 2210 3243 παρὰ
2248 3167 2465 3243 Νικήτα
2495 3171 2684 3226 δούλου
2721 3170 2900 3243 Ἰησοῦ
2936 3162 3199 3241 Χριστοῦ.
3233 3168 3323 3224 Sic
3353 3168 3518 3224 etiam
3549 3167 3673 3222 vul-

416 3267 601 3333 gatum
637 3267 742 3322 est,
768 3257 990 3327 Νικήτα
1014 3254 1109 3309 τοῦ
1140 3256 1443 3311 Χωνιάτου.
1478 3256 1545 3309 Et
1570 3256 1624 3310 in
1664 3258 2012 3326 expositione
2042 3275 2044 3296 ι

2048 3258 2231 3314 Graeca
2262 3260 2567 3314 carminum
2592 3252 2843 3330 Gregorii
2884 3257 3238 3320 Nazianzeni,
3274 3257 3488 3326 Νικήτα
3521 3254 3676 3324 φιλο-ι

417 3348 606 3415 σόφου,
639 3343 741 3398 τοῦ
787 3342 882 3396 καὶ
933 3342 1099 3396 Δαυὶδ
1132 3342 1418 3413 ἑρμηνεία.
1442 3340 1668 3397 Possem
1699 3345 1863 3399 etiam
1911 3344 2041 3398 inﬂtt

2048 3346 2120 3399 ita
2183 3346 2290 3400 alia
2334 3359 2402 3401 ex
2445 3346 2722 3401 historicis
2754 3344 2983 3407 referre,
3016 3345 3109 3414 qui
3153 3338 3354 3398 Nicetre
3381 3357 3577 3397 nomen
3617 3340 3673 3395 in

417 3433 662 3489 secundo
685 3446 817 3487 casu
847 3433 917 3487 ita
952 3429 1206 3496 eﬂ’erunt,
1234 3444 1412 3500 neque
1440 3440 1728 3501 propterea
1758 3431 1955 3500 prefer
1990 3432 2285 3499 puritatem
2317 3432 2489 3487 Grazci
2541 3431 2815 3487 sermonis
2860 3432 3073 3486 locutos
3110 3444 3207 3485 eos
3252 3429 3425 3484 fuisse
3475 3426 3679 3496 aliquis

419 3521 742 3578 criminatus
766 3527 873 3573 est.
912 3518 994 3573 An
1022 3532 1156 3588 ergo
1193 3526 1269 3572 tut
1294 3525 1546 3572 auctores
1589 3517 1660 3570 ob
1686 3519 1851 3573 unius
1912 3517 2136 3589 syllabae
2200 3519 2343 3574 male
2369 3519 2590 3588 scriptae
2634 3518 2687 3573 in
2725 3517 2845 3587 ipso
2868 3516 3049 3579 titulo,
3086 3517 3202 3571 suis
3249 3512 3674 3570 Commentariis

421 3608 692 3681 spoliandi
716 3607 883 3662 sunt?
916 3606 991 3661 De
1018 3605 1203 3661 Niceta
1230 3604 1603 3667 Heracleensi,
1624 3606 1766 3660 etde
1790 3607 1892 3660 hac
1914 3612 2105 3661 catena
2133 3607 2505 3661 tantummodo
2531 3605 2584 3661 id
2609 3604 2929 3670 decernere,
2949 3603 3017 3659 de
3044 3600 3167 3659 aliis
3192 3617 3299 3658 non
3329 3603 3481 3665 item,
3507 3599 3677 3670 λῆρος

422 3699 583 3768 plane
618 3704 780 3756 esset.
814 3695 909 3749 καὶ
933 3693 1084 3748 οὐδὲν
1113 3693 1287 3761 ὑγιές.
1312 3692 1469 3760 Quod
1501 3693 1546 3748 si
1580 3691 1797 3749 Nicetes
1826 3693 1949 3749 ideo
1968 3708 2033 3749 ex
2063 3694 2165 3749 hac
2200 3702 2390 3750 catena
2417 3691 2867 3749 exterminandus
2904 3700 3011 3755 est,
3039 3691 3187 3762 quod
3219 3690 3273 3745 in
3312 3687 3676 3744 exscribendo

423 3786 482 3840 in
513 3782 878 3839 declinatione
927 3792 1210 3850 peccatum
1261 3790 1364 3846 est,
1397 3780 1636 3836 fortasse
1684 3782 1851 3836 etiam
1894 3779 2320 3851 Olympiodorus
2342 3781 2648 3848 ejiciendus
2695 3794 2763 3836 ex
2811 3779 2920 3835 hoc
2963 3778 3154 3833 eodem
3185 3788 3350 3846 Opere
3380 3783 3487 3840 est,
3517 3773 3677 3843 cujus

423 3888 624 3928 nomen
653 3872 707 3926 in
737 3869 1185 3927 emendatissimo
1209 3868 1531 3939 exemplari,
1571 3867 1719 3939 quod
1744 3870 1943 3925 asserit
1967 3868 2237 3925 Patricius
2259 3866 2475 3935 Junius,
2503 3875 2825 3924 constanter
2868 3876 2921 3922 et
2962 3876 3060 3935 per
3088 3865 3274 3920 omnia
3305 3864 3378 3919 ita
3410 3862 3674 3930 scriptum

425 3962 716 4032 reperitur,
745 3960 857 4030 lege
886 3958 1325 4028 compositionis,
1364 3966 1424 4011 ut
1452 3957 1687 4024 videtur,
1717 3957 1873 4011 aliter
1905 3958 2232 4027 postulante,
2263 3970 2361 4027 per
2389 3974 2435 4010 ω
2472 3956 2524 4012 in
2549 3954 2978 4027 antepenultima
3004 3952 3329 4024 exprimitur
3365 3950 3683 4017 Ὀλυμπιω-

421 4050 621 4122 δώρου.
653 4047 758 4103 Sed
790 4046 994 4101 nimius
1016 4047 1131 4116 ipse
1155 4060 1278 4101 sum
1309 4045 1363 4099 in
1390 4044 1664 4101 similibus
1698 4044 2024 4101 referendis.

496 4159 722 4230 Reliqua
749 4157 1000 4212 Comitoli
1024 4156 1332 4213 videantur.
1367 4156 1625 4213 Solemne
1649 4156 1751 4212 fuit
1775 4156 1977 4213 Graecae
2005 4150 2212 4213 nationi
2241 4154 2563 4212 adulterinis
2611 4147 2757 4211 notis
2803 4153 2972 4209 libros
3017 4157 3326 4221 aspergere.
3358 4144 3440 4201 Sit
3469 4155 3681 4201 certum

427 4257 588 4317 atque
613 4247 1000 4310 indubitatum,
1033 4260 1210 4316 neque
1245 4246 1390 4300 enim
1429 4260 1577 4300 nunc
1606 4260 1708 4316 ego
1746 4245 1951 4300 Crtecae
2002 4243 2242 4300 nationis
2277 4258 2500 4298 causam
2533 4257 2655 4312 ago.
2688 4236 2829 4317 Quid
2856 4254 2987 4310 ergo
3031 4239 3157 4292 inde
3195 4234 3492 4305 sequitur?
3534 4234 3681 4303 Ergo

426 4346 478 4391 et
503 4314 607 4390 hoc
645 4349 863 4405 quoque
893 4314 1300 4397 nomen,veraso
1335 4345 1461 4387 vero
1493 4314 1741 4395 auctore,
1780 4340 1985 4386 catenae
2018 4329 2390 4401 praetixerunt.
2420 4326 2535 4383 iioc
2562 4342 2693 4382 vero
2732 4314 3079 4394 probandum
3106 4332 3211 4390 est,
3244 4331 3302 4377 ut
3334 4324 3388 4376 in
3419 4321 3682 4390 exemplis

426 4425 607 4479 allatis
637 4422 706 4478 de
731 4421 936 4495 Cyrillo
966 4428 1019 4475 et
1052 4420 1287 4490 Origene
1324 4419 1609 4489 probatur.
1666 4415 1853 4488 Neque
1880 4428 2168 4489 propterea
2217 4415 2405 4472 licebit
2458 4414 2752 4479 Comitolo,
2793 4414 2952 4483 pulso
3008 4412 3216 4475 Niceta,
3246 4410 3414 4466 alium
3473 4410 3682 4465 substi-

431 4514 608 4567 tuere.
648 4500 787 4564 Tum
818 4509 965 4564 enim
1004 4516 1059 4561 et
1081 4506 1136 4562 in
1172 4505 1322 4561 libris
1349 4521 1569 4576 quoque
1607 4505 1814 4560 Latinis
1845 4505 1896 4559 id
1928 4504 2109 4562 facere
2145 4520 2245 4575 pro
2286 4504 2509 4560 libidine
2532 4503 2965 4572 uniuscujusque
2989 4499 3413 4566 concederetur;
3444 4514 3591 4561 cum,
3622 4504 3684 4551 ut

426 4598 518 4656 ille
547 4601 644 4662 ait,
679 4596 1014 4653 dissimulari
1043 4610 1150 4650 non
1188 4595 1377 4665 possit,
1420 4594 1590 4649 multa
1626 4587 1959 4664 Hieronymo
1988 4607 2095 4647 non
2142 4591 2483 4663 Hieronymi,
2513 4590 2820 4660 Augustino
2877 4589 3046 4642 multa
3101 4584 3337 4654 ascripta
3397 4598 3518 4638 esse
3572 4596 3682 4636 non

427 4688 741 4757 Augustini.
789 4685 928 4740 [line
983 4681 1276 4740 concludct
1334 4683 1522 4738 nescio
1555 4682 1678 4752 quis
1713 4682 1871 4751 plane
1922 4697 2032 4735 non
2085 4677 2341 4737 dissimili
2371 4688 2696 4750 argumento
2734 4698 2748 4734 :
2796 4678 2937 4748 Ergo
2968 4685 3158 4731 catena
3184 4688 3304 4744 quae
3335 4680 3548 4742 prostat
3578 4669 3684 4724 sub

431 4776 651 4836 homine
680 4776 787 4829 divi
823 4764 1047 4827 Thouue
1078 4771 1387 4841 Aquinatis,
1419 4770 1527 4824 divi
1556 4759 1780 4824 Thomas
1812 4775 1920 4824 non
1949 4778 2068 4836 est,
2097 4774 2221 4824 cum
2266 4768 2447 4824 Latini
2479 4769 2758 4824 sue'verint
2802 4764 3080 4821 nonnullis
3111 4763 3264 4818 libris
3297 4776 3362 4815 ac
3389 4758 3684 4814 volumini:-

429 4856 535 4919 btts
574 4876 684 4916 non
734 4870 959 4915 suorum
1006 4868 1316 4922 anctorum,
1348 4858 1441 4913 sed
1475 4858 1780 4912 alienorbm
1820 4858 2065 4921 nomina,
2099 4860 2398 4929 tituloSque
2431 4853 2666 4929 adigere.
2709 4849 2824 4910 imo
2865 4854 3130 4924 permulta
3166 4853 3220 4905 in
3245 4850 3403 4906 libris
3432 4864 3543 4929 sua:
3576 4846 3683 4902 Sos

431 4950 663 5015 cietatis,
694 4949 738 5004 si
773 4949 917 5002 hunc
944 4947 1194 5002 eumdem
1228 4945 1593 5001 ratiocinandi
1643 4946 1863 5000 modum
1898 4956 2212 5016 sequemur,
2250 4946 2467 5002 decerni
2500 4945 2728 5014 possint.
2773 4944 3037 4997 Audiatur
3083 4940 3427 4997 (Tomitolus:
3460 4934 3682 5016 Hazreaf

430 5050 546 5091 inus
582 5012 657 5091 int
679 5036 901 5089 nostris.
933 5032 999 5088 In
1035 5036 1131 5088 hac
1162 5036 1279 5101 ipsa
1311 5041 1518 5100 catena,
1551 5041 1667 5102 qua?
1696 5012 2149 5103 superiorevatmo
2178 5041 2256 5088 est
2290 5012 2544 5102 impressa
2590 5029 2854 5099 Lugduni,
2884 5045 3061 5083 annon
3125 5034 3298 5082 exstat
3333 5024 3575 5096 Epistula
3608 5012 3677 5076 ad

433 5118 719 5180 Antonium
751 5124 1019 5193 Cara/fam
1055 5121 1383 5176 cardinalem
1417 5121 1849 5189 amplissimum?
1881 5130 2040 5192 Quarti
2093 5137 2211 5175 cum
2261 5121 2506 5190 temporis
2547 5119 2829 5188 angustiae,
2853 5132 3135 5186 eorumque
3167 5130 3346 5184 preces
3377 5114 3466 5182 qui
3492 5110 3686 5193 editio:

433 5231 549 5269 nem
600 5186 969 5283 urgebant,'ab
1020 5203 1247 5264 universi
1300 5210 1472 5264 nostri
1504 5186 1717 5263 ordinis
1765 5186 2093 5262 moderatore
2150 5207 2327 5259 acrius
2365 5186 2773 5273 icxtorqucrent,
2808 5201 3102 5269 videretque
3160 5212 3344 5252 eorum
3405 5186 3685 5266 cupiditati

433 5282 684 5371 satisﬁeri
716 5318 815 5355 non
846 5316 1015 5369 posse.
1051 5301 1096 5354 si
1130 5317 1159 5351 a
1196 5314 1273 5351 me
1299 5296 1655 5364 exspectanda
1699 5296 1921 5351 Romam
1957 5303 2071 5349 erat
2112 5292 2378 5365 Epistola,
2427 5291 2540 5361 ejus
2561 5290 2848 5344 scribendae
2899 5288 3094 5340 diserto
3147 5286 3320 5342 sodali
3373 5284 3557 5338 datum
3600 5282 3681 5337 est

434 5394 702 5464 negotium
736 5406 755 5445 :
788 5406 951 5460 neque
986 5407 1046 5443 ea
1092 5404 1148 5443 re
1188 5389 1443 5442 mentitur
1470 5386 1731 5456 Epistola.
1769 5386 1907 5457 quod
1950 5400 2053 5439 non
2088 5385 2156 5435 sit
2193 5390 2465 5435 auctorem
2517 5378 2743 5431 Paulum
2779 5386 2971 5440 nacta;
2998 5376 3193 5442 prodiit
3227 5374 3366 5428 enim
3400 5372 3514 5438 ipsa
3551 5373 3681 5424 mea!

433 5458 637 5552 quoque
683 5482 826 5536 testis
863 5458 1103 5547 locuples
1158 5477 1472 5542 voluntatis,
1511 5477 1765 5547 illamque
1791 5476 1947 5544 quasi
1980 5472 2181 5543 prolem
2234 5485 2403 5522 meam
2436 5467 2644 5536 agnovi.
2681 5464 2846 5531 Quasi
2878 5478 3006 5518 vero
3038 5459 3371 5530 integerrimi
3401 5458 3690 5552 sanctissls

438 5546 624 5639 inique
660 5570 867 5631 Patres,
894 5576 947 5623 et
977 5546 1249 5637 praecipue
1280 5565 1413 5619 tanti
1454 5546 2045 5626 ordinisrmoderator,
2085 5558 2411 5628 scriptiones
2438 5558 2592 5625 jussu
2620 5570 2720 5608 suo
2757 5553 2827 5608 ab
2861 5553 2963 5606 hoc
2992 5551 3075 5639 vel
3127 5550 3219 5639 illo
3270 5547 3443 5602 sodali
3490 5546 3682 5639 laetas.

439 5630 574 5710 nutu
607 5671 709 5711 suo
742 5630 864 5711 aliis
890 5630 1121 5710 ert-suis
1146 5630 1481 5718 distribuat,
1516 5659 1571 5707 et
1612 5651 1822 5706 alienos
1856 5648 2094 5712 labores,
2133 5646 2220 5700 eui
2269 5643 2371 5713 ipsi
2419 5641 2640 5697 libuerit
2673 5649 2962 5711 supponat.
2989 5636 3094 5692 Sed
3123 5638 3228 5690 vim
3256 5633 3563 5703 argumenti
3604 5630 3689 5718 ins

437 5745 759 5817 sptciamus.
795 5743 967 5802 Graeci
993 5744 1121 5799 item
1147 5751 1310 5813 atque
1342 5714 1521 5797 Latini
1576 5739 1748 5796 multa
1801 5737 2006 5794 auctori
2052 5750 2160 5792 non
2195 5746 2296 5790 suo
2337 5729 2492 5786 falsis
2533 5729 2988 5803 inscriptionibus
3034 5725 3258 5790 donant,
3289 5731 3345 5775 et
3388 5714 3682 5787 aliquando
