4138 6216
433 174 544 242 539
1650 173 1969 233 NICETAS
2007 168 2473 235 SERRONIUS.
3593 175 3698 237 {.40

434 287 747 345 moderator
788 286 1075 341 Societatis
1099 283 1395 354 Epistolam
1425 285 1625 340 abalio
1664 288 1942 357 scriptam,
1978 289 2201 359 perinde
2257 298 2423 358 atque
2474 289 2521 343 si
2579 287 2783 347 Paulus
2828 292 3137 347 Cumitolus
3196 307 3316 345 eam
3360 291 3698 359 scripsisset,

437 374 759 446 publicavit.
796 372 932 441 Ergo
963 382 1151 424 catena
1188 372 1239 424 in
1272 369 1471 426 .lnbum
1503 389 1533 427 a
1571 373 1840 430 Comitolo
1886 391 2065 437 versa,
2112 376 2238 430 licet
2286 376 2489 431 Nicette
2534 392 2732 432 nomen
2775 379 3052 447 pra-lerat,
3086 379 3287 434 Nict-tm
3319 389 3556 433 nonest.
3592 381 3700 430 Au-

437 478 547 517 non
580 460 806 515 solidius
831 457 1191 511 com-lusisset
1213 467 1458 512 catenam
1496 463 1691 529 ipsam,
1718 476 1840 529 qua:
1872 460 1974 515 sub
2011 462 2263 518 Comitoli
2312 465 2534 519 nomine
2568 481 2698 518 cnsa
2727 476 2831 524 est.
2864 466 3121 521 Comitoli
3161 483 3268 520 non
3300 466 3466 519 esse?
3496 465 3554 518 Et
3593 483 3697 535 qua

438 551 493 604 in
552 558 827 617 posterum
887 547 1215 602 certitudine
1265 549 1383 604 suis
1426 549 1747 605 auctoribus
1809 556 2076 602 tractatus
2126 556 2181 601 et
2216 548 2383 600 libros
2450 548 2876 609 viudicabimus,
2916 549 2961 603 si
3017 548 3237 618 pondus
3270 549 3496 617 aliquod
3530 565 3698 618 argu-

444 646 691 690 tnentutn
729 635 830 689 hoc
860 636 912 688 in
947 651 1005 689 se
1034 636 1379 689 contineret?
1413 636 1573 692 Certe
1606 636 1775 691 nulla.
1811 635 1916 689 Par
1941 634 2084 689 cuitu
2118 646 2281 702 atque
2310 648 2479 687 unum
2516 637 2762 689 omnium
2800 635 3068 703 judicium
3102 636 3229 690 erit.

509 723 650 787 Quid
686 738 850 792 porro
888 738 986 792 pro
1013 720 1403 792 Olympiodoro
1437 740 1537 781 suo
1560 722 1887 793 argutatur?
1926 722 2056 789 Qum
2086 723 2339 790 superius
2368 723 2601 779 breviter
2637 724 3038 792 expressimus.
3088 723 3153 777 Et
3193 722 3403 778 diceret
3451 723 3701 778 fortassis

439 811 665 878 a'iquid,
703 812 746 865 si
779 808 1151 882 Oiyutpiodori
1190 812 1352 865 verba
1382 812 1469 865 illa
1494 821 1698 867 essent.
1724 814 1789 865 At
1819 826 1941 866 cum
1970 811 2214 866 auctoris
2254 819 2459 864 catenm
2500 812 2629 872 sint,
2663 811 2865 865 frustra
2919 820 2998 865 tot
3045 813 3255 879 aggerit
3303 812 3574 880 exempla.
3608 816 3703 863 So-

442 898 555 950 lent
585 897 792 951 scilicet
830 898 1207 967 hujuscemodi
1243 900 1631 954 tractationum
1666 908 1937 963 auctores,
1972 913 2038 953 ne
2073 899 2356 952 sententia:
2386 898 2561 951 allatas
2605 899 2848 952 elutnbes
2894 907 3059 966 atque
3092 898 3393 957 dissolutae,
3436 899 3702 953 orationis

442 986 640 1039 seriem
708 985 1004 1057 inlrirgere
1050 988 1355 1051 videantur,
1412 989 1614 1057 aliquid
1675 989 1741 1042 de
1800 1003 1902 1043 suo
1970 986 2248 1046 addentes.
2305 984 2556 1053 apposito
2598 984 2762 1038 veluti
2844 985 3086 1049 vinculo,
3146 985 3523 1038 antecedentia
3574 1000 3699 1039 cum

443 1074 906 1141 subsequentibus
945 1073 1217 1142 colligere.
1249 1074 1303 1127 id
1338 1074 1497 1128 facile
1526 1076 1966 1143 deprehenderit,
1997 1079 2090 1143 qui
2137 1087 2359 1134 catenas
2410 1079 2686 1145 antiquas,
2722 1086 2776 1131 et
2823 1078 3054 1147 hujusce
3099 1079 3303 1132 Niceta:
3358 1079 3699 1147 potissimum

444 1161 732 1215 examinet.
758 1160 1021 1231 Namque,
1061 1162 1207 1214 verbi
1242 1161 1432 1231 gratia,
1462 1177 1584 1215 eum
1625 1163 1747 1217 dum
1789 1162 1871 1217 Vel
1904 1174 2012 1219 tres
2042 1166 2278 1230 alicujus
2297 1166 2659 1234 expositionis
2713 1182 2896 1221 causzc
2932 1183 3043 1219 non
3099 1167 3168 1220 ab
3212 1167 3405 1220 eodem
3455 1175 3700 1228 auclore,

445 1246 538 1301 ενι]
577 1264 606 1300 a
644 1247 875 1303 diversis
913 1248 1236 1310 redduntur,
1277 1248 1363 1300 ille
1386 1250 1449 1301 de
1480 1263 1578 1303 suo
1601 1249 1738 1303 solet
1768 1250 1965 1303 addere
1996 1267 2011 1303 :
2047 1250 2248 1319 Duplex
2284 1262 2362 1305 est
2400 1252 2558 1320 hujus
2592 1252 2696 1305 loci
2740 1254 3021 1319 expositio,
3056 1263 3150 1305 aut
3172 1254 3307 1305 enim
3342 1253 3441 1306 hoc
3469 1254 3624 1313 dicit.
3652 1263 3705 1306 et

446 1343 633 1403 postea
660 1349 855 1391 nomen
892 1336 1132 1389 auctoris
1160 1335 1429 1403 appingit;
1455 1350 1627 1403 eaque
1658 1336 1921 1390 sententia
1955 1336 2127 1403 ﬁnita,
2165 1338 2316 1407 ponit
2357 1341 2515 1393 verba
2551 1340 2639 1394 illa
2673 1358 2687 1395 :
2723 1342 2830 1395 Aut
2870 1342 2926 1395 id
2957 1343 3130 1409 potius
3169 1341 3472 1410 signiﬁcare
3497 1340 3661 1393 voluit
3681 1358 3700 1404 ;

446 1430 498 1475 et
530 1430 640 1474 tum
674 1422 901 1476 alterius
935 1437 1134 1476 nomen
1171 1421 1663 1488 subdit.Mnltiplex
1678 1430 1752 1475 est
1787 1422 1869 1476 his
1900 1423 2066 1478 verbis
2102 1426 2333 1493 subjecta
2367 1428 2650 1494 sententia,
2683 1439 2775 1480 aut
2804 1430 2942 1481 enim
2966 1428 3065 1481 hoc
3090 1426 3223 1482 dicit
3244 1443 3264 1490 ;
3288 1436 3402 1480 tum
3434 1426 3705 1496 profertur

449 1512 714 1566 sententia
736 1527 799 1567 ex
830 1512 1015 1580 aliquo
1035 1521 1274 1566 auctore.
1311 1509 1662 1567 l’ostxuodum
1691 1511 1999 1581 subjicitur,
2022 1511 2130 1567 Aut
2176 1529 2294 1569 vero
2336 1510 2433 1569 hoc
2462 1514 2634 1578 aliud,
2662 1523 2717 1570 ct
2746 1516 2965 1571 similia.
2996 1516 3062 1569 Et
3090 1531 3215 1569 cum
3261 1516 3363 1570 ista
3408 1514 3706 1569 sententia-

450 1615 570 1653 rum
608 1600 873 1657 connexio
908 1602 973 1656 de
1004 1603 1311 1657 substantia
1347 1616 1526 1655 rerum
1550 1600 1684 1654 nihil
1721 1609 1913 1663 mutet,
1953 1615 2062 1655 non
2088 1615 2226 1669 opus
2271 1608 2390 1655 erat
2431 1600 2486 1655 in
2532 1600 2683 1656 hisce
2720 1602 2959 1657 verbulis
2988 1614 3269 1657 auctorem
3305 1610 3511 1657 catena:
3542 1613 3704 1655 suum

449 1702 644 1741 nomen
669 1703 958 1757 apponere.
995 1685 1274 1745 Uudenam
1310 1688 1361 1742 id
1406 1688 1671 1743 habeam?
1702 1689 1847 1742 dicet
1873 1688 2195 1743 Comitolus.
2221 1687 2299 1742 Ex
2339 1687 2453 1757 ipsa
2487 1696 2803 1744 catenarum
2839 1697 3055 1745 natura.
3080 1688 3199 1743 Non
3228 1689 3439 1759 placet?
3465 1690 3661 1743 Audiat
3689 1702 3705 1743 :

449 1774 631 1828 Potuit
661 1776 712 1828 id
754 1775 822 1828 ita
859 1774 993 1829 ﬁeri.
1020 1776 1344 1835 Contctunct
1378 1776 1490 1833 haec
1517 1775 1864 1830 Comitolus?
1897 1784 2212 1831 contemmt
2239 1789 2368 1845 ergo
2399 1783 2454 1830 et
2483 1775 2573 1831 illa
2611 1791 2733 1841 sua,
2773 1776 2904 1831 dum
2936 1775 3182 1832 Nicetam
3220 1788 3515 1846 Oppugnat,
3546 1777 3708 1832 toties

451 1861 721 1916 inculcata
757 1880 770 1916 :
809 1862 991 1915 Patuit
1050 1859 1461 1931 Olympiodorus
1517 1881 1549 1917 a
1599 1864 1767 1932 primo
1806 1865 2037 1933 integras
2091 1863 2467 1932 absolutusque
2513 1864 2972 1932 interpretationes
3018 1864 3241 1932 singulis
3273 1866 3508 1925 historice
3541 1876 3709 1919 sacra:

447 1948 689 2016 partibus
713 1949 1035 2014 adhibuisse,
1072 1958 1176 2005 etc.
1210 1942 1392 2003 Potuit
1420 1955 1590 2018 primo
1610 1963 1855 2020 separato
1885 1951 2299 2017 Commentario,
2327 1961 2434 2007 etc.
2473 1954 2656 2007 Potuit
2681 1969 2903 2008 suarum
2936 1955 3316 2007 sententiarum
3340 1968 3406 2006 ac
3437 1954 3711 2006 verborum

447 2036 724 2092 selectione
781 2047 954 2105 utens,
1009 2047 1114 2092 etc.
1149 2036 1205 2091 Si
1269 2036 1359 2091 ille
1407 2037 1535 2106 quia
1591 2039 1792 2108 potuit,
1842 2038 2003 2104 fecit;
2066 2053 2238 2108 quare
2285 2053 2397 2095 non
2432 2050 2487 2096 et
2528 2038 2767 2106 Nicetas,
2799 2040 2898 2111 qui
2926 2041 3058 2110 jnon
3099 2039 3284 2094 minus
3312 2037 3709 2111 Olympiodoro

448 2126 670 2194 pouut?

525 2211 591 2265 Ut
628 2226 754 2266 vero
786 2211 851 2268 de
874 2211 1125 2269 formulis
1150 2212 1218 2267 ab
1247 2211 1638 2284 Olympiodoro
1671 2215 1948 2282 usurpatis
1974 2210 2177 2285 aliquid
2208 2218 2463 2275 exactius
2493 2218 2787 2283 habeatur,
2815 2217 3051 2272 dicimus
3077 2215 3533 2288 Olympiodornm
3562 2214 3712 2271 hunc

450 2298 742 2353 diaconum
776 2299 1208 2354 Alexandrinum
1256 2316 1284 2354 a
1343 2298 1553 2355 Joanne
1581 2301 2001 2372 archiepiscopo
2055 2304 2445 2370 Alexandrino,
2494 2314 2855 2376 cognomento
2888 2305 3121 2368 Niciota,
3161 2313 3495 2375 promotmn,
3533 2305 3715 2359 varios

450 2400 621 2441 sacra:
644 2386 937 2455 Scriptura:
972 2386 1139 2440 libros
1164 2386 1279 2442 suis
1307 2389 1737 2457 expositionibus
1773 2391 2075 2447 elucidasse
2100 2394 2203 2458 sic,
2228 2403 2286 2449 ut
2320 2404 2445 2453 ante
2470 2394 2683 2464 singula
2719 2392 2897 2462 capita
2940 2407 3072 2446 suas
3109 2392 3452 2462 protheorias
3502 2393 3713 2446 scribe-

450 2484 554 2536 ret,
588 2475 790 2542 quibus
829 2472 1107 2528 succincte
1141 2483 1195 2529 et
1235 2474 1472 2529 breviter
1503 2488 1885 2546 argumentum
1933 2488 1989 2534 et
2043 2495 2204 2538 sensa
2256 2491 2607 2552 proponeret,
2643 2490 2830 2550 postea
2892 2496 3023 2536 suas
3074 2479 3468 2549 expositiones,
3509 2494 3714 2549 easque

450 2557 804 2614 brevissimus
833 2559 1208 2630 subjungert-t,
1244 2570 1302 2615 ut
1332 2563 1514 2617 videre
1547 2564 1782 2634 quisque
1815 2566 2010 2634 poterit
2061 2567 2113 2621 in
2160 2567 2602 2637 Expositiouihus
2656 2569 2725 2624 ab
2776 2568 2978 2623 eodem
3000 2566 3347 2624 concinnatis
3372 2567 3427 2620 in
3461 2565 3713 2622 Jerentim

451 2638 791 2715 Prophetias.
820 2645 1260 2704 Lamentationes
1287 2660 1338 2702 ct
1369 2648 1661 2719 Epistolas,
1697 2668 1905 2707 necnon
1931 2654 1981 2708 iu
2020 2649 2291 2713 Vaticiuia
2324 2656 2562 2719 Baruch,
2587 2673 2709 2726 qua:
2735 2658 2785 2711 iu
2808 2656 3215 2726 antiquissimo.
3240 2660 3468 2726 optimo,
3511 2666 3563 2709 et
3587 2670 3715 2709 vere

450 2751 619 2816 aureo
646 2736 832 2790 codice
856 2737 1211 2794 bibliothecae
1238 2738 1547 2795 Barbcrinan
1579 2754 1950 2800 asservaotur.
1987 2742 2054 2799 Ut
2083 2761 2210 2801 vero
2255 2762 2385 2802 suas
2430 2747 2772 2816 prmheorias
2809 2754 2867 2801 et
2904 2746 3299 2815 explicationes
3339 2753 3712 2808 connecteret.

455 2813 711 2876 formulis
738 2822 862 2890 illis,
899 2839 1035 2893 quas
1074 2822 1280 2896 colligit
1312 2826 1638 2893 Comitoltts,
1675 2832 1842 2884 utitttr
1878 2834 2085 2901 :Atque
2110 2834 2163 2886 in
2200 2834 2282 2887 his
2308 2813 2466 2903 caput
2496 2836 2728 2902 primum
2755 2834 2921 2887 situm
3060 2849 3080 2886 :
3110 2833 3341 2886 nuncad
3378 2832 3595 2885 secundi
3623 2847 3715 2883 ra-

452 2910 580 2979 pitis
608 2910 966 2981 protheoriam
1000 2913 1432 2984 aggrediendnm.
1470 2910 1577 2970 Sed
1601 2918 1667 2971 de
1691 2920 1920 2973 secando
1965 2922 2137 2989 capite
2173 2931 2475 2976 tractemus.
2510 2919 2688 2990 Igitur
2733 2921 2929 2990 capitis
2973 2920 3119 2972 tertii
3155 2919 3509 2987 protheoriam
3554 2918 3715 2970 insti-

454 3009 656 3054 tuentes
686 3000 927 3057 dicimus.
970 3002 1138 3073 Atque
1175 3004 1481 3070 huiusmodi
1537 3015 1615 3060 est
1664 3009 1995 3075 superiorum
2044 3024 2284 3062 uersuum
2336 3010 2631 3072 sententia;
2662 3024 2833 3075 opera:
2889 3010 3121 3076 pretium
3149 3016 3325 3061 tamen
3352 3015 3449 3068 est,
3478 3006 3714 3074 singulos

452 3104 632 3142 versus
688 3106 925 3144 seorsum
981 3106 1257 3161 exponere.
1290 3096 1395 3147 Aut
1446 3109 1512 3149 ea
1555 3096 1731 3162 priore
1771 3096 2198 3163 interpretatione
2230 3097 2474 3151 debemus
2505 3096 2834 3164 intelligere;
2866 3105 2958 3148 aut
3002 3111 3124 3148 vero
3168 3093 3238 3147 ad
3276 3094 3373 3148 illa
3417 3096 3533 3162 ipsa
3562 3095 3715 3174 very:

453 3179 586 3230 hanc
640 3179 953 3233 sententiam
1007 3182 1451 3235 accomntodabis.
1482 3181 1649 3251 Atque
1700 3183 1809 3237 hwc
1852 3194 1931 3238 est
1972 3184 2138 3239 verbis
2167 3183 2290 3240 labi
2315 3184 2552 3253 subjecta
2600 3184 2887 3244 sordentia,
2910 3184 3155 3251 deinceps
3181 3183 3392 3252 singula
3422 3182 3716 3236 videamus.

456 3264 616 3321 Nunc
646 3268 812 3338 igitur
841 3269 910 3325 ad
945 3268 1205 3339 reliquam
1236 3272 1724 3340 interpretationem
1774 3289 2076 3343 pergamus.
2127 3274 2193 3326 Et
2242 3273 2391 3343 quod
2424 3272 2498 3326 illi
2557 3272 2953 3327 validissimum
3008 3272 3222 3324 videtur
3251 3290 3265 3325 :
3304 3271 3442 3339 Ergo
3475 3270 3720 3324 historia:

452 3353 578 3408 Ιοὺὶ
608 3358 779 3425 prima
810 3367 966 3425 atque
1003 3370 1239 3412 extrema
1281 3367 1403 3412 sunt
1447 3358 1777 3429 hujusmodi.
1805 3360 1974 3428 Atque
2011 3363 2085 3414 ita
2126 3368 2203 3414 est
2238 3360 2386 3412 nobis
2412 3359 2571 3428 hujus
2613 3360 2777 3428 ipsius
2815 3358 2941 3412 libri
2966 3357 3273 3426 explanatio
3303 3360 3373 3410 ad
3396 3359 3599 3410 exitum
3622 3360 3718 3408 ad-

454 3442 636 3495 ducta.
667 3443 818 3508 Quod
851 3446 896 3496 si
922 3447 1176 3499 nonnulla
1213 3448 1514 3514 conjectura
1540 3449 1737 3515 potius,
1772 3465 1934 3516 quam
1969 3457 2121 3503 certe
2146 3445 2601 3516 comprehensione
2636 3448 2782 3501 ducti
2810 3447 3144 3515 interpretati
3178 3462 3384 3505 sumus.
3414 3461 3540 3499 sane
3569 3454 3707 3498 certe

458 3531 511 3582 id
538 3546 627 3583 nec
657 3547 687 3583 a
719 3531 905 3597 primis
936 3531 1106 3595 nobis,
1132 3549 1222 3587 nec
1271 3549 1300 3584 a
1340 3534 1471 3587 solis
1508 3544 1584 3589 est
1617 3535 1938 3602 factitatum.
1969 3534 2073 3591 Sed
2104 3535 2199 3588 hoc
2227 3535 2400 3604 ipsum
2428 3552 2547 3589 cum
2578 3536 2643 3589 iis
2674 3535 2917 3589 omnibus
2965 3535 3067 3603 {uit
3098 3536 3247 3588 nobis
3289 3550 3582 3595 commune,
3612 3534 3705 3602 qui

459 3616 615 3685 hujus
644 3617 767 3669 libri
800 3618 1107 3685 interpretes
1140 3630 1188 3672 et
1218 3620 1588 3690 explanatores
1620 3621 1858 3689 fuerunt.
1893 3622 2002 3676 llas
2039 3620 2223 3693 itaque
2254 3622 2560 3686 ‘l'ormulas,
2593 3638 2733 3692 quas
2764 3620 3206 3693 Olytnpiodorus,
3240 3622 3287 3677 si
3313 3632 3496 3676 tamen
3530 3624 3716 3692 Olym-

460 3704 669 3774 piudori
723 3712 872 3768 sunt,
929 3705 982 3759 in
1049 3721 1148 3761 sua
1209 3707 1656 3775 interpretatione
1690 3706 1809 3762 Jobi
1856 3720 2236 3778 usurpaverat,
2265 3720 2458 3769 auctur
2500 3719 2706 3767 catenae
2731 3725 2861 3764 cttm
2897 3711 2963 3763 ad
3000 3710 3302 3766 sententias
3342 3710 3716 3778 expositorum

460 3792 797 3860 colligandas
822 3792 1125 3861 judicassct
1159 3793 1499 3863 aptissituas,
1530 3810 1597 3849 ne
1630 3795 1696 3852 de
1726 3810 1829 3851 suo
1860 3796 2043 3852 minus
2064 3796 2275 3864 aptiora
2301 3805 2620 3865 apponeret,
2657 3795 2712 3851 iu
2751 3803 3010 3850 contextu
3060 3786 3267 3849 catena:
3298 3792 3623 3854 immiscuit,
3661 3799 3721 3845 ut

460 3881 856 3934 connexionem
892 3881 1057 3936 etiam
1090 3896 1154 3935 ex
1188 3881 1404 3945 alienis,
1437 3884 1897 3950 quemadmodum
1934 3896 1989 3940 et
2024 3884 2232 3954 reliqua
2266 3881 2877 3951 alia,,ingeniosissime
2910 3894 3262 3950 comparasse
3292 3880 3718 3935 demonstraret.

461 3961 529 4019 Et
558 3982 667 4019 rem
702 3966 774 4021 ita
806 3983 864 4022 se
896 3967 1100 4022 habere
1139 3971 1428 4038 perspicue
1462 3970 1742 4039 intelliget,
1777 3971 1869 4041 qui
1924 3973 2087 4027 hasce
2133 3971 2332 4026 allatas
2356 3985 2385 4027 a
2419 3969 2691 4025 Cotnitolo
2729 3983 2853 4023 cum
2884 3969 3110 4038 reliquis
3156 3966 3549 4038 Olympiodori,
3584 3981 3721 4036 qna-

461 4068 578 4105 rum
609 4069 772 4122 supra
803 4053 1152 4111 meminimus
1187 4056 1238 4109 in
1289 4054 1579 4111 Jeremiatu
1625 4066 1680 4113 et
1718 4058 1931 4114 Baruch
1982 4056 2429 4129 Expositiouibus
2457 4058 2721 4113 conferet.
2760 4055 2824 4111 Et
2865 4057 2944 4110 ha:
2990 4067 3189 4111 nostra;
3253 4055 3583 4125 conjectura:
3623 4067 3722 4121 pro

462 4140 647 4195 Niceta
678 4143 941 4197 adversus
974 4141 1418 4214 Olympiodorum
1449 4154 1598 4204 sunt.
1634 4146 2061 4209 Committantur
2088 4148 2272 4215 itaque
2322 4145 2651 4214 conjectura:
2684 4160 2804 4201 cum
2861 4143 3221 4215 coniecturis,
3238 4152 3292 4200 et
3322 4158 3449 4197 vero
3489 4141 3723 4198 similio-

461 4228 616 4281 tibus
643 4227 974 4284 attendatur.
1008 4229 1198 4300 Neque
1232 4232 1377 4285 enim
1413 4232 1463 4287 id
1493 4233 1630 4287 mihi
1663 4216 1861 4300 arrogo
1896 4242 2104 4289 certum
2148 4232 2377 4304 hujusce
2415 4241 2623 4287 catena:
2660 4242 2961 4302 parentem.
2994 4246 3023 4287 e
3055 4231 3293 4287 tenebris
3324 4239 3541 4286 erutum
3574 4228 3722 4283 auti-

463 4315 688 4379 quitatis
743 4325 869 4370 ante
923 4307 1269 4371 curiosorum
1325 4320 1516 4374 oculos
1551 4336 1777 4388 ponere,
1810 4330 1863 4376 et
1921 4322 2175 4375 latentem
2217 4320 2271 4374 iu
2313 4330 2564 4390 apertum
2609 4321 2862 4376 educere.
2897 4319 2982 4385 Et,
3028 4330 3087 4374 ut
3129 4321 3363 4391 ingenue
3400 4318 3593 4380 fatear,
3622 4330 3722 4384 pro

461 4400 854 4475 Olympiodoro
892 4418 1270 4475 argumentum
1331 4407 1772 4464 eliicacissimum
1826 4406 2010 4474 fuerit,
2057 4406 2247 4465 Patres
2301 4408 2355 4462 in
2407 4410 2510 4464 hac
2555 4416 2742 4463 catena
2797 4409 3065 4474 laudatos,
3106 4424 3297 4464 omnes
3346 4417 3469 4461 ante
3517 4421 3722 4460 annum

464 4490 948 4554 sescentesimum,
981 4492 1128 4546 circa
1187 4508 1308 4561 qua:
1363 4504 1605 4564 tempora
1653 4495 2099 4567 Olympiodorum
2163 4512 2380 4567 quoque
2434 4497 2684 4551 ﬂoruisse
2719 4511 2847 4549 vero
2899 4496 3238 4553 simillimum
3268 4505 3373 4556 est,
3410 4494 3723 4563 scripsisse,

463 4580 787 4648 nullumque
833 4579 924 4649 qui
976 4592 1101 4650 post
1137 4582 1186 4635 id
1225 4591 1435 4651 tempus
1476 4584 1718 4640 ﬂoruerit
1751 4584 1972 4638 adduci.
2003 4582 2156 4650 Quod
2188 4582 2378 4652 utique
2419 4598 2527 4635 non
2555 4579 2686 4634 facit
2734 4578 2969 4643 Nicetas,
3019 4580 3113 4647 qui
3145 4595 3269 4634 cum
3304 4580 3396 4634 illo
3428 4580 3587 4647 longe
3635 4594 3727 4631 re-

460 4667 677 4720 centior
720 4668 808 4732 sit,
844 4668 1012 4723 multa
1049 4685 1113 4723 ex
1151 4668 1407 4729 Simeone
1428 4672 1813 4742 Metapbrastc,
1845 4670 2034 4727 Niccta
2070 4669 2293 4734 Davide,
2313 4667 2525 4723 Joanne
2551 4666 2905 4727 Datnasceuo.
2934 4666 3150 4722 Joanne
3181 4666 3496 4730 Geometra,
3523 4664 3721 4719 Cosma

466 4754 737 4809 menacho
778 4765 831 4809 ct
858 4757 999 4821 aliis,
1030 4758 1120 4826 qui
1174 4769 1296 4826 post
1341 4776 1401 4813 ea
1454 4768 1695 4829 tempora
1735 4761 2010 4825 vixerunt,
2042 4760 2093 4814 in
2125 4762 2239 4816 suis
2274 4761 2485 4816 catenis
2527 4768 2829 4815 mutuatur.
2868 4759 2921 4813 ιιι
2954 4761 2999 4816 si
3048 4755 3311 4813 momenti
3343 4755 3576 4825 alicujus
3609 4769 3718 4808 non

467 4852 575 4902 cst.
613 4845 800 4899 nescio
824 4845 951 4914 quid
988 4847 1133 4901 aliud
1169 4846 1329 4902 fuerit
1362 4868 1374 4902 :
1410 4864 1520 4903 non
1550 4849 1753 4902 evincit
1787 4858 1990 4914 tamen,
2032 4848 2474 4921 Olympiodorum
2513 4848 2740 4918 hujusce
2774 4860 2980 4903 catena;
3015 4853 3295 4901 auctorem
3340 4844 3512 4898 fuisse
3546 4860 3559 4895 :
3597 4858 3722 4896 cum

469 4928 653 4985 iorsan
682 4948 746 4986 ex
788 4932 873 4987 bis
906 4935 985 4987 vel
1009 4934 1131 4990 aliis
1159 4936 1518 5005 scriptoribus
1547 4937 1964 5001 recentioribus,
1995 4938 2138 5005 quod
2169 4938 2234 4991 ad
2277 4940 2613 5005 pmpositum
2655 4936 2878 4998 faceret.
2932 4935 3016 4990 vel
3062 4948 3167 4987 non
3206 4930 3495 4992 invenerit,
3527 4928 3610 4982 vel
3644 4928 3728 4981 in-

470 5029 714 5086 ventum,
755 5024 1120 5091 prolixitatem
1160 5022 1445 5097 ell'ngiens,
1475 5025 1790 5094 uegietterit,
1832 5025 2121 5095 praecipuis
2162 5024 2540 5078 tantummodo
2587 5024 2842 5079 Patribus
2878 5023 2930 5075 in
2968 5022 3070 5074 hac
3114 5017 3464 5088 Expositione
3504 5027 3726 5072 conten-

469 5111 580 5165 tus.
607 5100 795 5180 Neque
828 5112 972 5167 enim
1001 5113 1184 5167 omnia
1214 5114 1475 5168 adnotare
1508 5128 1702 5168 omnes
1732 5114 2013 5183 cogimur;
2068 5113 2159 5166 sed
2197 5112 2416 5182 genium
2440 5113 2673 5184 quisque
2704 5111 2956 5180 sequitur
2985 5124 3169 5165 suum.

543 5225 850 5294 Antequam
875 5224 1078 5289 liniam,
1103 5223 1233 5279 illud
1257 5226 1420 5278 ctiam
1448 5224 1796 5294 subjuugam,
1825 5223 1878 5278 itt
1914 5236 2196 5279 sermones
2221 5223 2466 5293 Gregorii
2490 5223 2810 5278 Naz‘au-‘seni
2829 5232 3043 5279 exstare
3059 5231 3173 5277 tutu
3201 5220 3394 5277 Nicetzc
3409 5218 3728 5276 Heracleett~

477 5312 575 5376 sis,
602 5322 714 5366 tum
746 5313 878 5368 Elia:
900 5313 1179 5368 Cretensis
1197 5313 1623 5378 (lommcutaria,
1644 5327 1706 5366 ea
1735 5311 2108 5374 distinctione,

2094 5349 2108 5374 ,
2128 5322 2185 5365 ιιι
2202 5310 2401 5366 Nicetae
2424 5311 2534 5365 sint
2562 5313 2642 5373 εἰς
2660 5312 2782 5374 τοὺς
2814 5311 3006 5379 λόγους
3025 5308 3728 5375 τοὺζάναγινωσκομένους.

473 5394 529 5455 in
555 5416 819 5456 sermones
846 5400 933 5469 qui
963 5399 1228 5469 leguntur.
1268 5398 1420 5465 Elim,
1445 5400 1498 5454 iu
1525 5414 1810 5455 sermones
1836 5402 1961 5463 τοὺς
1995 5402 2069 5469 μὴ
2104 5428 2107 5446 ι

2104 5400 2670 5467 ἀναγινωσκομένους,
2704 5400 2755 5451 in
2794 5415 2882 5453 eos
2922 5398 3014 5468 qui
3062 5413 3163 5452 non
3209 5397 3474 5465 leguntur.
3510 5393 3725 5445 Primos

477 5488 774 5551 sexdecim,
804 5486 1079 5542 secundos
1103 5486 1535 5558 vigintiquinque
1573 5497 1883 5544 numerant.
1916 5486 2192 5553 Quaeritur
2218 5504 2246 5542 a
2284 5487 2561 5542 nonnullis
2592 5486 2855 5543 vocabula
2897 5486 3013 5542 lucc
3051 5485 3181 5554 quid
3215 5485 3362 5539 sint?
3390 5481 3446 5536 in
3475 5489 3727 5551 promptu

481 5575 772 5646 responsio
804 5585 924 5631 cst:
958 5573 1459 5644 ἀναγινωσκόμενοι
1508 5586 1659 5642 sunt,
1690 5578 1781 5647 qui
1817 5576 1869 5632 iu
1904 5576 2163 5635 Ecclesiis
2211 5576 2335 5646 legi,
2374 5576 2838 5647 quemadmodum
2874 5586 2926 5633 et
2958 5574 3193 5630 aliorum
3245 5571 3463 5626 Palmm
3521 5568 3729 5634 sctipta
