4138 6216
451 285 562 349 545

1269 287 1554 350 ORATIO
1589 288 1672 350 IN
1711 287 2300 350 CONCEPTIONEM
2341 288 2450 350 SS.
2492 291 2868 354 DEIPARE.

3611 301 3716 366 546

454 401 954 475 ὑπερφαιδρύνεται
1011 399 1288 471 σήμερον*
1347 399 1577 470 οὐρανὸν
1630 403 1750 464 ταῖς
1815 401 2034 470 νοηταῖς

2137 402 2278 458 cmlo
2320 402 2574 470 nitescit;
2622 418 2735 472 prae
2787 401 2928 458 creto
2980 401 3214 472 spiritali
3269 402 3518 460 claritate
3550 422 3710 464 coru-

457 493 921 562 ὑπεραγλαῖζεται
953 491 1337 561 λαμπρότησιν
1359 507 1375 522 ·
1417 489 1632 560 οὐρανῷ
1676 489 2035 561 ὑπερκοσμίῳ

453 583 781 654 ὡραῖζεταιο
815 580 906 634 τὸν
932 581 1041 651 γὰρ
1079 581 1379 652 ὑπέρτερον
1407 581 1634 652 οὐρανὸν
1667 580 2034 648 ἅποτικτόμε-

453 693 542 729 νον
567 674 802 745 δέχεται,
838 672 927 725 τὸν
955 672 1275 742 ὑπέρφωτον
1311 672 1481 735 ὅντως
1518 671 1614 726 καὶ
1667 669 2036 740 εὑρυχωρότε-

461 786 573 838 ρον,
602 768 694 820 τὸν
732 767 831 835 οὺχ
868 765 1020 836 ἦλιον
1072 765 1351 834 δυόμενον,
1389 764 1528 818 ἀλλὰ
1574 765 1666 818 τὶν
1699 763 1891 818 ἄδυτον
1941 765 2037 816 ἀν-

461 860 681 929 ίσχοντα
732 857 810 926 τῷ
843 856 1032 927 κόσμῳ
1086 857 1185 928 τῆς
1227 855 1608 926 δικαιοσύνηςο
1655 855 1746 908 τὸν
1793 856 1855 908 ού
1911 854 2032 915 κατ’

454 954 677 1020 ἄστροις
721 950 1044 1020 ὁρωμένοις,
1087 950 1207 1011 ταῖς
1257 951 1478 1018 νοηταῖς
1518 948 1575 1008 δὲ
1623 947 2031 1016 ποικιλλόμενον

455 1041 786 1113 δᾳδουχίαις.
805 1038 977 1093 Τοῦτο
998 1041 1106 1108 γὰρ
1132 1041 1264 1108 ἡμῖν
1289 1041 1408 1091 ἐστι
1434 1038 1496 1091 τὸ
1525 1038 2031 1108 πανηγυριζόμενον

373 1201 376 1204 Ι
459 1138 721 1202 σήμερον.
769 1131 928 1184 τοῦτο
971 1130 1071 1200 τὴν
1122 1129 1514 1201 λαμπροτάτην
1569 1129 1848 1200 προύθηκε
1899 1145 2034 1183 παν-

456 1223 690 1287 δαισίαν,
722 1220 878 1282 τοῦτο
915 1221 1015 1291 τὴν
1059 1220 1341 1290 παροῦσαν
1381 1221 1743 1292 συνεκρότησε
1771 1220 1989 1290 χορείαν
2016 1234 2030 1249 ⁶

454 1313 613 1371 τοῦτο
645 1313 735 1365 τὸν
783 1312 941 1380 λόγον
979 1311 1365 1382 διαναστήσαν,
1409 1312 1490 1375 είς
1537 1312 1745 1365 οἰκείαν
1787 1310 2032 1374 ἅπαντας

459 1405 811 1472 συγκαλεῖται
862 1402 1100 1474 μέθεξιν,
1143 1404 1236 1456 καὶ
1270 1403 1550 1474 φαιδρύνει
1595 1402 1656 1455 τὸ
1703 1402 1927 1472 πλῆθος,
1962 1405 2030 1474 τῇ

455 1496 566 1548 τῶν
595 1496 832 1565 χαρίτων
877 1492 1196 1562 ὲπιλάμψει.
1227 1494 1341 1546 Οὐκ
1386 1497 1450 1546 ἐκ
1477 1493 1710 1564 μετοχῆς
1754 1509 1899 1555 τινος
1932 1494 2031 1564 τήν

454 1587 551 1641 τοῦ
588 1588 764 1657 φωτὸς
794 1586 1045 1640 ἐπίτασιν
1083 1586 1374 1656 δεχομένη,
1418 1589 1484 1658 τῇ
1537 1587 1822 1655 μεταδόσει
1847 1585 1903 1639 δὲ
1933 1585 2032 1655 τὴν

456 1679 662 1734 οἰκείαν
692 1682 772 1742 είς
795 1680 917 1743 τοὺς
950 1679 1345 1749 ἀγειρομένους
1386 1679 1706 1751 ἐφαπλούσῃ
1729 1680 1823 1733 καὶ
1854 1695 2034 1745 παρα-

2137 505 2284 561 scat;
2333 510 2396 550 ac
2426 495 2568 550 creto
2600 495 2892 550 mundanis
2929 495 3077 551 hisce
3130 496 3286 551 cmlis
3331 497 3491 568 longe
3538 502 3724 556 excel-

2137 590 2367 652 lentiore
2416 589 2830 644 condecoratur.
2879 587 3180 644 Sublimius
3213 590 3382 653 enim,
3423 591 3586 646 hodie
3619 607 3719 662 ge-

2135 681 2334 746 nitum,
2369 681 2568 736 caelum
2606 680 2658 733 in
2708 694 2768 734 se
2801 680 2918 749 ipsa
2967 681 3190 749 recipit;
3238 681 3437 736 ccelum
3483 682 3722 740 lucidius

2135 787 2363 842 prorsus
2416 782 2470 825 et
2523 771 3109 839 spatiosius;cmlum,
3136 772 3282 837 quod
3343 787 3450 826 non
3496 773 3718 842 quidem

2135 863 2304 920 solem
2353 863 2573 918 occasui
2623 862 2941 929 obnoxium,
2993 863 3090 917 sed
3134 862 3362 930 justitiae
3405 863 3575 918 solem
3623 865 3720 934 qui

2135 954 2344 1008 nullum
2393 954 2546 1007 novit
2599 967 2882 1016 occasum,
2932 953 3138 1007 mundo
3195 952 3438 1021 profert;
3490 955 3716 1019 caelum,

2135 1045 2281 1114 quod
2311 1060 2421 1100 non
2451 1043 2759 1099 visibilibus
2788 1043 2972 1108 astris,
3009 1043 3103 1098 sed
3136 1044 3506 1114 spiritualium
3554 1045 3719 1100 lumi-

2138 1150 2266 1188 num
2319 1135 2640 1194 accensione
2691 1146 3006 1190 exornatur.
3048 1133 3165 1190 Hoc
3217 1144 3303 1190 est
3345 1135 3514 1201 enim,
3569 1138 3717 1206 quod

2140 1224 2402 1280 hodierna
2437 1225 2526 1280 die
2552 1224 2742 1280 festive
2767 1240 2798 1279 a
2834 1226 2993 1280 nobis
3031 1226 3342 1281 celebratur
3372 1246 3386 1280 :
3421 1227 3524 1281 hoc
3561 1228 3719 1283 nobis

2137 1317 2641 1387 splendidissimum
2692 1316 3004 1371 convivium
3054 1319 3287 1387 praebuit
3327 1334 3342 1374 :
3377 1317 3481 1372 hoc
3525 1333 3623 1373 nos
3649 1318 3719 1372 ad

2135 1423 2376 1479 praesens
2416 1409 2770 1478 congregavit
2820 1408 3120 1477 tripudium
3154 1427 3170 1466 :
3207 1409 3330 1471 hoc,
3363 1411 3430 1464 ad
3482 1411 3718 1480 loquen-

2134 1501 2264 1555 dum
2294 1501 2424 1562 dum
2459 1501 2886 1564 excitat,omnes
2915 1500 2967 1557 in
2996 1509 3204 1570 partem
3245 1510 3406 1556 vocat
3443 1501 3714 1555 bonorum

2135 1609 2388 1657 suorum,
2419 1593 2835 1663 splendidisque
2877 1595 3065 1662 gratiae
3097 1593 3424 1659 muneribus
3472 1592 3720 1646 multitu-

2135 1683 2317 1739 dinem
2359 1683 2647 1739 exhilarat.
2699 1680 2819 1736 Non
2868 1683 3014 1740 enim
3064 1698 3304 1752 praesens
3334 1683 3448 1738 haec
3493 1679 3714 1740 Silent-

453 1770 710 1842 δεικνύσῃ
751 1770 1145 1842 λαμπρότητα,
1193 1773 1258 1842 τῇ
1313 1775 1640 1842 περιφανείᾳ
1683 1770 1786 1838 τῆς
1836 1770 2032 1840 αἴγλης

2137 1778 2278 1832 nitas
2305 1777 2403 1848 (4),
2435 1776 2587 1845 quasi
2629 1791 2758 1830 vero
2789 1776 2859 1831 ab
2886 1775 2973 1842 iis,
3007 1777 3102 1846 qui
3134 1776 3202 1833 ad
3233 1791 3354 1831 eam
3401 1784 3719 1840 accurrunt,

456 1861 956 1918 συνεπεκτείνεται.
993 1862 1105 1916 Καὶ
1128 1861 1318 1933 ὥσπερ
1345 1863 1373 1918 ὁ
1401 1862 1674 1932 ὁρώμενος
1703 1856 1856 1927 οὗτος
1879 1865 2030 1934 ἥλιος

452 1953 570 2022 ἔχει
611 1952 708 2022 μὲν
742 1953 874 2024 παρ’
901 1953 1101 2022 ἑαυτῷ,
1128 1956 1220 2009 καὶ
1259 1954 1368 2008 τῶν
1407 1954 1583 2024 ὄψεων
1608 1955 2031 2025 ἀποκρυπτόμε-

450 2061 561 2109 νος,
589 2045 651 2097 τὸ
681 2045 1037 2114 φαιδρότατον
1059 2060 1074 2074 ·
1119 2045 1406 2116 διανίσχων
1438 2045 1495 2104 δὲ
1536 2047 1630 2102 καὶ
1660 2045 1721 2110 ἐξ
1758 2045 2030 2117 ήλιδάτων

450 2135 784 2207 προκύπτων
811 2135 1003 2208 ὀρέων,
1034 2137 1128 2192 ἐπὶ
1157 2136 1226 2189 τὰ
1253 2137 1518 2190 κάλλιστα
1549 2137 1646 2208 μὲν
1672 2138 1904 2205 ὲφαπλοῖ
1930 2139 2030 2207 τῆς

452 2227 686 2292 κτίσεως
712 2228 811 2291 τὰς
834 2231 1079 2293 ἀκτῖνας,
1103 2231 1168 2299 τῇ
1196 2228 1422 2286 ἐκείνων
1444 2228 1501 2286 δὲ
1523 2231 1904 2300 περιαυγάσει,
1931 2230 2031 2300 τὴν

449 2319 544 2376 τοῦ
581 2317 861 2388 θαύματος
893 2320 1252 2374 συνεπιτείνει
1285 2320 1684 2391 μεγαλειότητα
1707 2338 1720 2352 ·
1751 2320 1897 2374 οὕτω
1936 2320 2032 2373 καὶ

454 2411 490 2482 ή
528 2413 603 2482 τῷ
630 2412 806 2482 νοητῷ
835 2414 975 2482 φωτὶ
1013 2415 1114 2483 τῆς
1152 2413 1373 2483 χάριτος
1415 2413 1906 2485 ὑπεραυγαζομένη
1939 2414 2034 2483 σήν

458 2521 623 2575 μερον
656 2504 840 2575 ἑορτὴ,
892 2503 1006 2574 ἔχει
1041 2505 1138 2574 μὲν
1167 2507 1260 2559 καὶ
1314 2505 1439 2559 καθ’
1471 2505 1669 2577 ἑαυτὴν
1717 2505 1778 2559 τὸ
1803 2505 2032 2575 ἀειλαμ-

453 2597 574 2661 πὲς,
613 2597 987 2666 ύπερεκτείνει
1040 2596 1097 2650 δὲ
1145 2596 1323 2663 τοῦτο,
1369 2599 1434 2668 τῇ
1473 2597 1719 2668 ἀναλόγῳ
1751 2597 1862 2650 τῶν
1904 2615 2032 2656 συν-

452 2688 756 2758 τρεχόντων
810 2690 903 2740 καὶ
963 2687 1350 2759 φωτιζομὲνων
1422 2689 1754 2742 συνελεύσει.
1823 2687 2032 2741 Οὐκοῦν

453 2779 640 2847 ἐπειδὴ
671 2782 791 2843 ταῖς
838 2783 1128 2850 μυστικαῖς
1180 2779 1318 2851 αὕτη
1352 2779 1446 2833 τοῦ
1491 2779 1807 2850 Πνεύματος
1850 2781 2031 2834 ἀκτῖσι

457 2873 816 2940 καταυγάζει,
848 2875 1172 2942 φωτίζονται
1204 2873 1260 2926 δὲ
1300 2873 1502 2936 πάντες
1529 2875 1580 2926 oi
1615 2875 1673 2927 ἐν
1706 2873 1880 2945 ταύτῃ
1907 2891 2032 2927 συν-

451 2964 792 3034 τρεχόμενοι,
843 2969 1090 3034 κρεῖττον
1119 2968 1184 3018 ἂν
1236 2966 1320 3036 εῐη
1365 2965 1564 3028 παντὸς
1593 2965 1833 3036 αἱρετοῦ,
1865 2982 2033 3036 προσ-

453 3059 682 3128 δραμεῖν
739 3061 878 3130 αὐτῇ
938 3061 1235 3131 προθύμως
1290 3063 1386 3114 καὶ
1426 3062 1765 3133 φωτισθῆναί
1818 3077 1879 3114 τε
1931 3061 2032 3132 τὴν

455 3151 710 3214 διάνοιαν,
744 3154 838 3204 καὶ
885 3153 1332 3225 περιλαμφθῆναι
1380 3155 1542 3222 φωτὶ,
1573 3156 1724 3222 νέφει
1757 3155 1868 3207 τῶν
1909 3156 2034 3208 ἑπι-

455 3240 643 3310 κήρων
705 3242 780 3312 μὴ
848 3242 1266 3314 καλυπτομένη),
1318 3242 1552 3312 Τοιαύτη
1603 3245 1710 3314 γὰρ
1768 3246 1800 3312 ή
1851 3244 1910 3296 ὲν
1963 3246 2032 3314 τῇ

455 3330 708 3403 παρούσῃ
757 3332 1086 3405 εὐφροσύνῃ,
1118 3332 1509 3402 ἑφαπλουμένη
1551 3331 1904 3402 λαμπρότηςο
1939 3336 2034 3385 καὶ

454 3421 599 3475 οὕτω
641 3425 1058 3496 διαρκεστέραν,
1103 3425 1303 3494 μᾶλλον
1330 3425 1388 3477 δὲ
1421 3421 1713 3493 ὑπερφανῆ
1755 3426 1867 3486 τοῖς
1907 3440 2035 3492 φαιο

454 3516 724 3585 νομένοις,
759 3521 858 3588 τὴν
890 3515 1084 3586 αἴγλην
1115 3516 1312 3584 ἐνίησι.

2131 1869 2439 1940 Splendoris
2474 1868 2873 1923 incrementum
2905 1868 3192 1938 reciperet,
3224 1868 3508 1938 quidpiam
3542 1884 3572 1923 a
3609 1883 3714 1922 no-

2131 1963 2218 2017 bis
2246 1961 2563 2031 participat;
2596 1960 2730 2030 quin
2758 1960 2870 2014 imo
2908 1961 3024 2030 ipsa
3066 1960 3308 2030 fulgores
3342 1975 3473 2015 suos
3506 1960 3560 2014 in
3587 1975 3706 2026 eos,

2131 2050 2225 2121 qui
2277 2051 2641 2113 conveniant,
2703 2051 2852 2119 larga
2919 2050 3186 2104 effusione
3244 2049 3502 2104 emitteus
3553 2056 3721 2118 atque

2129 2143 2467 2210 expandens,
2511 2149 2684 2201 semet
2734 2141 2874 2198 lucis
2920 2141 3156 2210 propria:
3205 2141 3454 2202 claritate
3500 2140 3719 2210 longius

2131 2235 2422 2305 protendit.
2480 2231 2543 2294 Et
2598 2232 3062 2301 quemadmodum
3122 2230 3204 2285 sol
3271 2232 3376 2289 iste
3432 2229 3718 2299 corporeis

2131 2327 2306 2381 oculis
2334 2325 2666 2393 conspicuus
2695 2322 2857 2378 habet
2896 2322 3117 2395 quidem
3147 2337 3242 2392 per
3275 2337 3355 2393 se,
3389 2322 3554 2380 etiam
3586 2337 3715 2378 eum

2132 2418 2201 2473 ah
2235 2416 2564 2473 intuentium
2615 2423 2836 2484 aspectu
2880 2413 3246 2477 Subtrahitur,
3283 2424 3342 2468 ut
3381 2412 3718 2474 lucidissime

2132 2510 2424 2580 effulgeat;
2466 2509 2596 2562 dum
2634 2522 2763 2562 vero
2794 2507 3059 2568 exoritur,
3089 2515 3255 2576 atque
3283 2521 3314 2560 e
3338 2505 3504 2560 celsis
3554 2520 3716 2558 mon-1

2134 2603 2265 2656 tium
2291 2602 2586 2656 verticibus
2614 2600 2818 2654 vultum
2837 2599 3058 2669 promit,
3077 2599 3129 2651 in
3159 2606 3440 2653 creaturas
3461 2611 3717 2666 quasque

2133 2693 2528 2765 pulcherrimas
2573 2706 2704 2748 suos
2745 2695 2817 2745 ita
2874 2690 3058 2744 radios
3105 2689 3362 2758 explicat.
3402 2695 3461 2741 ut
3517 2686 3714 2740 harum

2132 2802 2351 2858 quoque
2399 2787 2530 2841 dum
2587 2786 3016 2854 circumquaque
3057 2781 3223 2852 jubar
3267 2780 3490 2843 emicat,
3538 2775 3716 2831 admi-

2133 2881 2289 2935 randi
2349 2877 2646 2950 spectaculi
2717 2875 3122 2948 magnificentia
3197 2882 3488 2942 augeatur;
3571 2870 3720 2930 haud

2134 2970 2293 3025 aliter
2329 2969 2586 3030 hodierna
2635 2984 2854 3038 quoque
2887 2966 3178 3030 festivitas,
3219 2960 3494 3032 spirituali
3523 2958 3715 3030 gratis:

2134 3061 2256 3118 luce
2290 3077 2454 3131 supra
2485 3061 2708 3116 modum
2744 3059 3035 3128 refulgens,
3087 3057 3246 3113 habet
3290 3054 3510 3124 quidem
3557 3059 3612 3106 et
3663 3050 3720 3111 in

2135 3155 2424 3224 semetipsa
2461 3155 2628 3224 jubar
2669 3153 3016 3213 indeticiens;
3047 3149 3151 3204 hoc
3194 3150 3376 3218 ipsqu
3409 3157 3589 3206 tamen
3619 3158 3720 3213 pro

2135 3259 2324 3299 eorum
2359 3243 2664 3314 frequentia
2712 3242 2806 3311 qui
2853 3247 3154 3296 accurrunt
3194 3246 3360 3306 atque
3397 3234 3720 3298 illuminari--

2136 3342 2243 3396 tur,
2297 3334 2435 3388 mira
2490 3333 2724 3402 quadam
2765 3328 2975 3384 ratione
3023 3325 3298 3386 diffundit.
3352 3325 3488 3380 Cum
3533 3325 3722 3390 itaque

2136 3425 2397 3494 mysticos
2447 3423 2683 3491 Spiritus
2729 3421 2916 3476 radios
2959 3419 3077 3488 ipsa
3107 3418 3342 3481 emittat,
3377 3415 3723 3475 illustreutur

2137 3526 2319 3570 autem
2350 3529 2538 3569 omnes
2572 3522 2843 3584 quotquot
2873 3512 2940 3566 ad
2980 3511 3152 3580 ipsam
3187 3506 3554 3568 conveniunt;
3585 3501 3720 3558 nihil

454 3620 682 3675 prorsus
715 3608 1012 3675 optandum
1057 3606 1228 3674 magis
1261 3615 1366 3672 est,
1397 3619 1562 3675 quam
1597 3613 1658 3659 ut
1693 3606 1928 3677 quisque
1987 3606 2056 3661 ad
2091 3624 2210 3664 eam
2281 3609 2534 3663 alacriter
2586 3615 2863 3676 properet,
2915 3614 2970 3660 et
3021 3602 3386 3664 illuminetur,
3428 3603 3722 3664 menteque

450 3701 829 3762 collusireiur,
861 3710 1025 3768 atque
1077 3698 1166 3752 illa
1217 3698 1358 3761 luce,
1419 3712 1540 3766 quae
1596 3697 1810 3752 nebulis
1869 3701 2318 3768 corruptibilibus
2398 3713 2507 3754 non
2605 3697 2917 3761 obducitur,
2986 3693 3369 3764 perfundatur.
3435 3685 3718 3759 Ejusmodi

451 3794 601 3851 enim
635 3800 717 3846 cst
762 3791 1036 3858 splendor,
1063 3791 1153 3860 qui
1208 3790 1262 3844 in
1319 3791 1440 3846 laeta
1493 3790 1595 3846 hac
1659 3791 1976 3846 celebritate
2005 3806 2065 3846 se
2097 3794 2354 3863 explicat,
2413 3802 2464 3847 et
2490 3793 2606 3848 haec
2682 3789 2824 3848 ratio
2875 3796 2985 3858 est,
3033 3802 3141 3859 qua
3185 3784 3482 3857 perennius
3533 3782 3719 3842 lumen

455 3886 860 3952 micantiusque
888 3881 1340 3936 convenientibus
1372 3880 1592 3947 ingerit,

527 3978 603 4032 B’.
641 3979 888 4046 Σήμερον
915 3975 1022 4045 γὰρ
1045 3975 1142 4044 τῆς
1173 3975 1370 4044 νοητῆς
1400 3973 1629 4043 νεφέλης
1667 3975 2035 4044 ὲφαπλοῦσθαι

455 4069 894 4140 κηρυττομένης,
952 4067 1009 4119 αἱ
1063 4064 1154 4118 τοῦ
1195 4064 1389 4117 ἀδύτου
1447 4065 1547 4133 μὲν
1598 4067 1776 4133 φωτὸς
1813 4069 2036 4136 προανί-

459 4174 681 4228 σχουσιν
707 4158 786 4219 είς
826 4158 920 4209 τὸν
956 4156 1160 4225 κόσμον
1193 4155 1434 4223 ἀκτῖνες,
1466 4155 1524 4206 τὸ
1543 4156 1822 4226 κρατῆσαν
1853 4158 1910 4210 δὲ
1939 4158 2037 4227 τῆς

2136 4162 2214 4216 cis
2283 4161 2458 4223 radii;
2519 4175 2641 4228 quae
2699 4171 2826 4212 vero
2891 4154 3320 4213 dominabantur
3381 4149 3719 4210 inﬁdelitatis

459 4249 669 4314 ὰθεῖας,
730 4247 1131 4317 ἀπομειοῦσθαι
1197 4249 1293 4305 καὶ
1348 4245 1748 4298 ἀπελαύνεσθαι
1811 4249 2038 4318 ἄρχεται

2136 4250 2393 4314 tenebrae,
2419 4248 2670 4303 imminui
2708 4246 2977 4314 incipiunt
3013 4259 3078 4298 ac
3105 4241 3339 4310 dispelli.
3371 4239 3542 4293 llodie
3579 4239 3710 4294 dum

461 4343 670 4404 σκότος.
706 4342 951 4410 Σήμερον
982 4343 1079 4415 τῆς
1115 4337 1210 4391 τοῦ
1248 4339 1430 4391 θεῖκοῦ
1487 4337 1843 4407 οκηνώματος
1898 4341 2042 4393 οἰκο-

2141 4340 2475 4396 tabernaculi
2517 4339 2683 4393 divini
2738 4336 3097 4390 annuntiatnr
3131 4332 3456 4398 exstructio,
3505 4330 3720 4400 pietatis

459 4433 628 4502 δομῆς
675 4433 1040 4508 μηνυομένης,
1089 4434 1138 4486 οί
1187 4434 1283 4504 τῆς
1316 4437 1596 4501 εὐσεϐείας
1645 4439 1742 4507 μὲν
1793 4439 2042 4509 καταπήη-

2145 4433 2366 4503 quidem
2416 4431 2770 4486 fundamenta
2810 4428 3120 4497 jaciuntur;
3155 4425 3223 4478 ab
3269 4423 3380 4476 imo
3428 4436 3557 4475 vero
3589 4436 3723 4474 cou-

2201 3973 2268 4030 ll.
2309 3973 2480 4030 llodie
2512 3975 2658 4034 enim
2690 3975 2816 4028 dum
2845 3970 3103 4044 spiritalis
3130 3969 3278 4028 illius
3307 3969 3468 4026 nubis
3507 3967 3708 4044 pracdi-

2132 4077 2289 4122 catur
2333 4068 2615 4136 expansio,
2649 4066 2853 4120 mundo
2894 4063 3259 4134 praeoriuutur
3294 4059 3594 4113 inoccidua:
3625 4058 3712 4111 lu-

457 4540 682 4592 γνυνται
746 4525 1010 4596 θεμέλιοι,
1053 4529 1117 4579 ἐκ
1181 4527 1395 4596 βάθρων
1439 4529 1495 4582 δὲ
1545 4530 1612 4584 τὰ
1649 4531 1748 4600 τῆς
1786 4531 2040 4594 ἀσεὸείας

454 4615 787 4687 ὀχυρώματα
855 4617 1224 4671 κατασείεται.
1297 4618 1545 4690 Σήμερον
1602 4621 1702 4691 τῆς
1757 4620 2042 4692 βασιλικῆς

459 4711 889 4782 ὲξυτραινομένης
939 4712 1280 4785 ἀλουργῖδος,
1317 4715 1352 4781 ἡ
1390 4712 1482 4770 τοῦ
1537 4712 1645 4767 τῶν
1691 4712 1828 4770 ὅλων
1879 4711 2044 4772 Βασι-

442 4801 599 4864 λέως
663 4805 1205 4871 προκαταγγέλλεται
1257 4805 1507 4873 ὲνδημὶα.

535 4895 612 4948 Τὰ
643 4896 742 4963 μὲν
776 4894 884 4962 γὰρ
921 4895 1151 4971 ἐνέχυρα
1178 4877 1546 4966 προτεθειται,
1573 4897 1666 4949 καὶ
1693 4898 1724 4966 ή
1756 4896 2041 4966 ἀνύμφευ-

462 5053 818 5126 existimabit,
853 5056 1062 5109 auctori
1098 5055 1440 5126 propositum
1479 5055 1671 5120 fuisse,
1704 5065 1761 5110 ut
1807 5070 1837 5109 e
1868 5055 2045 5111 sacris

463 5123 684 5182 Litteris
747 5137 1062 5195 corrogaret
1099 5123 1470 5195 'quaccunque
1535 5127 1664 5179 huic
1723 5135 2045 5194 argumento

462 5203 792 5260 congruant.
827 5200 895 5247 At
931 5197 1065 5249 nihil
1110 5198 1292 5250 minus
1330 5195 1583 5265 praestitit
1612 5205 1802 5250 auctor
1836 5204 1949 5249 tum
1987 5196 2041 5265 in

461 5265 740 5344 praesenti,
766 5273 878 5344 tum
913 5266 966 5317 iu
997 5264 1505 5344 aliis_0ratioi_iibus,
1532 5267 1844 5344 iniquarum
1871 5264 2043 5344 titulis

463 5335 516 5389 id
547 5335 725 5400 ipsum
763 5335 940 5402 legere
971 5345 1077 5390 est.
1111 5335 1297 5404 Neque
1336 5337 1530 5390 iterum
1580 5336 1845 5404 suspicari
1894 5337 2042 5400 licet,

462 5419 744 5456 sacrarunt
772 5407 1179 5472 beripturaruin
1208 5408 1426 5459 nomine
1446 5407 1534 5460 hic
1559 5420 1745 5460 venire
1767 5407 2046 5458 historian:

463 5473 612 5544 illam
641 5475 912 5534 duodecim
941 5476 1210 5540 tribuum;
1237 5492 1360 5529 nam
1395 5485 1449 5528 ct
1491 5479 1542 5529 in
1580 5477 1681 5531 hoc
1707 5485 1759 5531 et
1801 5477 2044 5544 apertius

463 5544 518 5596 iu
547 5543 782 5616 aliarum
831 5549 1140 5599 orationum
1195 5547 1365 5600 titulis
1416 5543 1714 5616 Scriptura:
1762 5543 1932 5600 saera:
1977 5547 2044 5598 ab

460 5615 650 5666 eadem
691 5614 916 5686 historia
957 5617 1386 5683 distinguuntur.
1438 5614 1648 5670 Censeo
1697 5617 1908 5686 itaque,
1956 5630 2045 5668 sa-

463 5696 682 5738 crarunt
715 5683 1122 5752 Scripturarum
1154 5687 1372 5740 nomine
1399 5688 1485 5742 hic
1517 5686 1654 5742 nihil
1685 5683 1834 5742 aliud
1869 5685 2042 5754 signi-

2147 4530 2432 4583 cutiuntur
2479 4523 2777 4593 impietatis
2825 4521 3175 4574 munitiones.
3215 4515 3387 4573 lludie
3429 4517 3555 4569 dum
3587 4528 3722 4567 con-

2142 4624 2342 4675 texitur
2365 4616 2563 4687 regalis
2589 4628 2854 4692 purpura,
2872 4611 3252 4668 universorum
3279 4605 3440 4677 Regis
3459 4605 3721 4664 adventus

2144 4712 2562 4785 praeuuntiatur.

2220 4894 2339 4950 Jam
2381 4895 2526 4950 enim
2556 4891 2791 4949 arrhabo
2815 4890 3159 4962 proponitur,
3187 4896 3242 4941 et
3271 4899 3469 4958 sponsa
3495 4882 3722 4949 innupta

2146 5053 2312 5115 ﬁcare
2342 5061 2620 5108 auctorem
2659 5051 2919 5110 voluisse.
2959 5067 3119 5118 quam
3166 5050 3531 5105 ecclesiastica
3578 5052 3722 5103 anti-

2144 5126 2399 5193 qniorum
2448 5126 2736 5180 doctorum
2786 5123 3011 5191 scripta.
3067 5121 3144 5175 E0
3198 5133 3378 5175 autem
3427 5125 3605 5175 verius
3657 5121 3723 5174 de

2145 5196 2297 5248 hisce
2346 5193 2824 5248 lucubrationibus
2877 5194 2928 5244 id
2980 5193 3317 5254 enuntiatur,
3355 5209 3462 5260 quo
3521 5193 3723 5245 certius

2144 5279 2208 5318 ac
2235 5263 2581 5318 manifestius
2600 5273 2788 5314 auctor
2813 5277 2919 5314 non
2943 5271 3048 5315 tam
3074 5264 3310 5316 mutuari
3332 5277 3495 5330 quam
3519 5263 3724 5316 exscri-

2144 5333 2272 5387 bere
2314 5336 2381 5385 ah
2411 5334 2532 5386 aliis
2561 5334 2864 5386 consuevit.

2215 5404 2292 5473 (4)
2322 5401 2496 5458 Verba
2525 5417 2753 5470 prasens
2788 5403 3094 5458 solemnitas
3140 5403 3452 5459 necessario
3482 5418 3546 5456 ex
3592 5416 3725 5473 con-

2143 5471 2294 5528 textu
2324 5474 2626 5542 supplenda
2657 5474 2769 5525 visa
2792 5487 2941 5536 sunt,
2973 5485 3029 5526 ιιι
3059 5490 3254 5529 sensus
3280 5475 3478 5528 clarior
3510 5471 3724 5527 evadat.

2143 5545 2256 5597 imo
2293 5553 2349 5598 ut
2375 5544 2480 5597 sibi
2511 5551 2742 5613 constet.
2772 5542 3096 5613 Quanquam
3126 5561 3223 5599 nec
3252 5547 3446 5598 debent
3476 5544 3722 5612 suppleta

2144 5615 2334 5680 videri,
2371 5629 2496 5670 cum
2534 5612 2674 5666 infra
2707 5615 2906 5668 diserte
2933 5612 3185 5668 Occurrat
3213 5630 3312 5669 vox
3347 5615 3531 5681 ἑορτή.
3557 5626 3721 5680 quam

2145 5699 2311 5739 uuam
2349 5687 2541 5751 habes,
2564 5699 2798 5753 quacum
2824 5688 3125 5758 conjungas
3152 5702 3334 5742 vocem
3361 5686 3645 5754 δ;χομὲνη.
