4138 6216
470 289 572 360 5:31

476 494 757 566 greditur!
795 494 1005 566 inspice
1049 494 1419 563 evangelicam
1455 492 1580 547 vitae
1623 490 1894 546 rationem
1927 504 2064 559 apo-

472 584 741 648 stolorum
803 584 1080 653 propriam
1130 583 1186 637 in
1233 582 1403 653 justis
1459 583 1582 637 istis
1628 580 2062 651 praeformatatn,

473 675 586 729 imo
647 674 841 731 melius
899 672 1158 739 dixerim,
1218 681 1557 744 superatam.
1607 671 1849 726 Fruatur
1893 674 2065 727 omnis

469 766 697 839 populus
743 764 1075 825 abundantia
1134 780 1287 831 mea;
1328 766 1464 821 nihil
1509 764 1846 835 superﬂuunt
1879 779 2066 822 serve-

474 866 593 922 tur;
648 857 846 917 cedant
900 856 951 910 in
1029 872 1189 912 usum
1258 859 1440 913 omnis
1498 858 1684 928 populi
1746 874 1871 929 qum
1933 858 2067 913 mihi

472 948 781 1011 necessaria
816 964 921 1003 non
954 957 1125 1016 sunt;
1166 948 1221 1013 in
1269 965 1563 1006 commune
1589 951 1832 1006 omnium
1865 951 2066 1005 bonum

473 1047 756 1093 vertantur
806 1038 1093 1095 facultates
1135 1056 1287 1096 meae.
1317 1041 1361 1096 0
1410 1042 1628 1111 plenum
1674 1041 1892 1112 justitia
1937 1058 2071 1098 cott-

473 1129 657 1191 silium
710 1145 776 1186 ac
816 1131 1118 1200 judicium!
1168 1132 1215 1188 Ο
1262 1133 1484 1191 divitias
1534 1134 1587 1189 in
1636 1134 1909 1192 thesauris
1958 1149 2068 1190 non

472 1219 781 1292 praedandi:
829 1223 1178 1281 reconditas!
1210 1223 1363 1288 Adeo
1403 1226 1473 1280 ab
1505 1226 1636 1294 ipsis
1665 1226 1838 1281 initiis
1876 1241 2068 1282 eorum

474 1312 650 1371 virtus
682 1311 975 1373 excelluit!
1014 1312 1201 1383 Neque
1250 1317 1395 1374 enim
1444 1315 1512 1370 ad
1563 1316 1702 1372 alios
1750 1317 2068 1385 respiciens,

475 1412 571 1455 aut
612 1404 776 1459 ullius
807 1404 911 1459 sibi
941 1406 1224 1478 proposito
1266 1407 1521 1477 exemplo
1570 1406 1689 1463 haec
1738 1409 2067 1478 praestabat;

475 1490 569 1553 sed
601 1493 717 1563 ipse
750 1510 849 1571 per
873 1511 932 1552 se
968 1498 1020 1553 id
1050 1499 1394 1567 excusitans,
1420 1499 1570 1568 quod
1603 1498 1872 1571 optimum
1899 1509 2066 1567 esset,

477 1584 809 1654 adimplebat
848 1602 863 1649 ;
903 1603 1079 1656 neque
1111 1590 1387 1647 veteribus
1440 1592 1730 1660 praeceptis
1763 1599 1858 1649 aut
1903 1591 2069 1648 iusti-

478 1675 611 1741 tutis
649 1677 716 1731 ad
766 1681 1027 1748 praeclara
1081 1683 1196 1735 haec
1245 1680 1387 1741 facta
1437 1683 1769 1751 instruitur;
1819 1684 1916 1739 sed
1952 1684 2072 1755 ipse

478 1766 697 1828 eximiis
735 1769 885 1825 hisce
929 1770 1187 1842 operibus
1225 1770 1441 1834 initium
1483 1772 1658 1838 dedit,
1694 1773 1784 1838 iis,
1821 1773 1914 1843 qui
1951 1783 2075 1844 post
2104 1761 2149 1822 Β

479 1870 541 1919 se
576 1857 745 1921 futuri
786 1870 995 1924 essent,
1032 1861 1286 1934 exemplo
1320 1876 1424 1924 suo
1457 1862 1740 1926 institutor
1772 1865 2070 1921 exsistens.

480 1945 618 2011 Vide
652 1949 838 2020 igitur,
876 1952 1155 2021 quomodo
1192 1954 1360 2024 justis
1388 1954 1649 2014 omnibus
1694 1956 1892 2017 merito
1926 1970 2070 2026 prte-

479 2037 575 2099 lati
622 2043 734 2103 sint
751 2058 769 2108 ;
822 2043 1043 2110 merito,
1101 2043 1349 2116 inquam,
1400 2061 1508 2105 non
1564 2046 1712 2117 quod
1767 2048 1967 2103 attinet
2002 2047 2071 2103 ad

480 2133 683 2187 donum
733 2136 977 2211 mysterii
1027 2138 1312 2205 proprium
1363 2141 1515 2210 (nam
1570 2154 1789 2198 omnem
1844 2154 2072 2210 cperunt

483 2225 791 2285 mercedem
836 2230 1010 2297 gratia
1059 2230 1323 2302 excedit),
1355 2231 1451 2286 sed
1500 2232 1914 2302 comparatione
1947 2248 2073 2289 cum

482 2317 725 2393 ipsorum
753 2320 1045 2390 gentilibus
1080 2320 1354 2383 instituta.

554 2408 642 2473 Vl.
707 2411 815 2472 Sed
874 2413 1028 2486 juvat
1101 2414 1371 2485 reliquam
1435 2414 1722 2478 historiam
1790 2417 2071 2490 prosequi.

482 2498 671 2568 Beiert
693 2504 838 2568 enim
870 2505 1051 2582 ipsum
1085 2520 1212 2567 cum
1260 2517 1576 2568 recurrente
1606 2508 1806 2581 insigni
1837 2512 2074 2581 quadam

482 2595 773 2660 festivitate
797 2598 942 2659 dona
970 2615 1071 2661 sua
1102 2601 1169 2656 de
1203 2615 1356 2665 more
1403 2602 1691 2661 oblaturus
1725 2606 2073 2671 accessisset,

483 2704 515 2754 a
544 2690 803 2760 qu0piam
837 2692 1130 2754 contribuli
1164 2709 1264 2750 suo
1292 2694 1405 2766 (10)
1440 2693 1811 2752 acerbissimis
1838 2698 2075 2768 probris,

483 2795 769 2859 propterea
793 2785 939 2858 quod
964 2796 1179 2847 careret
1207 2789 1382 2859 prole,
1413 2801 1704 2860 exceptum
1728 2790 1919 2848 fuisse.
1950 2792 2077 2848 Νοιι

483 2876 643 2941 enim,
672 2877 871 2951 inquit.
903 2878 999 2935 tibi
1034 2877 1154 2934 licet
1186 2882 1328 2935 dona
1362 2892 1455 2935 tua
1505 2881 1719 2950 offerre,
1746 2897 1867 2941 cunt
1897 2899 2074 2938 semen

485 2968 538 3030 in
573 2965 746 3031 Israel
779 2985 881 3029 non
910 2971 1269 3031 suscitaveris.

556 3056 815 3125 Quasdam
864 3075 993 3129 vero
1020 3061 1355 3135 exemplaria
1404 3063 1655 3126 habent:
1700 3062 1828 3125 Non
1871 3065 1964 3121 tibi
1993 3067 2076 3140 {as

486 3161 589 3216 pst,
640 3161 697 3214 ut
737 3152 941 3223 primm
988 3153 1203 3224 offeras.
1240 3153 1483 3226 Equum
1534 3156 1783 3228 profecto
1829 3167 1967 3227 erat,
2017 3174 2075 3216 ut

488 3245 627 3313 ipse,
657 3246 859 3319 quippe
883 3246 975 3319 qui
1006 3257 1060 3302 et
1095 3246 1282 3317 juStus
1302 3258 1441 3314 erat,
1476 3258 1532 3305 et
1558 3250 1762 3320 duplici
1788 3250 2075 3310 nobilitate

488 3341 844 3413 conspicuus,
892 3340 1098 3409 primas
1152 3339 1322 3397 ferret
1376 3357 1500 3401 cum
1547 3341 1604 3397 in
1650 3343 1930 3409 omnibus,
1960 3352 2073 3399 tum

489 3430 543 3493 in
592 3433 751 3493 donis
796 3431 1113 3494 oii‘erendis.
1149 3433 1316 3504 Atqui
1364 3432 1418 3489 id
1471 3433 1676 3493 invidis
1725 3435 2075 3495 intolerabile

486 3523 790 3588 accidebat,
819 3539 943 3579 cum
995 3536 1176 3580 tamen
1210 3526 1350 3581 nihil
1380 3526 1668 3595 baberent,
1693 3528 1840 3597 quod
1872 3528 1926 3583 in
1953 3528 2075 3599 ejus

487 3616 598 3677 vita
644 3625 869 3685 possent
934 3631 1192 3687 carpere;
1242 3632 1354 3672 non
1408 3618 1586 3675 solum
1642 3621 1790 3679 enim
1833 3620 2077 3690 cujusvis

487 3723 684 3779 expers
709 3708 903 3778 culpae,
943 3712 1036 3764 sed
1078 3718 1132 3765 et
1180 3719 1333 3772 extra
1372 3712 1745 3771 accusationis
1783 3714 1960 3767 aleam
2004 3712 2076 3767 ob

491 3801 708 3863 virtutis
763 3800 1141 3861 excellentiam
1216 3803 1428 3872 positus
1493 3804 1950 3874 cognoscebatur.
2007 3802 2079 3859 Ut

488 3895 671 3968 itaque
701 3895 1116 3961 contenderent,
1147 3910 1274 3951 eum
1309 3897 1615 3955 secundum
1659 3897 1793 3965 legis
1824 3897 2077 3966 praescri-

490 3996 582 4064 pta
630 4003 736 4039 non
783 4000 965 4056 agere,
1005 3986 1295 4044 orbitatem
1348 3986 1584 4049 filiorum
1634 3986 1923 4056 objiciunt.
1962 3986 2079 4043 Hoc

487 4094 638 4151 vero,
674 4080 925 4145 videlicet
966 4078 1150 4149 justus
1198 4079 1335 4137 istos
1381 4094 1555 4149 usque
1600 4078 1668 4139 ad
1716 4078 1768 4133 id
1816 4081 2077 4149 temporis

491 4172 815 4235 infecundus
838 4172 1225 4240 permansisse,
1249 4181 1381 4234 tunc
1404 4183 1588 4226 autem
1619 4169 1687 4227 ad
1722 4171 2077 4228 obtinendam

489 4279 585 4341 per
616 4281 806 4334 preces
837 4267 1079 4325 sobolem
1114 4264 1285 4325 fuisse
1334 4267 1626 4330 excitatos,
1664 4280 1917 4335 supernae
1962 4264 2079 4320 fuc-

495 4367 574 4410 rat
616 4358 990 4431 providentiae.
1024 4360 1267 4412 Alterum
1300 4358 1446 4419 enim
1492 4357 1747 4413 ﬁduciam
1797 4371 1988 4410 eorum
2022 4356 2078 4421 in

1759 285 2023 348 JACOBI
2064 283 2414 345 MONACHI

546 399 684 456 Vide
718 414 886 472 quam
937 400 1097 472 longe
1145 398 1287 456 ultra
1332 397 1562 471 legalem
1616 397 1887 469 justitiam
1944 412 2071 466 pro-
2096 404 2149 463 Α

3647 280 3754 346 552

2249 397 2390 467 Ὅρα
2423 394 2524 464 τῆς
2548 394 2607 448 ἐν
2636 392 2788 465 νόμῳ
2808 392 3156 465 δικαιοσύνης
3187 392 3530 467 ὑπερϐολήν·
3566 398 3762 452 σκόπει

2167 491 2268 561 τὴν
2307 493 2366 543 ἐν
2397 487 2722 549 ἀποστόλοις
2747 486 3121 555 εὐαγγελικὴν
3149 487 3207 540 ἐν
3232 488 3348 549 τοῖς
3377 486 3614 552 δικαίοις
3638 489 3762 543 τού-

2169 599 2284 645 τοις
2335 579 2896 653 προκατορθωθεῖσαν
2947 577 3252 639 πολιτείαν,
3303 580 3555 649 κρεῖττον
3587 580 3647 633 δέ
3677 580 3763 635 λέ-

2171 690 2293 741 γειν
2324 672 2954 743 ὑπερκατορθωθείσανθ
2984 670 3184 725 Ἔστω
3241 674 3309 724 τὸ
3364 671 3468 739 τῆς
3519 690 3760 742 περιου-

2169 768 2312 833 σίας
2334 783 2455 834 μου
2472 765 2653 819 παντὶ
2678 761 2759 827 τῷ
2771 761 2919 827 λαῷ·
2957 762 3144 831 μηδὲν,
3171 764 3362 831 φησιν,
3393 764 3480 834 εῐη
3508 766 3761 836 περιττὸν
3799 764 3803 768 ’

2169 859 2282 919 τῶν
2312 858 2629 926 ἀναγκαίων
2654 873 2669 888 ·
2705 855 2872 911 παντὶ
2898 854 2978 924 τῷ
3015 854 3130 926 λαῷ
3166 857 3235 921 τὰ
3262 856 3404 926 ὑπὲρ
3438 857 3541 929 τὴν
3568 859 3761 929 χρείαν

2172 951 2523 1023 προκείσθω·
2568 950 2698 1003 πᾶσι
2727 946 2885 1001 κοινά
2915 945 2982 1001 τά
3012 947 3110 1016 τῆς
3144 948 3466 1019 περιουσίας
3496 951 3758 1019 ἐφείσθω.

2176 1046 2239 1098 Ὠ
2263 1043 2613 1113 δικαιοτάτης
2641 1041 2738 1097 καὶ
2766 1042 2992 1114 γνώμης
3024 1041 3118 1101 καὶ
3146 1040 3416 1111 κρίσεωςι
3452 1040 3499 1096 ῶ
3522 1042 3758 1097 πλούτου

2172 1138 2232 1190 ἐν
2257 1136 2545 1205 ἀσυλήτοις
2592 1136 3104 1205 συγκεκομισμένου
3156 1136 3466 1205 ταμιείοιςί
3509 1133 3685 1200 οὕτως
3723 1138 3758 1209 η

2172 1233 2238 1286 ἐκ
2272 1230 2579 1302 προοιμίων
2604 1230 3056 1300 ὐπερανέστηκεν
3082 1228 3267 1281 αὐτῶν
3321 1230 3512 1299 ἀρετή.
3548 1230 3623 1283 Οὐ
3649 1232 3759 1302 γὰρ

2171 1322 2254 1386 είς
2288 1322 2511 1391 ἐτέρους
2564 1319 2795 1383 ἀπιδὼν,
2831 1321 2953 1374 οὐδε
2999 1319 3415 1390 παραδείγμασί
3449 1339 3559 1375 τισι
3591 1339 3761 1392 προσ-

2172 1413 2444 1484 εσχηκὼς,
2489 1412 2664 1467 ταῦτα
2715 1412 3010 1483 ἔπραττεν,
3057 1412 3173 1465 ἀλλ’
3220 1412 3385 1477 αὐτὸς
3456 1413 3527 1467 δι’
3559 1414 3757 1468 ἑαυτοῦ

2173 1506 2238 1569 τὸ
2266 1505 2474 1575 ἀγαθὸν
2494 1504 2864 1575 ἐφευρίσκων,
2899 1504 3204 1576 ἐξεπλήρου
3232 1520 3247 1535 ο
3290 1506 3385 1558 καὶ
3408 1505 3509 1576 οὐχ
3550 1507 3759 1577 ὑποθή-

2173 1614 2303 1662 καις
2354 1598 2614 1661 παλαιαῖς
2659 1599 2755 1651 καὶ
2796 1597 3166 1669 νομοθεσίαις,
3218 1597 3360 1667 πρὸς
3403 1598 3466 1651 τὸ
3513 1598 3758 1658 τοιοῦτον

2175 1693 2606 1762 χειραγωγεῑται
2632 1690 2969 1762 κατόρθωμα
2994 1707 3009 1721 ’
3035 1690 3152 1745 ἀλλ’
3180 1691 3342 1752 αὐτὸς
3370 1692 3637 1763 κατάρχει
3656 1692 3760 1760 τῆς

2176 1783 2288 1836 τῶν
2314 1781 2499 1839 καλῶν
2529 1780 2819 1852 ἐργασίας,
2851 1782 2949 1842 καὶ
2971 1783 3274 1852 πρακτικὸς
3302 1783 3621 1854 νομοθέτης,
3644 1786 3761 1849 τοῖς

2178 1874 2300 1944 μετ’
2341 1872 2504 1927 αὐτὸν
2559 1871 2905 1929 καθίσταται.
2958 1873 3103 1943 Ὅρα
3136 1872 3255 1934 πῶς
3300 1871 3597 1941 ἀξιολόγως
3648 1874 3761 1927 τῶν

2175 1965 2433 2020 ἁπάντων
2461 1958 2613 2020 οὗτοι
2642 1964 2869 2028 δικαίων
2901 1966 3330 2036 προκεκρινταιν
3375 1966 3671 2031 ἀξιολόγως
3699 1965 3759 2021 δέ

2175 2058 2339 2127 λέγω,
2371 2058 2436 2112 οὐ
2465 2060 2534 2128 τῇ
2564 2057 2660 2113 τοῦ
2699 2059 3005 2129 μυστηρίου
3031 2058 3218 2130 δωρεᾷ
3247 2057 3414 2130 (ὺπέρ
3452 2060 3566 2131 γὰρ
3596 2062 3761 2131 ἀμοι-

2177 2151 2278 2221 ϐὴν
2306 2150 2485 2224 ἔργων
2513 2152 2547 2222 ή
2576 2150 2783 2223 χάρις),
2823 2153 2889 2224 τῇ
2916 2151 2973 2205 δὲ
3004 2150 3117 2206 τῶν
3148 2152 3413 2223 ὁμοφυῶν
3449 2153 3760 2225 ἀντιπαραρ

2178 2242 2350 2303 θέσει.

2249 2428 2341 2494 ς’.
2379 2426 2523 2485 Ἀλλ’
2574 2427 2874 2485 ἀκόλουθον
2926 2426 3062 2499 πρὶς
3103 2426 3169 2483 τὸ
3215 2428 3316 2500 τῆς
3360 2427 3603 2500 ἱστορίας
3633 2428 3765 2499 ἑξῆς

2180 2519 2315 2574 ίέναι
2340 2538 2353 2551 ·
2386 2522 2523 2592 φησὶ
2562 2521 2673 2592 γὰρ
2697 2521 2775 2586 ὡς
2809 2521 3016 2586 ἐθίμως
3052 2522 3175 2577 κατ’
3205 2520 3449 2591 εὕσημόν
3481 2538 3605 2579 τινα
3653 2522 3765 2576 τῶν

2176 2612 2384 2683 ἑορτῶν
2414 2616 2752 2685 προσάγοντι
2776 2617 2845 2669 τά
2894 2614 3067 2686 δῶρα,
3096 2618 3125 2670 ὁ
3167 2617 3321 2687 παρά
3349 2614 3459 2671 τῶν
3486 2614 3734 2683 συμφυλε
3761 2641 3765 2653 ι

2175 2702 2285 2755 τῶν
2307 2701 2374 2760 δι’
2400 2704 2659 2764 ἀτεκνίαν
2708 2705 2977 2776 ἐπετρίση
3009 2706 3316 2775 όνειδισμός
3342 2722 3359 2737 ο
3396 2707 3520 2760 οὐκ
3560 2704 3767 2768 ἔξεστι

2177 2793 2291 2864 γάρ
2316 2810 2437 2858 σοι,
2465 2797 2653 2866 φησιν,
2691 2797 3129 2867 προσενεγκεῖν
3172 2797 3247 2851 τὰ
3280 2796 3441 2864 δῶρά
3484 2812 3623 2864 σου,
3653 2812 3765 2852 κα·-

2177 2885 2306 2941 θότι
2333 2885 2574 2956 σπέρμα
2601 2888 2714 2943 οὐκ
2744 2888 3043 2957 ἐποίησας
3075 2888 3145 2943 ἐν
3190 2887 3462 2958 Ἰσραήλ.

2253 3066 2389 3125 Τινά
2419 3065 2477 3127 δέ
2504 3065 2616 3127 τῶν
2662 3066 3040 3138 ἀντιγράφων,
3084 3068 3205 3126 Οὐκ
3236 3065 3443 3136 ἔξεστί
3469 3080 3569 3121 σοι
3606 3062 3769 3134 πρῶ-

2183 3176 2293 3214 τον
2323 3158 2779 3228 προσενεγκεῖν,
2808 3160 3076 3232 περιέχει.
3105 3159 3264 3223 Εἰκὸς
3290 3161 3423 3230 γοῦν
3451 3157 3636 3222 αὐτὸν,
3669 3160 3767 3223 ἀπε

2183 3250 2394 3303 δίκαιον
2430 3250 2581 3314 ὄντα,
2618 3251 2715 3305 καὶ
2758 3253 2825 3322 τῇ
2857 3252 3007 3322 διττῇ
3056 3252 3455 3322 σεμνυνόμενον
3491 3251 3767 3320 εὐγενείᾳ,

2187 3341 2582 3413 προκρίνεσθαι
2640 3343 2779 3405 τέως
2817 3344 2876 3396 ἐν
2926 3344 3122 3409 ἀπασι,
3160 3343 3262 3398 κάν
3313 3347 3380 3414 τῇ
3426 3343 3536 3396 τῶν
3578 3343 3770 3415 δώρων

2184 3434 2519 3506 ἀφιερώσειο
2550 3437 2665 3499 τοῖς
2695 3435 2752 3493 δέ
2777 3435 2879 3489 οὐκ
2911 3435 3139 3493 ἀνεκτὸν
3159 3434 3506 3504 διαφθονοῦσι
3537 3433 3767 3504 προσῆν,

2189 3526 2358 3596 μηδὲν
2383 3526 2439 3580 δὲ
2478 3526 2698 3597 ἔχουσιν
2739 3528 2804 3580 ἐκ
2852 3526 2948 3579 τοῦ
2984 3526 3107 3581 κατ’
3141 3527 3351 3579 ἐκεῖνον
3400 3527 3770 3595 ἐπισκήπτειν

2188 3616 2304 3686 βίου
2327 3634 2340 3648 ·
2372 3618 2435 3671 οὐ
2473 3620 2633 3689 μόνον
2668 3618 2779 3690 γὰρ
2807 3619 3177 3687 ἀνεπίληπτος
3206 3618 3391 3681 αὐτοῖς
3422 3612 3600 3681 οὗτος,
3633 3615 3771 3676 ἀλλά

2186 3708 2282 3763 καὶ
2325 3708 2717 3770 ἀκαταιτίατος
2755 3708 2833 3783 τῷ
2860 3708 3256 3779 ὁπερὸἀλλοντι
3292 3708 3393 3778 τῆς
3425 3707 3630 3780 ἀρετῆς
3658 3708 3769 3767 διε-

2185 3800 2519 3869 γινώσκετο·
2552 3801 2651 3872 τὴν
2684 3802 2943 3864 ἀπαιδίαν
2969 3804 3049 3867 εις
3081 3802 3341 3873 ἀφορμὴν
3378 3801 3473 3862 τοῦ
3519 3802 3595 3871 μὴ
3624 3800 3766 3859 κατὰ

2185 3892 2344 3966 λόγον
2373 3893 2625 3964 εὐνομεὶν
2666 3894 2818 3964 αὐτῷ
2867 3892 3265 3963 προϐάλλονται
3287 3908 3301 3923 ·
3339 3892 3500 3955 τοῦτο
3529 3892 3606 3953 δέ,
3637 3908 3771 3963 προ-

2189 3986 2420 4056 μηθείας
2448 3982 2515 4057 ἦν
2549 3988 2647 4056 τῆς
2678 3987 2961 4051 ἀνωτάτω,
2986 3987 3047 4039 τὸ
3067 3986 3297 4055 ἀγόνους
3318 3988 3377 4039 τέ
3407 4002 3550 4056 φημι
3577 3986 3770 4056 μέχρις

2187 4079 2399 4141 ἐκείνου
2434 4082 2560 4144 τοὺς
2586 4080 2828 4144 δικαίους
2853 4080 3143 4146 διατελεῖν,
3175 4081 3271 4141 καὶ
3294 4081 3354 4137 τὸ
3376 4080 3444 4134 δι’
3473 4079 3769 4145 ἐντεύξεως

2185 4172 2496 4244 τηνικαῦτα
2535 4173 2672 4245 πρὸς
2721 4172 2821 4243 τὴν
2869 4173 3219 4241 τεκνογονίαν
3263 4172 3618 4242 διαναστῆναι
3642 4188 3656 4201 ⁸
3711 4172 3774 4229 τὸ

2190 4265 2292 4335 μὲν
2318 4266 2449 4336 γὰρ,
2477 4265 2575 4335 τὴν
2607 4265 2744 4335 πρὸς
2775 4265 2908 4319 Θεὸν
2938 4266 3123 4327 αὐτῶν
3154 4267 3404 4338 ὑπέφηνε
3430 4264 3768 4336 παρρησίαν·

2187 4359 2446 4430 αἰτήσασι
2477 4358 2606 4427 γὰρ,
2630 4358 2730 4412 οὐκ
2757 4359 2836 4421 είς
2862 4359 3128 4429 δευτέραν
3156 4359 3458 4429 ὑπερετέθη
3482 4376 3496 4391 ο
3520 4360 3582 4415 τὸ
3608 4358 3684 4418 δὲ.
3711 4357 3774 4415 τὸ

489 4448 623 4519 μου,
662 4450 881 4520 quando
921 4452 1233 4521 petentibus
1283 4465 1390 4504 non
1439 4449 1643 4505 dilatus
1687 4447 1854 4509 estin
1888 4457 2074 4519 poste-

2188 4450 2288 4519 τῆς
2321 4450 2571 4512 εὐδοκίας
2605 4448 2700 4504 τοῦ
2751 4450 3076 4522 μυστηρίου,
3132 4451 3559 4522 συντετμημένῳ
3593 4448 3772 4520 καιρῴ

488 4556 610 4599 runt
666 4541 943 4618 petitionis
1010 4540 1262 4605 eil'ectus,
1316 4537 1608 4608 patefecit;
1661 4537 1893 4590 alterum
1948 4551 2079 4590 vero

490 4635 811 4702 mysterium
880 4635 1074 4707 gratiae
1142 4633 1371 4695 definito
1446 4642 1690 4702 tempore
1753 4631 2083 4701 completum

488 4726 745 4785 ostendit.

569 4815 680 4872 νιι.
714 4817 1078 4882 Contumeliis
1129 4819 1314 4890 itaque
1364 4818 1614 4886 affectus,
1661 4816 1744 4873 vel
1808 4815 2079 4886 repulsam

491 4909 715 4980 insuper
767 4926 985 4981 passus,
1041 4913 1366 4983 gravissimo
1419 4912 1504 4964 vir
1548 4909 1735 4987 justus
1790 4908 2085 4977 corripitur

490 5016 748 5070 maerore,
783 5018 888 5058 non
920 5004 1049 5074 quia
1077 5004 1382 5064 maledictis
1409 5005 1693 5073 impctitus
1718 5000 1937 5062 fuisset,
1982 5007 2079 5059 aut

489 5096 616 5165 quia
656 5096 1082 5152 existimationis
1128 5097 1388 5152 subiisset
1435 5095 1740 5165 iacturam;
1795 5092 1891 5149 sed
1939 5091 2084 5162 quod

489 5197 793 5249 vereretur,
846 5203 913 5243 ne
961 5204 1069 5258 qua
1128 5189 1511 5249 mandatorum
1565 5184 1875 5248 divinorum
1922 5183 2090 5252 negli-

490 5279 671 5348 gentia
704 5278 807 5333 hoc
837 5276 939 5334 sibi
971 5281 1259 5349 repudium
1291 5278 1432 5349 apud
1469 5277 1638 5339 Deum
1672 5274 1995 5346 peperisset,
2028 5275 2081 5326 in

490 5372 834 5443 propatulum
871 5385 1053 5429 autem
1113 5391 1207 5444 per
1253 5374 1505 5431 homines
1558 5372 1910 5443 perferretur.
1942 5368 2092 5423 Adeo

562 5529 675 5596 (ill)
724 5528 1019 5583 Dicendum
1050 5538 1155 5594 est,
1180 5541 1273 5586 aut
1301 5531 1370 5584 ab
1405 5528 1569 5594 hujus
1600 5526 1841 5581 historia:
1876 5540 2079 5581 exem—

494 5599 658 5669 plari.
691 5616 801 5667 qtto
841 5600 1075 5667 scriptor
1107 5617 1241 5654 usus
1275 5611 1381 5661 est.
1411 5601 1656 5654 abfuisse
1695 5612 1891 5652 nomen
1941 5599 2081 5663 ejus.

494 5669 587 5737 qui
623 5669 965 5724 Joachimnm
1003 5671 1305 5724 maledictis
1338 5672 1632 5725 incessisse
1672 5669 2082 5738 perltibebatnr,

494 5746 591 5809 aut
630 5750 777 5795 certe
816 5741 1135 5809 scriptorem
1192 5742 1443 5796 consulto
1476 5740 1637 5794 verba
1687 5746 1865 5796 lacere
1917 5755 1977 5793 ea
2011 5739 2077 5791 de

2183 4544 2409 4615 ἐνεργοῦ
2418 4559 2598 4613 μενον.

2255 4804 2329 4869 Ζ’.
2386 4804 2732 4867 Ὀνειδισθείς
2758 4802 2849 4863 οὖν
2879 4802 2908 4855 ό
2938 4803 3169 4870 δίκαιος,
3206 4804 3239 4875 ἦ
3265 4804 3358 4858 καὶ
3385 4802 3773 4874 ἀποπεμφθεὶς

2192 4900 2412 4953 ἀνιᾶται
2463 4899 2821 4969 σφοδρότερον
2848 4913 2861 4926 ·
2913 4898 3010 4967 οὐχ
3062 4897 3137 4961 ὡς
3182 4900 3295 4961 τοῖς
3329 4897 3508 4965 λόγοις
3559 4897 3773 4971 πεπλη-

2195 4990 2327 5060 γὼς,
2359 4993 2393 5062 ἢ
2424 4990 2694 5061 ἀδοξήσας
2720 4989 2799 5060 τῷ
2836 4990 3147 5058 πράγματι,
3193 4989 3330 5041 ἀλλά
3358 4987 3548 5051 δεδιὼς
3590 4990 3773 5058 μήπου

2185 5102 2270 5146 τις
2305 5083 2455 5153 αὐτῷ
2484 5083 2592 5136 τῶν
2618 5082 2775 5135 θείων
2800 5082 3031 5135 ἐντολῶν
3054 5082 3421 5151 παροφθεῖσα,
3455 5082 3607 5154 παρά
3634 5080 3771 5133 Θεοῦ

2192 5180 2293 5249 μὲν
2348 5178 2447 5249 τὴν
2509 5177 2832 5253 ἀπόπεμψιν
2889 5177 3066 5240 ἔτεκε,
3115 5178 3182 5233 δι’
3222 5176 3528 5253 ἀνθρώπων
3587 5176 3644 5241 δέ
3693 5176 3774 5237 είς

2190 5269 2503 5340 τούμφανὲς
2552 5271 2808 5343 παρήχθη
2837 5284 2850 5297 ·
2881 5269 3054 5333 οὔτως
3091 5265 3159 5341 ἦν
3203 5270 3262 5327 ἓν
3300 5287 3357 5332 τε
3397 5272 3464 5340 τῇ
3496 5270 3625 5337 περὶ
3666 5267 3776 5327 τῶν

2195 5365 2376 5433 νόμων
2404 5362 2710 5432 πληρώσει,
2748 5364 2845 5417 καὶ
2868 5364 2935 5432 τῇ
2965 5361 3074 5416 τῶν
3098 5364 3321 5432 ἀφανῶν
3345 5363 3440 5415 τοῦ
3476 5360 3777 5420 συνειδότος

2190 5540 2251 5579 re
2286 5521 2550 5576 noluisse.
2601 5522 2661 5572 In
2721 5520 2823 5579 hac
2875 5520 3019 5585 enim
3073 5522 3324 5573 oratione
3369 5519 3502 5573 nihil
3537 5516 3780 5571 occurrit

2191 5609 2406 5655 eorum,
2430 5607 2549 5660 qua:
2582 5591 2648 5644 de
2677 5590 2864 5645 Ruben
2888 5605 2941 5645 et
2970 5593 3111 5652 tribu
3141 5588 3469 5644 Rnbcnitica
3504 5589 3781 5656 disputart

2194 5665 2431 5718 Vidimus
2470 5662 2522 5714 in
2554 5661 2699 5715 Petri
2723 5662 2905 5729 Argivi
2939 5661 3212 5727 oratione,
3245 5675 3309 5715 uc
3338 5661 3508 5714 multo
3541 5660 3779 5727 amplius

2188 5736 2241 5788 in
2272 5737 2520 5789 oratione
2553 5731 2780 5786 Joannis
2819 5731 3164 5785 liuhoeensis.
