4122 6212
357 220 465 283 5.53

1178 215 1466 274 ORATIO
1510 215 1590 277 ΙΝ
1630 211 2215 274 CONCEPTIONEM
2266 212 2370 271 SS.
2416 207 2788 271 DEIPARﬁ.

3504 215 3609 278 L55

354 332 645 399 ἐξετάσει,
705 327 1101 399 ἀκριδέστατος
1159 325 1488 397 λογοθέτηςο
1544 324 1716 388 οὕτως
1782 323 1932 386 θείας

2044 332 2092 376 ιιι
2118 324 2169 375 in
2207 323 2416 392 legibus
2454 321 2816 390 adimplendis
2845 329 2899 376 et
2923 322 2975 375 in
3009 321 3236 378 occultis
3266 324 3611 379 conscientia:

353 427 544 497 ἠγεῖτο
589 422 659 475 τὰ
688 422 816 491 περὶ
845 419 1013 472 αὑτοῦ
1062 418 1323 488 προνοίας
1359 418 1594 472 ἅπαντα.
1636 415 1735 467 Διὰ
1778 413 1937 467 τοῦτο

360 518 425 573 οὐ
457 512 739 583 διηνέχθη,
772 512 834 564 ού
874 512 988 573 τοῖς
1026 510 1207 577 λόγοις
1245 508 1630 575 ἁντικατέστη,
1661 505 1724 557 οὐ
1755 503 1816 557 τὸ
1860 503 1936 574 μὴ

352 605 698 664 κεκωλῦσθαι
724 603 834 656 τῶν
867 602 1074 671 ἐθίμων
1109 602 1303 672 μέχρις
1349 599 1590 653 ἐκείνου⁸
1627 597 1718 650 διά
1759 613 1818 649 τε
1875 594 1936 647 τὸ

350 699 446 754 τοῦ
477 699 591 769 βίου
624 696 721 751 καὶ
753 696 813 747 τὸ
857 694 968 747 τῶν
1005 694 1225 764 δωρεῶν
1251 691 1638 761 ἀνεπίληπτον,
1671 687 1935 757 προσελά-

350 793 513 846 6ετο·
565 789 684 843 ἀλλ’
723 787 860 858 όμοῦ
908 805 966 840 τε
1009 785 1107 857 τὴν
1162 786 1232 838 δι’
1282 783 1588 852 όνειδισμοῦ
1644 779 1935 849 ἐπίπληξιν

367 881 697 945 εἰσεδέξατο,
739 880 833 932 καὶ
873 878 965 931 ἐπὶ
1012 877 1103 929 τδν
1130 877 1239 929 τῶν
1281 875 1606 947 ἀπορρήτων
1640 870 1935 940 ἐξεταστὴν

350 974 694 1045 καταφεύγει
725 971 859 1026 Θεόν
883 983 901 1004 ⁸
926 972 1020 1025 καὶ
1046 969 1144 1042 τὴν
1171 970 1407 1040 ἐρημίαν
1443 970 1517 1031 ὠς
1548 964 1808 1038 συνεργὸν
1833 966 1933 1035 τῆς

349 1067 489 1137 πρὸς
519 1067 613 1119 τὸν
663 1064 796 1118 Θεὸν
846 1062 1064 1133 ὁμιλίας
1108 1060 1564 1130 καταλαμϐάνει·
1601 1063 1738 1130 μήτε
1793 1059 1933 1128 αὐτῇ

347 1162 419 1230 τῇ
450 1158 684 1227 συνοίκῳ
708 1156 803 1211 καὶ
833 1154 1183 1225 ὁμογνώμονι
1208 1155 1422 1223 φανεὶς,
1462 1153 1494 1224 ἢ
1528 1150 1936 1222 κοινωσάμενος

348 1253 450 1323 τὴν
508 1249 753 1320 γνώμην,
813 1249 952 1319 μήτε
988 1249 1102 1311 τοῖς
1150 1248 1271 1299 κατ’
1314 1241 1464 1299 οἶκον
1506 1244 1605 1316 τὴν
1643 1245 1773 1314 περὶ
1827 1242 1935 1295 τῶν

348 1342 514 1406 ἐκτὸς
551 1340 868 1411 ἐπιμέλειαν
897 1339 1232 1409 διαθέμενος.
1275 1338 1372 1400 Τίς
1399 1337 1654 1407 τοιαύτην
1687 1337 1789 1388 κάν
1821 1335 1936 1396 τοῖς

350 1435 477 1490 καθ’
516 1435 662 1503 ἡμᾶς
705 1434 896 1486 ἐλπίδα
942 1432 1078 1503 πρὸς
1121 1432 1253 1484 Θεὸν
1302 1431 1646 1491 ἀδίστακτον,
1682 1427 1779 1481 καὶ
1826 1425 1935 1481 τῶν

354 1526 641 1597 παρόντων
676 1528 1085 1595 καταφρόνησιν
1117 1522 1466 1587 ἐπεδείξατος
1504 1522 1704 1591 μήτιγε
1734 1522 1790 1571 ἐν
1822 1520 1933 1580 τοῖς

353 1616 474 1669 κατ’
504 1616 685 1668 ἐκεῖνο
712 1616 943 1684 καιροῖς,
974 1615 1033 1665 ἐν
1063 1607 1143 1676 οἷς
1173 1613 1268 1665 καὶ
1291 1613 1399 1665 τῶν
1427 1611 1811 1682 μετριωτέρων
1842 1606 1934 1660 καὶ

2039 416 2375 486 inquirendis
2405 425 2629 470 exactor
2658 426 2774 471 erat
2801 415 3232 471 solertissimus!
3261 416 3395 471 adeo
3419 417 3615 473 divina:

2038 507 2388 577 providentia:
2438 507 2643 572 omnia,
2677 523 2798 577 quae
2831 508 2897 561 ad
2940 522 3000 562 se
3038 508 3395 577 pertinerent,
3443 511 3613 580 depu-

2038 600 2218 655 tabat!
2253 601 2462 655 Idcirco
2492 613 2596 653 non
2643 602 2937 665 contendit,
2979 616 3088 655 non
3129 602 3338 657 rixatus
3366 611 3473 664 est,
3508 618 3612 657 non

2037 693 2256 761 obiecit,
2294 693 2387 747 sed
2427 693 2491 745 ad
2530 693 2675 746 illam
2709 708 2881 763 u5que
2915 693 3056 747 diem
3105 710 3384 764 nunquam
3414 711 3443 749 a
3479 711 3613 751 can-

2036 784 2207 838 suetis
2236 783 2393 837 donis
2428 780 2717 837 oﬂ‘erendis
2754 783 3087 852 prohibitum
3129 785 3454 846 fuisse.sive
3491 789 3613 842 vita:

2037 890 2152 929 suae
2185 875 2298 929 sive
2332 875 2600 929 donorum
2635 874 2844 929 ratione
2899 870 3105 943 habita,
3141 879 3284 947 quod
3321 888 3614 948 utrumque

2036 966 2464 1035 reprehensione
2516 976 2745 1022 careret.
2798 965 2994 1021 Verum
3054 978 3105 1023 et
3159 964 3610 1025 contumeliosam

2036 1058 2304 1129 patienter
2357 1058 2479 1113 tulit
2521 1058 2978 1129 obiurgationem,
3030 1074 3094 1114 ac
3136 1062 3300 1115 simul
3346 1063 3414 1115 ad
3450 1063 3613 1116 Deum

2037 1149 2378 1205 occultorum
2415 1158 2773 1205 scrutatorem
2821 1150 3098 1220 confugit;
3136 1162 3298 1221 atque
3328 1153 3379 1207 in
3419 1156 3615 1208 solitu-

2036 1239 2217 1294 dinem
2264 1248 2522 1308 tanquam
2566 1241 2777 1309 agendo
2825 1256 2947 1294 cum
3000 1240 3108 1296 Deo
3154 1243 3517 1312 aptissimam,
3549 1262 3615 1298 ne

2039 1330 2143 1399 ipsi
2184 1330 2402 1399 quidem
2460 1330 2701 1401 coniugi,
2750 1332 2910 1394 eique
2958 1334 3224 1399 unanimi,
3277 1350 3336 1389 se
3391 1336 3614 1401 sistens,

2037 1432 2132 1476 aut
2164 1422 2457 1478 consilium
2495 1438 2653 1477 suum
2705 1423 2953 1492 aperiens
2992 1423 3123 1496 (ll),
3155 1441 3329 1494 neque
3358 1426 3618 1481 domesti-

2038 1515 2120 1569 cis
2162 1530 2351 1569 curam
2409 1522 2759 1568 externorum
2810 1518 3176 1580 committens,
3212 1531 3332 1571 sese
3392 1518 3613 1587 recepit.

2038 1605 2173 1672 Quis
2205 1605 2289 1659 vel
2338 1605 2541 1658 nostris
2589 1604 2741 1658 hisce
2780 1604 3116 1673 temporibus
3155 1604 3364 1682 lirmam
3395 1604 3531 1659 adeo
3563 1599 3616 1658 in

348 1706 795 1778 τεθεσπισμένων
843 1704 1055 1773 ἀρετῶν
1100 1703 1347 1775 ἐργώδης
1374 1700 1444 1774 ἦν
1494 1701 1930 1774 ὴὲκπλήρωσις.

2044 1696 2211 1751 Deum
2260 1712 2435 1765 spem,
2474 1710 2537 1749 ac
2593 1694 2971 1764 temporalium
3017 1705 3388 1764 contemptum
3437 1707 3620 1749 osten—

349 1803 557 1859 disset?
596 1804 797 1860 nedum
839 1812 997 1859 mtate
1049 1803 1163 1867 illa,
1212 1802 1433 1872 quando
1477 1802 1641 1854 etiam
1689 1799 1951 1861 modicas,
2019 1795 2182 1848 etiam
2224 1794 2573 1864 praascriptas
2620 1792 2845 1848 virtutes
2911 1809 3165 1847 exercere
3199 1788 3428 1847 arduum
3465 1792 3619 1847 vide‘h

348 1895 527 1950 batur.

425 1987 505 2042 H'.
534 1988 647 2041 Καὶ
702 1985 987 2058 παρείσθω
1023 1986 1117 2039 νῦν
1166 1988 1235 2040 τὰ
1275 1984 1418 2040 κατὰ
1445 1985 1536 2037 τὸν
1585 1984 1934 2054 πατριάρχην

367 2081 641 2152 Ἀϐραάμ.
687 2078 1099 2149 ’Υπεξηρῆσθαι
1138 2078 1247 2150 γὰρ
1280 2080 1361 2150 τῷ
1410 2081 1585 2150 χρόνῳ
1617 2081 1709 2132 καὶ
1734 2080 1809 2150 τῷ
1834 2081 1937 2150 τῆς

353 2171 703 2241 δικαιοσύνης
757 2170 1073 2241 ἐνεστηκότι
1110 2171 1184 2235 ὡς
1230 2170 1340 2224 τῶν
1380 2169 1567 2236 πάλαι,
1608 2170 1701 2226 καὶ
1747 2170 1937 2225 τούτου

351 2262 556 2330 δόξειεν
588 2263 655 2318 ἄν
697 2281 829 2318 τισι.
866 2263 1013 2331 Πλὴν
1044 2266 1093 2317 εί
1138 2263 1430 2318 καὶταῦτα
1468 2281 1550 2329 τις
1597 2262 1939 2328 ἀνεξετάζειν

354 2357 585 2420 ἐκείνοις
628 2356 890 2427 βούλοιτο,
916 2355 1117 2425 πολλὴν
1149 2355 1216 2409 ἂν
1247 2358 1345 2425 τὴν
1374 2354 1646 2426 ὑπεροχὴν
1668 2354 1773 2408 τῶν
1808 2371 1942 2424 προ-

356 2450 630 2520 κειμένων
661 2447 972 2515 κατόψοιτο.
1016 2445 1244 2516 Ἐκείνῳ
1286 2446 1385 2516 μὲν
1416 2446 1524 2514 γὰρ
1562 2444 1661 2514 ἦτε
1696 2442 1934 2512 μετανά-

357 2558 574 2605 στασις,
605 2540 700 2593 καὶ
746 2542 780 2611 ἡ
825 2535 970 2612 ἐφ”ᾖ
1010 2541 1076 2593 ἂν
1127 2540 1517 2610 παροικήσειεν
1571 2537 1775 2609 ὲρῤήθη
1825 2537 1933 2607 γῆ“

356 2632 440 2686 ἔτι
479 2632 589 2701 μὴν
638 2630 794 2701 καὶὴ
846 2630 945 2699 τῆς
988 2629 1247 2691 ἀπαιδίας
1297 2629 1392 2682 καὶ
1443 2627 1782 2698 στειρώσεως
1839 2627 1937 2696 τῆς

357 2725 579 2796 Σάρρας
631 2721 803 2789 λύσις,
853 2723 958 2775 ὑπὸ
1007 2723 1101 2775 τοῦ
1145 2720 1411 2792 ἀψευδοῦς
1463 2718 1935 2791 προεπήγγελταιο

358 2812 503 2887 ἅπερ
529 2816 593 2888 δὴ
626 2816 874 2886 κατέχων
901 2814 1214 2885 ὑποσχέσει,
1242 2813 1339 2884 τὴν
1369 2813 1472 2884 μὲν
1500 2812 1694 2866 ἐλπίδα
1719 2813 1934 2884 ἔτρεφε,

358 2910 455 2982 τὴν
482 2910 538 2963 δέ
557 2910 785 2981 γνώμην
817 2909 953 2979 πρὸς
982 2906 1081 2978 τὴν
1119 2907 1187 2960 δι’
1213 2909 1482 2976 αἰτήσεως
1527 2906 1775 2971 ἔκϐασιν,
1809 2906 1942 2976 ἐψυ-

2115 1975 2247 2029 Vlll.
2280 1975 2342 2030 Et
2388 1975 2608 2030 silentio
2639 1974 2857 2044 quidem
2909 1993 3053 2033 nunc
3100 1986 3495 2046 praetereantur
3527 1976 3616 2031 re!i

2036 2069 2360 2140 patriarcha:
2389 2069 2641 2124 Abrahae.
2678 2067 2774 2123 Hic
2804 2068 2948 2123 enim
2986 2069 3443 2139 quemadmodum
3480 2079 3619 2124 tem-

2037 2178 2191 2233 pore,
2248 2163 2327 2217 sic
2378 2170 2431 2216 et
2491 2162 2709 2217 virtutis
2761 2163 3055 2217 eminentia
3111 2177 3219 2217 non
3284 2162 3616 2218 vetustiores

2039 2256 2223 2319 modo,
2254 2254 2349 2311 sed
2395 2266 2449 2311 et
2488 2255 2666 2309 virum
2718 2254 2882 2311 istum
2939 2270 3227 2325 superasse
3284 2254 3611 2325 quihusdam

2037 2347 2179 2403 forte
2236 2349 2523 2404 videbitur.
2570 2346 2895 2418 Quanquam
2940 2348 3138 2418 siquis
3184 2363 3246 2426 ea
3290 2358 3462 2419 gesta,
3495 2365 3614 2418 qua:

2032 2457 2178 2496 mmc
2210 2442 2559 2511 exponimus,
2585 2456 2709 2498 cum
2742 2441 2848 2497 illis
2879 2441 3128 2497 conferre
3161 2443 3344 2505 vellet,
3381 2443 3609 2497 multum

2033 2534 2308 2588 enimvero
2340 2535 2626 2603 prmsentia
2660 2534 2774 2589 haec
2812 2533 2918 2588 illis
2948 2533 3273 2589 antecellere
3312 2534 3612 2603 deprehen-

2034 2626 2207 2681 deret.
2257 2626 2321 2680 Et
2368 2641 2501 2682 sane
2545 2626 2622 2681 illi
2659 2636 2772 2680 tum
2820 2627 3250 2698 transmigratio,
3297 2634 3411 2681 tum
3447 2634 3613 2688 terra,

2038 2719 2092 2773 in
2122 2733 2230 2788 qua
2277 2717 2458 2772 sedem
2491 2718 2769 2788 deligeret,
2801 2719 3164 2789 praenuntiata
3220 2718 3348 2786 luit;
3393 2718 3618 2789 insuper

2045 2812 2113 2868 ab
2144 2828 2229 2879 eo,
2268 2815 2359 2883 qui
2396 2814 2612 2869 mentiri
2656 2815 2867 2884 nequit,
2902 2824 3015 2869 tum
3065 2813 3321 2870 orbitatis
3360 2814 3618 2878 filiorum,

2048 2919 2159 2964 tum
2209 2908 2358 2965 Sara:
2403 2910 2707 2965 sterilitatis
2763 2913 2999 2965 cessatio
3028 2909 3285 2980 praedicta
3329 2908 3452 2964 fuit.
3488 2908 3620 2977 Qum

358 2999 620 3069 χαγώγει.
654 3001 721 3052 Τί
772 3002 881 3073 γὰρ
911 3000 978 3054 διν
1028 2998 1392 3068 εὐθυμότερον
1446 2999 1544 3068 τῆς
1599 2997 1941 3068 ὑποσχέσεως

2048 3002 2269 3071 quidem
2301 3018 2423 3057 cum
2467 3012 2685 3074 propter
2735 3003 3152 3073 promissionem
3183 3002 3297 3073 jam
3340 3003 3501 3058 veluti
3544 3014 3623 3057 te-

358 3089 551 3161 όφθείη
577 3089 742 3157 Θεοῢ;

363 3188 456 3241 bat
515 3187 583 3240 ad
630 3187 841 3243 felicem
892 3187 1100 3241 exitum
1159 3187 1415 3256 precibus
1465 3187 1932 3257 consequendum.
1993 3187 2134 3255 Quid
2178 3190 2323 3247 enim
2389 3191 2455 3245 ad
2498 3191 2786 3262 crigendos
2842 3192 3054 3246 animos
3092 3191 3380 3260 emcacius,

364 3280 458 3338 Dei
489 3282 787 3351 promissio
815 3279 984 3335 videri
1018 3279 1219 3350 queat?

441 3373 502 3426 '0
526 3373 582 3426 δέ
614 3372 1039 3440 ἀνεπαγγέλτως
1070 3373 1167 3444 μὲν
1207 3371 1359 3444 παρὰ
1384 3374 1479 3425 τοῦ
1510 3372 1739 3426 δυνατοῦ
1769 3372 1946 3425 πάντα

362 3464 429 3517 τὰ
462 3462 539 3534 μὴ
592 3462 794 3517 δυνατὰ
845 3462 1226 3533 περαιοῦσθαι,
1282 3465 1376 3516 καὶ
1426 3463 1527 3532 τὴν
1563 3462 1726 3531 φύσιν
1775 3479 1948 3534 μετα·

366 3555 731 3626 ρυθμίζεσθαι
783 3554 1106 3622 πιστεύσας,
1137 3555 1274 3625 πρὸς
1304 3554 1488 3625 ἀφανῆ
1517 3553 1575 3607 δὲ
1629 3554 1729 3623 τὴν
1776 3552 1943 3609 αὐτοῦ

366 3645 713 3717 προμηθείαν
745 3646 814 3701 τὰ
842 3648 944 3719 τῆς
989 3647 1205 3710 ἐλπίδος
1238 3646 1478 3718 ἐρείσας,
1521 3644 1666 3699 οὕτω
1700 3646 1795 3700 καὶ
1842 3648 1943 3718 τὴν

363 3737 476 3792 τῶν
498 3739 719 3793 οίκείων
747 3740 1046 3804 διάστασιν,
1082 3742 1175 3793 καί⁸
1204 3741 1305 3811 τὴν
1334 3739 1574 3810 ἔμμονον
1611 3740 1749 3810 πρὸς
1778 3740 1941 3793 αὐτὸν

365 3830 431 3884 δι’
460 3830 752 3898 ἐντεύξεως
777 3835 1011 3887 ποιεῖται
1036 3832 1273 3903 ὁμιλίαν.

437 3921 551 3975 Καὶ
582 3922 612 3974 ὀ
659 3923 779 3993 μὲν,
826 3923 1146 3994 τεκμηρίων
1170 3923 1268 3992 τῆς
1299 3938 1358 3976 τε
1410 3924 1793 3994 κατασχέσεως
1839 3923 1942 3993 τῆς

366 4012 472 4081 γῆς
500 4015 597 4067 καὶ
626 4014 725 4085 τῆς
760 4013 855 4067 τοῦ
894 4015 1087 4083 γένους
1131 4015 1425 4079 ἐπιδόσεως
1462 4014 1667 4070 δεῖται·
1701 4015 1793 4069 καὶ
1836 4016 1943 4086 ὅτῳ

370 4104 554 4175 τρόπῳ
600 4105 671 4158 τὰ
712 4104 1162 4175 ἐπαγγελλόμενα
1197 4106 1559 4177 πληρωθεῖεν,
1605 4106 1939 4173 ἐξαιτεῖται·

368 4198 397 4250 ὁ
436 4200 514 4265 δὲ,
543 4199 735 4271 ὥσπερ
774 4204 832 4255 ἐν
872 4205 937 4274 τῇ
989 4203 1123 4275 εὐχῇ
1154 4203 1216 4258 τὸ
1250 4203 1643 4269 ἀνενδοίαστον,
1683 4204 1824 4257 οὕτω
1851 4204 1945 4256 καὶ

370 4292 432 4344 τὸ
466 4295 792 4364 είσεπήκοον
827 4295 1184 4366 ἀνενεχθῆναι
1221 4296 1541 4363 πιστεύσας,
1566 4298 1660 4350 καὶ
1706 4296 1811 4350 ὑπὸ
1843 4298 1947 4365 ἁγ-

373 4382 533 4448 γέλου
566 4384 659 4436 τὸν
684 4385 843 4438 τόκον
872 4386 1262 4458 εὐαγγελίσθη,
1295 4389 1387 4442 καὶ
1414 4386 1531 4456 οὐχ’
1557 4387 1632 4450 ώς
1660 4389 1726 4442 ἂν
1746 4387 1943 4459 ἐκϐαίη

371 4472 434 4524 τὸ
464 4474 953 4546 εὐαγγελιζόμενον
1004 4480 1271 4532 αἰτεῖται·
1303 4479 1379 4539 ὡς
1420 4476 1530 4548 γὰρ
1574 4477 1848 4548 πλήρωμα
1885 4478 1947 4530 τὸ

375 4566 600 4634 μήνυμα
622 4566 934 4637 κατασχὼν,
969 4563 1134 4641 εἶχεν,

458 4828 619 4881 Ἀλλὰ
650 4828 759 4899 γὰρ
784 4830 958 4884 καὶτὸ
981 4831 1077 4903 τῆς
1108 4831 1301 4897 θυσίας
1327 4834 1577 4888 ἐνταυθοῖ
1606 4835 1946 4906 προσκαλού-

378 4936 539 4990 μενον
555 4922 913 4992 ἐξετασθῆναι
930 4926 1255 4995 παράδοξον,
1291 4924 1437 4998 [οὐκ]
1461 4926 1670 4981 ἐατέον·
1686 4927 1835 4992 ὅπως
1852 4928 1955 4999 μὲν

374 5014 582 5077 ἐκεῖνος
608 5016 927 5085 προστάξει,
953 5017 1430 5090 αὐτοπροαιρέτως
1447 5018 1505 5073 δέ
1529 5012 1707 5086 οὗτος,
1739 5021 1951 5093 ἱερούρ-

374 5119 548 5174 γησεο
585 5108 680 5159 καὶ
732 5108 1002 5179 μονογενῆ
1036 5110 1155 5180 μὲν,
1189 5111 1396 5182 κυρίως
1427 5105 1580 5176 οὗτος
1603 5130 1617 5144 υ
1654 5114 1860 5176 ἐκεῖνος
1892 5113 1949 5167 δὲ

371 5196 451 5264 τῷ
481 5196 583 5267 τῆς
632 5200 969 5269 ἐπαγγελίας
1013 5201 1192 5273 λόγῳ’
1240 5204 1337 5258 καὶ
1383 5204 1464 5258 ὅτι
1519 5205 1797 5276 προσάξας
1850 5206 1950 5274 μὲν

373 5288 582 5353 ἐκεῖνος
610 5292 671 5345 τὸ
711 5293 906 5364 ἱερεῖον
951 5294 1366 5365 ἀντικομίζεται
1391 5312 1408 5329 ο
1440 5291 1591 5361 οὗτος
1621 5296 1678 5350 δὲ
1723 5297 1802 5369 τῷ
1835 5298 1949 5352 ὄντι

448 5466 558 5533 (li)
616 5467 722 5524 Aiii
787 5482 980 5525 contra
1041 5483 1297 5539 narrant,
1360 5477 1639 5531 communi
1717 5479 1949 5535 consilio

371 5534 720 5616 Juaeltimum
765 5548 821 5616 et
863 5541 1076 5596 Annam
1109 5545 1175 5616 ad
1203 5534 1411 5614 jejunia
1438 5560 1501 5599 ac
1531 5561 1722 5616 preces
1756 5534 1950 5605 conlu-

376 5607 541 5676 gisse.
574 5607 661 5662 Nil
706 5608 943 5675 mirum;
979 5607 1221 5681 quoties'
1247 5607 1391 5667 énim
1439 5617 1507 5671 de
1531 5607 1627 5674 'rci
1676 5620 1949 5693 adjunctis

693 5700 964 5765 PATROL.
1007 5706 1119 5770 Gn.
1167 5708 1477 5791 CXXVII.

2049 3103 2225 3157 neret,
2256 3109 2405 3163 spem
2455 3096 2670 3149 interim
2706 3096 2903 3161 alebat,
2941 3096 3293 3166 animumque
3333 3098 3619 3152 conlirma-

3457 3210 3617 3264 quam

2116 3370 2216 3425 llic
2250 3387 2381 3426 vero
2424 3373 2573 3427 nulla
2619 3373 2798 3429 adhuc
2835 3375 3197 3444 promissione
3226 3388 3469 3449 accepta,
3497 3395 3621 3437 crc-

2043 3462 2201 3530 didit,
2241 3464 2310 3518 ab
2360 3463 2742 3535 Omnipotente
2780 3467 2943 3520 etiam
2996 3466 3357 3537 impossibilia
3406 3474 3616 3542 perlici.

2042 3550 2406 3627 naturamque
2438 3573 2598 3627 posse
2625 3558 2922 3624 immutari,
2956 3562 3281 3633 lirnmmque
3312 3563 3366 3617 in
3402 3567 3617 3621 occulta

2041 3652 2191 3709 illius
2242 3653 2582 3723 providentia
2648 3668 2799 3723 spem
2854 3654 3077 3720 delixit;
3132 3671 3196 3712 ac
3250 3669 3537 3731 propterea
3589 3681 3619 3716 ιι

2045 3743 2362 3799 domesticis
2392 3759 2513 3800 sese
2544 3745 2692 3801 curis
2720 3745 3048 3803 subtrahens
3073 3749 3140 3803 ad
3168 3749 3340 3806 Deum
3367 3754 3621 3822 precibus

2044 3835 2296 3891 insistere
2326 3846 2658 3907 perseverat.

2116 3928 2214 3983 Ille
2246 3928 2486 3998 quidem,
2518 3944 2586 3984 ne
2626 3930 2693 3985 de
2726 3928 2908 3986 futura
2949 3941 3105 3987 terrze
3140 3933 3507 4002 possessione,
3526 3935 3620 3990 dc-

2046 4035 2154 4091 que
2196 4021 2336 4076 miro
2396 4022 2727 4089 posteritatis
2773 4020 2898 4077 suae
2932 4025 3269 4079 incremento
3327 4025 3619 4089 dubitaret.

2048 4112 2206 4182 signo
2256 4112 2441 4181 aliquo
2508 4112 2741 4182 indiguit
2795 4124 2961 4169 :tum
3020 4116 3180 4170 etiam
3242 4131 3350 4186 qua
3410 4119 3624 4174 ratione

2053 4202 2326 4270 implenda
2356 4218 2419 4257 ea
2452 4213 2658 4267 essent,
2687 4220 2810 4273 quae
2852 4206 3335 4274 promittebantur,
3384 4209 3627 4278 exquisi~

2056 4294 2149 4347 vit.
2193 4292 2294 4347 llic
2331 4302 2513 4349 autem
2543 4302 2692 4350 certo
2720 4296 2973 4363 credens,
3015 4298 3193 4368 qualis
3241 4300 3509 4371 cujusque
3555 4304 3623 4356 sit

2056 4383 2107 4437 in
2142 4384 2349 4438 orando
2389 4384 2609 4453 ﬁducia,
2647 4386 2809 4441 talem
2849 4387 2988 4443 votis
3038 4389 3244 4443 exitum
3273 4393 3622 4461 respondere,

2054 4473 2263 4529 idcirco
2311 4474 2382 4529 ab
2439 4475 2632 4545 angelo
2679 4477 2747 4531 de
2794 4477 3144 4547 suscipienda
3192 4480 3345 4549 prole
3386 4484 3626 4538 monitus

2053 4577 2160 4630 cst,
2205 4581 2381 4637 neque
2410 4576 2589 4622 tamen
2631 4583 2739 4639 qua
2779 4570 2988 4626 ratione
3028 4580 3349 4627 eventurum
3381 4573 3435 4627 id
3457 4585 3626 4638 esset.

2055 4658 2123 4712 ab
2154 4658 2345 4726 angelo
2375 4668 2726 4728 percontatus
2768 4672 2872 4716 est.
2902 4660 3163 4718 Nuntium
3211 4663 3357 4719 enim
3404 4666 3628 4735 perinde

2054 4765 2119 4804 ac
2155 4748 2415 4818 promissi
2447 4750 2909 4820 complementum
2944 4753 3156 4811 habuit.

2123 4840 2612 4897 Verumenimvero
2679 4859 2780 4898 nec
2829 4845 3212 4902 admirandum
3261 4849 3395 4905 illud
3453 4854 3628 4907 sacri-

2059 4932 2245 4989 ﬁcium
2288 4935 2342 4988 in
2377 4936 2616 4990 medium
2650 4937 2829 4992 accire
2860 4952 2924 4992 ac
2970 4941 3307 5009 perpendere
3348 4943 3437 4998 hic
3466 4945 3627 5001 abso-

2057 5040 2188 5081 num
2220 5026 2471 5083 videatur
2504 5046 2518 5083 :
2552 5031 2828 5098 quomodo
2860 5030 3120 5087 nimirum
3153 5033 3243 5089 ille
3274 5036 3494 5105 quidem
3525 5037 3631 5092 im-

2055 5119 2208 5189 perio
2242 5130 2487 5190 accepto,
2519 5120 2612 5177 hic
2657 5130 2839 5178 autem
2887 5139 2987 5180 sua
3040 5135 3235 5196 sponte
3288 5130 3633 5185 sacriﬁcave-

2056 5209 2130 5262 rit
2179 5224 2193 5261 :
2248 5218 2410 5279 atque
2453 5210 2543 5265 hic
2594 5211 2816 5282 quidem
2864 5214 3087 5285 proprie
3133 5216 3507 5288 unigenitam:
3542 5219 3635 5275 ille

2056 5315 2186 5357 vero
2234 5317 2380 5371 eum,
2407 5305 2501 5375 qui
2535 5306 2918 5376 promissionis
2941 5319 3157 5367 tantum
3188 5312 3401 5368 ratione
3447 5314 3631 5377 habita

2058 5480 2201 5561 silet_
2231 5483 2480 5561 historia,
2513 5495 2784 5561 perpetuo
2808 5490 3085 5552 usuvenit,
3124 5498 3205 5556 ut,
3236 5491 3364 5545 dum
3401 5490 3635 5561 quisque

2059 5554 2204 5631 quod
2236 5555 2339 5609 sibi
2372 5554 2667 5631 verisimiie
2701 5559 2933 5631 videtur.
2958 5554 3252 5630 excogitat,
3275 5562 3328 5616 in
3360 5554 3634 5631 plures—ac

2058 5625 2303 5682 diversas
2340 5629 2644 5686 sententias
2671 5630 2871 5703 singuli
2902 5625 3145 5711 abeam;

3241 5724 3314 5783 18
