4122 6212
436 334 542 397 ὃῦῦ

1747 280 2005 387 JACOBI
2046 325 2397 387 MONACIII

3605 320 3709 388 550

434 449 578 504 velut
630 447 940 519 uuigcnitus
984 445 1168 502 haberi
1224 453 1437 516 poterat
1486 444 1597 515 (ίῖ)
1649 464 1660 500 :
1712 460 1776 500 ac
1829 456 2022 499 rursus

2129 441 2495 513 καθιερώσας,
2549 440 2933 508 ὡλοκαύτωσε,
2980 442 3074 496 κα)⁵
3105 441 3358 506 ἀποδοὺς,
3401 441 3709 513 ἀνήνεγκε’

432 540 710 609 quomodo
736 540 1010 594 victimam
1035 538 1223 608 utique
1240 536 1545 601 adduxerit,
1564 537 1820 591 intactam
1841 546 2021 591 tamen

434 631 681 686 eamdem
732 629 1003 698 receperit
1045 643 1109 683 ac
1155 643 1342 683 secum
1400 626 1705 689 reduxerit,
1752 625 1842 680 hic
1893 642 2023 680 vero

440 722 846 783 holocaustum,
923 719 1068 787 quod
1149 729 1395 783 voverat,
1457 719 1634 785 reipsa
1713 714 2022 786 perfecerit,

436 813 791 883 oblatumque
849 811 1145 867 reddiderit
1201 829 1216 867 :
1278 826 1341 865 ac
1390 811 1611 865 demum
1666 810 1755 863 ille
1799 808 2021 880 quidem

438 906 681 973 tribuum
716 913 771 958 et
810 904 1084 974 justorum
1119 901 1524 973 patriarcham;
1562 901 1651 955 hic
1694 908 1876 954 autem
1929 898 2021 954 Dei

438 1006 669 1053 matrem
701 1008 865 1068 atque
897 995 1276 1066 dignissimam
1309 992 1742 1063 patriarcharum
1776 991 2017 1063 reginam

438 1088 719 1143 obtulerit.
778 1087 1068 1155 Egregium
1123 1099 1256 1139 sane
1305 1083 1576 1153 ejusmodi
1632 1083 1846 1137 facinus
1908 1095 2017 1137 non

441 1185 581 1236 hanc
608 1180 789 1242 modo,
822 1179 917 1233 sed
946 1176 1247 1248 quamlibet
1276 1175 1743 1244 comparationem
1780 1176 2015 1231 excedit.

446 1271 677 1327 Videsne
702 1285 867 1341 ergo,
896 1265 1397 1340 quant0pcrejusti
1438 1265 1599 1333 hujus
1640 1265 2019 1334 praerogativa:

440 1361 915 1434 superemineant?
966 1358 1245 1428 Perpende
1290 1373 1454 1428 porro
1497 1367 1551 1411 ct
1598 1358 1764 1412 vitam
1800 1359 1921 1428 ejus
1968 1360 2021 1414 in

440 1456 735 1512 solitudine
778 1457 1107 1515 traductam,
1137 1465 1369 1521 eamque
1418 1466 1581 1521 supra
1619 1461 1829 1507 naturae
1879 1452 2023 1507 vires

442 1547 827 1604 abstinentiam
862 1544 1050 1615 (quam
1088 1543 1209 1598 vita:
1260 1545 1528 1599 rationem
1581 1542 1887 1613 angelicam
1926 1559 2024 1612 po-

442 1642 552 1697 tius
593 1655 692 1710 par
740 1648 824 1695 est
877 1635 1201 1708 appellare);
1254 1652 1417 1707 quam
1465 1637 1750 1706 peregrina
1786 1637 2021 1701 exstitit,

443 1749 606 1804 quam
635 1732 902 1798 insolens,
936 1730 1052 1785 sive
1082 1739 1234 1800 gesta
1262 1728 1518 1784 conferas
1546 1731 1661 1785 sive
1694 1744 1979 1785 sermones
2003 1731 2016 1783 l

2131 534 2227 587 καὶ
2279 535 2626 607 πατριάρχην
2684 533 2785 605 μὲν
2843 533 3028 600 αὐτὸς,
3066 532 3246 603 φυλῶν
3293 532 3387 585 καὶ
3442 532 3711 588 δικαίωνθ

2132 625 2345 696 μητέρα
2386 627 2442 680 δὲ
2477 621 2630 690 οὗτος
2658 625 2791 679 Θεοῦ
2829 626 2919 680 καὶ
2961 626 3311 695 δικαιοτάτην
3354 626 3712 698 πατριαρχῶν

2125 719 2435 773 δέσποιναν.
2466 720 2510 772 Κ
2522 721 2731 789 ρεῖττον
2765 719 2873 790 γὰρ
2894 718 2956 771 οὐ
2986 718 3084 788 τῆς
3120 717 3423 789 παρούσης,
3452 718 3588 772 ἀλλά
3618 720 3711 773 καὶ

2129 811 2310 878 πάσης
2360 810 2841 882 ἀντιπαραθέσεως
2882 810 2943 864 τὸ
3003 808 3336 881 ἐγχείρημα.
3391 808 3556 881 Ὁρᾷς
3601 812 3709 880 ὅπη

2127 900 2196 953 τὰ
2248 898 2341 952 τοῦ
2379 900 2592 954 δικαίου
2642 901 2834 953 τούτου
2891 900 3176 971 παρήλασε
3210 900 3707 972 πλεονεκτήματας

2127 992 2226 1069 θέα
2257 992 2312 1046 δὲ
2348 993 2441 1047 καὶ
2490 993 2590 1062 τὴν
2631 994 2688 1046 ὲν
2717 994 2786 1064 τῇ
2841 992 3035 1065 ἐρήμῳ
3074 992 3382 1063 διατριϐὴν,
3426 993 3522 1045 καὶ
3570 994 3711 1062 ὑπὲρ

2118 1085 2224 1154 τὴν
2259 1084 2421 1155 φύσιν
2479 1085 2802 1157 καρτερίαν,
2845 1087 2913 1159 ἢν
2951 1084 3250 1157 ἀγγελικὴν
3305 1076 3573 1157 προσήκει
3625 1086 3712 1139 λέ-

2124 1192 2243 1247 γειν
2271 1178 2550 1248 διαγωγήν
2569 1195 2583 1209 ⁸
2616 1178 2690 1242 ὡς
2724 1178 2848 1249 ξένη
2889 1178 2984 1231 καὶ
3011 1177 3383 1248 ἀκατάλληλος
3421 1180 3488 1249 τῇ
3520 1196 3578 1230 τε
3602 1178 3711 1231 τῶν

2128 1270 2475 1342 πραγμάτων
2528 1271 2622 1325 καὶ
2657 1272 2830 1341 λόγων
2863 1270 3313 1343 ἀντιπαραθέσει,
3360 1270 3667 1341 καθέστηκε
3693 1289 3706 1301 ·

2123 1364 2537 1435 τεσσαράκοντα
2566 1365 2674 1436 γὰρ
2705 1364 2894 1418 τοῦτον
2940 1364 3154 1437 ἡμέρας
3177 1366 3272 1418 κα).
3299 1363 3501 1427 νύκτας
3523 1364 3707 1418 ἄσιτον

2124 1454 2473 1512 διατελοῦντα
2535 1456 3027 1529 προσκαρτερῆσαι
3076 1458 3315 1527 φησινή
3373 1455 3584 1525 ἱστορία
3640 1456 3706 1525 τῇ

2123 1546 2329 1619 δεήσει,
2364 1549 2460 1603 καὶ
2508 1549 2646 1623 μόνῃ
2692 1551 2759 1623 τῇ
2809 1552 2890 1614 είς
2938 1550 3074 1605 Θεὸν
3123 1550 3299 1602 ἐλπίδι
3341 1548 3711 1620 τρεφόμενον

2137 1638 2514 1708 Ἐνήστευσε
2568 1645 2679 1714 γὰρ
2711 1643 2936 1714 ἡμέρας
2988 1644 3088 1697 καὶ
3138 1644 3360 1709 νύκτας
3412 1639 3712 1708 τεσσαίά-

2126 1750 2334 1799 κοντα,
2371 1735 2609 1806 λέγων’
2668 1739 2750 1791 Οὐ
2805 1738 3219 1807 καταϐήσομαι
3280 1738 3419 1792 οὔτε
3465 1735 3713 1806 μὲνὲπὶ

443 1826 812 1897 Quadraginta
846 1839 1083 1894 namque
1112 1822 1251 1886 dies,
1282 1822 1619 1892 totidemque
1646 1833 1834 1877 noctes
1869 1822 2023 1876 illum

2129 1826 2357 1895 βρωτῷ,
2380 1828 2520 1883 οὔτε
2547 1828 2647 1882 ἐπὶ
2678 1816 2860 1894 ποτῷ.

442 1923 559 1978 sine
607 1922 732 1976 cibo
789 1929 1107 1975 constanter
1164 1918 1497 1988 transegisse
1551 1918 1682 1989 (15),
1739 1918 1993 1988 precibus
2034 1928 2245 1977 tantum
2280 1932 2445 1993 atque
2510 1923 2566 1979 in
2625 1924 2791 1979 Deum
2841 1939 2936 1993 spe
2968 1925 3294 1979 innutritum
3332 1923 3562 1980 historia
3598 1932 3710 1976 tra-

442 2022 539 2076 dit.
576 2018 848 2088 Jejunavit
888 2015 1028 2070 enim
1056 2016 1413 2085 quadraginta
1442 2015 1554 2068 dies
1595 2030 1659 2067 ac
1704 2024 1904 2076 noctes,
1933 2015 2110 2072 dicens
2142 2035 2160 2071 :
2198 2018 2307 2074 Nec
2334 2022 2438 2075 cibi
2476 2038 2569 2076 nec
2597 2032 2751 2092 potus
2779 2023 2954 2093 gratia
2979 2023 3099 2076 hinc
3130 2022 3463 2076 descendam.

513 2112 605 2170 1X.
643 2112 711 2167 Et
753 2113 870 2166 hmc
916 2110 1134 2180 quidem
1157 2108 1294 2176 justi
1338 2106 1484 2162 illius
1516 2119 1690 2176 gesta.
1728 2108 1861 2173 Quae
1906 2124 2036 2165 vero

2204 2114 2277 2170 ϐ’.
2313 2115 2551 2170 Τοιαῦτα
2580 2116 2680 2187 μὲν
2705 2115 2775 2169 τά
2802 2114 2896 2169 τοῦ
2933 2115 3164 2170 δικαίου.
3198 2116 3277 2168 Τά
3308 2115 3363 2168 δὲ
3401 2114 3502 2185 τῆς
3534 2114 3711 2167 συνοί-

445 2206 698 2278 praestitit
756 2204 910 2257 Anna
972 2216 1079 2257 non
1145 2201 1330 2256 minus
1391 2200 1467 2253 illi
1530 2216 1741 2256 morum
1815 2203 2025 2258 confor-

2132 2214 2232 2257 κου
2285 2205 2381 2258 καὶ
2435 2205 2744 2276 δμοτρόπου
2778 2207 3000 2277 Ἃννης,
3058 2205 3132 2270 ὡς
3189 2205 3404 2275 μεγάλα
3449 2205 3545 2257 κα)⁵
3580 2203 3714 2256 θαυ-

447 2302 636 2355 initate
710 2313 873 2368 quam
936 2294 1177 2364 conjugii
1250 2293 1465 2348 vinculo
1537 2294 1811 2363 copulata,
1868 2311 2032 2364 quam

442 2407 640 2463 magna
668 2404 732 2445 ea
762 2400 910 2451 sunt,
937 2395 991 2442 et
1020 2385 1362 2450 admiranda,
1401 2400 1677 2455 quamque
1714 2401 1745 2439 a
1785 2386 2032 2457 conjugis

442 2486 614 2556 gratia
650 2498 753 2538 non
787 2480 950 2537 modo
985 2494 1091 2534 non
1141 2479 1359 2541 absunt.
1391 2477 1487 2533 sed
1541 2479 1768 2535 ulterius
1804 2495 2030 2550 progre-o

444 2578 695 2632 diuntur!
742 2575 949 2646 Duplex
986 2572 1129 2626 enim
1176 2572 1449 2642 patientia:
1479 2581 1755 2626 certamen
1784 2572 2027 2627 subcun-

443 2671 572 2725 dnm
614 2670 715 2738 ipsi
751 2667 871 2722 fuit.
904 2662 1039 2719 Nam
1076 2675 1187 2717 tum
1223 2663 1477 2734 conjugis
1522 2664 1769 2719 absentia
1803 2675 1857 2718 et
1898 2664 2026 2730 loci,

444 2776 555 2831 quo
589 2761 678 2816 hic
718 2758 1060 2821 secessisset,
1089 2754 1379 2827 ignoratio,
1405 2766 1517 2809 tum
1542 2765 1866 2818 ~scommata
1897 2771 2027 2827 pro-

444 2863 562 2926 pter
593 2853 760 2924 prolis
793 2851 1079 2906 orbitatem
1111 2847 1335 2911 inflicta,
1370 2850 1497 2903 hinc
1539 2848 1664 2902 inde
1696 2848 1871 2919 ipsam
1903 2864 2023 2919 pre-

446 2944 691 3000 mebant.
737 2938 1017 2998 Adversus
1051 2956 1175 3011 qua:
1213 2938 1460 2996 subsidio
1502 2940 1615 3010 spei
1651 2955 1715 2996 ac
1747 2939 1869 2995 fidei
1925 2940 2022 2996 de-

445 3048 683 3102 certans,
704 3034 956 3106 superior
989 3032 1270 3090 evadebat.
1286 3028 1427 3098 Quin
1454 3031 1619 3086 etiam
1656 3031 1769 3086 hinc
1802 3044 2023 3102 propter

2134 2292 2352 2367 μαστά·
2387 2297 2479 2350 καὶ
2508 2296 2602 2350 τοῦ
2645 2296 3009 2365 συγκοινωνοῦ
3038 2297 3136 2366 τῆς
3174 2298 3416 2368 χάριτος,
3453 2297 3514 2348 οὐ
3548 2296 3708 2365 μόνον

2128 2389 2228 2441 οὐκ
2253 2388 2576 2456 ἀποδέοντα,
2608 2388 2746 2443 ἀλλά
2785 2388 2882 2443 καὶ
2934 2386 3244 2459 περαιτέρω
3281 2387 3582 2459 χωροῦντα.
3618 2384 3711 2438 Δι-

2132 2479 2300 2544 πλοῦς
2329 2480 2434 2549 γὰρ
2474 2480 2614 2551 αὕτη
2652 2481 2777 2545 τοὺς
2813 2482 2912 2552 τῆς
2957 2480 3255 2552 καρτερίας
3286 2480 3538 2551 διήνυσεν
3566 2478 3711 2546 ἀγῶ-

2084 2606 2087 2609 η
2133 2589 2230 2635 νας
2255 2586 2270 2601 ⁸
2304 2574 2339 2643 ἥ
2368 2590 2427 2625 τε
2457 2573 2566 2644 γὰρ
2597 2573 2691 2626 τοῦ
2725 2571 2960 2641 συζύγου
3005 2571 3280 2637 διάζευξις
3320 2572 3413 2625 καὶ
3447 2569 3711 2641 παροικία

2133 2662 2351 2734 ἄδηλος,
2382 2665 2477 2717 καὶ
2499 2666 2565 2717 τὰ
2596 2664 2665 2717 δι’
2695 2664 2955 2718 ἀπαιδίαν
2992 2663 3346 2734 ἐπολιόρκουν
3391 2663 3559 2733 ἄμφω
3583 2661 3710 2714 ταύ-

2124 2772 2228 2827 την
2259 2756 2569 2826 σκώμματα
2593 2771 2606 2785 ·
2637 2756 2774 2828 πρὸς
2805 2755 2951 2829 ἅπερ
2983 2755 3486 2826 ἀνταγωνιζομένη,
3514 2756 3581 2825 τῇ
3611 2753 3711 2822 τῆς

2125 2838 2337 2909 ἐλπίδος
2385 2847 2483 2900 καὶ
2518 2846 2759 2911 πίστεως
2806 2838 3133 2918 ὑπερανεῒχε
3190 2834 3520 2917 συμμαχίᾳο
3575 2845 3713 2900 ἀλλά

2126 2938 2234 3008 γὰρ
2260 2932 2435 3003 διττὸς
2459 2940 2596 3010 αὐτῇ
2628 2940 2722 2992 καὶ
2753 2939 2783 2991 ὁ
2811 2940 3056 3003 τοιοῦτος
3087 2939 3348 3010 ὲπετρίὸη
3383 2938 3710 3009 ὀνειδισμός·

2124 3031 2153 3083 ὁ
2188 3028 2275 3082 διὰ
2290 3027 2412 3109 ,τῶν
2441 3028 2801 3098 συμφυλετῶν
2841 3030 2961 3100 μὲν,
3007 3029 3272 3101 πρότερον
3297 3045 3312 3061 ·
3344 3028 3536 3082 ἔπειτα
3572 3028 3649 3093 δὲ,
3684 3031 3713 3083 ὁ

445 3129 786 3189 sterilitatem
843 3127 1085 3183 cenricia
1129 3124 1331 3195 duplici
1373 3138 1440 3179 ex
1485 3132 1638 3194 parte
1677 3123 1777 3194 ipsi
1828 3124 2025 3180 infere-

2130 3120 2217 3175 διά
2244 3121 2343 3190 τῆς
2371 3120 2633 3185 οίκέτιδος
2654 3137 2668 3151 ⁸
2693 3120 2752 3184 ὃς
2781 3121 2875 3174 καὶ
2907 3120 3330 3191 δυσφορωτάτην
3357 3110 3455 3190 τὴν
3483 3119 3716 3188 ἐπίπλη-

446 3221 647 3275 bantur
698 3236 712 3273 :
765 3216 946 3287 primo
994 3214 1214 3285 quidem
1271 3228 1303 3268 a
1357 3213 1783 3276 contribulibus,
1836 3212 2034 3268 deinde

446 3312 610 3367 etiam
664 3310 733 3365 ab
778 3307 976 3363 ancilia
1027 3322 1146 3371 sua,
1200 3305 1346 3376 quod
1395 3319 1528 3360 sane
1589 3306 2031 3361 molestissiinam

445 3404 609 3461 eliicit
640 3401 1025 3459 contumeliam
1066 3419 1081 3455 :
1126 3413 1233 3453 non
1261 3398 1405 3453 enim
1437 3398 1614 3453 solent
1635 3399 1824 3452 eodem
1867 3400 2031 3453 modo

448 3495 661 3550 allicere
712 3504 833 3563 quae
885 3491 954 3546 ab
1002 3490 1278 3546 extraneis
1341 3488 1712 3543 immittuntur
1763 3489 2030 3556 convicia,

450 3603 513 3643 ac
542 3603 624 3651 ca,
648 3600 769 3653 qua:
819 3602 850 3638 a
899 3583 1240 3645 domesticis,
1273 3581 1573 3651 praesertim
1621 3592 1750 3635 vero
1783 3582 1830 3636 si
1862 3581 1975 3636 haec
2002 3597 2029 3635 a

451 3677 706 3747 quopiam
735 3673 1111 3741 subiectorum
1145 3672 1478 3739 ingerantur.

519 3763 808 3833 Quomodo
834 3771 1016 3819 autem
1041 3748 1461 3834 generosissima
1478 3776 1597 3818 sese
1627 3763 1766 3833 gerit
1791 3761 2034 3817 feuiiita?

453 3861 596 3916 Nihil
665 3860 861 3914 horum
930 3857 1051 3927 ejus
1120 3856 1586 3927 longanimitatem
1638 3856 1877 3926 frangit;
1936 3857 2028 3912 sed

452 3961 766 4010 ornamenta
830 3950 931 4006 sibi
991 3951 1297 4019 importune
1352 3948 1533 4000 oblata
1585 3945 1841 4015 rejiciens
1890 3943 2028 4016 (14),

454 4044 729 4113 simulque
781 4040 1068 4112 lugubrem
1118 4046 1324 4092 vestem
1367 4037 1667 4106 deponens,
1725 4050 1789 4092 ac
1837 4041 2027 4110 puram

456 4134 868 4207 ntipiialcmque
919 4133 1112 4187 stolam
1141 4131 1373 4201 spiritali
1429 4130 1565 4186 vesti
1611 4131 2028 4201 superiiidtieiis,

452 4228 652 4298 duplici
714 4227 817 4280 hoc
864 4225 1188 4279 indumento
1230 4234 1494 4279 exornata
1555 4224 1697 4292 apud
1748 4224 1896 4290 etim,
1936 4222 2028 4293 qui

455 4319 785 4390 purissimus
846 4316 950 4381 est,
1027 4316 1281 4386 precibus
1338 4318 1503 4386 atque
1560 4315 2029 4371 obsecratiOnibus

454 4404 762 4468 itisislebal.
797 4406 983 4479 Neque
1017 4416 1144 4464 rcro‘
1191 4410 1378 4478 templi
1412 4408 1675 4462 interiora
1730 4414 1918 4477 petens
1959 4404 2024 4461 ad

2138 3213 2219 3279 ξιν
2247 3213 2482 3265 ἐνεποίει
2533 3213 2984 3283 προσαγόμενος
3017 3212 3078 3266 οὐ
3130 3212 3239 3283 γὰρ
3275 3211 3418 3267 οὕτω
3465 3211 3533 3265 τὰ
3582 3213 3714 3282 παρ’

2137 3304 2338 3373 ἐτέρων
2373 3304 2550 3376 ὀνείδη
2581 3304 2657 3366 ὡς
2697 3305 2766 3358 τά
2817 3306 2969 3376 παρά
3016 3304 3126 3358 τῶν
3172 3302 3580 3375 γνησιωτέρων,
3610 3321 3713 3357 διας

2137 3397 2438 3452 θάπτεσθαι
2487 3399 2596 3452 τῶν
2647 3397 3105 3469 προϐαλλομένων
3164 3397 3434 3467 πέφυκεν,
3476 3398 3570 3451 καὶ
3603 3394 3709 3466 μά-

2134 3486 2293 3540 λιστα
2324 3487 2372 3540 εί
2403 3487 2509 3541 τῶν
2538 3487 2598 3553 ἐξ
2620 3488 2723 3542 ὑπὸ
2751 3490 2911 3559 χεῖρα
2931 3487 3283 3561 τεταγμένων
3341 3488 3706 3559 προσφέροιτο

2134 3592 2333 3631 ταυτα.

2209 3758 2330 3823 Πῶς
2364 3758 2457 3812 οῦν
2483 3760 2517 3830 ἡ
2552 3761 2907 3832 γενναιοτάτη
2937 3760 3271 3828 διατίθεται;
3306 3762 3431 3816 Οὐδ’
3467 3758 3583 3834 οὐχ’
3609 3760 3712 3819 ὑπό

2134 3867 2278 3912 τινος
2311 3849 2517 3904 τούτων
2553 3850 2652 3921 τὴν
2685 3851 2896 3922 ἄμαχον
2935 3853 3300 3924 τιτρώσκεται
3343 3852 3670 3927 προσδοκίαν
3694 3872 3709 3887 ·

2132 3941 2267 3994 ἀλλά
2307 3939 2401 3994 τὸν
2428 3943 2525 4013 μὲν
2557 3944 2930 4014 ὲπιὸιδόμενον
2980 3944 3056 4016 μὴ
3095 3944 3446 4024 καθηκόντως
3493 3948 3716 4000 ἀποσει-

2136 4039 2345 4109 σαμένη
2388 4038 2611 4108 κόσμον,
2665 4042 2766 4108 τῂν
2818 4039 2875 4093 δὲ
2909 4038 3171 4112 πενθικὴν
3219 4036 3423 4112 ἐσθῆτα
3464 4043 3713 4112 περιελο-

2135 4130 2294 4200 μένη,
2327 4130 2420 4183 καὶ
2446 4130 2544 4200 τὴν
2576 4130 2822 4202 καθαρὰν
2854 4133 2947 4185 καὶ
2971 4132 3251 4205 νυμφικὴν
3280 4137 3345 4205 τῇ
3375 4137 3538 4205 νοητῇ
3572 4152 3712 4205 συμ-

2135 4223 2469 4293 περιθεμένη
2501 4223 2713 4295 στολὴν,
2747 4224 2879 4296 πρὸς
2908 4225 3008 4296 τὴν
3032 4226 3197 4296 εὐχὴν
3225 4227 3301 4297 τῷ
3333 4218 3710 4298 καθαρωτάτῳ

2131 4317 2194 4385 τῇ
2229 4314 2381 4386 διττῇ
2418 4318 2823 4387 προσομιλῆσαι
2855 4317 3116 4388 ἠπείγετο
3151 4319 3479 4390 καταστολῇ.
3505 4320 3618 4373 Οὐκ
3651 4322 3709 4371 ἐν

2131 4408 2243 4468 τοῖς
2274 4405 2421 4460 ἔνδον
2460 4402 2516 4461 δὲ
2550 4409 2643 4462 τοῦ
2698 4409 2826 4463 ναοῦ
2859 4411 3184 4482 χωρήσασα,
3228 4414 3327 4481 τὴν
3384 4411 3591 4464 ἱκεσίαν
3628 4410 3709 4480 τῷ

455 4504 836 4558 universorum
861 4472 1151 4556 [intumum
1183 4472 1369 4569 preces
1388 4472 1751 4562 eii‘undit,sed
1782 4498 2023 4567 quietum

2133 4498 2243 4550 τῶν
2267 4497 2404 4552 ὅλων
2441 4501 2761 4573 ἀποπέμπει
2789 4502 2935 4573 Θεῷ,
2973 4503 3094 4556 ἀλλ’
3126 4505 3402 4575 ἀτάραχον
3438 4522 3563 4559 τινα
3614 4504 3709 4557 καὶ

450 4606 504 4651 et
531 4595 600 4649 ab
633 4588 782 4649 omni
814 4582 1047 4661 sirepitu
1072 4598 1339 4645 remotam
1377 4590 1558 4645 l’ocum
1605 4591 1661 4643 in
1696 4590 1857 4644 horto
1890 4589 2025 4642 deli-

449 4702 603 4760 gens,
651 4687 725 4741 ibi
790 4684 1006 4740 occdlte
1068 4682 1217 4738 velut
1248 4683 1302 4736 in
1354 4682 1616 4753 penetrali
1660 4679 2025 4751 investigabili

450 4781 754 4836 orationem
775 4782 954 4840 Suam,
977 4775 1031 4829 in
1061 4790 1165 4846 qua
1196 4783 1251 4830 et
1273 4772 1484 4828 diutius
1517 4780 1865 4843 perseverare
1886 4777 2033 4827 sata-

453 4875 635 4940 gcbat,
666 4887 698 4925 e
732 4870 899 4923 corde
938 4867 1310 4938 ingemiscens
1337 4866 1646 4938 promebat.

523 5004 636 5074 (l2)
678 5000 806 5074 Haec
852 5002 1141 5074 manifeste
1202 5003 1505 5069 respiciunt
1558 5002 1646 5074 ad
1684 5002 1826 5074 illud
1873 4999 2026 5074 Pauli

451 5066 595 5146 (Gal.
617 5066 704 5146 ἰν,
730 5068 822 5146 22)
845 5066 1149 5146 ascriptum
1177 5080 1251 5125 est
1268 5066 1739 5146 _eiiiiii._quoniain
1760 5071 2026 5146 Abraham

450 5140 581 5199 duos
617 5143 753 5213 ﬁlios
782 5140 963 5197 habuit
996 5150 1201 5197 :niium
1245 5140 1308 5197 de
1349 5140 1543 5198 ancilla
1582 5154 1630 5196 et
1665 5146 1825 5196 unum
1856 5143 1920 5195 de
1959 5142 2030 5194 li-

454 5217 597 5269 bera.
628 5214 730 5269 Sed
773 5216 861 5284 qui
914 5217 978 5268 de
1023 5216 1245 5278 ancilla,
1286 5218 1569 5266 secundum
1609 5224 1815 5267 carnem
1869 5222 2029 5265 natus

454 5296 580 5348 est;
633 5285 723 5353 qui
784 5295 959 5337 autem
1014 5288 1077 5336 de
1130 5285 1315 5349 libera,
1396 5301 1488 5351 per
1552 5286 2029 5353 repromissionem.

455 5354 770 5409 Jnachiinus
822 5357 1004 5407 autem
1058 5354 1261 5408 nullam
1324 5360 1499 5424 reipsa
1548 5357 1777 5423 prolem,
1830 5364 2030 5423 praeter

458 5426 515 5477 ὃ.
549 5426 780 5477 Mariam
822 5424 1130 5493 lleiparam,
1162 5427 1387 5481 sortitus
1419 5433 1556 5478 erat.

527 5496 638 5565 (i5)
670 5494 799 5549 Plus
823 5495 1026 5562 aliquid
1059 5494 1201 5547 forte
1231 5498 1494 5548 orationis
1520 5505 1711 5548 auctor
1745 5494 2028 5565 intellegit,

455 5564 618 5635 quam
651 5565 843 5636 efferre
878 5566 1120 5636 voluerit
1156 5564 1312 5636 illius
1349 5565 1593 5618 historia:
1640 5565 1895 5636 scriptor.
1933 5564 2032 5618 Le-

455 5633 635 5704 gimus
682 5638 734 5688 in
783 5634 840 5690 S.
894 5640 1053 5689 Lucae
1081 5633 1373 5703 Evangelia
1426 5636 1570 5703 (eap.
1625 5651 1686 5701 ii,
1721 5633 1775 5693 v'.
1827 5636 1917 5704 57)
1962 5638 2029 5688 de

453 5709 610 5759 Anna
655 5706 761 5760 lilia
807 5706 1048 5760 Phanuel
1102 5723 1116 5758 :
1172 5704 1298 5757 Non
1337 5706 1637 5759 discedebat
1686 5708 1749 5760 de
1807 5706 2021 5774 templo,

454 5775 666 5848 iejuniis
711 5787 759 5834 ei
804 5776 1253 5834 obsecrationibus
1290 5776 1535 5851 ~servienti
1583 5787 1730 5833 nocte
1772 5793 1834 5830 ac
1882 5779 1966 5831 die
2006 5790 2023 5829 :

2133 4590 2588 4663 ἀπερικτύπητον
2640 4595 2733 4648 τὸν
2786 4594 2880 4649 τοῦ
2941 4596 3270 4666 παραδείσου
3324 4596 3709 4652 καταλαϐοῦσα

2132 4680 2332 4752 χῶρον,
2364 4684 2422 4735 ἐν
2446 4682 2623 4753 τούτῳ
2650 4684 2902 4755 καθάπερ
2935 4686 3284 4759 ἀνυπονοήτῳ
3311 4690 3540 4759 ταμιείῳ
3573 4705 3711 4758 κρυ-

2134 4774 2273 4841 φίως
2299 4773 2505 4844 ταύτην
2539 4777 2874 4849 ὀδυνωμένη,
2904 4778 3222 4850 προῠτεινεν
3261 4782 3572 4850 ὲγκάρδμον,
3618 4782 3710 4834 καὶ

2135 4864 2381 4929 πλείονος
2415 4867 2676 4940 δεομένην
2704 4871 3054 4940 ὲκμελετῶσα
3086 4872 3178 4927 τοῦ
3212 4875 3431 4944 χρόνου.
3472 4930 3475 4934 ,

2132 5014 2295 5082 nemo
2336 5008 2515 5082 tamen
2548 5004 2859 5082 suspicatus
2895 5014 2999 5082 est,
3040 5018 3157 5082 eam
3206 5007 3490 5082 nihilcihi
3544 5020 3710 5064 suin-

2135 5073 2327 5149 iusisse.
2376 5073 2546 5126 Porro
2595 5078 3013 5149 enniuliistoria:
3068 5078 3214 5133 illius
3264 5080 3519 5146 scriptor,
3551 5091 3712 5149 gente

2134 5141 2354 5221 Judmbs
2415 5151 2469 5195 et
2528 5146 2791 5221 apostolis
2849 5163 3061 5221 coaevus
3112 5141 3430 5221 cietiscalui‘,
3505 5141 3710 5205 τεῖ-ιίυδ

2134 5213 2403 5285 quispiam
2454 5214 2812 5285 existimabit,
2860 5219 2978 5285 cjds
3029 5220 3189 5270 verba
3239 5219 3304 5271 ad
3359 5226 3703 5273 communem

2134 5283 2424 5357 qtieiitdain
2457 5284 2669 5337 dicendi
2718 5283 2940 5357 inoduin
2974 5289 3276 5350 referenda,
3319 5289 3520 5357 quibus
3572 5292 3704 5342 nihil

2134 5351 2276 5428 aliud
2324 5354 2594 5428 allirmare
2648 5356 2898 5428 valuerit,
2943 5372 3108 5427 quam
3162 5358 3308 5427 quod
3334 5351 3413 5411 'in
3459 5359 3710 5428 allegatis

2129 5418 2292 5495 Luca;
2318 5423 2499 5495 verbis
2537 5418 2909 5495 intelligimus.

2154 5490 2315 5564 ,(li)
2354 5491 2617 5547 Narratur
2669 5490 2866 5564 nempe
2927 5498 2980 5550 in
3043 5513 3103 5551 ea
3153 5498 3400 5561 historia,
3452 5499 3703 5552 ancillam

2126 5558 2364 5615 dentium
2399 5577 2511 5615 suze
2559 5577 2697 5617 vana
2742 5558 2990 5634 qtitedam
3040 5572 3305 5625 obtulisse
3348 5558 3701 5632 ornamenta;

2125 5644 2244 5708 qua:
2275 5646 2400 5684 cum
2424 5636 2577 5708 Anna
2600 5640 2922 5703 respuisset,
2942 5638 3086 5691 illam
3123 5642 3402 5693 iracundia
3440 5639 3703 5706 percitam

2126 5705 2179 5774 i_n
2213 5705 2573 5757 c0ntunielias
2598 5708 2930 5774 prorupisse,
2965 5723 3027 5765 ac
3052 5712 3190 5764 inter
3229 5712 3333 5766 alia
3362 5708 3705 5765 sterilitatem

2125 5771 2359 5828 domin-.e
2395 5788 2507 5830 sua:
2537 5771 2917 5845 exprobrasse.
