4138 6216
510 307 615 374 551
1327 299 1616 362 ORATIO
1651 295 1733 357 ΙΝ
1769 288 2356 355 CONCEPTIONEM
2386 289 2491 349 SS.
2529 288 2907 349 DEIPARE.
3656 291 3760 352 558

586 423 695 480 Καὶ
722 420 867 477 διατί
905 418 981 491 μὴ
1006 418 1229 489 ταμεῖον
1260 416 1708 488 ἀπερικτυπητον
1736 412 1792 466 ἐν
1827 413 1939 474 τοῖς
1967 407 2085 462 κατ’
2117 416 2162 474 Α

2124 416 2162 473 Α
2262 404 2331 457 At
2365 394 2463 458 cur
2490 419 2594 457 nou
2627 404 2742 474 ipsa
2774 406 2937 458 domo
2979 403 3290 459 cubiculum
3329 403 3526 476 delegit
3553 423 3583 462 a
3622 419 3758 467 stre-

509 511 657 568 οίκον
711 507 1083 574 ἀπολαϐοῦσα,
1125 506 1183 559 ὲν
1224 505 1401 576 τούτῳ
1433 504 1500 557 τὰ
1547 503 1688 555 κατά
1726 500 1787 553 τὸ
1828 499 2081 570 κρύφιον,
2123 568 2128 573 ι

2126 568 2128 573 ,
2193 497 2307 566 pitu
2360 506 2651 561 remotum,
2709 495 2761 549 in
2794 511 2901 567 quo
2926 506 3135 551 secreta
3172 511 3272 551 sua
3316 505 3370 552 et
3418 513 3608 568 preces
3638 516 3760 556 cun-

511 606 603 660 καὶ
631 601 729 672 τὴν
768 599 1104 671 ὠδινομένην
1140 594 1449 669 προσευχὴν
1493 595 1737 649 ἀνέτεινε
1776 590 1927 663 Θεῷ;
1962 590 2085 642 ὐτι

2194 588 2495 659 gemitibus
2529 587 2636 642 Deo
2674 586 2935 643 oﬂ'erret?
2992 587 3132 655 Quia
3162 590 3264 644 hoc
3312 600 3470 661 pacto
3494 592 3763 649 desiderio

508 696 607 750 οὐκ
636 693 703 747 ἂν
734 690 879 746 οὕτω
901 690 962 744 τὸ
993 691 1101 744 πᾶν
1134 691 1273 761 αὐτῇ
1296 689 1392 759 τῆς
1417 685 1713 757 ἐπιθυμίας
1742 684 2047 753 ἀπήρτιστο
2067 694 2082 710 ⁸

2194 694 2295 737 suo
2349 696 2455 736 non
2522 681 2677 749 plene
2724 680 3117 748 satisfecisset;
3177 683 3345 737 multa
3385 686 3529 738 enim
3581 688 3765 744 animo

508 784 680 839 πολλά
714 785 813 855 μὲν
845 780 1044 854 ἐχούσῃ
1075 783 1144 834 τὰ
1174 781 1315 834 κατά
1354 779 1593 833 διάνοιαν
1630 778 1730 841 τῆς
1774 772 2085 846 προσευχῆς

2193 772 2441 826 volvebat
2470 787 2565 841 per
2587 772 2890 826 orationem
2915 771 3210 839 eil‘erendn,
3246 791 3422 845 nequc
3448 792 3542 848 per
3579 782 3767 836 turbas

506 876 840 946 ἐκφέρεσθαι
897 874 1182 947 μέλλοντα,
1234 873 1309 944 μὴ
1352 869 1781 943 συγχωρουμένῃ
1808 867 1865 921 δέ
1913 869 2087 922 ταῦτα

2195 865 2547 928 domesticas,
2587 872 2642 918 et
2673 872 3028 935 Cognatorum
3055 866 3462 922 adventantium
3491 872 3767 928 molestias

509 968 770 1039 καθαρῶς
828 965 1224 1038 παραγυμνοῦν
1265 963 1342 1033 τῷ
1378 962 1519 1032 Θεῷ,
1567 961 1656 1015 διά
1682 978 1741 1014 τε
1771 961 1898 1024 τοὺς
1947 960 2086 1015 οἴκοι

2196 956 2393 1013 licebat
2429 956 2527 1027 ipsi
2556 972 2617 1012 ea
2649 972 2784 1027 pure
2808 956 2919 1013 Deo
2946 957 3252 1029 adaperire.
3273 957 3472 1016 Eadem
3502 963 3568 1017 de
3595 980 3764 1020 causa

509 1061 775 1133 θορύϐους
811 1059 906 1112 καὶ
936 1060 1033 1122 τάς
1065 1058 1175 1112 τῶν
1217 1056 1675 1128 παραγινομένων
1725 1051 2089 1122 συμφυλετῶν

2196 1065 2370 1121 neque
2396 1051 2681 1119 templum,
2710 1050 2762 1104 in
2806 1065 2918 1121 quo
2976 1066 3073 1120 per
3100 1067 3285 1120 preces
3317 1049 3609 1109 Dominum
3637 1053 3770 1111 allo-

508 1154 843 1226 ἐνοχλήσεις.
883 1153 1100 1223 Ταύτης
1135 1150 1297 1205 ἕνεκα
1325 1150 1423 1221 τῆς
1458 1149 1660 1217 αἰτίας,
1685 1149 1805 1204 οὐδὲ
1835 1150 1925 1204 τὸν
1962 1148 2089 1202 ναὸν

2196 1148 2475 1210 queretur,
2505 1141 2659 1204 adiit,
2687 1138 2807 1195 licet
2845 1140 2999 1195 locus
3036 1140 3126 1194 ille
3154 1141 3411 1198 omnibus
3440 1144 3768 1200 contribuli-

510 1246 918 1308 καταλαϐοῦσα,
960 1247 1019 1298 ἐν
1071 1244 1248 1317 τούτῳ
1292 1243 1363 1297 τὰ
1402 1241 1501 1313 τῆς
1538 1243 1779 1315 δεήσεως
1824 1241 2088 1313 ἀναφέρει

2197 1233 2298 1287 bus
2323 1232 2438 1289 suis
2465 1233 2529 1286 ad
2552 1233 2814 1286 orandum
2848 1233 3161 1304 designatus
3194 1244 3361 1290 esset.
3397 1234 3502 1291 Sed
3531 1253 3596 1292 ne
3626 1238 3768 1294 istud

508 1336 589 1409 τῷ
606 1336 871 1409 κΔεσπότῃ
917 1337 1161 1407 ῥήματα,
1203 1335 1383 1389 καίτοι
1431 1337 1598 1389 πᾶσιν
1624 1330 1778 1399 οὗτος
1811 1335 1925 1398 τοῖς
1959 1334 2091 1406 ὁμο-

2197 1323 2415 1392 quidem
2448 1332 2833 1394 opportunam,
2865 1339 3026 1392 quam
3060 1327 3352 1394 quaarebat,
3381 1328 3615 1398 quietem
3653 1332 3772 1400 pol-

512 1430 704 1499 φύλοις
749 1430 829 1492 εἰς
873 1429 1186 1501 προσευχὴν
1236 1427 1520 1497 ἀφώριστο
1556 1427 1742 1489 τόπος.
1788 1424 1929 1478 Ἀλλ’
1968 1422 2090 1477 οὐδὲ

2196 1414 2485 1481 licebatur,
2517 1430 2640 1469 cum
2668 1415 2839 1469 multa
2874 1414 2928 1469 in
2957 1430 3021 1469 eo
3060 1427 3262 1484 essent,
3299 1419 3498 1488 quibus
3520 1420 3769 1491 impediri

511 1514 666 1585 οὗτος
696 1519 833 1590 αύτῇ
871 1519 963 1572 τὸν
994 1517 1424 1591 ἐπιζητούμενον
1457 1518 1556 1588 τῆς
1586 1516 1821 1589 ήσυχίας
1861 1515 2089 1587 παρεῖχε

2197 1528 2257 1568 se
2281 1527 2440 1583 posse
2471 1520 2754 1569 metueret.
2799 1514 2867 1570 Ut
2900 1515 3045 1570 enim
3075 1531 3261 1572 secum
3298 1518 3411 1587 ipsa
3462 1519 3769 1590 reputabat,

512 1613 726 1684 καιρὸν,
760 1612 931 1665 πολλὰ
961 1612 1137 1675 διδοὺς
1176 1611 1383 1682 ύφορᾷν
1412 1610 1482 1664 τά
1525 1609 1905 1663 διακόπτοντα.
1940 1607 2089 1660 Ἐνε-

2196 1604 2243 1660 si
2297 1601 2491 1669 Judazi,
2541 1606 2633 1675 qui
2699 1604 3007 1661 oblationes
3056 1605 3221 1662 simul
3276 1606 3599 1678 atlerebaut,
3646 1627 3770 1685 cum

510 1704 704 1758 νόειδέ
738 1702 861 1758 καθ’
883 1702 1105 1775 ἑαυτὴν,
1140 1702 1274 1755 ὡσεὶ
1314 1703 1408 1755 καὶ
1432 1700 1917 1773 καρποφοροῦντας
1953 1700 2090 1753 ἰδόν-

2198 1697 2370 1767 ipsam
2422 1712 2693 1767 suumque
2741 1697 3028 1770 conjugem
3089 1698 3234 1754 dona
3297 1698 3409 1757 Deo
3459 1700 3771 1773 aﬂ‘erc‘ites,

510 1810 601 1857 τες
634 1794 807 1863 αὑτήν
840 1808 900 1846 τε
954 1796 1048 1846 καὶ
1081 1791 1172 1845 τὸν
1217 1789 1488 1862 ὁμόζυγον
1532 1791 1798 1862 πρότερον
1825 1789 1902 1861 τῷ
1947 1788 2089 1860 Θεῷ.
2130 1782 2144 1834 Ι

2137 1782 2162 1834 Β
2197 1796 2508 1857 cunctoque
2563 1790 2763 1859 populo
2827 1788 3232 1847 benefacientes
3275 1792 3429 1862 prius
3483 1794 3771 1865 vidissent,

513 1887 607 1940 καὶ
633 1886 726 1941 τὸν
756 1885 876 1939 ὅλον
935 1885 1364 1953 εὐεργετοῦντας
1404 1883 1554 1949 λαὸν,
1587 1882 1766 1953 φθόνῳ
1814 1882 1893 1952 τῷ
1955 1880 2092 1953 πρὸς

2200 1888 2458 1949 concepta
2489 1880 2692 1935 invidia
2718 1896 2813 1937 eos
2858 1881 3122 1938 conviciis
3174 1883 3585 1953 lacessiverant,
3610 1898 3773 1960 atque

511 1977 710 2040 αὐτοὺς
741 1979 789 2032 οἱ
836 1973 1426 2049 συγκαρποςοροῦντες
1471 1974 1580 2028 τῶν
1626 1973 1895 2028 Ἰουδαίων
1946 1976 2094 2029 ἐπω-

2200 1984 2229 2024 a
2274 1971 2474 2041 templo
2533 1970 2806 2041 ejecerant
2840 1990 2856 2030 ι
2892 1973 3074 2044 qualia
3120 1990 3267 2029 nunc
3299 1974 3354 2030 in
3393 1990 3513 2032 eam
3546 1979 3770 2036 dicteria

512 2070 751 2123 νείδισάν
772 2087 831 2123 τε
873 2070 968 2124 καὶ
1004 2067 1432 2140 ἀπεπέμψαντοο
1473 2068 1597 2123 τίνα
1638 2068 1759 2121 κατ’
1792 2068 1965 2139 αὐτῆς
1993 2067 2095 2122 οὐκ

2198 2076 2307 2117 non
2334 2062 2669 2129 intulissent,
2702 2063 2747 2119 si
2779 2066 2952 2134 ipsam
2977 2065 3148 2121 solam
3172 2074 3227 2121 et
3258 2065 3597 2139 iutempestis
3623 2072 3773 2127 boris

512 2162 577 2218 ἂν
610 2163 959 2232 ἐπινοήσειαν
994 2158 1331 2231 σκώμματα,
1382 2158 1545 2230 μόνον
1596 2159 1763 2231 αὐτὴν
1810 2160 1906 2213 καὶ
1942 2158 2094 2231 παρά

2201 2154 2255 2207 in
2314 2151 2573 2208 diuturna
2636 2154 2886 2211 oratione
2954 2165 3274 2212 constanter
3326 2173 3770 2229 perseverantem

515 2252 704 2323 καιρὸν
726 2252 970 2323 ’δρῶντες
1002 2249 1494 2322 διακαρτεροῦσαν,
1523 2252 1581 2304 ἐν
1624 2251 1703 2322 τῷ
1725 2250 1826 2321 τῆς
1855 2269 2094 2323 προσευ-

2198 2243 2668 2313 conspexissent?
2713 2242 2860 2300 Nihil
2922 2259 3052 2301 sane
3100 2243 3386 2303 Judaicam
3438 2251 3776 2308 cohibuisset

514 2345 618 2416 χῆς
664 2343 949 2415 ἐπιμόνῳς
987 2342 1154 2397 Οὐδὲν
1204 2341 1263 2396 δὲ
1303 2342 1363 2396 τὸ
1398 2341 1605 2396 κωλύον
1649 2341 1749 2413 τὴν
1796 2341 2096 2413 Ἰουδαϊκὴν

2200 2332 2492 2396 insaniam,
2526 2351 2591 2389 ne
2626 2334 2771 2389 illam
2795 2336 2849 2390 in
2877 2350 2944 2391 eo
2975 2336 3369 2407 deprehensam
3401 2350 3495 2396 aut
3524 2346 3776 2400 amentiae

517 2433 907 2505 παραπληξίαν
954 2432 1192 2504 ὑπῆρχε,
1233 2432 1432 2503 μανίαν
1472 2433 1593 2487 τινὰ
1640 2433 1672 2503 ἢ
1729 2432 1919 2503 μέθην,
1953 2428 2095 2487 οὕτω

2200 2434 2295 2479 aut
2323 2424 2600 2482 ebrietatis
2632 2426 3033 2484 insimularent.
3082 2428 3174 2487 Slc
3197 2431 3341 2488 cnim
3387 2433 3519 2490 olim
3562 2436 3775 2494 beatam

517 2525 890 2596 διακειμένης,
944 2525 1083 2595 αὐτῇ
1125 2523 1636 2594 καταψηφίσασθαι.
1679 2522 1836 2577 Οὕτω
1875 2522 1984 2597 γὰρ
2026 2526 2092 2595 τῇ

2202 2515 2389 2583 illam,
2454 2524 2616 2587 atque
2676 2518 2838 2588 hujus
2902 2522 3307 2593 ceguominem,
3361 2524 3572 2583 Annam
3620 2532 3635 2563 ⁸
3696 2531 3778 2585 iu-

523 2615 771 2687 μακαρίᾳ
820 2617 915 2669 καὶ
945 2615 1237 2686 προφήτιδι
1284 2617 1350 2686 τῇ
1392 2614 1671 2686 ὁμωνύμῳ
1703 2613 1905 2684 ταύτης
1952 2615 2095 2686 φημὶ

2202 2622 2391 2679 quam,
2422 2607 2458 2662 ii
2489 2609 2580 2679 qui
2638 2624 2748 2679 pra:
2779 2610 2904 2667 aliis
2925 2612 3258 2670 videbantur
3304 2619 3686 2689 modestiores,
3721 2636 3779 2679 ut

518 2706 785 2778 πρότερον
816 2706 1007 2780 Ἀννῃ,
1033 2707 1082 2759 οἰ
1107 2705 1216 2759 τῶν
1243 2704 1420 2759 ἄλλων
1452 2707 1850 2776 ἐπιεικέστεροι
1878 2706 2097 2761 δοκοῦν·

2202 2697 2327 2770 ρὸιο
2375 2700 2468 2769 qui
2526 2699 2887 2772 fungerentur
2923 2705 3255 2774 sacerdotio,
3300 2711 3539 2780 graviter
3579 2713 3775 2770 invecti

516 2814 608 2863 τες
641 2793 803 2862 εἶναι,
850 2798 938 2852 διὰ
971 2800 1031 2852 το
1063 2797 1167 2869 τῆς
1213 2799 1516 2870 ίερωσύνης
1547 2797 1889 2869 ἀντέχεσθαι,
1936 2798 2096 2870 χαλε-

2202 2793 2442 2850 dicteriis
2471 2796 2841 2865 exagitarunt,
2865 2797 2986 2869 ejus
3016 2798 3085 2854 ad
3128 2798 3298 2855 Deum
3326 2803 3775 2874 supplicationem

520 2886 639 2954 πῶς
688 2888 1003 2960 ἐπιθέμενοι
1060 2889 1511 2962 προσωνείδιζον,
1567 2890 1741 2961 μέθην
1787 2890 1956 2961 αὐτῆς
1996 2890 2097 2961 τὴν

2203 2884 2516 2941 ebrietatem
2549 2900 2645 2956 per
2674 2902 2946 2943 summum
2981 2890 3241 2959 probrum
3273 2894 3630 2964 appellantes.
3660 2898 3780 2968 ipsa

519 2985 659 3053 πρὸς
694 2982 827 3035 Θεὸν
870 2981 1326 3054 διαλοιδοροῦντες
1374 2982 1633 3047 ἔντευξιν.
1668 2980 1818 3053 Αὐτὴ
1860 2982 1959 3053 μὲν
1986 2982 2096 3053 γὰρ

2204 2993 2336 3034 sane
2365 2980 2577 3034 ardenti
2611 2980 2828 3046 allecto,
2864 2997 2929 3038 ac
2961 2990 3144 3039 mente
3175 2985 3359 3041 sobria
3393 2985 3658 3045 ferventia
3689 2991 3778 3045 illa

523 3075 588 3127 ἐκ
628 3072 893 3144 διαπύρου
938 3075 1032 3127 καὶ
1082 3076 1344 3142 νήφοντος
1400 3073 1685 3143 λογισμοῦ,
1719 3072 1817 3145 τὴν
1866 3072 2096 3140 ζέουσαν

2205 3080 2332 3126 vota
2361 3070 2682 3141 promebat;
2740 3073 2779 3128 ii
2835 3089 2963 3131 vero
3004 3075 3355 3135 sobrietatem
3390 3095 3489 3150 pro
3514 3081 3780 3137 ebrietate

521 3164 740 3234 ἐκείνην
769 3164 1089 3235 ἀνέπεμπεν
1125 3166 1360 3229 ἱκεσίαν,
1390 3166 1440 3217 οί
1472 3164 1530 3217 δὲ
1565 3162 1740 3236 μέθην
1782 3164 1882 3237 τὴν
1914 3165 2096 3235 νῆψιν,
2126 3157 2155 3216 (ἶ

2147 3157 2169 3216 3
2202 3165 2560 3235 divinumque
2612 3183 2924 3224 sermonem
2954 3185 3058 3241 pro
3105 3173 3289 3242 inepta
3323 3173 3654 3243 loquacitate
3681 3176 3781 3230 ha-

522 3257 617 3310 καί⁹
672 3256 1028 3327 βαττολογίαν
1085 3256 1185 3329 τὴν
1231 3256 1535 3325 θεολογίαν,
1598 3256 1877 3311 ὑπενόουν.
1924 3252 1990 3308 Ἦ
2044 3255 2101 3309 δὲ

2203 3257 2461 3312 buerunt.
2489 3259 2559 3312 At
2586 3275 2727 3314 nova
2780 3260 2917 3327 haec,
2953 3263 3309 3333 omniumque
3360 3266 3779 3334 prudentissima

523 3349 617 3400 νέα
664 3351 761 3402 καὶ
810 3347 1157 3418 συνετωτάτη
1200 3349 1441 3414 πάντων,
1485 3349 1760 3402 δεδοικυῖα
1795 3350 1867 3419 μή
1907 3366 1960 3401 τι
1994 3348 2103 3401 τῶν

2204 3348 2383 3411 Anna,
2420 3346 2589 3401 verita
2626 3364 2693 3403 ne
2717 3347 2848 3417 quid
2870 3348 3182 3420 hujusmodi
3204 3352 3448 3422 perferre
3473 3364 3781 3424 cogeretur,

521 3440 784 3493 τοιούτων
840 3438 1038 3505 πάθοι,
1094 3438 1196 3507 τὴν
1246 3440 1438 3508 ἐκτενῆ
1497 3439 1847 3507 προσάγουσα
1883 3438 2099 3509 δέησιν,

2205 3435 2333 3489 dum
2353 3434 2618 3505 prolixam
2638 3435 2938 3494 eﬂ'underet
2969 3441 3297 3508 orationem,
3323 3444 3781 3513 quemadmodum

524 3529 713 3602 ὥσπερ
744 3529 844 3599 τῆς
875 3530 1077 3592 οἰκίας,
1104 3529 1249 3582 οὕτω
1279 3528 1376 3581 καὶ
1403 3527 1498 3581 τοῦ
1525 3527 1656 3581 ναοῦ
1681 3528 1989 3593 ἐξίσταται·
2014 3529 2105 3582 τὸν

2204 3541 2236 3582 e
2266 3527 2584 3583 domesticis
2617 3529 2937 3599 parietibus,
2970 3532 3042 3587 ita
3076 3549 3107 3587 a
3135 3534 3335 3603 templo
3358 3549 3578 3606 quoque
3618 3538 3786 3594 absti-

525 3619 938 3690 ἐρημικώτερον
971 3619 1048 3686 δὲ,
1069 3618 1159 3672 διὰ
1182 3619 1244 3672 τὺ
1271 3619 1478 3691 ἡρεμον
1498 3618 1593 3673 τοῦ
1625 3620 1974 3692 παραδείσου,
2006 3637 2105 3674 κα-

2208 3631 2320 3687 net,
2354 3629 2519 3691 atque
2552 3632 2611 3676 ut
2632 3623 2869 3692 quietem
2902 3624 3189 3695 reperiret,
3212 3625 3448 3682 maxime
3474 3628 3782 3685 solitarium

526 3707 862 3778 ταλαμσάνει
893 3708 1092 3781 χῶρον,
1127 3712 1186 3762 ἐν
1210 3704 1253 3778 ᾧ
1286 3710 1466 3779 σοφῶς
1497 3714 1857 3781 περιεσκόπει
1884 3714 1943 3765 τὸ
1968 3712 2101 3765 εἰλι-

2205 3711 2260 3766 in
2283 3712 2442 3768 horto
2461 3727 2562 3768 suo
2578 3713 2759 3768 locum
2780 3713 2980 3785 seligit,
3000 3713 3054 3769 in
3073 3731 3205 3786 quo,
3224 3727 3384 3787 prout
3402 3719 3642 3788 optabat,
3666 3720 3787 3777 sine

528 3801 714 3870 κρινὲς
773 3801 912 3871 αὐτῇ
977 3802 1077 3872 τῆς
1142 3801 1592 3875 ἐπιθυμουμένης
1667 3802 2103 3875 συντηρήσεσθαι

2207 3803 2598 3875 impedimento
2623 3805 2948 3861 obsecrandi
2982 3806 3292 3864 facultatem
3314 3809 3418 3865 sibi
3441 3808 3556 3866 fore
3572 3813 3789 3883 sapien-

528 3891 862 3962 προσευχῆς.
895 3890 1047 3961 Τάχα
1067 3891 1145 3956 δὲ,
1174 3892 1236 3945 οὐ
1266 3891 1356 3944 διὰ
1396 3891 1576 3956 τοῦτο,
1611 3892 1699 3946 διὰ
1724 3892 1780 3946 δὲ
1810 3893 1907 3962 τὴν
1938 3892 2105 3956 ὅντως

2208 3907 2295 3953 ter
2328 3898 2711 3970 perspiciebat.
2747 3895 3024 3954 Fortassis
3059 3904 3239 3954 autem
3287 3916 3395 3955 non
3433 3913 3654 3973 propter
3683 3903 3788 3958 hoc

528 3984 939 4055 φανερουμένην
967 3984 1248 4054 ἀλήθειαν,
1271 3986 1369 4056 τήν
1392 3986 1521 4056 περὶ
1550 3984 1719 4055 αὐτῆς
1746 3983 1844 4057 ήδη
1870 3994 2106 4054 προανα-

2206 3996 2443 4054 tantum,
2467 3989 2560 4043 sed
2581 3990 2747 4042 etiam
2776 3997 2997 4058 propter
3027 3989 3310 4043 veritatem
3348 3989 3452 4043 sibi
3482 3990 3642 4059 plane
3664 4006 3789 4061 per-

529 4078 702 4145 φωνεί
723 4076 812 4130 διά
842 4074 1184 4146 πραγμάτων
1216 4073 1444 4129 ἑκϐασιν
1465 4091 1479 4105 υ
1508 4076 1818 4145 προμηνύει
1859 4074 2040 4128 τοίνυν
2072 4076 2108 4146 ή

2211 4090 2473 4148 spectam,
2493 4079 2623 4148 quid
2636 4078 2738 4133 sibi
2757 4079 2989 4133 obventu
3000 4094 3117 4133 rum
3132 4084 3297 4144 esset,
3322 4078 3481 4134 factis
3498 4080 3629 4149 ipsis
3649 4097 3788 4152 prte-

528 4169 625 4239 τῆς
650 4168 875 4238 χάριτος
914 4168 1206 4239 ἐπώνυμος
1234 4169 1427 4233 Ἀννα,
1452 4167 1541 4221 διὰ
1568 4167 1666 4237 τῆς
1688 4165 1833 4219 οὕτω
1866 4183 2110 4236 προσφει·

2212 4167 2634 4223 monstratJam
2655 4183 2785 4238 ergo
2801 4170 2978 4229 Anna,
2998 4169 3303 4237 agnominis
3323 4170 3531 4239 gratiae,
3553 4187 3644 4240 per
3666 4187 3784 4227 eam

532 4262 771 4332 ρομένης
797 4260 918 4331 Θεῷ
944 4260 1206 4331 δεήσεως,
1231 4262 1328 4314 καὶ
1351 4261 1577 4332 λογικῆς
1606 4261 2009 4333 καρποψορίας,
2034 4261 2111 4324 ὡς

2213 4258 2665 4329 supplicationem
2700 4257 2807 4313 Deo
2844 4259 2948 4313 hac
2981 4260 3193 4315 ratione
3218 4260 3459 4317 oblatam
3481 4276 3683 4335 perque
3703 4279 3790 4320 ra—

530 4352 706 4424 ἆρχὴν
743 4352 844 4424 ήδη
875 4352 1142 4419 λαμϐάνει
1169 4352 1231 4405 τὸ
1270 4353 1344 4423 μὴ
1373 4353 1523 4423 τόπῳ
1548 4352 1955 4423 περικλείεσθαι
1984 4352 2112 4415 τοὺς

2214 4351 2478 4407 tionabile
2508 4349 2640 4405 illud
2678 4350 3032 4415 sacrificium,
3057 4352 3110 4405 in
3145 4362 3492 4409 antecessum
3531 4358 3787 4422 ostendit,

530 4443 853 4515 ἀνθρώπους
887 4445 1151 4513 νομίζειν,
1180 4444 1279 4509 τὰς
1306 4444 1456 4508 θείας
1483 4445 1654 4509 ἀκοάς
1680 4462 1698 4479 ο
1729 4444 1845 4500 ἀλλ’
1868 4446 1944 4509 ὡς
1974 4460 2111 4498 παν-
2145 4494 2164 4516 ,

2156 4494 2186 4516 λ
2216 4442 2572 4513 coepissejam
2601 4452 2837 4512 tempus,
2867 4456 2980 4511 quo
3011 4443 3258 4498 homines
3292 4460 3397 4499 non
3419 4445 3654 4516 amplius
3671 4446 3790 4502 exi-

533 4538 702 4608 ταχοῦ
746 4540 1016 4610 παρόντος
1041 4538 1138 4592 τοῦ
1169 4537 1332 4603 Θεοῦ,
1375 4537 1472 4590 καὶ
1498 4537 1837 4608 πληροῦντος
1868 4540 1936 4593 τά
1967 4537 2108 4609 σύμ·
2144 4530 2167 4550 ⁸

2156 4530 2187 4550 ¹¹
2214 4533 2436 4590 stiment
2461 4532 2675 4587 divinas
2697 4546 2856 4587 aures
2870 4531 2973 4586 loci
3003 4530 3303 4602 cuiuspiam
3333 4536 3537 4589 ambitu
3553 4536 3790 4590 circum-

535 4642 752 4693 παντα,
812 4629 911 4691 τὰς
962 4629 1274 4699 προσευχὰς
1323 4627 1654 4699 ἀναφέρειν,
1709 4628 1966 4682 κάκεῖθεν
2013 4629 2113 4692 τὰς

2213 4626 2379 4693 cludi,
2406 4626 2502 4681 sed
2538 4640 2723 4680 coram
2759 4624 2867 4681 Deo
2890 4625 3088 4695 ubique
3118 4634 3403 4696 praesente,
3424 4627 3790 4697 universaque

536 4717 917 4789 ἐκπληρώσεις
965 4719 1287 4791 κομίζεσθαι
1341 4719 1453 4773 τῶν
1507 4719 1799 4791 αἰτήσεων.
1841 4717 2013 4774 Τοῦτο
2056 4719 2114 4773 δὲ

2213 4718 2697 4787 implente,preces
2722 4731 2843 4772 esse
2871 4715 3172 4773 fundendas
3202 4728 3367 4787 atque
3397 4717 3525 4773 inde
3551 4719 3790 4790 postula-

537 4812 633 4865 καὶ
678 4811 936 4883 Ἰωακεὶμ
982 4811 1376 4885 προσημαίνων
1411 4814 1439 4867 6
1463 4812 1692 4877 δίκαιος,
1728 4812 1822 4866 τοῦ
1850 4812 1981 4866 ναοῦ
2016 4812 2115 4883 μὲν

2216 4810 2394 4865 tiones
2446 4810 2597 4864 exitu
2654 4824 2763 4863 non
2810 4808 3075 4864 fraudari.
3137 4810 3193 4865 ld
3250 4822 3380 4864 vero
3416 4810 3583 4865 etiam
3608 4810 3793 4881 justus

537 4903 831 4974 ὑποχωρεῖ,
866 4906 925 4957 ἐν
968 4904 1045 4976 τῷ
1078 4905 1195 4976 ὄρει
1224 4905 1303 4969 δὲ,
1336 4905 1436 4976 τὴν
1467 4904 1864 4975 εὐπρόσδεκτον
1901 4905 2118 4975 ἐκείνην

2217 4900 2544 4957 Joacbimus
2580 4902 3041 4969 praemonstravit,
3077 4902 3207 4956 dum
3256 4906 3309 4957 et
3340 4916 3370 4957 a
3394 4902 3594 4972 templo
3626 4901 3795 4958 absti-

536 4998 634 5050 καὶ
666 4996 977 5066 θαυμασίαν
1003 4996 1270 5068 ἀναφέρει
1296 4997 1480 5068 δέησιν
1505 5015 1518 5028 ·
1553 4996 1729 5068 δηλῶν
1758 4994 2008 5050 ἐντεῦθεν
2035 4995 2113 5060 ὡς

2219 4998 2362 5057 nuit,
2395 5004 2450 5051 et
2509 4994 2895 5066 acceptabiiem
2933 4993 3078 5049 illam
3120 5004 3282 5063 atque
3319 4992 3696 5049 admirandam
3735 4994 3790 5049 in

535 5089 635 5159 τῆς
667 5091 796 5153 νέας
840 5091 1061 5161 χάριτος
1099 5089 1571 5162 παραγενομένης,
1619 5089 1824 5161 ἔρημος
1860 5088 1961 5159 μὲν
2002 5088 2112 5142 τῶν

2225 5095 2409 5141 monte
2454 5084 2759 5141 orationem
2808 5086 3089 5156 persolvit,
3125 5097 3222 5154 per
3272 5083 3325 5139 id
3347 5085 3524 5155 palam
3564 5085 3790 5148 faciens,

535 5180 786 5235 τυπικῶν
842 5182 1212 5236 ἐπισκιάσεων
1259 5184 1289 5235 ὁ
1318 5183 1445 5246 ναὸς
1491 5181 2007 5253 καταλειφθήσεται,
2053 5182 2112 5237 ἐν

2220 5192 2366 5232 nova
2406 5177 2580 5248 gratia
2613 5175 2956 5241 adveuiente,
2997 5175 3302 5231 solitarium
3335 5176 3555 5245 quidem
3584 5175 3792 5248 typica-

542 5271 710 5325 ἅπασι
735 5272 792 5324 δὲ
818 5273 930 5335 τοῖς
955 5268 1078 5326 οὖσι
1097 5274 1195 5344 τῆς
1220 5272 1574 5345 ἐπιλάμψεως
1598 5272 1770 5345 αὐτῆς
1794 5274 1847 5327 ai
1875 5274 2114 5340 ἀκτῖνες,

2216 5283 2342 5328 rum
2374 5270 2856 5327 adumbrationum
2886 5270 3146 5342 templum
3198 5269 3615 5341 relinquendum
3647 5282 3793 5334 esse,

537 5360 983 5433 διαταθήσονται.

2219 5364 2394 5435 ipsius
2414 5378 2546 5420 vero
2564 5362 2703 5419 lucis
2727 5360 2910 5420 radios
2930 5361 2998 5418 ad
3020 5376 3233 5430 omnes,
3252 5360 3568 5434 quicunque
3589 5367 3794 5424 essent,

2220 5456 2610 5513 diﬂ‘undendos
2642 5454 2781 5513 fore.

610 5539 674 5596 Γ.
720 5541 881 5597 Ἀλλά
908 5544 1030 5597 τίνα
1059 5545 1130 5600 τὰ
1156 5546 1256 5617 τῆς
1287 5545 1453 5619 εὐχῆς
1483 5548 1541 5601 ἐν
1569 5547 1648 5619 τῷ
1679 5546 1996 5619 παραδείσῳ
2021 5545 2120 5617 τῆς

2291 5547 2361 5605 Χ.
2396 5550 2464 5605 At
2495 5565 2627 5607 vero
2686 5566 2934 5622 quaenam
2982 5551 3157 5609 oratio
3207 5549 3332 5616 fuit,
3356 5566 3517 5625 quam
3544 5550 3698 5609 Anna
3743 5546 3797 5602 in

615 5721 631 5757 ³
662 5720 839 5798 ἰίἶεε.
872 5741 910 5789 ι,
943 5726 1003 5781 15
1038 5740 1195 5798 seqq.
