4138 6216
360 272 460 335 539

1641 266 1899 330 JACOBI
1941 262 2283 325 MONACIII

3507 264 3613 329 560

365 386 521 437 horto
554 380 761 445 effudit,
789 394 1037 451 quaenam
1072 377 1343 449 precantis
1378 378 1588 433 verba?
1619 377 1751 432 Nam
1776 378 1935 448 juve-

2044 374 2242 442 Ἀννης
2274 372 2529 444 ῥήματας
2578 371 2756 425 Καλὸν
2798 372 2906 443 γὰρ
2933 374 3105 427 ταῦτα
3138 372 3216 445 τῷ
3254 373 3398 444 λόγῳ
3433 393 3615 446 παρα-

365 479 434 530 tit
475 476 586 530 iure
645 488 860 543 quoque
900 485 1151 527 sermone
1213 483 1492 535 enarrare,
1521 470 1933 540 jncundam’que

362 584 551 623 eorum
584 566 874 620 novitatem
911 561 1288 631 contemplari.
1316 562 1463 617 Nova
1494 563 1637 616 enim
1663 572 1717 616 et
1757 563 1933 616 adrni-

364 659 531 713 randa
558 657 803 727 quaedam
837 670 937 710 vox
985 668 1016 708 e
1065 655 1229 707 corde
1269 654 1507 709 contrito
1537 669 1803 708 resonans
1832 668 1931 707 au—

363 749 629 803 diebatur.
687 746 749 799 Et
797 761 928 800 sane
969 761 1031 798 ex
1065 745 1256 799 ordine
1296 745 1749 814 supplicationem
1777 758 1931 798 suam

365 856 611 909 promere
653 839 798 907 justa
833 838 923 891 illa
954 837 1243 907 incipiens,
1270 851 1422 890 more
1455 835 1695 905 jacentis
1725 836 1780 889 in
1806 835 1933 891 imis

366 932 617 997 miseriis,
654 946 777 985 cum
810 931 968 984 beata
995 930 1083 983 illa
1109 929 1412 982 humilitate
1441 931 1784 998 precesfsuas
1801 943 1935 982 con-

362 1024 559 1095 junxit.
585 1023 877 1092 Propterea
915 1037 981 1076 ne
1031 1022 1260 1091 gentiles
1301 1020 1520 1090 quidem
1552 1036 1686 1076 suas
1721 1030 1774 1075 ct
1800 1037 1933 1076 con-

366 1117 591 1171 tribules
653 1117 704 1168 in
760 1116 1223 1184 comparationem
1295 1114 1537 1177 adducit,
1582 1129 1694 1184 quo
1742 1130 1934 1185 nempe

367 1208 762 1263 benedictionis
796 1216 850 1260 et
880 1216 1067 1276 grattte
1114 1206 1223 1260 illis
1259 1206 1549 1274 impertitm
1573 1215 1844 1260 exsortem
1877 1221 1935 1261 se

364 1313 505 1365 esse,
535 1309 717 1369 utpote
765 1298 1061 1369 indignam,
1118 1296 1456 1365 profiteatur.
1534 1295 1636 1348 Sed
1680 1310 1709 1348 a
1741 1295 1934 1349 condi-

367 1394 511 1447 tione
542 1393 783 1462 ipsorum
811 1406 1028 1462 quoque
1056 1389 1512 1443 irrationabilium
1544 1388 1855 1457 brutorum,
1882 1395 1936 1441 et

365 1490 735 1533 creaturarum
781 1493 942 1532 sensu
984 1476 1303 1539 carentium,
1331 1476 1474 1544 quod
1501 1475 1719 1543 quidem
1763 1476 1828 1528 ad
1860 1472 1936 1528 fe-

366 1570 662 1626 cunditatis
690 1570 1117 1625 benedictionem
1140 1567 1353 1632 attinet,
1375 1583 1430 1620 se
1459 1581 1682 1635 prorsus
1702 1567 1933 1621 alienam

366 1678 483 1718 esse
511 1678 619 1716 non
640 1663 850 1716 reticet.
888 1661 1121 1716 Proinde
1162 1660 1215 1714 in
1258 1659 1503 1715 solitaria
1532 1659 1621 1712 illa
1656 1659 1931 1726 oratione,

370 1754 647 1808 volucrum
676 1761 730 1807 et
756 1752 1187 1822 quadrupedum,
1222 1760 1275 1805 et
1312 1749 1577 1813 ferarum,
1618 1758 1731 1803 tum
1777 1760 1933 1806 terra:
1967 1736 2008 1790 Β

370 1860 430 1899 ac
456 1860 642 1898 eorum
678 1859 798 1914 (ιυῖΕ
847 1845 898 1897 ill
932 1853 1070 1897 terra
1119 1850 1477 1908 enascuntur,
1519 1850 1631 1896 illi"
1667 1858 1933 1912 aquarum

368 1949 427 1987 ac
449 1934 785 1999 animalium,
818 1948 937 2003 qua:
965 1932 1017 1986 in
1041 1932 1125 1987 his
1147 1931 1391 2001 gignunt,
1414 1932 1736 1986 mentionem
1772 1932 1935 1986 indu-

367 2025 461 2089 cit,
498 2035 557 2079 ut
592 2025 716 2078 inde
770 2041 930 2095 quam
998 2023 1195 2079 misera
1230 2025 1342 2093 ipsa
1390 2023 1480 2088 sit,
1525 2026 1816 2078 ostendat:
1853 2026 1936 2081 bis

366 2118 509 2173 enim
543 2118 825 2173 alTectibus
866 2128 914 2173 et
954 2118 1209 2188 precibus
1236 2119 1744 2174 misericordissima
1767 2120 1932 2177 Crea-

369 2210 502 2266 toris
583 2210 923 2280 providentia
982 2224 1227 2265 annuere
1308 2211 1578 2281 postulata
1629 2214 1932 2269 consuevit.

366 2304 616 2370 Proinde,
663 2303 838 2373 inquit
892 2302 1313 2373 prudentissima
1366 2303 1477 2369 illa,
1505 2304 1781 2369 omnibus,
1814 2320 1936 2374 quae

369 2394 618 2467 gignendi
677 2394 934 2449 facultate
990 2395 1218 2465 pollent,
1276 2410 1377 2465 ego
1422 2395 1661 2450 deterior
1703 2397 1929 2453 exsisto.

368 2486 489 2542 llaec
538 2486 682 2542 enim
740 2485 996 2540 mandato
1053 2493 1180 2549 tuo,
1231 2485 1493 2549 Domine,
1548 2486 1934 2555 subserviunt,

365 2591 418 2634 et
481 2579 876 2635 benedictionis
940 2593 1005 2634 ac
1061 2578 1246 2648 gratia:
1303 2586 1410 2633 tua:
1459 2587 1663 2648 partem
1708 2578 1936 2636 feliciter

366 2672 688 2741 percipiunt.
752 2669 865 2739 Ego
893 2684 1021 2724 vero
1076 2678 1333 2739 tanquam
1383 2669 1629 2740 indigna,
1663 2669 1936 2728 felicitatis

362 2776 554 2815 exsors
583 2758 803 2813 feminei
837 2774 1021 2821 sexus,
1059 2758 1313 2829 gignendi
1360 2757 1633 2814 facultatis
1664 2760 1937 2816 multifor-

364 2852 539 2907 mibus
572 2850 942 2907 animantibus
964 2851 1295 2914 communis,
1317 2865 1511 2918 expers
1535 2851 1932 2920 deprehendor.

366 2941 487 2996 "me
517 2957 647 2997 sane
695 2940 940 2995 eamdem
976 2940 1289 2994 felicitatem
1316 2939 1656 3009 gloriamque
1710 2940 1935 3009 partici-

2034 462 2249 529 γαγεῖν,
2303 459 2397 512 καὶ
2444 459 2506 511 τὸ
2536 462 2901 531 καινοπρεπὲς
2946 461 3127 514 αὐτῶν
3179 463 3455 516 κατιδεῖν·
3510 467 3619 518 ἀπὸ

2034 553 2142 620 γὰρ
2188 551 2658 621 συντετριμμένης
2688 550 2887 622 ψυχῆς,
2919 554 3079 623 καινή
3124 570 3208 616 τις
3242 556 3337 608 καὶ
3380 559 3619 627 παράδο-

2036 643 2157 710 ξος,
2204 644 2541 713 ὲνηχουμένη
2593 643 2887 713 ὲξηκούετο
2939 645 3130 715 φωνή·
3166 647 3462 721 ἀκολουθίᾳ
3507 652 3619 722 γὰρ

2034 735 2423 806 καταρξαμένη
2445 736 2545 806 τὴν
2578 737 2787 789 ἱκεσίαν
2819 737 3170 809 ἁναφέρεινή
3204 739 3411 806 δικαία,
3443 742 3619 796 ἐλεει-

2034 826 2280 891 νολογίας
2312 827 2370 879 ὲν
2399 827 2574 891 τάξει,
2615 826 2716 896 τὴν
2752 829 3031 899 μακαρίαν
3063 831 3286 901 ἐκείνην
3333 834 3618 904 ἐπεισάγει

2038 917 2114 987 τῷ
2143 917 2287 989 λόγῳ
2316 918 2669 973 ταπείνωσιν.
2700 920 2791 972 Διὸ
2830 920 2928 991 οὐχ
2964 921 3254 990 ὁμογενέσι
3288 925 3382 978 καὶ
3410 927 3611 996 ὁμοφύι

2034 1010 2146 1074 λοις
2190 1009 2390 1080 ἑαυτὴν
2421 1011 2912 1082 ἀντιπαρατιθεῖσα
2944 1014 3045 1083 τῆς
3093 1015 3320 1069 ἐκείνων
3364 1017 3620 1086 εὐλογίας

2035 1102 2132 1156 καὶ
2184 1101 2409 1173 χάριτος
2461 1103 2887 1173 ἀποστερεῖσθαι
2937 1105 3006 1158 δι’
3039 1105 3371 1177 ἀναξιότητα
3429 1108 3617 1177 λέγει·

2035 1193 2169 1249 ἀλλά
2199 1195 2296 1247 καλ⁸
2342 1194 2522 1251 αὐτῶν
2565 1194 2675 1248 τῶν
2716 1196 2929 1264 ἀλόγων
2969 1197 3125 1262 ζώων
3155 1201 3250 1253 καὶ
3282 1202 3381 1269 τῆς
3408 1201 3618 1272 ἀψύχου

2036 1286 2290 1350 κτίσεως,
2331 1286 2429 1357 τῆς
2458 1289 2600 1340 κατά
2648 1286 2746 1358 τὴν
2780 1289 3031 1356 εὐλογίαν
3077 1290 3411 1361 ὁμοιώσεως,
3466 1296 3623 1347 ἀλλο-

2034 1376 2321 1447 τριοῦσθαι
2379 1376 2555 1448 πάντη
2603 1380 3030 1449 ,καθυποφαίνειη
3081 1381 3181 1435 Διά
3238 1382 3394 1437 τοῦτο
3441 1386 3500 1438 ἐν
3551 1389 3617 1457 τῇ

2040 1467 2423 1540 μονωδουμένῃ
2474 1472 2777 1541 προσευχῇ,
2825 1472 3089 1524 πετεινῶν
3124 1472 3222 1525 καὶ
3267 1477 3618 1545 τετραπόδων

2036 1563 2241 1636 θηρίων
2270 1582 2328 1617 τε
2360 1566 2455 1619 καὶ
2504 1566 2631 1635 γῆς,
2666 1566 2761 1619 καὶ
2812 1567 2924 1619 τῶν
2955 1567 3014 1620 ὲν
3063 1570 3131 1638 τῇ
3180 1571 3249 1639 γῇ
3307 1570 3616 1640 φυομένων,

2036 1657 2247 1711 ὑδάτων
2290 1675 2351 1711 τε
2394 1660 2490 1712 καὶ
2536 1659 2646 1712 τῶν
2690 1659 2749 1712 ὲν
2803 1658 2985 1723 αὐτοῖς
3037 1660 3427 1728 ὲγγονιζόντων
3461 1660 3620 1726 ζώων

2037 1749 2363 1819 παρεισάγει
2398 1750 2640 1821 μνήμην,
2667 1749 2741 1812 ὡς
2771 1749 2837 1802 ἂν
2868 1748 2930 1801 τὸ
2953 1749 3175 1820 ἀχρεῖον
3219 1752 3419 1822 ἑαυτῆς
3447 1753 3616 1807 καθυ-

2039 1835 2293 1910 ποδείξῃ·
2326 1835 2536 1901 τούτοις
2584 1838 2697 1908 γὰρ
2747 1837 2844 1891 καὶ
2877 1838 3035 1909 ήθεσι
3086 1840 3181 1892 καὶ
3231 1840 3412 1909 λόγοις
3450 1844 3485 1913 ἡ
3519 1843 3616 1896 τοῦ

2038 1928 2384 2001 Δημιουργοῠ
2416 1928 2930 2000 πολυεύσπλαγχνος
2958 1930 3231 1985 ἐπινεύειν
3274 1932 3487 2004 πέφυκε
3520 1952 3621 2007 κη-

2036 2021 2279 2091 δεμονία.
2304 2021 2402 2074 Διὰ
2425 2019 2584 2074 τοῦτο
2605 2022 2825 2075 πάντων
2845 2022 2946 2092 μὲν
2971 2024 3248 2096 γεννητῶν
3272 2026 3619 2096 ἀχρειοτὲρα,

2038 2113 2204 2182 φησὶν
2230 2113 2263 2183 ἡ
2300 2110 2553 2182 σώφρων,
2579 2113 2688 2180 ἐγώ
2713 2129 2726 2141 ·
2761 2112 2935 2166 ταῦτα
2956 2115 3065 2185 γὰρ
3090 2115 3168 2186 τῷ
3203 2115 3282 2185 σῷ
3309 2118 3621 2189 καθυπουρο

2037 2203 2235 2271 γοῦντα
2290 2203 2701 2271 προστάγματι,
2735 2201 3004 2270 Δέσποτα,
3043 2205 3139 2257 καὶ
3189 2205 3287 2276 τῆς
3320 2207 3420 2275 σῆς
3463 2207 3614 2260 εὐλο-

2037 2294 2163 2363 γίας
2193 2291 2512 2363 εὐμοιροῢσι
2542 2295 2636 2347 καὶ
2665 2291 2910 2365 χάριτος.
2932 2295 3081 2367 Αὐτὴ
3106 2296 3162 2350 δὲ
3190 2297 3268 2360 ὡς
3298 2297 3496 2364 ἀναξία
3518 2298 3620 2370 τῆς

2036 2386 2130 2438 τοῦ
2165 2387 2353 2454 γένους
2399 2387 2695 2456 εὐκληρίας
2744 2387 2947 2456 ταύτης
2981 2385 3348 2458 ἑστερημένη,
3377 2387 3503 2461 ξένη
3520 2391 3620 2460 τῆς

2037 2477 2145 2533 τῶν
2190 2478 2485 2532 πολυειδῶν
2525 2479 2682 2543 ζώων
2714 2480 2881 2550 γονῆς
2915 2478 3294 2551 καθίσταμαι·
3337 2485 3432 2537 καὶ
3476 2484 3621 2538 αὐτά

2036 2570 2145 2640 γὰρ
2173 2570 2272 2641 τῆς
2316 2571 2509 2641 ὁμοίας
2550 2575 2873 2644 μετείληχεν
2917 2574 3184 2640 εὐδοξίας.
3237 2578 3550 2645 Πολύφορος
3585 2580 3620 2646 ἡ

2037 2664 2143 2733 γῆ⁶
2189 2663 2289 2734 τὴν
2340 2664 2604 2732 ἀφθονίαν
2637 2665 2902 2737 διηνεκῶς
2949 2669 3093 2720 κατά
3134 2670 3196 2723 τὸ
3225 2669 3319 2724 σὸν
3360 2671 3620 2740 ὲπικομίο

2037 2754 2204 2816 ζουσα
2253 2756 2621 2825 πρόσταγμα·
2654 2758 3068 2829 καρποφοροῦσι
3112 2759 3378 2829 λειμῶνες
3422 2762 3516 2814 καὶ
3550 2764 3619 2814 τὲι

2036 2844 2217 2916 εὐειδῆ
2254 2846 2364 2899 τῶν
2416 2848 2602 2916 φυτῶν
2650 2849 2940 2920 ἁνθοφορεῖ
2987 2851 3366 2922 βλαστήματα,
3407 2855 3621 2922 καρπόν

2036 2952 2095 2987 τε
2135 2937 2350 3006 καίριον
2384 2937 2521 3008 ὁμοῦ
2553 2940 2645 2992 καὶ
2695 2939 2915 3010 ἥδιστον
2968 2942 3388 3010 προϐάλλονται,
3421 2947 3517 2998 καὶ
3550 2949 3620 3016 τῇ

363 3040 509 3102 pant.
541 3030 949 3087 Fecundissima
977 3038 1060 3085 est
1106 3038 1274 3095 terra,
1299 3045 1421 3099 qum
1467 3029 1762 3083 secundum
1796 3045 1935 3099 pra:-

2037 3025 2146 3079 τῶν
2175 3027 2514 3098 μετεχόντων
2548 3030 2871 3101 εὐχαριστίᾳ
2903 3033 2987 3085 ao‘t
3008 3032 3106 3102 τὴν
3143 3034 3454 3103 δοξολογίαν
3480 3039 3617 3092 ἀνα-

362 3131 575 3191 ceptum
635 3132 789 3177 tuum
827 3119 1116 3190 copiosum
1161 3117 1400 3174 fruetum
1440 3119 1657 3174 assidue
1698 3120 1935 3189 profert;

2039 3117 2305 3190 φέρουσι·
2340 3118 2547 3197 τούτων
2596 3121 2709 3191 ἐγὼ
2760 3123 2861 3194 τῆς
2902 3124 3127 3196 χάριτος
3160 3128 3450 3198 ἀμέτοχος,
3496 3131 3621 3183 ἐπεὶ

364 3217 596 3272 fructum
624 3216 861 3271 afferunt
899 3222 1051 3284 prata
1082 3252 1098 3273 .
1150 3221 1205 3268 et
1233 3211 1601 3283 pulcherrima
1626 3212 1935 3282 plantarum

2037 3211 2132 3264 καὶ
2163 3211 2224 3264 τὸ
2258 3211 2332 3283 μὴ
2378 3213 2497 3266 κατ’
2546 3213 2705 3280 ἀξίαν
2749 3217 3207 3289 συναριθμεῖσθαι
3252 3220 3486 3284 τούτοις,
3520 3220 3618 3291 δη·-

362 3309 604 3376 germina
628 3307 793 3363 ﬂores
817 3308 1100 3372 emittunt,
1145 3304 1495 3374 fructumque
1552 3305 1935 3374 tempestivum

2038 3304 2417 3376 μιουργὴμασί
2446 3322 2510 3374 γε
2561 3302 2713 3361 οὖσιν
2755 3309 3093 3383 ἀγαθότητος
3132 3312 3233 3383 τῆς
3261 3316 3382 3384 σῆς,
3417 3314 3619 3388 ἑαυτὴν

364 3398 566 3467 pariter
591 3416 655 3456 ac
720 3398 1109 3454 suavissimum
1153 3397 1458 3467 porrigunt,
1494 3405 1545 3450 et
1579 3411 1673 3465 per
1718 3407 1931 3467 gratum

2036 3398 2509 3469 καταψηφίζομαι.

361 3510 570 3564 eorum,
604 3496 696 3568 qui
746 3494 813 3551 iis
868 3494 1151 3559 fruuntur,
1184 3493 1435 3549 allectum
1496 3494 1593 3547 tibi
1656 3494 1837 3564 gloria:
1885 3492 2149 3547 tributum
2221 3495 2562 3564 persolvunt.
2598 3496 2807 3553 Horum
2870 3514 2969 3571 ego
3020 3501 3207 3572 gratim
3237 3518 3431 3574 expers
3458 3521 3616 3572 sum;

363 3592 620 3661 quoniam
653 3606 722 3644 ne
743 3605 867 3643 cum
897 3591 982 3644 bis
1012 3591 1234 3660 quidem
1261 3589 1520 3644 bonitatis
1551 3599 1657 3642 tuae
1679 3588 1936 3657 operibus
1966 3590 2355 3644 connumerari
2393 3592 2589 3647 merito
2617 3608 2704 3648 me
2735 3610 2894 3664 posse
2914 3610 3113 3652 censeo

436 3683 526 3738 χι.
560 3683 653 3738 lite
693 3698 855 3738 voces
887 3693 1042 3737 erant
1099 3684 1291 3748 Annae,
1353 3693 1410 3736 ut
1438 3685 1628 3747 Deum,
1657 3682 1750 3751 qui
1788 3682 1937 3737 solus

366 3773 918 3830 misericordissimus
956 3782 1062 3840 est,
1092 3774 1159 3828 ad
1216 3775 1584 3830 miserandum
1619 3773 1936 3830 inﬂecteret.

367 3864 470 3920 Sed
502 3863 766 3936 praevenit
803 3863 893 3918 ille
923 3877 1209 3919 sermones
1235 3880 1249 3929 ;
1290 3872 1343 3917 et
1369 3872 1657 3932 antequam
1686 3871 1938 3933 porrecta

367 3958 682 4029 expleretur
705 3954 1057 4027 supplicatio,
1100 3955 1168 4010 de
1191 3969 1405 4020 eorum,
1444 3969 1567 4024 quae
1597 3954 1936 4024 petebantur,

367 4067 629 4108 successu
696 4056 895 4120 praeter
960 4062 1178 4103 omnem
1235 4061 1386 4117 spem
1434 4045 1675 4102 faustum
1727 4049 1937 4118 roganti

365 4147 616 4199 nuntium
661 4140 908 4196 aﬂ'ertur.
942 4137 1077 4193 Ecce
1107 4140 1268 4203 enim,
1297 4138 1496 4209 inquit,
1540 4138 1663 4193 dum
1694 4139 1934 4211 loquere-

366 4247 472 4299 tur,
502 4241 813 4303 apparentes
842 4230 1039 4302 angeli,
1068 4246 1284 4299 partum
1330 4241 1521 4300 prwter
1549 4246 1688 4300 spem
1718 4243 1931 4286 secutu-

366 4343 480 4383 rum
510 4325 950 4397 prwuuntiavere.
980 4324 1155 4379 Annae
1179 4324 1386 4379 scilicet
1411 4325 1626 4392 etjusto
1650 4322 1932 4380 Joacbimo

2079 3680 2214 3755 .lA'.
2246 3683 2489 3739 Τοιαῦτα
2515 3686 2583 3740 τὰ
2621 3686 2723 3756 τῆς
2757 3688 2957 3760 ’Λννης
2989 3690 3231 3761 ῥήματα,
3271 3691 3359 3746 ἵνα
3387 3695 3618 3749 κάντεῦ-

2038 3774 2130 3828 θεν
2164 3777 2244 3841 είς
2276 3775 2426 3831 ἔλεον
2457 3779 2548 3832 τὸν
2573 3778 2737 3849 μόνον
2773 3781 3227 3851 συμπαθέστατον
3251 3783 3619 3857 ἐφελκύσηται

2037 3867 2169 3922 Θεόν
2192 3882 2206 3897 ⁶
2243 3869 2381 3923 ἀλλὰ
2411 3871 2714 3942 προφθάνει
2753 3872 2880 3936 τοὺς
2919 3872 3112 3942 λόγους
3141 3870 3316 3942 οὗτος,
3355 3879 3453 3932 καὶ
3485 3881 3617 3949 πρὶν

2039 3963 2118 4025 είς
2147 3962 2304 4025 τέλος
2330 3963 2431 4033 τὴν
2459 3963 2889 4035 προτεινομένην
2919 3964 3099 4018 ἐλθεῖν
3143 3965 3348 4037 δέησιν,
3380 3968 3478 4040 τὴν
3506 3970 3617 4024 τῶν

2043 4054 2380 4126 αἰτουμένων
2413 4055 2639 4109 ἑκϐασιν
2685 4055 2827 4128 ὑπὲρ
2874 4057 3067 4113 ἐλπίδα
3114 4061 3297 4114 πᾶσαν
3327 4063 3616 4130 εὐαγγελί-

2044 4147 2193 4212 ζεται
2239 4150 2306 4219 τῇ
2343 4147 2659 4219 αἰτουμένῃ.
2697 4147 2844 4203 Ἰδοὺ
2888 4151 3021 4218 τὰρ,
3073 4151 3228 4221 φησὶ,
3274 4154 3615 4221 λαλούσης,

2041 4239 2284 4310 ἄγγελοι
2347 4239 2776 4310 ἐπιφανέντες,
2824 4240 2932 4295 τὸν
2978 4243 3114 4311 παρ’
3160 4245 3384 4300 ἐλπίδα
3436 4247 3616 4301 τόκον

2037 4333 2403 4398 ἐκϐήσεσθαι
2447 4331 2846 4402 κατεμήνυον.
2880 4334 2959 4405 Τῇ
2995 4336 3187 4407 Ἀννῃ,
3221 4336 3384 4407 φημὶ,
3420 4340 3511 4391 καὶ
3538 4342 3616 4408 τῷ

366 4422 421 4474 in
480 4426 665 4473 monte
712 4416 949 4472 versanti
1003 4416 1178 4487 angeli
1233 4416 1697 4471 annuntiaverunt
1752 4428 1931 4472 ortum

2038 4425 2232 4496 δικαίῳ
2272 4423 2531 4494 Ἰωακεὶμ
2555 4426 2613 4478 ὲν
2644 4425 2721 4495 τῷ
2747 4424 2885 4496 ὄρει,
2918 4425 3139 4496 ἄγγελοι
3176 4427 3276 4498 τῆς
3310 4429 3420 4483 τῶν
3447 4431 3616 4498 ἀγγέ-

365 4513 532 4574 illius,
580 4525 703 4579 quae
757 4509 980 4581 angelos
1031 4509 1182 4579 ipsos
1234 4508 1501 4578 dignitate
1535 4509 1931 4565 antecelleret:

364 4602 555 4672 Angeli
587 4602 727 4671 ejus,
763 4616 886 4672 qua:
940 4598 1229 4655 sterilitate
1274 4597 1576 4663 laborabat,
1612 4608 1932 4669 conceptum

364 4700 752 4770 praedixerunt.
794 4694 928 4749 Ecce
967 4695 1128 4757 enim,
1175 4694 1373 4762 inquit,
1424 4691 1662 4762 loquente
1691 4691 1806 4757 illa,
1835 4710 1934 4746 an-

361 4791 509 4862 gelus
532 4789 749 4843 Domini
801 4786 961 4851 venit,
1011 4786 1189 4839 dicens
1214 4785 1263 4838 ei
1301 4802 1319 4840 :
1347 4782 1636 4837 Exaudivit
1670 4782 1813 4838 Deus
1846 4785 1935 4839 de-

361 4882 714 4951 precationem
740 4887 909 4945 tuam,
932 4890 981 4933 et
1014 4877 1296 4946 concipies,
1325 4886 1374 4930 et
1407 4876 1606 4944 paries,
1629 4884 1679 4931 et
1700 4876 1935 4931 celebra-

364 4976 506 5029 bitur
542 4989 715 5027 semen
744 4983 891 5027 tuum
917 4973 971 5023 in
1003 4972 1245 5023 universo
1279 4968 1495 5022 mundo.
1526 4968 1618 5023 Ille
1635 4969 1931 5035 exaudivit,

362 5069 455 5139 qui
484 5066 810 5139 precationis
857 5064 1042 5129 verba,
1099 5061 1416 5132 priusquam
1470 5073 1650 5117 mente
1678 5062 1935 5132 concipe-

368 5171 577 5226 rentur,
639 5166 859 5215 noverat
909 5165 963 5212 et
1010 5152 1359 5210 inell‘abiliter
1409 5154 1796 5225 perpendebat.
1844 5154 1936 5209 Ille

365 5253 670 5308 orationem
709 5248 939 5314 audivit,
1014 5247 1109 5316 qui
1153 5247 1221 5302 ad
1271 5245 1575 5301 orationem
1640 5245 1932 5310 excitabat,

364 5354 549 5416 atque,
596 5350 656 5398 ut
696 5348 1122 5412 consequeretur
1152 5338 1426 5405 ell‘ectum,
1461 5336 1804 5407 disponebat.
1841 5336 1935 5392 Ille

365 5436 639 5491 exaudivit
678 5449 775 5490 cor
824 5432 1154 5498 contritum,
1186 5432 1278 5503 qui
1311 5437 1527 5501 propter
1566 5428 1669 5481 hoc
1710 5425 1849 5480 idem
1879 5426 1934 5480 in

368 5528 463 5585 illo
517 5526 681 5582 corde
719 5540 927 5580 moram
995 5522 1247 5580 faciebat.
1302 5521 1398 5577 llle
1431 5517 1708 5575 exaudivit
1747 5530 1934 5585 preces

366 5633 509 5686 tuas,
537 5636 629 5690 qui
649 5635 744 5689 per
773 5632 932 5673 voces
959 5617 1347 5689 prophetarum
1376 5610 1688 5672 earumdem
1713 5622 1931 5680 precum

364 5715 567 5770 exitum
595 5711 1067 5785 prmnuntiaverat.

2035 4514 2143 4569 λων
2168 4514 2503 4585 τιμιωτέρας
2538 4514 2985 4583 εὐαγγελίζονται
3015 4517 3113 4589 τὴν
3147 4517 3365 4587 κύησιν,
3391 4520 3615 4588 ἄγγελοι

2035 4607 2135 4678 τὴν
2158 4608 2257 4679 τῆς
2294 4606 2637 4679 στειρὼσεως
2663 4608 3117 4679 προαναφωνοῦσι
3143 4609 3425 4681 σύλληψιν·
3454 4612 3614 4666 Ἰδοὺ

2036 4698 2170 4769 γὰρ,
2205 4700 2359 4770 φησὶν
2405 4702 2746 4768 λαλούσης,
2782 4701 3041 4771 ἄγγελος
3068 4702 3291 4770 Κυρίου
3338 4700 3488 4773 ἦλθε
3515 4704 3615 4757 λέ.

2037 4809 2157 4861 γων
2184 4791 2359 4861 αὐτῇ·
2392 4790 2775 4859 Ἐπήκουσεν
2808 4795 2841 4846 ό
2866 4792 3009 4861 Θεὸς
3042 4792 3154 4862 τῆς
3180 4793 3448 4862 δεήσεώς
3471 4811 3611 4858 σου,

2035 4885 2135 4938 καὶ
2161 4884 2485 4954 malum,
2519 4885 2621 4940 καὶ
2659 4885 2980 4955 γεννήσεις
3009 4901 3022 4915 ·
3055 4885 3157 4940 καί
3201 4887 3614 4955 λαληθήσεται

2037 4976 2103 5030 τὸ
2132 4977 2371 5046 σπέρμα
2400 4992 2518 5031 σου
2544 4976 2615 5029 ἐν
2657 4977 2772 5046 ὅλῃ
2819 4976 2895 5046 τῇ
2920 4977 3266 5055 οἰκουμένῃ’
3302 4980 3611 5050 ἐπήκουσεν

2035 5069 2065 5120 ὁ
2094 5068 2224 5138 πρὶν
2273 5067 2591 5138 ὲννοηθῆναι
2646 5071 2714 5124 τὰ
2745 5070 2845 5140 τῆς
2879 5071 3117 5141 δεήσεως
3164 5074 3406 5142 ῥήματα,
3450 5075 3613 5142 γινώ-

2039 5175 2184 5211 σκων
2243 5158 2417 5212 ταῦτα
2474 5159 2569 5212 καὶ
2624 5160 2950 5231 ἀναμετρῶν
2996 5163 3350 5234 ἀπορρητως,
3407 5165 3611 5235 ἤκουσε

2035 5248 2274 5318 δεήσεως
2304 5250 2333 5301 ὁ
2380 5248 2586 5319 ταύτην
2632 5251 2819 5317 κινῶν,
2872 5251 2968 5305 καὶ
3020 5251 3378 5317 ἐξακούεσθαι
3424 5272 3611 5326 παρα-

2037 5337 2316 5402 σκευάζων
2339 5351 2356 5367 ·
2389 5340 2620 5409 ἤκουσεν
2649 5341 2713 5393 ἐκ
2743 5344 3207 5413 συντετριμμένης
3236 5343 3438 5414 ψυχῆς,
3469 5347 3497 5398 ὀ
3526 5345 3611 5398 διε

2034 5431 2194 5485 τοῦτο
2245 5431 2305 5485 ὲν
2348 5433 2486 5503 αὐτῇ
2532 5434 3055 5506 ὲπαναπαυόμενος·
3096 5436 3295 5502 ἢκουσε
3343 5436 3443 5505 τῆς
3484 5435 3610 5504 δεή-

2036 5524 2175 5588 σεώς
2207 5539 2298 5576 σου
2332 5524 2361 5576 ὁ
2389 5523 2477 5578 διὰ
2509 5526 2864 5598 προφητικῶν
2894 5526 3089 5598 φωνῶν
3123 5528 3224 5600 τὴν
3255 5526 3479 5583 ἔκσασιν
3508 5526 3609 5584 αὐ-

2034 5615 2129 5685 τῆς
2162 5615 2650 5687 προαναφωνήσας.
