4130 6202
499 317 601 383 ξδι

1306 320 1602 381 ORATIO
1641 321 1723 381 IN
1762 319 2349 381 CONCEPTIONEM
2392 322 2496 382 SS.
2539 322 2914 383 DEIPARE.

3660 327 3763 389 502

571 433 670 489 IB’.
707 434 1125 500 Λαληθὴσεται
1151 433 1280 501 γὰρ,
1317 434 1473 505 φησι,
1506 435 1575 489 τὸ
1600 435 1841 505 σπέρμα
1867 450 1986 490 σου
2016 437 2084 490 ἐν
2114 483 2121 498 ι

2260 438 2370 493 XII.
2402 437 2766 492 Ceiebrabitnr
2785 438 2944 504 enim,
2976 436 3174 505 inquit,
3200 452 3371 491 semen
3403 445 3552 491 tuum
3572 439 3625 492 in
3648 445 3765 493 uni-

496 528 612 597 ὄλῃ
646 526 723 595 τῇ
750 526 1094 595 οἰκουμένῃ.
1140 525 1525 596 Λαληθήσεται
1568 531 1636 600 τῇ
1667 531 1970 600 οἰκουμένῃ
2014 531 2077 583 τὸ

498 617 940 689 τοολυθρύλλητον
995 618 1167 690 αὐτῆς
1199 619 1484 693 καύχημα,
1537 621 1740 692 ὴμὸνη
1799 622 2083 688 διαϐόητος

501 712 674 780 αὐτῆς
716 710 1093 780 καρποφορία,
1135 711 1195 764 τὸ
1221 712 1572 784 περιώνυμον
1610 713 1720 765 τῶν
1765 714 2084 784 κτισμάτων

503 800 961 873 ἐγκαλλώπισμα,
1004 805 1383 875 Λαληθήσεται
1432 807 1493 859 τὸ
1521 786 1683 860 λάλον
1719 806 1822 876 τῆς
1870 808 2085 877 ἀνθρω-

502 895 664 965 πίνης
720 894 937 965 φύσεως
992 896 1189 966 στόμα,
1234 898 1268 966 ἡ
1320 896 1540 965 εὔλογος
1578 898 1690 951 τῶν
1741 898 2086 968 σιγησάντων

502 988 792 1054 ἀπολογία,
823 987 952 1058 περὶ
967 982 1035 1059 ἦς
1057 988 1418 1059 δεδοξασμένα
1445 992 1504 1044 ὲν
1528 990 1678 1061 πάσῃ
1708 991 1899 1060 λογικῇ
1926 990 2087 1059 φύσει

504 1076 888 1146 λαληθήσεται,
935 1071 1004 1148 ἧς
1033 1077 1218 1146 νοεραὶ
1247 1078 1505 1146 δυνάμεις
1530 1078 1601 1131 τά
1648 1079 1912 1147 μεγαλεῖα
1940 1079 2081 1131 διαν·

508 1169 844 1238 υμνήσουσι,
888 1169 985 1223 καὶ
1034 1169 1137 1239 τὴν
1188 1170 1346 1235 δόξαν
1404 1170 1841 1241 ἀνακηρύξουσι·
1893 1174 2090 1238 Aulu-

511 1257 755 1322 θήσεται
805 1260 871 1312 τὸ
911 1259 1157 1329 σπέρμα
1200 1276 1317 1315 σου
1364 1263 1437 1316 ἐν
1460 1262 1573 1331 ὅλῃ
1624 1262 1700 1331 τῇ
1740 1266 2087 1334 οἰκουμένῃ.

516 1354 586 1407 Σὺ
623 1355 719 1424 μὲν
772 1355 901 1425 γὰρ,
947 1356 1136 1425 φησὶν,
1186 1353 1232 1408 ὦ
1261 1358 1449 1420 Ἅννα,
1498 1359 1942 1429 καρποφορήσεις
1991 1359 2092 1429 τὴν

512 1444 618 1497 τῶν
658 1446 871 1517 ἀρετῶν
916 1448 1179 1516 ἀφθονίαν
1205 1448 1285 1517 τῷ
1318 1448 1458 1517 Θεῷ,
1510 1450 1600 1501 καὶ
1632 1452 1729 1521 τὴν
1761 1449 2092 1521 ἐξακουσθη-

514 1537 746 1608 σομένην
779 1540 838 1591 ὲν
873 1537 952 1607 τῷ
990 1537 1136 1602 γένει
1171 1539 1272 1607 τῆς
1314 1538 1658 1600 παιδοποιΐας
1703 1538 1845 1604 ἔξεις
1878 1540 2091 1609 φήμην.

515 1627 633 1680 Τῶν
654 1629 977 1697 ὀνειδισμῶν
1009 1629 1106 1698 μὲν
1134 1630 1234 1698 τῆς
1264 1631 1520 1693 ἀτεκνίας
1548 1630 1946 1696 ἀπαλλαγεῖσα,
1967 1648 2095 1684 συν-

514 1718 881 1789 ἀριθμηθείσα
931 1719 989 1771 δὲ
1035 1721 1129 1772 καὶ
1177 1721 1648 1789 συγκαταλεγεῖτα
1669 1724 1789 1782 ταῖς
1828 1722 2093 1791 μητράσι,

2185 544 2333 583 verso
2356 527 2571 583 mundo.
2594 527 2982 582 Enutttiabitur
3002 527 3121 582 orbi
3146 527 3315 583 decus
3342 528 3447 581 hoc
3470 544 3631 583 suum
3649 532 3766 583 cxi-

2188 619 2382 682 miutn,
2408 617 2565 672 unica
2596 632 2693 671 sua
2717 616 2887 687 ipsius
2909 616 3262 672 celeberrima
3286 618 3509 674 ubertas
3525 619 3764 689 (l5~l6),

2187 710 2590 765 nobilissimunt
2641 718 3010 764 creaturarum
3062 720 3470 766 ornamentum.
3510 709 3770 766 Celebra-

2188 802 2335 857 bitur
2366 801 2781 856 disertissimum
2821 800 2954 855 illud
2984 815 3048 856 os
3082 801 3331 858 humana:
3364 811 3593 867 naturae,
3638 803 3769 856 elo-

2188 893 2548 963 quentissima
2576 907 2788 959 eorum,
2813 893 3014 963 quibus
3039 893 3214 963 pudor
3236 894 3557 950 abstulisset
3582 880 3768 956 verba,

2189 986 2435 1042 defensio
2476 985 2625 1057 (l7);
2664 986 2730 1041 de
2759 1001 2866 1055 qua
2916 987 3056 1040 inter
3077 997 3359 1041 creaturas
3382 1002 3571 1042 omnes
3606 986 3773 1042 ratio-

2189 1081 2341 1134 nales
2370 1079 2605 1150 gloriosa
2634 1079 2911 1143 dicentur;
2950 1077 3106 1148 cujus
3144 1079 3773 1150 ntagnaliaintelleclua-

2190 1174 2272 1229 les
2305 1174 2531 1229 virtutes
2562 1174 2921 1229 celebrabunt
2971 1173 3207 1247 hymnis,
3235 1182 3288 1228 et
3322 1173 3551 1243 gloriam
3581 1173 3774 1243 praedi-

2190 1266 2413 1322 cabunt.
2440 1265 2805 1321 Celebrabitur
2830 1283 3004 1321 semen
3038 1274 3186 1320 tuum
3244 1267 3298 1318 in
3329 1265 3576 1319 universa
3604 1276 3770 1320 terra.

2193 1357 2274 1411 Tu
2314 1357 2483 1420 enim,
2521 1356 2713 1426 inquit,
2748 1373 2780 1411 ο
2831 1357 3011 1421 Anna,
3060 1357 3168 1411 Deo
3226 1356 3581 1411 fructificabis
3614 1355 3775 1410 uber-

2195 1458 2359 1505 tatem
2397 1449 2685 1514 virtutum,
2719 1456 2772 1502 et
2808 1448 3158 1503 fecunditatis
3193 1450 3391 1502 famam
3421 1448 3475 1503 itt
3520 1449 3772 1503 muliebri

2195 1556 2326 1597 sexu
2362 1541 2769 1596 celeberrimam
2806 1542 3139 1611 assequeris.
3184 1542 3265 1594 Ab
3295 1542 3588 1609 opprobrio
3611 1539 3775 1595 steri—

2198 1635 2365 1690 litatis
2388 1634 2640 1700 liberata,
2675 1644 2841 1703 atque
2890 1634 3034 1689 inter
3060 1643 3261 1688 matres
3305 1641 3700 1687 connumerata
3720 1638 3776 1685 et

2198 1710 2476 1797 cooptata,
2515 1741 2865 1796 nequaquam
2899 1726 3067 1792 illius,
3096 1742 3218 1795 qua:
3246 1740 3435 1779 earum
3472 1724 3779 1779 benedictio

512 1810 611 1879 τῆς
658 1810 922 1881 δοκούσης
972 1811 1219 1877 εὐλογίας
1272 1812 1497 1864 ἐκείνων
1545 1813 1649 1866 οὐκ
1692 1814 2085 1888 ἀποκριθήσῃο

2211 1815 2442 1877 tabetur,
2473 1828 2665 1871 exsors
2690 1816 2821 1870 eris.
2860 1814 2963 1868 Sed
2995 1831 3171 1883 neque
3200 1816 3449 1884 angustis
3474 1815 3558 1870 his
3580 1813 3777 1868 finibus

512 1904 612 1955 οὐκ
647 1905 705 1956 ἐν
731 1903 941 1966 τούτοις
967 1903 1023 1956 δὲ
1050 1905 1115 1955 τὰ
1140 1904 1257 1972 τῆς,
1281 1905 1472 1974 φήμης
1490 1905 1801 1975 στήσεταις,
1835 1905 1970 1958 ἀλλὰ
1993 1905 2091 1973 τῆς

512 1995 754 2063 δεήσεως
797 2012 901 2047 σουΔ
938 1995 969 2045 δ
1008 1996 1217 2066 καρπὸς
1264 1997 1358 2048 καὶ
1390 1998 1421 2064 ἡ
1461 1999 1560 2066 τῆς
1595 1996 1809 2065 φύσεως
1841 1995 2091 2066 εύφορία,

512 2088 575 2139 ού
606 2088 766 2157 μόνον
800 2089 858 2141 ὲν
880 2089 954 2158 τῷ
992 2088 1262 2159 Ἰσραὴλῆ
1291 2091 1349 2141 ὲν
1380 2092 1494 2150 τοῖς
1530 2088 1899 2159 συμφυλέταις
1930 2088 2095 2158 λαλη-

514 2179 744 2248 θήσεται
788 2180 883 2233 καὶ
918 2180 1412 2251 μεγαλυνθήσεται,
1441 2180 1556 2236 ἀλλ’
1590 2182 1649 2232 ἐν
1672 2180 1769 2250 ὅλῃ
1808 2166 2105 2250 διαϐοηθήῖ

520 2288 673 2324 σεται
705 2275 772 2343 τῇ
800 2273 1119 2344 οἰκουμένῃ,
1150 2274 1208 2325 ὲν
1248 2272 1533 2342 βασιλεῦσι
1578 2274 1667 2327 καὶ
1696 2273 2011 2336 δυνάσταις,
2040 2274 2096 2326 ὲν

519 2364 724 2434 ἱερεῦ-τι
773 2364 868 2418 καὶ
916 2365 1174 2431 δικαίοις,
1213 2368 1272 2418 ὲν
1316 2365 1730 2434 πολυγλώσσοις
1768 2365 2002 2431 ἔθνεσιν,
2039 2368 2099 2420 ἐν

521 2459 703 2526 σοφοῖς
738 2459 830 2509 καὶ
859 2458 1105 2526 ἀσόφοις,
1141 2461 1198 2511 ὲν
1232 2456 1513 2521 τοσούτοις
1539 2460 1567 2511 ό
1607 2459 1698 2521 σὸς
1729 2458 2099 2529 λαληθήσεται

522 2548 755 2617 καρπὸς,
798 2548 892 2602 καὶ
933 2553 1013 2611 εἰς
1052 2549 1324 2602 τοσούτων
1356 2548 1640 2620 διηχηθεὶς
1681 2548 2100 2612 ἀκοὰς,καταλ-

521 2639 696 2710 λήλω;
723 2644 836 2704 τοῖς
858 2641 1082 2705 οἰκείοις
1113 2643 1582 2714 μεγαλυνθήσεται
1614 2642 1956 2713 παραδόξοις.

591 2750 691 2807 ll".
724 2753 833 2806 Kal.
861 2753 1033 2807 ταῦτα
1069 2755 1167 2825 μὲν
1205 2758 1233 2809 ὁ
1267 2755 1518 2824 ἄγγελος.
1548 2754 1717 2824 Τίό’ή
1746 2755 1992 2825 μακαρία
2010 2754 2104 2810 καὶ

526 2847 902 2919 μεγαλόψυχος
950 2851 1164 2919 Ἀννα;
1204 2846 1330 2905 Οἷον
1382 2851 1677 2921 ἀντίδωρον
1730 2850 1807 2921 τῷ
1847 2849 2105 2920 τοιαύτην

522 2941 888 3013 παρεχομένῳ
936 2943 1154 2999 δίδωσιν
1192 2944 1485 3012 εὐλογίαν;
1524 2945 1641 3007 οἵας
1686 2945 1777 2997 τὸν
1809 2944 2106 3015 εὐεργέτην

523 3030 815 3099 ἀμείϐεται
873 3036 992 3098 ταῖς
1022 3035 1283 3108 δωρεαίς;
1317 3036 1439 3100 οἵας
1475 3036 1573 3099 τὰς
1619 3036 1718 3107 τῆς
1752 3035 2105 3106 εὐχαριστίας

523 3121 936 3191 δλοκαρπὼσεις
1007 3126 1310 3199 ἀναφέρειν
1379 3126 1933 3196 κατεπαγγέλλεται;
2005 3125 2175 3215 ούκο

526 3208 897 3281 ἀναθημάτων
948 3213 1324 3282 πολυτέλειαν,
1380 3219 1439 3269 οὐ
1468 3218 1538 3269 τὰ
1586 3217 1643 3282 ἐξ
1687 3216 1898 3285 ἀλόγων
1951 3213 2105 3279 ζώων

527 3298 770 3369 θύματα,
807 3304 869 3356 οὗ
909 3304 1139 3376 καρπῶν
1184 3309 1461 3379 ἀπαρχάς,
1497 3311 1597 3361 οὐκ
1635 3309 1763 3363 ἄλλο
1792 3325 1841 3360 τι
1873 3308 1982 3359 τῶν
2010 3308 2103 3358 ἁν-

526 3397 968 3467 τεισφερομένων
1013 3399 1493 3471 καλλιερημάτων,
1524 3400 1641 3453 ἀλλ’
1687 3399 1863 3470 αὐτὴν
1891 3399 1991 3467 τὴν
2031 3398 2108 3450 δι-

529 3486 763 3561 δομένην
806 3491 944 3561 αὐτῇ
994 3494 1377 3565 καρποφορίαν
1429 3494 1530 3562 τῆς
1577 3493 1824 3561 φύσεως·
1877 3492 2011 3547 αὐτὸ
2046 3492 2109 3544 τὸ

528 3580 782 3635 εὐκταῖον
833 3585 929 3637 καὶ
990 3584 1226 3654 ποθητὺν
1280 3588 1419 3657 αὐτῇ
1484 3585 1795 3657 βλάστημα,
1852 3584 1995 3657 ὑπὲρ
2047 3580 2109 3641 οὗ

537 3670 826 3737 εὐαγὼνιοι
869 3676 1183 3747 καρτερίαι,
1214 3678 1353 3749 ὑπὲρ
1397 3672 1457 3732 οὗ
1492 3679 1744 3749 ὲπίμονοι
1772 3677 1986 3748 δεήσεις
2017 3680 2110 3732 καὶ

537 3761 729 3834 δαψιλῆ
774 3770 1103 3838 κατεχέοντο
1128 3768 1361 3839 δάκρυα,
1406 3772 1501 3824 καὶ
1540 3770 1836 3842 ύπεροψίαι
1865 3771 1975 3824 τῶν
2023 3771 2111 3823 εύ-

537 3854 728 3908 πιθεῑν
767 3860 1298 3928 παρασκευαζόντων
1330 3863 1609 3917 ἁπάντων.

606 4032 688 4100 Ζῇ
711 4034 844 4104 γὰρ,
879 4039 1035 4107 φησὶ,
1064 4038 1328 4106 Κύριοςό
1354 4041 1501 4107 Θεός
1515 4059 1634 4109 μου
1661 4058 1676 4071 ·
1707 4040 1815 4093 ἐὰν
1835 4040 2111 4111 γεννήσω

537 4127 655 4181 εἴτε
678 4127 869 4196 ἄρσεν
884 4132 940 4184 εἴ
946 4148 1005 4184 τε
1028 4130 1207 4200 θῆλυ,
1233 4133 1517 4201 προσάξω
1545 4134 1691 4189 αὐτὸ
1711 4132 1903 4202 δῶρον
1917 4135 2115 4202 Κυρίῳ

543 4219 621 4285 τῷ
670 4222 790 4289 Θεῷ
813 4240 954 4291 μου,
977 4225 1075 4278 καί
1096 4225 1268 4280 ἔσται
1300 4226 1693 4295 λειτουργοῦν
1716 4226 1877 4293 αὐτῷ
1907 4226 2111 4292 πάσας

541 4315 647 4379 τὰς
682 4313 925 4383 ἡμέρας.
960 4316 1105 4384 Ὅρα
1129 4317 1221 4372 τὸν
1255 4318 1391 4388 πρὸς
1423 4317 1555 4371 Θεὸν
1585 4318 1686 4386 τῆς
1747 4318 1949 4389 "Aw-r1;
2001 4316 2118 4370 διά-

542 4427 713 4480 πυρον
744 4411 908 4464 πόθον
942 4428 955 4440 ·
987 4412 1090 4482 δρα
1116 4413 1216 4482 τὴν
1240 4412 1692 4483 ὑπερϐάλλουσαν
1715 4411 1886 4480 αὐτῆς
1941 4427 2119 4481 μεγα-

2199 1908 2338 1961 fama
2377 1907 2452 1960 tui
2478 1906 2718 1961 nominis
2748 1906 3158 1968 continebitur;
3194 1922 3370 1975 neque
3405 1921 3626 1975 precum
3662 1915 3779 1959 tua-
3853 1893 3857 1898 ’

2198 2014 2318 2054 rum
2355 1998 2566 2053 fructus
2591 2012 2653 2053 ac
2685 2007 2894 2052 natura!
2924 1997 3227 2052 fecunditas
3276 1999 3328 2051 itt
3358 1997 3555 2052 lsraeic
3604 1996 3776 2051 solum

2198 2106 2262 2146 ac
2284 2091 2426 2145 inter
2458 2090 2796 2145 contribules
2829 2099 2950 2144 tuos
3007 2089 3377 2145 celebrabitur
3411 2104 3475 2143 ac
3530 2088 3779 2157 magnitio

2197 2184 2447 2250 cabitur;
2472 2182 2635 2237 sedin
2671 2183 2925 2236 universa
2967 2190 3131 2245 terra,
3185 2182 3325 2236 inter
3362 2197 3516 2252 reges
3544 2191 3597 2235 et
3624 2181 3771 2250 prin-

2200 2276 2371 2344 cipes,
2399 2274 2542 2328 inter
2572 2273 2885 2328 sacerdOtes
2936 2282 2989 2325 et
3036 2276 3237 2341 justos,
3292 2272 3435 2326 inter
3484 2274 3777 2326 multarum

2201 2367 2510 2435 linguarum
2538 2375 2747 2434 gentes,
2785 2364 2928 2417 inter
2952 2366 3139 2417 doctos
3173 2372 3227 2417 et
3281 2362 3532 2417 indoctos
3563 2361 3781 2433 procla-

2202 2457 2473 2522 mabitur;
2519 2465 2599 2512 tot
2634 2457 2778 2510 inter
2802 2471 2866 2510 ac
2898 2463 3079 2510 tantos
3108 2453 3323 2509 fructus
3364 2455 3451 2508 hic
3484 2465 3611 2509 tuus
3643 2468 3783 2524 prae-

2202 2550 2493 2617 dieabitur,
2508 2560 2561 2604 et
2583 2550 2635 2603 in
2666 2557 2740 2604 tot
2760 2563 2921 2603 aures
2941 2562 3241 2618 personans
3254 2547 3520 2617 condigna
3538 2549 3781 2602 omnium

2203 2644 2571 2698 admiratione
2608 2645 2859 2699 certatim
2894 2642 3354 2715 magniﬁcabitur.

2276 2758 2418 2814 χιιι.
2461 2758 2583 2813 llaec
2613 2759 2860 2827 angelus.
2892 2758 3033 2824 Quid
3088 2773 3218 2813 vero
3249 2756 3406 2811 beata
3458 2756 3547 2809 il.a
3578 2770 3641 2809 ac
3672 2768 3788 2809 ma-

2206 2853 2461 2924 gnanima
2483 2850 2677 2904 Anna?
2712 2849 2999 2915 Quodnam
3049 2856 3255 2903 tantam
3313 2846 3415 2903 sibi
3455 2845 3788 2900 benedictio-

2208 2959 2329 2998 nem
2366 2941 2617 3014 largienti
2674 2940 2924 3009 rependit
2968 2939 3214 2995 donum?
3252 2953 3501 3009 quaenam
3565 2934 3789 2992 benefa-

2209 3036 2371 3091 cienti
2408 3049 2632 3089 tuuncra
2668 3031 2958 3086 retribuit?
2987 3046 3235 3101 quaenam
3260 3031 3396 3099 grati
3428 3028 3595 3083 animi
3633 3029 3788 3083 holo-

2210 3134 2396 3181 causta
2452 3123 2757 3178 oblaturatn
2803 3136 2861 3175 se
2927 3118 3256 3189 pollicetur?
3306 3116 3423 3169 Non
3477 3118 3789 3186 opulentam

2209 3222 2479 3277 donorum
2513 3217 2747 3285 copiam,
2781 3231 2886 3270 non
2923 3230 2987 3268 ex
3037 3213 3507 3268 irrationabilihus
3540 3214 3793 3266 animan-

2210 3315 2357 3369 tibus
2391 3311 2684 3370 saerilicia,
2719 3323 2825 3362 non
2875 3306 3152 3360 fructuum
3188 3304 3477 3374 primitias,
3506 3319 3613 3356 non
3646 3303 3790 3356 aliud

2211 3405 2489 3475 quidpiam
2523 3417 2737 3463 eorum,
2765 3415 2887 3469 quae
2913 3398 2965 3450 in
2992 3395 3289 3466 gratiarum
3322 3398 3567 3450 actiones
3604 3395 3789 3450 offerri

2212 3498 2496 3560 solebant;
2526 3495 2617 3551 sed
2652 3493 2827 3563 ipsum
2860 3490 2964 3545 sibi
2992 3489 3252 3543 donatum
3288 3498 3496 3542 naturae
3531 3486 3791 3550 fructum,

2212 3590 2343 3645 illud
2392 3588 2569 3658 ipsum
2623 3593 2936 3652 excptatum
2998 3597 3062 3635 ac
3103 3579 3471 3636 desideratum
3536 3581 3604 3635 ab
3675 3580 3791 3650 ipsa

2214 3697 2458 3754 germen,
2512 3695 2609 3750 pro
2641 3695 2751 3749 quo
2792 3678 3083 3731 lalmriosze
3131 3673 3381 3742 corporis
3409 3672 3795 3727 amictationes

2212 3781 2499 3842 susceptze,
2558 3785 2654 3841 pro
2703 3784 2814 3840 quo
2872 3768 3105 3825 assidua)
3138 3781 3325 3835 preces
3379 3775 3543 3837 atque
3604 3766 3797 3820 uberes

2214 3864 2452 3936 profusa:
2479 3862 2750 3933 lacrytnae,
2776 3870 2827 3916 et
2883 3860 3038 3931 cujus
3068 3861 3237 3930 gratia
3269 3858 3495 3927 reiiqua,
3558 3876 3679 3927 quae
3711 3855 3801 3926 ju-

2217 3955 2449 4011 cundam
2473 3968 2795 4022 compar-tre
2826 3963 3049 4022 possent
3076 3951 3261 4013 vitam,
3298 3950 3539 4018 neglecta
3563 3948 3798 4003 fuerant.

2299 4043 2433 4098 Vivit
2484 4045 2645 4106 enim,
2693 4042 2890 4111 inquit,
2957 4040 3213 4093 Dominus
3268 4038 3410 4091 Dens
3455 4055 3646 4103 meus;
3695 4040 3801 4092 sive

2218 4136 2513 4190 masculum
2539 4151 2783 4204 peperere
2834 4135 2940 4187 sive
2977 4134 3255 4201 feminam.
3300 4134 3437 4186 illud
3470 4133 3641 4200 ipsum
3676 4132 3801 4200 olfe-

2219 4244 2331 4281 ram
2360 4230 2559 4278 donum
2594 4224 2822 4277 Domino
2857 4221 2962 4275 Deo
2987 4238 3097 4275 meo
3124 4238 3141 4277 :
3172 4234 3217 4276 et
3245 4223 3345 4276 erit
3378 4220 3462 4274 illi
3490 4220 3801 4273 ministrmts

2220 4321 2461 4373 omnibus
2486 4318 2691 4371 diebus.
2750 4315 2879 4370 Vide
2938 4314 3238 4368 ferventem
3294 4316 3463 4369 Anna:
3514 4315 3568 4368 in
3632 4314 3798 4367 Deum

2222 4412 2497 4476 affectum,
2537 4410 2657 4464 vide
2692 4408 3021 4462 eminentem
3060 4407 3232 4476 ipsius
3264 4407 3797 4477 magnanimitatetn,

542 4502 803 4573 λοψυχξαν
838 4520 852 4533 ο
890 4504 992 4574 ὅρα
1016 4504 1165 4563 ὅπως
1191 4504 1281 4558 διά
1312 4506 1410 4575 τῆς
1451 4503 1731 4576 παρούσης
1760 4501 2117 4575 ἀφιερώσεως

2227 4505 2349 4561 vide
2382 4502 2657 4575 quomodo
2680 4517 2775 4572 per
2799 4500 3066 4570 ejusmodi
3100 4498 3432 4552 oblationem
3466 4496 3801 4550 exteriorum

547 4600 640 4651 καὶ
668 4600 767 4669 τὴν
795 4599 1048 4669 ἀφθόνως
1076 4599 1197 4670 Θεῷ
1220 4599 1331 4654 τῶν
1353 4600 1511 4664 ἐκτὸς
1544 4600 1965 4671 προσαγομένην
1992 4615 2121 4668 καρ-

2227 4613 2445 4669 quoque
2484 4611 2667 4651 rerum
2736 4596 2985 4649 omnium
3018 4593 3231 4661 copiam
3283 4606 3341 4644 se
3370 4588 3482 4644 Deo
3511 4587 3806 4642 liberaliter

548 4690 815 4759 ποφορίαν
883 4689 1185 4756 ὑπέδειξεν.
1216 4691 1276 4743 Εἰ
1306 4693 1415 4763 γάρ
1450 4692 1553 4762 τὴν
1582 4690 1869 4761 διδομένην
1897 4690 1994 4759 τῆς
2028 4688 2100 4758 φύ

621 4831 829 4901 (15-16)
848 4830 1306 4901 PetrusArgirus,
1328 4840 1579 4885 naturam
1600 4830 1893 4885 humanam
1911 4829 2121 4901 inducit

552 4902 747 4972 gaudio
766 4900 1111 4968 gestientem.
1144 4903 1289 4972 quod
1342 4917 1466 4955 eum
1496 4902 1561 4954 ad
1588 4916 1706 4954 eam
1747 4916 1922 4972 usque
1955 4900 2119 4972 diem,

553 4970 658 5040 uua
680 4970 905 5024 Matiatn
939 4970 1183 5039 protulit,
1221 4973 1427 5026 sterilis
1481 4971 1674 5025 luisset
1714 4988 1778 5024 ac
1815 4970 2121 5029 maledicta,

553 5050 741 5111 utpote
803 5057 925 5109 qua:
980 5045 1188 5097 nullum
1263 5045 1466 5096 bonum
1519 5040 1903 5105 frurtutn,sed
1940 5041 2127 5108 spinas

553 5122 766 5165 tantuut
824 5127 888 5165 ac
941 5114 1195 5177 tribulos,
1241 5114 1381 5167 tilios
1416 5112 1627 5167 scilicet
1678 5112 1810 5165 vitio
1838 5120 2128 5177 corruptos

551 5185 814 5243 dedisset,
852 5198 1001 5236 nunc
1038 5185 1250 5238 tandem
1309 5197 1526 5248 uerti-eu
1578 5181 1868 5250 optimum,
1903 5180 2125 5233 Mariam

554 5269 747 5321 nempe
758 5256 1070 5309 communis
1107 5256 1252 5309 illius
1265 5253 1502 5321 contagii
1528 5261 1801 5320 expertem
1828 5252 2129 5319 genuinas-

554 5333 656 5394 set.
691 5323 809 5377 Non
835 5326 1138 5378 absimilem
1170 5324 1621 5394 purroltiehabes
1643 5323 1995 5394 sententiam,
2030 5321 2123 5372 ubi

556 5392 782 5457 Deipara
844 5408 941 5445 ceu
972 5396 1125 5446 unica
1150 5392 1317 5447 totius
1340 5394 1528 5447 mundi
1558 5395 1777 5445 ubertas
1816 5392 2128 5445 exhibetur.

628 5462 740 5531 (Π)
775 5462 1062 5517 Manifesto
1117 5465 1203 5517 hic
1246 5479 1304 5518 se
1353 5464 1537 5532 prodit
1565 5462 1849 5515 antithesis
1882 5460 1970 5513 illa
2019 5470 2126 5513 tam

557 5548 701 5601 Saepe
737 5534 789 5585 in
818 5532 1037 5600 scriptis
1065 5543 1378 5587 sanctorum
1417 5532 1639 5586 Patrum
1674 5546 1979 5591 recurrens,
2020 5543 2125 5596 qua

566 5602 803 5671 Virginis
865 5602 1108 5668 Deipara:
1140 5603 1384 5657 conditio
1420 5618 1449 5657 a
1498 5604 1831 5671 reliquorum
1877 5602 2122 5671 omnium

561 5670 874 5726 mortalium
920 5674 1235 5727 conditione
1272 5670 1625 5729 secernitur.’
1648 5670 1948 5724 Exhibetur
1977 5670 2122 5723 enim

562 5741 727 5798 Hatria
758 5753 1015 5812 tanquam
1042 5760 1103 5799 os
1125 5753 1179 5800 ct
1212 5734 1436 5816 patrona
1456 5757 1640 5799 eorum
1659 5743 1749 5812 qui
1781 5754 1891 5811 pra:
1921 5740 2129 5810 pudore

2227 4688 2425 4745 oﬂ'erre
2482 4687 2898 4741 detuonstratit.
2959 4683 3170 4737 Etenim
3243 4682 3286 4736 si
3328 4695 3646 4735 concessam
3698 4679 3801 4733 sibi

2221 4836 2406 4881 reatus
2439 4826 2647 4881 vultum
2675 4823 2923 4877 attollere
2948 4837 3012 4875 ac
3038 4818 3200 4873 verba
3234 4817 3417 4871 facere
3442 4814 3807 4883 prohibeban-

2222 4908 2333 4952 tur.
2371 4898 2598 4952 Beatunt
2622 4909 2785 4964 porro
2803 4894 2887 4946 hic
2906 4890 3313 4964 intelligendum
3336 4902 3477 4943 esse.
3498 4886 3591 4964 qui
3618 4900 3809 4939 omnes

2225 4969 2443 5030 adiciat,
2505 4956 2713 5035 liquido
2772 4974 2935 5031 patet.
2978 4970 3089 5014 tum
3133 4961 3257 5035 quia
3284 4968 3495 5035 natura:
3527 4956 3803 5035 Ιιιιιιιαιιιιθ.

2226 5055 2349 5107 quae
2380 5025 2629 5092 homines
2655 5025 2788 5089 sane
2810 5047 3027 5107 omnes
3050 5025 3452 5107 c0tt’tplectitur,
3486 5042 3543 5077 os
3572 5025 3803 5106 lieipa'a

2227 5097 2560 5178 appellatur;
2597 5104 2856 5178 tumquia
2891 5105 2991 5155 hoc
3016 5101 3130 5169 ipsa
3159 5099 3508 5178 reiadjttucta
3538 5097 3761 5178 exigunt
3794 5114 3807 5147 ;

2235 5168 2395 5234 secus
2432 5168 2577 5230 enim
2626 5176 2713 5229 alii
2750 5168 2954 5227 essent
2990 5168 3195 5240 praeter
3231 5168 3475 5229 Mariam,
3514 5182 3550 5231 _a
3608 5168 3810 5240 quibus

2239 5250 2412 5318 pudor
2466 5254 2652 5302 reatus
2682 5246 2918 5318 abesset.
2958 5237 3034 5318 _A't
3063 5244 3113 5293 l°
3154 5238 3346 5318 Nullus
3377 5248 3460 5291 est
3499 5237 3810 5318 communis

2230 5310 2475 5372 omnium
2511 5327 2717 5379 reatus,
2760 5314 2863 5367 nisi
2893 5313 3099 5367 etinten
3128 5326 3193 5364 ex
3224 5310 3399 5379 primo
3431 5315 3656 5378 parente
3690 5322 3814 5375 pro-

2230 5399 2508 5459 pagatum.
2544 5378 2915 5459 2°_Siquident
2976 5381 3203 5459 Deipara
3228 5378 3446 5459 ’eodetn
3480 5386 3632 5459 reatu
3675 5379 3815 5456 abli-

2261 5447 2346 5514 afa
2368 5458 2581 5523 fuisset,
2611 5447 2731 5529 jant'
2757 5466 2810 5508 et
2851 5455 2967 5523 ipsa
2993 5447 3135 5529 inter
3155 5466 3269 5513 eos,
3297 5450 3500 5518 quibus
3529 5447 3705 5529 pudor
3738 5448 3815 5529 sit

2261 5476 2581 5523 maluisset,
2611 5476 2723 5527 ]ἕ1111
2757 5476 2810 5508 ιιι
2851 5476 2967 5523 Ipsa
2994 5476 3135 5507 llllCl‘
3155 5476 3269 5513 cus,
3297 5476 3500 5518 ιμιιυιιδ
3530 5476 3694 5515 νιιυυι
3738 5476 3812 5501 οι-

2225 5476 2449 5582 fentiutn
2502 5528 2797 5588 indicebat,
2840 5524 3153 5579 necessario
3200 5530 3533 5574 versaretur.
3582 5516 3720 5588 Ergo
3759 5524 3812 5567 et

2223 5614 2321 5668 per
2355 5600 2470 5654 haec
2513 5613 2543 5652 a
2575 5585 2854 5653 communi
2896 5595 3141 5652 omnium
3191 5599 3343 5646 reatu
3378 5590 3606 5658 Deipara
3649 5585 3701 5639 V:
3732 5598 3810 5653 ιεο

2222 5670 2488 5727 immunis
2516 5668 2854 5725 declaratur.
