4130 6202
350 335 456 402 563

1628 335 1890 396 JACOBI
1935 335 2280 404 MONACHI

3493 331 3598 395 56‘!

352 455 563 501 naturae
587 443 1045 508 benedictionem,
1076 444 1121 499 si
1156 442 1323 500 animi
1361 444 1609 514 delicias,
1641 447 1921 503 laborum-

2039 466 2166 513 rsm;
2192 448 2460 518 εὐλογίαν,
2491 449 2669 518 ψυχης
2715 463 2776 501 τε
2832 444 3098 517 εὐθυμίαν
3131 443 3228 499 καὶ
3256 444 3371 498 τῶν
3416 444 3600 501 πόνων

350 553 458 609 que
485 536 741 591 solatium
796 544 904 591 tam
952 534 1190 601 ,l‘erventi
1235 538 1514 609 proposito
1550 537 1656 593 Deo
1702 538 1920 606 obtulit,

350 627 701 699 qnandonam
779 624 992 685 caeteris
1050 625 1249 680 creatis
1316 626 1483 681 rebus
1550 627 1926 701 pepercisset?

350 719 675 789 Quanquam
732 726 787 772 et
846 715 1018 777 sacris
1057 715 1280 775 Litteris
1318 718 1568 788 nuspiam
1611 726 1920 791 appareret,

350 817 477 865 voto
536 815 632 861 aut
694 806 1107 865 consecratione
1162 805 1422 863 [cruminam
1492 806 1601 864 Deo
1681 809 1920 865 oblatam

352 902 544 965 fuisse,
570 899 807 954 maxime
833 912 963 953 vero
1006 912 1127 968 quae
1180 898 1232 953 in
1270 899 1473 968 templo
1499 914 1779 957 sacrarum
1839 915 1924 955 re-

351 1011 470 1051 rum
530 992 798 1050 ministris
829 1001 1349 1059 connumeraretnr;
1380 991 1497 1060 ipsa
1543 998 1720 1049 tamen
1754 992 1924 1048 divini

350 1088 551 1144 amoris
602 1101 830 1141 excessu
874 1084 1179 1140 inauditum
1214 1083 1316 1139 hoc
1349 1081 1559 1139 facinus
1586 1083 1920 1153 aggreditur,

350 1181 688 1252 praesignans
733 1179 786 1235 in
843 1175 1206 1247 promissione
1257 1191 1455 1235 novum
1490 1175 1645 1238 illud,
1687 1175 1831 1246 quod
1866 1190 1925 1232 re

349 1275 464 1343 ipsa
498 1272 741 1331 futurum
778 1279 913 1324 erat.
943 1267 1112 1327 Unica
1147 1267 1289 1325 enim
1325 1267 1412 1323 illa
1434 1281 1464 1321 e
1492 1280 1625 1323 sexu
1652 1265 1923 1330 muliebri.

351 1381 474 1436 quae
518 1366 632 1420 sola
682 1362 936 1434 primitiae
994 1368 1111 1415 erat
1164 1368 1373 1417 naturae
1415 1360 1687 1423 humanae,
1720 1366 1775 1411 et
1817 1359 1926 1415 Deo

352 1458 601 1512 dedicata
621 1454 747 1518 fuit,
768 1463 822 1510 et
853 1464 1115 1524 tanquam
1148 1450 1604 1522 pretiosissimum
1631 1449 1922 1509 donarium

353 1551 464 1605 Deo
501 1547 710 1603 reddita
745 1544 879 1618 (l8).

426 1661 570 1723 XIV.
606 1664 700 1718 Hze
733 1660 921 1717 felices
968 1660 1238 1729 iustorum
1295 1656 1513 1711 illorum
1564 1663 1769 1721 sortes,
1809 1654 1925 1715 ha‘c

2025 541 2401 613 παραμυθίαν,
2433 540 2577 595 οὕτω
2609 538 2809 611 ζεούσῃ
2859 538 3179 610 προαιρέσει
3243 537 3364 607 Θεῷ
3405 537 3601 593 ἀνατι-

2026 633 2152 705 θησι
2176 647 2191 663 ’
2226 633 2358 688 πότε
2415 634 2481 688 ἂν
2535 634 2633 704 τῆς
2667 633 2862 704 λοιπῆς
2905 630 3162 702 ἐφείσατο
3200 630 3473 699 scelestae;
3505 630 3600 684 καί

2030 744 2113 781 τοι
2134 726 2237 781 οὐκ
2266 727 2331 783 ἄν
2364 743 2463 780 που
2486 725 2587 796 τῆς
2617 724 2842 796 Γραφῆς
2864 722 3227 793 κατανοηθείη
3250 723 3309 777 έν
3357 724 3603 791 ἐπαγγε-

2025 819 2218 890 λίαιςῆ
2253 820 2310 873 ἐν
2338 818 2661 889 ἀφιερώσει,
2693 817 2814 882 Θεῷ
2865 814 3252 887 ἀνατιθέμενον
3289 814 3447 884 θῆλυ,
3507 815 3604 868 καὶ

2029 910 2266 981 μάλιστα
2287 912 2345 962 ὲν
2372 910 2450 980 τῷ
2477 910 2593 980 ναῷ
2622 910 2737 972 τοῖς
2769 907 3104 978 λειτουργοῖς
3156 905 3603 978 συναριθμούμε-

2023 1019 2114 1055 νον
2138 1017 2152 1032 ·
2185 1001 2301 1055 ἀλλ’
2331 1001 2480 1071 ὅμως
2507 999 2779 1070 ὑπερϐολῇ
2806 997 3103 1069 φιλοθετας,
3124 995 3263 1067 αὕτη
3289 998 3606 1066 καινουργεϊ

2025 1092 2202 1158 τοῦτο,
2257 1094 2316 1147 ὲν
2375 1091 2681 1162 ἐπαγγελίᾳ
2747 1088 3184 1163 προφητεύουσα,
3235 1088 3334 1158 τὴν
3384 1087 3605 1142 ἔσεσθαι

2028 1184 2335 1256 μέλλουσαν
2363 1187 2421 1239 έν
2446 1182 2525 1255 τῷ
2557 1183 2845 1254 πράγματι
2868 1180 3247 1252 καινοτομίαν.
3292 1180 3448 1249 Μόνη
3493 1177 3604 1247 γὰρ

2026 1278 2126 1347 τῆς
2151 1276 2468 1345 γυναικείας
2501 1276 2737 1346 φύσεως,
2768 1276 2802 1346 ἡ
2858 1274 2995 1346 μόνη
3038 1272 3139 1342 τῆς
3185 1269 3606 1341 ἀνθρωπότητος

2025 1368 2273 1440 ἀπαρχὴ,
2303 1370 2397 1424 καὶ
2436 1367 2709 1438 ὐπεσχέθη
2734 1368 2827 1421 καὶ⁸
2853 1365 3160 1436 ὑπέρτιμον
3190 1360 3430 1431 ἀπεδόθη
3483 1360 3604 1429 8εῷ

2026 1462 2303 1534 ἀνάθημα.

2100 1664 2196 1718 ΙΔ’.
2230 1664 2469 1718 Τοιαῦτα
2494 1663 2564 1716 τὰ
2588 1662 2696 1726 τῶν
2756 1659 2982 1715 δικαίων
3033 1653 3488 1726 πλεονεκτήματά
3545 1669 3604 1706 τε

354 1770 546 1811 eorum
576 1762 708 1810 sunt
757 1760 927 1823 gesta.
954 1750 1020 1806 lli
1069 1757 1198 1805 sunt
1225 1747 1485 1801 virtutum
1520 1744 1765 1816 ipsorum
1793 1745 1927 1801 cbav

2039 1757 2123 1810 καὶ
2141 1755 2479 1826 διηγήματα.
2510 1746 2680 1817 Οὗτος
2713 1752 2822 1806 τῶν
2858 1749 3073 1821 ἀρετῶν
3095 1748 3275 1802 αὐτῶν
3301 1747 3351 1800 οι
3387 1744 3605 1814 φαιδροὶ

355 1856 602 1904 τιειιιτεε
634 1845 897 1914 insignes,
935 1842 1030 1912 qui
1071 1839 1239 1896 animi
1277 1844 1613 1894 venustatem
1652 1835 1923 1893 sinceram

355 1950 520 2009 atque
564 1952 778 2000 eorum,
827 1936 920 2006 qui
963 1945 1092 1991 ante
1146 1932 1503 1995 cluruerant,
1564 1927 1926 1998 praecellentia

355 2030 801 2103 splendidiorem,
860 2041 999 2082 nova
1027 2025 1143 2081 luce
1198 2024 1609 2080 collustrarunt.
1630 2019 1929 2090 Oportebat

355 2124 587 2189 scilicet,
651 2130 706 2175 ut
747 2122 850 2175 hoc
902 2119 1131 2182 donum,
1169 2117 1255 2173 cui
1291 2117 1438 2172 nulla
1487 2113 1796 2184 comparari
1841 2129 1929 2170 res

355 2224 535 2272 creata
596 2221 796 2284 potest,
847 2226 911 2268 ex
951 2208 1322 2282 praeminenti
1365 2207 1633 2264 electione
1662 2206 1926 2277 prodiret.

332 2306 653 2377 'Oportebnt
688 2314 749 2362 ut
783 2304 1146 2361 sanctissimae
1173 2302 1253 2357 hae
1272 2300 1474 2356 divitia:
1519 2316 1580 2353 ex
1612 2298 1928 2368 locupletis-

358 2398 519 2455 simis
542 2396 838 2453 virtutibus
860 2402 1198 2451 emanarent.
1220 2392 1540 2462 Oportebat,
1574 2400 1633 2447 ut
1660 2406 1729 2446 ex
1766 2391 1932 2448 tantis

361 2488 637 2544 laboribus
681 2495 869 2544 tantus
925 2485 1224 2543 referretur
1272 2483 1519 2550 fruetus;
1552 2492 1610 2541 ut
1656 2498 1725 2538 ex
1762 2482 1932 2537 nobili

360 2580 544 2636 radice
567 2578 968 2634 nobilissimum
1005 2574 1275 2635 emoreret
1290 2588 1547 2644 germen;
1580 2588 1756 2643 exque
1776 2573 1933 2633 bonis

361 2671 562 2726 lumbis
584 2670 824 2740 optimus
839 2668 1155 2724 redderetur
1173 2665 1336 2732 fetus,
1357 2680 1574 2735 semper
1596 2665 1776 2721 virens
1797 2664 1931 2735 (l9),

362 2761 494 2817 illud
525 2761 739 2831 generis
766 2761 953 2823 decus,
987 2757 1411 2830 pulcherrimum
1450 2766 1660 2812 natura:
1691 2772 1933 2827 germen,

363 2859 595 2903 truncus
632 2847 721 2901 ille
782 2846 1025 2917 nIySIerii
1057 2846 1111 2899 in
1160 2845 1328 2900 altum
1354 2846 1602 2911 tendens,
1637 2861 1799 2916 equo
1834 2846 1936 2900 im—

364 2937 713 2993 mortalitatis
746 2936 848 2992 llos
903 2938 1208 2992 ascendens
1264 2951 1554 3005 perennem
1600 2937 1784 2991 odoris
1811 2951 1938 2992 sua-

2027 1848 2395 1920 χαρακτῆρες,
2430 1847 2480 1900 οῑ
2513 1845 2612 1917 τὴν
2640 1845 2833 1913 εὐγενῆ
2864 1845 2964 1913 τῆς
2996 1841 3176 1912 ψυχῆς
3204 1841 3300 1895 καὶ
3351 1839 3609 1909 λαμπρο-

2027 1941 2193 2010 τέραν
2217 1938 2325 1991 τῶν
2370 1936 2776 2008 προφανέντων,
2815 1930 3244 2004 ὲναπήστραψαν
3271 1928 3606 2001 ὡραιότητα.

2031 2031 2179 2084 Ἔδει
2209 2030 2316 2100 γάρ
2345 2029 2404 2094 ἐξ
2426 2028 2802 2099 ὑπερεχούσης
2839 2026 3073 2095 ἐκλογῆς
3127 2024 3229 2093 τὴν
3268 2020 3609 2089 ἀσύγκριτον

2026 2124 2087 2175 ὲν
2133 2122 2413 2189 γεννητοῖς
2459 2119 2743 2190 προελθεῖν
2786 2117 2996 2188 δωρεάν
3022 2132 3036 2147 ·
3091 2115 3200 2173 ἔδει
3251 2114 3310 2180 ἐξ
3359 2111 3610 2181 ἀφθόνων

2029 2213 2239 2285 ἀρετῶν
2290 2213 2383 2266 τὸν
2439 2212 2740 2282 ὐπεράγιον
2793 2206 3076 2279 έπιόρίσαι
3136 2201 3388 2258 πλοῦτον.
3458 2199 3610 2253 Ἔδει

2028 2304 2284 2359 τοιούτων
2313 2303 2490 2357 πόνων
2508 2301 2749 2355 τοιοῦτον
2777 2297 3214 2369 συγκομισθῆναι
3244 2294 3338 2349 τὸν
3367 2291 3605 2364 καρπὸν,

2029 2397 2095 2448 ὲκ
2123 2395 2279 2465 ῥίζης
2307 2392 2563 2463 εὐγενοῦς
2609 2392 2999 2460 εὐγενέστατον
3037 2389 3307 2458 ὲκφυῆναι
3362 2380 3608 2455 βλαστὸν,

2030 2490 2092 2557 ἐξ
2124 2489 2333 2560 ἀγαθῆς
2369 2488 2572 2558 ὀσφύος
2603 2487 2955 2558 ἀγαθώτατον
3009 2483 3336 2554 ἀναδοθῆναι
3374 2481 3564 2550 κύημα
3592 2492 3608 2508 ο

2031 2583 2091 2637 τδ
2119 2583 2370 2646 ἀειθαλὲς
2401 2581 2498 2635 τοῦ
2527 2582 2723 2649 γένους
2751 2576 3202 2649 έγκαλλῶπισμα,
3233 2572 3295 2628 τὸ
3359 2572 3460 2641 τῆς
3502 2567 3608 2638 φύ·

2035 2691 2173 2738 σεως
2198 2674 2532 2744 ὡραιότατον
2563 2671 2875 2743 βλάστημα,
2904 2669 2966 2725 τδ
2994 2665 3245 2739 bene»;
3273 2660 3369 2717 τοῦ
3405 2675 3615 2731 μυστη-

2036 2760 2154 2832 ρίου
2189 2760 2458 2831 στέλεχος.
2489 2759 2546 2826 ἐξ
2578 2753 2641 2814 οὗ
2683 2757 2744 2812 τδ
2794 2759 2895 2829 τῆς
2949 2755 3251 2817 ἀθανασίας
3302 2749 3612 2822 ἀναδραμὸν
3686 2783 3711 2797 κ

2035 2852 2216 2919 ἄνθος,
2244 2852 2344 2922 τὴν
2372 2851 2544 2906 ἀΐδιον
2577 2851 2898 2907 διέπνευσεν
2953 2849 3203 2934 εὐωδίαν,
3238 2841 3302 2903 οὗ
3340 2848 3368 2901 ὁ
3398 2843 3614 2916 καρπὸς

2038 2943 2153 3017 ζωὴ
2184 2944 2280 2999 καὶ
2314 2940 2592 3014 ἀφθαρσία
2623 2944 2717 2997 καὶ
2745 2942 2978 3011 διαμονὴ
3012 2943 3128 3006 τοῖς
3160 2938 3447 3010 μετέχουσι
3476 2937 3613 2989 πᾶσι

362 3032 585 3086 vitatem
617 3028 915 3095 exhalavit,
943 3028 1102 3100 cujus
1158 3028 1368 3085 fruetus
1422 3037 1505 3084 est
1536 3028 1645 3084 vita
1673 3038 1727 3084 et
1755 3028 1936 3085 ineor-

2039 3035 2379 3091 καθίσταται.
2425 3035 2568 3087 Ἀλλ’
2597 3033 2672 3098 ὡς
2703 3033 3095 3105 δεδοξασμένον
3144 3032 3207 3085 τὸ
3268 3029 3476 3083 τούτων
3532 3028 3613 3090 εἰς

366 3125 543 3193 ruptio
568 3132 622 3177 et
645 3122 915 3177 stabilitas
951 3129 1207 3192 perpetua
1245 3121 1311 3177 iis
1339 3121 1614 3186 omnibus,
1647 3121 1740 3192 qui
1766 3122 1931 3191 parti-

2039 3128 2239 3191 αῑῶνας
2271 3126 2773 3199 συμπαρατείνεται
2808 3124 3190 3197 μνημόσυνονῑ
3263 3122 3351 3185 Ὠς
3385 3118 3614 3188 ἀναφαὶο

363 3214 512 3283 eipes
536 3210 679 3267 illius
696 3212 825 3268 sint.
848 3208 1044 3265 Verum
1065 3226 1227 3283 quam
1246 3211 1481 3283 gloriosa
1513 3210 1708 3265 borum
1730 3226 1936 3267 memo-

2039 3236 2196 3291 ρετον
2222 3219 2402 3274 αὐτῶν
2421 3218 2668 3289 διαμένει
2689 3218 2752 3271 τὸ
2790 3217 2945 3287 κλέος
2972 3233 2988 3248 ·
3045 3216 3121 3279 ὡς
3153 3213 3402 3286 μακαρία
3438 3210 3537 3281 μὲν
3574 3211 3607 3280 ἡ

366 3304 445 3359 ria
510 3303 563 3358 in
627 3303 829 3360 saecula
902 3302 1282 3373 protenditur!
1360 3318 1524 3372 quam
1574 3302 1722 3373 jugis
1774 3310 1937 3373 atque

2039 3311 2258 3383 ἐκλογὴ,
2290 3311 2625 3384 μακαριστὸν
2646 3310 2702 3364 δὲ
2727 3309 2906 3365 αὐτῶν
2937 3308 3000 3362 τδ
3029 3311 3088 3364 έν
3117 3308 3342 3379 ἀρεταῖς
3396 3303 3611 3363 εὐδόκι-

365 3394 673 3450 indelebilis
734 3394 978 3464 ipsorum
1006 3394 1179 3464 gloria
1208 3395 1553 3465 perseverat!
1588 3409 1748 3463 quam
1782 3394 1937 3449 beata

2042 3420 2165 3473 μον,
2198 3403 2266 3456 δι’
2299 3402 2362 3456 οὗ
2389 3403 2484 3455 καὶ
2512 3402 2571 3455 τὸ
2627 3401 2922 3471 ὲκλεγῆναι
2978 3400 3163 3462 αὐτοῖς
3221 3395 3609 3468 προσεγένετο.

366 3488 581 3551 electio,
616 3501 680 3541 ac
726 3502 891 3558 porro
929 3487 1243 3542 beatissima
1307 3487 1427 3541 laus
1458 3487 1676 3542 virtutis
1723 3502 1937 3551 eorum,

2039 3496 2139 3549 Διά
2166 3494 2324 3550 τοῦτο
2346 3494 2445 3564 τὴν
2481 3492 2727 3565 βασιλίδα
2777 3491 2873 3546 τοῦ
2924 3490 3143 3556 παντὸς,
3203 3488 3279 3553 ὼς
3331 3484 3612 3547 εὐσεϐείας

374 3597 468 3653 per
501 3596 665 3652 quam
718 3588 777 3633 ιιι
801 3579 1132 3650 eligerentur
1174 3581 1305 3649 ipsis
1347 3581 1603 3653 contigit!
1642 3579 1936 3653 Propterea

2043 3587 2138 3642 καὶ
2173 3586 2405 3658 κράτους
2425 3586 2637 3656 καρπον
2662 3584 2973 3655 ἀποκυῆσαι
2991 3579 3430 3652 κατηξιώθησαν.
3465 3577 3612 3631 Ἔδει

370 3675 515 3729 enim
581 3673 961 3727 universorum
1026 3671 1268 3742 reginam
1327 3682 1586 3744 tanquam
1631 3675 1849 3743 pietatis
1878 3690 1937 3731 ac

2041 3679 2108 3731 έκ
2139 3677 2433 3747 βασιλικῶν
2462 3677 2786 3748 φυτουργῶν
2823 3675 2923 3745 τὴν
2954 3673 3225 3749 βασίλειόν
3258 3689 3319 3725 σε
3349 3668 3614 3738 ἀναδοθῖγ·

369 3763 707 3821 ιοτιίιιιόἰιιίε
799 3761 1034 3816 fructum
1108 3763 1432 3833 progignere
1501 3776 1838 3820 meruerunt.
1902 3767 1937 3821 E

2039 3785 2125 3823 ναι
2160 3768 2386 3840 ῥάϐδονο
2421 3767 2527 3822 ἔδει
2572 3767 2637 3822 ὲκ
2673 3765 2997 3835 περιουοιῶν
3035 3764 3244 3837 ἀρετῶν
3261 3762 3352 3817 τὸν
3384 3757 3615 3828 ἀιρθονόν

369 3854 644 3924 regalibus
673 3851 884 3908 scilicet
906 3852 1336 3923 plantationibus
1366 3863 1416 3908 te
1459 3855 1694 3926 regalem
1733 3857 1937 3927 virgam

2039 3877 2097 3913 τε
2126 3860 2236 3913 τῶν
2257 3861 2477 3929 ἀγαθῶν
2504 3859 2877 3932 ὐπερχεθῆναι
2908 3857 3167 3911 πλοῦτον·
3200 3855 3309 3909 ἔδει
3349 3870 3409 3907 σε
3433 3850 3612 3906 τοιού-

370 3945 602 4016 prol‘erri
664 3943 974 4014 oportebat.
1040 3941 1337 4014 Oportebat
1406 3952 1465 3998 ut
1513 3959 1580 3999 ex
1636 3947 1937 4015 omnigenis

2039 3969 2147 4006 των
2177 3952 2278 4023 μὲν
2318 3952 2572 4023 πατέρων
2616 3952 2952 4023 χρηματίσαι
2992 3948 3287 4025 θυγατέρα,
3330 3946 3527 4007 αὐτοὺς
3558 3942 3616 3997 δὲ

369 4037 665 4094 virtutibus
694 4046 772 4107 tu,
806 4035 1187 4108 capiosissima
1222 4038 1486 4091 bonorum
1523 4040 1766 4092 ontniunl
1802 4056 1940 4110 opu-

446 4291 557 4363 (18)
593 4288 703 4344 Fac
765 4287 1069 4363 perpendas
1124 4289 1427 4363 rationem,
1480 4300 1703 4363 propter
1778 4306 1940 4363 quam

372 4359 635 4431 tanquam
694 4359 933 4431 maxime
969 4373 1283 4431 congruum
1346 4360 1397 4413 id
1460 4361 1743 4431 probatur,
1792 4359 1941 4430 quod

375 4428 576 4491 novum
596 4428 822 4485 omnino
844 4438 897 4484 et
930 4428 1165 4484 alienum
1199 4444 1227 4481 a
1253 4430 1529 4487 communi
1564 4430 1681 4496 lege
1714 4428 1945 4485 censen-

373 4480 503 4558 drum
540 4501 659 4563 fuit,
696 4480 959 4553 feminam
977 4480 1172 4567 nempe
1198 4480 1309 4552 Deo
1325 4480 1944 4566 ιῆιὶεῑιῷιόἕάηέἑέἕεῐὲί.
1979 4480 2022 4535 D

374 4575 538 4642 Quia,
572 4569 990 4642 inquit_au_etor,
1016 4567 1271 4642 primitiae
1303 4567 1413 4642 Deo
1435 4567 1753 4623 dedicandae
1778 4580 1940 4642 sunt;

376 4637 495 4701 sola
527 4637 692 4712 porro
726 4637 897 4712 Maria
944 4637 1313 4712 primitiarum
1349 4639 1599 4712 humanas
1625 4648 1834 4712 naturae
1869 4637 1947 4697 ln-

376 4729 502 4768 cum
531 4707 706 4767 tenet.
767 4708 935 4762 Maria
978 4721 1106 4776 ergo
1138 4707 1347 4776 primus
1399 4718 1454 4762 et
1499 4709 1694 4764 unicus
1736 4711 1947 4767 fructus

380 4783 726 4855 przedicatur,
785 4792 948 4855 quem
1006 4784 1197 4855 natura
1249 4777 1487 4855 humana
1536 4786 1796 4855 tanquam
1852 4780 1946 4855 Dei

376 4845 601 4922 dignum
633 4845 816 4922 instar
858 4845 1223 4922 primitjarum
1270 4848 1468 4922 oﬂerre
1502 4845 1706 4922 posset.
1755 4848 1947 4922 Qogita

380 4916 529 4987 vero,
559 4923 700 4976 hanc
747 4920 816 4975 de
869 4920 983 4988 ipsa
1032 4916 1274 4988 Deiparae
1326 4916 1696 4987 Conceptione
1724 4916 1944 4987 eﬂ‘erri;

379 5010 445 5050 ac
473 4990 769 5062 perspicies
804 4987 971 5053 illico,
996 4987 1267 5062 ejusmodi
1297 4990 1622 5057 sententias,
1655 5006 1793 5060 quas
1827 4991 1948 5060 plus

375 5057 546 5119 semel
601 5057 659 5116 in
721 5061 966 5128 Patrum
1002 5057 1220 5125 scriptis
1258 5060 1438 5128 legere
1495 5069 1600 5125 est,
1655 5057 1720 5116 ex
1785 5057 1946 5117 insita

377 5135 514 5203 ipsis
538 5131 895 5202 persuasione
938 5127 1006 5183 de
1061 5137 1253 5185 saneta
1300 5127 1542 5200 θείνει-ιε
1577 5130 1948 5202 Conceptions

379 5214 574 5274 Sponte
597 5203 900 5274 dimanare.

449 5273 569 5342 (19)
603 5270 881 5325 Sententia
913 5282 1021 5338 qua
1051 5271 1335 5341 Deiparam
1363 5279 1461 5342 aut
1491 5285 1706 5340 semper
1732 5287 1947 5340 puram,

377 5339 470 5396 ant
497 5339 710 5409 semper
727 5348 995 5410 sanctam,
1016 5351 1108 5395 aut
1130 5339 1344 5409 setnper
1362 5339 1470 5395 Deo
1490 5339 1710 5399 cltaram
1728 5339 1950 5410 proﬁte-

380 5425 527 5474 rnur,
554 5408 956 5479 ejusmodiest,
982 5424 1102 5476 quae
1134 5408 1380 5468 eamdem
1409 5410 1461 5465 in
1487 5413 1605 5479 ipsa
1625 5412 1709 5465 sui
1731 5408 1947 5467 Conce-

379 5482 566 5601 Etione
582 5480 650 5533 ab
672 5478 817 5532 onmi
838 5478 959 5530 labe
979 5495 1195 5547 puram,
1214 5496 1278 5536 ac
1298 5478 1544 5536 sanctam
1566 5482 1723 5549 plane
1742 5484 1946 5550 exigat.

408 5549 524 5601 ‘reo
557 5547 886 5601 immaculati
908 5545 1142 5601 Virginis
1170 5553 1474 5601 Correentus
1498 5551 1755 5601 disertam
1789 5551 1946 5601 habe-

408 5549 524 5620 irgo
557 5547 886 5604 immaculati
908 5545 1142 5620 Virginis
1170 5545 1755 5620 Conceptusdisertam
1788 5545 1951 5610 hibe-

379 5636 525 5691 rnus
559 5622 960 5691 professionem
1012 5619 1181 5675 etiam
1229 5621 1283 5675 in
1316 5620 1423 5676 hoc
1463 5619 1648 5681 Jacobi
1685 5622 1826 5683 loco,
1857 5622 1949 5677 ubi

386 5688 660 5761 Virginem
692 5691 920 5760 appellat
943 5693 1159 5761 generis
1202 5691 1425 5746 humani
1471 5707 1675 5759 semper
1697 5693 1947 5746 virentem

380 5760 783 5831 gloriationctn.
808 5761 920 5818 Nisi
957 5760 1097 5818 forte
1119 5762 1298 5816 minus
1326 5762 1537 5817 roboris
1563 5761 1748 5819 Jacobi
1771 5762 1949 5817 verbis

2040 4043 2307 4115 θυγατρὸς
2350 4041 2610 4115 τοιαύτης
2641 4041 3027 4114 ἀναδειχθῆναι
3065 4038 3330 4109 πατέρας.
3371 4035 3478 4090 Καὶ
3507 4033 3617 4104 γὰρ

2054 4293 2234 4347 inesse
2266 4291 2388 4346 ideo
2416 4289 2542 4359 quis
2596 4298 2769 4360 putet,
2802 4286 2931 4361 quia
2966 4287 3205 4361 figurata
3238 4286 3424 4361 utitur
3466 4285 3617 4342 loeu-

2056 4365 2220 4431 tione.
2262 4364 2326 4414 At
2361 4355 2492 4431 quid
2553 4355 2783 4431 mirum,
2805 4355 2849 4414 si
2880 4373 2943 4415 ea
2994 4355 3207 4411 dicendi
3232 4356 3461 4410 formula
3478 4373 3619 4431 usus

2057 4441 2140 4487 est
2165 4428 2425 4497 Iacobus,
2454 4446 2629 4501 quam
2648 4430 2900 4500 pluribus
2923 4441 3285 4501 communem
3316 4428 3619 4501 reperimus

2048 4502 2181 4625 grue
2236 4501 2303 4556 de
2363 4496 2423 4556 re
2473 4496 2539 4556 in
2600 4496 3050 4564 Gotnmeutario),
3083 4504 3138 4551 et
3172 4498 3228 4550 in
3273 4496 3409 4564 ipsis
3445 4500 3617 4553 sacris

2100 4572 2287 4625 rientis
2333 4570 2589 4625 Ecclesiae
2646 4569 2849 4625 Olliciis
2891 4569 3091 4625 saepius
3147 4564 3475 4625 repetitam?
3511 4567 3617 4621 Aut

2100 4564 2287 4626 rientis
2333 4570 2589 4626 Ecclesiae
2646 4569 2849 4625 Olliciis
2891 4569 3091 4637 saepius
3147 4564 3475 4637 repetitam?
3511 4567 3620 4621 Aut

2048 4655 2323 4711 quaenam,
2355 4642 2671 4709 quaesthic
2704 4636 3390 4711 intelligereturviriditas,
3424 4649 3620 4711 praeter

2048 4706 2190 4782 eant,
2221 4706 2386 4781 cujus
2418 4712 2593 4782 gratia
2626 4721 2679 4782 et
2716 4706 2924 4782 ramus
2949 4706 3236 4782 mysticus,
3276 4712 3333 4782 et
3371 4706 3622 4782 pulcher-

2048 4781 2249 4853 rimum
2285 4775 2509 4853 'gerrn'en
2544 4781 2749 4853 ibidem
2779 4775 3176 4853 proclauiatnr?
3204 4775 3447 4853 Denique
3472 4777 3617 4853 nulla

2049 4846 2361 4907 obscuritas
2389 4861 2472 4906 est
2500 4852 2551 4905 in
2587 4846 2864 4905 locutione
2900 4850 3149 4917 ﬁgurata,
3189 4846 3409 4917 quando
3434 4850 3617 4901 ornni-

2049 4921 2153 4975 bus
2176 4933 2301 4976 nota
2331 4929 2413 4976 est
2442 4936 2506 4975 ac
2552 4930 2764 4989 recepta
2822 4914 3111 4981 sentientis,
3145 4914 3267 4989 quae
3303 4914 3490 4989 ﬁguris
3516 4918 3621 4989 ob-

2049 4991 2310 5047 volvitur.
2369 4992 2440 5044 At
2493 4991 2634 5045 hanc
2677 4984 3019 5047 sententiam
3071 4984 3415 5042 notissimam
3450 4984 3622 5043 fuisse

2050 5061 2177 5131 inde
2208 5069 2375 5131 patet,
2400 5061 2547 5131 quod
2578 5062 2630 5114 in
2658 5061 2791 5129 ipsis
2820 5060 2991 5115 sacris
3022 5056 3315 5131 Orientalis
3363 5055 3621 5111 Ecclesia:

2050 5127 2255 5187 Olliciis
2285 5127 2509 5201 Deipara
2534 5147 2640 5185 non
2666 5127 2826 5185 modo
2869 5138 3150 5201 tanquam
3171 5127 3461 5201 nullonou
3486 5136 3620 5201 teni-

2050 5216 2184 5271 pore
2239 5196 2431 5257 sancta
2487 5200 2885 5263 celebrabatur,
2925 5196 3019 5271 sed
3072 5198 3153 5271 vel
3207 5196 3619 5271 sublimissimis

2052 5268 2338 5340 Seraphim
2385 5287 2586 5339 semper
2633 5272 2907 5340 seuerior,
2928 5268 3023 5340 Sgic
3053 5268 3198 5340 enim
3232 5271 3286 5321 in
3320 5268 3459 5340 festo
3480 5281 3617 5340 san-7

2051 5343 2122 5396 eti
2151 5335 2411 5411 martyris
2465 5335 2836 5411 Atltellogenis
2889 5338 3056 5411 (Men.
3096 5339 3200 5411 die
3257 5352 3370 5399 va,
3404 5335 3515 5411 Jul,
3550 5338 3618 5392 ad

2054 5407 2316 5470 Ilatutinf
2345 5412 2448 5465 Od.
2500 5413 2571 5478 γ’)
2618 5428 2631 5463 ;
2686 5407 2844 5464 Cwlis
2889 5407 3164 5463 sublimior
3213 5407 3532 5477 apparuisti,
3590 5424 3621 5458 ο

2051 5481 2331 5544 Innoceus,
2361 5492 2409 5535 et
2435 5478 2713 5548 Serap/tim
2736 5496 2937 5548 semper
2985 5479 3243 5540 sanctior,
3277 5487 3454 5545 utpote
3505 5493 3622 5548 qua:

2053 5556 2418 5607 universorum
2483 5551 2769 5605 Dominum
2825 5567 2888 5603 ac
2947 5548 3138 5619 Regem
3206 5565 3370 5619 supra
3404 5558 3624 5619 natura:

2053 5625 2188 5692 leges
2228 5620 2729 5692 9οηιιίειὶ.(”Ωφθης
2762 5618 3037 5691 οὐρανῶν,
3070 5618 3621 5692 Ἁγνὴ-ὑψηλοτέρα,

2052 5688 2150 5748 κάι
2202 5688 2312 5746 τῶν
2360 5688 2619 5762 Σεραφὶμ
2647 5688 2744 5762 ἀει,
2777 5688 3075 5759 ἁγιωτέρα,
3109 5690 3188 5755 ὡς
3223 5688 3333 5742 τῶν
3366 5688 3622 5743 ἁπάντων

2052 5766 2330 5834 Δεσπότην
2364 5760 2457 5819 καὶ
2471 5760 2704 5819 Βασιλέα
2725 5760 3018 5831 ὑπερφυῶς
3047 5762 3480 5831 κυοφορήσασα).
