4130 6202
445 260 552 323 5θὸ
1267 258 1552 320 ORATIO
1586 260 1665 319 IN
1702 258 2026 320 CONCEP'I

2132 259 2291 321 NEM
2329 260 2432 320 SS.
2474 258 2700 321 DEIPA
2714 259 2854 320 ΜΕ.
3613 260 3721 324 566

440 375 625 444 ὥςπερ
657 374 720 427 σὺ
745 373 843 444 τῆς
866 374 1083 444 ἀπάσης
1106 374 1336 437 κτίσεως
1367 375 1447 438 είς
1470 375 1604 429 Θεοῦ
1636 375 1872 446 Μητέρα
1900 391 2026 444 προ-

2146 374 2331 439 lm’m,
2365 375 2634 444 prmlires.
2665 372 2980 442 Oportebat,
3016 379 3074 427 ut
3120 371 3388 443 ejusmodi
3426 384 3716 445 parentum

437 465 711 535 εξῑλέγης,
734 465 909 529 οὕτως
938 466 1094 519 αὐτοὶ
1123 465 1229 519 τῶν
1252 466 1521 525 τεκόντων
1551 466 1810 521 ἁπάντων
1840 483 2026 536 προτι-

2140 476 2196 522 tu
2238 483 2387 523 esses
2454 467 2583 530 tilia,
2635 466 2736 534 ipsi
2790 479 2920 520 vero
2977 464 3251 534 ejusmodi
3296 463 3419 519 tiliae
3467 476 3720 535 parentes

443 558 685 628 μηθῆναι
715 557 1153 630 κατηξιώθησαν.
1196 559 1284 622 Ὦς
1319 558 1849 631 ὁπερδεδοξασμένον
1900 557 2026 628 γοῦν

2138 569 2343 615 essent.
2380 558 2535 614 Sicut
2587 560 2732 613 enim
2785 558 2838 612 in
2888 557 2981 612 Dei
3029 557 3255 613 Matrem
3305 573 3415 628 pra:
3462 558 3720 617 omnibus

440 652 500 703 τὸ
532 651 630 721 τῆς
671 652 1016 723 προμηθείας
1060 651 1344 723 μεγαλεῖον
1375 667 1389 681 '
1419 652 1495 714 ὡς
1521 652 1727 721 ἐφετῶν
1775 650 2026 706 ἁπάντων

2138 652 2407 706 creaturis
2442 650 2727 722 praeelecla
2766 659 2824 706 tu
2856 651 3040 717 fuisti;
3075 654 3155 707 sic
3186 651 3285 722 ipsi
3318 668 3428 727 prae
3460 652 3721 707 omnibus

441 745 817 816 ποθεινότερα,
848 744 916 798 τὶ
945 744 1034 798 διά
1065 744 1157 798 σοῦ
1187 745 1608 815 παραγενόμενα
1640 743 1801 798 καλά.

2134 745 2477 814 genitoribus
2489 744 2844 799 condecorari
2864 754 3303 814 promerueruut.
3331 743 3502 808 Quam
3528 745 3716 813 itaque

439 839 589 894 omni
629 839 802 909 gloria
861 839 1037 909 major
1091 848 1175 894 est
1228 838 1581 908 providentim
1622 837 1820 892 divina:
1876 834 2311 908 magniﬁcentia!
2370 854 2535 909 quam
2598 836 2985 893 desiderabilia
3019 851 3129 907 pra:
3160 837 3371 891 cunctis
3423 835 3722 891 desidera-

441 934 640 991 bilibus
662 942 793 988 sunt
822 932 985 1001 bona,
1011 949 1131 1004 quae
1157 949 1251 1004 per
1282 944 1330 987 te
1368 941 1520 1002 parta
1552 942 1681 987 sunt
1706 935 1720 987 l
1916 968 1923 975 ρ

510 1025 895 1098 Λαληθήσεται
934 1024 1045 1095 γὰρ
1071 1027 1184 1088 τοῖς
1217 1024 1352 1079 πᾶσι
1382 1022 1451 1076 τά
1497 1024 1628 1094 περ).
1658 1021 1753 1077 σού
1784 1039 1798 1054 ο
1854 1021 2025 1091 λαλη-

444 1120 669 1191 θήσεται
703 1119 796 1172 καὶ
830 1118 1256 1190 κηρυχθήσεται,
1287 1119 1389 1173 οὐκ
1423 1122 1513 1175 ἐπὶ
1546 1118 1649 1188 γῆς
1675 1116 1857 1187 μόνον,
1890 1114 2028 1169 ἀλλά

444 1214 541 1266 καὶ
572 1215 631 1266 ὲν
657 1212 906 1284 οὐρανοῖς
944 1229 959 1243 ·
992 1210 1096 1264 οὐκ
1127 1211 1501 1282 ἀνθρωπίναις
1523 1213 1738 1276 ἀκοαῖς,
1771 1210 1906 1264 ἀλλὰ
1936 1211 2029 1273 xui

446 1302 619 1366 θείαις
649 1301 1046 1374 ὲνηχηθὴσεται
1068 1303 1308 1373 νοήσεσι.
1339 1303 1451 1356 Kal.
1475 1303 1582 1372 γὰρ
1613 1305 1639 1355 ό
1663 1300 1827 1357 Δαυῗδ
1855 1300 2028 1354 ταῦτα

446 1393 893 1464 προανεφὼνησε,
937 1394 1030 1447 καὶ
1059 1393 1136 1458 ὡς
1164 1392 1468 1465 γενομένην
1503 1393 1602 1464 τὴν
1631 1394 1741 1447 τῶν
1798 1391 2021 1463 μελλόν-

445 1505 555 1545 των
593 1485 1318 1559 προανεκήρυξεν,έκ6ασιν,
1358 1486 1457 1558 τὴν
1493 1485 1867 1557 ἀπαραίτητον
1913 1486 2024 1539 τῶν

444 1580 720 1649 ἐσομένων
771 1577 1030 1647 ἀλήθειαν
1063 1618 1078 1644 ,
1151 1577 1228 1649 τῷ
1279 1578 1637 1651 παρῳχηκότι
1682 1576 2024 1648 διασημᾶνας

444 1672 621 1744 χρόνῳ
652 1686 667 1702 ο
700 1670 1125 1740 Δεδοξασμένα
1164 1669 1295 1740 γὰρ,
1349 1670 1539 1740 φησὶν,
1581 1668 1851 1736 ἐλαλήθη
1890 1668 2023 1737 περὶ

443 1764 590 1828 σοῦ,
629 1765 666 1833 ὴ
701 1763 878 1829 πόλις
911 1762 1019 1816 τοῦ
1045 1761 1216 1817 Θεοῦ.
1246 1759 1623 1832 Δεδοξασμένα
1655 1760 1795 1830 ὑπὲρ
1844 1761 2026 1814 πᾶσαν

439 1855 805 1926 διηγουμένην
860 1854 1021 1921 δόξαν
1053 1870 1068 1886 ·
1124 1852 1491 1924 δεδοξασμένα
1559 1855 1683 1917 ταῖς
1760 1851 2025 1906 ἀνωτάτω

440 1947 707 2018 δυνάμεσι
746 1964 760 1979 ο
794 1945 1139 2018 τετιμημένα
1169 1947 1265 2001 καὶ
1295 1944 1511 2017 ποθητὰ
1547 1946 1657 2009 τοῖς
1707 1944 2027 2015 όμογενέσιν

442 2037 772 2107 ἀνθρώποις,
798 2036 1117 2108 ἐπιθυμητὰ
1145 2036 1536 2108 πατριάρχαις,
1581 2035 1754 2090 σεπτά
1806 2036 2027 2106 προπά-

442 2146 650 2199 τορσιν,
711 2131 1043 2202 ἀνάγραπτα
1104 2130 1200 2186 xai
1249 2127 1489 2203 ζητητέα
1543 2130 1868 2200 προφήταις.
1929 2129 2028 2183 Διά

440 2222 617 2279 ταῦτα
648 2225 795 2276 πᾶσα
830 2223 1008 2291 κτίσις
1036 2223 1392 2293 εὐφραίνεται
1422 2240 1436 2255 ο
1469 2222 1684 2286 τούτοις
1734 2222 2029 2291 ἀγγελικαὶ

445 2316 761 2386 συνήδονται
789 2317 1037 2389 στρατιαί
1076 2332 1091 2348 ⁸
1124 2316 1336 2382 τούτοις
1363 2317 1390 2370 ό
1418 2316 1640 2388 σύμπας
1671 2315 2027 2387 ὲνωραῖζεται

444 2409 671 2478 κόσμος.
712 2408 801 2474 Ὠς
834 2409 1096 2481 μακάριοι
1133 2408 1230 2479 τῆς
1275 2408 1667 2481 ἐντρυφήσεως
1722 2408 1773 2467 oi
1821 2406 2027 2460 τούτων

446 2501 565 2553 κατ’
594 2501 750 2566 ἀξίαν
772 2500 1141 2555 ἐπαπολαύειν
1172 2501 1447 2571 τυχόντες.
1505 2499 1655 2572 Λῦτη
1688 2501 1799 2570 γὰρ
1830 2499 1897 2553 ἂν
1940 2497 2025 2569 εῐη

447 2590 583 2660 μόνη
612 2591 836 2657 δικαίως
868 2591 1196 2657 ἀπόλαυσις,
1259 2589 1398 2663 αὕτη
1451 2591 1632 2664 τρυφή
1688 2592 1837 2644 ἐστιν
1894 2589 2028 2643 ἀδα-

443 2681 705 2753 πάνητος,
740 2684 772 2752 ἡ
797 2684 907 2735 τῶν
942 2683 1051 2736 σῶν
1081 2682 1284 2755 δηλαδὴ
1316 2682 1653 2755 ὲντρύφησις
1677 2681 2021 2755 παραδόξων.

510 2858 610 2915 ιε’.
676 2859 814 2913 Ἀλλ’
844 2853 888 2914 ὦ
920 2860 1021 2931 τῆς
1052 2859 1334 2931 παρούσης
1364 2859 1460 2913 καὶ
1489 2859 1588 2931 τῆς
1618 2860 1887 2934 ἐσομένης
1934 2862 2025 2915 εύ-

442 2950 714 3021 φροσύνης
776 2948 1026 3021 πρόξενε,
1085 2942 1131 3002 ὦ
1178 2950 1274 3015 καὶ
1344 2948 1659 3021 παρρησίας
1717 2949 1811 3003 καὶ
1859 2949 2028 3021 τιμῆς

444 3042 851 3113 σεμνολόγημα,
905 3043 971 3096 σὺ
1028 3043 1130 3112 τῆς
1174 3041 1317 3112 ὑπὲρ
1363 3041 1472 3094 τῶν
1505 3040 1614 3093 σῶν
1664 3043 2028 3113 πανηγύρεων

442 3136 697 3208 εὐωχίας,
738 3138 840 3204 τὴν
873 3135 1137 3191 ἀνωτάτω
1160 3134 1487 3189 πανδαισίαν
1522 3134 1808 3204 ἀμείψαιο.
1833 3136 1905 3189 Σὺ
1931 3134 2026 3189 τοῦ

442 3230 582 3296 ὑπὲρ
612 3228 719 3281 τῶν
737 3228 998 3282 τοιούτων
1027 3225 1313 3298 προθύμου
1346 3226 1446 3289 τὰς
1472 3226 1721 3297 μεγάλας
1738 3226 2028 3296 ἀντεισφέ-

445 3338 557 3390 ροις
584 3320 794 3388 δωρεάς
823 3331 838 3346 ⁶
864 3314 1147 3388 κόσμησον
1176 3316 1251 3379 ὡς
1280 3318 1346 3387 τῇ
1378 3318 1610 3388 αἰσθητῇ
1646 3317 1743 3370 καὶ
1764 3319 1830 3387 τῇ
1859 3317 2025 3386 νοητῇ

444 3412 767 3484 φαιδρότητι
797 3410 895 3482 τὴν
923 3410 1206 3481 παροῦσαν
1253 3410 1558 3481 ὁμήγυριν*
1610 3410 1880 3480 ρύθμισον
1927 3410 2027 3478 τὴν

445 3505 966 3575 συγκεκροτημένην
1002 3501 1294 3573 θειοτέρως
1325 3501 1689 3573 χοροστασίαν
1710 3515 1726 3531 ·
1762 3502 2024 3572 ὲνήχησοτ

446 3598 584 3668 αὐτῇ
622 3595 940 3667 ἐναρμόνιον
966 3594 1183 3664 καὶτῆς
1215 3593 1326 3647 τῶν
1363 3593 1738 3664 ἑορταζόντων
1781 3594 1842 3646 ὲν
1863 3593 2002 3665 οὐρα

450 3690 560 3751 νοῖς
585 3687 959 3757 ἀγαλλιάσεως
991 3685 1173 3757 μέλος.
1209 3685 1402 3739 Ἔπιδε
1458 3684 1598 3756 πρὸς
1648 3685 1750 3756 τὴν
1793 3685 2028 3740 ἑκάστου

448 3778 687 3833 διάνοιαν
714 3796 730 3811 ο
785 3778 981 3833 ἐτασον
1007 3778 1069 3832 τὸ
1101 3776 1197 3831 τοῦ
1226 3775 1394 3831 πόθου
1447 3777 1732 3847 διάπυρον,
1777 3779 1893 3832 ,καὶ
1950 3777 2028 3848 τῷ

448 3869 756 3935 ἐξετάζοντι
784 3870 855 3925 τὰ
888 3869 982 3923 τοῦ
1011 3867 1315 3932 συνειδότος
1346 3868 1586 3940 ἀρρητα,
1637 3865 2029 3933 καθυπόδειξον

446 3962 603 4017 τοῦτο
687 3963 933 4034 Δεσπότῃ
973 3979 988 3995 ο
1062 3961 1350 4033 πρότεινον
1410 3960 1480 4014 τὰ
1543 3962 1645 4031 τῆς
1733 3960 2028 4026 διαθέσεως

444 4055 523 4123 τῷ
575 4053 1131 4126 ἀνακεκαλυμμένως
1176 4053 1484 4124 καθορῶντι
1531 4053 1601 4107 τά
1643 4052 1869 4125 κρύφια.
1905 4052 2027 4109 οἶδε

449 4147 547 4219 μὲν
585 4146 660 4211 ὥς
702 4146 812 4200 τῶν
859 4145 1108 4201 ἀθεάτων
1148 4145 1365 4199 ἃπαντα
1409 4144 1698 4215 γνὼστης,
1727 4146 1818 4201 τόν
1850 4164 1909 4201 τε
1960 4148 2028 4201 δι’

446 4238 607 4291 αὑτὸν
646 4238 726 4302 εἷς
764 4237 825 4291 σὲ
871 4238 980 4290 τῶν
1037 4234 1481 4307 ὑμνολογούντων
1533 4241 1897 4306 συγκατανοεῖ
1932 4239 2031 4293 πό-

447 4331 558 4394 θον,
581 4331 831 4403 βούλεται
853 4331 909 4385 δὲ
928 4330 1024 4383 καὶ
1052 4329 1174 4383 λίαν
1203 4328 1611 4399 ἀγαθοπρεπῶς
1642 4329 1731 4384 διὰ
1759 4331 2030 4403 μητρῴων

2197 1019 2515 1075 Crebrescet
2536 1032 2668 1073 sane
2703 1017 2847 1072 fama
2890 1018 3223 1087 magnalium
3259 1026 3503 1079 tuorum,
3542 1017 3593 1070 in
3623 1033 3721 1074 ore

2126 1110 2373 1165 omnium
2428 1109 2543 1164 ha-c
2603 1117 2786 1173 erunt,
2822 1116 2876 1163 et
2906 1107 3385 1162 annnntiabuntur
3424 1108 3708 1171 omnibus,

2128 1218 2238 1259 non
2304 1202 2359 1256 in
2416 1211 2562 1257 terra
2604 1200 2805 1266 solum,
2863 1201 2957 1257 sed
3012 1201 3178 1255 etiam
3224 1201 3278 1254 in
3318 1200 3496 1264 caelis,
3539 1214 3719 1270 neque

2127 1294 2290 1350 modo
2313 1292 2568 1348 humanis
2613 1292 2841 1347 auribus
2875 1292 3230 1355 insonabunt,
3273 1292 3368 1347 sed
3398 1292 3720 1348 cmlestihus

2132 1388 2294 1443 etiam
2323 1385 2719 1457 intelligentiis.
2744 1384 2870 1440 llzec
2897 1384 3042 1439 enim
3069 1384 3234 1439 David
3262 1393 3421 1440 antea
3445 1385 3719 1455 praedixit,

2137 1496 2202 1535 ac
2235 1480 2399 1534 veluti
2419 1479 2531 1549 jam
2570 1486 2724 1548 gesta
2753 1486 2954 1541 essent,
2979 1477 3290 1533 futurorum
3325 1478 3718 1548 praenuntiavit

2133 1580 2413 1635 eventum,
2450 1571 2819 1626 certissimam
2857 1585 3073 1634 eorum,
3124 1586 3247 1640 quat
3275 1580 3501 1625 ventura
3533 1579 3715 1635 erant,

2135 1662 2419 1716 veritatem
2446 1676 2543 1731 per
2581 1669 2798 1730 tempus
2849 1660 3183 1731 praeteritum
3236 1660 3469 1718 cﬁerens
3516 1678 3534 1718 :
3579 1659 3713 1718 Glo-

2060 1738 2098 1794 Β
2130 1753 2272 1807 riosa
2305 1754 2464 1816 enim,
2526 1754 2724 1823 inquit,
2754 1754 2897 1807 dictu
2930 1761 3054 1807 sunt
3093 1752 3157 1808 de
3203 1762 3272 1819 te,
3306 1754 3492 1809 civitas
3521 1753 3616 1809 Dei
3651 1755 3720 1807 ι’.

2132 1842 2382 1899 Gloriosa
2429 1859 2596 1914 super
2657 1860 2899 1909 omnem,
2955 1860 3079 1915 quae
3129 1856 3403 1909 narretur,
3444 1847 3716 1917 gloriam;

2133 1937 2368 2006 gloriosa
2412 1950 2597 1992 coram
2653 1937 2969 1994 coelestibus
3033 1937 3371 2004 virtutibus;
3416 1938 3718 2008 gloriﬁcata

2132 2038 2185 2084 et
2206 2038 2463 2099 exoptata
2490 2029 2738 2100 ejusdem
2774 2039 2986 2086 naturae
3014 2030 3374 2098 hominibus;
3404 2030 3719 2087 desiderata

2133 2119 2493 2189 patriarchis;
2521 2121 2831 2175 veneranda
2860 2120 3326 2191 progenitoribus,
3351 2105 3479 2175 ante
3504 2119 3718 2176 descri-

2134 2222 2223 2284 pta
2269 2221 2326 2268 et
2359 2213 2633 2284 exquisita
2681 2213 2983 2283 prophetis.
3031 2212 3263 2284 Propter
3306 2214 3423 2269 haec
3450 2213 3721 2271 universa:

2133 2316 2399 2361 creatum
2428 2307 2744 2369 exsultant;
2776 2306 2971 2361 horum
2994 2307 3170 2378 gratia
3208 2306 3449 2378 angelici
3475 2320 3718 2376 congau-

2133 2394 2263 2449 dent
2299 2395 2603 2459 exercitus,
2638 2393 2727 2448 his
2753 2394 3052 2450 universus
3099 2403 3370 2449 terrarum
3400 2392 3554 2447 orbis
3586 2407 3720 2447 con-

2132 2486 2419 2544 decoratus
2440 2488 2705 2558 superbit.
2746 2487 2791 2543 0
2826 2502 2990 2558 quam
3040 2487 3205 2546 beati.
3235 2486 3328 2556 qui
3363 2484 3468 2540 hac
3510 2484 3717 2555 jucun-

2133 2578 2322 2641 ditate,
2354 2580 2444 2650 qui
2471 2580 2621 2635 hisce
2653 2595 2753 2649 pro
2803 2580 3066 2649 dignitate
3096 2577 3303 2647 perfrui
3357 2576 3716 2631 meruerunt!

2134 2670 2260 2727 llaec
2279 2674 2424 2727 enim
2454 2672 2568 2727 sola
2591 2671 2715 2743 jure
2744 2672 2941 2725 merito
2958 2670 3149 2725 fruitio
3166 2668 3397 2727 dicenda
3427 2668 3611 2732 fuerit,
3636 2668 3720 2724 ba:

2133 2766 2343 2822 deliciae
2360 2765 2717 2830 inexhaustae,
2734 2764 2844 2819 tuis
2856 2764 3063 2819 scilicet
3078 2762 3421 2818 mirabilibus
3437 2763 3716 2820 delectari.

2205 2855 2323 2912 XV.
2356 2855 2464 2912 Sed
2488 2871 2522 2911 ο
2555 2856 2845 2927 praesentis
2875 2854 3183 2925 futurazque
3217 2855 3425 2911 latitia;
3452 2854 3719 2913 concilia-

2135 2950 2264 3015 trix,
2316 2964 2350 3004 ο
2393 2964 2584 3005 eorum
2645 2948 2741 3018 qui
2801 2947 2871 3003 ad
2916 2955 2966 3002 te
2997 2961 3122 3003 cum
3157 2944 3359 3000 ﬁducia
3427 2943 3718 3008 accedunt,

2137 3049 2299 3111 teque
2320 3039 2534 3094 honore
2596 3047 3028 3110 prosequuntur,
3055 3038 3318 3094 eximium
3360 3037 3718 3109 praeconium.

2137 3130 2218 3186 Tu
2246 3146 2345 3201 pro
2399 3131 2609 3194 latitia,
2654 3146 2765 3201 qua
2818 3139 2927 3186 tua:
2976 3140 3318 3200 peraguntur
3362 3128 3718 3193 festivitates,

2136 3222 2358 3278 emleste
2416 3221 2683 3291 rependas
2735 3221 3089 3287 convivium;
3153 3228 3210 3273 tu
3258 3235 3358 3289 pro
3403 3220 3714 3287 alacritate,

2136 3329 2245 3383 qua
2273 3314 2435 3369 hasce
2474 3313 2842 3379 celebramus,
2886 3312 2975 3368 fac
3028 3321 3118 3366 tua
3151 3328 3379 3367 munera
3417 3313 3716 3382 adaugeas.

2140 3404 2465 3460 Praesentem
2518 3412 2724 3459 coetum
2790 3413 2905 3458 tum
2958 3403 3206 3459 sensibili
3273 3412 3387 3457 tum
3444 3403 3719 3473 spirituali

2136 3496 2336 3566 gaudio
2375 3494 2682 3567 perfunde;
2734 3497 2975 3566 ipsamet
3026 3494 3264 3550 divinius
3316 3487 3712 3567 congregatum

2137 3590 2424 3646 moderare
2451 3588 2713 3656 chorum;
2738 3602 3002 3659 suggeras
3030 3587 3136 3660 ipsi
3161 3588 3331 3643 melos
3355 3590 3710 3652 concinnum,

2136 3698 2202 3738 ac
2227 3680 2390 3751 quale
2414 3688 2499 3737 est
2522 3694 2738 3748 eorum,
2763 3682 2856 3752 qui
2881 3681 3221 3737 exsultantes
3251 3681 3451 3737 festum
3494 3682 3550 3737 in
3582 3681 3718 3753 ipsis

2137 3776 2293 3833 caelis
2328 3782 2517 3846 agunt.
2556 3773 2786 3845 Respice
2826 3773 2896 3829 ad
2950 3773 3391 3844 uniuscujusque
3432 3784 3716 3842 urerttem;

2136 3868 2347 3937 inspice
2411 3865 2666 3922 desiderii
2749 3865 3054 3930 fervorem,
3106 3876 3162 3921 et
3217 3882 3342 3922 eum
3403 3868 3719 3923 demonstra

2138 3961 2389 4025 Domino,
2413 3960 2509 4030 qui
2547 3959 2901 4016 conscientiae
2938 3967 3147 4014 secreta
3186 3959 3445 4013 rimatur.
3479 3959 3720 4015 Aﬂ‘ectus

2138 4066 2359 4110 nostros
2387 4053 2437 4109 ei
2471 4052 2566 4124 qui
2625 4053 2839 4107 occulta
2870 4051 3016 4105 videt
3060 4049 3371 4115 manifesta,
3418 4052 3716 4120 praetende.

2138 4145 2300 4201 Novit
2347 4144 2566 4216 quidem
2641 4144 2729 4199 ille
2789 4145 2975 4220 omnia
3025 4150 3215 4210 utpote
3268 4151 3323 4196 et
3360 4142 3718 4201 invisibllium

2137 4240 2407 4309 cognitor,
2446 4246 2610 4305 atque
2639 4250 2831 4291 eorum
2864 4235 2957 4304 qui
2998 4242 3219 4305 propter
3249 4250 3377 4290 eum
3419 4244 3471 4291 te
3507 4237 3720 4292 collau-

2138 4334 2291 4400 dant,
2355 4332 2609 4388 allectum
2646 4346 2711 4385 ac
2763 4329 3035 4385 desideria
3080 4330 3367 4398 intuetur;
3415 4331 3719 4387 voluntatis

444 4423 762 4491 ὶντεύξεων,
797 4424 892 4478 καὶ
922 4423 1301 4494 προτείνεσθαι
1340 4422 1514 4476 ταῦτα
1549 4424 1645 4477 καὶ
1669 4425 2026 4497 ἀποπληροῦ-

2142 4437 2324 4481 tamen
2359 4425 2481 4494 ejus
2508 4434 2611 4489 est,
2644 4432 2699 4479 et
2730 4423 2947 4493 quidem
2967 4425 3482 4494 peramantissimze,
3514 4434 3571 4479 ut
3606 4425 3721 4479 haec

449 4514 593 4570 σθαι.
620 4516 792 4570 Τοῦτο
834 4515 944 4588 γὰρ
973 4516 1034 4569 τὸ
1064 4517 1203 4587 πρὸς
1233 4515 1400 4569 αὐτόν
1432 4534 1526 4569 σου
1554 4518 1648 4571 καὶ
1672 4519 1831 4589 ἡμῶν
1858 4522 1937 4583 εἰς
1968 4519 2026 4573 σὲ

2141 4518 2414 4574 mediante
2457 4516 2645 4572 Matris
2710 4516 3105 4572 intercessione
3157 4526 3213 4572 et
3276 4518 3599 4583 oﬂ‘erantur,
3667 4528 3721 4573 et

448 4607 882 4678 ὲγκαλλώπισμα
916 4606 1114 4661 ’τοῦτο
1166 4607 1453 4679 γνώρισμα
1507 4610 1608 4681 τῆς
1644 4610 1730 4666 διὰ
1794 4612 1888 4666 σοῦ
1941 4631 2026 4683 γε·

2140 4611 2563 4682 adimpleantur.
2613 4608 2739 4665 llaec
2777 4609 3034 4666 videlicet
3080 4619 3173 4665 tua
3209 4620 3293 4665 est
3330 4619 3553 4680 pr0ptcr
3583 4626 3708 4664 eum

447 4698 753 4770 γενημένης
786 4699 952 4754 αὐτοῦ
988 4699 1427 4771 φιλανθρωπίας.
1491 4703 1678 4774 Ταύτῃ
1706 4707 1827 4768 ταῖς
1850 4706 2026 4759 ἐλπίσι

2140 4704 2412 4776 gloriatio,
2458 4717 2523 4758 ac
2563 4711 2750 4757 nostra
2789 4712 3012 4774 propter
3063 4711 3152 4770 te;
3192 4703 3297 4757 hoc
3329 4701 3598 4756 indicium
3637 4711 3722 4757 est

450 4789 938 4860 συνανυψούμενοι,
963 4790 1063 4862 τῆς
1101 4793 1311 4856 οἰκείας
1346 4794 1798 4866 καταφρονοῦμεν
1839 4813 2026 4850 ταπεμ

2132 4797 2341 4865 [μυθεῖαι.
2396 4810 2558 4866 quam
2612 4795 2914 4849 humanum
2947 4809 3243 4865 genusper
3293 4803 3344 4849 te
3371 4794 3515 4865 apud
3566 4792 3716 4847 illum

450 4886 695 4957 νότητος,
726 4889 825 4957 τῆς
860 4887 1200 4959 χαμαιζήλου
1248 4888 1344 4943 καὶ
1383 4889 1621 4956 γεώδους
1672 4890 2026 4946 ὲπιλανθανό·

2133 4888 2360 4942 invenit.
2412 4886 2705 4957 Pr0pterea
2765 4902 2864 4957 spe
2912 4887 3100 4952 erecti,
3152 4886 3345 4941 humili
3404 4885 3720 4941 conditione

451 4979 595 5050 μεθα
634 4979 935 5049 διαγωγῆς.
985 4978 1265 5033 Ἐντεῦθεν
1324 4978 1433 5033 τῶν
1491 4981 1588 5050 τῆς
1621 4981 1726 5049 γῆς
1776 4982 2034 5053 ἀπαίρειν

449 5072 545 5122 καὶ
569 5069 705 5140 πρὸς
731 5068 960 5139 οὐρανὸν
997 5068 1319 5136 ἐπείγεσθαι
1342 5068 1776 5140 προθυμούμεθα
1810 5088 1823 5101 ο
1850 5069 2033 5123 ἐντεῦ-

450 5162 539 5214 θεν
572 5162 704 5231 ἡμῖν
736 5163 792 5213 ai
831 5161 1177 5229 d8:&'}596‘:0t
1226 5161 1335 5215 τῶν
1375 5159 1609 5213 αἰωνίων
1663 5161 1983 5231 προσδοκίαι
2009 5178 2024 5193 ⁸

448 5255 536 5309 διὰ
564 5254 723 5309 τοῦτο
752 5255 1089 5323 φιλοφρόνως
1113 5254 1213 5323 τὴν
1241 5250 1481 5323 εὔσημον
1507 5253 1602 5306 καὶ
1650 5252 1800 5306 θείαν
1822 5252 2030 5324 ταύτην

450 5351 674 5419 ἄγοντες
710 5347 927 5420 ἑορτὴν,
953 5347 1030 5418 τῷ
1057 5349 1139 5411 είς
1190 5347 1399 5401 οἰκείαν
1456 5347 1670 5401 ᾶπαντα
1724 5365 2031 5417 προνοησαο

452 5442 599 5513 μένῳ
638 5441 819 5508 δόξαν,
850 5443 932 5506 εἰς
974 5441 1241 5513 μητρικόν
1271 5459 1327 5495 τε
1354 5442 1616 5513 καύχημα
1641 5443 1735 5495 καὶ
1765 5444 2032 5512 σωτήριον

450 5533 556 5585 τῶν
593 5532 852 5604 ὑπηκόων
879 5532 1330 5604 ὲγκαλλὼπισμα,
1374 5532 1470 5605 τὴν
1514 5533 1868 5607 εὐχαριστίαν
1903 5534 2034 5589 ἀνα-

528 5709 565 5739 ν
600 5707 743 5765 Psal.
783 5726 1002 5780 Lxxxvt,
1034 5710 1087 5764 5.

2135 4990 2315 5033 ttostra
2371 4994 2477 5033 non
2516 4987 2823 5046 terremur;
2857 4980 3193 5051 abiectaque
3223 4993 3288 5033 ac
3335 4987 3565 5032 terrena:
3594 4977 3719 5030 vita:

2135 5071 2537 5128 obliviscimur.
2574 5070 2712 5127 llinc
2740 5074 2810 5127 ah
2841 5073 2968 5129 imis
3022 5072 3142 5128 istis
3197 5072 3516 5135 abscedere,
3552 5080 3717 5140 atque

2127 5166 2193 5220 ad
2219 5165 2416 5220 cmlum
2443 5181 2733 5236 properare
2759 5165 3059 5236 gestimus;
3084 5165 3210 5221 hinc
3235 5165 3392 5221 nobis
3410 5164 3723 5220 certissima

2128 5266 2457 5311 aeternorum
2511 5257 2874 5327 exspectatio.
2939 5257 3236 5327 Propterea
3286 5256 3721 5328 propensissimu

2129 5347 2314 5403 animo
2340 5348 2608 5417 insignem
2639 5348 2778 5403 hanc
2810 5347 3162 5418 divinamque
3185 5349 3533 5404 celebrantes
3563 5347 3721 5401 festi-

2129 5442 2376 5506 vitatem,
2402 5440 2501 5508 illi,
2529 5440 2623 5510 qui
2658 5440 2913 5496 universa
2946 5438 3015 5494 ad
3062 5455 3223 5495 suam
3254 5438 3430 5511 ipsius
3463 5438 3718 5510 gloriam,

2135 5532 2203 5589 ad
2235 5531 2425 5591 Matris
2477 5546 2589 5591 suae
2643 5531 2926 5599 honorem,
2986 5541 3040 5589 et
3088 5531 3155 5588 ad
3212 5529 3561 5589 salutiferam
3615 5529 3719 5585 sibi
