4130 6202
421 274 526 337 567

1700 292 1963 354 JACOBI
2003 293 2321 357 MONACH
2329 297 2358 358 Ι

3583 306 3690 371 568

418 396 835 467 obsequentium
856 399 1024 456 decus
1042 402 1442 472 praelisposuit,
1465 403 1709 471 Christo,
1743 407 1984 478 inquam,

2103 414 2341 485 φέρομεν
2364 416 2587 487 Χριστῳ
2618 433 2696 487 τῳ
2725 416 2835 471 τῶν
2868 416 3090 486 ἀγαθῶν
3124 416 3283 488 αίτίῳ
3312 417 3411 469 καὶ
3437 418 3688 488 παρόχῳ,

424 487 690 549 bonorum
747 492 956 551 auctori
1019 508 1083 548 ac
1136 494 1378 565 largitori
1415 498 1618 568 gratias
1667 498 1993 567 referimus;

421 580 526 651 ipsi
587 584 733 643 enim
780 585 1008 642 debetur
1042 585 1242 653 honor,
1301 589 1547 646 adoratio
1574 602 1628 646 et
1668 592 1996 662 gloriﬁcatio

419 689 543 732 eum
579 672 740 730 Patre
774 684 829 730 et
869 675 1074 747 Spiritu
1107 690 1298 737 sancto
1345 697 1491 737 nunc
1522 692 1573 737 et
1601 699 1820 754 semper
1844 695 1898 741 et
1941 687 1993 739 in

417 769 613 825 saecula
628 770 980 829 saeculorum.
1002 776 1195 829 Amen.

1030 927 1288 986 ORATIO
1333 931 1396 986 ll.

417 1035 478 1092 In
508 1036 838 1099 nativitatem
870 1024 1220 1096 sanctissime
1259 1042 1503 1097 Domina:
1535 1052 1733 1099 nostra:
1769 1042 1864 1097 Dei
1896 1041 1997 1098 Ge-

979 1113 1182 1166 nitricis
1219 1112 1428 1169 Mariw.

483 1251 526 1305 Ι.
552 1250 847 1307 Universos
881 1267 982 1307 nos
1016 1250 1080 1306 ad
1117 1267 1247 1306 suas
1281 1252 1470 1322 epulas
1501 1260 1769 1307 convocat
1791 1251 1999 1319 magni-

413 1347 575 1399 ﬁcum
631 1346 913 1414 praetentis
957 1345 1141 1414 gaudii
1189 1344 1501 1399 convivium
1549 1362 1564 1399 :
1613 1346 1743 1415 quin
1794 1344 1995 1413 potius,

411 1451 479 1489 t-o
508 1452 614 1491 non
645 1436 1023 1499 abscedentes,
1056 1436 1413 1506 cupiditatem
1445 1419 1644 1505 augere
1674 1435 1995 1490 insatiabili-

414 1544 522 1596 que
543 1528 815 1585 desiderio
845 1529 1125 1598 appositas
1148 1529 1313 1599 dapes
1349 1529 1626 1598 percipere
1651 1526 1994 1581 adhortatur.

413 1623 472 1675 ιιι
493 1635 561 1676 eo
582 1621 725 1675 enim
749 1635 911 1674 seusa
940 1621 1106 1685 varia,
1125 1619 1297 1676 instar
1322 1619 1675 1686 ferculorum,
1695 1620 1993 1689 prodeunt;

413 1723 474 1767 nt
510 1721 567 1768 et
605 1713 694 1768 illa
725 1713 929 1771 lautius
977 1729 1100 1782 quae
1132 1714 1199 1769 ad
1234 1713 1568 1783 voluptatem
1616 1711 1996 1783 superioribus

2100 508 2184 561 ὅτι
2219 508 2369 578 αύτῷ
2402 509 2606 581 πρέπει
2629 511 2786 582 τιμὴ,
2828 511 3223 582 προσκύνησις,
3256 509 3539 579 δοξολογία
3592 508 3691 563 σὺν

2098 599 2177 671 τῷ
2214 601 2386 672 Πατρὶ
2412 603 2507 655 καὶ
2530 601 2609 672 τῷ
2636 602 2776 674 ἁγίῳ
2800 602 3100 674 Πνεύματι,
3139 602 3236 657 νῦν
3285 602 3382 655 καὶ
3436 600 3543 667 ἀεὶ,
3595 602 3693 656 καὶ

2097 692 2178 754 είς
2208 692 2333 757 τοὺς
2354 688 2561 758 αἰῶνάς
2584 694 2694 751 τῶν
2733 695 2966 750 αἰώνων.
2995 697 3193 767 Ἀμήν.
3619 706 3624 711 ”

2731 925 2950 980 ΛΟΓΟΣ
2982 924 3063 981 B'.

2093 1043 2198 1107 Εἰς
2250 1039 2367 1108 τὴν
2417 1039 2735 1109 γέννησιν,
2783 1040 2897 1106 τῆς
2962 1041 3294 1109 ῠπεραγίας
3352 1043 3681 1109 Δεσποίνης

2622 1107 2795 1180 ήμῶν
2834 1107 3152 1165 Θεοτόκου.

2094 1275 2101 1282 -
2168 1250 2247 1304 A'.
2281 1248 2553 1317 Συγκαλεῖ
2584 1246 2794 1312 πάντας
2815 1249 2966 1317 ἡμᾶς
2993 1250 3072 1313 είς
3098 1248 3197 1320 τὴν
3214 1251 3422 1303 οἰκείαν
3447 1250 3691 1306 ἑστίασιν

2099 1343 2131 1412 ἡ
2171 1341 2471 1412 πολυτελὴς
2502 1341 2599 1410 τῆς
2643 1341 2822 1411 χαρᾶς
2876 1339 3116 1411 εὐωχία·
3149 1342 3355 1413 μᾶλλον
3383 1342 3440 1396 δὲ
3483 1344 3688 1414 ταύτης

2096 1435 2198 1488 οὐκ
2225 1432 2592 1499 ἀποστάντας,
2627 1432 2923 1488 ἐπιτείνειν
2949 1432 3048 1504 τὴν
3072 1432 3260 1503 ἔφεσιν
3287 1435 3382 1489 καλ⁵
3406 1435 3515 1490 τῶν
3550 1453 3690 1506 προ-

2098 1525 2343 1596 θεμένων
2381 1524 2695 1594 ἀκορέστως
2752 1523 3003 1595 μετέχειν
3040 1526 3436 1598 προτρέπεται.
3471 1525 3688 1597 Προκύ-

2097 1634 2293 1671 πτουσι
2338 1615 2446 1687 γάρ
2499 1616 2557 1671 ἐν
2606 1616 2781 1687 ταύτῃ
2834 1616 3057 1671 ποικίλα
3099 1618 3373 1687 νοήματα,
3432 1617 3688 1690 καθάπερ

2098 1709 2414 1779 ἐδέσματαο
2448 1708 2524 1772 ὡς
2575 1708 2633 1762 δὲ
2681 1708 2876 1773 ταῦτα,
2935 1709 3403 1779 πολυτελεστέραν
3453 1710 3687 1781 ἐχόντων

412 1807 645 1863 habeant
666 1816 828 1876 atque
861 1805 927 1861 ad
976 1778 1035 1862 se
1083 1778 1462 1862 nanciscentes
1520 1778 1741 1861 trahant
1778 1820 1843 1860 ac
1870 1819 1984 1875 pro‘

2098 1801 2207 1855 τῶν
2234 1778 2560 1872 φθασάντων
2589 1800 2690 1873 τὴν
2726 1801 2942 1873 ἡδονὴν,
2982 1805 3075 1857 καὶ
3107 1802 3246 1877 πρὸς
3289 1778 3460 1858 ἐαυτά
3484 1778 3685 1873 ⁷μεθέλ--

411 1899 583 1967 ptiaxn
626 1898 825 1968 cuique
858 1897 1276 1954 delectationem
1325 1907 1641 1969 suggerant.
1676 1896 1815 1965 Quia
1866 1910 1996 1967 ergo

408 2005 598 2045 eorum
636 1990 940 2060 proprium,
969 1990 1062 2060 qui
1092 1990 1146 2044 in
1181 2006 1377 2045 manus
1418 2001 1666 2053 stnnunt,
1715 1988 1994 2044 fruitionis

406 2080 637 2138 elﬁcitur
684 2082 921 2147 lucrum,
970 2097 1096 2137 cum
1147 2082 1325 2141 liceat.
1373 2081 1595 2151 depulsa
1645 2079 1991 2151 negligentia,

408 2176 784 2245 incorruptam
820 2175 1086 2244 consequi
1131 2175 1491 2244 voluptatem,
1522 2173 1750 2243 ejusque
1782 2174 1989 2242 gratim,

407 2284 555 2337 quae-
580 2268 812 2323 ubertim
864 2268 1167 2333 confertur,
1202 2266 1476 2337 jacturam
1537 2267 1781 2330 evitare;
1823 2262 1989 2317 alacri

408 2362 635 2430 proinde
689 2362 874 2415 animo
931 2360 999 2415 ad
1059 2360 1238 2414 omnis
1299 2359 1433 2414 illud
1485 2359 1704 2430 generis
1759 2358 1991 2428 dapibus

408 2457 736 2509 instructum
766 2452 1082 2508 convivium
1116 2452 1401 2518 adeamus,
1434 2452 1695 2522 pratelara
1724 2450 1816 2504 illa
1848 2465 1953 2506 con
1975 2478 1987 2489 -

405 2546 525 2599 viva
578 2545 830 2615 praeduce
872 2560 996 2614 quas
1035 2544 1452 2615 incomparabili
1498 2544 1664 2615 Virgo
1699 2543 1988 2599 dulcedine

403 2637 660 2692 convivas
713 2636 973 2705 impertit.
1027 2633 1153 2690 llaec
1205 2635 1375 2702 enim,
1426 2651 1553 2691 cum
1600 2636 1848 2702 voluptas
1904 2646 1989 2691 est

408 2743 519 2783 tum
565 2728 910 2797 provocatio;
955 2728 1072 2784 hate
1104 2728 1415 2783 convivium
1454 2728 1743 2797 carnisque
1768 2728 1986 2799 generis

403 2821 610 2890 epulae;
647 2820 762 2874 haec
809 2819 997 2875 laetitia
1038 2834 1103 2875 ac
1138 2819 1437 2876 exsultatio
1477 2830 1582 2876 est.
1622 2820 1811 2874 Venite
1854 2835 1985 2889 ergo

407 2927 514 2967 una
576 2928 813 2979 mecum,
899 2913 1228 2983 porrigentlo
1292 2914 1491 2984 gaudio
1561 2913 1983 2977 collaboraotes,

401 3004 627 3059 exordia
678 3006 899 3059 nectite.
935 3004 1145 3059 Gaudio
1197 3005 1263 3060 ad
1309 3004 1717 3059 adhortandut’n
1770 3005 1980 3075 erigite,

400 3096 601 3168 gaudio
636 3111 946 3151 sermonem
995 3096 1229 3152 excitate
1277 3106 1444 3166 atque
1489 3097 1538 3151 ei
1587 3097 1781 3164 gratia:
1820 3109 1979 3165 opem
2013 3142 2053 3168 ι,

399 3188 896 3257 supplicationibus
926 3189 1236 3258 impetrate.

473 3280 539 3336 ll.
600 3281 738 3347 Quia
786 3283 1068 3339 enimvero
1137 3283 1362 3354 propius
1419 3283 1533 3355 jam
1597 3291 1979 3352 argumentum

400 3375 532 3441 adii,
559 3376 638 3430 rei
685 3375 1054 3431 immensitate
1099 3385 1290 3433 teneor
1339 3388 1396 3432 ut
1448 3392 1514 3433 ne
1556 3378 1706 3446 loqui
1752 3380 1981 3447 possim,

398 3471 727 3539 animusque
778 3485 889 3539 pra:
918 3471 1167 3527 miraculi
1219 3473 1594 3541 magnitudine
1637 3473 1847 3527 deﬁxus
1875 3471 1983 3525 ha:-

397 3574 502 3627 ret.
558 3578 757 3618 novum
799 3565 1073 3633 quoddam
1131 3580 1196 3620 ac
1235 3565 1516 3620 insolitum
1578 3575 1867 3634 aspectans
1926 3562 1977 3616 in

398 3663 542 3704 terra
580 3651 918 3721 mysterium.
954 3651 1111 3716 Quod
1145 3667 1343 3707 arcane
1387 3662 1511 3709 ante
1547 3656 1749 3709 saecula
1794 3654 1977 3707 omnia

398 3742 727 3812 promissum
772 3740 875 3796 fuit
910 3740 1181 3808 Salutate,
1221 3760 1369 3799 nunc
1405 3746 1513 3799 diei
1558 3747 1757 3816 accipit
1790 3747 1979 3801 terrui-

397 3849 551 3888 nnm.
589 3832 868 3889 Peculiare
901 3835 1006 3889 hoc
1031 3845 1317 3905 parentum
1355 3836 1590 3908 Virginis
1624 3840 1840 3895 exsistit
1881 3855 1980 3896 eu-

393 3928 658 3983 eomium.
692 3928 1024 3983 Prooemium
1055 3928 1157 3983 hoc
1186 3944 1496 3986 sermonum
1524 3932 1767 3987 omnium
1805 3932 1979 3987 inten-

399 4019 601 4074 tionem
657 4019 811 4091 fugit.
849 4020 990 4074 Huic
1039 4020 1259 4078 animus
1309 4024 1634 4080 incumbens
1674 4041 1741 4081 ac
1799 4026 1977 4081 factus

395 4114 650 4182 debilior,
670 4116 787 4170 suis
813 4115 927 4184 ipse
962 4115 1163 4172 ﬁnibus
1188 4118 1442 4172 excessit.
1478 4115 1773 4171 Considera
1803 4117 1972 4180 enim,

394 4207 630 4276 quisque
656 4208 885 4263 istorum
924 4188 1153 4264 auditor.
1182 4208 1422 4271 exsistis,
1457 4216 1723 4278 quantum
1753 4206 1880 4264 inde
1910 4221 1976 4263 ac

394 4313 561 4366 quam
584 4299 788 4364 grande
816 4298 1140 4354 miraculum
1164 4298 1341 4352 visum
1360 4298 1451 4352 sit.
1484 4297 1612 4352 Sola
1642 4297 1975 4367 benignitate

391 4405 458 4444 ex
502 4389 673 4445 nihilo
719 4388 998 4446 fueramus
1033 4407 1063 4446 a
1101 4391 1211 4446 Deo
1255 4394 1444 4446 lictore
1495 4391 1749 4460 producti
1785 4407 1801 4445 :
1831 4389 1970 4460 jussi

390 4497 612 4536 eramus
668 4483 981 4552 paradisum
1034 4484 1273 4539 incolere
1331 4484 1383 4537 in
1444 4483 1701 4552 Operibus
1765 4483 2055 4560 boniszn

393 4574 538 4629 malo
571 4576 889 4633 mandatum
925 4577 1158 4633 consilio
1191 4575 1571 4645 repuleramus
1610 4594 1624 4630 :
1669 4574 1972 4641 voluntate,

391 4666 444 4719 in
485 4675 672 4722 nostra
718 4668 896 4737 capita
945 4677 1177 4725 mortem
1218 4669 1590 4727 asciveramus
1634 4685 1648 4722 :
1703 4667 1973 4738 promissa

388 4759 747 4817 nihilominus
798 4773 827 4811 a
885 4757 1142 4816 Creatore
1170 4756 1275 4819 iuit
1315 4759 1588 4825 liberatio,
1622 4768 1849 4828 eratque
1884 4760 1974 4814 illa

391 4852 596 4915 t'utura,
649 4850 1035 4921 quaerebatque
1089 4859 1303 4921 tempus
1356 4851 1448 4921 qui
1517 4851 1700 4906 idonei
1763 4850 1967 4906 forent.

388 4939 747 4997 Prmteribant
804 4941 1212 5012 generationes;
1265 4943 1424 5012 juch
1485 4943 1786 5012 prophetia:
1838 4943 1973 4997 ede-

390 5039 591 5088 bantur
626 5050 639 5086 :
679 5033 1114 5101 patriarcharum
1151 5048 1261 5098 res,
1293 5049 1359 5089 ac
1401 5035 1647 5093 omnium
1691 5034 1971 5103 iustorum

390 5125 443 5177 in
477 5137 573 5192 spe
599 5124 788 5192 positae
820 5131 998 5182 erant.
1040 5122 1317 5178 Abraham
1369 5126 1681 5189 transierat,
1709 5139 1774 5179 ac
1806 5139 1975 5193 nepo-

389 5228 494 5279 tes,
526 5230 648 5273 cum
696 5214 732 5268 ii
778 5215 831 5268 in
875 5213 1135 5284 symbolis
1183 5214 1293 5277 diei
1346 5226 1754 5275 sacramentum
1794 5215 1972 5271 edocti

389 5316 606 5371 essent,
668 5315 833 5376 atque
883 5307 1055 5363 hianti
1128 5309 1312 5364 animo
1372 5301 1652 5366 iniuturi
1714 5320 1969 5363 eventum

390 5397 674 5452 haberent.
705 5396 1056 5453 Admirabilis
1103 5398 1192 5453 ille
1241 5398 1454 5470 Moyses
1498 5402 1676 5455 claras
1726 5403 1972 5473 mysterii

391 5491 598 5559 liguras
623 5488 991 5559 conspiciens,
1022 5505 1086 5553 ac
1112 5492 1354 5559 veritatis
1396 5501 1553 5547 notas
1591 5494 1969 5559 considerans,

393 5581 568 5649 ipsius
600 5588 842 5651 tempore
868 5581 1298 5654 implenda,quac
1322 5586 1474 5654 prius
1514 5568 1734 5640 ostensa
1765 5594 1970 5649 essent,

394 5673 790 5732 arbitrabatur.
843 5672 973 5729 Erat
1028 5690 1153 5746 spes
1199 5677 1254 5730 in
1305 5675 1521 5733 deserto
1556 5694 1569 5731 :
1602 5678 1655 5733 iu
1693 5678 1973 5747 iudicibus

392 5766 576 5843 t'opuli
635 5767 869 5826 ducibus
934 5768 1269 5843 exspectatio
1338 5786 1353 5827 τ
1423 5770 1644 5827 Samuel
1709 5786 1971 5845 respousa

2106 1911 2273 1949 κοντα
2308 1895 2434 1957 τοὺς
2466 1894 2918 1964 ἐντυγχάνοντας,
2954 1894 3050 1950 καὶ
3094 1896 3303 1950 οῑκείαν
3337 1896 3555 1965 ἑκάστῳ
3586 1894 3688 1967 τὴν

2094 1986 2438 2058 εὐφροσύνην
2485 1986 2800 2058 πορίζοντα.
2855 1987 3067 2043 Οὐκοῦν
3118 1990 3353 2061 ἐπείπερ
3397 1990 3530 2044 ἴδιον
3574 1989 3687 2043 τῶν

2097 2080 2645 2154 μεταχειριζομένων
2676 2082 2737 2134 τδ
2779 2083 2879 2153 τῆς
2920 2081 3278 2146 ἀπολαύσεως
3312 2083 3525 2151 γίνεται
3555 2082 3686 2152 κέρ-

2092 2174 2203 2240 δος,
2254 2175 2376 2228 ἐνὸν
2416 2174 2492 2247 μὴ
2541 2175 2641 2245 τῆς
2688 2174 2971 2246 ἀκηράτου
3036 2174 3487 2246 καταμελοῦντας
3543 2176 3683 2229 ἀπο-

2091 2265 2385 2336 τυγχάνειν
2406 2265 2645 2335 τρυφῆς,
2661 2265 2753 2319 καὶ
2772 2265 3104 2336 ζημιοῦσθαι
3119 2267 3219 2338 τὴν
3238 2266 3419 2338 χάριν,
3436 2266 3684 2336 ἀφθόνως

2092 2357 2509 2429 παρεχομένην·
2558 2358 2697 2412 ίτέον
2746 2358 2928 2413 τοίνυν
2966 2357 3223 2429 εὐθύμως
3261 2359 3353 2413 ἐπὶ
3398 2358 3496 2427 τὴν
3542 2373 3684 2412 παν-

2090 2448 2330 2514 δαισίαν,
2361 2450 2679 2522 ἑστιάτορος
2704 2451 3123 2523 καθηγουμένου
3152 2450 3433 2521 λαμπροῦ,
3465 2452 3564 2521 τῆς
3590 2447 3685 2502 τὸν

2092 2539 2431 2612 ἀσύγκριτον
2459 2540 2778 2612 γλυκασμδν
2835 2541 3153 2613 εύωχούσης
3189 2541 3494 2613 Παρθένου.
3529 2539 3679 2610 Αὕτη

2090 2632 2199 2703 γὰρ
2247 2635 2342 2687 καὶ
2374 2636 2555 2705 τρυφή
2608 2636 2725 2688 ἐστι
2769 2633 2867 2689 καὶ
2919 2635 3244 2706 προτροπήο
3280 2633 3421 2706 αὕτη
3473 2633 3682 2704 εὐωχία

2089 2730 2185 2784 καὶ
2247 2729 2580 2784 πανδειίσια⁶
2633 2728 2775 2801 αὕτη
2829 2729 3138 2800 εὐφροσύνη
3188 2728 3284 2781 καὶ
3336 2727 3679 2805 ἀγαλλίασις.
3772 2808 3776 2811 Δ

2101 2822 2267 2876 Δεῦτε
2300 2818 2394 2876 οὖν
2424 2822 2502 2894 τῷ
2549 2824 2755 2892 ταύτης
2779 2821 3059 2893 πορισμῷ,
3095 2822 3506 2892 συγκάμνοντες
3535 2820 3685 2891 χαρᾷ

2088 2916 2187 2969 σὺν
2222 2915 2370 2985 ἐμοὶ,
2406 2916 2473 2969 τά
2522 2914 2783 2987 προοίρια
2827 2912 3092 2978 πλέξατε·
3130 2915 3276 2985 χαρᾷ
3309 2915 3407 2985 τὴν
3445 2928 3680 2984 προτρο-

2088 3008 2198 3080 πὴν
2216 3007 2547 3079 διεγείρατε,
2578 3000 2932 3079 χαρμονικῶς
2961 3006 3237 3088 τὸνλόγον
3259 3005 3679 3077 διαναστήσατε,

2088 3101 2186 3152 καὶ
2207 3099 2393 3170 χάριτι
2424 3098 2618 3152 τοῦτον
2645 3098 3027 3170 συνεργεῖσθαι
3061 3098 3511 3154 καθικετεύσατε.

2160 3279 2238 3333 Β¹.
2294 3277 2439 3332 Ἀλλ’
2470 3277 2662 3349 ἐπειδὴ
2708 3278 2879 3348 ἐγγὺς
2909 3278 3177 3349 ἐγενόμην
3202 3277 3302 3346 τῆς
3341 3274 3677 3338 ὑποθέσεως,

2091 3369 2377 3442 ἀμηχανία
2411 3368 2506 3423 τοῦ
2538 3370 2870 3441 πράγματος
2893 3369 2987 3424 τὸν
3033 3369 3193 3439 λόγον
3226 3370 3555 3440 κατέχομαι,
3579 3369 3676 3423 atati

2090 3466 2169 3537 τῷ
2200 3465 2427 3535 μεγέθει
2456 3463 2549 3519 τοῦ
2575 3464 2857 3535 θαύματος
2888 3463 3268 3535 ἐκπλήττομαι
3292 3464 3389 3534 τὴν
3413 3463 3674 3526 διάνοιαν,

2092 3557 2241 3624 ξένον
2268 3556 2415 3629 όρῶν
2449 3558 2543 3610 καὶ
2583 3555 2893 3627 παράδοξον
2935 3555 3029 3610 ἐπὶ
3059 3555 3165 3625 γῆς
3194 3555 3518 3626 τελούμενον
3569 3571 3677 3624 μυ-

2090 3650 2333 3719 στήριον.
2369 3648 2428 3705 ’0
2452 3648 2558 3719 πρὸ
2585 3648 2803 3702 πάντων
2832 3647 3047 3703 αἰώνων
3075 3648 3330 3719 ἀρρήτως
3357 3645 3676 3718 ἐπηγγέλθη

2090 3742 2378 3812 σωτήριον,
2410 3741 2529 3794 νυνὶ
2574 3741 2746 3811 πέρας
2776 3740 3014 3811 δέχεται.
3059 3741 3233 3793 Τοῦτο
3256 3739 3366 3793 τῶν
3404 3740 3505 3808 τὴν
3534 3756 3679 3811 παρ⁴

2088 3832 2239 3887 θένον
2272 3833 2544 3887 τεκόντων
2570 3834 2948 3904 ἀνῳκισμένον
2972 3831 3271 3905 ἐγκώμιον.
3301 3832 3473 3886 Τοῦτο
3497 3832 3677 3905 προοίο

2089 3941 2214 3995 μιον
2246 3925 2429 3978 πᾶσαν
2462 3924 2732 4001 ἐκφεύγον
2755 3924 2932 3993 λόγων
2953 3925 3216 3978 ἐπίδοσιν.
3244 3923 3419 3979 Τοῦτο
3438 3924 3675 3995 προσδα-

2084 4015 2192 4069 λὼν
2221 4015 2322 4086 μὲν
2366 4017 2394 4068 ὀ
2426 4015 2588 4078 νοῦς,ο
2614 4015 2985 4087 ἐξασθενήσας
3029 4018 3086 4071 δὲ
3126 4019 3234 4071 τῶν
3273 4018 3495 4071 οἰκείων
3529 4018 3674 4088 ὅρων

2085 4106 2369 4179 ἐξέστηκε.
2408 4108 2611 4162 Σκόπει
2646 4110 2754 4178 γὰρ
2785 4110 2842 4173 ὃς
2866 4094 3042 4174 τις’ἂν
3074 4105 3141 4182 ἧς
3169 4114 3196 4163 ό
3225 4109 3433 4165 τούτων
3465 4110 3673 4182 ἀκροα-

2082 4199 2202 4270 τὴς,
2237 4199 2424 4270 ἡλίκον
2456 4200 2713 4255 ἐντεῦθεν
2747 4201 2922 4273 ἐφάνη
2956 4202 3018 4256 τὸ
3070 4201 3256 4274 θαῦμα
3288 4202 3673 4275 φιλανθρωπίᾳ

2086 4293 2225 4368 μόνῃ
2254 4297 2319 4347 ἐκ
2368 4294 2443 4365 μὴ
2473 4293 2643 4346 ὄντων
2677 4294 2783 4348 ὑπὸ
2822 4293 2918 4347 τοῦ
2964 4294 3213 4349 Πλάστου
3256 4295 3627 4366 παρήχθημεν
3652 4312 3667 4327 ο

2084 4386 2172 4440 ἐπ’
2206 4387 2391 4456 ἔργοις
2414 4388 2644 4455 ἀγαθοῖς
2684 4387 2778 4441 τὸν
2826 4388 3158 4458 παράδεισον
3190 4391 3466 4443 κατοικεῖν
3500 4404 3670 4458 προσ-

2082 4476 2362 4548 ετάγημεν
2387 4495 2402 4510 ’
2447 4478 2548 4549 τὴν
2582 4479 2806 4550 ἐντολὴν
2860 4480 3284 4551 κακοδουλήτως
3316 4481 3671 4552 ἀπεκρουσά-

2084 4571 2225 4641 μεθα
2248 4586 2262 4602 ο
2296 4571 2529 4625 θάνατον
2552 4573 2619 4642 τῇ
2648 4573 2968 4644 προαιρέσει
2994 4572 3432 4643 ἐπεσπασάμεθα
3458 4573 3671 4644 ’,ἐπηγο

2080 4662 2251 4734 γέλθη
2282 4664 2436 4735 παρὰ
2477 4664 2572 4716 τοῦ
2605 4665 2842 4721 Κτίστου
2870 4665 3177 4737 ἐλευθερία,
3206 4668 3302 4720 καὶ
3338 4666 3400 4720 τὸ
3431 4668 3667 4738 πρᾶγμα

2079 4753 2294 4824 ἔμελλε,
2347 4757 2442 4810 καὶ
2477 4757 2506 4813 ὁ
2553 4758 2744 4827 χρόνος
2787 4759 2917 4822 τοὺς
2964 4758 3310 4827 ἐπιτηδείους
3364 4760 3666 4830 ἁνηρεύνα.

2082 4846 2428 4917 Παρέτρεχον
2455 4848 2511 4901 at!
2552 4848 2770 4916 γενεαί*
2802 4850 2859 4901 αἱ
2897 4851 3236 4921 προφητεῖαι
3277 4854 3522 4920 συνεχεῖς
3568 4868 3669 4904 κα-

2079 4941 2405 4994 τεὸάλλοντο
2427 4957 2441 4970 ·
2489 4943 2549 4999 ἐν
2583 4942 2796 5001 ἐλπίσιν
2826 4938 2895 5014 ἦν
2937 4944 3003 4997 τὰ
3044 4943 3156 4997 τῶν
3180 4944 3538 5017 πατριαρχῶν
3570 4945 3667 4996 καὶ

2078 5035 2296 5096 πάντων
2334 5034 2581 5089 δικαίων.
2628 5035 2881 5105 Ἀϐραάμ
2926 5035 3275 5107 παρέδραμε,
3310 5037 3406 5089 καὶ
3452 5037 3502 5089 οι
3547 5035 3667 5105 μετ’

2079 5129 2307 5190 ἐκεῖνον,
2349 5129 2408 5182 ἐν
2468 5127 2760 5198 συμϐόλοις
2806 5129 2874 5181 τὰ
2921 5127 3022 5198 τῆς
3071 5129 3288 5198 ἡμέρας
3338 5129 3663 5199 μυηθέντες,

2080 5221 2175 5273 καὶ
2231 5220 2371 5291 πρὸς
2418 5220 2517 5292 τὴν
2576 5220 2802 5274 ἔκϐασιν
2849 5220 2945 5274 τοῦ
2995 5220 3285 5291 μελλόντος
3344 5225 3662 5292 κεχηνότες.

2078 5311 2322 5380 Μωῦσῆς
2348 5311 2405 5364 δὲ
2441 5313 2470 5365 ό
2512 5311 2799 5375 θεσπέσιος
2843 5315 3109 5383 ἐμφανεῖς
3159 5316 3288 5376 τοὺς
3332 5312 3541 5376 τύπους
3567 5312 3661 5365 τοῦ

2080 5405 2384 5474 μυστηρίου
2427 5404 2593 5473 ὁρῶν,
2626 5406 2719 5457 καὶ
2753 5406 3020 5475 δείγματα
3054 5407 3155 5476 τῆς
3192 5406 3453 5480 ἀληθείας
3491 5422 3648 5459 καταο

2078 5496 2238 5561 νοῶν,
2276 5496 2450 5553 ἐδόκει
2492 5496 2630 5566 πρὸς
2660 5497 2854 5553 ἑαυτὸν
2886 5496 3232 5568 πληροῦσθαι
3264 5498 3333 5552 τά
3362 5495 3661 5569 προδηλού-

2083 5606 2241 5657 μενα.
2290 5589 2379 5640 Ἐν
2416 5592 2483 5661 τῇ
2534 5590 2727 5661 ἐρήμῳ
2757 5591 2789 5660 ή
2839 5590 3031 5653 ἐλπίς·
3064 5593 3122 5644 ἐν
3151 5592 3267 5654 τοῖς
3311 5591 3422 5644 τῶν
3456 5589 3661 5659 κριτῶν

2079 5679 2430 5749 δημαγωγοῖς
2470 5682 2502 5749 ἡ
2537 5680 2836 5750 προσδοκία
2858 5698 2872 5712 ο
2909 5680 3165 5756 Σαμουὴλ
3211 5678 3617 5751 ἐχρηματιζετο
3639 5692 3655 5708 ·

2080 5771 2244 5825 Δαὸὶδ
2289 5771 2457 5841 ἐγγὺς
2486 5772 2583 5844 τὴν
2625 5773 2838 5847 ἡμέραν
2887 5771 3212 5842 ἀναφωνῶν,
3251 5771 3610 5843 ἀπεμάκρυνε
3636 5781 3653 5801 ‘
