4130 6202
397 300 503 365 569

396 509 491 564 ἐπὶ
525 509 701 582 θύρας
732 509 869 568 εἶναι
916 517 1012 572 τὸν
1045 519 1283 592 Χριστὸν
1317 528 1654 598 κατεμήνυε.
1688 529 1894 592 Πάντες
1924 529 1980 584 δέ

394 601 508 655 τῶν
569 601 942 661 ἐλπισθέντων
1004 610 1371 684 ἀποτυχόντες
1428 619 1803 691 παρέδραμον.
1871 621 1983 675 Καὶ

308 694 327 705 ’
398 696 700 786 ἐπειδήπερ
732 701 760 753 ό
796 702 992 771 χρόνος
1038 705 1137 761 σὺν
1175 713 1290 773 τοῖς
1329 710 1504 776 ἀξίοις
1533 715 1978 786 ἀπελιμπάνετο·

398 781 529 859 εὗρε
570 790 627 845 δὲ
651 791 781 856 τοὺς
805 793 992 860 ἀξίους
1027 798 1347 882 οίκείωίέξ
1374 802 1557 857 αὐτῶν
1590 781 1981 878 ὡρμημένους,

400 883 662 955 καὶπρὸς
690 887 852 941 τοῦτο
885 888 964 959 τῷ
1003 890 1218 965 Κτίστῃ
1269 894 1769 968 εὐτρεπισμένους⁶
1828 900 1981 955 Ἰωα-

399 976 532 1048 κείμ
553 995 637 1043 τε,
671 981 838 1051 φημὶ,
880 981 976 1035 καὶ
1002 984 1201 1038 Ἀνναν
1231 987 1359 1050 τοὺς
1405 988 1506 1061 τὴν
1550 991 1734 1046 αἰτίαν
1764 991 1860 1044 τοῦ
1891 992 1982 1046 τέ·-

399 1070 526 1134 λους
570 1071 681 1125 τῶν
735 1073 1087 1143 μηνυθέντων
1128 1077 1496 1145 ἀποτεκόντας
1540 1083 1834 1154 (Ἱωακεὶμ
1884 1085 1983 1154 μὲν

398 1162 512 1234 γὰρ
566 1164 987 1235 ἀποκείμενος,
1025 1167 1195 1224 Ἀννα
1249 1172 1306 1225 δὲ
1356 1171 1530 1242 χάρις
1568 1176 1982 1249 ἐρμηνευομένη

402 1257 769 1328 κεκύρωται)·
808 1252 955 1314 οὗτοι
1004 1262 1075 1316 τὰ
1124 1262 1235 1318 τῶν
1288 1268 1654 1337 προρρήσεων
1694 1270 1774 1332 εἰς
1821 1269 1985 1341 ἔργον

401 1349 793 1405 κατεϐάλλοντο
829 1352 1095 1424 προοίμια
1118 1371 1132 1387 °
1172 1341 1318 1412 οὗτοι
1359 1360 1470 1413 τῶν
1504 1362 1985 1432 προσδοκηθέντων

401 1436 509 1515 τὴν.
531 1439 687 1509 ῥίζαν
713 1440 1055 1513 ἐϐλάστησαν
1074 1459 1089 1474 ·
1114 1437 1260 1500 οὗτοι
1285 1447 1394 1502 τῶν
1425 1450 1874 1519 ἐπαγγελθέντων
1896 1453 1987 1505 vi»

403 1530 654 1600 θεμέλιον
683 1534 1031 1605 κατέπηξαψ
1063 1537 1129 1589 ἐκ
1150 1538 1358 1593 τούτων
1389 1542 1519 1613 ἡμῖν
1548 1544 1581 1613 ἡ
1610 1543 1712 1615 τῆς
1740 1545 1986 1615 ἰατρείας

405 1624 691 1696 μυροθήκη
722 1628 1137 1699 κατεσκευάσθη
1162 1646 1177 1661 ο
1207 1633 1272 1685 ἐκ
1308 1633 1516 1688 τούτων
1549 1638 1581 1707 ή
1625 1637 1735 1690 τῶν
1768 1654 1987 1709 προφη-

400 1716 507 1769 τῶν
537 1719 859 1792 ἐπεδήμησε
890 1720 1208 1793 πλήρωσις’
1249 1723 1313 1778 ἐκ
1346 1725 1553 1780 τούτων
1585 1728 1618 1799 ή
1650 1729 1751 1798 τῆς
1789 1729 1987 1799 εὐφρο-

402 1809 571 1879 σύνης
635 1813 971 1868 ἀνατέταλκε
1038 1813 1341 1887 πρόξενοςο
1398 1819 1463 1873 ἐκ
1511 1818 1719 1874 τούτων
1771 1822 1840 1875 τὰ
1886 1822 1985 1891 τῆς

398 1905 576 1972 χαρᾶς
628 1906 1079 1978 προωδοποίησεν
1138 1909 1395 1981 ἐνέχυρα.
1453 1904 1615 1966 Οὗτοι
1673 1914 1855 1969 τοίνυν
1916 1915 1983 1967 δι’

400 1996 855 2066 ὑπερϐάλλουσαν
901 2002 1109 2072 ἀρετὴν
1144 2006 1298 2071 παρά
1351 2003 1561 2068 πάντας
1591 2006 1863 2078 γνώριμοι
1908 2007 1985 2078 τῷ

399 2091 611 2165 Κτίστῃ
659 2093 1044 2150 καθίστανται.
1096 2096 1190 2150 Διδ
1238 2098 1421 2151 πᾶσαν
1472 2097 1590 2151 ὁδὸν
1643 2098 1983 2169 βαδίσαντες,

402 2183 540 2253 πρὸς
562 2183 661 2255 τὴν
685 2184 967 2255 ἀκρότητα
1000 2188 1101 2258 τῆς
1125 2188 1465 2259 τελειότητος
1487 2190 1862 2262 κατήντησαν,
1889 2193 1984 2245 καὶ

406 2278 558 2347 μόνοι
588 2278 699 2334 τῶν
736 2278 1012 2344 πλείστοις
1052 2280 1111 2346 ἐξ
1142 2280 1340 2345 αἰῶνος
1376 2281 1834 2355 ἐπιθυμουμένων
1864 2284 1988 2339 ἐπέ-

401 2386 585 2441 τυχον.

474 2462 549 2519 I".
586 2462 711 2517 Τῶν
738 2463 846 2535 γὰρ
872 2464 1081 2536 ὲθίμων
1103 2466 1198 2519 τοῦ
1227 2466 1395 2538 νόμου
1431 2467 1783 2538 προστάξεων
1820 2472 1884 2540 τῇ
1908 2469 1989 2523 εὐ-

399 2554 592 2624 τεκνίᾳ
641 2555 1056 2627 προκρινουσῶν
1113 2556 1209 2628 τὴν
1278 2556 1590 2625 εὐσέϐειαν,
1646 2557 1745 2612 καὶ
1783 2560 1989 2628 τεκμή-

404 2664 522 2717 ριον
578 2646 811 2717 ἀψευδὲς
870 2648 1127 2717 εὐλογίας
1178 2648 1280 2721 τὴν
1319 2649 1576 2721 εὐθηνίαν
1626 2650 1724 2720 τῆς
1774 2650 1989 2720 φύσεως

402 2736 788 2809 λογιζομένων,
817 2739 876 2805 ἐξ
898 2741 1071 2812 αὐτῆς
1100 2739 1194 2794 τοῦ
1231 2740 1596 2813 ἐξιλάσματος
1624 2743 1732 2796 τῶν
1765 2742 1986 2811 Θυσιῶν,

405 2833 728 2905 προέκρινον
750 2832 810 2887 τὸ
848 2833 1066 2889 δεκτέον
1102 2851 1116 2865 ·
1158 2834 1312 2907 οὐδὲν
1366 2836 1600 2904 ἀλόγως,
1641 2832 1818 2907 οἶμαι,
1866 2837 1990 2891 οὐδέ

401 2925 502 2995 τῆς
532 2903 641 2979 τῶν
669 2926 1059 2995 προσαγόντων
1111 2903 1424 2998 παχῖἳτητος
1483 2903 1762 2998 ἀλλότριον
1804 2929 1993 2982 θεσπι-

404 3016 636 3080 ζουσῶν.
685 3016 904 3089 Ἐπειδὴ
961 3018 1071 3087 γὰρ
1114 3018 1570 3089 σωματικώτερον
1621 3020 1670 3072 oi
1723 3018 1843 3073 τότε
1884 3019 1993 3073 διέ-

407 3125 610 3175 κειντο,
641 3112 708 3181 τῇ
740 3109 849 3164 τῶν
884 3109 1154 3180 βιωτικῶν
1171 3111 1412 3163 ἐπιδόσει
1440 3110 1510 3164 τά
1536 3111 1637 3181 τῆς
1663 3112 1844 3184 ψυχῆς
1864 3129 1991 3180 συγ·
2013 3150 2061 3214 c

404 3201 771 3266 καλύπτοντες
802 3201 1005 3270 ἀγαθά,
1030 3199 1173 3267 ξένοι
1205 3220 1265 3255 τε
1292 3203 1399 3257 τῶν
1430 3202 1524 3256 τοῦ
1546 3203 1865 3274 Πνεύματος
1892 3205 1988 3258 δα-

403 3294 577 3365 ψιλῶν
596 3295 955 3365 χαρισμάτων
993 3293 1379 3364 τυγχάνοντες,
1422 3295 1483 3348 τὸ
1513 3295 1876 3352 εὐαπόδεκτον
1925 3301 1990 3352 ἐκ

404 3385 613 3440 τούτων
658 3374 1145 3457 κατεστοχάζοντο.
1195 3386 1368 3440 Τοῦτο
1409 3386 1591 3442 τοίνυν
1632 3391 1680 3442 οί
1724 3392 1789 3461 τῇ
1859 3393 1990 3463 σκιᾷ

404 3478 749 3543 δουλεύοντες
775 3478 831 3532 τὸ
854 3479 973 3543 ἔθος
1002 3480 1350 3550 κατέχοντες,
1388 3480 1648 3544 ἀπαιδίας
1683 3481 1846 3535 ἕνεκα
1878 3482 1989 3536 τῶν

405 3573 633 3628 δικαίων
665 3574 726 3628 οὐ
748 3575 1100 3647 προσήκαντο
1125 3576 1192 3629 τά
1222 3573 1616 3648 προσαγόμενα
1640 3574 1809 3648 δῶρα.
1833 3576 1990 3631 Οὕτω

407 3664 543 3733 γοῦν
574 3666 959 3730 όνειδισθέντες
982 3670 1030 3720 οἱ
1056 3668 1280 3733 δίκαιοι,
1310 3667 1343 3739 ἢ
1378 3668 1474 3721 καὶ
1511 3668 1989 3739 ἀποπεμφθέντες,

410 3756 546 3827 μίαν
567 3757 771 3813 τούτων
802 3758 1125 3830 ἀπαλλαγὴν
1154 3759 1566 3833 ἐφευρίσκουσι,
1598 3760 1697 3830 τὴν
1739 3762 1818 3824 εἰς
1859 3761 1991 3814 Θεὸν

404 3849 755 3918 καταφυγήν.
794 3849 885 3903 Διδ
919 3851 1010 3903 ἐπὶ
1027 3850 1118 3903 τὸν
1159 3849 1438 3922 ’Δϐραάμ,
1475 3851 1572 3903 καὶ
1605 3851 1849 3923 Σάρραν,
1897 3853 1992 3905 καὶ

412 3943 613 3996 Ἀνναν
644 3943 905 4015 ἀλλήλους
940 3945 1180 4017 καθορᾷν
1229 3945 1672 4016 περεκελεύοντο,
1720 3946 1815 3999 καὶ¹
1875 3947 1992 4016 μετ’

409 4035 633 4091 ἐκείνων
654 4037 753 4108 τὴν
810 4040 908 4109 τῆς
966 4038 1133 4108 εὐχῆς
1179 4039 1585 4110 ἀπολαμϐάνειν
1632 4037 1992 4113 παρώτρυνον

408 4127 655 4184 ἔκϐασιν.
718 4128 932 4184 Καλὰν
981 4129 1123 4199 ἡμῖν
1155 4126 1345 4197 οὗτοι,
1379 4132 1563 4203 φησὶ,
1622 4131 1994 4203 παράδειγμα

408 4223 775 4291 πρόκεινται,
806 4226 855 4278 εί
886 4223 1260 4290 ἀδιστάκτως
1279 4226 1394 4293 τὴν
1424 4226 1645 4295 δέησιν
1672 4227 1992 4295 προϐαλοίο

404 4318 581 4383 μεθα.
603 4315 807 4371 Καλὸν
830 4313 1152 4385 τεκμήριον
1181 4316 1219 4384 ἠ
1248 4315 1361 4385 τῆς
1387 4317 1623 4386 Σάρῤας
1653 4318 1991 4386 στείρωσις,

407 4408 494 4472 εἰς
514 4407 865 4475 ἁπαλότητα
887 4406 1356 4476 μεταϐληθεῗσα.
1399 4410 1606 4464 Καλὸν
1649 4410 1903 4480 σημεῖον
1952 4412 1992 4481 ἠ

437 317 503 426 ου
781 417 809 426 -
1240 317 1524 381 ORATIO
1564 324 1649 386 IN
1687 324 2219 392 NATlVITATEM
2253 333 2363 397 SS.
2403 336 2787 403 DEIPARIE.

394 417 504 514 τῶν
531 417 851 514 ΔΔιιιροιρητιῗιν
874 422 903 475 ό
950 423 1110 495 χορὸς
1152 426 1495 502 διαπρυσίως
1542 436 1833 507 ἐκήρυττε,
1887 439 1980 491 καὶ
2009 438 2056 495 Α
2084 444 2387 514 accipiebat

3567 345 3674 411 570

2434 464 2448 502 :
2503 446 2692 512 David,
2741 464 2910 519 prope
2971 447 3114 504 diem
3183 464 3306 507 esse
3357 449 3671 521 clamando,

2084 540 2292 595 multus
2337 549 2456 596 erat
2495 558 2511 596 :
2546 544 2933 613 prophetarum
2979 544 3184 599 chorus
3215 544 3362 600 clara
3395 545 3664 616 praedica-

2082 635 2173 690 bat
2214 652 2365 701 voce,
2398 635 2791 706 Christumque
2818 636 2927 706 jam
2965 636 3019 691 in
3054 636 3242 706 januis
3276 638 3663 693 annuntiabat.

2084 726 2287 784 Omnes
2330 727 2688 783 nihilominus
2736 742 2832 797 spe
2874 743 2973 783 sua
3019 727 3267 784 frustrati
3306 730 3658 786 transierant.

2084 820 2223 888 Quia
2268 837 2396 877 vero
2444 820 2731 877 deﬁciebat
2800 828 3039 891 tempus,
3095 836 3219 876 cum
3263 823 3331 876 iis
3375 824 3464 893 qui
3521 822 3670 895 digni

2084 922 2266 980 erant;
2315 913 2645 984 tandemque
2693 911 2825 967 illud
2881 927 3009 967 vere
3077 913 3273 983 dignos
3340 913 3549 969 invenit
3602 930 3671 970 ex

2086 1020 2276 1060 eorum
2312 1012 2464 1060 ortos
2490 1004 2767 1075 prosapia,
2803 1013 2965 1074 atque
2993 1004 3045 1058 in
3078 1019 3202 1058 eum
3237 1004 3397 1059 tinem
3429 1020 3456 1058 a
3486 1021 3668 1060 rerum

2086 1099 2321 1153 Auctore
2355 1106 2710 1166 praeparatos,
2742 1096 3013 1163 Joachim,
3050 1097 3303 1166 inquam,
3336 1105 3388 1152 et
3420 1095 3633 1151 Annam
3655 1138 3669 1163 ,

2085 1191 2207 1262 ejus
2255 1194 2542 1261 parentes;
2597 1205 2720 1260 quae
2774 1205 2942 1245 causa
2994 1190 3204 1245 exstitit
3265 1198 3492 1245 eventus
3541 1204 3667 1259 pro.

2088 1283 2381 1339 missorum
2413 1296 2428 1335 :
2471 1298 2595 1336 nam
2626 1280 2873 1337 Joachim
2910 1283 3153 1353 quidem,
3192 1282 3487 1351 repositus;
3513 1283 3671 1336 Anna

2086 1392 2239 1441 vero,
2282 1377 2481 1446 gratia,
2532 1375 2738 1445 liquido
2788 1376 3108 1446 exponitur.
3158 1377 3247 1441 Hi,
3281 1377 3523 1431 oraculis
3572 1391 3674 1430 an-

2088 1470 2464 1525 nuntiatorum
2495 1468 2743 1535 exordia,
2775 1472 2829 1523 in
2868 1484 3007 1539 opus
3046 1479 3292 1523 sternere
3332 1457 3666 1539 coeperunt:

2087 1561 2145 1617 hi
2179 1576 2360 1617 rerum
2397 1560 2450 1615 in
2487 1575 2584 1630 spe
2632 1561 2936 1630 positarum
2971 1560 3205 1615 radicem
3235 1549 3616 1631 germinarunt
3655 1577 3671 1614 :

2090 1654 2147 1709 hi
2191 1655 2617 1725 promissionum
2669 1651 3085 1708 fundamentum
3139 1652 3376 1707 ﬁxerunt
3407 1668 3422 1708 :
3450 1667 3515 1707 ex
3571 1650 3677 1706 illis

2014 1796 2064 1857 Β
2092 1746 2450 1817 pigmentaria
2487 1746 2646 1801 nobis
2688 1746 3009 1815 medicaque
3049 1743 3263 1799 oilicina
3302 1754 3511 1802 structa
3538 1753 3623 1800 est
3659 1760 3674 1798 :

2091 1857 2156 1896 ex
2187 1840 2254 1896 iis
2293 1838 2444 1894 venit
2474 1836 2866 1908 prephetarum
2904 1836 3148 1905 impletio
3186 1854 3200 1890 :
3238 1852 3304 1891 ex
3341 1836 3409 1891 iis
3435 1844 3553 1891 orta
3588 1846 3674 1891 est

2086 1928 2286 1987 iustitia:
2318 1930 2567 1994 auctrix;
2599 1944 2664 1984 ex
2694 1929 2761 1984 iis
2805 1927 3103 1999 praeierunt
3125 1927 3306 1998 gaudii
3332 1928 3578 1997 pignora.
3611 1924 3676 1980 Hi

2087 2025 2270 2094 itaque
2330 2023 2399 2078 ab
2426 2019 2709 2077 excellenti
2734 2034 2900 2088 supra
2930 2032 3121 2073 omnes
3172 2018 3373 2072 virtute
3429 2015 3676 2072 Creatori

2087 2113 2366 2185 conspicui
2384 2110 2812 2168 constituuntur.
2833 2108 3045 2163 Idcirco
3069 2107 3216 2161 omni
3238 2106 3465 2161 decursa
3485 2105 3588 2169 via,
3608 2104 3676 2159 ad

2090 2220 2366 2263 summum
2403 2201 2752 2274 perfectionis
2792 2201 3051 2255 verticem
3105 2207 3499 2261 occurrerunt,
3537 2197 3674 2252 solis

2089 2313 2193 2368 que
2239 2312 2329 2354 res
2374 2296 2647 2366 plerisque
2696 2309 2726 2349 a
2773 2294 2971 2349 saeculo
3033 2292 3369 2348 desideratas
3413 2290 3675 2360 consequi

2091 2396 2431 2444 meruerunt.

2162 2481 2249 2535 Ill.
2308 2478 2446 2533 Nam
2503 2493 2627 2534 cum
2699 2477 2948 2549 legalium
3023 2476 3485 2533 constitutionum
3547 2475 3673 2545 jura

2090 2571 2257 2644 prolis
2286 2571 2442 2641 copia
2487 2569 2743 2639 pietatem
2800 2579 3108 2633 censerent,
3136 2579 3458 2638 certumque
3506 2567 3677 2622 bene‘

2090 2662 2346 2720 dictionis
2371 2670 2781 2732 argumentum,
2808 2669 3017 2715 naturae
3050 2664 3352 2725 ubertatem
3379 2644 3670 2725 haberent,

2090 2772 2154 2812 ex
2185 2771 2248 2810 ea
2278 2753 2663 2819 decernebant,
2692 2761 2750 2806 ut
2783 2753 2972 2808 hostiae
3010 2761 3197 2822 gratae,
3221 2768 3287 2808 ae
3310 2752 3674 2822 acceptabiles

2091 2853 2319 2902 essent:
2356 2845 2429 2899 ita
2475 2859 2629 2909 sane,
2678 2853 2736 2898 ut
2791 2859 2908 2898 mea
2951 2843 3170 2912 quidem
3215 2843 3505 2910 sententia,
3538 2843 3677 2897 nihil

2092 2939 2183 2994 illa
2234 2953 2264 2992 a
2324 2937 2563 3000 ratione,
2614 2946 2779 2990 autve
2825 2934 3169 2989 offerentium
3228 2949 3413 2988 crasso
3465 2933 3676 2996 animo,

2093 3029 2333 3084 alienum
2376 3027 2673 3084 sancirent.
2716 3026 2854 3092 Quia
2881 3025 3027 3080 enim
3059 3027 3178 3097 ejus
3204 3026 3380 3081 aetatis
3420 3025 3673 3080 homines

2093 3120 2418 3190 corporibus
2439 3119 2788 3183 addictiores,
2810 3120 3153 3177 saecularium
3178 3126 3470 3190 augmento
3507 3116 3677 3172 animi

2082 3216 2234 3293 bona
2272 3212 2650 3283 contegebant,
2686 3220 2848 3281 atque
2896 3210 2965 3265 ab
3004 3210 3263 3264 uberibus
3293 3207 3534 3278 Spiritus
3567 3207 3670 3262 do-

2091 3307 2177 3361 nis
2209 3304 2372 3359 alieni
2418 3311 2594 3366 erant,
2627 3317 2691 3357 ex
2744 3302 2834 3367 iis,
2879 3308 2939 3354 ut
2974 3301 3206 3370 quisque
3243 3298 3462 3352 Numini
3512 3313 3674 3353 acce-

2091 3407 2216 3467 ptns
2251 3402 2419 3460 esset,
2463 3393 2807 3462 colligebant.
2841 3392 2977 3449 Cum
3010 3393 3194 3460 itaque
3229 3391 3323 3459 qui
3360 3388 3679 3443 serviebant

2092 3488 2216 3559 legi,
2244 3502 2363 3543 eam
2392 3484 2518 3554 jure
2565 3494 2829 3556 perpetuo
2883 3482 3334 3539 consuetudinem
3388 3481 3676 3547 haberent,

2091 3580 2271 3637 oblata
2300 3593 2331 3632 a
2355 3576 2523 3648 justis
2570 3590 2796 3631 munera
2843 3574 2912 3630 ob
2948 3573 3255 3630 sterilitatis
3303 3572 3521 3642 cuipam
3563 3587 3671 3627 non

2092 3670 2383 3727 admisere.
2418 3668 2509 3733 Sic
2557 3681 2687 3737 ergo
2739 3667 2820 3722 illi
2861 3667 3063 3739 probro
3112 3665 3310 3731 allecti,
3339 3673 3503 3736 atque
3535 3664 3678 3719 alta-

2094 3763 2247 3818 ribus
2286 3761 2457 3830 vetiti,
2498 3776 2667 3815 unum
2708 3761 2813 3816 hoc
2869 3760 3227 3814 adinveniunt
3271 3760 3592 3825 remedium,
3625 3766 3679 3813 ut

2093 3853 2408 3926 confugiant
2432 3853 2498 3907 ad
2531 3851 2721 3909 Deum.
2754 3851 3121 3918 Quamobrem
3162 3861 3349 3907 mutua
3379 3867 3437 3907 se
3468 3853 3674 3907 exhorc

2095 3951 2318 4010 talione,
2377 3956 2432 4000 ut
2474 3947 2539 4001 ad
2590 3944 2888 4011 Abraham,
2942 3955 2998 4000 et
3056 3944 3301 4004 Sarram.
3356 3961 3420 3999 ac
3469 3948 3679 3998 Annam

2094 4040 2410 4109 respiciant,
2443 4044 2815 4101 commonent,
2849 4052 2914 4091 ac
2946 4052 3052 4090 una
3093 4050 3217 4088 cum
3264 4035 3369 4088 illis
3413 4035 3680 4089 orationis

2093 4140 2346 4189 eventum
2390 4129 2631 4198 recipere
2680 4138 2950 4196 satagaut.
2986 4127 3215 4180 Pulchro
3262 4126 3432 4189 nobis,
3478 4127 3680 4197 inquit,

2094 4227 2187 4280 isti
2218 4235 2339 4276 sunt
2382 4221 2619 4290 exemplo
2646 4219 2926 4290 propositi,
2958 4217 3219 4288 siquidem
3258 4217 3480 4271 indubia
3513 4226 3680 4272 mente

2095 4316 2385 4372 orationem
2438 4310 2887 4381 proposuerimus.
2940 4307 3234 4362 Pulchrum
3307 4318 3678 4379 argumentum

2096 4408 2324 4478 suggerit
2356 4403 2536 4459 Sarra:
2573 4400 2849 4466 sterilitas,
2877 4398 2933 4453 in
2971 4399 3203 4468 juventa:
3231 4399 3504 4454 mollitiem
3541 4417 3681 4453 cont-

409 4497 491 4563 τῷ
517 4498 685 4568 τήρει
710 4499 1072 4569 καμφθεῖσα,
1104 4499 1204 4554 καὶ
1224 4503 1312 4567 εις
1357 4500 1743 4570 ἀκμαζόντων
1784 4502 1988 4572 μελῶν

2093 4510 2331 4557 mutata.
2367 4494 2658 4549 Pulchrum
2684 4491 2913 4562 signum,
2954 4491 3050 4545 illa
3072 4493 3218 4544 senio
3249 4492 3493 4554 incurva,
3521 4491 3678 4560 inque

407 4589 715 4659 ἐνέργειαν
739 4592 1328 4660 μετασκευασθεῶα.
1353 4592 1685 4663 Βλέψωμεν
1712 4595 1800 4660 είς
1848 4595 1985 4648 Ἀν-

406 4692 525 4738 ναν
548 4685 664 4753 τὴν
700 4686 987 4753 Ἐλκανά,
1020 4687 1083 4741 τὸ
1103 4683 1245 4742 ἴσον
1282 4686 1357 4741 δι’
1380 4686 1572 4757 εὐχῆς
1603 4685 1753 4758 ἡμῖν
1799 4687 1990 4752 πάθος

405 4778 805 4848 ἀποθεμένην.
850 4779 1146 4851 Μάθωμεν
1199 4778 1388 4849 αὐτῆς
1431 4782 1498 4834 τὸ
1557 4780 1665 4849 τῆς
1724 4781 1991 4848 δεήσεως

408 4870 692 4940 ἔμμονον,
720 4872 819 4926 καὶ
853 4871 918 4926 τὸ
954 4871 1066 4942 τῆς
1104 4871 1375 4938 διανοίας
1420 4871 1709 4942 ἔμπυρον.
1744 4871 1992 4943 Γνῶμεν

408 4961 591 5029 ὅπως,
635 4963 735 5016 καὶ
783 4964 979 5032 μέθην
1039 4962 1495 5033 ἑγκαλουμένη,
1555 4966 1667 5018 οὐκ
1708 4964 1983 5019 ἐνεδίδου

408 5053 892 5124 προσευχομένη.
936 5057 1166 5123 Ταύτην
1198 5056 1370 5125 ἡμεῖς
1388 5056 1778 5125 μιμησώμεθα
1816 5073 1829 5086 ·
1852 5057 1991 5110 ταύ-

406 5159 520 5210 της
541 5144 800 5198 κατόπιν
826 5145 1208 5215 ἐπειγώμεθα.
1244 5148 1408 5215 Αὕτη
1451 5147 1800 5216 χειραγωγεῖ
1843 5148 1990 5217 πρὸς

409 5234 529 5288 τῶν
564 5235 971 5305 ἐλπιζομένων
1008 5238 1125 5306 τὴν
1150 5238 1425 5307 αἴτησιν,
1482 5240 1580 5292 καὶ
1641 5239 1757 5306 τὴν
1785 5240 1991 5295 ἐπιτυ-

410 5328 575 5395 χίαν,
616 5327 690 5379 δι’
728 5321 817 5381 ὧν
838 5326 1199 5399 ἐνήργησεν,
1228 5329 1681 5400 ἐπαγγέλλεται.

482 5419 557 5470 Δ’.
581 5415 799 5487 Ταύτην
826 5414 921 5472 οὖν
939 5420 1038 5490 τὴν
1057 5419 1367 5490 συμϐουλὴν
1384 5421 1463 5483 εἰς
1493 5421 1651 5492 ἔργον
1685 5422 1987 5491 ἐξήνεγκαν

410 5510 819 5565 οἱΔὶκαιοι.Τά
850 5516 950 5582 τῆς
984 5513 1152 5584 εὐχῆς
1201 5513 1450 5567 ἐντεῦθεν
1510 5514 1691 5567 αὐτῶν
1747 5513 1988 5587 κατεπῄ-

406 5599 528 5654 δετο
587 5603 827 5673 ῥήματα.
878 5604 999 5672 Σὺ,
1055 5606 1210 5676 φησι,
1273 5608 1467 5676 Κύριε,
1522 5607 1600 5674 τῷ
1656 5604 1986 5678 πίιτριάρχῃ

481 5740 543 5813 εἶ’
576 5740 592 5802 1
623 5738 750 5814 Reg.
779 5755 824 5801 ι.

2088 4602 2383 4665 vegetorum
2435 4586 2790 4643 membrorum
2850 4585 3092 4638 virtutem
3148 4582 3445 4637 demntata.
3494 4582 3682 4651 Respi-

2089 4686 2295 4739 ciamus
2337 4680 2406 4735 ad
2438 4681 2647 4734 Annam
2680 4692 2897 4731 uxorem
2934 4674 3153 4729 Eleana:
3182 4677 3248 4708 '”
3284 4692 3298 4729 :
3335 4674 3562 4740 Annam,
3599 4676 3682 4726 in-

2090 4793 2270 4849 quam,
2316 4791 2349 4828 a
2403 4771 2567 4828 simili
2629 4770 2779 4825 nobis
2833 4770 3012 4823 morbo
3069 4768 3306 4838 precibus
3364 4765 3676 4820 liberatam.

2094 4871 2370 4925 Discamus
2411 4865 2525 4935 ejus
2565 4863 2823 4918 orationis
2861 4862 3239 4924 constantiam,
3272 4877 3334 4914 ac
3371 4860 3540 4913 animi
3569 4860 3684 4929 fer-

2098 4977 2297 5018 vorem.
2326 4958 2669 5025 Noverimus,
2696 4966 2753 5010 ut
2782 4972 2943 5025 neque
2969 4954 3234 5009 ebrietatis
3259 4952 3410 5006 illato
3439 4952 3680 5015 crimine,

2097 5053 2333 5108 studium
2372 5049 2561 5103 orandi
2584 5048 2864 5102 remiserit.
2895 5044 3045 5099 Hanc
3072 5046 3172 5113 ipsi
3202 5046 3494 5098 imitemur.
3522 5042 3679 5097 Hane

2099 5145 2245 5215 sequi
2279 5144 2608 5214 festinemus.
2641 5138 2750 5192 Illa
2794 5139 2905 5194 dua:
2939 5140 3035 5191 erit
3085 5139 3155 5190 ad
3193 5154 3253 5191 ea
3286 5136 3533 5203 petenda,
3562 5151 3680 5205 qua:

2099 5244 2563 5307 speramus,atque
2587 5248 2651 5288 ea:
2674 5235 2741 5286 iis
2777 5248 2891 5302 qua:
2924 5231 3235 5301 gessit,{ore
3261 5241 3314 5284 ut
3346 5231 3683 5299 impetremus

2098 5331 2380 5399 promittit.

2167 5423 2257 5478 ιν.
2289 5423 2403 5480 Hoc
2423 5440 2551 5496 ergo
2579 5423 2719 5480 Justt
2748 5422 3040 5479 consilium
3065 5422 3132 5478 ad
3156 5436 3294 5492 Opus
3324 5419 3675 5491 redegerunt.

2098 5515 2235 5571 Hinc
2258 5517 2523 5573 orationis
2547 5524 2833 5588 coeperunt
2852 5517 3105 5573 occinere
3131 5515 3317 5572 verba.
3352 5512 3450 5581 Tu,
3475 5512 3674 5583 inquit,

2101 5605 2338 5677 Domine,
2373 5608 2639 5678 pollicitus
2688 5608 3008 5679 patriarclta’
3045 5609 3178 5681 fore,
3242 5616 3296 5662 ut
3344 5604 3455 5672 eius
3507 5617 3674 5659 semen
