4122 6212
494 281 593 345 571

1766 285 2029 348 JACOBI
2069 285 2416 349 MONACHI

3643 294 3750 359 572

494 412 648 466 super
693 412 964 452 numerum
1006 413 1180 452 arena:
1214 397 1401 462 maris,
1438 396 1852 468 multiplicatum
1883 413 2065 452 excre-

2177 398 2673 469 ἐπαγγειλάμενος
2696 401 2850 470 ὑπὲρ
2873 402 3124 471 ἀριθμὸν
3153 401 3402 472 ψάμμου
3429 402 3750 477 θαλάσσης

493 499 653 543 sceret
679 490 719 555 ’,
746 506 847 542 non
877 505 941 544 ea:
976 489 1256 559 multiplici
1289 489 1433 558 prole
1474 506 1583 543 rem
1625 489 1950 559 prazstitisti,
1981 487 2070 542 sed

492 594 558 633 ea:
579 595 682 632 uno
708 579 858 647 faztu,
898 594 1103 647 unaque
1131 577 1377 632 editione.
1408 578 1508 643 Tu,
1537 586 1730 631 terram
1764 575 2072 635 haereditate

496 668 884 738 possidendam.
927 684 1029 721 non
1069 683 1134 723 ea:
1165 668 1370 730 multis,
1400 668 1489 721 sed
1527 684 1591 722 ετ
1633 683 1735 721 uno
1764 666 1857 720 illo
1889 665 2069 721 distri-

498 760 677 815 buisti.
730 758 807 812 Tu
857 758 1039 815 Sarra:
1089 760 1528 830 infecunditatem
1575 758 1941 817 commutasti.
1993 755 2073 810 Τιι

495 850 609 919 ejus
657 853 879 905 remissa
931 852 1185 916 membra,
1219 861 1275 905 ut
1308 862 1396 905 tuo
1428 851 1741 911 inservirent
1792 849 2071 915 mandato,

494 941 781 997 roborasti.
818 942 895 1000 Tu
933 944 1048 1013 ejus
1096 944 1517 997 incredulitatem
1569 944 1623 997 in
1666 941 1822 1011 ﬁdem
1861 957 2074 995 conver-

494 1035 626 1097 tisti,
659 1051 720 1093 ac
756 1034 1076 1089 dubietatem
1114 1038 1165 1089 in
1196 1035 1427 1093 indubia:
1464 1036 1650 1089 mentis
1686 1034 2073 1104 ﬁrmitudinem

495 1125 739 1183 mutasti.
782 1124 908 1179 Non
944 1127 1199 1191 ridemus,
1236 1137 1291 1180 ut
1335 1126 1467 1191 illa;
1515 1129 1605 1180 sed
1632 1125 2069 1195 supplices-obse-

496 1232 729 1281 cramus,
760 1227 817 1273 ut
847 1218 1023 1272 Anna.
1062 1217 1180 1272 Non
1212 1234 1395 1274 sumus
1425 1219 1481 1271 in
1510 1215 1954 1279 oratione'dubii,
1985 1215 2075 1268 sed

496 1308 559 1361 de
609 1319 792 1363 eventu
840 1310 1060 1367 creduli.
1114 1309 1191 1369 Tu
1243 1309 1485 1379 patribus
1549 1309 1749 1363 nostris
1798 1307 2072 1362 mirabilia

499 1413 743 1471 operatus
781 1420 855 1458 es.
887 1403 965 1458 Tu
999 1406 1311 1459 benedixisti
1338 1403 1525 1468 Iacob,
1560 1420 1623 1456 ac
1652 1402 1911 1458 Israelem
1959 1417 2071 1454 mu-

500 1503 608 1547 tato
663 1496 870 1549 nomine
912 1495 1186 1564 appellans
1216 1496 1256 1558 ³,
1299 1494 1412 1563 ejus
1445 1494 1561 1547 inde
1614 1493 1781 1547 animi
1809 1492 2078 1561 perspica-

498 1585 710 1639 citatem
767 1588 1036 1640 indicasti.
1081 1586 1179 1655 Tu,
1222 1588 1456 1656 provide,
1509 1594 1569 1639 ut
1626 1584 1740 1654 ejus
1797 1600 1971 1639 semen
2020 1583 2077 1636 in

498 1674 785 1746 AZggptum
819 1678 1256 1749 proﬁcisceretur,
1287 1695 1348 1730 ac
1388 1678 1501 1730 illic
1531 1677 1875 1740 detineretur,
1899 1676 2078 1743 dispo-

499 1770 655 1823 suisti
681 1769 721 1822 ‘.
758 1768 881 1823 Non
935 1772 1221 1840 permisisti
1269 1780 1322 1824 ut
1365 1770 1741 1841 Egyptiorum
1793 1769 2077 1824 crudelitas

496 1871 647 1915 tuum
686 1864 1018 1919 imminueret
1043 1865 1318 1937 populum.
1356 1864 1433 1921 Tu
1462 1881 1549 1919 eos
1578 1864 1863 1918 dirissimis
1902 1864 2075 1932 plagis

497 1953 710 2010 rebelles
762 1956 1034 2025 punivisti,
1075 1973 1177 2029 quo
1227 1966 1279 2010 et
1328 1966 1433 2011 tute
1481 1956 1768 2012 clementia:
1813 1958 2075 2022 specimen

495 2048 694 2121 cderes,
731 2048 1046 2116 illorumque
1076 2049 1303 2105 durities
1343 2049 1524 2120 palam
1554 2051 1720 2119 ﬁeret.
1754 2049 1851 2113 Tu,
1886 2066 2072 2103 novam

497 2139 550 2191 in
578 2141 714 2192 mari
751 2140 889 2194 viam
936 2140 1247 2210 designasti.
1284 2140 1383 2206 Tu,
1416 2141 1793 2196 elementorum
1824 2143 1958 2196 vires
1991 2144 2074 2196 ine

496 2232 722 2286 uocasti.
773 2232 867 2299 Tu,
926 2244 1176 2287 naturam
1224 2234 1452 2302 ﬂuxam,
1485 2235 1537 2288 in
1571 2235 1720 2289 dura:
1772 2251 1835 2288 ac
1889 2235 2077 2288 solida:

495 2324 713 2390 speciem
743 2325 1090 2388 transtulisti,
1117 2333 1366 2394 tuumque
1392 2326 1643 2395 populum
1671 2329 1811 2378 sicco
1860 2324 2075 2393 vestigio

497 2413 806 2469 traduxisti.
843 2415 943 2478 Tu,
984 2417 1194 2469 uberem
1230 2432 1497 2473 annonam
1529 2417 1582 2470 in
1614 2418 1820 2471 deserto
1863 2420 2071 2484 pluens.

494 2507 732 2561 eumdem
799 2510 1118 2563 esurientem
1180 2510 1387 2563 abunde
1441 2510 1677 2564 satiasti.
1737 2509 1814 2563 Tu
1868 2519 2074 2578 petram

495 2599 839 2653 durissimum
908 2606 1098 2669 aquam
1158 2600 1421 2653 scaturire
1476 2599 1668 2668 fecisti,
1722 2600 2075 2671 populumque

494 2687 755 2743 sitientem
803 2692 1023 2760 potasti.
1075 2690 1155 2744 Ad
1212 2708 1370 2761 quam
1428 2691 1529 2761 ipsi
1577 2691 1932 2759 respicientes,
1974 2708 2076 2745 non

493 2783 648 2853 quasi
685 2783 854 2849 dubii,
883 2799 1093 2852 precum
1125 2785 1510 2839 obsecrationes
1538 2785 1915 2853 supprimimus
1939 2824 1954 2848 ,
1986 2784 2075 2837 sed

494 2876 815 2941 sinceritate,
840 2877 947 2944 spei
977 2876 1386 2946 supplicationes
1426 2877 1766 2930 intendimus.
1802 2873 2074 2945 Siquidem

494 2965 653 3029 enim,
692 2966 745 3020 in
792 2965 979 3034 quibus
1022 2967 1158 3020 nihil
1202 2975 1338 3031 erat,
1376 2975 1432 3021 ut
1473 2983 1533 3020 ea
1567 2966 1932 3037 producerent,
1959 2980 2076 3035 qua:

495 3067 619 3109 sunt
644 3055 929 3125 producta,
967 3056 1209 3123 Domine,
1251 3067 1498 3128 operatus
1544 3072 1636 3123 es;
1664 3072 1833 3111 nonne
1876 3056 1942 3109 iis
1982 3070 2076 3120 po-

498 3148 626 3211 tius,
656 3164 773 3219 qute
816 3158 923 3203 tua:
968 3148 1222 3220 originali
1267 3149 1376 3220 lege
1431 3150 1496 3203 in
1537 3149 1684 3204 nobis
1731 3151 1903 3219 posita
1933 3160 2076 3213 sunt,

496 3257 589 3311 pro
633 3252 725 3295 tua
778 3241 1056 3296 clementia
1093 3241 1486 3303 auxiliaberis?
1531 3240 1797 3311 Siquidem
1858 3259 1921 3296 ea
1963 3258 2079 3312 gnte

498 3343 606 3387 toto
636 3350 822 3405 genere
850 3334 1080 3389 discreta
1112 3345 1287 3398 erant,
1316 3335 1684 3393 communione
1730 3336 2073 3401 temperasti;

494 3443 665 3485 nonne
691 3443 808 3497 qua:
838 3436 1030 3481 natura
1057 3429 1209 3481 unita
1247 3435 1390 3493 sunt,
1429 3444 1491 3481 ac
1519 3427 1964 3495 viribusdefecta,
2004 3430 2073 3482 ad

496 3519 550 3572 id
600 3520 812 3573 reduces
848 3523 987 3590 quod
1038 3529 1113 3574 est
1161 3522 1475 3588 proprium?
1518 3521 1621 3586 Qui
1670 3529 1974 3577 creaturam
2008 3535 2073 3574 ea:

498 3608 662 3669 nihilo
675 3610 1308 3680 produxistisnumquid
1325 3611 1465 3664 male
1495 3611 1744 3680 affectam
1773 3628 1875 3665 non
1904 3613 2063 3668 resti-

500 3711 635 3767 tues,
660 3700 740 3753 uti
767 3699 1022 3755 Dominus
1048 3699 1070 3752 ?
1098 3699 1269 3753 Tuum
1301 3702 1398 3755 ltoc
1435 3710 1534 3766 est,
1562 3719 1591 3755 ο
1623 3702 1865 3767 Domine,
1903 3718 2030 3772 opus
2055 3717 2074 3756 :

499 3806 646 3846 tuum
677 3794 831 3846 unius
862 3793 1092 3862 facinus,
1127 3794 1249 3847 aliis
1285 3796 1525 3849 omnibus
1570 3795 1919 3864 impossibile.
1964 3794 2081 3849 Tua

497 3884 753 3952 potentia,
808 3885 1044 3937 maxima
1097 3901 1315 3955 quaeque
1359 3895 1604 3953 portenta
1662 3887 1910 3942 eduntur.
1967 3888 2079 3943 Tuo

497 3983 756 4042 prcecepto
784 3975 1067 4043 [luminum
1106 3975 1444 4030 decurrentes
1478 3994 1649 4048 aquae,
1686 3981 1900 4032 reducto
1928 3979 2081 4048 fluxu

498 4076 854 4120 revertuntur.
886 4067 1135 4123 Jussione
1170 4077 1285 4141 tua,
1322 4068 1402 4121 sol
1437 4084 1648 4121 cursum
1687 4070 1931 4138 reﬂectit.
1968 4068 2083 4124 Tua

491 4161 751 4230 jnssioue,
802 4160 1082 4231 multiplex
1122 4178 1283 4235 genus
1326 4177 1429 4214 non
1487 4161 1822 4230 genitalium,
1855 4162 2082 4232 genitale

499 4253 568 4307 ad
604 4254 983 4307 successionem
1015 4264 1325 4323 perseverat.
1365 4254 1706 4309 Ordinationi
1755 4262 1858 4308 tua:
1889 4255 2080 4309 cedunt

499 4343 697 4407 omnia,
728 4359 821 4396 nec
852 4345 1140 4414 quidquam
1170 4353 1258 4399 tuo
1295 4356 1554 4416 prtpcepto
1588 4345 1823 4401 obsistit.
1862 4345 1936 4400 Tu
1971 4346 2083 4400 An-

2101 3106 2148 3170 C

2173 492 2289 558 τὴν
2325 492 2432 546 τοῦ
2464 492 2803 562 σπέρματος
2847 496 3034 549 αὐτοῦ
3083 496 3436 562 πληθύνειν,
3462 495 3744 552 ἐπίδοσιν

2174 583 2285 635 οὐκ
2329 581 2397 635 ἐκ
2432 584 2834 651 πολυτεκνίας
2882 587 3058 638 τοῦτο
3085 584 3431 653 ἐνήργησας
3465 601 3480 617 ⁸
3515 587 3653 641 ἀλλ’
3678 589 3748 642 ἐκ

2167 667 2309 737 μιᾶς
2341 669 2601 738 προόδου
2636 671 2752 740 τὴν
2782 672 3125 747 ὑπόσχεσιν
3147 672 3515 743 ἐξετέλεσας.
3537 676 3619 736 Σὺ
3636 676 3750 743 τὴν

2173 760 2548 832 κατάσχεσιν
2563 762 2670 831 τῆς
2684 763 2795 834 γῆς
2810 766 2920 823 οὐκ
2947 766 3014 819 ἐκ
3045 767 3362 833 πλειόνων,
3387 768 3524 829 ἀλλ’
3548 770 3617 823 ἐκ
3644 772 3748 825 τοῦ

2174 852 2313 919 ἐνὸς
2359 855 2575 910 τούτου
2618 857 3128 929 ἐκληροδότησαςρ
3180 857 3264 921 Σὺ
3316 858 3433 927 τὴν
3495 861 3750 929 ἀγονίαν

2174 943 2287 1013 τῆς
2316 945 2549 1014 Σάρρας
2576 950 2666 1014 είς
2686 950 3078 1024 τεκνογονίαν
3140 949 3485 1019 μετέϐαλες.
3547 953 3631 1017 Σὺ
3682 954 3751 1008 τὰ

2176 1036 2500 1105 παρειμένα
2526 1039 2747 1107 ταύτης
2775 1041 2935 1113 μέλη
2968 1042 3121 1109 πρὸς
3146 1041 3262 1111 τὴν
3315 1039 3441 1111 σὴν
3491 1044 3753 1112 ἐντολὴν

2172 1130 2513 1199 ,ἑνίσχυσας
2542 1133 2944 1203 ὑπουργῆσαι.
2996 1136 3080 1190 Σὺ
3109 1137 3224 1203 τὴν
3279 1136 3569 1199 ἀπιστίαν
3617 1140 3753 1194 ταύ-

2177 1238 2286 1290 της
2310 1225 2398 1289 είς
2429 1225 2638 1281 πίστιν
2663 1227 3050 1296 μετήνεγκας,
3099 1229 3199 1283 καὶ
3248 1234 3337 1300 εις
3388 1233 3753 1293 ἀδίστακτον

2177 1316 2419 1384 γνώμην
2452 1317 2525 1372 τὰ
2558 1317 2661 1377 τοῦ
2689 1318 3017 1389 δισταγμοῦ
3039 1326 3511 1393 μετεσκεύασας.
3544 1328 3626 1383 οὐ
3655 1344 3751 1395 γε·

2177 1403 2397 1474 λῶμεν,
2439 1407 2519 1473 ὡς
2548 1408 2749 1478 ἐκείνη
2782 1427 2795 1441 ο
2818 1412 3273 1480 ίκετεύομεν,ὠς
3315 1416 3352 1478 ἡ
3381 1418 3589 1475 Ἄννα.
3628 1419 3751 1475 Οὐκ

2177 1497 2635 1569 ἀμφιϐάλλομεν
2691 1503 2781 1566 είς
2833 1502 2949 1572 τὴν
3008 1503 3256 1572 δέησιν,
3303 1508 3464 1571 ἀλλὰ
3503 1512 3750 1572 πιστεύ·

2178 1607 2324 1660 ομεν
2338 1590 2490 1658 πρὸς
2529 1592 2643 1658 τὴν
2681 1593 2947 1651 ἔκϐασιν.
3005 1596 3089 1651 Σὺ
3148 1597 3222 1659 τὰ
3271 1598 3581 1667 παράδοξα
3630 1599 3755 1665 τοῖς

2179 1680 2479 1752 πατράσιν
2505 1682 2673 1753 ἡμῶν
2699 1684 3063 1755 ἐνήργησας.
3109 1686 3193 1747 Σὺ
3220 1689 3327 1743 τὸν
3360 1689 3558 1743 Ἰακὼϐ
3582 1691 3759 1744 εὐλό-

2108 1757 2150 1817 Β
2183 1787 2398 1841 γησας,
2435 1775 2532 1828 καὶ
2575 1775 2821 1842 Ἰσραὴλ
2845 1778 3282 1846 μετεκάλεσας,
3317 1779 3383 1832 τὸ
3420 1778 3761 1847 διορατικὸν

2182 1864 2368 1917 αὐτοῦ
2389 1864 2672 1919 ἐντεῦθεν
2701 1868 3220 1936 ὑπαινιττόμενος.
3245 1870 3329 1925 Σὺ
3356 1869 3435 1936 τῷ
3461 1871 3758 1941 σπέρματι

2183 1955 2370 2008 αὐτοῦ
2402 1954 2518 2023 τὴν
2545 1959 2632 2021 είς
2654 1957 2960 2027 Αἴγυπτον
2979 1960 3334 2031 ὁδοιπορίαν
3374 1961 3475 2017 καὶ
3526 1962 3757 2031 συντήα

2177 2061 2367 2114 ρησιν
2394 2048 2808 2117 ᾠκονόμησας.
2843 2036 2927 2113 Σὺ
2959 2050 3075 2120 τὴν
3111 2054 3453 2123 Αἰγυπτίων
3508 2071 3754 2123 μιαιφο-

2185 2138 2325 2190 νίαν
2351 2138 2460 2191 τὸν
2477 2141 2630 2193 λαόν
2655 2157 2770 2195 σου
2809 2143 3316 2211 κατασμικρύνειν
3373 2145 3445 2199 οὐ
3494 2144 3761 2212 συνεχώ-

2176 2244 2396 2298 ρησας.
2434 2230 2519 2284 Σὺ
2556 2233 2817 2301 πληγαῖς
2846 2234 3171 2302 ἀφορήτοις
3204 2235 3602 2302 ἀπειθοῦντας
3622 2238 3758 2292 τούο

2185 2339 2328 2388 τους
2382 2324 2709 2392 ἐκόλασας,
2764 2328 2864 2380 ἵνα
2904 2326 3108 2381 καὶτὸ
3166 2329 3284 2382 σὸν
3330 2329 3765 2397 φιλάνθρωπον

2183 2415 2534 2485 ἀποδειχθῇ,
2567 2418 2863 2471 κάκείνων
2909 2422 2974 2473 τὸ
3019 2419 3367 2491 ἀμείλικτον
3423 2421 3757 2495 φανερωθῇ.

2186 2508 2269 2560 Σὺ
2301 2507 2489 2575 ξένην
2513 2508 2658 2562 ὁδὸν
2682 2511 2751 2563 ἐν
2773 2508 2848 2579 τῇ
2870 2496 3161 2581 θαλάσση
3195 2512 3621 2585 ἐνεούιγησας.
3674 2514 3765 2567 Σὺ

2186 2599 2291 2662 τὰς
2328 2594 2448 2651 τῶν
2477 2600 2796 2668 στοιχείων
2817 2601 3122 2675 ἐνεργείας
3145 2601 3640 2671 ἐκαινοτόμησας.
3677 2604 3760 2657 Σὺ

2185 2686 2300 2755 τὴν
2313 2688 2508 2757 ῥοώδη
2540 2690 2730 2759 φύσιν
2750 2692 2837 2757 είς
2864 2691 3200 2746 ἀντίτυπον
3233 2692 3443 2764 σχῆμα
3465 2693 3759 2763 μετέστη·-

2185 2794 2320 2844 σας,
2351 2780 2448 2833 καὶ
2480 2780 2768 2836 τὸνλαόν
2793 2797 2910 2836 σου
2959 2783 3193 2851 ἀϐρόχῳ
3251 2785 3459 2857 πορείᾳ
3509 2784 3760 2838 διεϐίϐα-

2184 2881 2321 2934 σας.
2356 2868 2439 2922 Σὺ
2471 2869 2585 2936 τὴν
2612 2870 2880 2939 ἄφθονον
2906 2872 3141 2949 τροφὴν
3159 2876 3228 2928 ἐν
3246 2874 3444 2945 ἐρήμῳ
3469 2874 3767 2944 ἐπομϐρή-

2180 2973 2321 3027 σας,
2373 2961 2669 3017 πεινῶντα
2725 2962 2941 3017 τοῦτον
2980 2967 3066 3030 εις
3118 2966 3301 3034 κόρον
3358 2966 3637 3037 ἔθρεψας.
3680 2968 3759 3021 Σὺ

2184 3052 2298 3120 τὴν
2319 3053 2655 3124 ἀκρότομον
2674 3053 2899 3124 πέτραν
2924 3055 3082 3127 ὕδωρ
3107 3056 3375 3126 πηγάσαι
3397 3058 3757 3129 πεποίηκας.

2182 3143 2281 3197 καὶ
2328 3143 2596 3212 διψῶντα
2642 3145 2859 3200 τοῦτον
2897 3147 3205 3217 ἐπότισας.
3271 3149 3423 3218 Πρὸς
3460 3148 3539 3216 ἣν
3594 3152 3763 3221 ἡμεῖς

2180 3235 2647 3305 ἀποϐλέποντες,
2701 3239 2812 3293 οὐκ
2844 3238 3168 3309 ἀμφιϐολίᾳ
3211 3240 3319 3306 τὰς
3344 3243 3534 3312 εὐχῆς
3580 3259 3760 3296 stara-

2182 3329 2522 3395 στέλλομεν
2551 3329 2991 3399 παρακλήσεις,
3031 3332 3194 3387 ἀλλὰ
3245 3334 3597 3403 εζλικρινείᾳ
3655 3334 3763 3399 τὰς

2182 3415 2292 3484 τῆς
2322 3418 2570 3485 ἐλπίδος
2605 3420 2980 3492 ἐπιτείνομεν
3001 3423 3323 3489 ἐντεύξεις.
3367 3425 3438 3477 Et
3500 3424 3609 3494 γὰρ
3665 3426 3765 3494 ἐφ’

2183 3504 2272 3576 οἷς
2303 3512 2413 3565 οὐκ
2442 3511 2592 3576 ἔστι,
2625 3514 2822 3583 Κύριε,
2856 3515 3163 3586 προάγειν,
3196 3517 3235 3573 ἀ
3256 3515 3554 3591 προήχθη,
3581 3518 3757 3584 ἐνήρ-

2184 3618 2379 3672 γησας
2408 3619 2420 3634 ·
2456 3604 2582 3669 τοῖς
2607 3605 2700 3675 ἐφ’
2741 3606 2886 3675 ἡμῖν
2917 3608 3215 3678 κειμένοις
3243 3611 3396 3667 κατά
3451 3610 3560 3664 τὸν
3600 3610 3766 3679 ἀρχι-

2183 3694 2296 3749 κὸν
2353 3695 2497 3764 ὅρον
2562 3699 2636 3751 οὐ
2678 3700 3081 3775 συνεργήσεις
3119 3701 3544 3772 φιλάνθρωπε;
3598 3686 3666 3757 Εἰ
3692 3704 3763 3758 τὰ

2182 3786 2362 3840 παντὶ
2384 3786 2740 3856 διεστηκότα
2763 3790 2842 3856 τῷ
2866 3791 3026 3860 γένει
3074 3795 3163 3860 εις
3206 3794 3526 3849 κοινωνίαν
3562 3794 3765 3864 ἐκέρα-

2182 3896 2300 3947 σας
2333 3897 2346 3912 ⁸
2375 3880 2651 3950 ἡνωμένα
2684 3880 2758 3951 τῇ
2782 3883 2961 3951 φύσει
3017 3885 3168 3952 πρὸς
3230 3886 3388 3940 Ζδιον
3446 3888 3557 3941 οὐκ
3612 3886 3761 3941 ἀνα-

2183 3970 2469 4039 στρέψεις
2499 3970 3036 4044 ἐξασθενήσαν[[.-
3073 3972 3301 4047 causa];
3349 3972 3412 4028 Ei
3432 3973 3518 4044 μὴ
3567 3970 3766 4035 οὖσαν

2183 4059 2300 4127 τὴν
2329 4062 2522 4132 φύσιν
2559 4063 2923 4133 παρήγαγες,
2965 4064 3051 4133 μὴ
3096 4061 3162 4119 εὖ
3209 4051 3619 4134 διακειμένην
3653 4069 3765 4119 οὐκ

2182 4152 2549 4220 ἀνορθώσεις
2579 4153 2661 4219 ὡς
2697 4153 2951 4223 Κύριος;
2992 4156 3131 4221 Σὸν,
3157 4152 3203 4211 ὦ
3231 4156 3523 4221 Δέσποτα,
3587 4157 3765 4212 τοῦτο

2184 4246 2249 4299 τὸ
2311 4246 2521 4316 ἔργον·
2591 4247 2710 4300 σὸν
2757 4248 2823 4302 τὸ
2872 4249 3239 4318 κατόρθωμα,
3294 4249 3362 4302 τὸ
3390 4246 3582 4304 πᾶσιν
3614 4247 3765 4317 ἀμή-
3868 4246 3891 4256 “

2185 4353 2396 4411 χανον.
2434 4336 2514 4407 Τῇ
2548 4338 2633 4411 σῇ
2664 4339 2990 4408 δυναστείᾳ
3025 4339 3097 4393 τὰ
3139 4338 3392 4410 μέγιστα
3443 4338 3562 4393 τῶν
3619 4356 3766 4408 πρα-

498 4450 624 4487 nam
657 4435 835 4489 eodem
882 4436 1175 4490 sterilitatis
1225 4436 1403 4490 morbo
1444 4437 1793 4503 laborantem,
1844 4441 2074 4510 copioste

2185 4427 2422 4498 γμάτων
2451 4430 2928 4502 τερατουργεῒται
2954 4447 2968 4461 ο
2999 4431 3073 4500 τῇ
3125 4430 3209 4499 σῇ
3257 4430 3586 4502 προστάξει
3646 4428 3767 4484 τῶν

492 4526 658 4597 prolis
707 4536 929 4583 matrem
981 4528 1310 4582 reddidisti:
1347 4530 1717 4601 aemulumque,
1768 4534 1960 4585 multos
2009 4532 2078 4585 li-

495 4620 644 4674 beros
693 4620 990 4688 habentem,
1045 4623 1157 4676 sine
1189 4620 1368 4674 liberis
1408 4621 1603 4691 fecisti.
1644 4620 1812 4676 Nobis
1850 4638 2072 4692 quoque,

493 4710 788 4785 oDomine,
827 4727 907 4765 res
952 4712 1146 4781 probro
1192 4712 1434 4778 vertitur,
1486 4729 1588 4769 non
1653 4730 1762 4769 una
1808 4714 2071 4769 duntaxat

493 4804 856 4859 contubernali
909 4805 1103 4874 femina
1164 4805 1449 4875 inferente,
1498 4807 1590 4859 sed
1634 4807 1772 4859 tribu
1821 4807 2069 4860 universa

494 4897 715 4965 miriﬁce
748 4896 1099 4951 declamante.
1140 4894 1216 4949 Tu
1247 4898 1419 4964 ipsum
1460 4896 1670 4965 auferre
1704 4908 1870 4966 potes.
1918 4897 2068 4951 Vales

492 4987 602 5056 ipse
637 4997 843 5043 naturae
876 4988 1330 5063 infecunditatem,
1377 4989 1432 5044 in
1466 4988 1849 5057 fecunditatem
1894 4990 2073 5059 facilis

2140 4553 2144 4561 ι
2184 4521 2470 4591 ποταμῶν
2499 4523 2572 4578 τὰ
2595 4525 2865 4594 ῥεύματα
2899 4526 2986 4591 εις
3018 4524 3355 4592 τοῦμπαλιν
3404 4523 3714 4595 ἀνατρέχει
3745 4537 3761 4554 ο

2183 4612 2258 4683 τῇ
2285 4612 2371 4684 σῇ
2406 4615 2685 4668 κελεύσει
2720 4618 2753 4669 ὀ
2774 4615 2948 4683 ἥλιος
2979 4615 3089 4669 τὸν
3114 4615 3339 4683 δρόμον
3362 4610 3723 4683 ἀναχαιτίζει
3744 4627 3759 4641 ·

2179 4707 2253 4774 τῇ
2287 4707 2373 4775 σῇ
2404 4707 2686 4762 κελεύσει
2743 4709 2815 4761 τὰ
2853 4706 3145 4777 πολυειδῆ
3184 4705 3303 4761 τῶν
3330 4707 3565 4777 ἀγόνων
3592 4704 3761 4774 γένη,

2179 4803 2390 4870 γόνιμα
2429 4800 2578 4869 πρὸς
2615 4799 2910 4869 διαδοχὴν
2934 4800 3285 4870 διαμένουσι
3326 4815 3341 4830 ”
3405 4797 3481 4868 τῇ
3519 4796 3604 4867 σῆ
3635 4796 3763 4851 δια-

2178 4893 2345 4957 τάξει
2381 4893 2579 4947 πάντα
2601 4893 2854 4958 ὑπείκει,
2907 4893 3005 4946 καὶ
3047 4892 3129 4959 τῷ
3171 4890 3589 4961 προστάγματι
3641 4903 3758 4943 σου

2179 4985 2363 5040 οὐδὲν
2407 4985 2766 5040 ἀντιπίπτει.
2814 4986 2897 5039 Σὺ
2947 4984 3061 5053 τὴν
3121 4986 3352 5039 ’Ἄνναν
3401 4984 3519 5051 τὴν
3565 4979 3762 5047 αὐτὴν

493 5080 807 5149 ι”αηδῖεννεο
2180 5081 2464 5135 ἀτεκνίαν
2482 5078 2848 5148 νοσήσασαν
2883 5081 2970 5146 εῑς
3021 5079 3399 5133 πολύτεκνον
3437 5074 3758 5147 μετεποίη-

492 5185 630 5237 trag,
664 5170 765 5225 καὶ
813 5172 928 5242 τὴν
961 5177 1339 5230 πολύτεκνον
1388 5178 1477 5243 εἰς
1525 5176 1784 5231 ἄτεκνον
1829 5174 2175 5244 μετέϐαλες.
2221 5174 2395 5228 Ἔστι
2444 5173 2543 5227 καὶ
2591 5171 2739 5240 ἡμῖν
2805 5170 3165 5238 ὀνειδισμὸς,
3199 5165 3246 5224 ὦ
3295 5167 3590 5231 Δέσποτα,
3647 5164 3762 5216 οὐκ

493 5267 560 5319 ἐκ
580 5266 722 5335 μιᾶς
744 5267 854 5337 τῆς
880 5271 1172 5326 συνοίκου
1224 5271 1511 5341 ’γυναικὸς
1562 5272 2067 5341 προσφερόμενος,
2099 5270 2257 5326 ἀλλὰ
2279 5269 2437 5336 παρὰ
2496 5265 2602 5335 τῆς
2640 5266 2843 5336 φυλῆς
2890 5265 3135 5333 ἀπάσης
3182 5259 3760 5331 ἐκτραγῳδούμενος.

494 5358 579 5411 Σὺ
615 5359 874 5429 δυνατὸς
902 5363 1118 5418 τοῦτον
1141 5363 1349 5433 ἐξᾶραι
1374 5380 1392 5398 ⁸
1425 5366 1506 5419 σὺ
1541 5365 1745 5431 ἱκανὸς
1803 5363 1919 5433 τὴν
1976 5363 2087 5433 τῆς
2115 5361 2354 5433 φύσεως
2412 5359 2735 5430 ἀκαρπίαν,
2781 5362 2869 5425 εις
2899 5359 3311 5428 καρποφορίαν
3349 5350 3759 5423 ἐξευμαρίσαι,

571 5449 697 5505 limo
739 5452 1014 5523 iustorum
1063 5456 1237 5513 oratio
1276 5473 1288 5508 :
1326 5464 1659 5527 quapropter
1708 5456 1874 5511 etiam
1927 5456 2063 5508 inlc-

501 5553 764 5601 Ineratam
791 5546 935 5602 illam
960 5557 1248 5621 generant;
1288 5547 1432 5603 illam
1472 5548 1626 5602 nobis
1650 5547 2071 5617 regenerationis

2245 5451 2319 5504 A'.
2373 5448 2522 5518 Αὕτη
2549 5449 2657 5503 τῶν
2688 5447 2915 5502 δικαίων
2947 5449 2980 5518 ἡ
3016 5448 3202 5518 δέησις
3234 5465 3247 5479 ο
3282 5445 3362 5499 διὸ
3404 5445 3500 5497 καὶ
3531 5436 3764 5509 γεννῶητι

2180 5546 2279 5616 τὴν
2309 5546 2595 5616 ἄχραντον,
2623 5541 2718 5616 τὴν
2741 5542 2837 5612 τῆς
2857 5542 3270 5611 ἁναγεννὴσεως
3302 5536 3458 5609 ἡμῶν
3481 5531 3760 5607 πρῦξενον,

584 5726 602 5756 ⁸
633 5720 769 5781 Gen.
802 5739 936 5793 xvn,
962 5739 1120 5793 xvnt,
1148 5740 1261 5782 nt.
1338 5726 1359 5759 ³
1388 5725 1810 5795 Gen.xxxn,28.
1889 5728 1909 5760 ⁸
1942 5725 2114 5781 Exod.
2168 5741 2252 5793 tn,
2292 5733 2399 5781 etc.
