4122 6212
330 309 437 372 573

1148 310 1435 373 ORATIO
1480 314 1556 375 IN
1599 313 2131 377 NATIVITATEM
2170 316 2278 380 SS.
2323 320 2703 383 DEIPAR/E.

3485 330 3586 395 576

325 432 429 501 τὴν
443 428 545 500 τῆς
564 428 921 492 ἀναπλάσεως
936 429 1097 500 ἡμῶν
1124 429 1328 496 αἰτίαν,
1346 432 1414 486 δι’
1430 425 1497 502 ἧς
1511 431 1572 484 τὸ
1593 431 1713 486 κατ’
1727 430 1913 487 εἰκόνα

2017 434 2313 488 auctricem
2350 451 2364 489 :
2400 433 2546 489 illam
2572 436 2733 491 nobis
2773 434 3178 495 reformationis
3212 453 3470 508 causam;
3496 457 3586 511 pet

326 520 462 576 Θεοῦ
498 520 822 595 ἀχρειωθὲν,
857 520 995 593 πρὸς
1018 520 1117 593 τὴν
1150 523 1358 578 οἰκείαν
1398 522 1671 594 ἐπανῆλθε
1704 525 1907 596 εὐπρέ-

326 629 493 671 πειαν
515 629 530 643 '
560 612 629 666 δι’
656 606 721 684 ἦς
742 612 1096 685 ἀνεκαινίσθη
1115 618 1176 667 τδ
1198 614 1426 669 παλαιὸν
1448 615 1607 687 ἡμῶν
1637 615 1866 691 φύραμα
1890 634 1905 650 ⁸

324 705 394 760 δι’
416 699 487 778 ἦς
524 706 653 768 τοὺς
692 706 793 776 τῆς
829 706 1109 778 ἁμαρτίας
1129 707 1363 778 χιτῶνας
1391 708 1778 777 ἀποϐαλόντες,
1806 710 1907 781 τὴν

325 797 420 855 τοῦ
445 797 623 868 φωτὸς
651 797 847 868 στολὴν
876 798 1278 870 ἠμφιασάμεθα
1308 816 1324 832 ο
1357 800 1419 854 τδ
1447 799 1557 854 τῶν
1608 803 1908 874 προφητῶν

324 892 690 965 ἀναφώνημα.
717 891 778 947 τὸ
806 893 914 947 τῶν
944 891 1104 951 θείων
1125 894 1389 966 χρησμῶν
1426 896 1791 969 ἑκπλήρωμα,
1848 898 1909 952 τὸ

323 988 423 1057 τῆς
444 986 601 1058 ἡμῶν
623 984 901 1057 σωτηρίας
926 986 1245 1057 κεφάλαιον.
1274 988 1341 1043 Ὦ
1368 989 1466 1061 τῆς
1500 990 1609 1047 τῶν
1637 992 1906 1053 τεκόντων

324 1080 641 1144 εὐτεκνίαςί
680 1081 744 1135 Ὠ
773 1079 936 1134 τόκου
974 1079 1045 1134 τά
1085 1079 1226 1151 ὑπὲρ
1252 1080 1379 1137 νοῦν
1412 1083 1594 1149 ἀγαθὰ
1641 1084 1907 1157 προξενή-

325 1188 522 1234 σαντος
545 1172 659 1234 τοῖς
689 1171 978 1242 ὲνεγγάσιν
1012 1170 1080 1244 [ι’.
1106 1169 1420 1246 ὲνέγκασιν]
1451 1176 1464 1230 ἰ
1505 1175 1631 1233 Ἐπὶ
1663 1175 1762 1249 μὲν
1791 1178 1903 1251 γὰρ

321 1264 430 1319 τῶν
460 1262 772 1339 καθ’ήμᾶς,
806 1265 925 1323 ὅσοι
944 1265 1185 1337 πατέρες
1214 1264 1406 1337 ἔτυχον
1431 1268 1711 1338 γενέσθαι,
1741 1270 1773 1342 ἢ
1816 1288 1908 1327 κο·

322 1364 551 1431 σμικαϊς
608 1361 991 1434 περιφανείαις
1032 1360 1161 1429 τοὺς
1201 1362 1262 1427 ἐξ
1309 1361 1486 1419 αὐτῶν
1541 1361 1904 1431 προελθόντας

320 1451 800 1523 ἀνακηρυχθέντας
841 1452 1063 1521 ἰδόντες,
1095 1452 1128 1524 ἢ
1163 1453 1273 1513 τῶν
1301 1453 1516 1523 ἀρετῶν
1560 1456 1701 1524 φωτὶ
1732 1471 1902 1514 nata-

319 1542 696 1613 λαμφθέντας.
751 1542 785 1617 ἢ
833 1542 1084 1612 γενναῖόν
1137 1562 1193 1599 τι
1250 1545 1345 1601 καὶ
1375 1545 1521 1617 μέγα
1570 1545 1763 1601 δοκοῦν
1791 1538 1907 1599 τῶν

319 1636 422 1705 τῆς
487 1634 739 1708 ἀνδρείας
780 1622 1225 1709 κατορθωμάτων
1260 1637 1693 1709 ἐνδειξαμένους,
1722 1641 1785 1697 οὐ
1841 1640 1901 1693 τὸ

319 1724 481 1793 τυχὸν
514 1725 578 1779 ἐκ
610 1722 818 1781 τούτων
870 1724 1248 1799 προσκτῶνται
1297 1726 1484 1793 κλέος,
1541 1731 1607 1803 τῇ
1645 1729 1901 1800 κοινωνίᾳ
1928 1767 1977 1829 Β

314 1818 418 1886 τῆς
451 1815 668 1884 φύσεως
702 1816 1139 1893 συμμετέχοντες
1161 1818 1262 1889 τῆς
1296 1818 1538 1884 εὐδοξίας
1559 1837 1574 1852 ο
1604 1821 1697 1874 ἐπὶ
1713 1821 1770 1881 δὲ
1790 1821 1899 1874 τῶν

318 1909 605 1978 παρόντων
632 1907 717 1971 τίς
749 1908 816 1967 ἂν
851 1907 1125 1982 ὑπερϐολὴ
1153 1908 1311 1980 δόξης
1339 1910 1673 1982 ἐπινοηθείη,
1701 1907 1770 1985 ἧς
1792 1912 1900 1969 τῶν

317 1998 607 2070 πρωτείων
648 1999 749 2053 οὐκ
791 1998 1015 2071 ἕτυχονς
1050 2000 1161 2057 Καὶ
1204 1999 1258 2053 τί
1313 1999 1393 2054 δεῖ
1451 2002 1900 2073 μακρολογοῦντα

315 2090 443 2153 τοὺς
467 2090 745 2161 ἀκροατὰς
776 2090 1134 2164 παρενοχλεῖν
1151 2108 1172 2157 ;
1205 2091 1420 2163 Ὠσπερ
1448 2092 1613 2166 γάρὴ
1643 2094 1899 2167 τεχθεῖσα

315 2183 378 2240 τὸ
406 2183 681 2240 ἀνώτατον
707 2185 846 2255 πλὴν
863 2184 955 2240 τοῦ
983 2185 1328 2257 Δημιουργοῦ
1370 2186 1671 2258 ἀπείληφεν
1689 2205 1702 2218 ι
1757 2188 1902 2245 οὕτω

318 2275 414 2329 καί
451 2266 619 2340 οὗτοι,
645 2275 704 2328 τὸ
731 2274 827 2329 τοῦ
863 2273 1055 2340 κλέους
1083 2274 1418 2346 ἀσύγκριτον
1467 2277 1619 2349 παρὰ
1658 2279 1785 2344 τοὺς
1809 2297 1900 2337 τε-

318 2367 515 2435 κόντας
543 2367 1036 2440 ἀπεκληρώσαντο.

391 2633 466 2688 E'.
500 2632 799 2705 Τεχθείσης
823 2633 1007 2693 τοίνυν
1034 2634 1136 2708 τῆς
1158 2636 1476 2705 Θεόπαιδος,
1528 2640 1562 2711 ἡ
1608 2639 1779 2694 ’Λννα
1803 2641 1898 2706 τὰς

318 2726 496 2797 φυλὰς
531 2728 903 2792 συνεκαλεῖτο.
935 2729 1136 2795 Δεῦτε,
1158 2729 1417 2798 λέγουσα,
1447 2735 1796 2805 συγχάρητε
1820 2734 1901 2802 τῷ

315 2818 440 2890 ἐμῷ
474 2820 630 2887 τόκῳ
657 2820 880 2885 ’δεῦτε,
920 2821 1051 2888 ταῖς
1083 2820 1255 2892 ἐμαῖς
1293 2823 1464 2881 ὠδῖσι
1519 2829 1902 2897 συνευφράν-

317 2914 462 2980 θητε
497 2928 511 2943 ·
550 2912 746 2977 δεῦτε,
785 2911 1087 2969 θεάσασθε
1107 2912 1223 2983 τὴν
1256 2917 1397 2987 παρ’
1443 2916 1665 2973 ἐλπίδα
1717 2917 1900 2987 θηλά-

317 3001 544 3063 ζουσαν
573 3019 586 3033 °
612 3001 808 3069 δεῦτε,
838 3003 954 3071 τὴν
998 3003 1068 3069 ἐξ
1095 3003 1384 3073 ἀκάρπων
1431 3007 1711 3077 λαγόνων
1764 3009 1902 3063 ἁνα-

2011 539 2176 595 quam
2210 524 2303 585 Dei
2342 526 2394 579 in
2445 527 2606 582 nobis
2635 528 2802 582 oblita
2842 528 3041 597 imago,
3069 529 3135 584 ad
3176 530 3465 602 pristinum
3505 548 3586 589 re-

2010 616 2112 671 diit
2142 617 2394 675 decorem
2432 635 2571 689 :per
2615 635 2778 689 quam
2839 627 2999 677 vetus
3053 632 3239 678 nostra
3270 625 3589 695 conspersio

2012 718 2269 766 renovata
2307 720 2388 766 est
2424 728 2439 766 :
2477 727 2575 782 per
2608 727 2770 783 quam
2809 723 3073 769 eruentes
3109 709 3314 784 peccati
3351 717 3591 780 tunicas.

2012 802 2148 861 lucis
2189 792 2384 858 stolam
2435 803 2747 870 induimus;
2783 803 3174 875 prophetarum
3220 807 3367 861 illam
3410 808 3588 862 exclap

2008 895 2304 955 mationem
2340 912 2353 949 :
2382 894 2688 953 divinorum
2715 897 3064 952 oraculorum
3095 896 3534 969 adimpletionem
3569 918 3585 954 :

2008 995 2209 1043 nostrae
2234 986 2369 1042 illud
2404 986 2598 1045 salutis
2639 989 2888 1058 caputJ)
2932 1000 3218 1057 parentum
3263 994 3587 1063 praeclaram

2007 1081 2248 1152 prolem!
2283 1079 2327 1136 Ο
2350 1092 2565 1150 partum
2608 1081 2818 1151 majora
2853 1084 3090 1153 cogitatu
3126 1084 3265 1139 bo‘na
3297 1085 3590 1143 edentibus

2008 1172 2426 1233 conciliantem!
2477 1173 2613 1230 Nam
2667 1175 2722 1231 in
2763 1176 3019 1232 omnibus
3059 1176 3300 1245 quidem,
3345 1179 3390 1232 si
3447 1193 3586 1247 quos

2009 1266 2249 1321 humano
2280 1280 2433 1325 more
2468 1266 2695 1336 contigit
2728 1277 2981 1336 parentes
3018 1267 3176 1335 effici,
3209 1279 3268 1329 ut
3302 1270 3386 1326 vel
3415 1285 3588 1326 s:ccu-

2006 1358 2202 1418 larinm
2269 1357 2596 1429 dignitatum
2658 1359 3039 1427 splentloribus
3099 1370 3292 1417 auctos
3368 1360 3589 1417 videant

2004 1450 2225 1515 liberos,
2262 1459 2354 1509 aut
2401 1450 2664 1504 virtutum
2710 1450 2832 1509 luce
2892 1450 3133 1511 illuSlres
3182 1452 3444 1517 redditos,
3488 1462 3588 1507 aut

2006 1552 2289 1607 strenuum
2322 1542 2450 1613 quid
2482 1558 2545 1601 ac
2582 1558 2843 1616 magnum
2874 1542 3337 1614 designasse,quo
3364 1542 3585 1599 fortitu~

2004 1636 2147 1693 diuis
2203 1635 2416 1691 laniem
2472 1635 2728 1701 habeant,
2766 1650 2873 1693 non
2930 1636 3205 1691 modicum
3258 1635 3383 1689 inde
3416 1634 3588 1689 decus

2005 1736 2347 1797 comparant,
2389 1743 2452 1782 ex
2502 1729 2891 1787 communione
2958 1739 3188 1794 naturae,
3236 1743 3342 1782 una
3400 1726 3589 1796 gloriae

2004 1832 2069 1873 ac
2099 1816 2433 1873 celebritatis
2469 1817 2895 1887 comparticipes
2922 1817 3100 1873 eﬂ‘ecti
3129 1836 3142 1871 :
3167 1819 3220 1871 in
3263 1817 3347 1874 bis
3377 1826 3584 1881 autem,

2003 1909 2110 1965 hoc
2130 1919 2453 1982 argumento
2480 1910 2762 1979 subjectis,
2791 1924 3037 1978 quaenam
3061 1909 3246 1979 gloriae
3263 1907 3584 1964 excellentia

2003 2003 2302 2074 excogitari
2349 2011 2533 2071 queat.
2570 2001 2729 2070 cuius
2779 2001 2857 2056 illi
2889 2002 3303 2071 praerogativam
3336 2014 3442 2054 non
3473 2000 3586 2054 sint

2004 2095 2325 2151 consecuti?
2368 2093 2510 2162 Quid
2569 2109 2697 2153 vero
2747 2108 2887 2163 opus
2949 2091 3280 2163 productiori
3327 2106 3585 2147 sermone

2003 2186 2349 2244 auditoribus
2373 2187 2674 2245 molestiam
2697 2185 2911 2245 facere?
2936 2184 3403 2257 Quemadmodum
3427 2183 3574 2238 enim

2003 2289 2129 2336 nata
2166 2279 2366 2350 puella,
2396 2286 2455 2333 ut
2487 2288 2764 2335 auctorem
2803 2278 3065 2349 excipias,
3094 2276 3241 2348 quod
3271 2286 3355 2331 est
3386 2290 3585 2346 supre-

2002 2388 2152 2429 mum
2203 2372 2439 2445 recepit;
2475 2372 2550 2426 ita
2596 2371 2649 2429 hi
2695 2385 2915 2441 quoque
2954 2367 3440 2443 incomparabilem
3490 2365 3584 2420 tle-

2003 2469 2149 2523 coris
2192 2464 2566 2536 priestantiam
2601 2464 2805 2530 sortiti,
2842 2472 3097 2533 parentes
3148 2460 3437 2519 universos
3491 2473 3587 2515 su-

2001 2567 2211 2631 perant.

2072 2649 2141 2705 V.
2176 2649 2366 2705 Divina
2422 2649 2607 2718 itaque
2636 2647 2814 2718 puella
2852 2645 3019 2712 edita,
3056 2645 3215 2701 Anna
3244 2644 3419 2699 tribus
3452 2658 3582 2697 con-

2001 2748 2208 2800 vocat:
2248 2737 2451 2801 Venite,
2482 2739 2680 2807 inquit,
2729 2735 3052 2807 congaudete
3095 2750 3221 2789 mea:
3267 2732 3433 2802 prolis
3469 2731 3585 2786 edi-

2003 2831 2155 2886 tioni.
2202 2830 2403 2893 Venite,
2440 2844 2553 2883 meo
2591 2828 2771 2897 partui
2797 2826 3153 2881 collwtemitti.
3187 2824 3381 2888 Venite,
3409 2822 3577 2877 uidete

2002 2926 2266 3000 insperato
2314 2921 2621 2977 laetantem.
2684 2919 2884 2983 Venite,
2924 2919 3129 2989 virgam
3178 2933 3242 2972 ex
3287 2913 3585 2986 lnfecundis

2005 3014 2197 3075 lumbis
2245 3024 2457 3068 enatam
2504 3010 2818 3083 perspicite;
2868 3024 3108 3080 eamque,
3140 3024 3258 3079 quae
3301 3007 3584 3076 infecunda

315 3092 580 3162 ρυεῖσαν
596 3093 828 3162 ῥάϐδον
865 3095 1159 3163 κατίδετε,
1190 3097 1289 3151 καί
1316 3097 1430 3168 τὴν
1458 3098 1702 3171 ᾷγυνον,
1759 3117 1899 3155 κυοο

2004 3117 2140 3175 erat,
2177 3107 2505 3162 causiderate
2535 3106 2715 3175 fretam
2741 3103 3025 3161 redditam.
3062 3101 3247 3156 Alacri
3282 3100 3580 3155 concurrite

316 3186 509 3255 φόρον
536 3185 969 3251 κατανοήσατε.
1000 3187 1379 3256 Συνδρὰμετε
1403 3192 1744 3263 προθύμως,
1800 3191 1897 3246 καί

316 3276 435 3344 τὴν
471 3276 542 3330 ἐν
575 3275 653 3345 τῷ
679 3277 805 3347 ναῷ
842 3277 1050 3353 ἄφιξιν
1075 3279 1613 3349 προοδοποιῆσατε.
1661 3283 1901 3353 Κοσμή-

316 3382 467 3427 σατε
490 3368 598 3434 τὰς
625 3369 913 3436 ἐπαύλεις
941 3386 956 3401 ·
991 3372 1444 3443 καταφωτίσατε
1460 3373 1859 3443 τὰςείσόδους
1881 3391 1897 3406 ·

317 3457 835 3527 καταφαιδριτνατε
862 3460 1135 3528 λαμπάσι
1168 3461 1277 3526 τὰς
1320 3460 1642 3528 προόδους.
1700 3462 1901 3532 Ἓξάρ-

316 3552 461 3616 ξατε
487 3552 615 3621 μετ’
645 3551 1054 3619 εὐφροσύνης.
1083 3551 1308 3621 ’ᾼσατε
1331 3551 1751 3622 ἐπιθαλάμιον,
1800 3556 1900 3612 καί

313 3646 399 3713 ὡς
436 3646 687 3717 νύμφην
724 3641 994 3713 καθαρὰν
1016 3640 1096 3708 τῷ
1132 3641 1258 3706 ναῷ
1288 3643 1405 3715 τὴν
1449 3645 1633 3702 παῖδα
1682 3648 1902 3721 προσάο

314 3741 484 3803 ξατε.
516 3734 882 3804 Πληρὼσατε
906 3734 1029 3790 σὺν
1053 3736 1184 3806 ἐμοὶ
1211 3735 1326 3807 τὴν
1352 3739 1793 3814 εὐχαριστίαν-,ξ
1810 3741 1901 3799 ὅτι

315 3833 388 3897 ἐξ
413 3830 586 3885 οἴκου
606 3847 732 3900 μου
758 3830 974 3900 Κύριος
1000 3829 1213 3901 ἀφεῖλε
1246 3831 1313 3891 τὸ
1342 3831 1573 3901 ὄνειδος
1603 3850 1618 3866 ·
1643 3834 1732 3891 ὅτι
1784 3837 1899 3897 οὐκ

314 3925 406 3991 είς
454 3921 636 3976 κενὸν
676 3919 749 3975 τὰ
802 3919 915 3991 τῆς
954 3921 1208 3989 ἐλπίδος
1258 3921 1587 3994 ἐξέϐησαν.
1633 3925 1788 3981 Ἰδοὺ
1828 3928 1901 3982 τὰ

317 4015 438 4070 τῶν
467 4014 738 4080 δεήσεων
764 4016 850 4080 είς
875 4013 1053 4084 ἔργον
1080 4014 1474 4087 κατήντησαν
1492 4032 1507 4047 ’
1534 4016 1665 4073 ίδοὺ
1692 4019 1765 4073 τὰ
1791 4018 1902 4091 τῆς

316 4105 679 4176 ἐπαγγελίας
707 4104 773 4160 τὸ
789 4103 977 4175 πέρας
999 4105 1225 4161 ἔλαϐον
1241 4123 1255 4138 ·
1293 4106 1424 4163 ιδοὺ
1447 4106 1563 4177 τὴν
1585 4111 1903 4181 τεχθεῖσαν

317 4200 399 4266 ὡς
426 4197 893 4267 ὑπεσχόμην,ἐν
924 4196 1071 4265 οἴκῳ
1126 4199 1342 4267 Κυρίου
1383 4200 1719 4271 ἀνατίθημι.
1760 4203 1902 4258 Δεῦ-

317 4309 404 4359 τε,
452 4291 636 4359 ταύτῃ
689 4288 1139 4351 συνεισέλθετε,
1192 4290 1291 4346 καὶ
1322 4291 1402 4357 ὡς
1451 4293 1904 4361 εὐπρόσδεκτον

319 4384 560 4454 δώρημα
578 4380 753 4451 κοινῇ
783 4382 1011 4457 ταύτην
1044 4379 1124 4446 τῷ
1172 4382 1447 4452 Δεσπότη
1493 4383 1905 4454 προσενέγκω-

1931 4437 1980 4498 D

2001 3202 2199 3267 animo,
2255 3208 2411 3269 atque
2451 3198 2505 3251 in
2554 3195 2803 3266 tentplum
2860 3196 3003 3250 eunti
3053 3196 3258 3264 prwite.
3312 3192 3587 3246 Adornate

2003 3295 2193 3349 atria:
2225 3291 2533 3351 collustrale
2584 3289 2853 3359 ingressus
2889 3302 2908 3339 :
2936 3285 3061 3341 lazta
3110 3284 3422 3350 lampadum
3470 3281 3583 3334 lucc

2002 3400 2274 3454 processus
2349 3380 2666 3435 exhilarate.
2729 3375 3097 3445 Auspicamini
3181 3388 3300 3426 cum
3373 3372 3583 3425 laztitia.

2005 3471 2193 3527 Canite
2221 3467 2644 3538 epithalamium,
2681 3464 3019 3533 puellamque
3049 3471 3105 3516 ut
3131 3460 3385 3515 mundam
3422 3476 3583 3529 spon-

2003 3577 2121 3617 sam
2173 3576 2230 3614 tn
2289 3556 2539 3626 templum
2583 3554 2853 3610 adducite.
2892 3551 3011 3606 Una
3048 3567 3248 3605 mecum
3290 3549 3585 3621 gratiarum

2004 3652 2262 3713 actionem
2310 3646 2543 3717 implete,
2589 3645 2729 3716 quod
2771 3644 3028 3703 Dominus
3060 3643 3405 3714 opprobrium
3454 3640 3584 3694 abs-

2005 3743 2183 3801 tulerit
2232 3759 2266 3796 a
2319 3741 2475 3799 domo
2534 3755 2651 3792 mea
2699 3751 2718 3791 :
2763 3743 2901 3811 quod
2952 3751 3067 3805 spes
3115 3752 3219 3795 non
3280 3736 3335 3790 in
3364 3749 3588 3789 vacuum

2000 3834 2245 3893 euauril.
2280 3831 2417 3889 Ecce
2432 3831 2551 3900 jam
2572 3830 2842 3885 orationes
2875 3830 2928 3882 in
2964 3842 3095 3897 Opus
3124 3835 3423 3882 evaserunt.
3455 3823 3590 3878 Ecce

1994 3926 2113 3997 jam
2163 3925 2535 3995 promissiones
2586 3923 2744 3992 ﬁnem
2812 3929 3147 3991 acceperunt.
3214 3917 3351 3972 Ecce
3400 3928 3584 3971 natam

2000 4017 2272 4089 puellam,
2331 4023 2390 4070 ut
2444 4017 2598 4082 vavi,
2664 4016 2721 4069 in
2790 4013 2946 4069 domo
3012 4011 3225 4067 Domini
3303 4010 3588 4064 donarium

2003 4110 2188 4178 offero.
2226 4107 2424 4172 Venite,
2458 4123 2566 4160 una
2600 4123 2720 4160 cum
2751 4105 2844 4158 illa
2878 4107 3097 4169 intrate,
3130 4120 3193 4157 ac
3218 4119 3310 4156 ceu
3344 4112 3584 4171 accepta-

2005 4201 2106 4259 bile
2170 4217 2396 4265 ntunus,
2456 4197 2823 4253 communibus
2892 4214 3009 4253 eam
3071 4196 3294 4264 studiis,
3366 4196 3589 4251 Domino

2005 4295 2312 4364 offeramus.
2346 4293 2439 4347 Sic
2471 4291 2617 4346 enim
2670 4298 2842 4345 mater
2885 4289 3187 4349 alacritatis
3239 4289 3591 4345 contentione

2005 4398 2193 4446 votum
2247 4387 2472 4456 implere
2522 4384 2817 4440 festinabat
2865 4401 2879 4438 :
2927 4399 3119 4441 verum
3162 4383 3474 4443 retrahebat
3522 4398 3589 4455 ac

315 4492 450 4546 μεν.
480 4475 640 4529 Οὕτω
668 4474 778 4543 γὰρ
810 4474 845 4546 ή
895 4474 1082 4545 μήτηρ
1118 4472 1432 4547 προθυμίας
1483 4475 1642 4546 τόνῳ,
1692 4476 1760 4530 τά
1802 4477 1901 4545 μὲν

2004 4479 2232 4550 cegebat
2259 4476 2329 4531 ad
2360 4490 2564 4541 moras,
2603 4473 2850 4535 infantia
2884 4482 3126 4543 tempus,
3154 4487 3263 4528 non
3316 4474 3498 4529 ferens
3529 4481 3590 4527 ut

316 4568 419 4639 τῆς
449 4567 798 4638 ὑποσχέσεως
820 4564 1130 4636 ἐκπληροῦν
1165 4566 1559 4636 κατηπείγετο,
1589 4568 1727 4639 πρὸς
1764 4569 1901 4623 ἀνα·

318 4658 482 4730 ϐολὴν
504 4656 862 4717 δὲάνθεῑλκεν
900 4657 928 4715 ὁ
953 4656 1055 4726 τῆς
1084 4656 1410 4726 νηπιότητος
1450 4657 1662 4727 χρόνος,
1691 4658 1790 4717 οὐκ
1812 4659 1903 4729 ἐγ-

318 4751 604 4824 γυὼμενος
635 4748 952 4821 παραυτίκα
994 4748 1095 4821 τὴν
1131 4748 1243 4802 τῶν
1295 4748 1566 4807 τεκόντων
1621 4750 1897 4822 στέρησιν,

252 4878 255 4881 λ
317 4844 458 4900 ἀλλὰ
487 4843 829 4915 παραμένειν
862 4840 1377 4917 παρακελευόμενος
1404 4841 1466 4897 τὺ
1514 4844 1614 4914 τῆς
1681 4842 1899 4914 ἡλικίας

317 4938 654 5008 ἐπιτήδειον.
683 4934 782 4993 Διά
817 4933 975 4993 τοῦτο
998 4932 1378 5003 τριετίζουσαν
1417 4928 1625 5006 ταύτην
1656 4934 1733 5006 τῷ
1781 4937 1895 5008 ναῷ

319 5029 715 5101 προσφέρουσι,
750 5028 812 5082 τὸ
839 5027 1022 5098 τίμιον
1042 5027 1210 5089 δντως
1236 5025 1515 5097 ἀνάθημα,
1543 5027 1637 5083 καὶ
1653 5028 1906 5101 ἀγγέλοις

319 5122 599 5193 αἰδέσιμον
627 5136 641 5149 ⁸
665 5119 727 5175 τὸ
759 5118 1067 5192 ὑπέρτατον
1109 5118 1206 5177 καὶ
1257 5117 1655 5191 καθαρώτατον
1704 5118 1906 5193 κειμή-

316 5215 435 5271 λιον
455 5231 467 5244 -
495 5206 615 5282 ὲνῷ
651 5213 702 5266 oi
732 5211 834 5282 τῆς
871 5211 1095 5282 χάριτος
1148 5212 1415 5283 θησαυροὶ
1454 5211 1862 5287 ὲναπετέθησαν
1887 5227 1901 5242 ·

317 5309 377 5361 ἐν
415 5298 460 5375 ᾧ
487 5305 556 5358 τὰ
593 5304 693 5373 τῆς
726 5304 1001 5374 σωτηρίας
1027 5302 1185 5377 ἡμῶν
1214 5301 1517 5377 ὲταμιεύθη
1550 5303 1784 5376 ἐνέχυρα
1804 5318 1821 5337 ο
1846 5304 1905 5361 ἐν

2000 4570 2182 4627 statim
2217 4568 2310 4624 illa
2359 4573 2645 4636 parentum
2676 4578 2809 4620 cura
2843 4562 3259 4625 destitueretur,
3291 4575 3355 4616 ac
3385 4560 3589 4631 iubens

2000 4671 2061 4717 ut
2082 4658 2445 4732 opportunior
2473 4666 2607 4713 astas
2645 4662 3079 4725 exspectaretur.
3115 4651 3383 4719 Quocirca
3412 4649 3587 4706 trien-

1997 4769 2121 4809 nem
2150 4752 2297 4811 illam
2324 4749 2527 4818 templo
2564 4747 2823 4810 oderunt,
2853 4744 3159 4815 pretiosum
3190 4755 3380 4797 revera
3414 4741 3590 4799 dona-

2002 4847 2167 4909 rium,
2200 4844 2445 4915 ipsisque
2496 4840 2634 4895 adeo
2680 4838 2887 4909 angelis,
2942 4832 3312 4897 venerandum
3350 4849 3364 4886 :
3400 4845 3591 4900 supre-

2016 4953 2165 4993 mum
2222 4952 2287 4991 ac
2333 4932 2758 4993 mundissimum
2813 4927 3111 4994 cimelium,
3144 4927 3200 4981 itt
3244 4938 3355 4994 quo
3401 4923 3592 4994 gratia:

2004 5028 2248 5089 thesauri
2278 5025 2504 5096 repositi
2549 5023 2802 5087 fuerunt;
2836 5020 2891 5079 in
2924 5034 3032 5090 quo
3070 5017 3264 5077 salutis
3304 5016 3587 5073 recondita

2005 5123 2263 5193 pignora;
2292 5120 2351 5177 in
2395 5131 2507 5187 quo
2558 5112 2952 5175 incarnationis
2998 5110 3222 5175 divitia),
3272 5121 3477 5169 arcana
3524 5122 3591 5163 ac

2005 5210 2236 5273 mirabili
2271 5208 2482 5265 ratione
2511 5204 2775 5275 depositae
2806 5218 2821 5268 ;
2856 5200 3081 5256 luminis
3113 5199 3245 5254 illud
3287 5206 3586 5267 concepta-

2005 5305 2210 5370 culum,
2239 5317 2307 5357 εκ
2342 5313 2453 5371 quo
2487 5298 2682 5354 salutis
2734 5295 2895 5360 radii,
2932 5293 3052 5348 orbi
3085 5300 3359 5348 terrarum
3394 5290 3590 5349 illuxe-

318 5394 362 5469 ᾧ
390 5403 418 5453 ὁ
440 5398 541 5468 τῆς
563 5397 882 5466 οἰκονομίας
904 5396 1135 5463 πλοῦτος
1160 5396 1490 5468 ἀποῤῥήτως
1507 5395 1772 5455 ἀπέκειτο
1793 5413 1807 5427 ·
1838 5395 1904 5450 τὺ

2012 5404 2161 5450 runt.
2190 5391 2294 5449 Par
2338 5392 2538 5462 quippe
2570 5399 2689 5445 erat
2731 5388 2786 5442 in
2844 5387 2960 5456 ipsa
2997 5398 3218 5455 quoque
3267 5383 3589 5439 intemerata

318 5489 624 5561 φωτοδόχον
644 5487 869 5561 χωρίον,
900 5488 960 5555 ἐξ
996 5481 1059 5542 οὗ
1117 5488 1394 5560 σωτηρίας
1431 5485 1653 5553 ἁκτινες
1695 5491 1762 5559 τῇ
1821 5488 1902 5541 ol-

2011 5483 2268 5539 ltonorari
2298 5480 2599 5538 ternarium
2635 5492 2947 5533 numerum.
2977 5475 3045 5531 Et
3080 5476 3198 5531 haec
3225 5474 3448 5546 quidem
3495 5488 3589 5530 ve—

318 5583 565 5654 κουμένῃ
621 5581 968 5652 ὲπέλαμψαν.
1034 5579 1180 5632 Ἔδει
1238 5579 1348 5650 γὰρ
1392 5582 1487 5634 καὶ
1544 5581 1634 5633 τὸν
1658 5580 1810 5650 τρεῖς
1840 5580 1901 5632 ὲν

2008 5592 2109 5632 rus
2159 5576 2366 5631 indicat
2413 5587 2625 5639 sermo;
2679 5587 2781 5627 nos
2826 5578 3004 5625 autem
3058 5568 3469 5640 progenitorum
3526 5582 3587 5621 ἰε

318 5675 459 5744 αὐτῇ
486 5677 552 5743 τῇ
574 5671 792 5743 ἀσπξλῳ
820 5671 1119 5743 τιμηθῆναι
1152 5668 1408 5741 ἀριθμόν.
1441 5671 1554 5725 Καὶ
1585 5669 1762 5729 ταῦτα
1797 5671 1898 5740 μὲν

2005 5669 2393 5749 prophetarum
2428 5665 2497 5721 ad
2529 5680 2588 5727 se
2620 5662 2890 5736 pertraltit
2916 5672 3115 5721 ctetus.

317 5771 344 5825 ό
372 5766 579 5840 ἀληθὴς
602 5765 935 5839 ὑπεμφαίνει
957 5765 1116 5836 λόγος
1146 5780 1160 5794 ·
1200 5763 1349 5837 ἡμᾶς
1406 5764 1462 5818 δὲ
1522 5765 1656 5836 πρὶς
1703 5764 1903 5837 ἑαυτὴν
1956 5764 2103 5820 ἕλκει
2130 5762 2238 5818 τῶν
2263 5760 2624 5836 προπατόρων
2647 5756 2742 5815 καὶ
2774 5755 3067 5831 προφητῶν
3096 5756 3130 5825 ἡ
3158 5753 3454 5824 ὁμήγυρις.
