  <div class='ocr_page' id='page_1' title='image "/cluster/home/n/w/nwhite01/storage/ocr_20150623/127/hvd.32044073502411/294.png"; bbox 0 0 4122 6212; ppageno 0'>
   <div class='ocr_carea' id='block_1_1' title="bbox 746 166 882 221">
    <p class='ocr_par' dir='ltr' id='par_1_1' title="bbox 746 166 882 221">
     <span class='ocr_line' id='line_1_1' title="bbox 746 166 882 221; baseline 0 0"><span class='ocrx_word' id='word_1_1' title='bbox 746 170 750 174; x_wconf 80' lang='grc'><strong>”</strong></span> <span class='ocrx_word' id='word_1_2' title='bbox 846 166 882 221; x_wconf 84' lang='lat'><em>\</em></span> 
     </span>
    </p>
   </div>
   <div class='ocr_carea' id='block_1_2' title="bbox 307 262 3582 344">
    <p class='ocr_par' dir='ltr' id='par_1_2' title="bbox 307 262 3582 344">
     <span class='ocr_line' id='line_1_2' title="bbox 307 262 3582 344; baseline -0.004 -6"><span class='ocrx_word' id='word_1_3' title='bbox 307 274 414 338; x_wconf 75' lang='lat'><strong><em>577</em></strong></span> <span class='ocrx_word' id='word_1_4' title='bbox 1080 267 1083 270; x_wconf 66' lang='grc'><em>’</em></span> <span class='ocrx_word' id='word_1_5' title='bbox 1128 265 1417 329; x_wconf 82' lang='lat' dir='ltr'><strong><em>ORATIO</em></strong></span> <span class='ocrx_word' id='word_1_6' title='bbox 1458 265 1542 326; x_wconf 87' lang='lat' dir='ltr'><strong>IN</strong></span> <span class='ocrx_word' id='word_1_7' title='bbox 1579 262 2114 326; x_wconf 78' lang='lat' dir='ltr'><strong><em>NATIVITATEM</em></strong></span> <span class='ocrx_word' id='word_1_8' title='bbox 2150 266 2261 329; x_wconf 92' lang='lat' dir='ltr'><strong><em>SS.</em></strong></span> <span class='ocrx_word' id='word_1_9' title='bbox 2302 268 2683 333; x_wconf 67' lang='lat' dir='ltr'><strong><em>DEIPARAS.</em></strong></span> <span class='ocrx_word' id='word_1_10' title='bbox 3475 278 3582 344; x_wconf 74' lang='lat'><strong><em>578</em></strong></span> 
     </span>
    </p>
   </div>
   <div class='ocr_carea' id='block_1_3' title="bbox 285 382 1905 466">
    <p class='ocr_par' dir='ltr' id='par_1_3' title="bbox 285 382 1889 456">
     <span class='ocr_line' id='line_1_3' title="bbox 285 382 1889 456; baseline -0.005 -13"><span class='ocrx_word' id='word_1_11' title='bbox 285 391 339 456; x_wconf 55' lang='grc' dir='ltr'><strong><em>,ὁ</em></strong></span> <span class='ocrx_word' id='word_1_12' title='bbox 357 386 617 452; x_wconf 71' lang='grc' dir='ltr'><em>θάνατος</em></span> <span class='ocrx_word' id='word_1_13' title='bbox 646 383 1020 455; x_wconf 76' lang='grc' dir='ltr'><em>ἐγκαυχᾶται</em></span> <span class='ocrx_word' id='word_1_14' title='bbox 1044 399 1058 416; x_wconf 99' lang='grc'><strong><em>⁸</em></strong></span> <span class='ocrx_word' id='word_1_15' title='bbox 1088 386 1121 439; x_wconf 88' lang='grc' dir='ltr'><strong><em>ό</em></strong></span> <span class='ocrx_word' id='word_1_16' title='bbox 1160 384 1449 453; x_wconf 79' lang='grc' dir='ltr'><em>πολέμιος</em></span> <span class='ocrx_word' id='word_1_17' title='bbox 1495 382 1708 453; x_wconf 84' lang='grc' dir='ltr'><em>ἐχθρὸς</em></span> <span class='ocrx_word' id='word_1_18' title='bbox 1751 399 1889 436; x_wconf 82' lang='grc' dir='ltr'><em>κατ-</em></span> 
     </span>
    </p>
   </div>
   <div class='ocr_carea' id='block_1_4' title="bbox 2006 382 3589 466">
    <p class='ocr_par' dir='ltr' id='par_1_4' title="bbox 2006 384 3589 466">
     <span class='ocr_line' id='line_1_4' title="bbox 2006 384 3589 466; baseline 0.011 -30"><span class='ocrx_word' id='word_1_19' title='bbox 2006 385 2053 437; x_wconf 91' lang='lat' dir='ltr'><strong><em>in</em></strong></span> <span class='ocrx_word' id='word_1_20' title='bbox 2086 384 2271 440; x_wconf 86' lang='lat' dir='ltr'><strong><em>dolore</em></strong></span> <span class='ocrx_word' id='word_1_21' title='bbox 2303 400 2383 442; x_wconf 91' lang='lat' dir='ltr'><strong><em>est</em></strong></span> <span class='ocrx_word' id='word_1_22' title='bbox 2432 400 2615 445; x_wconf 90' lang='lat' dir='ltr'><strong><em>noster</em></strong></span> <span class='ocrx_word' id='word_1_23' title='bbox 2666 391 2968 447; x_wconf 79' lang='lat' dir='ltr'><strong><em>ineo/atus:</em></strong></span> <span class='ocrx_word' id='word_1_24' title='bbox 2994 392 3147 448; x_wconf 85' lang='lat' dir='ltr'><strong><em>nulla</em></strong></span> <span class='ocrx_word' id='word_1_25' title='bbox 3209 393 3323 448; x_wconf 90' lang='lat' dir='ltr'><strong><em>alia</em></strong></span> <span class='ocrx_word' id='word_1_26' title='bbox 3382 396 3589 466; x_wconf 77' lang='lat' dir='ltr'><strong><em>reliqua</em></strong></span> 
     </span>
    </p>
   </div>
   <div class='ocr_carea' id='block_1_5' title="bbox 305 473 1892 544">
    <p class='ocr_par' dir='ltr' id='par_1_5' title="bbox 305 473 1892 544">
     <span class='ocr_line' id='line_1_5' title="bbox 305 473 1892 544; baseline -0.004 -11"><span class='ocrx_word' id='word_1_27' title='bbox 305 478 706 534; x_wconf 84' lang='grc' dir='ltr'><em>επανίσταται</em></span> <span class='ocrx_word' id='word_1_28' title='bbox 735 492 750 507; x_wconf 78' lang='grc'><strong><em>⁸</em></strong></span> <span class='ocrx_word' id='word_1_29' title='bbox 789 476 861 530; x_wconf 84' lang='grc' dir='ltr'><em>ἐν</em></span> <span class='ocrx_word' id='word_1_30' title='bbox 891 476 1115 544; x_wconf 80' lang='grc' dir='ltr'><strong><em>ἀπορίᾳ</em></strong></span> <span class='ocrx_word' id='word_1_31' title='bbox 1158 477 1231 531; x_wconf 80' lang='grc' dir='ltr'><em>τὰ</em></span> <span class='ocrx_word' id='word_1_32' title='bbox 1277 474 1398 528; x_wconf 85' lang='grc' dir='ltr'><em>τῶν</em></span> <span class='ocrx_word' id='word_1_33' title='bbox 1434 473 1851 544; x_wconf 80' lang='grc' dir='ltr'><strong><em>κατεχομένων</em></strong></span> <span class='ocrx_word' id='word_1_34' title='bbox 1877 489 1892 506; x_wconf 80' lang='grc' dir='ltr'><strong>ο</strong></span> 
     </span>
    </p>
   </div>
   <div class='ocr_carea' id='block_1_6' title="bbox 304 566 1896 636">
    <p class='ocr_par' dir='ltr' id='par_1_6' title="bbox 304 566 1896 636">
     <span class='ocr_line' id='line_1_6' title="bbox 304 566 1896 636; baseline -0.003 -13"><span class='ocrx_word' id='word_1_35' title='bbox 304 572 374 623; x_wconf 76' lang='grc' dir='ltr'><em>ἐν</em></span> <span class='ocrx_word' id='word_1_36' title='bbox 402 569 594 636; x_wconf 80' lang='grc' dir='ltr'><strong><em>ὀδύνῃ</em></strong></span> <span class='ocrx_word' id='word_1_37' title='bbox 631 567 705 620; x_wconf 86' lang='grc' dir='ltr'><em>τὰ</em></span> <span class='ocrx_word' id='word_1_38' title='bbox 735 566 847 635; x_wconf 86' lang='grc' dir='ltr'><em>τῆς</em></span> <span class='ocrx_word' id='word_1_39' title='bbox 876 567 1213 634; x_wconf 84' lang='grc' dir='ltr'><em>παροικίας.</em></span> <span class='ocrx_word' id='word_1_40' title='bbox 1250 567 1371 619; x_wconf 80' lang='grc' dir='ltr'><strong><em>Οὐκ</em></strong></span> <span class='ocrx_word' id='word_1_41' title='bbox 1399 566 1572 619; x_wconf 81' lang='grc' dir='ltr'><em>ἔστιν</em></span> <span class='ocrx_word' id='word_1_42' title='bbox 1598 566 1759 632; x_wconf 78' lang='grc' dir='ltr'><em>άλλη</em></span> <span class='ocrx_word' id='word_1_43' title='bbox 1787 566 1896 633; x_wconf 83' lang='grc' dir='ltr'><em>τῆς</em></span> 
     </span>
    </p>
   </div>
   <div class='ocr_carea' id='block_1_7' title="bbox 306 654 1896 727">
    <p class='ocr_par' dir='ltr' id='par_1_7' title="bbox 306 654 1896 727">
     <span class='ocr_line' id='line_1_7' title="bbox 306 654 1896 727; baseline -0.004 -12"><span class='ocrx_word' id='word_1_44' title='bbox 306 657 788 727; x_wconf 71' lang='grc' dir='ltr'><strong><em>ἀπολυτρώσεως</em></strong></span> <span class='ocrx_word' id='word_1_45' title='bbox 818 656 1017 723; x_wconf 77' lang='grc' dir='ltr'><em>ἐλπὶς,</em></span> <span class='ocrx_word' id='word_1_46' title='bbox 1050 656 1220 723; x_wconf 77' lang='grc' dir='ltr'><em>πλὴν</em></span> <span class='ocrx_word' id='word_1_47' title='bbox 1244 654 1355 724; x_wconf 83' lang='grc' dir='ltr'><em>τῆς</em></span> <span class='ocrx_word' id='word_1_48' title='bbox 1377 654 1896 723; x_wconf 80' lang='grc' dir='ltr'><em>πανευσπλάχνου</em></span> 
     </span>
    </p>
   </div>
   <div class='ocr_carea' id='block_1_8' title="bbox 308 744 1897 822">
    <p class='ocr_par' dir='ltr' id='par_1_8' title="bbox 308 744 1897 822">
     <span class='ocr_line' id='line_1_8' title="bbox 308 744 1897 822; baseline -0.008 -13"><span class='ocrx_word' id='word_1_49' title='bbox 308 771 427 810; x_wconf 91' lang='grc' dir='ltr'><strong><em>σου</em></strong></span> <span class='ocrx_word' id='word_1_50' title='bbox 452 750 967 822; x_wconf 78' lang='grc' dir='ltr'><em>συγκαταϐάσεως</em></span> <span class='ocrx_word' id='word_1_51' title='bbox 999 764 1012 776; x_wconf 89' lang='grc'>·</span> <span class='ocrx_word' id='word_1_52' title='bbox 1055 749 1282 815; x_wconf 88' lang='grc' dir='ltr'><em>ταύτην</em></span> <span class='ocrx_word' id='word_1_53' title='bbox 1330 746 1593 815; x_wconf 69' lang='grc' dir='ltr'><em>διψῶσιν</em></span> <span class='ocrx_word' id='word_1_54' title='bbox 1647 744 1897 815; x_wconf 70' lang='grc' dir='ltr'><em>ἐγκατά-</em></span> 
     </span>
    </p>
   </div>
   <div class='ocr_carea' id='block_1_9' title="bbox 308 839 1897 912">
    <p class='ocr_par' dir='ltr' id='par_1_9' title="bbox 308 839 1897 912">
     <span class='ocr_line' id='line_1_9' title="bbox 308 839 1897 912; baseline -0.006 -12"><span class='ocrx_word' id='word_1_55' title='bbox 308 851 577 901; x_wconf 72' lang='grc' dir='ltr'><em>κλειστοι</em></span> <span class='ocrx_word' id='word_1_56' title='bbox 625 842 824 912; x_wconf 69' lang='grc' dir='ltr'><em>ψυχαί</em></span> <span class='ocrx_word' id='word_1_57' title='bbox 848 861 860 873; x_wconf 91' lang='grc'><strong>·</strong></span> <span class='ocrx_word' id='word_1_58' title='bbox 894 842 1123 909; x_wconf 89' lang='grc' dir='ltr'><em>ταύτην</em></span> <span class='ocrx_word' id='word_1_59' title='bbox 1177 839 1528 901; x_wconf 70' lang='grc' dir='ltr'><strong><em>ἐλπίζουσιν</em></strong></span> <span class='ocrx_word' id='word_1_60' title='bbox 1571 843 1624 893; x_wconf 87' lang='grc' dir='ltr'><strong><em>οί</em></strong></span> <span class='ocrx_word' id='word_1_61' title='bbox 1674 839 1897 894; x_wconf 77' lang='grc' dir='ltr'><em>αἱώνιοι</em></span> 
     </span>
    </p>
   </div>
   <div class='ocr_carea' id='block_1_10' title="bbox 309 930 1896 1007">
    <p class='ocr_par' dir='ltr' id='par_1_10' title="bbox 309 930 1896 1007">
     <span class='ocr_line' id='line_1_10' title="bbox 309 930 1896 1007; baseline -0.006 -15"><span class='ocrx_word' id='word_1_62' title='bbox 309 937 630 1007; x_wconf 80' lang='grc' dir='ltr'><strong><em>δεσμῶται.</em></strong></span> <span class='ocrx_word' id='word_1_63' title='bbox 669 934 1018 1004; x_wconf 76' lang='grc' dir='ltr'><em>Παραγενοῦ</em></span> <span class='ocrx_word' id='word_1_64' title='bbox 1070 934 1303 997; x_wconf 85' lang='grc' dir='ltr'><em>τοίνυν,</em></span> <span class='ocrx_word' id='word_1_65' title='bbox 1364 932 1563 998; x_wconf 71' lang='grc' dir='ltr'><em>Κύριε,</em></span> <span class='ocrx_word' id='word_1_66' title='bbox 1619 930 1726 985; x_wconf 82' lang='grc' dir='ltr'><em>τοῦ</em></span> <span class='ocrx_word' id='word_1_67' title='bbox 1780 930 1896 984; x_wconf 80' lang='grc' dir='ltr'><em>σοῦ</em></span> 
     </span>
    </p>
   </div>
   <div class='ocr_carea' id='block_1_11' title="bbox 308 1022 1899 1100">
    <p class='ocr_par' dir='ltr' id='par_1_11' title="bbox 308 1022 1899 1100">
     <span class='ocr_line' id='line_1_11' title="bbox 308 1022 1899 1100; baseline -0.004 -16"><span class='ocrx_word' id='word_1_68' title='bbox 308 1031 639 1100; x_wconf 79' lang='grc' dir='ltr'><em>ποιήματος</em></span> <span class='ocrx_word' id='word_1_69' title='bbox 695 1027 1209 1095; x_wconf 70' lang='grc' dir='ltr'><strong><em>ἀντιληψόμενος.</em></strong></span> <span class='ocrx_word' id='word_1_70' title='bbox 1249 1022 1619 1094; x_wconf 78' lang='grc' dir='ltr'><em>Ἐξεγέρθητι</em></span> <span class='ocrx_word' id='word_1_71' title='bbox 1666 1039 1899 1093; x_wconf 64' lang='grc' dir='ltr'><em>συγκα-</em></span> 
     </span>
    </p>
   </div>
   <div class='ocr_carea' id='block_1_12' title="bbox 307 1116 1897 1189">
    <p class='ocr_par' dir='ltr' id='par_1_12' title="bbox 307 1116 1897 1189">
     <span class='ocr_line' id='line_1_12' title="bbox 307 1116 1897 1189; baseline -0.006 -11"><span class='ocrx_word' id='word_1_72' title='bbox 307 1123 554 1178; x_wconf 78' lang='grc' dir='ltr'><em>ταόάσει</em></span> <span class='ocrx_word' id='word_1_73' title='bbox 588 1121 695 1176; x_wconf 87' lang='grc' dir='ltr'><em>τοῦ</em></span> <span class='ocrx_word' id='word_1_74' title='bbox 725 1120 1015 1189; x_wconf 81' lang='grc' dir='ltr'><strong><em>πατρικοῦ</em></strong></span> <span class='ocrx_word' id='word_1_75' title='bbox 1046 1133 1164 1173; x_wconf 93' lang='grc' dir='ltr'><strong><em>σου</em></strong></span> <span class='ocrx_word' id='word_1_76' title='bbox 1204 1120 1445 1186; x_wconf 80' lang='grc' dir='ltr'><strong><em>θρόνου,</em></strong></span> <span class='ocrx_word' id='word_1_77' title='bbox 1496 1120 1529 1171; x_wconf 88' lang='grc' dir='ltr'><strong><em>ό</em></strong></span> <span class='ocrx_word' id='word_1_78' title='bbox 1584 1116 1897 1186; x_wconf 79' lang='grc' dir='ltr'><em>πανταχοῦ</em></span> 
     </span>
    </p>
   </div>
   <div class='ocr_carea' id='block_1_13' title="bbox 310 1209 1899 1285">
    <p class='ocr_par' dir='ltr' id='par_1_13' title="bbox 310 1209 1899 1285">
     <span class='ocr_line' id='line_1_13' title="bbox 310 1209 1899 1285; baseline -0.005 -16"><span class='ocrx_word' id='word_1_79' title='bbox 310 1218 536 1285; x_wconf 85' lang='grc' dir='ltr'><em>παρὼν,</em></span> <span class='ocrx_word' id='word_1_80' title='bbox 573 1215 670 1268; x_wconf 80' lang='grc' dir='ltr'><strong><em>καί</em></strong></span> <span class='ocrx_word' id='word_1_81' title='bbox 711 1214 933 1267; x_wconf 89' lang='grc' dir='ltr'><em>τούτου</em></span> <span class='ocrx_word' id='word_1_82' title='bbox 954 1212 1041 1280; x_wconf 78' lang='grc' dir='ltr'><em>μὴ</em></span> <span class='ocrx_word' id='word_1_83' title='bbox 1068 1212 1569 1279; x_wconf 83' lang='grc' dir='ltr'><em>ἀπολειπόμενος,</em></span> <span class='ocrx_word' id='word_1_84' title='bbox 1596 1209 1694 1263; x_wconf 76' lang='grc' dir='ltr'><em>καὶ</em></span> <span class='ocrx_word' id='word_1_85' title='bbox 1721 1209 1899 1277; x_wconf 87' lang='grc' dir='ltr'><em>δεῦρο</em></span> 
     </span>
    </p>
   </div>
   <div class='ocr_carea' id='block_1_14' title="bbox 310 1302 1896 1375">
    <p class='ocr_par' dir='ltr' id='par_1_14' title="bbox 310 1302 1896 1375">
     <span class='ocr_line' id='line_1_14' title="bbox 310 1302 1896 1375; baseline -0.005 -11"><span class='ocrx_word' id='word_1_86' title='bbox 310 1312 431 1364; x_wconf 85' lang='grc' dir='ltr'><em>τῶν</em></span> <span class='ocrx_word' id='word_1_87' title='bbox 488 1304 1038 1375; x_wconf 83' lang='grc' dir='ltr'><em>καταπονουμένων</em></span> <span class='ocrx_word' id='word_1_88' title='bbox 1100 1307 1187 1370; x_wconf 83' lang='grc' dir='ltr'><em>εις</em></span> <span class='ocrx_word' id='word_1_89' title='bbox 1237 1304 1550 1370; x_wconf 78' lang='grc' dir='ltr'><em>βοήθειαν.</em></span> <span class='ocrx_word' id='word_1_90' title='bbox 1626 1302 1820 1367; x_wconf 78' lang='grc' dir='ltr'><em>Ἐλθέ,</em></span> <span class='ocrx_word' id='word_1_91' title='bbox 1858 1303 1896 1370; x_wconf 76' lang='grc' dir='ltr'><strong><em>ἡ</em></strong></span> 
     </span>
    </p>
   </div>
   <div class='ocr_carea' id='block_1_15' title="bbox 311 1394 1895 1470">
    <p class='ocr_par' dir='ltr' id='par_1_15' title="bbox 311 1394 1895 1470">
     <span class='ocr_line' id='line_1_15' title="bbox 311 1394 1895 1470; baseline -0.004 -14"><span class='ocrx_word' id='word_1_92' title='bbox 311 1398 786 1470; x_wconf 79' lang='grc' dir='ltr'><em>προσδοκωμένη</em></span> <span class='ocrx_word' id='word_1_93' title='bbox 818 1396 1159 1461; x_wconf 78' lang='grc' dir='ltr'><em>ἀνάστασις</em></span> <span class='ocrx_word' id='word_1_94' title='bbox 1181 1410 1194 1425; x_wconf 90' lang='grc'><strong><em>⁸</em></strong></span> <span class='ocrx_word' id='word_1_95' title='bbox 1239 1396 1278 1464; x_wconf 77' lang='grc' dir='ltr'><strong><em>η</em></strong></span> <span class='ocrx_word' id='word_1_96' title='bbox 1317 1394 1661 1464; x_wconf 80' lang='grc' dir='ltr'><em>ποθουμένη</em></span> <span class='ocrx_word' id='word_1_97' title='bbox 1693 1395 1849 1465; x_wconf 84' lang='grc' dir='ltr'><em>χαρά</em></span> <span class='ocrx_word' id='word_1_98' title='bbox 1881 1411 1895 1424; x_wconf 90' lang='grc'><strong><em>⁸</em></strong></span> 
     </span>
    </p>
   </div>
   <div class='ocr_carea' id='block_1_16' title="bbox 310 1487 1901 1562">
    <p class='ocr_par' dir='ltr' id='par_1_16' title="bbox 310 1487 1901 1562">
     <span class='ocr_line' id='line_1_16' title="bbox 310 1487 1901 1562; baseline -0.004 -15"><span class='ocrx_word' id='word_1_99' title='bbox 310 1495 349 1560; x_wconf 79' lang='grc' dir='ltr'><strong><em>ἠ</em></strong></span> <span class='ocrx_word' id='word_1_100' title='bbox 385 1492 737 1562; x_wconf 75' lang='grc' dir='ltr'><em>ἐλπιζομέιή</em></span> <span class='ocrx_word' id='word_1_101' title='bbox 796 1491 1121 1555; x_wconf 80' lang='grc' dir='ltr'><em>ἀναϐίωσις</em></span> <span class='ocrx_word' id='word_1_102' title='bbox 1153 1505 1168 1520; x_wconf 92' lang='grc'><strong><em>⁸</em></strong></span> <span class='ocrx_word' id='word_1_103' title='bbox 1231 1489 1270 1557; x_wconf 79' lang='grc' dir='ltr'><strong><em>ἠ</em></strong></span> <span class='ocrx_word' id='word_1_104' title='bbox 1316 1487 1606 1558; x_wconf 71' lang='grc' dir='ltr'><em>ἀναψυχὴ</em></span> <span class='ocrx_word' id='word_1_105' title='bbox 1648 1488 1745 1540; x_wconf 78' lang='grc' dir='ltr'><strong><em>καί</em></strong></span> <span class='ocrx_word' id='word_1_106' title='bbox 1801 1488 1901 1541; x_wconf 82' lang='grc' dir='ltr'><strong><em>εὐ-</em></strong></span> 
     </span>
    </p>
   </div>
   <div class='ocr_carea' id='block_1_17' title="bbox 312 1576 1898 1654">
    <p class='ocr_par' dir='ltr' id='par_1_17' title="bbox 312 1576 1898 1654">
     <span class='ocr_line' id='line_1_17' title="bbox 312 1576 1898 1654; baseline -0.006 -16"><span class='ocrx_word' id='word_1_107' title='bbox 312 1584 590 1654; x_wconf 84' lang='grc' dir='ltr'><em>φροσύνη</em></span> <span class='ocrx_word' id='word_1_108' title='bbox 617 1582 732 1635; x_wconf 88' lang='grc' dir='ltr'><em>τῶν</em></span> <span class='ocrx_word' id='word_1_109' title='bbox 759 1582 1176 1648; x_wconf 76' lang='grc' dir='ltr'><em>ἡπορηιιότων.</em></span> <span class='ocrx_word' id='word_1_110' title='bbox 1246 1577 1528 1648; x_wconf 73' lang='grc' dir='ltr'><em>Λάμψον,</em></span> <span class='ocrx_word' id='word_1_111' title='bbox 1569 1579 1742 1632; x_wconf 80' lang='grc' dir='ltr'><em>’Ἦλιε</em></span> <span class='ocrx_word' id='word_1_112' title='bbox 1788 1576 1898 1646; x_wconf 80' lang='grc' dir='ltr'><em>τῆς</em></span> 
     </span>
    </p>
   </div>
   <div class='ocr_carea' id='block_1_18' title="bbox 312 1668 1900 1742">
    <p class='ocr_par' dir='ltr' id='par_1_18' title="bbox 312 1668 1900 1742">
     <span class='ocr_line' id='line_1_18' title="bbox 312 1668 1900 1742; baseline -0.004 -12"><span class='ocrx_word' id='word_1_113' title='bbox 312 1676 709 1742; x_wconf 83' lang='grc' dir='ltr'><em>δικαιοσύνης</em></span> <span class='ocrx_word' id='word_1_114' title='bbox 727 1672 853 1739; x_wconf 85' lang='grc' dir='ltr'><em>τοῖς</em></span> <span class='ocrx_word' id='word_1_115' title='bbox 887 1672 960 1727; x_wconf 81' lang='grc' dir='ltr'><em>ἐν</em></span> <span class='ocrx_word' id='word_1_116' title='bbox 990 1672 1207 1740; x_wconf 79' lang='grc' dir='ltr'><em>σκοτίᾳ</em></span> <span class='ocrx_word' id='word_1_117' title='bbox 1244 1670 1507 1728; x_wconf 85' lang='grc' dir='ltr'><em>θανάτου</em></span> <span class='ocrx_word' id='word_1_118' title='bbox 1540 1668 1900 1740; x_wconf 82' lang='grc' dir='ltr'><em>καθημένοις</em></span> 
     </span>
    </p>
   </div>
   <div class='ocr_carea' id='block_1_19' title="bbox 314 1763 1903 1836">
    <p class='ocr_par' dir='ltr' id='par_1_19' title="bbox 314 1763 1903 1836">
     <span class='ocr_line' id='line_1_19' title="bbox 314 1763 1903 1836; baseline -0.003 -13"><span class='ocrx_word' id='word_1_119' title='bbox 314 1770 424 1835; x_wconf 85' lang='grc' dir='ltr'><em>τὰς</em></span> <span class='ocrx_word' id='word_1_120' title='bbox 459 1766 571 1835; x_wconf 82' lang='grc' dir='ltr'><em>τῆς</em></span> <span class='ocrx_word' id='word_1_121' title='bbox 615 1766 738 1836; x_wconf 84' lang='grc' dir='ltr'><em>σῆς</em></span> <span class='ocrx_word' id='word_1_122' title='bbox 798 1766 1167 1836; x_wconf 80' lang='grc' dir='ltr'><em>ἁγαθότητος</em></span> <span class='ocrx_word' id='word_1_123' title='bbox 1231 1763 1500 1831; x_wconf 78' lang='grc' dir='ltr'><em>ἀκτῖνας.</em></span> <span class='ocrx_word' id='word_1_124' title='bbox 1571 1765 1903 1834; x_wconf 85' lang='grc' dir='ltr'><em>Ἐπίφανον</em></span> 
     </span>
    </p>
   </div>
   <div class='ocr_carea' id='block_1_20' title="bbox 313 1856 1905 1933">
    <p class='ocr_par' dir='ltr' id='par_1_20' title="bbox 313 1856 1905 1933">
     <span class='ocr_line' id='line_1_20' title="bbox 313 1856 1905 1933; baseline -0.004 -18"><span class='ocrx_word' id='word_1_125' title='bbox 313 1864 439 1927; x_wconf 88' lang='grc' dir='ltr'><em>τοῖς</em></span> <span class='ocrx_word' id='word_1_126' title='bbox 467 1861 539 1914; x_wconf 80' lang='grc' dir='ltr'><em>ἐν</em></span> <span class='ocrx_word' id='word_1_127' title='bbox 565 1859 771 1933; x_wconf 85' lang='grc' dir='ltr'><em>σκότει</em></span> <span class='ocrx_word' id='word_1_128' title='bbox 795 1856 911 1926; x_wconf 75' lang='grc' dir='ltr'><em>τὴν</em></span> <span class='ocrx_word' id='word_1_129' title='bbox 934 1856 1125 1922; x_wconf 80' lang='grc' dir='ltr'><em>δόξαν</em></span> <span class='ocrx_word' id='word_1_130' title='bbox 1143 1874 1280 1913; x_wconf 89' lang='grc' dir='ltr'><em>σου.</em></span> <span class='ocrx_word' id='word_1_131' title='bbox 1316 1857 1658 1925; x_wconf 72' lang='grc' dir='ltr'><em>Σύντριψον</em></span> <span class='ocrx_word' id='word_1_132' title='bbox 1703 1857 1905 1923; x_wconf 85' lang='grc' dir='ltr'><em>πύλας</em></span> 
     </span>
    </p>
   </div>
   <div class='ocr_carea' id='block_1_21' title="bbox 312 1949 1903 2024">
    <p class='ocr_par' dir='ltr' id='par_1_21' title="bbox 312 1949 1903 2024">
     <span class='ocr_line' id='line_1_21' title="bbox 312 1949 1903 2024; baseline -0.004 -14"><span class='ocrx_word' id='word_1_133' title='bbox 312 1954 614 2024; x_wconf 78' lang='grc' dir='ltr'><em>άρῤατεῖς,</em></span> <span class='ocrx_word' id='word_1_134' title='bbox 652 1950 751 2006; x_wconf 79' lang='grc' dir='ltr'><strong><em>καί</em></strong></span> <span class='ocrx_word' id='word_1_135' title='bbox 773 1949 1053 2020; x_wconf 85' lang='grc' dir='ltr'><em>μοχλοὺς</em></span> <span class='ocrx_word' id='word_1_136' title='bbox 1095 1951 1394 2016; x_wconf 77' lang='grc' dir='ltr'><em>αἰωνίους,</em></span> <span class='ocrx_word' id='word_1_137' title='bbox 1448 1950 1550 2004; x_wconf 81' lang='grc' dir='ltr'><strong><em>καί</em></strong></span> <span class='ocrx_word' id='word_1_138' title='bbox 1598 1949 1738 2017; x_wconf 89' lang='grc' dir='ltr'><em>τοὺς</em></span> <span class='ocrx_word' id='word_1_139' title='bbox 1797 1966 1903 2004; x_wconf 89' lang='grc' dir='ltr'><em>πε-</em></span> 
     </span>
    </p>
   </div>
   <div class='ocr_carea' id='block_1_22' title="bbox 314 2041 1907 2116">
    <p class='ocr_par' dir='ltr' id='par_1_22' title="bbox 314 2041 1907 2116">
     <span class='ocr_line' id='line_1_22' title="bbox 314 2041 1907 2116; baseline -0.004 -15"><span class='ocrx_word' id='word_1_140' title='bbox 314 2045 694 2116; x_wconf 84' lang='grc' dir='ltr'><em>πεδημένους</em></span> <span class='ocrx_word' id='word_1_141' title='bbox 715 2042 1088 2111; x_wconf 81' lang='grc' dir='ltr'><em>έξάρπασον.</em></span> <span class='ocrx_word' id='word_1_142' title='bbox 1114 2042 1478 2096; x_wconf 83' lang='grc' dir='ltr'><em>Σύνθλασον</em></span> <span class='ocrx_word' id='word_1_143' title='bbox 1501 2041 1568 2095; x_wconf 87' lang='grc' dir='ltr'><em>τὸ</em></span> <span class='ocrx_word' id='word_1_144' title='bbox 1591 2041 1697 2095; x_wconf 87' lang='grc' dir='ltr'><strong><em>τοῦ</em></strong></span> <span class='ocrx_word' id='word_1_145' title='bbox 1728 2043 1907 2096; x_wconf 85' lang='grc' dir='ltr'><em>θανά-</em></span> 
     </span>
    </p>
   </div>
   <div class='ocr_carea' id='block_1_23' title="bbox 317 2130 1905 2204">
    <p class='ocr_par' dir='ltr' id='par_1_23' title="bbox 317 2130 1905 2204">
     <span class='ocr_line' id='line_1_23' title="bbox 317 2130 1905 2204; baseline -0.003 -12"><span class='ocrx_word' id='word_1_146' title='bbox 317 2155 425 2192; x_wconf 88' lang='grc' dir='ltr'><strong><em>του</em></strong></span> <span class='ocrx_word' id='word_1_147' title='bbox 461 2136 735 2204; x_wconf 76' lang='grc' dir='ltr'><em>κέντρον.</em></span> <span class='ocrx_word' id='word_1_148' title='bbox 765 2132 1099 2201; x_wconf 73' lang='grc' dir='ltr'><em>Διάρρηξον</em></span> <span class='ocrx_word' id='word_1_149' title='bbox 1123 2130 1239 2201; x_wconf 79' lang='grc' dir='ltr'><em>τὴν</em></span> <span class='ocrx_word' id='word_1_150' title='bbox 1265 2131 1590 2202; x_wconf 78' lang='grc' dir='ltr'><em>παμφάγον</em></span> <span class='ocrx_word' id='word_1_151' title='bbox 1615 2132 1724 2187; x_wconf 88' lang='grc' dir='ltr'><em>τοῦ</em></span> <span class='ocrx_word' id='word_1_152' title='bbox 1757 2133 1905 2200; x_wconf 82' lang='grc' dir='ltr'><em>ᾅδου</em></span> 
     </span>
    </p>
   </div>
   <div class='ocr_carea' id='block_1_24' title="bbox 316 2223 1906 2300">
    <p class='ocr_par' dir='ltr' id='par_1_24' title="bbox 316 2223 1906 2300">
     <span class='ocr_line' id='line_1_24' title="bbox 316 2223 1906 2300; baseline -0.001 -18"><span class='ocrx_word' id='word_1_153' title='bbox 316 2228 600 2300; x_wconf 75' lang='grc' dir='ltr'><em>γαστέρα.</em></span> <span class='ocrx_word' id='word_1_154' title='bbox 629 2225 986 2295; x_wconf 85' lang='grc' dir='ltr'><em>Δέσμευσον</em></span> <span class='ocrx_word' id='word_1_155' title='bbox 1026 2223 1134 2277; x_wconf 86' lang='grc' dir='ltr'><em>τὸν</em></span> <span class='ocrx_word' id='word_1_156' title='bbox 1162 2223 1523 2279; x_wconf 78' lang='grc' dir='ltr'><em>ἀντίπαλον.</em></span> <span class='ocrx_word' id='word_1_157' title='bbox 1594 2224 1906 2280; x_wconf 79' lang='grc' dir='ltr'><em>Κατάϐαλε</em></span> 
     </span>
    </p>
   </div>
   <div class='ocr_carea' id='block_1_25' title="bbox 317 2316 1903 2388">
    <p class='ocr_par' dir='ltr' id='par_1_25' title="bbox 317 2316 1903 2388">
     <span class='ocr_line' id='line_1_25' title="bbox 317 2316 1903 2388; baseline -0.001 -13"><span class='ocrx_word' id='word_1_158' title='bbox 317 2322 424 2387; x_wconf 85' lang='grc' dir='ltr'><em>τὰς</em></span> <span class='ocrx_word' id='word_1_159' title='bbox 441 2319 736 2388; x_wconf 79' lang='grc' dir='ltr'><em>πολεμίας</em></span> <span class='ocrx_word' id='word_1_160' title='bbox 769 2316 867 2370; x_wconf 79' lang='grc' dir='ltr'><strong><em>καί</em></strong></span> <span class='ocrx_word' id='word_1_161' title='bbox 897 2316 1308 2385; x_wconf 82' lang='grc' dir='ltr'><em>ἀντικειμένας</em></span> <span class='ocrx_word' id='word_1_162' title='bbox 1342 2316 1547 2383; x_wconf 87' lang='grc' dir='ltr'><em>σαυτῷ</em></span> <span class='ocrx_word' id='word_1_163' title='bbox 1595 2317 1903 2388; x_wconf 80' lang='grc' dir='ltr'><em>δυνάμεις.</em></span> 
     </span>
    </p>
   </div>
   <div class='ocr_carea' id='block_1_26' title="bbox 313 2407 1905 2481">
    <p class='ocr_par' dir='ltr' id='par_1_26' title="bbox 313 2407 1905 2481">
     <span class='ocr_line' id='line_1_26' title="bbox 313 2407 1905 2481; baseline -0.001 -15"><span class='ocrx_word' id='word_1_164' title='bbox 313 2413 641 2479; x_wconf 74' lang='grc' dir='ltr'><em>Οῖκτειρον,</em></span> <span class='ocrx_word' id='word_1_165' title='bbox 680 2407 1011 2477; x_wconf 70' lang='grc' dir='ltr'><em>πανάγαθε,</em></span> <span class='ocrx_word' id='word_1_166' title='bbox 1070 2407 1214 2473; x_wconf 84' lang='grc' dir='ltr'><em>τοὺς</em></span> <span class='ocrx_word' id='word_1_167' title='bbox 1268 2409 1339 2463; x_wconf 80' lang='grc' dir='ltr'><em>ἐν</em></span> <span class='ocrx_word' id='word_1_168' title='bbox 1375 2408 1624 2479; x_wconf 84' lang='grc' dir='ltr'><em>δεσμοῖς</em></span> <span class='ocrx_word' id='word_1_169' title='bbox 1661 2428 1905 2481; x_wconf 85' lang='grc' dir='ltr'><em>κατεχο-</em></span> 
     </span>
    </p>
   </div>
   <div class='ocr_carea' id='block_1_27' title="bbox 312 2498 1907 2575">
    <p class='ocr_par' dir='ltr' id='par_1_27' title="bbox 312 2498 1907 2575">
     <span class='ocr_line' id='line_1_27' title="bbox 312 2498 1907 2575; baseline -0.001 -17"><span class='ocrx_word' id='word_1_170' title='bbox 312 2504 566 2575; x_wconf 86' lang='grc' dir='ltr'><em>μένους.</em></span> <span class='ocrx_word' id='word_1_171' title='bbox 631 2501 934 2567; x_wconf 85' lang='grc' dir='ltr'><em>Ἐλέησον</em></span> <span class='ocrx_word' id='word_1_172' title='bbox 1015 2499 1167 2568; x_wconf 83' lang='grc' dir='ltr'><em>πρὸς</em></span> <span class='ocrx_word' id='word_1_173' title='bbox 1220 2500 1286 2553; x_wconf 88' lang='grc' dir='ltr'><em>τὸ</em></span> <span class='ocrx_word' id='word_1_174' title='bbox 1333 2498 1443 2568; x_wconf 82' lang='grc' dir='ltr'><em>τῆς</em></span> <span class='ocrx_word' id='word_1_175' title='bbox 1491 2503 1907 2572; x_wconf 77' lang='grc' dir='ltr'><em>αἰχμαλωσίας</em></span> 
     </span>
    </p>
   </div>
   <div class='ocr_carea' id='block_1_28' title="bbox 317 2587 1907 2663">
    <p class='ocr_par' dir='ltr' id='par_1_28' title="bbox 317 2587 1907 2663">
     <span class='ocr_line' id='line_1_28' title="bbox 317 2587 1907 2663; baseline -0.001 -12"><span class='ocrx_word' id='word_1_176' title='bbox 317 2595 552 2651; x_wconf 79' lang='grc' dir='ltr'><em>ἀπιδὼν</em></span> <span class='ocrx_word' id='word_1_177' title='bbox 574 2591 859 2659; x_wconf 79' lang='grc' dir='ltr'><em>ἁνήλεον.</em></span> <span class='ocrx_word' id='word_1_178' title='bbox 897 2590 1040 2660; x_wconf 87' lang='grc' dir='ltr'><em>Παρ’</em></span> <span class='ocrx_word' id='word_1_179' title='bbox 1076 2591 1268 2662; x_wconf 79' lang='grc' dir='ltr'><em>ήμῶν,</em></span> <span class='ocrx_word' id='word_1_180' title='bbox 1294 2587 1341 2647; x_wconf 86' lang='grc' dir='ltr'><strong>ὦ</strong></span> <span class='ocrx_word' id='word_1_181' title='bbox 1382 2592 1673 2657; x_wconf 85' lang='grc' dir='ltr'><em>Δέσποτα,</em></span> <span class='ocrx_word' id='word_1_182' title='bbox 1726 2594 1763 2661; x_wconf 77' lang='grc' dir='ltr'><strong><em>η</em></strong></span> <span class='ocrx_word' id='word_1_183' title='bbox 1796 2594 1907 2663; x_wconf 87' lang='grc' dir='ltr'><em>τῆς</em></span> 
     </span>
    </p>
   </div>
   <div class='ocr_carea' id='block_1_29' title="bbox 318 2683 1907 2757">
    <p class='ocr_par' dir='ltr' id='par_1_29' title="bbox 318 2683 1907 2757">
     <span class='ocr_line' id='line_1_29' title="bbox 318 2683 1907 2757; baseline -0.001 -15"><span class='ocrx_word' id='word_1_184' title='bbox 318 2686 687 2755; x_wconf 84' lang='grc' dir='ltr'><em>θνητότητος</em></span> <span class='ocrx_word' id='word_1_185' title='bbox 711 2683 1037 2751; x_wconf 80' lang='grc' dir='ltr'><em>ἐξεύρηται</em></span> <span class='ocrx_word' id='word_1_186' title='bbox 1062 2685 1223 2737; x_wconf 83' lang='grc' dir='ltr'><em>αὶτία</em></span> <span class='ocrx_word' id='word_1_187' title='bbox 1256 2701 1271 2717; x_wconf 77' lang='grc' dir='ltr'><strong><em>ο</em></strong></span> <span class='ocrx_word' id='word_1_188' title='bbox 1328 2684 1490 2752; x_wconf 81' lang='grc' dir='ltr'><em>παρὰ</em></span> <span class='ocrx_word' id='word_1_189' title='bbox 1523 2684 1591 2738; x_wconf 81' lang='grc' dir='ltr'><strong><em>δέ</em></strong></span> <span class='ocrx_word' id='word_1_190' title='bbox 1643 2685 1752 2755; x_wconf 83' lang='grc' dir='ltr'><em>τῆς</em></span> <span class='ocrx_word' id='word_1_191' title='bbox 1784 2687 1907 2757; x_wconf 86' lang='grc' dir='ltr'><em>σῆς</em></span> 
     </span>
    </p>
   </div>
   <div class='ocr_carea' id='block_1_30' title="bbox 318 2773 1903 2848">
    <p class='ocr_par' dir='ltr' id='par_1_30' title="bbox 318 2773 1903 2848">
     <span class='ocr_line' id='line_1_30' title="bbox 318 2773 1903 2848; baseline 0.003 -16"><span class='ocrx_word' id='word_1_192' title='bbox 318 2777 737 2847; x_wconf 85' lang='grc' dir='ltr'><em>χρηστότητος</em></span> <span class='ocrx_word' id='word_1_193' title='bbox 780 2776 819 2844; x_wconf 71' lang='grc' dir='ltr'>ἡ</span> <span class='ocrx_word' id='word_1_194' title='bbox 856 2773 963 2828; x_wconf 86' lang='grc' dir='ltr'><em>τοῦ</em></span> <span class='ocrx_word' id='word_1_195' title='bbox 994 2774 1208 2841; x_wconf 78' lang='grc' dir='ltr'><em>ἐλέους</em></span> <span class='ocrx_word' id='word_1_196' title='bbox 1233 2774 1531 2834; x_wconf 70' lang='grc' dir='ltr'><em>ἐλπίζεται</em></span> <span class='ocrx_word' id='word_1_197' title='bbox 1566 2777 1903 2848; x_wconf 81' lang='grc' dir='ltr'><em>ἐλευθερία.</em></span> 
     </span>
    </p>
   </div>
   <div class='ocr_carea' id='block_1_31' title="bbox 328 2865 1907 2940">
    <p class='ocr_par' dir='ltr' id='par_1_31' title="bbox 328 2865 1907 2940">
     <span class='ocr_line' id='line_1_31' title="bbox 328 2865 1907 2940; baseline -0.008 -15"><span class='ocrx_word' id='word_1_198' title='bbox 328 2868 533 2939; x_wconf 78' lang='grc' dir='ltr'><em>Ἡμεῖς</em></span> <span class='ocrx_word' id='word_1_199' title='bbox 560 2868 669 2923; x_wconf 82' lang='grc' dir='ltr'><em>τὸν</em></span> <span class='ocrx_word' id='word_1_200' title='bbox 693 2865 955 2923; x_wconf 87' lang='grc' dir='ltr'><em>θάνατον</em></span> <span class='ocrx_word' id='word_1_201' title='bbox 990 2865 1373 2937; x_wconf 81' lang='grc' dir='ltr'><em>ὠδινήσαμεν</em></span> <span class='ocrx_word' id='word_1_202' title='bbox 1403 2884 1419 2900; x_wconf 86' lang='grc'><strong><em>⁸</em></strong></span> <span class='ocrx_word' id='word_1_203' title='bbox 1466 2869 1548 2923; x_wconf 86' lang='grc' dir='ltr'><em>σὺ</em></span> <span class='ocrx_word' id='word_1_204' title='bbox 1593 2870 1711 2940; x_wconf 78' lang='grc' dir='ltr'><em>τὴν</em></span> <span class='ocrx_word' id='word_1_205' title='bbox 1756 2872 1907 2927; x_wconf 80' lang='grc' dir='ltr'><em>ἀνά..</em></span> 
     </span>
    </p>
   </div>
   <div class='ocr_carea' id='block_1_32' title="bbox 319 2957 1906 3032">
    <p class='ocr_par' dir='ltr' id='par_1_32' title="bbox 319 2957 1906 3032">
     <span class='ocr_line' id='line_1_32' title="bbox 319 2957 1906 3032; baseline 0.001 -16"><span class='ocrx_word' id='word_1_206' title='bbox 319 2975 548 3016; x_wconf 90' lang='grc' dir='ltr'><em>στασιν</em></span> <span class='ocrx_word' id='word_1_207' title='bbox 573 2957 1108 3027; x_wconf 80' lang='grc' dir='ltr'><em>προκατήγγειλας.</em></span> <span class='ocrx_word' id='word_1_208' title='bbox 1165 2957 1366 3026; x_wconf 84' lang='grc' dir='ltr'><em>Ἡμεῖς</em></span> <span class='ocrx_word' id='word_1_209' title='bbox 1413 2960 1597 3030; x_wconf 83' lang='grc' dir='ltr'><em>θύρας</em></span> <span class='ocrx_word' id='word_1_210' title='bbox 1647 2962 1906 3032; x_wconf 82' lang='grc' dir='ltr'><strong><em>ἐξηνεῴ-</em></strong></span> 
     </span>
    </p>
   </div>
   <div class='ocr_carea' id='block_1_33' title="bbox 2000 482 3586 552">
    <p class='ocr_par' dir='ltr' id='par_1_33' title="bbox 2000 482 3586 552">
     <span class='ocr_line' id='line_1_33' title="bbox 2000 482 3586 552; baseline 0.009 -23"><span class='ocrx_word' id='word_1_211' title='bbox 2000 487 2177 532; x_wconf 87' lang='lat' dir='ltr'><strong><em>manet</em></strong></span> <span class='ocrx_word' id='word_1_212' title='bbox 2228 495 2344 549; x_wconf 89' lang='lat' dir='ltr'><strong><em>spes</em></strong></span> <span class='ocrx_word' id='word_1_213' title='bbox 2397 482 2794 552; x_wconf 75' lang='lat' dir='ltr'><strong><em>redemptionis,</em></strong></span> <span class='ocrx_word' id='word_1_214' title='bbox 2830 486 2934 540; x_wconf 90' lang='lat' dir='ltr'><strong><em>nisi</em></strong></span> <span class='ocrx_word' id='word_1_215' title='bbox 2978 495 3036 539; x_wconf 91' lang='lat' dir='ltr'><strong><em>ut</em></strong></span> <span class='ocrx_word' id='word_1_216' title='bbox 3084 497 3138 539; x_wconf 92' lang='lat' dir='ltr'><strong><em>tu</em></strong></span> <span class='ocrx_word' id='word_1_217' title='bbox 3177 495 3227 540; x_wconf 90' lang='lat' dir='ltr'><strong><em>te</em></strong></span> <span class='ocrx_word' id='word_1_218' title='bbox 3278 486 3453 552; x_wconf 88' lang='lat' dir='ltr'><strong><em>nobis,</em></strong></span> <span class='ocrx_word' id='word_1_219' title='bbox 3490 497 3586 543; x_wconf 91' lang='lat' dir='ltr'><strong><em>tua</em></strong></span> 
     </span>
    </p>
   </div>
   <div class='ocr_carea' id='block_1_34' title="bbox 1999 572 3588 645">
    <p class='ocr_par' dir='ltr' id='par_1_34' title="bbox 1999 572 3588 645">
     <span class='ocr_line' id='line_1_34' title="bbox 1999 572 3588 645; baseline 0.006 -19"><span class='ocrx_word' id='word_1_220' title='bbox 1999 572 2095 627; x_wconf 91' lang='lat' dir='ltr'><strong><em>illa</em></strong></span> <span class='ocrx_word' id='word_1_221' title='bbox 2141 591 2349 631; x_wconf 90' lang='lat' dir='ltr'><strong><em>summa</em></strong></span> <span class='ocrx_word' id='word_1_222' title='bbox 2392 579 2782 645; x_wconf 74' lang='lat' dir='ltr'><strong><em>misericordia,</em></strong></span> <span class='ocrx_word' id='word_1_223' title='bbox 2812 581 3033 634; x_wconf 81' lang='lat' dir='ltr'><strong><em>inclines</em></strong></span> <span class='ocrx_word' id='word_1_224' title='bbox 3065 597 3083 636; x_wconf 92' lang='lat'><strong><em>:</em></strong></span> <span class='ocrx_word' id='word_1_225' title='bbox 3117 580 3254 635; x_wconf 81' lang='lat' dir='ltr'><strong><em>hanc</em></strong></span> <span class='ocrx_word' id='word_1_226' title='bbox 3306 582 3385 634; x_wconf 90' lang='lat' dir='ltr'><strong><em>tui</em></strong></span> <span class='ocrx_word' id='word_1_227' title='bbox 3427 581 3588 635; x_wconf 64' lang='lat' dir='ltr'><strong><em>incli-</em></strong></span> 
     </span>
    </p>
   </div>
   <div class='ocr_carea' id='block_1_35' title="bbox 1998 668 3584 739">
    <p class='ocr_par' dir='ltr' id='par_1_35' title="bbox 1998 668 3584 739">
     <span class='ocr_line' id='line_1_35' title="bbox 1998 668 3584 739; baseline 0.001 -18"><span class='ocrx_word' id='word_1_228' title='bbox 1998 668 2269 723; x_wconf 84' lang='lat' dir='ltr'><strong><em>nationem</em></strong></span> <span class='ocrx_word' id='word_1_229' title='bbox 2291 671 2505 733; x_wconf 89' lang='lat' dir='ltr'><strong><em>sitiunt,</em></strong></span> <span class='ocrx_word' id='word_1_230' title='bbox 2533 687 2652 739; x_wconf 79' lang='lat' dir='ltr'><strong><em>qua:</em></strong></span> <span class='ocrx_word' id='word_1_231' title='bbox 2691 670 2890 725; x_wconf 74' lang='lat' dir='ltr'><strong><em>clausa:</em></strong></span> <span class='ocrx_word' id='word_1_232' title='bbox 2926 680 3170 725; x_wconf 89' lang='lat' dir='ltr'><strong><em>tenentur</em></strong></span> <span class='ocrx_word' id='word_1_233' title='bbox 3198 671 3393 726; x_wconf 73' lang='lat' dir='ltr'><strong><em>animle</em></strong></span> <span class='ocrx_word' id='word_1_234' title='bbox 3422 685 3441 725; x_wconf 90' lang='lat'><strong><em>:</em></strong></span> <span class='ocrx_word' id='word_1_235' title='bbox 3468 683 3584 725; x_wconf 88' lang='lat' dir='ltr'><strong><em>eam</em></strong></span> 
     </span>
    </p>
   </div>
   <div class='ocr_carea' id='block_1_36' title="bbox 1997 763 3576 835">
    <p class='ocr_par' dir='ltr' id='par_1_36' title="bbox 1997 763 3576 835">
     <span class='ocr_line' id='line_1_36' title="bbox 1997 763 3576 835; baseline 0.003 -22"><span class='ocrx_word' id='word_1_236' title='bbox 1997 772 2209 829; x_wconf 89' lang='lat' dir='ltr'><strong><em>sperant</em></strong></span> <span class='ocrx_word' id='word_1_237' title='bbox 2264 763 2427 815; x_wconf 84' lang='lat' dir='ltr'><strong><em>vincti</em></strong></span> <span class='ocrx_word' id='word_1_238' title='bbox 2483 763 2566 816; x_wconf 83' lang='lat' dir='ltr'><strong><em>illi</em></strong></span> <span class='ocrx_word' id='word_1_239' title='bbox 2608 765 2795 818; x_wconf 76' lang='lat' dir='ltr'><strong><em>teterni</em></strong></span> <span class='ocrx_word' id='word_1_240' title='bbox 2826 764 2890 818; x_wconf 84' lang='lat'><strong><em>“.</em></strong></span> <span class='ocrx_word' id='word_1_241' title='bbox 2959 763 3085 819; x_wconf 84' lang='lat' dir='ltr'><strong><em>Veni</em></strong></span> <span class='ocrx_word' id='word_1_242' title='bbox 3145 781 3290 835; x_wconf 87' lang='lat' dir='ltr'><strong><em>ergo,</em></strong></span> <span class='ocrx_word' id='word_1_243' title='bbox 3328 764 3576 827; x_wconf 70' lang='lat' dir='ltr'><strong><em>Domine,</em></strong></span> 
     </span>
    </p>
   </div>
   <div class='ocr_carea' id='block_1_37' title="bbox 1998 855 3585 928">
    <p class='ocr_par' dir='ltr' id='par_1_37' title="bbox 1998 855 3585 928">
     <span class='ocr_line' id='line_1_37' title="bbox 1998 855 3585 928; baseline 0.003 -21"><span class='ocrx_word' id='word_1_244' title='bbox 1998 855 2359 908; x_wconf 72' lang='lat' dir='ltr'><strong><em>auxiliaturus</em></strong></span> <span class='ocrx_word' id='word_1_245' title='bbox 2389 867 2479 909; x_wconf 93' lang='lat' dir='ltr'><strong><em>tuo</em></strong></span> <span class='ocrx_word' id='word_1_246' title='bbox 2509 856 2775 927; x_wconf 83' lang='lat' dir='ltr'><strong><em>figmento.</em></strong></span> <span class='ocrx_word' id='word_1_247' title='bbox 2804 857 3064 927; x_wconf 79' lang='lat' dir='ltr'><strong><em>Exsurge,</em></strong></span> <span class='ocrx_word' id='word_1_248' title='bbox 3084 859 3306 928; x_wconf 89' lang='lat' dir='ltr'><strong><em>benigno</em></strong></span> <span class='ocrx_word' id='word_1_249' title='bbox 3332 859 3585 913; x_wconf 74' lang='lat' dir='ltr'><strong><em>descensu</em></strong></span> 
     </span>
    </p>
   </div>
   <div class='ocr_carea' id='block_1_38' title="bbox 2000 944 3587 1019">
    <p class='ocr_par' dir='ltr' id='par_1_38' title="bbox 2000 944 3587 1019">
     <span class='ocr_line' id='line_1_38' title="bbox 2000 944 3587 1019; baseline 0.004 -23"><span class='ocrx_word' id='word_1_250' title='bbox 2000 944 2069 998; x_wconf 87' lang='lat' dir='ltr'><strong><em>ad</em></strong></span> <span class='ocrx_word' id='word_1_251' title='bbox 2132 959 2227 997; x_wconf 91' lang='lat' dir='ltr'><strong><em>nos</em></strong></span> <span class='ocrx_word' id='word_1_252' title='bbox 2269 960 2298 998; x_wconf 89' lang='lat' dir='ltr'><strong><em>e</em></strong></span> <span class='ocrx_word' id='word_1_253' title='bbox 2350 957 2572 1014; x_wconf 86' lang='lat' dir='ltr'><strong><em>paterno</em></strong></span> <span class='ocrx_word' id='word_1_254' title='bbox 2610 948 2765 1013; x_wconf 89' lang='lat' dir='ltr'><strong><em>solio,</em></strong></span> <span class='ocrx_word' id='word_1_255' title='bbox 2790 950 2880 1016; x_wconf 90' lang='lat' dir='ltr'><strong><em>qui</em></strong></span> <span class='ocrx_word' id='word_1_256' title='bbox 2938 950 3131 1019; x_wconf 87' lang='lat' dir='ltr'><strong><em>ubique</em></strong></span> <span class='ocrx_word' id='word_1_257' title='bbox 3179 951 3326 1014; x_wconf 87' lang='lat' dir='ltr'><strong><em>ades,</em></strong></span> <span class='ocrx_word' id='word_1_258' title='bbox 3379 966 3471 1005; x_wconf 91' lang='lat' dir='ltr'><strong><em>nec</em></strong></span> <span class='ocrx_word' id='word_1_259' title='bbox 3524 966 3587 1004; x_wconf 86' lang='lat' dir='ltr'><strong><em>eo</em></strong></span> 
     </span>
    </p>
   </div>
   <div class='ocr_carea' id='block_1_39' title="bbox 1999 1034 3583 1110">
    <p class='ocr_par' dir='ltr' id='par_1_39' title="bbox 1999 1034 3583 1110">
     <span class='ocr_line' id='line_1_39' title="bbox 1999 1034 3583 1110; baseline 0.007 -24"><span class='ocrx_word' id='word_1_260' title='bbox 1999 1034 2327 1088; x_wconf 78' lang='lat' dir='ltr'><strong><em>discessurus</em></strong></span> <span class='ocrx_word' id='word_1_261' title='bbox 2359 1051 2449 1099; x_wconf 90' lang='lat' dir='ltr'><strong><em>es;</em></strong></span> <span class='ocrx_word' id='word_1_262' title='bbox 2481 1053 2544 1090; x_wconf 93' lang='lat' dir='ltr'><strong><em>ac</em></strong></span> <span class='ocrx_word' id='word_1_263' title='bbox 2574 1039 2707 1103; x_wconf 87' lang='lat' dir='ltr'><strong><em>veni,</em></strong></span> <span class='ocrx_word' id='word_1_264' title='bbox 2739 1048 2797 1092; x_wconf 91' lang='lat' dir='ltr'><strong><em>ut</em></strong></span> <span class='ocrx_word' id='word_1_265' title='bbox 2820 1055 2907 1093; x_wconf 89' lang='lat' dir='ltr'><strong><em>eos</em></strong></span> <span class='ocrx_word' id='word_1_266' title='bbox 2940 1041 3031 1109; x_wconf 89' lang='lat' dir='ltr'><strong><em>qui</em></strong></span> <span class='ocrx_word' id='word_1_267' title='bbox 3064 1040 3583 1110; x_wconf 84' lang='lat' dir='ltr'><strong><em>laborant,adjuves.</em></strong></span> 
     </span>
    </p>
   </div>
   <div class='ocr_carea' id='block_1_40' title="bbox 2007 1123 3585 1200">
    <p class='ocr_par' dir='ltr' id='par_1_40' title="bbox 2007 1123 3585 1200">
     <span class='ocr_line' id='line_1_40' title="bbox 2007 1123 3585 1200; baseline 0.004 -21"><span class='ocrx_word' id='word_1_268' title='bbox 2007 1123 2157 1187; x_wconf 83' lang='lat' dir='ltr'><strong><em>Veni,</em></strong></span> <span class='ocrx_word' id='word_1_269' title='bbox 2201 1136 2505 1193; x_wconf 76' lang='lat' dir='ltr'><strong><em>exspectata</em></strong></span> <span class='ocrx_word' id='word_1_270' title='bbox 2538 1130 2875 1185; x_wconf 75' lang='lat' dir='ltr'><strong><em>resurrectio.</em></strong></span> <span class='ocrx_word' id='word_1_271' title='bbox 2938 1128 3084 1195; x_wconf 82' lang='lat' dir='ltr'><strong><em>Veni,</em></strong></span> <span class='ocrx_word' id='word_1_272' title='bbox 3132 1134 3389 1200; x_wconf 86' lang='lat' dir='ltr'><strong><em>gaudium</em></strong></span> <span class='ocrx_word' id='word_1_273' title='bbox 3442 1134 3585 1186; x_wconf 80' lang='lat' dir='ltr'><strong><em>desi-</em></strong></span> 
     </span>
    </p>
   </div>
   <div class='ocr_carea' id='block_1_41' title="bbox 2000 1216 3586 1288">
    <p class='ocr_par' dir='ltr' id='par_1_41' title="bbox 2000 1216 3586 1288">
     <span class='ocr_line' id='line_1_41' title="bbox 2000 1216 3586 1288; baseline 0.004 -19"><span class='ocrx_word' id='word_1_274' title='bbox 2000 1216 2266 1271; x_wconf 82' lang='lat' dir='ltr'><strong><em>demtum.</em></strong></span> <span class='ocrx_word' id='word_1_275' title='bbox 2330 1216 2489 1280; x_wconf 80' lang='lat' dir='ltr'><strong><em>Veni,</em></strong></span> <span class='ocrx_word' id='word_1_276' title='bbox 2547 1232 2761 1288; x_wconf 88' lang='lat' dir='ltr'><strong><em>sperata</em></strong></span> <span class='ocrx_word' id='word_1_277' title='bbox 2819 1222 2938 1276; x_wconf 73' lang='lat' dir='ltr'><strong><em>vita:</em></strong></span> <span class='ocrx_word' id='word_1_278' title='bbox 3005 1223 3332 1275; x_wconf 73' lang='lat' dir='ltr'><strong><em>instauratio</em></strong></span> <span class='ocrx_word' id='word_1_279' title='bbox 3376 1237 3395 1275; x_wconf 92' lang='lat'><strong><em>:</em></strong></span> <span class='ocrx_word' id='word_1_280' title='bbox 3445 1224 3586 1286; x_wconf 82' lang='lat' dir='ltr'><strong><em>ceni,</em></strong></span> 
     </span>
    </p>
   </div>
   <div class='ocr_carea' id='block_1_42' title="bbox 2002 1308 3589 1380">
    <p class='ocr_par' dir='ltr' id='par_1_42' title="bbox 2002 1308 3589 1380">
     <span class='ocr_line' id='line_1_42' title="bbox 2002 1308 3589 1380; baseline 0.003 -19"><span class='ocrx_word' id='word_1_281' title='bbox 2002 1308 2331 1378; x_wconf 78' lang='lat' dir='ltr'><strong><em>refrigerium</em></strong></span> <span class='ocrx_word' id='word_1_282' title='bbox 2345 1325 2408 1362; x_wconf 88' lang='lat' dir='ltr'><strong><em>ac</em></strong></span> <span class='ocrx_word' id='word_1_283' title='bbox 2428 1308 2616 1364; x_wconf 64' lang='lat' dir='ltr'><strong><em>laetitia</em></strong></span> <span class='ocrx_word' id='word_1_284' title='bbox 2639 1311 2984 1380; x_wconf 75' lang='lat' dir='ltr'><strong><em>defectorum.</em></strong></span> <span class='ocrx_word' id='word_1_285' title='bbox 3006 1311 3199 1378; x_wconf 87' lang='lat' dir='ltr'><strong><em>Illuce,</em></strong></span> <span class='ocrx_word' id='word_1_286' title='bbox 3219 1314 3446 1380; x_wconf 79' lang='lat' dir='ltr'><strong><em>justitite</em></strong></span> <span class='ocrx_word' id='word_1_287' title='bbox 3470 1313 3589 1379; x_wconf 84' lang='lat' dir='ltr'><strong><em>Sol,</em></strong></span> 
     </span>
    </p>
   </div>
   <div class='ocr_carea' id='block_1_43' title="bbox 2003 1398 3588 1469">
    <p class='ocr_par' dir='ltr' id='par_1_43' title="bbox 2003 1398 3588 1469">
     <span class='ocr_line' id='line_1_43' title="bbox 2003 1398 3588 1469; baseline 0.002 -20"><span class='ocrx_word' id='word_1_288' title='bbox 2003 1407 2109 1451; x_wconf 77' lang='lat' dir='ltr'><strong><em>tua:</em></strong></span> <span class='ocrx_word' id='word_1_289' title='bbox 2175 1398 2426 1451; x_wconf 83' lang='lat' dir='ltr'><strong><em>bonitatis</em></strong></span> <span class='ocrx_word' id='word_1_290' title='bbox 2490 1399 2695 1463; x_wconf 89' lang='lat' dir='ltr'><strong><em>radios,</em></strong></span> <span class='ocrx_word' id='word_1_291' title='bbox 2758 1400 2825 1452; x_wconf 92' lang='lat' dir='ltr'><strong><em>iis</em></strong></span> <span class='ocrx_word' id='word_1_292' title='bbox 2871 1400 2963 1469; x_wconf 85' lang='lat' dir='ltr'><strong><em>qui</em></strong></span> <span class='ocrx_word' id='word_1_293' title='bbox 2997 1401 3055 1452; x_wconf 91' lang='lat' dir='ltr'><strong><em>in</em></strong></span> <span class='ocrx_word' id='word_1_294' title='bbox 3115 1400 3343 1453; x_wconf 89' lang='lat' dir='ltr'><strong><em>tenebris</em></strong></span> <span class='ocrx_word' id='word_1_295' title='bbox 3397 1401 3588 1453; x_wconf 80' lang='lat' dir='ltr'><strong><em>mortis</em></strong></span> 
     </span>
    </p>
   </div>
   <div class='ocr_carea' id='block_1_44' title="bbox 2001 1489 3590 1560">
    <p class='ocr_par' dir='ltr' id='par_1_44' title="bbox 2001 1489 3590 1560">
     <span class='ocr_line' id='line_1_44' title="bbox 2001 1489 3590 1560; baseline 0 -17"><span class='ocrx_word' id='word_1_296' title='bbox 2001 1490 2204 1545; x_wconf 86' lang='lat' dir='ltr'><strong><em>sedent.</em></strong></span> <span class='ocrx_word' id='word_1_297' title='bbox 2235 1489 2465 1544; x_wconf 85' lang='lat' dir='ltr'><strong><em>Ostende</em></strong></span> <span class='ocrx_word' id='word_1_298' title='bbox 2498 1490 2725 1560; x_wconf 85' lang='lat' dir='ltr'><strong><em>gloriam</em></strong></span> <span class='ocrx_word' id='word_1_299' title='bbox 2760 1501 2907 1544; x_wconf 90' lang='lat' dir='ltr'><strong><em>tuam</em></strong></span> <span class='ocrx_word' id='word_1_300' title='bbox 2945 1491 3321 1545; x_wconf 73' lang='lat' dir='ltr'><strong><em>exsistentibus</em></strong></span> <span class='ocrx_word' id='word_1_301' title='bbox 3353 1491 3406 1543; x_wconf 91' lang='lat' dir='ltr'><strong><em>in</em></strong></span> <span class='ocrx_word' id='word_1_302' title='bbox 3446 1500 3590 1543; x_wconf 86' lang='lat' dir='ltr'><strong><em>tene-</em></strong></span> 
     </span>
    </p>
   </div>
   <div class='ocr_carea' id='block_1_45' title="bbox 2002 1579 3590 1653">
    <p class='ocr_par' dir='ltr' id='par_1_45' title="bbox 2002 1579 3590 1653">
     <span class='ocr_line' id='line_1_45' title="bbox 2002 1579 3590 1653; baseline 0.001 -20"><span class='ocrx_word' id='word_1_303' title='bbox 2002 1580 2134 1635; x_wconf 90' lang='lat' dir='ltr'><strong><em>bris.</em></strong></span> <span class='ocrx_word' id='word_1_304' title='bbox 2161 1579 2384 1636; x_wconf 85' lang='lat' dir='ltr'><strong><em>Contere</em></strong></span> <span class='ocrx_word' id='word_1_305' title='bbox 2418 1583 2617 1652; x_wconf 77' lang='lat' dir='ltr'><strong><em>inferni</em></strong></span> <span class='ocrx_word' id='word_1_306' title='bbox 2645 1583 2963 1638; x_wconf 86' lang='lat' dir='ltr'><strong><em>durissimas</em></strong></span> <span class='ocrx_word' id='word_1_307' title='bbox 3008 1594 3214 1653; x_wconf 90' lang='lat' dir='ltr'><strong><em>portas,</em></strong></span> <span class='ocrx_word' id='word_1_308' title='bbox 3256 1599 3319 1637; x_wconf 88' lang='lat' dir='ltr'><strong><em>ac</em></strong></span> <span class='ocrx_word' id='word_1_309' title='bbox 3365 1592 3590 1637; x_wconf 76' lang='lat' dir='ltr'><strong><em>teternos</em></strong></span> 
     </span>
    </p>
   </div>
   <div class='ocr_carea' id='block_1_46' title="bbox 2005 1673 3587 1744">
    <p class='ocr_par' dir='ltr' id='par_1_46' title="bbox 2005 1673 3587 1744">
     <span class='ocr_line' id='line_1_46' title="bbox 2005 1673 3587 1744; baseline -0.001 -17"><span class='ocrx_word' id='word_1_310' title='bbox 2005 1683 2190 1737; x_wconf 80' lang='lat' dir='ltr'><strong><em>vectes,</em></strong></span> <span class='ocrx_word' id='word_1_311' title='bbox 2241 1690 2433 1744; x_wconf 90' lang='lat' dir='ltr'><strong><em>eosque</em></strong></span> <span class='ocrx_word' id='word_1_312' title='bbox 2471 1673 2641 1728; x_wconf 88' lang='lat' dir='ltr'><strong><em>libera</em></strong></span> <span class='ocrx_word' id='word_1_313' title='bbox 2693 1690 2825 1744; x_wconf 90' lang='lat' dir='ltr'><strong><em>quos</em></strong></span> <span class='ocrx_word' id='word_1_314' title='bbox 2890 1675 2983 1729; x_wconf 85' lang='lat' dir='ltr'><strong><em>ille</em></strong></span> <span class='ocrx_word' id='word_1_315' title='bbox 3025 1676 3348 1743; x_wconf 83' lang='lat' dir='ltr'><strong><em>compeditos</em></strong></span> <span class='ocrx_word' id='word_1_316' title='bbox 3411 1674 3587 1728; x_wconf 74' lang='lat' dir='ltr'><strong><em>liabet.</em></strong></span> 
     </span>
    </p>
   </div>
   <div class='ocr_carea' id='block_1_47' title="bbox 2004 1763 3593 1835">
    <p class='ocr_par' dir='ltr' id='par_1_47' title="bbox 2004 1763 3593 1835">
     <span class='ocr_line' id='line_1_47' title="bbox 2004 1763 3593 1835; baseline -0.003 -15"><span class='ocrx_word' id='word_1_317' title='bbox 2004 1764 2285 1835; x_wconf 88' lang='lat' dir='ltr'><strong><em>Confringe</em></strong></span> <span class='ocrx_word' id='word_1_318' title='bbox 2336 1767 2522 1819; x_wconf 88' lang='lat' dir='ltr'><strong><em>mortis</em></strong></span> <span class='ocrx_word' id='word_1_319' title='bbox 2571 1766 2833 1821; x_wconf 86' lang='lat' dir='ltr'><strong><em>aculeum.</em></strong></span> <span class='ocrx_word' id='word_1_320' title='bbox 2901 1764 3157 1834; x_wconf 88' lang='lat' dir='ltr'><strong><em>Dirumpe</em></strong></span> <span class='ocrx_word' id='word_1_321' title='bbox 3201 1766 3381 1819; x_wconf 88' lang='lat' dir='ltr'><strong><em>omnia</em></strong></span> <span class='ocrx_word' id='word_1_322' title='bbox 3434 1763 3593 1819; x_wconf 62' lang='lat' dir='ltr'><strong><em>devoo</em></strong></span> 
     </span>
    </p>
   </div>
   <div class='ocr_carea' id='block_1_48' title="bbox 2005 1856 3594 1929">
    <p class='ocr_par' dir='ltr' id='par_1_48' title="bbox 2005 1856 3594 1929">
     <span class='ocr_line' id='line_1_48' title="bbox 2005 1856 3594 1929; baseline -0.001 -19"><span class='ocrx_word' id='word_1_323' title='bbox 2005 1867 2210 1911; x_wconf 89' lang='lat' dir='ltr'><strong><em>rantem</em></strong></span> <span class='ocrx_word' id='word_1_324' title='bbox 2259 1857 2458 1926; x_wconf 89' lang='lat' dir='ltr'><strong><em>inferni</em></strong></span> <span class='ocrx_word' id='word_1_325' title='bbox 2509 1866 2737 1910; x_wconf 88' lang='lat' dir='ltr'><strong><em>uterum.</em></strong></span> <span class='ocrx_word' id='word_1_326' title='bbox 2768 1856 2988 1912; x_wconf 82' lang='lat' dir='ltr'><strong><em>Hostem</em></strong></span> <span class='ocrx_word' id='word_1_327' title='bbox 3035 1858 3242 1929; x_wconf 89' lang='lat' dir='ltr'><strong><em>alliga;</em></strong></span> <span class='ocrx_word' id='word_1_328' title='bbox 3271 1857 3492 1910; x_wconf 82' lang='lat' dir='ltr'><strong><em>hostiles</em></strong></span> <span class='ocrx_word' id='word_1_329' title='bbox 3528 1872 3594 1909; x_wconf 86' lang='lat' dir='ltr'><strong><em>ac</em></strong></span> 
     </span>
    </p>
   </div>
   <div class='ocr_carea' id='block_1_49' title="bbox 2005 1948 3594 2010">
    <p class='ocr_par' dir='ltr' id='par_1_49' title="bbox 2005 1948 3594 2010">
     <span class='ocr_line' id='line_1_49' title="bbox 2005 1948 3594 2010; baseline -0.003 -7"><span class='ocrx_word' id='word_1_330' title='bbox 2005 1950 2102 2003; x_wconf 89' lang='lat' dir='ltr'><strong><em>tibi</em></strong></span> <span class='ocrx_word' id='word_1_331' title='bbox 2141 1949 2480 2002; x_wconf 81' lang='lat' dir='ltr'><strong><em>adversarius</em></strong></span> <span class='ocrx_word' id='word_1_332' title='bbox 2507 1948 2720 2002; x_wconf 86' lang='lat' dir='ltr'><strong><em>destrue</em></strong></span> <span class='ocrx_word' id='word_1_333' title='bbox 2744 1951 2982 2003; x_wconf 81' lang='lat' dir='ltr'><strong><em>virtutes.</em></strong></span> <span class='ocrx_word' id='word_1_334' title='bbox 3011 1948 3279 2010; x_wconf 79' lang='lat' dir='ltr'><strong><em>Miserere,</em></strong></span> <span class='ocrx_word' id='word_1_335' title='bbox 3310 1963 3511 2001; x_wconf 86' lang='lat' dir='ltr'><strong><em>summe</em></strong></span> <span class='ocrx_word' id='word_1_336' title='bbox 3535 1957 3594 2000; x_wconf 88' lang='lat' dir='ltr'><strong><em>tu</em></strong></span> 
     </span>
    </p>
   </div>
   <div class='ocr_carea' id='block_1_50' title="bbox 2006 2037 3593 2110">
    <p class='ocr_par' dir='ltr' id='par_1_50' title="bbox 2006 2037 3593 2110">
     <span class='ocr_line' id='line_1_50' title="bbox 2006 2037 3593 2110; baseline -0.004 -15"><span class='ocrx_word' id='word_1_337' title='bbox 2006 2042 2155 2107; x_wconf 88' lang='lat' dir='ltr'><strong><em>bone,</em></strong></span> <span class='ocrx_word' id='word_1_338' title='bbox 2189 2056 2372 2094; x_wconf 91' lang='lat' dir='ltr'><strong><em>eorum</em></strong></span> <span class='ocrx_word' id='word_1_339' title='bbox 2408 2042 2499 2110; x_wconf 85' lang='lat' dir='ltr'><strong><em>qui</em></strong></span> <span class='ocrx_word' id='word_1_340' title='bbox 2548 2050 2790 2095; x_wconf 86' lang='lat' dir='ltr'><strong><em>tenentur</em></strong></span> <span class='ocrx_word' id='word_1_341' title='bbox 2835 2041 2889 2093; x_wconf 92' lang='lat' dir='ltr'><strong><em>in</em></strong></span> <span class='ocrx_word' id='word_1_342' title='bbox 2940 2040 3187 2094; x_wconf 87' lang='lat' dir='ltr'><strong><em>vinculis.</em></strong></span> <span class='ocrx_word' id='word_1_343' title='bbox 3242 2037 3497 2093; x_wconf 80' lang='lat' dir='ltr'><strong><em>Miserere</em></strong></span> <span class='ocrx_word' id='word_1_344' title='bbox 3538 2039 3593 2090; x_wconf 86' lang='lat' dir='ltr'><strong><em>in</em></strong></span> 
     </span>
    </p>
   </div>
   <div class='ocr_carea' id='block_1_51' title="bbox 2005 2129 3589 2202">
    <p class='ocr_par' dir='ltr' id='par_1_51' title="bbox 2005 2129 3589 2202">
     <span class='ocr_line' id='line_1_51' title="bbox 2005 2129 3589 2202; baseline -0.003 -16"><span class='ocrx_word' id='word_1_345' title='bbox 2005 2134 2270 2187; x_wconf 86' lang='lat' dir='ltr'><strong><em>crudelem</em></strong></span> <span class='ocrx_word' id='word_1_346' title='bbox 2317 2134 2599 2202; x_wconf 86' lang='lat' dir='ltr'><strong><em>respiciens</em></strong></span> <span class='ocrx_word' id='word_1_347' title='bbox 2640 2135 3023 2202; x_wconf 82' lang='lat' dir='ltr'><strong><em>captivitatem.</em></strong></span> <span class='ocrx_word' id='word_1_348' title='bbox 3072 2132 3113 2184; x_wconf 83' lang='lat' dir='ltr'><strong><em>A</em></strong></span> <span class='ocrx_word' id='word_1_349' title='bbox 3163 2131 3315 2185; x_wconf 88' lang='lat' dir='ltr'><strong><em>nobis</em></strong></span> <span class='ocrx_word' id='word_1_350' title='bbox 3358 2129 3589 2201; x_wconf 86' lang='lat' dir='ltr'><strong><em>quidem,</em></strong></span> 
     </span>
    </p>
   </div>
   <div class='ocr_carea' id='block_1_52' title="bbox 2006 2222 3588 2290">
    <p class='ocr_par' dir='ltr' id='par_1_52' title="bbox 2006 2222 3588 2290">
     <span class='ocr_line' id='line_1_52' title="bbox 2006 2222 3588 2290; baseline -0.005 -10"><span class='ocrx_word' id='word_1_351' title='bbox 2006 2242 2036 2280; x_wconf 90' lang='grc' dir='ltr'><strong><em>ο</em></strong></span> <span class='ocrx_word' id='word_1_352' title='bbox 2062 2223 2305 2290; x_wconf 88' lang='lat' dir='ltr'><strong><em>Domine,</em></strong></span> <span class='ocrx_word' id='word_1_353' title='bbox 2371 2224 2654 2279; x_wconf 88' lang='lat' dir='ltr'><strong><em>adinventa</em></strong></span> <span class='ocrx_word' id='word_1_354' title='bbox 2695 2234 2772 2277; x_wconf 89' lang='lat' dir='ltr'><strong><em>est</em></strong></span> <span class='ocrx_word' id='word_1_355' title='bbox 2808 2222 3154 2276; x_wconf 88' lang='lat' dir='ltr'><strong><em>mortalitatis</em></strong></span> <span class='ocrx_word' id='word_1_356' title='bbox 3190 2237 3356 2275; x_wconf 86' lang='lat' dir='ltr'><strong><em>causa</em></strong></span> <span class='ocrx_word' id='word_1_357' title='bbox 3382 2234 3401 2273; x_wconf 89' lang='lat'><strong><em>:</em></strong></span> <span class='ocrx_word' id='word_1_358' title='bbox 3429 2237 3462 2273; x_wconf 92' lang='lat' dir='ltr'><strong><em>a</em></strong></span> <span class='ocrx_word' id='word_1_359' title='bbox 3493 2230 3588 2273; x_wconf 90' lang='lat' dir='ltr'><strong><em>tua</em></strong></span> 
     </span>
    </p>
   </div>
   <div class='ocr_carea' id='block_1_53' title="bbox 2005 2311 3588 2383">
    <p class='ocr_par' dir='ltr' id='par_1_53' title="bbox 2005 2311 3588 2383">
     <span class='ocr_line' id='line_1_53' title="bbox 2005 2311 3588 2383; baseline -0.006 -10"><span class='ocrx_word' id='word_1_360' title='bbox 2005 2320 2267 2373; x_wconf 88' lang='lat' dir='ltr'><strong><em>enimvero</em></strong></span> <span class='ocrx_word' id='word_1_361' title='bbox 2319 2318 2550 2371; x_wconf 88' lang='lat' dir='ltr'><strong><em>bonitate</em></strong></span> <span class='ocrx_word' id='word_1_362' title='bbox 2599 2326 2844 2383; x_wconf 79' lang='lat' dir='ltr'><strong><em>speratur</em></strong></span> <span class='ocrx_word' id='word_1_363' title='bbox 2894 2314 3276 2369; x_wconf 65' lang='lat' dir='ltr'><strong><em>misericordiae</em></strong></span> <span class='ocrx_word' id='word_1_364' title='bbox 3316 2311 3588 2366; x_wconf 89' lang='lat' dir='ltr'><strong><em>liberatio.</em></strong></span> 
     </span>
    </p>
   </div>
   <div class='ocr_carea' id='block_1_54' title="bbox 2009 2402 3593 2480">
    <p class='ocr_par' dir='ltr' id='par_1_54' title="bbox 2009 2402 3593 2480">
     <span class='ocr_line' id='line_1_54' title="bbox 2009 2402 3593 2480; baseline -0.007 -15"><span class='ocrx_word' id='word_1_365' title='bbox 2009 2410 2234 2465; x_wconf 80' lang='lat' dir='ltr'><strong><em>Mortem</em></strong></span> <span class='ocrx_word' id='word_1_366' title='bbox 2276 2410 2379 2480; x_wconf 83' lang='lat' dir='ltr'><strong><em>ipsi</em></strong></span> <span class='ocrx_word' id='word_1_367' title='bbox 2418 2409 2841 2477; x_wconf 84' lang='lat' dir='ltr'><strong><em>parturivimus;</em></strong></span> <span class='ocrx_word' id='word_1_368' title='bbox 2887 2416 2944 2460; x_wconf 91' lang='lat' dir='ltr'><strong><em>tu</em></strong></span> <span class='ocrx_word' id='word_1_369' title='bbox 2994 2404 3435 2460; x_wconf 85' lang='lat' dir='ltr'><strong><em>resurrectionem</em></strong></span> <span class='ocrx_word' id='word_1_370' title='bbox 3463 2402 3593 2457; x_wconf 83' lang='lat' dir='ltr'><strong><em>olim</em></strong></span> 
     </span>
    </p>
   </div>
   <div class='ocr_carea' id='block_1_55' title="bbox 2006 2495 3592 2567">
    <p class='ocr_par' dir='ltr' id='par_1_55' title="bbox 2006 2495 3592 2567">
     <span class='ocr_line' id='line_1_55' title="bbox 2006 2495 3592 2567; baseline -0.004 -12"><span class='ocrx_word' id='word_1_371' title='bbox 2006 2502 2361 2556; x_wconf 87' lang='lat' dir='ltr'><strong><em>annuntiasti.</em></strong></span> <span class='ocrx_word' id='word_1_372' title='bbox 2401 2499 2518 2554; x_wconf 84' lang='lat' dir='ltr'><strong><em>Nos</em></strong></span> <span class='ocrx_word' id='word_1_373' title='bbox 2561 2499 2866 2567; x_wconf 82' lang='lat' dir='ltr'><strong><em>aperuimus</em></strong></span> <span class='ocrx_word' id='word_1_374' title='bbox 2910 2507 3140 2566; x_wconf 89' lang='lat' dir='ltr'><strong><em>portam,</em></strong></span> <span class='ocrx_word' id='word_1_375' title='bbox 3175 2505 3286 2549; x_wconf 87' lang='lat' dir='ltr'><strong><em>tute</em></strong></span> <span class='ocrx_word' id='word_1_376' title='bbox 3326 2505 3380 2548; x_wconf 92' lang='lat' dir='ltr'><strong><em>ut</em></strong></span> <span class='ocrx_word' id='word_1_377' title='bbox 3436 2495 3592 2564; x_wconf 89' lang='lat' dir='ltr'><strong><em>fortis</em></strong></span> 
     </span>
    </p>
   </div>
   <div class='ocr_carea' id='block_1_56' title="bbox 2008 2585 3596 2662">
    <p class='ocr_par' dir='ltr' id='par_1_56' title="bbox 2008 2585 3596 2662">
     <span class='ocr_line' id='line_1_56' title="bbox 2008 2585 3596 2662; baseline -0.008 -14"><span class='ocrx_word' id='word_1_378' title='bbox 2008 2594 2318 2648; x_wconf 87' lang='lat' dir='ltr'><strong><em>clausurum</em></strong></span> <span class='ocrx_word' id='word_1_379' title='bbox 2342 2590 2657 2662; x_wconf 85' lang='lat' dir='ltr'><strong><em>promisisti.</em></strong></span> <span class='ocrx_word' id='word_1_380' title='bbox 2687 2592 2731 2643; x_wconf 81' lang='grc' dir='ltr'><em>Α</em></span> <span class='ocrx_word' id='word_1_381' title='bbox 2773 2597 2966 2642; x_wconf 89' lang='lat' dir='ltr'><strong><em>natura</em></strong></span> <span class='ocrx_word' id='word_1_382' title='bbox 3000 2588 3098 2657; x_wconf 91' lang='lat' dir='ltr'><strong><em>fuit</em></strong></span> <span class='ocrx_word' id='word_1_383' title='bbox 3125 2585 3464 2656; x_wconf 82' lang='lat' dir='ltr'><strong><em>negligentia,</em></strong></span> <span class='ocrx_word' id='word_1_384' title='bbox 3486 2603 3517 2638; x_wconf 86' lang='grc' dir='ltr'><strong><em>ιι</em></strong></span> <span class='ocrx_word' id='word_1_385' title='bbox 3545 2596 3596 2637; x_wconf 88' lang='lat' dir='ltr'><strong><em>te</em></strong></span> 
     </span>
    </p>
   </div>
   <div class='ocr_carea' id='block_1_57' title="bbox 2007 2676 3594 2749">
    <p class='ocr_par' dir='ltr' id='par_1_57' title="bbox 2007 2676 3594 2749">
     <span class='ocr_line' id='line_1_57' title="bbox 2007 2676 3594 2749; baseline -0.008 -8"><span class='ocrx_word' id='word_1_386' title='bbox 2007 2702 2126 2741; x_wconf 87' lang='lat' dir='ltr'><strong><em>vero</em></strong></span> <span class='ocrx_word' id='word_1_387' title='bbox 2157 2686 2454 2740; x_wconf 81' lang='lat' dir='ltr'><strong><em>clementia.</em></strong></span> <span class='ocrx_word' id='word_1_388' title='bbox 2484 2682 2583 2748; x_wconf 87' lang='lat' dir='ltr'><strong><em>Tu,</em></strong></span> <span class='ocrx_word' id='word_1_389' title='bbox 2628 2681 2873 2746; x_wconf 88' lang='lat' dir='ltr'><strong><em>Domine,</em></strong></span> <span class='ocrx_word' id='word_1_390' title='bbox 2904 2678 3225 2749; x_wconf 74' lang='lat' dir='ltr'><strong><em>ine/fabilem</em></strong></span> <span class='ocrx_word' id='word_1_391' title='bbox 3268 2687 3415 2732; x_wconf 89' lang='lat' dir='ltr'><strong><em>tuam</em></strong></span> <span class='ocrx_word' id='word_1_392' title='bbox 3441 2676 3594 2730; x_wconf 87' lang='lat' dir='ltr'><strong><em>illam</em></strong></span> 
     </span>
    </p>
   </div>
   <div class='ocr_carea' id='block_1_58' title="bbox 2004 2769 3596 2835">
    <p class='ocr_par' dir='ltr' id='par_1_58' title="bbox 2004 2769 3596 2835">
     <span class='ocr_line' id='line_1_58' title="bbox 2004 2769 3596 2835; baseline -0.008 0"><span class='ocrx_word' id='word_1_393' title='bbox 2004 2781 2062 2835; x_wconf 92' lang='lat' dir='ltr'><strong><em>in</em></strong></span> <span class='ocrx_word' id='word_1_394' title='bbox 2089 2794 2242 2833; x_wconf 89' lang='lat' dir='ltr'><strong><em>usum</em></strong></span> <span class='ocrx_word' id='word_1_395' title='bbox 2265 2786 2504 2833; x_wconf 86' lang='lat' dir='ltr'><strong><em>nostrum</em></strong></span> <span class='ocrx_word' id='word_1_396' title='bbox 2536 2775 2933 2829; x_wconf 87' lang='lat' dir='ltr'><strong><em>inclinationem</em></strong></span> <span class='ocrx_word' id='word_1_397' title='bbox 2964 2789 3058 2827; x_wconf 90' lang='lat' dir='ltr'><strong><em>nos</em></strong></span> <span class='ocrx_word' id='word_1_398' title='bbox 3093 2772 3340 2829; x_wconf 87' lang='lat' dir='ltr'><strong><em>docuisti.</em></strong></span> <span class='ocrx_word' id='word_1_399' title='bbox 3376 2769 3456 2824; x_wconf 84' lang='lat' dir='ltr'><strong><em>Tu</em></strong></span> <span class='ocrx_word' id='word_1_400' title='bbox 3486 2770 3596 2823; x_wconf 86' lang='lat' dir='ltr'><strong><em>tuis</em></strong></span> 
     </span>
    </p>
   </div>
   <div class='ocr_carea' id='block_1_59' title="bbox 2008 2865 3597 2942">
    <p class='ocr_par' dir='ltr' id='par_1_59' title="bbox 2008 2865 3597 2942">
     <span class='ocr_line' id='line_1_59' title="bbox 2008 2865 3597 2942; baseline -0.007 -15"><span class='ocrx_word' id='word_1_401' title='bbox 2008 2872 2228 2942; x_wconf 89' lang='lat' dir='ltr'><strong><em>famulis</em></strong></span> <span class='ocrx_word' id='word_1_402' title='bbox 2255 2886 2372 2925; x_wconf 91' lang='lat' dir='ltr'><strong><em>eam</em></strong></span> <span class='ocrx_word' id='word_1_403' title='bbox 2398 2870 2693 2938; x_wconf 87' lang='lat' dir='ltr'><strong><em>inspirasti,</em></strong></span> <span class='ocrx_word' id='word_1_404' title='bbox 2715 2882 2936 2935; x_wconf 86' lang='lat' dir='ltr'><strong><em>eamque</em></strong></span> <span class='ocrx_word' id='word_1_405' title='bbox 2965 2883 3059 2921; x_wconf 89' lang='lat' dir='ltr'><strong><em>nos</em></strong></span> <span class='ocrx_word' id='word_1_406' title='bbox 3083 2865 3287 2935; x_wconf 88' lang='lat' dir='ltr'><strong><em>pridem</em></strong></span> <span class='ocrx_word' id='word_1_407' title='bbox 3309 2865 3367 2918; x_wconf 89' lang='lat' dir='ltr'><strong><em>in</em></strong></span> <span class='ocrx_word' id='word_1_408' title='bbox 3402 2865 3597 2917; x_wconf 86' lang='lat' dir='ltr'><strong><em>mundo</em></strong></span> 
     </span>
    </p>
   </div>
   <div class='ocr_carea' id='block_1_60' title="bbox 2006 2957 3598 3032">
    <p class='ocr_par' dir='ltr' id='par_1_60' title="bbox 2006 2957 3598 3032">
     <span class='ocr_line' id='line_1_60' title="bbox 2006 2957 3598 3032; baseline -0.007 -15"><span class='ocrx_word' id='word_1_409' title='bbox 2006 2965 2433 3032; x_wconf 82' lang='lat' dir='ltr'><strong><em>prwdicavimus.</em></strong></span> <span class='ocrx_word' id='word_1_410' title='bbox 2469 2960 2635 3030; x_wconf 84' lang='lat' dir='ltr'><strong><em>Cujus</em></strong></span> <span class='ocrx_word' id='word_1_411' title='bbox 2667 2958 2992 3014; x_wconf 86' lang='lat' dir='ltr'><strong><em>ostendimus</em></strong></span> <span class='ocrx_word' id='word_1_412' title='bbox 3034 2957 3295 3029; x_wconf 82' lang='lat' dir='ltr'><strong><em>symbolo,</em></strong></span> <span class='ocrx_word' id='word_1_413' title='bbox 3326 2972 3443 3011; x_wconf 87' lang='lat' dir='ltr'><strong><em>eam</em></strong></span> <span class='ocrx_word' id='word_1_414' title='bbox 3481 2972 3513 3007; x_wconf 95' lang='lat' dir='ltr'><strong><em>a</em></strong></span> <span class='ocrx_word' id='word_1_415' title='bbox 3546 2964 3598 3007; x_wconf 90' lang='lat' dir='ltr'><strong><em>te</em></strong></span> 
     </span>
    </p>
   </div>
   <div class='ocr_carea' id='block_1_61' title="bbox 320 3046 1905 3148">
    <p class='ocr_par' dir='ltr' id='par_1_61' title="bbox 320 3048 1905 3122">
     <span class='ocr_line' id='line_1_61' title="bbox 320 3048 1905 3122; baseline -0.004 -16"><span class='ocrx_word' id='word_1_416' title='bbox 320 3050 647 3122; x_wconf 77' lang='grc' dir='ltr'><em>ξαμενοσὺ</em></span> <span class='ocrx_word' id='word_1_417' title='bbox 687 3051 923 3117; x_wconf 89' lang='grc' dir='ltr'><em>ταύτην</em></span> <span class='ocrx_word' id='word_1_418' title='bbox 953 3048 1034 3113; x_wconf 84' lang='grc' dir='ltr'><em>ὡς</em></span> <span class='ocrx_word' id='word_1_419' title='bbox 1089 3052 1369 3118; x_wconf 77' lang='grc' dir='ltr'><em>κραταιὸς</em></span> <span class='ocrx_word' id='word_1_420' title='bbox 1412 3053 1711 3122; x_wconf 80' lang='grc' dir='ltr'><em>ἐμφράξαι</em></span> <span class='ocrx_word' id='word_1_421' title='bbox 1763 3064 1905 3114; x_wconf 85' lang='grc' dir='ltr'><em>καθ.</em></span> 
     </span>
    </p>
   </div>
   <div class='ocr_carea' id='block_1_62' title="bbox 2006 3046 3598 3148">
    <p class='ocr_par' dir='ltr' id='par_1_62' title="bbox 2019 3046 3598 3126">
     <span class='ocr_line' id='line_1_62' title="bbox 2019 3046 3598 3126; baseline -0.007 -18"><span class='ocrx_word' id='word_1_422' title='bbox 2019 3057 2339 3126; x_wconf 84' lang='lat' dir='ltr'><strong><em>benignitate</em></strong></span> <span class='ocrx_word' id='word_1_423' title='bbox 2389 3052 2751 3124; x_wconf 66' lang='lat' dir='ltr'><strong><em>praestandam</em></strong></span> <span class='ocrx_word' id='word_1_424' title='bbox 2779 3050 3107 3121; x_wconf 78' lang='lat' dir='ltr'><strong><em>flagitamus.</em></strong></span> <span class='ocrx_word' id='word_1_425' title='bbox 3140 3047 3380 3117; x_wconf 76' lang='lat' dir='ltr'><strong><em>Exsurge</em></strong></span> <span class='ocrx_word' id='word_1_426' title='bbox 3422 3046 3598 3110; x_wconf 88' lang='lat' dir='ltr'><strong><em>itaque</em></strong></span> 
     </span>
    </p>
   </div>
   <div class='ocr_carea' id='block_1_63' title="bbox 320 3139 1916 3225">
    <p class='ocr_par' dir='ltr' id='par_1_63' title="bbox 320 3139 1916 3225">
     <span class='ocr_line' id='line_1_63' title="bbox 320 3139 1916 3225; baseline 0.006 -28"><span class='ocrx_word' id='word_1_427' title='bbox 320 3143 682 3212; x_wconf 86' lang='grc' dir='ltr'><em>υπεσχέθης.</em></span> <span class='ocrx_word' id='word_1_428' title='bbox 709 3141 876 3210; x_wconf 87' lang='grc' dir='ltr'><em>Παρὰ</em></span> <span class='ocrx_word' id='word_1_429' title='bbox 905 3139 1012 3209; x_wconf 82' lang='grc' dir='ltr'><em>τῆς</em></span> <span class='ocrx_word' id='word_1_430' title='bbox 1029 3141 1272 3210; x_wconf 86' lang='grc' dir='ltr'><em>φύσεως</em></span> <span class='ocrx_word' id='word_1_431' title='bbox 1300 3145 1338 3213; x_wconf 79' lang='grc' dir='ltr'><strong><em>ὴ</em></strong></span> <span class='ocrx_word' id='word_1_432' title='bbox 1360 3144 1724 3216; x_wconf 80' lang='grc' dir='ltr'><em>ἀπροσεξία,</em></span> <span class='ocrx_word' id='word_1_433' title='bbox 1753 3159 1916 3225; x_wconf 76' lang='grc' dir='ltr'><em>παρὰ</em></span> 
     </span>
    </p>
   </div>
   <div class='ocr_carea' id='block_1_64' title="bbox 320 3233 1913 3315">
    <p class='ocr_par' dir='ltr' id='par_1_64' title="bbox 320 3233 1913 3315">
     <span class='ocr_line' id='line_1_64' title="bbox 320 3233 1913 3315; baseline 0.01 -28"><span class='ocrx_word' id='word_1_434' title='bbox 320 3236 392 3288; x_wconf 82' lang='grc' dir='ltr'><em>δὲ</em></span> <span class='ocrx_word' id='word_1_435' title='bbox 415 3233 589 3302; x_wconf 79' lang='grc' dir='ltr'><em>σοῦή</em></span> <span class='ocrx_word' id='word_1_436' title='bbox 611 3235 1044 3303; x_wconf 86' lang='grc' dir='ltr'><em>φιλανθρωπία.</em></span> <span class='ocrx_word' id='word_1_437' title='bbox 1085 3236 1193 3300; x_wconf 90' lang='grc' dir='ltr'><strong><em>Σὺ,</em></strong></span> <span class='ocrx_word' id='word_1_438' title='bbox 1234 3236 1436 3304; x_wconf 81' lang='grc' dir='ltr'><em>Κύριε,</em></span> <span class='ocrx_word' id='word_1_439' title='bbox 1496 3239 1613 3308; x_wconf 83' lang='grc' dir='ltr'><em>τὴν</em></span> <span class='ocrx_word' id='word_1_440' title='bbox 1651 3243 1913 3315; x_wconf 78' lang='grc' dir='ltr'><em>ἇρῤητόν</em></span> 
     </span>
    </p>
   </div>
   <div class='ocr_carea' id='block_1_65' title="bbox 319 3317 1913 3401">
    <p class='ocr_par' dir='ltr' id='par_1_65' title="bbox 319 3317 1913 3401">
     <span class='ocr_line' id='line_1_65' title="bbox 319 3317 1913 3401; baseline 0.001 -19"><span class='ocrx_word' id='word_1_441' title='bbox 319 3317 442 3382; x_wconf 70' lang='grc' dir='ltr'><em>ἷγου</em></span> <span class='ocrx_word' id='word_1_442' title='bbox 493 3327 950 3396; x_wconf 79' lang='grc' dir='ltr'><em>συγκαταϐασιν</em></span> <span class='ocrx_word' id='word_1_443' title='bbox 1000 3325 1161 3395; x_wconf 74' lang='grc' dir='ltr'><em>ἡμᾶς</em></span> <span class='ocrx_word' id='word_1_444' title='bbox 1225 3327 1767 3401; x_wconf 71' lang='grc' dir='ltr'><em>έμυσταγώγησας.</em></span> <span class='ocrx_word' id='word_1_445' title='bbox 1825 3337 1913 3391; x_wconf 85' lang='grc' dir='ltr'><strong><em>Σὺ</em></strong></span> 
     </span>
    </p>
   </div>
   <div class='ocr_carea' id='block_1_66' title="bbox 321 3414 1914 3487">
    <p class='ocr_par' dir='ltr' id='par_1_66' title="bbox 321 3414 1914 3487">
     <span class='ocr_line' id='line_1_66' title="bbox 321 3414 1914 3487; baseline 0.006 -19"><span class='ocrx_word' id='word_1_446' title='bbox 321 3414 448 3481; x_wconf 85' lang='grc' dir='ltr'><em>τοῖς</em></span> <span class='ocrx_word' id='word_1_447' title='bbox 479 3414 733 3480; x_wconf 70' lang='grc' dir='ltr'><em>οίλιέταις</em></span> <span class='ocrx_word' id='word_1_448' title='bbox 757 3430 874 3468; x_wconf 85' lang='grc' dir='ltr'><strong><em>σου</em></strong></span> <span class='ocrx_word' id='word_1_449' title='bbox 900 3415 1128 3480; x_wconf 85' lang='grc' dir='ltr'><em>ταύτην</em></span> <span class='ocrx_word' id='word_1_450' title='bbox 1159 3415 1560 3483; x_wconf 76' lang='grc' dir='ltr'><em>ἐνέπνευσας,</em></span> <span class='ocrx_word' id='word_1_451' title='bbox 1592 3418 1674 3485; x_wconf 78' lang='grc' dir='ltr'><em>ἢν</em></span> <span class='ocrx_word' id='word_1_452' title='bbox 1729 3424 1800 3476; x_wconf 82' lang='grc' dir='ltr'><em>ἐν</em></span> <span class='ocrx_word' id='word_1_453' title='bbox 1831 3423 1914 3487; x_wconf 83' lang='grc' dir='ltr'><em>τῷ</em></span> 
     </span>
    </p>
   </div>
   <div class='ocr_carea' id='block_1_67' title="bbox 322 3504 1914 3576">
    <p class='ocr_par' dir='ltr' id='par_1_67' title="bbox 322 3504 1914 3576">
     <span class='ocr_line' id='line_1_67' title="bbox 322 3504 1914 3576; baseline -0.003 -16"><span class='ocrx_word' id='word_1_454' title='bbox 322 3507 530 3575; x_wconf 88' lang='grc' dir='ltr'><em>κόσμῳ</em></span> <span class='ocrx_word' id='word_1_455' title='bbox 557 3507 1069 3576; x_wconf 77' lang='grc' dir='ltr'><em>προεκηρύξαμεν·</em></span> <span class='ocrx_word' id='word_1_456' title='bbox 1085 3504 1160 3576; x_wconf 82' lang='grc' dir='ltr'><em>ἧς</em></span> <span class='ocrx_word' id='word_1_457' title='bbox 1205 3506 1279 3559; x_wconf 86' lang='grc' dir='ltr'><em>τὰ</em></span> <span class='ocrx_word' id='word_1_458' title='bbox 1323 3508 1599 3575; x_wconf 81' lang='grc' dir='ltr'><em>σύμϐολα</em></span> <span class='ocrx_word' id='word_1_459' title='bbox 1640 3518 1914 3568; x_wconf 82' lang='grc' dir='ltr'><em>καθυπε-</em></span> 
     </span>
    </p>
   </div>
   <div class='ocr_carea' id='block_1_68' title="bbox 320 3596 1912 3671">
    <p class='ocr_par' dir='ltr' id='par_1_68' title="bbox 320 3596 1912 3671">
     <span class='ocr_line' id='line_1_68' title="bbox 320 3596 1912 3671; baseline 0.006 -20"><span class='ocrx_word' id='word_1_460' title='bbox 320 3599 631 3668; x_wconf 79' lang='grc' dir='ltr'><em>δείξαμεν,</em></span> <span class='ocrx_word' id='word_1_461' title='bbox 662 3600 891 3665; x_wconf 83' lang='grc' dir='ltr'><em>ταύτην</em></span> <span class='ocrx_word' id='word_1_462' title='bbox 922 3597 998 3663; x_wconf 68' lang='grc' dir='ltr'><em>δή</em></span> <span class='ocrx_word' id='word_1_463' title='bbox 1031 3614 1105 3651; x_wconf 94' lang='grc' dir='ltr'><strong><em>σε</em></strong></span> <span class='ocrx_word' id='word_1_464' title='bbox 1135 3596 1246 3651; x_wconf 87' lang='grc' dir='ltr'><em>τὸν</em></span> <span class='ocrx_word' id='word_1_465' title='bbox 1284 3597 1710 3669; x_wconf 82' lang='grc' dir='ltr'><em>φιλάνθρωπον</em></span> <span class='ocrx_word' id='word_1_466' title='bbox 1749 3605 1912 3671; x_wconf 81' lang='grc' dir='ltr'><em>ἐξαι-</em></span> 
     </span>
    </p>
   </div>
   <div class='ocr_carea' id='block_1_69' title="bbox 320 3679 1953 3768">
    <p class='ocr_par' dir='ltr' id='par_1_69' title="bbox 320 3679 1953 3768">
     <span class='ocr_line' id='line_1_69' title="bbox 320 3679 1953 3768; baseline 0.006 -25"><span class='ocrx_word' id='word_1_467' title='bbox 320 3693 605 3759; x_wconf 86' lang='grc' dir='ltr'><em>τούμεθα.</em></span> <span class='ocrx_word' id='word_1_468' title='bbox 673 3687 1001 3756; x_wconf 79' lang='grc' dir='ltr'><em>Ἀνάστηθι</em></span> <span class='ocrx_word' id='word_1_469' title='bbox 1075 3690 1287 3744; x_wconf 82' lang='grc' dir='ltr'><em>τοίνυν</em></span> <span class='ocrx_word' id='word_1_470' title='bbox 1350 3690 1461 3761; x_wconf 88' lang='grc' dir='ltr'><em>τῆς</em></span> <span class='ocrx_word' id='word_1_471' title='bbox 1510 3698 1912 3768; x_wconf 82' lang='grc' dir='ltr'><em>ταλαιπωρίας</em></span> <span class='ocrx_word' id='word_1_472' title='bbox 1940 3679 1953 3689; x_wconf 54' lang='grc'><strong>’</strong></span> 
     </span>
    </p>
   </div>
   <div class='ocr_carea' id='block_1_70' title="bbox 317 3776 1912 3858">
    <p class='ocr_par' dir='ltr' id='par_1_70' title="bbox 317 3776 1912 3858">
     <span class='ocr_line' id='line_1_70' title="bbox 317 3776 1912 3858; baseline 0.006 -23"><span class='ocrx_word' id='word_1_473' title='bbox 317 3780 539 3835; x_wconf 71' lang='grc' dir='ltr'><em>ἕνεκεν</em></span> <span class='ocrx_word' id='word_1_474' title='bbox 573 3776 695 3832; x_wconf 86' lang='grc' dir='ltr'><em>τῶν</em></span> <span class='ocrx_word' id='word_1_475' title='bbox 736 3777 1013 3846; x_wconf 77' lang='grc' dir='ltr'><em>πενήτων</em></span> <span class='ocrx_word' id='word_1_476' title='bbox 1051 3796 1190 3834; x_wconf 91' lang='grc' dir='ltr'><em>σου.</em></span> <span class='ocrx_word' id='word_1_477' title='bbox 1216 3782 1745 3855; x_wconf 75' lang='grc' dir='ltr'><em>Παρρουσιάσθητι</em></span> <span class='ocrx_word' id='word_1_478' title='bbox 1759 3791 1912 3858; x_wconf 84' lang='grc' dir='ltr'><em>μετὰ</em></span> 
     </span>
    </p>
   </div>
   <div class='ocr_carea' id='block_1_71' title="bbox 321 3869 1910 3951">
    <p class='ocr_par' dir='ltr' id='par_1_71' title="bbox 321 3869 1910 3951">
     <span class='ocr_line' id='line_1_71' title="bbox 321 3869 1910 3951; baseline 0.006 -24"><span class='ocrx_word' id='word_1_479' title='bbox 321 3871 577 3942; x_wconf 86' lang='grc' dir='ltr'><em>σαρκὸς,</em></span> <span class='ocrx_word' id='word_1_480' title='bbox 605 3872 1107 3942; x_wconf 76' lang='grc' dir='ltr'><em>όάπερίγραπτος</em></span> <span class='ocrx_word' id='word_1_481' title='bbox 1159 3869 1235 3940; x_wconf 74' lang='grc' dir='ltr'><em>τῇ</em></span> <span class='ocrx_word' id='word_1_482' title='bbox 1291 3875 1544 3943; x_wconf 87' lang='grc' dir='ltr'><em>θεότητι.</em></span> <span class='ocrx_word' id='word_1_483' title='bbox 1593 3878 1910 3951; x_wconf 78' lang='grc' dir='ltr'><em>Περίζωσαι</em></span> 
     </span>
    </p>
   </div>
   <div class='ocr_carea' id='block_1_72' title="bbox 324 3964 1910 4043">
    <p class='ocr_par' dir='ltr' id='par_1_72' title="bbox 324 3964 1910 4043">
     <span class='ocr_line' id='line_1_72' title="bbox 324 3964 1910 4043; baseline 0.008 -27"><span class='ocrx_word' id='word_1_484' title='bbox 324 3964 427 4028; x_wconf 81' lang='grc' dir='ltr'><em>τὴν</em></span> <span class='ocrx_word' id='word_1_485' title='bbox 461 3964 739 4035; x_wconf 75' lang='grc' dir='ltr'><em>ῥομφαίαν</em></span> <span class='ocrx_word' id='word_1_486' title='bbox 773 3980 866 4015; x_wconf 88' lang='grc' dir='ltr'><strong><em>σου</em></strong></span> <span class='ocrx_word' id='word_1_487' title='bbox 898 3965 993 4017; x_wconf 69' lang='grc' dir='ltr'><strong><em>ἐπὶ</em></strong></span> <span class='ocrx_word' id='word_1_488' title='bbox 1018 3965 1111 4018; x_wconf 76' lang='grc' dir='ltr'><em>τὸν</em></span> <span class='ocrx_word' id='word_1_489' title='bbox 1145 3965 1320 4038; x_wconf 80' lang='grc' dir='ltr'><em>μηρόν</em></span> <span class='ocrx_word' id='word_1_490' title='bbox 1352 3983 1470 4033; x_wconf 85' lang='grc' dir='ltr'><em>σου,</em></span> <span class='ocrx_word' id='word_1_491' title='bbox 1495 3969 1713 4026; x_wconf 83' lang='grc' dir='ltr'><em>δυνατέ.</em></span> <span class='ocrx_word' id='word_1_492' title='bbox 1741 3976 1910 4043; x_wconf 86' lang='grc' dir='ltr'><em>Περι-</em></span> 
     </span>
    </p>
   </div>
   <div class='ocr_carea' id='block_1_73' title="bbox 336 4055 1906 4129">
    <p class='ocr_par' dir='ltr' id='par_1_73' title="bbox 336 4055 1906 4129">
     <span class='ocr_line' id='line_1_73' title="bbox 336 4055 1906 4129; baseline 0.006 -20"><span class='ocrx_word' id='word_1_493' title='bbox 336 4056 525 4111; x_wconf 73' lang='grc' dir='ltr'><em>ϐαλοῦ</em></span> <span class='ocrx_word' id='word_1_494' title='bbox 550 4057 617 4110; x_wconf 91' lang='grc' dir='ltr'><em>τὸ</em></span> <span class='ocrx_word' id='word_1_495' title='bbox 648 4055 942 4125; x_wconf 74' lang='grc' dir='ltr'><em>ἡμέτερον</em></span> <span class='ocrx_word' id='word_1_496' title='bbox 967 4057 1211 4127; x_wconf 86' lang='grc' dir='ltr'><em>φύραμα</em></span> <span class='ocrx_word' id='word_1_497' title='bbox 1238 4060 1266 4111; x_wconf 84' lang='grc' dir='ltr'><em>ὁ</em></span> <span class='ocrx_word' id='word_1_498' title='bbox 1292 4059 1635 4129; x_wconf 74' lang='grc' dir='ltr'><em>περιϐάλλων</em></span> <span class='ocrx_word' id='word_1_499' title='bbox 1672 4063 1764 4117; x_wconf 81' lang='grc' dir='ltr'><em>τὸν</em></span> <span class='ocrx_word' id='word_1_500' title='bbox 1811 4064 1906 4118; x_wconf 82' lang='grc' dir='ltr'><strong><em>οὐ·</em></strong></span> 
     </span>
    </p>
   </div>
   <div class='ocr_carea' id='block_1_74' title="bbox 329 4143 1908 4220">
    <p class='ocr_par' dir='ltr' id='par_1_74' title="bbox 329 4143 1908 4220">
     <span class='ocr_line' id='line_1_74' title="bbox 329 4143 1908 4220; baseline 0.006 -19"><span class='ocrx_word' id='word_1_501' title='bbox 329 4147 496 4217; x_wconf 74' lang='lat' dir='ltr'><strong><em>pava</em></strong></span> <span class='ocrx_word' id='word_1_502' title='bbox 532 4149 589 4202; x_wconf 84' lang='grc' dir='ltr'><em>ὲν</em></span> <span class='ocrx_word' id='word_1_503' title='bbox 611 4148 864 4217; x_wconf 75' lang='grc' dir='ltr'><em>νεφέλαις</em></span> <span class='ocrx_word' id='word_1_504' title='bbox 903 4166 917 4180; x_wconf 79' lang='grc' dir='ltr'><strong><em>ο</em></strong></span> <span class='ocrx_word' id='word_1_505' title='bbox 954 4148 1027 4203; x_wconf 82' lang='grc' dir='ltr'><em>δι’</em></span> <span class='ocrx_word' id='word_1_506' title='bbox 1067 4143 1138 4204; x_wconf 84' lang='grc' dir='ltr'><em>οὗ</em></span> <span class='ocrx_word' id='word_1_507' title='bbox 1168 4149 1285 4218; x_wconf 80' lang='grc' dir='ltr'><em>τὴν</em></span> <span class='ocrx_word' id='word_1_508' title='bbox 1329 4151 1626 4220; x_wconf 76' lang='grc' dir='ltr'><em>ἡμετέραν</em></span> <span class='ocrx_word' id='word_1_509' title='bbox 1670 4154 1908 4211; x_wconf 84' lang='grc' dir='ltr'><em>ἐλευθε-</em></span> 
     </span>
    </p>
   </div>
   <div class='ocr_carea' id='block_1_75' title="bbox 319 4236 1910 4317">
    <p class='ocr_par' dir='ltr' id='par_1_75' title="bbox 319 4236 1910 4317">
     <span class='ocr_line' id='line_1_75' title="bbox 319 4236 1910 4317; baseline 0.009 -26"><span class='ocrx_word' id='word_1_510' title='bbox 319 4239 467 4307; x_wconf 86' lang='grc' dir='ltr'><em>ρίαν</em></span> <span class='ocrx_word' id='word_1_511' title='bbox 494 4240 809 4309; x_wconf 75' lang='grc' dir='ltr'><em>ἀπεργάσῃ</em></span> <span class='ocrx_word' id='word_1_512' title='bbox 843 4257 857 4268; x_wconf 91' lang='grc'><strong>·</strong></span> <span class='ocrx_word' id='word_1_513' title='bbox 889 4239 963 4292; x_wconf 81' lang='grc' dir='ltr'><em>δι’</em></span> <span class='ocrx_word' id='word_1_514' title='bbox 996 4236 1068 4296; x_wconf 89' lang='grc' dir='ltr'><em>οὗ</em></span> <span class='ocrx_word' id='word_1_515' title='bbox 1110 4241 1217 4295; x_wconf 84' lang='grc' dir='ltr'><em>τὸν</em></span> <span class='ocrx_word' id='word_1_516' title='bbox 1246 4242 1585 4299; x_wconf 86' lang='grc' dir='ltr'><em>ἀντίπαλον</em></span> <span class='ocrx_word' id='word_1_517' title='bbox 1631 4249 1910 4317; x_wconf 80' lang='grc' dir='ltr'><em>παραδει-</em></span> 
     </span>
    </p>
   </div>
   <div class='ocr_carea' id='block_1_76' title="bbox 328 4328 1909 4410">
    <p class='ocr_par' dir='ltr' id='par_1_76' title="bbox 328 4328 1909 4410">
     <span class='ocr_line' id='line_1_76' title="bbox 328 4328 1909 4410; baseline 0.009 -27"><span class='ocrx_word' id='word_1_518' title='bbox 328 4332 662 4400; x_wconf 77' lang='grc' dir='ltr'><em>γματίσεις.</em></span> <span class='ocrx_word' id='word_1_519' title='bbox 719 4328 959 4398; x_wconf 81' lang='grc' dir='ltr'><em>Στῆσον</em></span> <span class='ocrx_word' id='word_1_520' title='bbox 1009 4331 1081 4385; x_wconf 84' lang='grc' dir='ltr'><em>τὰ</em></span> <span class='ocrx_word' id='word_1_521' title='bbox 1136 4330 1257 4386; x_wconf 83' lang='grc' dir='ltr'><strong><em>τῶν</em></strong></span> <span class='ocrx_word' id='word_1_522' title='bbox 1308 4337 1739 4404; x_wconf 72' lang='grc' dir='ltr'><em>προρρήσεωνο</em></span> <span class='ocrx_word' id='word_1_523' title='bbox 1801 4342 1909 4410; x_wconf 85' lang='grc' dir='ltr'><em>δὸς</em></span> 
     </span>
    </p>
   </div>
   <div class='ocr_carea' id='block_1_77' title="bbox 2014 3136 3601 3218">
    <p class='ocr_par' dir='ltr' id='par_1_77' title="bbox 2014 3136 3601 3218">
     <span class='ocr_line' id='line_1_77' title="bbox 2014 3136 3601 3218; baseline -0.007 -18"><span class='ocrx_word' id='word_1_524' title='bbox 2014 3158 2227 3218; x_wconf 88' lang='lat' dir='ltr'><strong><em>propter</em></strong></span> <span class='ocrx_word' id='word_1_525' title='bbox 2275 3146 2544 3200; x_wconf 89' lang='lat' dir='ltr'><strong><em>miseriam</em></strong></span> <span class='ocrx_word' id='word_1_526' title='bbox 2588 3152 2800 3197; x_wconf 87' lang='lat' dir='ltr'><strong><em>tuorum</em></strong></span> <span class='ocrx_word' id='word_1_527' title='bbox 2839 3156 3132 3212; x_wconf 82' lang='lat' dir='ltr'><strong><em>pauperum</em></strong></span> <span class='ocrx_word' id='word_1_528' title='bbox 3173 3140 3239 3194; x_wconf 84' lang='lat'><strong><em>“.</em></strong></span> <span class='ocrx_word' id='word_1_529' title='bbox 3284 3136 3472 3191; x_wconf 84' lang='lat' dir='ltr'><strong><em>Libere</em></strong></span> <span class='ocrx_word' id='word_1_530' title='bbox 3504 3151 3601 3206; x_wconf 86' lang='lat' dir='ltr'><strong><em>age</em></strong></span> 
     </span>
    </p>
   </div>
   <div class='ocr_carea' id='block_1_78' title="bbox 2015 3231 3593 3307">
    <p class='ocr_par' dir='ltr' id='par_1_78' title="bbox 2015 3231 3593 3307">
     <span class='ocr_line' id='line_1_78' title="bbox 2015 3231 3593 3307; baseline -0.008 -12"><span class='ocrx_word' id='word_1_531' title='bbox 2015 3257 2135 3296; x_wconf 89' lang='lat' dir='ltr'><strong><em>cum</em></strong></span> <span class='ocrx_word' id='word_1_532' title='bbox 2175 3255 2334 3294; x_wconf 89' lang='lat' dir='ltr'><strong><em>carne</em></strong></span> <span class='ocrx_word' id='word_1_533' title='bbox 2361 3240 2426 3304; x_wconf 78' lang='lat'><strong><em>&quot;,</em></strong></span> <span class='ocrx_word' id='word_1_534' title='bbox 2455 3238 2546 3307; x_wconf 90' lang='lat' dir='ltr'><strong><em>qui</em></strong></span> <span class='ocrx_word' id='word_1_535' title='bbox 2591 3236 3083 3300; x_wconf 80' lang='lat' dir='ltr'><strong><em>incircumscriptus</em></strong></span> <span class='ocrx_word' id='word_1_536' title='bbox 3116 3232 3330 3286; x_wconf 78' lang='lat' dir='ltr'><strong><em>exsistis</em></strong></span> <span class='ocrx_word' id='word_1_537' title='bbox 3379 3231 3593 3283; x_wconf 84' lang='lat' dir='ltr'><strong><em>deitate.</em></strong></span> 
     </span>
    </p>
   </div>
   <div class='ocr_carea' id='block_1_79' title="bbox 2014 3320 3597 3399">
    <p class='ocr_par' dir='ltr' id='par_1_79' title="bbox 2014 3320 3597 3399">
     <span class='ocr_line' id='line_1_79' title="bbox 2014 3320 3597 3399; baseline -0.006 -16"><span class='ocrx_word' id='word_1_538' title='bbox 2014 3331 2314 3399; x_wconf 75' lang='lat' dir='ltr'><strong><em>Accingere</em></strong></span> <span class='ocrx_word' id='word_1_539' title='bbox 2360 3330 2540 3397; x_wconf 79' lang='lat' dir='ltr'><strong><em>gladio</em></strong></span> <span class='ocrx_word' id='word_1_540' title='bbox 2570 3336 2665 3381; x_wconf 91' lang='lat' dir='ltr'><strong><em>tuo</em></strong></span> <span class='ocrx_word' id='word_1_541' title='bbox 2693 3341 2860 3396; x_wconf 85' lang='lat' dir='ltr'><strong><em>super</em></strong></span> <span class='ocrx_word' id='word_1_542' title='bbox 2898 3325 3081 3380; x_wconf 85' lang='lat' dir='ltr'><strong><em>femur</em></strong></span> <span class='ocrx_word' id='word_1_543' title='bbox 3112 3333 3294 3387; x_wconf 88' lang='lat' dir='ltr'><strong><em>tuum,</em></strong></span> <span class='ocrx_word' id='word_1_544' title='bbox 3329 3320 3597 3391; x_wconf 81' lang='lat' dir='ltr'><strong><em>potentis-</em></strong></span> 
     </span>
    </p>
   </div>
   <div class='ocr_carea' id='block_1_80' title="bbox 2016 3412 3597 3483">
    <p class='ocr_par' dir='ltr' id='par_1_80' title="bbox 2016 3412 3597 3483">
     <span class='ocr_line' id='line_1_80' title="bbox 2016 3412 3597 3483; baseline -0.007 -7"><span class='ocrx_word' id='word_1_545' title='bbox 2016 3422 2154 3476; x_wconf 82' lang='lat' dir='ltr'><strong><em>sime</em></strong></span> <span class='ocrx_word' id='word_1_546' title='bbox 2186 3420 2254 3473; x_wconf 80' lang='lat'><strong><em>“.</em></strong></span> <span class='ocrx_word' id='word_1_547' title='bbox 2288 3418 2520 3472; x_wconf 81' lang='lat' dir='ltr'><strong><em>Induere</em></strong></span> <span class='ocrx_word' id='word_1_548' title='bbox 2558 3428 2798 3471; x_wconf 88' lang='lat' dir='ltr'><strong><em>nostram</em></strong></span> <span class='ocrx_word' id='word_1_549' title='bbox 2834 3431 3087 3478; x_wconf 80' lang='lat' dir='ltr'><strong><em>mussant,</em></strong></span> <span class='ocrx_word' id='word_1_550' title='bbox 3123 3414 3216 3483; x_wconf 88' lang='lat' dir='ltr'><strong><em>qui</em></strong></span> <span class='ocrx_word' id='word_1_551' title='bbox 3258 3412 3443 3481; x_wconf 89' lang='lat' dir='ltr'><strong><em>operis</em></strong></span> <span class='ocrx_word' id='word_1_552' title='bbox 3482 3426 3597 3466; x_wconf 74' lang='lat' dir='ltr'><strong><em>cm-</em></strong></span> 
     </span>
    </p>
   </div>
   <div class='ocr_carea' id='block_1_81' title="bbox 2016 3507 3601 3581">
    <p class='ocr_par' dir='ltr' id='par_1_81' title="bbox 2016 3507 3601 3581">
     <span class='ocr_line' id='line_1_81' title="bbox 2016 3507 3601 3581; baseline -0.005 -15"><span class='ocrx_word' id='word_1_553' title='bbox 2016 3513 2128 3567; x_wconf 87' lang='lat' dir='ltr'><strong><em>lum</em></strong></span> <span class='ocrx_word' id='word_1_554' title='bbox 2155 3511 2480 3578; x_wconf 77' lang='lat' dir='ltr'><strong><em>nubibus”,</em></strong></span> <span class='ocrx_word' id='word_1_555' title='bbox 2508 3526 2600 3580; x_wconf 90' lang='lat' dir='ltr'><strong><em>per</em></strong></span> <span class='ocrx_word' id='word_1_556' title='bbox 2621 3526 2778 3581; x_wconf 90' lang='lat' dir='ltr'><strong><em>quam</em></strong></span> <span class='ocrx_word' id='word_1_557' title='bbox 2810 3525 2904 3563; x_wconf 91' lang='lat' dir='ltr'><strong><em>nos</em></strong></span> <span class='ocrx_word' id='word_1_558' title='bbox 2935 3510 2988 3562; x_wconf 90' lang='lat' dir='ltr'><strong><em>in</em></strong></span> <span class='ocrx_word' id='word_1_559' title='bbox 3017 3507 3320 3561; x_wconf 86' lang='lat' dir='ltr'><strong><em>libertatem</em></strong></span> <span class='ocrx_word' id='word_1_560' title='bbox 3347 3520 3556 3559; x_wconf 89' lang='lat' dir='ltr'><strong><em>asseras</em></strong></span> <span class='ocrx_word' id='word_1_561' title='bbox 3576 3522 3601 3571; x_wconf 84' lang='lat'><strong><em>;</em></strong></span> 
     </span>
    </p>
   </div>
   <div class='ocr_carea' id='block_1_82' title="bbox 2011 3596 3600 3676">
    <p class='ocr_par' dir='ltr' id='par_1_82' title="bbox 2011 3596 3600 3676">
     <span class='ocr_line' id='line_1_82' title="bbox 2011 3596 3600 3676; baseline -0.006 -16"><span class='ocrx_word' id='word_1_562' title='bbox 2011 3621 2108 3675; x_wconf 85' lang='lat' dir='ltr'><strong><em>per</em></strong></span> <span class='ocrx_word' id='word_1_563' title='bbox 2138 3621 2299 3676; x_wconf 82' lang='lat' dir='ltr'><strong><em>quam</em></strong></span> <span class='ocrx_word' id='word_1_564' title='bbox 2344 3605 2707 3660; x_wconf 85' lang='lat' dir='ltr'><strong><em>adversarium</em></strong></span> <span class='ocrx_word' id='word_1_565' title='bbox 2750 3601 3049 3674; x_wconf 85' lang='lat' dir='ltr'><strong><em>ignominia</em></strong></span> <span class='ocrx_word' id='word_1_566' title='bbox 3099 3600 3377 3654; x_wconf 88' lang='lat' dir='ltr'><strong><em>traducas.</em></strong></span> <span class='ocrx_word' id='word_1_567' title='bbox 3411 3596 3600 3653; x_wconf 88' lang='lat' dir='ltr'><strong><em>Statue</em></strong></span> 
     </span>
    </p>
   </div>
   <div class='ocr_carea' id='block_1_83' title="bbox 2010 3694 3593 3769">
    <p class='ocr_par' dir='ltr' id='par_1_83' title="bbox 2010 3694 3593 3769">
     <span class='ocr_line' id='line_1_83' title="bbox 2010 3694 3593 3769; baseline -0.003 -16"><span class='ocrx_word' id='word_1_568' title='bbox 2010 3699 2295 3769; x_wconf 88' lang='lat' dir='ltr'><strong><em>promissa.</em></strong></span> <span class='ocrx_word' id='word_1_569' title='bbox 2328 3697 2411 3752; x_wconf 91' lang='lat' dir='ltr'><strong><em>Da</em></strong></span> <span class='ocrx_word' id='word_1_570' title='bbox 2446 3708 2506 3752; x_wconf 91' lang='lat' dir='ltr'><strong><em>ut</em></strong></span> <span class='ocrx_word' id='word_1_571' title='bbox 2540 3698 2798 3769; x_wconf 86' lang='lat' dir='ltr'><strong><em>supplices</em></strong></span> <span class='ocrx_word' id='word_1_572' title='bbox 2825 3738 2841 3764; x_wconf 95' lang='lat'><strong><em>,</em></strong></span> <span class='ocrx_word' id='word_1_573' title='bbox 2873 3697 2978 3751; x_wconf 93' lang='lat' dir='ltr'><strong><em>cito</em></strong></span> <span class='ocrx_word' id='word_1_574' title='bbox 3035 3705 3244 3751; x_wconf 87' lang='lat' dir='ltr'><strong><em>eventus</em></strong></span> <span class='ocrx_word' id='word_1_575' title='bbox 3306 3694 3593 3763; x_wconf 88' lang='lat' dir='ltr'><strong><em>aspiciant.</em></strong></span> 
     </span>
    </p>
   </div>
   <div class='ocr_carea' id='block_1_84' title="bbox 2014 3786 3597 3861">
    <p class='ocr_par' dir='ltr' id='par_1_84' title="bbox 2014 3786 3597 3861">
     <span class='ocr_line' id='line_1_84' title="bbox 2014 3786 3597 3861; baseline -0.003 -18"><span class='ocrx_word' id='word_1_576' title='bbox 2014 3790 2224 3860; x_wconf 84' lang='lat' dir='ltr'><strong><em>Accipe,</em></strong></span> <span class='ocrx_word' id='word_1_577' title='bbox 2257 3806 2416 3861; x_wconf 86' lang='lat' dir='ltr'><strong><em>quam</em></strong></span> <span class='ocrx_word' id='word_1_578' title='bbox 2455 3791 2551 3844; x_wconf 85' lang='lat' dir='ltr'><strong><em>tibi</em></strong></span> <span class='ocrx_word' id='word_1_579' title='bbox 2600 3792 2653 3843; x_wconf 89' lang='lat' dir='ltr'><strong><em>in</em></strong></span> <span class='ocrx_word' id='word_1_580' title='bbox 2696 3789 3059 3844; x_wconf 88' lang='lat' dir='ltr'><strong><em>mediatricem</em></strong></span> <span class='ocrx_word' id='word_1_581' title='bbox 3102 3787 3496 3853; x_wconf 62' lang='lat' dir='ltr'><strong><em>praedestinasti</em></strong></span> <span class='ocrx_word' id='word_1_582' title='bbox 3527 3786 3597 3839; x_wconf 87' lang='lat' dir='ltr'><strong><em>ad</em></strong></span> 
     </span>
    </p>
   </div>
   <div class='ocr_carea' id='block_1_85' title="bbox 2014 3876 3599 3939">
    <p class='ocr_par' dir='ltr' id='par_1_85' title="bbox 2014 3876 3599 3939">
     <span class='ocr_line' id='line_1_85' title="bbox 2014 3876 3599 3939; baseline -0.006 0"><span class='ocrx_word' id='word_1_583' title='bbox 2014 3883 2499 3939; x_wconf 86' lang='lat' dir='ltr'><strong><em>reconciliationem</em></strong></span> <span class='ocrx_word' id='word_1_584' title='bbox 2576 3890 2835 3936; x_wconf 88' lang='lat' dir='ltr'><strong><em>nostram.</em></strong></span> <span class='ocrx_word' id='word_1_585' title='bbox 2900 3879 3116 3934; x_wconf 89' lang='lat' dir='ltr'><strong><em>Produc</em></strong></span> <span class='ocrx_word' id='word_1_586' title='bbox 3190 3876 3599 3932; x_wconf 77' lang='lat' dir='ltr'><strong><em>immaculatum</em></strong></span> 
     </span>
    </p>
   </div>
   <div class='ocr_carea' id='block_1_86' title="bbox 2012 3968 3599 4049">
    <p class='ocr_par' dir='ltr' id='par_1_86' title="bbox 2012 3968 3599 4049">
     <span class='ocr_line' id='line_1_86' title="bbox 2012 3968 3599 4049; baseline -0.009 -17"><span class='ocrx_word' id='word_1_587' title='bbox 2012 3994 2226 4049; x_wconf 90' lang='lat' dir='ltr'><strong><em>agnam,</em></strong></span> <span class='ocrx_word' id='word_1_588' title='bbox 2256 3992 2323 4031; x_wconf 78' lang='lat' dir='ltr'><strong><em>ea:</em></strong></span> <span class='ocrx_word' id='word_1_589' title='bbox 2348 3992 2454 4046; x_wconf 91' lang='lat' dir='ltr'><strong><em>qua</em></strong></span> <span class='ocrx_word' id='word_1_590' title='bbox 2480 3968 2686 4030; x_wconf 66' lang='lat' dir='ltr'><strong><em>natura:</em></strong></span> <span class='ocrx_word' id='word_1_591' title='bbox 2713 3975 2892 4028; x_wconf 88' lang='lat' dir='ltr'><strong><em>lanam</em></strong></span> <span class='ocrx_word' id='word_1_592' title='bbox 2914 3973 3160 4035; x_wconf 87' lang='lat' dir='ltr'><strong><em>induens,</em></strong></span> <span class='ocrx_word' id='word_1_593' title='bbox 3179 3968 3599 4038; x_wconf 86' lang='lat' dir='ltr'><strong><em>speciosissimus</em></strong></span> 
     </span>
    </p>
   </div>
   <div class='ocr_carea' id='block_1_87' title="bbox 2012 4056 3600 4139">
    <p class='ocr_par' dir='ltr' id='par_1_87' title="bbox 2012 4056 3600 4139">
     <span class='ocr_line' id='line_1_87' title="bbox 2012 4056 3600 4139; baseline -0.008 -16"><span class='ocrx_word' id='word_1_594' title='bbox 2012 4068 2185 4133; x_wconf 88' lang='lat' dir='ltr'><strong><em>nobis,</em></strong></span> <span class='ocrx_word' id='word_1_595' title='bbox 2213 4069 2304 4139; x_wconf 88' lang='lat' dir='ltr'><strong><em>qui</em></strong></span> <span class='ocrx_word' id='word_1_596' title='bbox 2344 4068 2401 4121; x_wconf 91' lang='lat' dir='ltr'><strong><em>in</em></strong></span> <span class='ocrx_word' id='word_1_597' title='bbox 2447 4068 2672 4122; x_wconf 89' lang='lat' dir='ltr'><strong><em>tenebris</em></strong></span> <span class='ocrx_word' id='word_1_598' title='bbox 2731 4080 3022 4128; x_wconf 88' lang='lat' dir='ltr'><strong><em>versamur,</em></strong></span> <span class='ocrx_word' id='word_1_599' title='bbox 3062 4075 3342 4131; x_wconf 77' lang='lat' dir='ltr'><strong><em>apparens.</em></strong></span> <span class='ocrx_word' id='word_1_600' title='bbox 3375 4056 3531 4111; x_wconf 83' lang='lat' dir='ltr'><strong><em>Hanc</em></strong></span> <span class='ocrx_word' id='word_1_601' title='bbox 3564 4072 3600 4110; x_wconf 86' lang='grc' dir='ltr'><strong><em>α</em></strong></span> 
     </span>
    </p>
   </div>
   <div class='ocr_carea' id='block_1_88' title="bbox 2013 4150 3597 4229">
    <p class='ocr_par' dir='ltr' id='par_1_88' title="bbox 2013 4150 3597 4229">
     <span class='ocr_line' id='line_1_88' title="bbox 2013 4150 3597 4229; baseline -0.008 -16"><span class='ocrx_word' id='word_1_602' title='bbox 2013 4169 2062 4214; x_wconf 92' lang='lat' dir='ltr'><strong><em>te</em></strong></span> <span class='ocrx_word' id='word_1_603' title='bbox 2111 4176 2205 4213; x_wconf 91' lang='lat' dir='ltr'><strong><em>nos</em></strong></span> <span class='ocrx_word' id='word_1_604' title='bbox 2260 4160 2561 4229; x_wconf 87' lang='lat' dir='ltr'><strong><em>informati,</em></strong></span> <span class='ocrx_word' id='word_1_605' title='bbox 2594 4158 2738 4212; x_wconf 89' lang='lat' dir='ltr'><strong><em>varie</em></strong></span> <span class='ocrx_word' id='word_1_606' title='bbox 2783 4154 3216 4225; x_wconf 75' lang='lat' dir='ltr'><strong><em>prtedicavimus.</em></strong></span> <span class='ocrx_word' id='word_1_607' title='bbox 3257 4150 3393 4220; x_wconf 85' lang='lat' dir='ltr'><strong><em>Ejus</em></strong></span> <span class='ocrx_word' id='word_1_608' title='bbox 3431 4164 3597 4219; x_wconf 88' lang='lat' dir='ltr'><strong><em>spem,</em></strong></span> 
     </span>
    </p>
   </div>
   <div class='ocr_carea' id='block_1_89' title="bbox 2013 4243 3599 4318">
    <p class='ocr_par' dir='ltr' id='par_1_89' title="bbox 2013 4243 3599 4318">
     <span class='ocr_line' id='line_1_89' title="bbox 2013 4243 3599 4318; baseline -0.009 -12"><span class='ocrx_word' id='word_1_609' title='bbox 2013 4249 2275 4306; x_wconf 87' lang='lat' dir='ltr'><strong><em>libertatis</em></strong></span> <span class='ocrx_word' id='word_1_610' title='bbox 2302 4250 2491 4318; x_wconf 88' lang='lat' dir='ltr'><strong><em>pignus</em></strong></span> <span class='ocrx_word' id='word_1_611' title='bbox 2518 4249 2826 4301; x_wconf 89' lang='lat' dir='ltr'><strong><em>retinemus.</em></strong></span> <span class='ocrx_word' id='word_1_612' title='bbox 2868 4244 3024 4298; x_wconf 80' lang='lat' dir='ltr'><strong><em>Hanc</em></strong></span> <span class='ocrx_word' id='word_1_613' title='bbox 3045 4243 3330 4311; x_wconf 89' lang='lat' dir='ltr'><strong><em>propltetiis</em></strong></span> <span class='ocrx_word' id='word_1_614' title='bbox 3359 4256 3599 4310; x_wconf 67' lang='lat' dir='ltr'><strong><em>praecon-</em></strong></span> 
     </span>
    </p>
   </div>
   <div class='ocr_carea' id='block_1_90' title="bbox 2012 4333 3597 4406">
    <p class='ocr_par' dir='ltr' id='par_1_90' title="bbox 2012 4333 3597 4406">
     <span class='ocr_line' id='line_1_90' title="bbox 2012 4333 3597 4406; baseline -0.008 -10"><span class='ocrx_word' id='word_1_615' title='bbox 2012 4341 2367 4396; x_wconf 84' lang='lat' dir='ltr'><strong><em>cinnavimus.</em></strong></span> <span class='ocrx_word' id='word_1_616' title='bbox 2417 4338 2570 4393; x_wconf 81' lang='lat' dir='ltr'><strong><em>lianc</em></strong></span> <span class='ocrx_word' id='word_1_617' title='bbox 2623 4338 2783 4391; x_wconf 90' lang='lat' dir='ltr'><strong><em>variis</em></strong></span> <span class='ocrx_word' id='word_1_618' title='bbox 2844 4336 3121 4406; x_wconf 68' lang='lat' dir='ltr'><strong><em>praeconiis</em></strong></span> <span class='ocrx_word' id='word_1_619' title='bbox 3191 4333 3597 4389; x_wconf 79' lang='lat' dir='ltr'><strong><em>exornavimus:</em></strong></span> 
     </span>
    </p>
   </div>
   <div class='ocr_carea' id='block_1_91' title="bbox 328 4421 1905 4503">
    <p class='ocr_par' dir='ltr' id='par_1_91' title="bbox 328 4421 1905 4500">
     <span class='ocr_line' id='line_1_91' title="bbox 328 4421 1905 4500; baseline 0.007 -24"><span class='ocrx_word' id='word_1_620' title='bbox 328 4422 574 4491; x_wconf 83' lang='grc' dir='ltr'><em>ταχείας</em></span> <span class='ocrx_word' id='word_1_621' title='bbox 620 4422 885 4476; x_wconf 87' lang='grc' dir='ltr'><em>κατιδεῖν</em></span> <span class='ocrx_word' id='word_1_622' title='bbox 949 4422 1073 4488; x_wconf 88' lang='grc' dir='ltr'><em>τοῖς</em></span> <span class='ocrx_word' id='word_1_623' title='bbox 1113 4421 1431 4492; x_wconf 45' lang='grc' dir='ltr'><em>,δεομένοις</em></span> <span class='ocrx_word' id='word_1_624' title='bbox 1457 4427 1563 4493; x_wconf 87' lang='grc' dir='ltr'><strong><em>τὰς</em></strong></span> <span class='ocrx_word' id='word_1_625' title='bbox 1608 4427 1905 4500; x_wconf 74' lang='grc' dir='ltr'><em>ἐκϐάσεις.</em></span> 
     </span>
    </p>
   </div>
   <div class='ocr_carea' id='block_1_92' title="bbox 2006 4421 3599 4503">
    <p class='ocr_par' dir='ltr' id='par_1_92' title="bbox 2011 4430 3599 4503">
     <span class='ocr_line' id='line_1_92' title="bbox 2011 4430 3599 4503; baseline -0.008 -15"><span class='ocrx_word' id='word_1_626' title='bbox 2011 4434 2246 4488; x_wconf 88' lang='lat' dir='ltr'><strong><em>decorem</em></strong></span> <span class='ocrx_word' id='word_1_627' title='bbox 2279 4432 2513 4503; x_wconf 88' lang='lat' dir='ltr'><strong><em>generis,</em></strong></span> <span class='ocrx_word' id='word_1_628' title='bbox 2550 4440 2758 4485; x_wconf 62' lang='lat' dir='ltr'><strong><em>natura!</em></strong></span> <span class='ocrx_word' id='word_1_629' title='bbox 2780 4430 3187 4501; x_wconf 86' lang='lat' dir='ltr'><strong><em>gloriationem,</em></strong></span> <span class='ocrx_word' id='word_1_630' title='bbox 3222 4442 3395 4481; x_wconf 86' lang='lat' dir='ltr'><strong><em>veram</em></strong></span> <span class='ocrx_word' id='word_1_631' title='bbox 3421 4440 3599 4478; x_wconf 80' lang='lat' dir='ltr'><strong><em>resur-</em></strong></span> 
     </span>
    </p>
   </div>
   <div class='ocr_carea' id='block_1_93' title="bbox 328 4510 1905 4589">
    <p class='ocr_par' dir='ltr' id='par_1_93' title="bbox 328 4511 1905 4585">
     <span class='ocr_line' id='line_1_93' title="bbox 328 4511 1905 4585; baseline 0.007 -19"><span class='ocrx_word' id='word_1_632' title='bbox 328 4514 487 4569; x_wconf 80' lang='grc' dir='ltr'><em>Λάϐε</em></span> <span class='ocrx_word' id='word_1_633' title='bbox 523 4513 635 4581; x_wconf 72' lang='grc' dir='ltr'><em>τὴν</em></span> <span class='ocrx_word' id='word_1_634' title='bbox 667 4515 756 4579; x_wconf 79' lang='grc' dir='ltr'><em>εἰς</em></span> <span class='ocrx_word' id='word_1_635' title='bbox 779 4511 1180 4582; x_wconf 74' lang='grc' dir='ltr'><em>καταλλαγὴν</em></span> <span class='ocrx_word' id='word_1_636' title='bbox 1225 4512 1394 4581; x_wconf 77' lang='grc' dir='ltr'><em>ἡμῶν</em></span> <span class='ocrx_word' id='word_1_637' title='bbox 1445 4520 1905 4585; x_wconf 85' lang='grc' dir='ltr'><em>προορισθεῖσάν</em></span> 
     </span>
    </p>
   </div>
   <div class='ocr_carea' id='block_1_94' title="bbox 2006 4510 3598 4589">
    <p class='ocr_par' dir='ltr' id='par_1_94' title="bbox 2011 4510 3598 4589">
     <span class='ocr_line' id='line_1_94' title="bbox 2011 4510 3598 4589; baseline -0.008 -10"><span class='ocrx_word' id='word_1_638' title='bbox 2011 4524 2260 4579; x_wconf 85' lang='lat' dir='ltr'><strong><em>rectionis</em></strong></span> <span class='ocrx_word' id='word_1_639' title='bbox 2333 4510 2529 4578; x_wconf 81' lang='lat' dir='ltr'><strong><em>nostrte</em></strong></span> <span class='ocrx_word' id='word_1_640' title='bbox 2596 4522 3069 4589; x_wconf 78' lang='lat' dir='ltr'><strong><em>exspectationem,</em></strong></span> <span class='ocrx_word' id='word_1_641' title='bbox 3131 4519 3245 4588; x_wconf 86' lang='lat' dir='ltr'><strong><em>ejus</em></strong></span> <span class='ocrx_word' id='word_1_642' title='bbox 3339 4517 3598 4571; x_wconf 88' lang='lat' dir='ltr'><strong><em>orationis</em></strong></span> 
     </span>
    </p>
   </div>
   <div class='ocr_carea' id='block_1_95' title="bbox 332 4602 1905 4686">
    <p class='ocr_par' dir='ltr' id='par_1_95' title="bbox 332 4602 1905 4679">
     <span class='ocr_line' id='line_1_95' title="bbox 332 4602 1905 4679; baseline 0.005 -20"><span class='ocrx_word' id='word_1_643' title='bbox 332 4620 435 4659; x_wconf 80' lang='grc' dir='ltr'><strong><em>σοι</em></strong></span> <span class='ocrx_word' id='word_1_644' title='bbox 462 4604 723 4674; x_wconf 88' lang='grc' dir='ltr'><em>μεσῐτιν.</em></span> <span class='ocrx_word' id='word_1_645' title='bbox 754 4603 1064 4674; x_wconf 78' lang='grc' dir='ltr'><em>Παράγαγε</em></span> <span class='ocrx_word' id='word_1_646' title='bbox 1094 4603 1208 4671; x_wconf 75' lang='grc' dir='ltr'><em>τὴν</em></span> <span class='ocrx_word' id='word_1_647' title='bbox 1237 4602 1504 4659; x_wconf 80' lang='grc' dir='ltr'><em>ἄσπιλον</em></span> <span class='ocrx_word' id='word_1_648' title='bbox 1544 4607 1802 4676; x_wconf 85' lang='grc' dir='ltr'><em>ἀμνάδα,</em></span> <span class='ocrx_word' id='word_1_649' title='bbox 1845 4613 1905 4679; x_wconf 78' lang='grc' dir='ltr'><strong><em>ἐξ</em></strong></span> 
     </span>
    </p>
   </div>
   <div class='ocr_carea' id='block_1_96' title="bbox 2006 4602 3600 4686">
    <p class='ocr_par' dir='ltr' id='par_1_96' title="bbox 2012 4607 3600 4686">
     <span class='ocr_line' id='line_1_96' title="bbox 2012 4607 3600 4686; baseline -0.006 -17"><span class='ocrx_word' id='word_1_650' title='bbox 2012 4616 2224 4686; x_wconf 88' lang='lat' dir='ltr'><strong><em>plenum</em></strong></span> <span class='ocrx_word' id='word_1_651' title='bbox 2259 4631 2316 4670; x_wconf 88' lang='lat' dir='ltr'><strong><em>os</em></strong></span> <span class='ocrx_word' id='word_1_652' title='bbox 2364 4614 2645 4669; x_wconf 88' lang='lat' dir='ltr'><strong><em>libertatis.</em></strong></span> <span class='ocrx_word' id='word_1_653' title='bbox 2676 4614 2770 4668; x_wconf 78' lang='lat' dir='ltr'><strong><em>Sic</em></strong></span> <span class='ocrx_word' id='word_1_654' title='bbox 2802 4612 2987 4667; x_wconf 87' lang='lat' dir='ltr'><strong><em>videre</em></strong></span> <span class='ocrx_word' id='word_1_655' title='bbox 3032 4619 3151 4665; x_wconf 89' lang='lat' dir='ltr'><strong><em>erat</em></strong></span> <span class='ocrx_word' id='word_1_656' title='bbox 3178 4609 3463 4664; x_wconf 82' lang='lat' dir='ltr'><strong><em>universos</em></strong></span> <span class='ocrx_word' id='word_1_657' title='bbox 3507 4607 3600 4674; x_wconf 88' lang='lat' dir='ltr'><strong><em>ju—</em></strong></span> 
     </span>
    </p>
   </div>
   <div class='ocr_carea' id='block_1_97' title="bbox 326 4692 1905 4771">
    <p class='ocr_par' dir='ltr' id='par_1_97' title="bbox 326 4692 1905 4770">
     <span class='ocr_line' id='line_1_97' title="bbox 326 4692 1905 4770; baseline -0.003 -20"><span class='ocrx_word' id='word_1_658' title='bbox 326 4692 407 4766; x_wconf 82' lang='grc' dir='ltr'><em>ἧς</em></span> <span class='ocrx_word' id='word_1_659' title='bbox 438 4698 503 4750; x_wconf 86' lang='grc' dir='ltr'><em>τὸ</em></span> <span class='ocrx_word' id='word_1_660' title='bbox 527 4695 636 4765; x_wconf 83' lang='grc' dir='ltr'><em>τῆς</em></span> <span class='ocrx_word' id='word_1_661' title='bbox 666 4698 907 4766; x_wconf 83' lang='grc' dir='ltr'><em>φύσεως</em></span> <span class='ocrx_word' id='word_1_662' title='bbox 922 4694 1432 4765; x_wconf 75' lang='grc' dir='ltr'><em>περιϐαλλόμενος</em></span> <span class='ocrx_word' id='word_1_663' title='bbox 1461 4697 1649 4766; x_wconf 81' lang='grc' dir='ltr'><em>ἔριον,</em></span> <span class='ocrx_word' id='word_1_664' title='bbox 1697 4702 1905 4770; x_wconf 80' lang='grc' dir='ltr'><em>ὡραιό-</em></span> 
     </span>
    </p>
   </div>
   <div class='ocr_carea' id='block_1_98' title="bbox 2006 4692 3593 4771">
    <p class='ocr_par' dir='ltr' id='par_1_98' title="bbox 2017 4699 3593 4771">
     <span class='ocr_line' id='line_1_98' title="bbox 2017 4699 3593 4771; baseline -0.008 -9"><span class='ocrx_word' id='word_1_665' title='bbox 2017 4717 2133 4762; x_wconf 86' lang='lat' dir='ltr'><strong><em>stos</em></strong></span> <span class='ocrx_word' id='word_1_666' title='bbox 2181 4715 2569 4771; x_wconf 84' lang='lat' dir='ltr'><strong><em>memorantes,</em></strong></span> <span class='ocrx_word' id='word_1_667' title='bbox 2609 4720 2674 4760; x_wconf 87' lang='lat' dir='ltr'><strong><em>ac</em></strong></span> <span class='ocrx_word' id='word_1_668' title='bbox 2709 4703 2925 4759; x_wconf 87' lang='lat' dir='ltr'><strong><em>Domini</em></strong></span> <span class='ocrx_word' id='word_1_669' title='bbox 2972 4702 3266 4757; x_wconf 81' lang='lat' dir='ltr'><strong><em>salutarem</em></strong></span> <span class='ocrx_word' id='word_1_670' title='bbox 3298 4699 3593 4753; x_wconf 74' lang='lat' dir='ltr'><strong><em>adventum</em></strong></span> 
     </span>
    </p>
   </div>
   <div class='ocr_carea' id='block_1_99' title="bbox 327 4788 1905 4869">
    <p class='ocr_par' dir='ltr' id='par_1_99' title="bbox 327 4788 1905 4862">
     <span class='ocr_line' id='line_1_99' title="bbox 327 4788 1905 4862; baseline 0.004 -20"><span class='ocrx_word' id='word_1_671' title='bbox 327 4805 510 4855; x_wconf 88' lang='grc' dir='ltr'><em>τατος</em></span> <span class='ocrx_word' id='word_1_672' title='bbox 539 4790 687 4859; x_wconf 80' lang='grc' dir='ltr'><em>ημῖν</em></span> <span class='ocrx_word' id='word_1_673' title='bbox 726 4790 969 4859; x_wconf 71' lang='grc' dir='ltr'><em>όφθιὶσῃ</em></span> <span class='ocrx_word' id='word_1_674' title='bbox 1004 4789 1129 4856; x_wconf 88' lang='grc' dir='ltr'><em>τοῖς</em></span> <span class='ocrx_word' id='word_1_675' title='bbox 1165 4789 1235 4842; x_wconf 81' lang='grc' dir='ltr'><em>ἐν</em></span> <span class='ocrx_word' id='word_1_676' title='bbox 1263 4788 1344 4854; x_wconf 85' lang='grc' dir='ltr'><em>τῷ</em></span> <span class='ocrx_word' id='word_1_677' title='bbox 1383 4792 1613 4845; x_wconf 87' lang='grc' dir='ltr'><em>σκότει.</em></span> <span class='ocrx_word' id='word_1_678' title='bbox 1691 4794 1905 4862; x_wconf 63' lang='grc' dir='ltr'><em>Ταύτην</em></span> 
     </span>
    </p>
   </div>
   <div class='ocr_carea' id='block_1_100' title="bbox 2006 4788 3597 4869">
    <p class='ocr_par' dir='ltr' id='par_1_100' title="bbox 2023 4788 3597 4869">
     <span class='ocr_line' id='line_1_100' title="bbox 2023 4788 3597 4869; baseline -0.008 -15"><span class='ocrx_word' id='word_1_679' title='bbox 2023 4799 2401 4869; x_wconf 84' lang='lat' dir='ltr'><strong><em>implorantes.</em></strong></span> <span class='ocrx_word' id='word_1_680' title='bbox 2441 4796 2628 4867; x_wconf 86' lang='lat' dir='ltr'><strong><em>Neque</em></strong></span> <span class='ocrx_word' id='word_1_681' title='bbox 2666 4797 2813 4850; x_wconf 90' lang='lat' dir='ltr'><strong><em>enim</em></strong></span> <span class='ocrx_word' id='word_1_682' title='bbox 2850 4794 2953 4848; x_wconf 84' lang='lat' dir='ltr'><strong><em>alia</em></strong></span> <span class='ocrx_word' id='word_1_683' title='bbox 2985 4803 3182 4863; x_wconf 67' lang='lat' dir='ltr'><strong><em>praeter</em></strong></span> <span class='ocrx_word' id='word_1_684' title='bbox 3215 4804 3341 4845; x_wconf 89' lang='lat' dir='ltr'><strong><em>eum</em></strong></span> <span class='ocrx_word' id='word_1_685' title='bbox 3385 4788 3597 4857; x_wconf 76' lang='lat' dir='ltr'><strong><em>reliqua</em></strong></span> 
     </span>
    </p>
   </div>
   <div class='ocr_carea' id='block_1_101' title="bbox 325 4881 1905 4955">
    <p class='ocr_par' dir='ltr' id='par_1_101' title="bbox 325 4881 1902 4954">
     <span class='ocr_line' id='line_1_101' title="bbox 325 4881 1902 4954; baseline 0.001 -20"><span class='ocrx_word' id='word_1_686' title='bbox 325 4882 448 4949; x_wconf 72' lang='grc' dir='ltr'><strong><em>ὑπὸ</em></strong></span> <span class='ocrx_word' id='word_1_687' title='bbox 482 4883 599 4937; x_wconf 87' lang='grc' dir='ltr'><em>σοῦ</em></span> <span class='ocrx_word' id='word_1_688' title='bbox 630 4883 1073 4946; x_wconf 84' lang='grc' dir='ltr'><em>ἐντυπωθέντες</em></span> <span class='ocrx_word' id='word_1_689' title='bbox 1104 4881 1393 4947; x_wconf 80' lang='grc' dir='ltr'><em>ποικίλως</em></span> <span class='ocrx_word' id='word_1_690' title='bbox 1441 4881 1902 4954; x_wconf 78' lang='grc' dir='ltr'><em>ἀνεκηρύξαμεν</em></span> 
     </span>
    </p>
   </div>
   <div class='ocr_carea' id='block_1_102' title="bbox 2006 4881 2845 4955">
    <p class='ocr_par' dir='ltr' id='par_1_102' title="bbox 2021 4886 2845 4955">
     <span class='ocr_line' id='line_1_102' title="bbox 2021 4886 2845 4955; baseline -0.004 -14"><span class='ocrx_word' id='word_1_691' title='bbox 2021 4896 2106 4941; x_wconf 88' lang='lat' dir='ltr'><strong><em>est</em></strong></span> <span class='ocrx_word' id='word_1_692' title='bbox 2140 4901 2266 4954; x_wconf 87' lang='lat' dir='ltr'><strong><em>spes</em></strong></span> <span class='ocrx_word' id='word_1_693' title='bbox 2295 4886 2402 4940; x_wconf 87' lang='lat' dir='ltr'><strong><em>ulla</em></strong></span> <span class='ocrx_word' id='word_1_694' title='bbox 2437 4886 2845 4955; x_wconf 78' lang='lat' dir='ltr'><strong><em>redemptionis.</em></strong></span> 
     </span>
    </p>
   </div>
   <div class='ocr_carea' id='block_1_103' title="bbox 327 4970 3601 5051">
    <p class='ocr_par' dir='ltr' id='par_1_103' title="bbox 327 4970 3601 5051">
     <span class='ocr_line' id='line_1_103' title="bbox 327 4970 3601 5051; baseline -0.002 -21"><span class='ocrx_word' id='word_1_695' title='bbox 327 4977 553 5043; x_wconf 85' lang='grc' dir='ltr'><em>ταύτης</em></span> <span class='ocrx_word' id='word_1_696' title='bbox 586 4978 879 5047; x_wconf 77' lang='grc' dir='ltr'><em>ἐνέχυρον</em></span> <span class='ocrx_word' id='word_1_697' title='bbox 899 4976 1239 5043; x_wconf 85' lang='grc' dir='ltr'><em>ἐλευθερίας</em></span> <span class='ocrx_word' id='word_1_698' title='bbox 1268 4973 1384 5040; x_wconf 83' lang='grc' dir='ltr'><em>τὴν</em></span> <span class='ocrx_word' id='word_1_699' title='bbox 1407 4974 1628 5029; x_wconf 79' lang='grc' dir='ltr'><em>ἐλπίδα</em></span> <span class='ocrx_word' id='word_1_700' title='bbox 1667 4980 2000 5051; x_wconf 83' lang='grc' dir='ltr'><em>κατέχομεν</em></span> <span class='ocrx_word' id='word_1_701' title='bbox 2020 4999 2035 5014; x_wconf 88' lang='grc'><strong>·</strong></span> <span class='ocrx_word' id='word_1_702' title='bbox 2063 4984 2288 5049; x_wconf 86' lang='grc' dir='ltr'><em>ταύτην</em></span> <span class='ocrx_word' id='word_1_703' title='bbox 2326 4981 2713 5050; x_wconf 68' lang='grc' dir='ltr'><em>προφητείαις</em></span> <span class='ocrx_word' id='word_1_704' title='bbox 2745 4976 3322 5047; x_wconf 84' lang='grc' dir='ltr'><em>προκατηρτίσαμεν⁸</em></span> <span class='ocrx_word' id='word_1_705' title='bbox 3375 4970 3601 5035; x_wconf 85' lang='grc' dir='ltr'><em>ταύτην</em></span> 
     </span>
    </p>
   </div>
   <div class='ocr_carea' id='block_1_104' title="bbox 326 5062 3601 5146">
    <p class='ocr_par' dir='ltr' id='par_1_104' title="bbox 326 5062 3601 5146">
     <span class='ocr_line' id='line_1_104' title="bbox 326 5062 3601 5146; baseline -0.004 -18"><span class='ocrx_word' id='word_1_706' title='bbox 326 5075 638 5142; x_wconf 77' lang='grc' dir='ltr'><em>ἐγκωμίοις</em></span> <span class='ocrx_word' id='word_1_707' title='bbox 700 5072 1207 5139; x_wconf 74' lang='grc' dir='ltr'><em>κατεποικίλαμεν</em></span> <span class='ocrx_word' id='word_1_708' title='bbox 1240 5080 1255 5096; x_wconf 92' lang='grc'><strong><em>⁸</em></strong></span> <span class='ocrx_word' id='word_1_709' title='bbox 1325 5068 1442 5135; x_wconf 80' lang='grc' dir='ltr'><em>τὴν</em></span> <span class='ocrx_word' id='word_1_710' title='bbox 1481 5071 1851 5140; x_wconf 84' lang='grc' dir='ltr'><em>κοσμιότητα</em></span> <span class='ocrx_word' id='word_1_711' title='bbox 1891 5076 2000 5130; x_wconf 86' lang='grc' dir='ltr'><em>τοῦ</em></span> <span class='ocrx_word' id='word_1_712' title='bbox 2050 5077 2266 5146; x_wconf 75' lang='grc' dir='ltr'><em>γένους</em></span> <span class='ocrx_word' id='word_1_713' title='bbox 2291 5091 2308 5109; x_wconf 90' lang='grc'><strong><em>⁸</em></strong></span> <span class='ocrx_word' id='word_1_714' title='bbox 2359 5075 2426 5129; x_wconf 80' lang='grc' dir='ltr'><em>τὸ</em></span> <span class='ocrx_word' id='word_1_715' title='bbox 2478 5074 2950 5145; x_wconf 69' lang='grc' dir='ltr'><em>ἑγκαλλώπισμα</em></span> <span class='ocrx_word' id='word_1_716' title='bbox 2994 5069 3105 5137; x_wconf 83' lang='grc' dir='ltr'><em>τῆς</em></span> <span class='ocrx_word' id='word_1_717' title='bbox 3159 5068 3398 5138; x_wconf 86' lang='grc' dir='ltr'><em>φύσεως</em></span> <span class='ocrx_word' id='word_1_718' title='bbox 3424 5080 3439 5095; x_wconf 92' lang='grc'><strong><em>⁸</em></strong></span> <span class='ocrx_word' id='word_1_719' title='bbox 3483 5062 3601 5128; x_wconf 81' lang='grc' dir='ltr'><em>τὴν</em></span> 
     </span>
    </p>
   </div>
   <div class='ocr_carea' id='block_1_105' title="bbox 325 5159 3600 5240">
    <p class='ocr_par' dir='ltr' id='par_1_105' title="bbox 325 5159 3600 5240">
     <span class='ocr_line' id='line_1_105' title="bbox 325 5159 3600 5240; baseline -0.007 -8"><span class='ocrx_word' id='word_1_720' title='bbox 325 5163 568 5232; x_wconf 68' lang='grc' dir='ltr'><em>ἀψευδῆ</em></span> <span class='ocrx_word' id='word_1_721' title='bbox 605 5181 638 5217; x_wconf 86' lang='grc' dir='ltr'><em>τ</em></span> <span class='ocrx_word' id='word_1_722' title='bbox 642 5163 714 5232; x_wconf 79' lang='grc' dir='ltr'><strong><em>ἦς</em></strong></span> <span class='ocrx_word' id='word_1_723' title='bbox 742 5163 1134 5228; x_wconf 79' lang='grc' dir='ltr'><em>ἀναστάσεως</em></span> <span class='ocrx_word' id='word_1_724' title='bbox 1158 5159 1328 5231; x_wconf 65' lang='grc' dir='ltr'><strong><em>ήμῶν</em></strong></span> <span class='ocrx_word' id='word_1_725' title='bbox 1356 5160 1761 5227; x_wconf 58' lang='grc' dir='ltr'><em>προσδοκίαν</em></span> <span class='ocrx_word' id='word_1_726' title='bbox 1783 5168 1850 5220; x_wconf 90' lang='grc' dir='ltr'><em>τὸ</em></span> <span class='ocrx_word' id='word_1_727' title='bbox 1881 5168 1991 5238; x_wconf 86' lang='grc' dir='ltr'><em>τῆς</em></span> <span class='ocrx_word' id='word_1_728' title='bbox 2028 5170 2293 5240; x_wconf 80' lang='grc' dir='ltr'><em>δεήσεως</em></span> <span class='ocrx_word' id='word_1_729' title='bbox 2337 5172 2560 5238; x_wconf 88' lang='grc' dir='ltr'><em>ταύτης</em></span> <span class='ocrx_word' id='word_1_730' title='bbox 2594 5167 3122 5238; x_wconf 78' lang='grc' dir='ltr'><em>εὐπαρρησίαστον</em></span> <span class='ocrx_word' id='word_1_731' title='bbox 3170 5164 3385 5230; x_wconf 86' lang='grc' dir='ltr'><em>στόμα.</em></span> <span class='ocrx_word' id='word_1_732' title='bbox 3434 5159 3600 5212; x_wconf 82' lang='grc' dir='ltr'><em>οὔτω</em></span> 
     </span>
    </p>
   </div>
   <div class='ocr_carea' id='block_1_106' title="bbox 329 5251 3598 5339">
    <p class='ocr_par' dir='ltr' id='par_1_106' title="bbox 329 5251 3598 5339">
     <span class='ocr_line' id='line_1_106' title="bbox 329 5251 3598 5339; baseline -0.006 -16"><span class='ocrx_word' id='word_1_733' title='bbox 329 5262 504 5330; x_wconf 70' lang='grc' dir='ltr'><em>δήπου</em></span> <span class='ocrx_word' id='word_1_734' title='bbox 567 5262 817 5323; x_wconf 74' lang='grc' dir='ltr'><em>ἅπαντας</em></span> <span class='ocrx_word' id='word_1_735' title='bbox 835 5259 1081 5322; x_wconf 80' lang='grc' dir='ltr'><strong><em>δικαίους</em></strong></span> <span class='ocrx_word' id='word_1_736' title='bbox 1135 5254 1519 5328; x_wconf 65' lang='grc' dir='ltr'><strong><em>μεμνημένους</em></strong></span> <span class='ocrx_word' id='word_1_737' title='bbox 1548 5251 1619 5326; x_wconf 84' lang='grc' dir='ltr'><em>ἦν</em></span> <span class='ocrx_word' id='word_1_738' title='bbox 1672 5259 1823 5327; x_wconf 83' lang='grc' dir='ltr'><em>ίδείν,</em></span> <span class='ocrx_word' id='word_1_739' title='bbox 1867 5266 1964 5319; x_wconf 71' lang='grc' dir='ltr'><em>καὶ</em></span> <span class='ocrx_word' id='word_1_740' title='bbox 1997 5266 2096 5338; x_wconf 82' lang='grc' dir='ltr'><em>τὴν</em></span> <span class='ocrx_word' id='word_1_741' title='bbox 2116 5268 2381 5339; x_wconf 65' lang='grc' dir='ltr'><em>σωτήριον</em></span> <span class='ocrx_word' id='word_1_742' title='bbox 2407 5265 2869 5335; x_wconf 72' lang='grc' dir='ltr'><em>ἐπικαλουμένους</em></span> <span class='ocrx_word' id='word_1_743' title='bbox 2916 5261 3010 5317; x_wconf 84' lang='grc' dir='ltr'><em>τοῦ</em></span> <span class='ocrx_word' id='word_1_744' title='bbox 3058 5260 3330 5314; x_wconf 86' lang='grc' dir='ltr'><em>Δεσπότου</em></span> <span class='ocrx_word' id='word_1_745' title='bbox 3386 5270 3598 5326; x_wconf 63' lang='lat' dir='ltr'><strong><em>stupeo-</em></strong></span> 
     </span>
    </p>
   </div>
   <div class='ocr_carea' id='block_1_107' title="bbox 327 5348 2526 5433">
    <p class='ocr_par' dir='ltr' id='par_1_107' title="bbox 327 5348 2526 5433">
     <span class='ocr_line' id='line_1_107' title="bbox 327 5348 2526 5433; baseline 0.002 -22"><span class='ocrx_word' id='word_1_746' title='bbox 327 5358 476 5411; x_wconf 81' lang='grc' dir='ltr'><em>σξαν.</em></span> <span class='ocrx_word' id='word_1_747' title='bbox 508 5357 645 5409; x_wconf 79' lang='grc' dir='ltr'><strong><em>Οὐδὲ</em></strong></span> <span class='ocrx_word' id='word_1_748' title='bbox 673 5358 782 5428; x_wconf 83' lang='grc' dir='ltr'><strong><em>γὰρ</em></strong></span> <span class='ocrx_word' id='word_1_749' title='bbox 807 5355 944 5425; x_wconf 76' lang='grc' dir='ltr'><em>ἄλλη</em></span> <span class='ocrx_word' id='word_1_750' title='bbox 996 5371 1082 5416; x_wconf 83' lang='grc' dir='ltr'><strong><em>τις</em></strong></span> <span class='ocrx_word' id='word_1_751' title='bbox 1143 5348 1474 5420; x_wconf 76' lang='grc' dir='ltr'><em>κατελείφθη</em></span> <span class='ocrx_word' id='word_1_752' title='bbox 1523 5352 1624 5422; x_wconf 84' lang='grc' dir='ltr'><em>τῆς</em></span> <span class='ocrx_word' id='word_1_753' title='bbox 1648 5354 2083 5430; x_wconf 75' lang='grc' dir='ltr'><em>ἀπολυτρώσεως</em></span> <span class='ocrx_word' id='word_1_754' title='bbox 2108 5362 2263 5427; x_wconf 77' lang='grc' dir='ltr'><em>ἐλπὶς</em></span> <span class='ocrx_word' id='word_1_755' title='bbox 2295 5362 2328 5433; x_wconf 75' lang='grc' dir='ltr'><strong>ἢ</strong></span> <span class='ocrx_word' id='word_1_756' title='bbox 2364 5361 2526 5433; x_wconf 75' lang='grc' dir='ltr'><em>αὕτη.</em></span> 
     </span>
    </p>
   </div>
   <div class='ocr_carea' id='block_1_108' title="bbox 402 5443 1905 5522">
    <p class='ocr_par' dir='ltr' id='par_1_108' title="bbox 402 5443 1905 5518">
     <span class='ocr_line' id='line_1_108' title="bbox 402 5443 1905 5518; baseline -0.005 -16"><span class='ocrx_word' id='word_1_757' title='bbox 402 5447 488 5502; x_wconf 80' lang='lat' dir='ltr'><strong><em>H&#39;.</em></strong></span> <span class='ocrx_word' id='word_1_758' title='bbox 522 5448 589 5501; x_wconf 88' lang='grc' dir='ltr'><em>Τί</em></span> <span class='ocrx_word' id='word_1_759' title='bbox 615 5449 660 5501; x_wconf 89' lang='grc' dir='ltr'><em>δ’</em></span> <span class='ocrx_word' id='word_1_760' title='bbox 694 5450 758 5504; x_wconf 72' lang='grc' dir='ltr'><em>ἄν</em></span> <span class='ocrx_word' id='word_1_761' title='bbox 786 5465 870 5511; x_wconf 83' lang='grc' dir='ltr'><strong><em>τις</em></strong></span> <span class='ocrx_word' id='word_1_762' title='bbox 903 5444 1155 5518; x_wconf 76' lang='grc' dir='ltr'><em>περὶτοῦ</em></span> <span class='ocrx_word' id='word_1_763' title='bbox 1189 5443 1536 5514; x_wconf 71' lang='grc' dir='ltr'><em>προπάτορος</em></span> <span class='ocrx_word' id='word_1_764' title='bbox 1608 5444 1779 5518; x_wconf 76' lang='grc' dir='ltr'><em>’Δδὰμ</em></span> <span class='ocrx_word' id='word_1_765' title='bbox 1832 5452 1905 5505; x_wconf 76' lang='grc' dir='ltr'><em>ὲν.</em></span> 
     </span>
    </p>
   </div>
   <div class='ocr_carea' id='block_1_109' title="bbox 2006 5443 3597 5522">
    <p class='ocr_par' dir='ltr' id='par_1_109' title="bbox 2097 5449 3597 5522">
     <span class='ocr_line' id='line_1_109' title="bbox 2097 5449 3597 5522; baseline -0.003 -13"><span class='ocrx_word' id='word_1_766' title='bbox 2097 5453 2235 5509; x_wconf 77' lang='lat' dir='ltr'><strong><em>\‘lll.</em></strong></span> <span class='ocrx_word' id='word_1_767' title='bbox 2261 5454 2401 5520; x_wconf 85' lang='lat' dir='ltr'><strong><em>Quid</em></strong></span> <span class='ocrx_word' id='word_1_768' title='bbox 2470 5468 2599 5508; x_wconf 85' lang='lat' dir='ltr'><strong><em>vero</em></strong></span> <span class='ocrx_word' id='word_1_769' title='bbox 2653 5451 2777 5522; x_wconf 88' lang='lat' dir='ltr'><strong><em>quis</em></strong></span> <span class='ocrx_word' id='word_1_770' title='bbox 2812 5452 2880 5506; x_wconf 86' lang='lat' dir='ltr'><strong><em>de</em></strong></span> <span class='ocrx_word' id='word_1_771' title='bbox 2916 5450 3094 5521; x_wconf 88' lang='lat' dir='ltr'><strong><em>primo</em></strong></span> <span class='ocrx_word' id='word_1_772' title='bbox 3125 5456 3354 5519; x_wconf 89' lang='lat' dir='ltr'><strong><em>parente</em></strong></span> <span class='ocrx_word' id='word_1_773' title='bbox 3385 5449 3597 5505; x_wconf 83' lang='lat' dir='ltr'><strong><em>Adamo</em></strong></span> 
     </span>
    </p>
   </div>
   <div class='ocr_carea' id='block_1_110' title="bbox 327 5533 1905 5613">
    <p class='ocr_par' dir='ltr' id='par_1_110' title="bbox 327 5533 1905 5613">
     <span class='ocr_line' id='line_1_110' title="bbox 327 5533 1905 5613; baseline 0.004 -22"><span class='ocrx_word' id='word_1_774' title='bbox 327 5540 545 5610; x_wconf 72' lang='grc' dir='ltr'><em>νοήσειε</em></span> <span class='ocrx_word' id='word_1_775' title='bbox 572 5558 585 5573; x_wconf 68' lang='grc' dir='ltr'>θ</span> <span class='ocrx_word' id='word_1_776' title='bbox 618 5541 737 5604; x_wconf 83' lang='grc' dir='ltr'><em>πῶς</em></span> <span class='ocrx_word' id='word_1_777' title='bbox 751 5541 1068 5613; x_wconf 78' lang='grc' dir='ltr'><em>ἀμυθήτονς</em></span> <span class='ocrx_word' id='word_1_778' title='bbox 1087 5538 1187 5601; x_wconf 79' lang='grc' dir='ltr'><em>τὰς</em></span> <span class='ocrx_word' id='word_1_779' title='bbox 1197 5537 1307 5591; x_wconf 84' lang='grc' dir='ltr'><em>τῶν</em></span> <span class='ocrx_word' id='word_1_780' title='bbox 1329 5533 1533 5588; x_wconf 82' lang='grc' dir='ltr'><em>ὀδυνῶν</em></span> <span class='ocrx_word' id='word_1_781' title='bbox 1555 5536 1736 5605; x_wconf 80' lang='grc' dir='ltr'><em>αἰτίας</em></span> <span class='ocrx_word' id='word_1_782' title='bbox 1754 5541 1905 5613; x_wconf 78' lang='grc' dir='ltr'><em>ἔχων,</em></span> 
     </span>
    </p>
   </div>
   <div class='ocr_carea' id='block_1_111' title="bbox 2006 5533 3591 5613">
    <p class='ocr_par' dir='ltr' id='par_1_111' title="bbox 2025 5540 3591 5613">
     <span class='ocr_line' id='line_1_111' title="bbox 2025 5540 3591 5613; baseline -0.003 -14"><span class='ocrx_word' id='word_1_783' title='bbox 2025 5542 2389 5613; x_wconf 84' lang='lat' dir='ltr'><strong><em>cogitaverit?</em></strong></span> <span class='ocrx_word' id='word_1_784' title='bbox 2434 5542 2504 5599; x_wconf 88' lang='lat' dir='ltr'><strong><em>Ut</em></strong></span> <span class='ocrx_word' id='word_1_785' title='bbox 2536 5543 2785 5597; x_wconf 87' lang='lat' dir='ltr'><strong><em>dolorum</em></strong></span> <span class='ocrx_word' id='word_1_786' title='bbox 2841 5556 3038 5596; x_wconf 87' lang='lat' dir='ltr'><strong><em>causas</em></strong></span> <span class='ocrx_word' id='word_1_787' title='bbox 3090 5541 3327 5612; x_wconf 85' lang='lat' dir='ltr'><strong><em>majores</em></strong></span> <span class='ocrx_word' id='word_1_788' title='bbox 3367 5540 3591 5605; x_wconf 83' lang='lat' dir='ltr'><strong><em>habens,</em></strong></span> 
     </span>
    </p>
   </div>
   <div class='ocr_carea' id='block_1_112' title="bbox 422 5662 1905 5793">
    <p class='ocr_par' dir='ltr' id='par_1_112' title="bbox 422 5700 1902 5793">
     <span class='ocr_line' id='line_1_112' title="bbox 422 5700 1902 5793; baseline 0 -35"><span class='ocrx_word' id='word_1_789' title='bbox 422 5703 462 5735; x_wconf 80' lang='lat'>&quot;</span> <span class='ocrx_word' id='word_1_790' title='bbox 496 5700 701 5793; x_wconf 74' lang='lat' dir='ltr'><strong><em>Three.</em></strong></span> <span class='ocrx_word' id='word_1_791' title='bbox 734 5716 819 5771; x_wconf 81' lang='grc' dir='ltr'><em>ιιι,</em></span> <span class='ocrx_word' id='word_1_792' title='bbox 853 5700 944 5759; x_wconf 68' lang='grc'><strong><em>54.</em></strong></span> <span class='ocrx_word' id='word_1_793' title='bbox 1023 5703 1066 5735; x_wconf 78' lang='grc'><strong><em>⁸³</em></strong></span> <span class='ocrx_word' id='word_1_794' title='bbox 1102 5700 1246 5761; x_wconf 83' lang='lat' dir='ltr'><strong><em>Psal.</em></strong></span> <span class='ocrx_word' id='word_1_795' title='bbox 1280 5717 1356 5771; x_wconf 74' lang='grc' dir='ltr'><strong><em>ιι,</em></strong></span> <span class='ocrx_word' id='word_1_796' title='bbox 1387 5700 1441 5758; x_wconf 85' lang='grc'><em>6.</em></span> <span class='ocrx_word' id='word_1_797' title='bbox 1519 5704 1562 5737; x_wconf 85' lang='grc'><strong><em>¹³</em></strong></span> <span class='ocrx_word' id='word_1_798' title='bbox 1591 5701 1737 5762; x_wconf 85' lang='lat' dir='ltr'><strong><em>Psal.</em></strong></span> <span class='ocrx_word' id='word_1_799' title='bbox 1774 5717 1902 5761; x_wconf 80' lang='lat' dir='ltr'><strong><em>xcm</em></strong></span> 
     </span>
    </p>
   </div>
   <div class='ocr_carea' id='block_1_113' title="bbox 2006 5662 3206 5793">
    <p class='ocr_par' dir='ltr' id='par_1_113' title="bbox 2006 5701 3206 5776">
     <span class='ocr_line' id='line_1_113' title="bbox 2006 5701 3206 5776; baseline 0.003 -21"><span class='ocrx_word' id='word_1_800' title='bbox 2006 5746 2008 5755; x_wconf 96' lang='lat'><strong><em>.</em></strong></span> <span class='ocrx_word' id='word_1_801' title='bbox 2091 5703 2133 5735; x_wconf 75' lang='lat'>&quot;</span> <span class='ocrx_word' id='word_1_802' title='bbox 2162 5702 2308 5760; x_wconf 73' lang='lat' dir='ltr'><strong><em>Psal.</em></strong></span> <span class='ocrx_word' id='word_1_803' title='bbox 2343 5717 2486 5773; x_wconf 66' lang='grc' dir='ltr'><em>κων,</em></span> <span class='ocrx_word' id='word_1_804' title='bbox 2526 5703 2579 5760; x_wconf 70' lang='lat'><strong><em>4.</em></strong></span> <span class='ocrx_word' id='word_1_805' title='bbox 2661 5702 2702 5736; x_wconf 80' lang='lat'>&quot;</span> <span class='ocrx_word' id='word_1_806' title='bbox 2732 5701 2878 5762; x_wconf 82' lang='lat' dir='ltr'><strong><em>Psal.</em></strong></span> <span class='ocrx_word' id='word_1_807' title='bbox 2912 5718 3102 5776; x_wconf 68' lang='lat' dir='ltr'><strong><em>exul,</em></strong></span> <span class='ocrx_word' id='word_1_808' title='bbox 3153 5703 3206 5759; x_wconf 92' lang='lat'><strong><em>8.</em></strong></span> 
     </span>
    </p>
   </div>
  </div>
