4122 6212
557 270 662 336 57)

1830 263 2090 327 JACOBI
2133 262 2480 326 MONACHI

3228 150 3245 181 ἵ

3715 259 3821 324 580

557 397 724 454 quam
763 389 818 437 ut
839 379 1265 437 consolationem
1284 376 1662 442 admitterent,
1696 378 1901 432 luctum
1926 371 2134 447 lugeret

2251 375 2659 446 ἱπαρηγόρητον
2693 389 2805 443 ειχε
2849 372 2945 426 καὶ
2981 371 3044 425 τὸ
3076 370 3293 436 πένθος.
3325 354 3403 424 Οὖ
3431 370 3541 443 γὰρ
3563 369 3629 444 δὴ
3658 369 3821 443 μόνον

559 471 1051 531 inconeolabilem?
1100 469 1309 527 Nedum
1360 471 1509 527 enim
1551 470 1886 540 deceptionis
1916 480 2133 536 sensus,

558 563 847 631 exsiliiqne
893 560 1175 615 damnatio
1209 601 1226 626 ,
1265 560 1492 616 amissio
1542 560 1670 615 item
1722 559 1929 629 gratiae,
1975 566 2139 627 atque

561 655 630 709 ab
698 652 955 709 inetiabili
1017 653 1109 707 illo
1167 652 1376 709 honore
1430 653 1720 722 abruptum
1751 693 1768 717 ,
1834 649 2137 720 majestatis

563 744 759 797 divinae
813 753 1020 796 reatum
1077 743 1397 808 incurrisse,
1456 743 1610 798 triste
1662 742 1736 797 illi
1770 757 1836 797 ac
1887 757 2136 797 amarum

560 834 821 891 szeculum
858 832 1172 899 faciebant;
1200 849 1386 889 verum
1441 833 1605 888 etiam
1647 848 1770 887 cum
1818 841 2137 890 sanctorum

559 927 786 979 chorum
840 925 954 995 pari
1015 940 1203 980 secum
1257 926 1535 996 ergastulo
1583 926 1861 980 detentum
1907 927 2135 991 videret,

565 1032 901 1086 causamque
939 1017 1268 1072 detentionis
1294 1032 1360 1071 ac
1393 1018 1634 1073 carceris
1676 1018 1781 1073 sibi
1806 1017 1911 1088 ipsi
1935 1018 2140 1076 haerere

559 1113 911 1182 perspiceret,
946 1111 1230 1180 quidnam,
1267 1127 1400 1182 rogo
1432 1130 1448 1180 ;
1484 1113 1832 1183 patiebatur?
1862 1111 2137 1179 Quidnam

561 1204 871 1258 sustinebat
886 1203 1094 1257 doloris
1114 1203 1137 1257 ?
1156 1202 1434 1269 Quasnam
1474 1205 1712 1275 gemitus
1733 1204 1969 1260 edebat?
1996 1204 2140 1271 Qua-

563 1311 688 1351 nam
720 1295 976 1352 mmstitia
1011 1296 1345 1351 tenebatur?
1388 1296 1525 1364 Quis
1568 1312 1700 1353 vero
1731 1297 1850 1365 ejus
1873 1295 1927 1352 in
1962 1297 2141 1368 specie

562 1386 819 1456 ejulatns,
889 1387 1031 1458 stylo
1093 1387 1381 1458 complecti
1466 1388 1675 1459 queat?
1744 1388 1979 1444 lamenta
2031 1404 2132 1459 pro

565 1479 1038 1549 transgressione;
1076 1494 1369 1535 maerorem
1413 1493 1514 1545 pro
1553 1478 1899 1535 damnatione
1924 1495 1939 1544 ;
1964 1480 2141 1534 tristi-

568 1573 698 1624 tiam
726 1584 825 1639 pre
851 1569 1041 1626 mortis
1065 1570 1264 1640 poena?
1288 1570 1473 1640 jugera
1506 1570 1860 1626 conscientia:
1876 1570 2138 1639 judicent,

568 1678 728 1733 quem
772 1677 962 1718 severe
989 1662 1280 1718 admodum
1311 1677 1375 1717 ac
1400 1662 1537 1717 dure
1569 1662 1785 1733 generis
1815 1674 1983 1717 causa
2005 1674 2141 1717 con-

569 1757 912 1810 «lenmantem
941 1755 1316 1825 prospiceret?
1344 1768 1444 1810 nec
1476 1754 1622 1810 enim
1654 1768 1819 1826 grave
1846 1755 1983 1810 adeo
2017 1755 2143 1824 quis

571 1847 786 1913 habeat,
819 1855 878 1901 ut
901 1847 1049 1902 solus
1079 1847 1216 1916 ipse,
1254 1860 1351 1915 pro
1379 1846 1447 1901 iis
1497 1858 1619 1915 qua:
1652 1846 1917 1915 peccavit,
1950 1858 2144 1917 pinnas

572 1937 708 2003 luat,
770 1947 934 2007 atque
984 1946 1043 1991 ut
1095 1937 1233 1991 alios
1265 1937 1429 1991 etiam
1484 1936 1539 1990 in
1568 1937 1813 2002 easdem,
1840 1951 1939 1992 sua
1972 1938 2146 2008 ipsius

578 2029 886 2083 temeritate
947 2028 1229 2097 conjeclos
1295 2026 1582 2096 intelligat.
1612 2024 1750 2080 Nam
1785 2026 1892 2081 sibi
1922 2026 2142 2096 quidem

574 2134 751 2192 ptenae
783 2133 1006 2175 causam
1061 2119 1363 2186 ascribens,
1407 2118 1590 2174 solatii
1644 2118 1850 2187 aliquid
1904 2133 2146 2188 congrua

572 2215 788 2268 ratione
813 2212 1108 2291 percipiat:
1128 2226 1225 2284 pro
1242 2226 1308 2268 eo
1334 2222 1515 2266 autem
1546 2220 1607 2267 ut
1634 2212 1778 2274 aliis,
1809 2213 1903 2282 qui
1934 2211 2146 2267 innoxii

568 2305 879 2369 videantur,
907 2305 1153 2375 ejusdem
1196 2318 1381 2360 secum
1416 2319 1589 2373 paena:
1632 2312 1825 2359 auctor
1854 2304 2143 2372 exstiterit,

570 2411 735 2465 quam
765 2397 986 2451 demum
1016 2394 1450 2451 consolationem
1488 2395 1771 2450 inveniat?
1805 2394 1899 2451 Sic
1936 2407 2069 2450 sane
2093 2403 2148 2450 et

569 2490 782 2558 primus
812 2502 1032 2557 parens,
1084 2502 1196 2542 non
1251 2486 1427 2541 solum
1467 2502 1623 2553 suam
1677 2486 1795 2558 ipse
1831 2487 2150 2555 deplorabat

572 2579 875 2644 miseriam,
898 2594 1086 2633 verum
1110 2578 1276 2632 ctiam
1309 2593 1406 2647 pro
1438 2579 1691 2635 universo
1719 2594 1917 2651 genere
1936 2580 2149 2636 discru-

571 2673 844 2737 ciabatur,
870 2680 1132 2741 tantoque
1159 2671 1392 2741 amplius
1421 2686 1585 2742 quam
1627 2686 1727 2742 pro
1791 2673 1996 2743 seipso,
2037 2686 2148 2743 quo

572 2764 773 2836 seipse,
804 2764 1097 2834 primitias,
1125 2763 1325 2831 quibus
1350 2765 1545 2819 mortis
1597 2766 1868 2820 sententia
1899 2766 2147 2837 ingressa

575 2865 741 2921 esset,
771 2855 1172 2910 considerabat.
1212 2854 1352 2920 Quid
1375 2869 1505 2909 vero
1534 2870 1716 2926 operai
1748 2857 1981 2926 pretium
2004 2856 2149 2913 hunc

574 2948 695 3018 ejus
719 2947 964 3001 dolorem
998 2945 1053 3000 in
1088 2947 1550 3002 lamentationum
1579 2954 1958 3017 argumentum
1997 2948 2148 3004 adle-

2240 469 2274 540 ή
2300 469 2400 540 τῆς
2423 464 2795 538 παραφάσεως
2818 461 3198 533 συναίσθησις,
3225 462 3323 518 καὶ
3350 462 3384 535 ἠ
3414 464 3522 535 τῆς
3560 463 3821 530 ἀποικίας

2239 557 2508 630 καταδίκη
2541 573 2556 588 ο
2588 558 2652 611 τό
2682 573 2744 609 τε
2767 553 3122 627 γυμνωθῆναι
3140 553 3242 627 τῆς
3274 554 3520 626 χάριτος,
3579 555 3676 610 καὶ
3719 559 3821 629 τῆς

2238 653 2448 723 ἀφάτου
2477 651 2646 723 τιμῆς
2678 648 3089 723 ἀπορραγῆναι,
3129 649 3223 702 καὶ
3255 651 3336 712 εἰς
3362 648 3423 702 τὸ
3472 651 3572 720 τῆς
3624 650 3815 721 θνητό-

2238 761 2402 818 τητος
2441 742 2778 799 καταπεσεῖν
2832 741 3128 814 ἐπιτίμιον,
3181 739 3459 796 ἐπώδυνον
3525 740 3675 814 αὐτῷ
3723 742 3819 797 τὸν

2240 837 2415 893 αἰῶνα
2444 835 2667 891 διετίθει
2703 849 2720 867 ο
2761 833 2899 889 ἀλλὰ
2923 835 3017 888 καὶ
3043 833 3137 888 τὸν
3168 835 3332 905 χορὸν
3362 834 3474 888 τῶν
3497 834 3671 903 ἁγίων
3705 835 3822 890 ὲνο-

2219 931 2354 1003 ’ρῶν
2386 926 3030 998 συγκαθειρχθέντα,καὶ
3069 925 3170 998 τὴν
3213 925 3398 980 αἰτίαν
3445 927 3545 996 τῆς
3592 925 3822 998 καθείρ-

2243 1021 2378 1089 ξεως
2408 1021 2590 1091 ἑαυτῷ
2617 1016 3318 1090 περιαπτομένηνΐνορῶν,
3343 1016 3399 1071 τί
3426 1018 3513 1090 ἄρ’
3543 1016 3818 1090 ἐπασχενς

2240 1116 2374 1188 ὅσην
2399 1115 2503 1186 τὴν
2541 1116 2736 1188 ὀδύνην
2770 1113 3042 1184 ὑπέμενεν
3079 1129 3095 1178 ;
3131 1110 3252 1176 οῐας
3282 1110 3385 1173 τὰς
3426 1110 3672 1181 οἰμωγὰς
3693 1110 3821 1165 ἀνέ-

2239 1228 2428 1282 πεμπε
2454 1227 2471 1278 ;
2501 1211 2624 1264 τίνα
2648 1208 2747 1281 τὴν
2776 1206 3017 1278 ἀθυμίαν
3042 1200 3193 1277 εἷχε;
3225 1205 3337 1260 Καὶ
3365 1203 3452 1268 τίς
3487 1203 3554 1258 ἂν
3589 1203 3690 1267 τὰς
3723 1204 3824 1257 αὑ-

2240 1302 2337 1358 τοῦ
2401 1303 2523 1357 κατ’
2567 1297 2709 1366 εῐδος
2763 1298 3107 1373 περιγράψαι
3159 1296 3414 1369 δυνηθείη
3460 1295 3819 1366 δλοφύρσειςς

2240 1396 2332 1451 τὸν
2360 1395 2458 1468 τῆς
2496 1394 2783 1465 παρακοῆς
2804 1393 3004 1464 θρῆνον
3038 1387 3165 1455 ’τὰς
3206 1392 3305 1461 τῆς
3329 1391 3629 1461 καταδίκης
3645 1388 3820 1452 ἀνίας*

2240 1489 2303 1543 τὸ
2335 1487 2580 1559 λυπηρὸν
2601 1486 2702 1558 τῆς
2733 1485 2829 1539 τοῦ
2857 1484 3093 1539 θανάτου
3116 1483 3391 1555 τιμωρίας
3432 1498 3448 1514 ο
3477 1482 3572 1558 τδν
3596 1482 3820 1553 διηνεκῆ

2241 1576 2338 1636 τοῦ
2401 1579 2704 1643 συνειδότος
2756 1576 3040 1649 δικαστὴν,
3109 1572 3171 1630 δν
3214 1574 3303 1630 διὰ
3356 1572 3419 1630 τὸ
3466 1575 3624 1645 γένος
3678 1575 3823 1630 διπαν

2243 1673 2495 1744 χαλεπῶς
2543 1664 2976 1733 καταδικάζοντα
3029 1669 3339 1741 προωρᾶτο.
3371 1664 3467 1733 {Ub
3512 1667 3625 1739 γὰρ
3680 1664 3825 1720 οὕτω

2244 1766 2417 1821 δεινὸν
2473 1760 2692 1835 ἡγεῖταί
2725 1775 2831 1831 τις,
2863 1760 3071 1816 ὁπόταν
3115 1760 3213 1833 μὲν
3239 1756 3404 1823 αὐτὸς
3444 1756 3554 1813 τῶν
3608 1758 3823 1813 οἰκείων

2243 1858 2662 1931 ἁμαρτημάτων
2699 1857 2859 1929 δίκην
2887 1850 3121 1918 δίδωσιν,
3142 1853 3219 1918 ὡς
3268 1853 3436 1924 ἡνίκα
3475 1850 3598 1915 ταῖς
3658 1849 3826 1904 αὐτοῦ

2246 1950 2668 2023 συμπάσχοντας
2723 1944 3030 2011 ἀδουλίαις,
3081 1946 3176 2000 καὶ
3221 1944 3444 2015 ἑτέρους
3489 1943 3825 1996 κατανοοῐτο.

2256 2039 2470 2112 Ἐαυτῷ
2505 2040 2606 2111 μὲν
2637 2037 3002 2111 γάρείκότως
3032 2036 3099 2091 ἂν
3124 2033 3449 2106 ἐπιγράφων
3485 2032 3585 2104 τὴν
3645 2032 3827 2086 αἰτίαν

2244 2136 2345 2205 τῆς
2367 2132 2667 2205 τιμωρίας,
2714 2129 2939 2201 εὔλογον
2972 2126 3530 2202 παρηγορηθήσεταιδ
3564 2127 3696 2198 περί
3754 2118 3828 2179 ὧν

2245 2227 2303 2281 δὲ
2333 2226 2559 2298 ἀφορμὴ
2587 2223 2915 2280 καθίσταται
2942 2220 3038 2277 τοῦ
3059 2223 3406 2294 συμπάσχειν
3429 2220 3651 2297 ἑτέρους
3672 2221 3831 2273 ἀνευ-

2249 2318 2442 2382 θύνους
2467 2314 2609 2372 εἶναι
2635 2314 2947 2382 δοκοῦντας,
2976 2315 3099 2369 τίνα
3129 2314 3229 2385 τὴν
3252 2310 3610 2384 παραμυθίαν
3662 2309 3829 2382 εὑρή-

2250 2426 2366 2476 σεις
2396 2407 2554 2463 Οὕτω
2575 2408 2639 2480 δὴ
2674 2410 2770 2462 καὶ
2794 2410 2822 2461 ό
2843 2405 3149 2476 προπάτωρ
3172 2407 3204 2476 ἡ
3215 2405 3352 2476 μῶν,
3402 2404 3461 2457 οὐ
3518 2402 3681 2474 μόνον
3732 2402 3830 2473 τὴν

2248 2501 2456 2556 οἰκείαν
2484 2499 2907 2571 κατωλοφύρετο
2936 2495 3339 2568 ταλαιπωρίαν,
3378 2492 3537 2559 ἀλλὰ,
3566 2494 3659 2547 καὶ
3689 2492 3831 2565 ὑπὲρ

2249 2593 2455 2657 παντὸς
2479 2590 2720 2647 ὠδυνᾶτο
2771 2591 2865 2645 τοῦ
2893 2590 3106 2660 γένους,
3141 2587 3238 2642 καί⁸
3262 2587 3463 2658 μᾶλλον
3485 2584 3520 2659 ἢ
3553 2587 3682 2658 περί
3707 2587 3831 2640 ἐαυ-

2248 2684 2368 2753 τοῦ,
2397 2688 2521 2741 ὅσον
2551 2682 2807 2756 ἀπαρχὴν
2853 2680 3044 2735 ἑαυτὸν
3065 2675 3165 2747 τῆς
3196 2674 3292 2733 τοῦ
3321 2678 3552 2734 θανάτου
3581 2678 3831 2734 κατενόει

2251 2777 2462 2834 εἰσόδου
2517 2778 2618 2850 τῆς
2664 2774 2870 2846 ψήφου.
2911 2773 3024 2828 Καὶ
3059 2773 3111 2827 τί
3159 2767 3240 2826 δεῖ
3274 2768 3374 2842 τὴν
3423 2768 3587 2825 αὐτοῦ
3629 2768 3832 2840 ταύτην

2250 2869 2442 2941 ὀδύνην
2486 2864 2567 2933 εἰς
2619 2865 2837 2938 θρήνων
2906 2864 3164 2935 ἀφορμὴν
3216 2861 3567 2930 καταλέγειν,
3630 2861 3832 2925 παντὸς

2252 2960 2510 3015 ὑπόθεσιν
2540 2955 2794 3022 πένθους,
2825 2954 2924 3027 τὴν
2955 2953 3149 3025 πρώην
3174 2950 3443 3024 μονῳδίας
3472 2944 3835 3020 ὑπερϐαινοῦ-

574 3054 724 3109 gere,
789 3038 1015 3108 antiqua
1086 3039 1296 3104 naenia,
1341 3053 1560 3094 omnem
1612 3039 1792 3095 luctus
1861 3040 2146 3096 materiam

2254 3066 2389 3121 σης;
2422 3050 2486 3104 El
2505 3050 2616 3122 γάρ
2646 3062 2730 3112 τις
2758 3049 2860 3112 τὰς
2889 3042 3286 3112 ὲλεεινολογίας
3315 3041 3531 3103 ὲκείνας
3564 3040 3653 3095 ἐπ’
3707 3039 3832 3110 δφιν

579 3129 916 3200 superante?
946 3128 1015 3185 Ut
1045 3129 1172 3200 quis
1199 3130 1344 3185 enim
1365 3130 1551 3186 tristes
1578 3130 1700 3187 illas
1734 3130 2150 3187 lamentationes

580 3221 684 3275 sub
718 3220 970 3274 obtutum
996 3219 1131 3274 velit
1152 3219 1443 3287 adducere,
1476 3234 1615 3290 quas
1667 3220 1759 3276 ille
1785 3235 1957 3291 nuper
1988 3235 2151 3290 para-

576 3313 698 3368 diso
729 3310 939 3381 ejectus
990 3310 1205 3381 lugubri
1235 3310 1458 3382 planctu
1516 3320 1843 3381 prosecutus
1889 3321 1994 3376 est,
2033 3322 2150 3366 rem

578 3404 817 3459 inveniet
854 3402 1003 3457 omni
1061 3402 1328 3473 majorem
1370 3402 1766 3457 consolatione.
1815 3400 1957 3469 Quid
2002 3402 2149 3457 enim

579 3513 688 3552 non
735 3497 1162 3569 dixit‘ﬁQuem;
1185 3512 1294 3553 non
1331 3487 1609 3575 planctum
1640 3496 1799 3567 egit?
1827 3496 2003 3563 Quam
2038 3507 2153 3551 non

578 3589 770 3659 pansit
828 3589 1317 3644 lamentationem?
1370 3588 1651 3659 Ejusmodi
1679 3588 1820 3644 forte
1860 3588 2153 3659 gemitibus

583 3680 745 3734 verba
773 3681 1157 3746 commiscens,
1194 3680 1498 3751 lugubriter
1524 3679 1865 3736 acrlamabat
1924 3679 2148 3734 dicens:

648 3768 743 3822 IX.
789 3768 834 3825 0
874 3785 1035 3839 quam
1069 3769 1209 3839 felici
1240 3770 1358 3824 vita
1400 3779 1544 3822 statu
1594 3769 1866 3823 miseriam
1918 3781 2155 3822 commu-

579 3862 685 3917 tavi
713 3862 734 3915 ί
759 3859 922 3927 Quali
956 3877 1073 3914 sum
1151 3860 1396 3915 addictus
1432 3861 1654 3915 exsilio!
1679 3859 1724 3917 0
1768 3861 1968 3915 malum
2017 3859 2154 3914 illud

580 3955 969 4023 profanumque
994 3952 1298 4019 consilium,
1328 3953 1466 4022 quod
1497 3953 1846 4017 deceptionem
1908 3969 1971 4007 ac
2002 3953 2155 4022 {rau-

576 4046 697 4096 dem
725 4044 930 4107 texuit;
960 4041 1098 4113 quod
1111 4042 1303 4096 lethale
1321 4042 1463 4095 virus
1491 4043 1620 4096 meis
1647 4042 1866 4096 auribus
1893 4042 2154 4097 immisit!

584 4134 628 4187 0
653 4135 833 4188 littoris
863 4134 1097 4202 plenam,
1138 4148 1204 4187 ac
1237 4132 1539 4187 invidentia:
1588 4133 2001 4202 perversitatem,
2036 4149 2154 4203 qua:

581 4227 864 4279 exitiosum
901 4227 1149 4279 nuntium
1181 4223 1401 4278 attulit!
1426 4222 1471 4280 0
1503 4224 1714 4290 mulier,
1740 4225 2001 4294 quomodo
2027 4238 2155 4278 acu-

586 4327 695 4368 tum
728 4318 779 4369 in
809 4333 901 4369 nos
928 4315 1166 4386 gladium
1199 4316 1451 4385 inferens,
1501 4332 1604 4369 non
1629 4314 1980 4370 intellexisti?
2002 4315 2153 4381 Quo-

2249 3142 2478 3210 ἀγαγεῖν
2510 3136 2823 3211 βουληθείη,
2858 3134 2925 3201 ἃς
2952 3134 3183 3205 ἔναγχος
3215 3129 3621 3203 ἐκϐεϐλημένος
3661 3131 3827 3202 ὲτρα-

2247 3231 2462 3303 γῴδησε
2483 3229 2579 3285 τοῦ
2603 3228 2957 3302 παραδείσου,
2974 3227 3199 3298 εὑρήσει
3226 3222 3594 3294 τὸλεγόμενον
3612 3221 3833 3291 ἀπαρα-

2252 3324 2515 3396 μύθητον.
2563 3323 2631 3376 Τί
2668 3321 2779 3393 γὰρ
2813 3321 2915 3375 οὐκ
2942 3318 3011 3374 ἃν
3055 3314 3216 3385 εἶπες
3271 3315 3395 3371 τίνα
3442 3315 3675 3370 κοπετὸν
3733 3313 3835 3368 οὐκ

2250 3418 2519 3489 ἑκόψατος
2547 3418 2671 3471 τίνα
2697 3412 3005 3487 θρηνῳδίαν
3029 3412 3129 3467 οὐκ
3143 3409 3372 3476 ἔπλεξες
3395 3408 3536 3480 τάχα
3559 3407 3833 3473 τοιούτους

2249 3512 2372 3574 ταῖς
2420 3507 2690 3581 οἰμωγαῖς
2749 3504 3025 3579 ἀναμίξας
3094 3503 3224 3568 τοὺς
3282 3500 3510 3572 λόγους,
3559 3499 3834 3573 ὀδυνηρῶς

2250 3600 2476 3665 ἐπεϐόα,

2323 3783 2404 3838 8'.
2435 3783 2500 3837 Ὠ
2530 3783 2662 3848 οἵας
2692 3795 2801 3849 της
2826 3782 3128 3851 μακαρίας
3150 3778 3468 3852 διαγωγῆς,
3499 3783 3617 3851 τὴν
3645 3782 3838 3839 ταλαι-

2253 3870 2483 3943 πωρίαν
2503 3870 2979 3942 ἀντημαξάμην
2998 3871 3019 3926 !
3039 3873 3175 3927 οἵαν
3191 3872 3303 3941 τὴν
3321 3875 3638 3942 adportata?
3661 3890 3837 3928 κατε·

2252 3965 2586 4033 δικὰσθηνί
2617 3965 2678 4017 Ὦ
2702 3964 2973 4034 ,πονηρᾶς
3005 3965 3244 4036 ἐκείνης
3270 3966 3369 4021 καί
3392 3967 3647 4022 ἀνοσίου
3684 3981 3840 4034 συμο

2252 4047 2710 4119 ϐουλῆςίἿιτις
2736 4053 2856 4120 τὴν
2917 4052 3149 4122 ἀπάτην
3216 4053 3601 4121 συνέπλεξεν
3631 4068 3647 4090 δ
3708 4057 3841 4126 ἣτις

2253 4141 2356 4197 τὸν
2396 4144 2815 4213 θανατηφόρον
2863 4144 2957 4198 ῑὺν
3012 4144 3083 4199 ἐν
3137 4146 3260 4212 τοῖς
3315 4146 3479 4218 ἐμοῖς
3526 4147 3842 4218 ἐπαφῆκεν

2248 4233 2443 4290 ὼσίνί
2472 4236 2541 4290 Ὦ
2562 4235 2863 4305 φθονερᾶς
2892 4238 2992 4290 καί
3011 4236 3354 4306 μισοκάλου
3378 4241 3697 4307 σκαιωρίας
3728 4239 3840 4307 τῆς

2254 4324 2371 4391 τὴν
2426 4324 2707 4394 ὀλεθρίαν
2761 4327 3105 4396 κομισάσης
3143 4329 3472 4400 ἀγγελίαν]
3526 4330 3589 4384 Ὦ
3639 4330 3841 4400 γύναι,

583 4407 738 4460 modo
778 4424 880 4460 non
934 4408 1245 4476 perspexisti
1287 4407 1426 4477 ferre
1478 4417 1527 4461 te
1570 4410 1623 4462 in
1673 4406 1855 4477 lingua
1892 4407 2149 4462 mortem?

2259 4414 2386 4481 πῶς
2414 4413 2480 4469 τὸ
2506 4416 2634 4471 καθ’
2665 4414 2836 4484 ἡμῶν
2869 4417 3250 4486 ἠκονημένον
3274 4417 3645 4488 ἐπιφέρουσα
3665 4419 3843 4489 ξίφος

588 4494 785 4567 thuid
836 4502 1037 4551 malum
1098 4498 1194 4550 hoc
1260 4498 1623 4566 excogitasti?
1674 4495 1793 4550 Heu
1827 4496 1945 4550 me!
1985 4496 2157 4561 Quam

590 4604 882 4656 receperam
953 4588 1291 4655 adjutricem,
1327 4588 1712 4661 insidiatricem
1761 4589 1953 4644 inveni.
1986 4588 2158 4655 Quam

583 4697 637 4733 tn
712 4680 860 4734 bonis
937 4680 1324 4734 auxiliaturam
1383 4682 1705 4750 sperabam,
1770 4682 2160 4736 contrariorum

583 4773 873 4825 auctricem
896 4772 1178 4841 perspicio.
1195 4770 1487 4826 Jlembrum
1513 4788 1704 4834 meum,
1726 4774 1942 4827 exitiale
1963 4774 2158 4830 telum:

587 4864 718 4927 Qua:
764 4863 1093 4915 matrimonii
1114 4862 1236 4931 jure
1271 4862 1461 4933 juncta
1497 4863 1679 4931 [ueras
1723 4866 1777 4917 in
1809 4864 2157 4934 adjutorinm,

585 4972 692 5008 una
718 4955 1017 5024 expellendi
1062 4955 1341 5009 consilium
1394 4956 1588 5010 iniisti.
1634 4954 1832 5027 thuid
1883 4958 2021 5011 enim
2047 4973 2160 5012 ser-

584 5045 1019 5115 penticredidisti
1042 5045 1067 5098 ?
1094 5043 1448 5109 Quamobrem
1479 5060 1600 5099 vero
1632 5047 1810 5100 relicto
1842 5056 1930 5099 tuo
1963 5047 2160 5115 capite,

584 5155 737 5209 vaga,
769 5155 831 5192 ac
853 5139 1126 5192 interitum
1147 5140 1406 5192 asciscens
1428 5138 1757 5192 circumisti?
1794 5140 1968 5205 Quare
1984 5139 2165 5194 subdi-

589 5241 762 5284 torum
823 5231 1031 5284 cessisti
1087 5230 1356 5285 consilio?
1414 5229 1666 5299 Prw/ccli
1700 5246 1912 5285 eramus
1956 5239 2013 5285 ut
2047 5232 2163 5285 ani-

589 5322 861 5374 mantibus
932 5322 1098 5374 brutis
1159 5324 1572 5392 imperaremus,
1636 5337 1742 5375 non
1793 5338 1977 5376 earum
2027 5322 2165 5383 iussi

589 5412 811 5480 imperio
839 5425 1066 5477 parere:
1098 5422 1155 5465 ut
1196 5429 1380 5467 earum
1427 5414 1720 5482 potiremur
1749 5413 2005 5479 dominio,
2058 5432 2165 5469 non

592 5514 646 5556 ut
676 5502 784 5556 illa:
817 5512 1017 5557 nostro.
1050 5502 1094 5559 0
1115 5505 1500 5574 deprecandam
1546 5521 1609 5558 ac
1663 5505 1868 5558 tristem
1910 5506 2168 5561 mutatio—

591 5591 750 5647 nem!
790 5592 893 5656 Qui
919 5593 1124 5661 imperii
1160 5595 1417 5663 dignitate
1447 5596 1752 5648 honestatus
1777 5611 1945 5661 eram,
1981 5595 2167 5651 subdi-

597 5686 661 5743 tis
689 5684 1051 5739 inhonoratior
1082 5684 1302 5742 exsisto.
1353 5686 1457 5752 Qui
1500 5686 1699 5756 regiam
1727 5694 2038 5744 potestatem
2077 5691 2165 5745 in-

2264 4512 2339 4564 οὺ
2399 4509 2747 4577 κατενόειςς
2774 4509 2901 4576 πῶς
2931 4510 3002 4564 ἐν
3026 4509 3258 4582 τλώττῃ
3300 4512 3407 4566 τὸν
3454 4512 3716 4566 θάνατον
3767 4513 3841 4566 οὐ

2264 4598 2574 4667 συνσώρας
2620 4599 3064 4666 ,βαστάζουσιη
3109 4601 3173 4655 Τί
3219 4602 3287 4654 τὸ
3337 4601 3608 4670 χαλεπὸν
3666 4600 3844 4655 τοῦτο

2264 4691 2598 4760 ἐποίησας;
2631 4692 2839 4762 Οἵμοιί
2866 4691 2948 4761 ἣν
2969 4693 3206 4761 ,βοηθὸν
3248 4692 3551 4763 ἐδεξάμην
3572 4733 3587 4759 ,
3617 4692 3844 4759 ταύτην

2264 4780 2593 4839 ἐπίϐουλον
2620 4780 2803 4852 εὖρον
2824 4798 2840 4814 ·
2866 4783 2948 4852 ἣν
2976 4788 3276 4855 συνεργὸν
3304 4781 3557 4854 ἤλπιζον
3595 4784 3667 4839 ἐν
3720 4785 3844 4850 τοῖς

2267 4875 2499 4943 καλοῖς,
2533 4877 2767 4946 ταύτην
2793 4875 2913 4931 τῶν
2958 4878 3251 4932 ἐναντίων
3310 4877 3610 4946 πρόξενον
3667 4892 3847 4931 κατα-

2266 4964 2415 5020 νοῶ.
2445 4967 2518 5021 Τὸ
2550 4967 2699 5035 ἐμὸν
2730 4967 2939 5036 μέλος,
2964 4968 3342 5036 ἀναιρετικὸν
3373 4967 3581 5035 βέλος.
3654 4969 3723 5022 Ἥ
3760 4970 3846 5035 εἰς

2263 5052 2557 5118 ,βοήθειαν
2595 5052 3063 5123 συνεζευγμέναι,
3101 5054 3401 5109 συνωθεῖν
3449 5053 3840 5125 ἐμελέτησας.

2275 5144 2336 5196 Τί
2359 5144 2469 5211 γὰρ
2507 5142 2588 5209 τῷ
2621 5144 2751 5214 ὄφει
2780 5145 3066 5210 exsiliat);
3096 5147 3152 5199 τί
3183 5145 3252 5199 δὲ
3270 5145 3386 5214 τὴν
3424 5146 3551 5213 σὴν
3599 5146 3848 5214 ἐγκατα-

2268 5235 2541 5303 λείψασα
2563 5235 2860 5304 κεφαλὴν,
2892 5235 3172 5305 περιῆγες
3196 5237 3577 5304 πλανωμένη,
3610 5235 3711 5289 καί
3743 5234 3852 5289 τὸν

2273 5326 2524 5394 ὄλεθρον
2551 5326 2969 5398 ἐπεισάγουσα
2999 5345 3015 5394 ;
3047 5329 3205 5384 διατι
3230 5327 3307 5398 τῇ
3345 5328 3464 5383 τῶν
3494 5328 3853 5398 ὑποχειρίων

2277 5416 2531 5483 ὑπεῖξας
2570 5417 2927 5487 συμϐουλῇ;
2961 5419 3204 5489 ’Λρχειν
3265 5421 3495 5474 τούτων
3530 5420 3853 5488 enim,

2266 5508 2354 5577 μὴ
2393 5507 2683 5577 ἄρχεσθαι
2726 5511 2830 5564 ὑπ’
2877 5509 3079 5565 αὐτῶν
3124 5511 3581 5582 προσετάγημεν
3605 5526 3620 5541 ⁸
3677 5510 3859 5575 ,βασι-

2270 5601 2476 5655 λεύειν
2512 5600 2711 5655 αὐτῶν
2743 5617 2758 5632 ο
2785 5601 2872 5672 μὴ
2897 5603 3008 5673 γὰρ
3036 5604 3478 5669 ,ϐασιλεύεσθαι
3517 5599 3855 5659 ὑπἀῠτῶν.

2277 5694 2350 5749 Ὠ
2381 5694 2491 5765 τῆς
2519 5693 2891 5764 ἀπευκταίας
2916 5695 3260 5769 μεταϐολῆς
3282 5696 3303 5751 !
3329 5696 3392 5751 '0
3422 5696 3503 5764 τῷ
3530 5693 3636 5767 τῆς
3666 5690 3860 5765 ἀρχῆς
