4122 6212
423 250 525 316 531

1240 243 1523 304 ORATIO
1565 243 1643 303 IN
1687 239 2212 304 NATIVITATEM
2252 240 2357 299 SS.
2388 240 2764 302 DEIPARAS.

3581 236 3687 308 532

415 355 806 429 τετιμημένος
825 354 1130 424 ἀξιώματι,
1178 352 1318 435 τῶν*
1336 354 1689 422 ἀρχομένων
1735 352 1999 421 ἀτιμότε-

2110 350 2271 403 dutus
2297 362 2465 416 eram,
2491 351 2741 419 pelticeas
2799 347 3006 402 tunicas
3056 348 3227 402 indui.
3267 348 3372 415 Qui
3395 350 3530 405 velut
3560 370 3689 422 pur-

407 467 536 522 μος.
605 447 669 499 ’0
721 446 837 512 τὴν
875 446 1201 510 ,βασίλειον
1281 444 1794 512 περιϐαλλόμενος
1834 443 2000 505 ἐξου-

411 536 579 601 σίαν,
612 534 756 601 τοὺς
783 534 1178 602 δερματίνους
1237 532 1661 602 περιϐέϐλημαι
1719 531 1997 602 χιτῶνας.

425 629 491 679 '0
515 625 782 694 καθάπερ
807 624 1127 694 πορφυρίδι
1153 622 1226 692 τῇ
1264 623 1374 677 τοῦ
1421 622 1550 677 κατ’
1598 625 1804 678 εἰκόνα
1853 640 2001 693 σεμ-

415 719 753 787 νυνόμενος
800 717 1134 785 ὼραιότητι,
1189 715 1261 784 τῇ
1316 717 1580 785 αἰσχύνῃ
1627 718 2003 786 καλύπτομαι

416 811 529 879 τῆς
554 808 890 879 παρακοῆς.
926 810 987 862 Ὢ
1026 807 1257 876 πικρῶν
1275 807 1562 877 ῥημάτων
1584 807 1703 862 τῶν
1719 809 2000 877 διακονη-

417 903 699 971 σαμένων
746 902 946 969 φθόνῳ
970 901 989 953 .'
1018 902 1086 953 Ὢ
1139 901 1491 967 βασκανίας
1537 901 1649 968 τῆς
1695 902 2003 967 τοσαύτην

416 991 913 1059 ἀποσλιεησάσης
946 991 1156 1055 δόξαν,
1178 992 1290 1060 τῆς
1323 992 1440 1060 τὴν
1464 992 1619 1061 ἐμὴν
1640 992 2004 1060 εὐπρέπειαν

417 1083 870 1154 περιελούσηςί
913 1086 967 1135 '0
999 1083 1069 1136 ἐν
1084 1084 1430 1151 παραδείσῳ
1470 1083 1873 1152 διαιτώμενος,
1931 1085 2003 1136 ἐν

415 1179 669 1247 ἐργασίᾳ
747 1175 1251 1246 ταλαιπωροῦμαι.
1330 1177 1395 1230 '0
1451 1178 1791 1245 παρρησίας
1849 1176 1999 1230 ἀπο-

417 1271 658 1333 λαύων,
722 1268 793 1321 ἐν
848 1270 1142 1337 κατηφείᾳ
1203 1267 1478 1322 διατελῶ.
1569 1269 1631 1322 Τί
1704 1267 1997 1331 πέπονθα,

419 1364 453 1413 ό
494 1360 888 1428 περίϐλεπτος
932 1357 1007 1427 τῇ
1066 1359 1296 1420 κτίσει,
1355 1359 1807 1427 πολυθρήνητος
1864 1359 2002 1412 ταύυ

418 1471 526 1522 τῃ;
572 1450 696 1518 πῶς
755 1452 887 1506 κατ’
934 1452 1197 1522 ἐμαυτοῦ
1239 1451 1306 1504 τὸ
1371 1450 1550 1519 ξίφος
1590 1448 1830 1515 ὥθησα;
1873 1449 2001 1516 πῶς

420 1547 609 1612 vinela
680 1542 849 1613 δεξιᾷ
920 1545 1029 1598 τὸν
1098 1543 1360 1599 θάνατον
1420 1544 1876 1612 ἀπεσπασὰμην
1933 1542 1997 1615 [Γ.

420 1634 616 1707 ἑπεσ.]
643 1638 747 1702 ;”Ω
790 1637 901 1705 τῆς
943 1636 1052 1691 τοῦ
1098 1638 1326 1706 φθόνου
1380 1634 1637 1704 φονικῆς
1689 1636 2001 1703 ἐπηρείας]

424 1729 490 1780 Ὤ
508 1727 879 1781 ἀνελπίστου
891 1726 1256 1795 μεταϐολῆς]
1271 1727 1372 1780 Ἐκ
1389 1727 1495 1780 τοῦ
1512 1726 1998 1803 ὑπερϐάλλοντος
2035 1718 2073 1770 Β

420 1819 785 1884 πλούτουεις
832 1819 1287 1887 ὑπεραίρουσαν
1327 1820 1711 1885 κατηνέχθην
1747 1817 1996 1872 πενίαν·

419 1913 486 1963 ἐκ
510 1912 838 1977 ,ϐασιλείας
868 1914 957 1978 είς
982 1910 1294 1968 ιδιωτείαν.
1345 1912 1400 1963 '0
1434 1908 1674 1981 ὑψηλὸς
1703 1913 1829 1977 τοῖς
1853 1915 1996 1964 erro-

424 2000 830 2069 τεταγμένοις,
866 2003 1286 2070 ταπεινότερος
1312 2003 1597 2057 ἀπάντων
1628 2020 1642 2033 ·
1667 2007 1699 2056 ό
1725 2004 1998 2072 φοϐερὸς,

424 2093 747 2164 περίφοϐος
776 2112 790 2127 ο
828 2095 1047 2164 ἄδοξος
1082 2100 1115 2151 ό
1136 2097 1207 2151 ἑν
1234 2095 1500 2164 εὐδοξίᾳ.
1554 2094 1844 2164 Περιέστη
1899 2114 2002 2166 μοι

424 2185 543 2238 νῦν
574 2185 612 2254 η
642 2186 754 2256 τῆς
788 2186 1020 2257 τρυφῆς
1067 2188 1414 2255 ἀπόλαυσις
1469 2192 1556 2254 εὶς
1609 2192 2003 2259 πολύμοχθον

423 2278 733 2347 ἐργασίαν,
768 2280 865 2334 καὶ
895 2283 929 2334 ό
962 2280 1037 2352 τῇ
1088 2281 1282 2351 χάριτι
1348 2282 1753 2349 πιαινόμενος,
1804 2283 2002 2352 ἱδρῶτι

426 2372 802 2442 περιρρέομαι
826 2391 838 2404 ·
870 2378 902 2430 ό
929 2374 1005 2444 τῇ
1051 2376 1204 2444 δόξῃ
1237 2375 1689 2445 ἐστολισμένος,
1743 2379 1998 2447 τυμνόςδ

428 2462 660 2531 ἄτιμος,
690 2467 724 2518 ό
775 2464 1164 2536 τετιμημένος
1195 2480 1210 2496 ⁶
1243 2465 1555 2534 ἐξόριστος
1598 2469 1631 2519 ό
1684 2466 2000 2531 βασιλεύς.

432 2555 557 2608 Ποῦ
584 2569 729 2611 ποτε
750 2553 850 2628 ἧς,
873 2557 912 2624 ἠ
941 2558 1206 2626 μακαρία
1232 2556 1491 2627 διαγωγή
1527 2558 1687 2621 Hrofi
1711 2559 1750 2626 ή
1779 2558 2005 2611 ἀνώλε-

425 2649 570 2712 θρος
593 2647 787 2717 τρυφή
814 2647 971 2711 ;ποῦ
998 2651 1036 2718 ἡ
1069 2647 1378 2713 ἀνώδυνος
1400 2646 1667 2717 διατριϐή
1691 2662 1710 2709 ;
1732 2648 1859 2713 πῶς
1896 2649 2006 2702 τὸν

422 2738 548 2792 σὸν
573 2740 968 2809 ἀπεσυλήθης
992 2743 1255 2811 φύλακα,
1288 2738 1335 2794 ὦ
1361 2740 1688 2809 παράδεισε
1713 2740 1852 2805 θεῖε,
1902 2740 2003 2794 καὶ

423 2825 621 2896 χῶρος
650 2829 837 2899 ἅγιος,
861 2829 960 2884 καὶ
982 2828 1233 2899 ποθεινὴ
1262 2831 1611 2896 ἀπόλαυσις
1642 2846 1662 2896 ;
1693 2829 1880 2898 Δεῦρό
1900 2844 2004 2900 μοι

432 2918 567 2970 rer”
588 2920 814 2989 θρῆνον
871 2923 1382 2992 συνερανίσασθε.
1457 2922 1919 2992 Συμπένθησον,
1964 2925 2003 2993 ή

2103 457 2239 507 pura
2278 443 2528 512 imaginis
2581 444 2766 497 decore
2805 441 3146 506 honestabar,
3194 442 3559 498 inobedientia:
3590 460 3690 513 pu-

2103 531 2230 584 dore
2254 534 2483 600 operior.
2529 530 2574 585 Ο
2615 547 2807 584 amara
2849 531 3026 595 verba,
3085 548 3203 601 qua:
3252 533 3466 588 invidia:
3493 537 3688 590 servie-

2104 623 2269 676 runt!
2298 622 2343 678 0
2370 623 2609 687 livorem,
2643 623 2899 693 ingentem
2929 622 3057 676 adeo
3093 622 3315 693 gloriam
3348 626 3642 693 prmdatum
3661 642 3683 691 ;

2103 718 2291 787 quique
2313 716 2549 771 decorem
2587 716 2805 770 abstulit
2846 716 3060 769 meum!
3090 718 3194 781 Qui
3224 717 3388 771 vitam
3430 719 3484 772 in
3516 735 3684 789 para-

2101 810 2220 864 diso
2277 811 2536 881 agebam,
2593 808 2861 879 operando
2926 812 3180 864 teruntnis
3230 812 3505 880 conﬁcior.
3579 811 3685 878 Qui

2106 901 2347 955 libertate
2368 902 2629 971 patiebar,
2664 903 2834 956 tristis
2856 919 2918 955 ac
2941 901 3192 971 confusus
3224 919 3344 972 ago.
3373 904 3516 969 Quid
3554 906 3684 958 mihi

2103 992 2199 1045 hoc
2227 994 2419 1045 accidit
2445 992 2467 1046 .'
2496 992 2599 1058 Qui
2630 996 2921 1058 creatis,ac
2945 1002 3151 1047 natura
3176 996 3497 1064 spectabilis,
3515 998 3683 1051 eidem

2103 1084 2368 1154 impendio
2396 1075 2793 1140 lamentabilis.
2846 1084 3120 1151 Quomodo
3147 1087 3199 1139 in
3238 1098 3318 1141 me
3366 1087 3475 1153 ipse
3501 1088 3688 1156 impuli

2100 1175 2376 1245 gladium?
2421 1177 2697 1241 Quomodo
2749 1193 2862 1230 mea
2913 1178 3023 1247 ipse
3075 1192 3237 1230 manu
3275 1188 3494 1232 mortem
3556 1181 3688 1233 mihi

2104 1270 2267 1321 ascivi
2294 1269 2318 1320 ?
2348 1268 2392 1323 0
2429 1270 2643 1322 invidia;
2692 1270 2955 1323 crudelem
3011 1270 3242 1323 noxam!
3276 1270 3319 1325 Ο
3360 1272 3686 1339 insperatam

2102 1360 2487 1413 mutationem!
2522 1359 2598 1412 Ab
2622 1363 3031 1429 eanperantibns
3063 1363 3285 1428 divitiis,
3318 1363 3371 1416 in
3394 1376 3684 1418 extremam

2101 1451 2333 1520 dejectus
2359 1462 2475 1506 sum
2499 1464 2907 1522 paupertatem;
2939 1471 2970 1507 a
3008 1455 3152 1524 regni
3190 1465 3356 1520 statu,
3390 1455 3460 1509 ad
3496 1456 3682 1525 priva-

2104 1555 2211 1597 tam
2260 1556 2479 1599 sortem.
2540 1544 2643 1600 Ille
2691 1562 2783 1615 ego
2815 1547 3081 1610 sublimis,
3139 1548 3393 1613 subjectis
3448 1549 3688 1602 omnibus

2102 1637 2356 1690 humilior
2385 1653 2501 1690 sum
2530 1651 2548 1699 ;
2580 1638 2832 1691 terribilis
2862 1639 2970 1703 ille,
3001 1639 3377 1705 meticulosus;
3407 1639 3687 1710 inglorius,

2105 1731 2195 1797 qui
2228 1729 2484 1796 pra’clare
2515 1729 2686 1799 gloria
2718 1729 2896 1783 clarus
2928 1745 3092 1783 erant.
3116 1729 3273 1785 Nunc
3302 1733 3428 1785 mihi
3451 1731 3689 1803 volupias

2104 1828 2261 1888 atque
2289 1819 2511 1880 deliciae,
2534 1822 2587 1873 in
2614 1820 2890 1875 molestum
2921 1824 3091 1891 operis
3123 1824 3354 1877 laborem
3388 1834 3686 1889 cesserunt;

2102 1911 2290 1979 quique
2311 1913 2485 1980 gratia
2514 1913 2873 1982 impinguatus
2888 1927 3051 1976 erant.
3073 1915 3417 1985 undequaque
3435 1914 3687 1985 lacrgmis

2104 2004 2305 2073 di/liuo.
2345 2005 2450 2070 Qui
2496 2006 2677 2075 gloria
2715 2006 2955 2072 indutas,
2987 2008 3159 2061 nudus
3189 2022 3309 2078 ago.
3343 2007 3466 2063 Sine
3492 2011 3685 2078 gloria,

2105 2098 2192 2166 qui
2218 2097 2413 2151 honore
2444 2109 2668 2165 auctus;
2692 2100 2861 2162 exsul.
2884 2098 2975 2170 qui
3001 2112 3158 2171 regno
3176 2101 3433 2171 patiebar.
3462 2100 3689 2155 Ubinam

2108 2189 2320 2243 tandem
2355 2208 2429 2255 es,
2450 2208 2478 2245 ο
2502 2198 2655 2245 beata
2717 2195 2823 2246 rita
2851 2196 2875 2248 7
2912 2190 3011 2247 Ubi
3069 2188 3310 2260 voluptas
3336 2193 3688 2247 immortalis?

2112 2283 2211 2338 Ubi
2260 2283 2555 2338 demoratio
2607 2284 2811 2340 doloris
2858 2296 3039 2355 expers
3068 2286 3095 2341 7
3127 2287 3400 2352 Quomodo
3439 2294 3561 2340 tuus
3592 2287 3687 2339 tibi

2106 2386 2281 2430 custos
2314 2377 2526 2431 ablatus
2546 2387 2644 2444 est,
2676 2386 2704 2432 ο
2733 2379 2981 2447 paradise
3015 2378 3209 2441 divine,
3236 2387 3524 2447 sanctaque
3546 2378 3687 2446 regio

2107 2486 2169 2523 ac
2193 2475 2451 2538 possessio
2481 2472 2891 2528 desiderabilis?
2926 2470 3123 2541 Venite,
3141 2484 3247 2524 una
3273 2482 3471 2524 mecum
3485 2470 3687 2523 luctum

2106 2562 2356 2630 conferte.
2393 2562 2605 2617 Pariter
2652 2562 2868 2631 deplora
2904 2564 3147 2615 universa
3199 2570 3339 2615 terra
3366 2560 3506 2630 quod
3540 2569 3687 2613 tuam

2107 2670 2362 2708 coronam
2389 2656 2632 2709 amiseris
2652 2668 2671 2720 ;
2704 2656 2841 2727 quod
2895 2665 3152 2727 tyrannus
3181 2664 3349 2723 regem
3382 2662 3531 2705 tuum
3566 2650 3689 2705 dolo

2106 2747 2393 2812 devicerit;
2429 2750 2567 2818 quod
2607 2747 2746 2802 latro
2789 2765 2927 2811 eum,
2973 2745 3184 2817 fraude,
3221 2744 3472 2815 originali
3505 2743 3689 2797 decore

2107 2839 2333 2893 exuerit.
2370 2838 2615 2903 Dontine,
2648 2838 2887 2894 Domine.
2920 2839 3102 2909 justus
3134 2848 3211 2903 es,
3236 2845 3287 2892 et
3324 2831 3690 2889 misericordia

2108 2930 2351 2983 maxima
2399 2931 2613 3000 plenum
2670 2930 2941 3000 judicium
2986 2928 3132 2983 istud
3179 2937 3365 2991 tuum,
3436 2934 3690 2996 tanquam

430 3008 690 3079 ἐπίγειος
721 3012 929 3069 ἅπασα
969 3017 1185 3081 κτίσις,
1219 3015 1307 3069 ὅτι
1350 3016 1456 3068 τὸν
1510 3015 1628 3069 σὺν
1694 3016 2006 3084 ἀφῄρησαι

2111 3023 2389 3078 clementia
2452 3025 2620 3078 multa
2684 3032 3151 3093 contemperatum.
3215 3022 3321 3077 Nec
3375 3022 3513 3076 enim
3593 3036 3688 3089 pro

432 3100 738 3170 στέφανον
763 3118 777 3132 ο
819 3102 910 3158 ὅτι
952 3105 1112 3172 δόλῳ
1147 3108 1257 3160 τὸν
1287 3108 1555 3172 βασιλέα
1583 3124 1700 3163 σου
1727 3113 1761 3163 ό
1790 3111 2008 3178 "inpar-

432 3208 539 3258 νος
570 3193 961 3264 ἐχειρώσατο·
999 3196 1200 3268 ἀπάτῃ
1230 3198 1347 3266 τὴν
1375 3194 1639 3267 ἀρχαίην
1688 3202 1723 3254 ὁ
1768 3201 2010 3271 λῃστὴς

433 3285 813 3350 ἀπεξέδυσεν
843 3289 1195 3358 ὡραιότητα.
1225 3291 1422 3358 Κύριε,
1452 3292 1651 3358 Κύριε,
1674 3290 1907 3355 δίκαιος
1934 3288 2007 3357 ei,

433 3374 534 3425 καὶ
566 3377 1160 3447 οικτιρμονικώτατόν
1185 3378 1320 3431 ἔστι
1352 3378 1419 3430 τὸ
1439 3378 1619 3445 κρῖμά
1656 3388 1773 3432 σου
1810 3379 2007 3444 τοῦτο,

432 3463 512 3529 ὡς
536 3464 742 3534 πολλῇ
770 3465 1267 3535 συγκεκραμένον
1294 3460 1731 3534 φιλανθρωπίᾳ.
1796 3467 1878 3519 Οὐ
1903 3466 2012 3537 γὰρ

2110 3116 2424 3169 meritorum
2453 3117 2659 3169 ratione
2689 3128 2782 3183 ego
2830 3116 3023 3183 punior
3058 3126 3075 3168 :
3116 3124 3219 3167 nan
3259 3128 3391 3183 quas
3429 3127 3528 3182 par
3556 3119 3691 3165 esset

2108 3216 2284 3272 penus
2321 3206 2443 3271 luo,
2487 3207 2578 3260 sed
2599 3218 2717 3276 qua:
2747 3207 2973 3259 multum
3013 3205 3208 3267 absint,
3240 3213 3297 3257 ut
3327 3203 3490 3273 a’quis
3520 3202 3697 3255 ratio-

2111 3298 2261 3351 nibus
2290 3300 2497 3351 meritis
2542 3298 2909 3365 t‘espOndeant.
2946 3295 3271 3348 Immensum
3305 3294 3446 3347 enim
3481 3293 3693 3346 miseri-

2109 3384 2348 3435 cordiam
2366 3384 2576 3452 judicio
2609 3383 2935 3453 temperasti.
2969 3382 3247 3437 Summam
3274 3385 3561 3451 quamdam
3589 3378 3695 3434 mei

2111 3486 2318 3536 curam,
2344 3474 2434 3542 qui
2458 3472 2623 3528 Deum
2649 3473 2991 3542 oﬁ'enderam.
3026 3472 3202 3544 egisti.

438 3560 550 3626 τὴν
580 3560 707 3614 κατ’
743 3561 927 3625 ἀξίαν
996 3559 1112 3628 ἐγὼ
1160 3559 1339 3627 δίκην
1388 3559 1821 3630 εἰσπράττομαι
1848 3575 1863 3592 ’
1907 3563 2050 3617 οὐδὲ
2086 3563 2201 3634 τὴν
2254 3567 2696 3638 προσήκουσαν
2754 3568 3038 3636 τιμωρίαν
3112 3566 3477 3636 ἀποδίδωμιο
3530 3566 3695 3622 ἀλλὰ

436 3655 598 3707 πολὺ
627 3653 751 3707 τῶν
805 3653 1217 3724 ὀφειλομένων
1263 3652 1671 3708 ἀποδέουσαν.
1743 3656 2029 3724 Ἄπειρον
2094 3663 2207 3730 τὰρ
2242 3659 2319 3731 τῇ
2377 3661 2572 3731 κρίσει
2610 3660 2675 3715 τὸ
2711 3660 2885 3728 ἕλεος
2933 3661 3234 3730 ἐκέρασας
3263 3677 3278 3692 ο
3332 3658 3697 3714 ἀνείκαστον

434 3751 570 3819 περὶ
601 3747 706 3817 ἐμὲ
727 3748 834 3802 τὸν
855 3749 1175 3802 ἐπταικότα
1192 3748 1307 3815 τὴν
1324 3748 1690 3818 κηδεμονίαν
1702 3749 2008 3815 ἐπεδείξω.

508 3843 563 3899 Ι’.
604 3843 770 3898 Ἔδει
814 3838 947 3908 οὖν,
981 3841 1028 3896 ὦ
1054 3842 1348 3906 Δέσποτα,
1378 3841 1464 3911 μὴ
1496 3845 1689 3911 μόνον
1721 3843 1906 3911 ταύτῃ
1940 3859 2016 3912 με

437 3937 510 4007 τῇ
533 3937 779 4001 ἀποικία
801 3933 1338 4004 καταδικασθῆναι,
1367 3935 1528 3988 ἀλλὰ
1557 3932 1655 3986 καί
1684 3935 1751 3987 ἐκ
1782 3934 2017 4002 προσώ-

437 4044 556 4081 που
610 4026 816 4092 πάσης
876 4022 986 4092 τῆς
1056 4022 1168 4092 τῆς
1232 4027 1415 4089 εὐθὺς
1466 4023 1879 4093 ἀφανισθῆναι
1938 4022 2018 4088 τῷ

439 4116 806 4187 προσήκοντι
834 4117 1011 4185 λόγῳ.
1048 4116 1129 4168 Δι’
1157 4116 1497 4185 ἁγαθότητα
1542 4118 1652 4183 γὰρ
1695 4116 1894 4184 μόνην
1948 4116 2016 4168 ἐκ

2186 3836 2257 3891 Χ.
2294 3832 2584 3907 Oportebat
2623 3852 2768 3907 ergo,
2818 3852 2847 3892 ο
2906 3838 3149 3905 Domine,
3179 3851 3238 3894 ut
3288 3838 3478 3894 nedum
3503 3846 3694 3900 exsilio

2114 3930 2212 3983 hoc
2267 3927 2574 3991 damnarer,
2610 3940 2789 3984 verum
2820 3928 2983 3983 etiam
3035 3940 3092 3984 ut
3129 3933 3312 3985 statim
3354 3946 3384 3985 a
3412 3932 3551 4001 facie
3571 3938 3694 3990 uni-

2114 4038 2278 4077 versa:
2345 4033 2501 4076 teme
2565 4024 2970 4085 exterminarer,
3011 4024 3163 4093 justa
3206 4025 3417 4094 quidem
3464 4026 3690 4082 ratione.

2114 4112 2243 4167 Sola
2286 4118 2426 4168 enim
2478 4114 2710 4168 bonitate
2738 4129 2804 4167 ex
2833 4113 2998 4168 nihilo
3049 4113 3409 4184 produxeras;
3458 4119 3696 4171 terrestri

434 4206 519 4278 μὴ
543 4208 731 4261 ὄντων
745 4207 834 4271 εις
850 4205 916 4258 τὸ
936 4202 1091 4259 εἷναί
1114 4221 1189 4273 με
1204 4207 1563 4274 παρήγαγες.
1594 4204 1775 4274 ’Υπὲρ
1804 4203 2009 4262 πᾶσαν

2121 4206 2264 4259 omni
2296 4217 2491 4259 natura
2541 4206 2889 4274 amplioribus
2930 4206 3215 4263 honoribus
3262 4220 3531 4275 auxeras;
3573 4211 3695 4263 ani-

438 4298 554 4367 τὴν
568 4299 833 4367 ἐπίγειον
861 4296 1149 4365 ἐτίμησας
1180 4298 1398 4351 κτίσιν.
1434 4296 1650 4367 Ψυχὴν
1667 4316 1767 4367 μοι
1792 4300 2009 4367 νεαρὰν

2121 4314 2263 4353 mam
2289 4299 2582 4353 intellectus
2612 4299 2868 4367 facultate
2898 4300 3179 4368 praeditam
3219 4299 3346 4355 mihi
3374 4316 3647 4356 creaveras
3676 4319 3695 4368 ;

440 4391 935 4461 ἐδημιούργησας.
976 4390 1144 4457 Λόγῳ
1181 4389 1537 4458 προέκρινας
1565 4408 1579 4421 ο
1612 4391 1801 4458 σοφίᾳ
1841 4407 2009 4445 κατε-

2117 4391 2340 4444 rationis
2366 4390 2635 4461 privilegio
2650 4389 2975 4456 donaueras;
2997 4391 3258 4458 sapientia
3275 4404 3651 4460 perornaverns
3674 4409 3693 4447 :

442 4485 759 4551 κόσμησας
792 4498 806 4512 ’
834 4482 931 4535 καὶ
965 4480 1147 4534 οὐδὲν
1175 4481 1327 4547 ὑπὲρ
1360 4482 1588 4533 τούτων
1615 4480 1900 4534 ἁπάντων
1928 4484 2019 4548 εὶς

442 4574 777 4641 ἀπολογίαν
830 4573 1033 4642 ἔχοντι
1084 4570 1551 4641 προϐάλλεσθαι,
1601 4570 1880 4640 μειζόνως
1934 4573 2016 4627 σὺ

444 4668 550 4732 τὰς
610 4666 832 4735 δωρεὰς
883 4664 1262 4733 ἐπηύξησας.
1333 4664 1471 4717 Κατ’
1503 4665 1709 4718 εἰκόνα
1755 4664 1881 4732 σὴν
1919 4665 2020 4718 καὶ

444 4759 731 4828 όμοίωσιν
754 4756 1229 4821 κατεσκεύασας.
1266 4756 1565 4824 Ἄρχοντα
1602 4754 1701 4809 καὶ
1749 4755 2020 4820 βασιλέα

444 4852 565 4905 τῶν
608 4850 707 4904 ἐπὶ
757 4848 869 4920 τῆς
928 4848 1326 4917 ἀνεκήρυξας.
1356 4848 1560 4901 Πάντα
1606 4846 1682 4916 τῇ
1721 4849 1873 4917 χειρί
1899 4864 2019 4917 μου

447 4943 892 5009 καθυπέταξας,
930 4942 1027 4996 καὶ
1072 4941 1147 5009 τῇ
1189 4941 1684 5006 αὐτεξουσιότητι
1736 4938 1853 5007 τὴν
1900 4939 2022 4993 τῶν

447 5037 760 5108 πρακτέων
809 5036 1077 5105 ἐκλογὴν
1132 5034 1541 5103 ἐγκατέλιπες.
1590 5031 1713 5086 Τῶν
1759 5033 2022 5101 ἀπείρων

447 5132 657 5184 τοίνυν
682 5130 909 5183 τούτων
932 5124 1189 5195 ἀγαθῶν,
1225 5126 1324 5179 καὶ
1373 5122 1484 5194 τῆς
1505 5124 1738 5193 ἀφάτου
1767 5125 2021 5194 κηδεμο-

447 5224 580 5288 νίας
592 5220 1029 5291 ἀμνημονήσας
1043 5218 1177 5287 ἐγὼ,
1196 5218 1261 5273 τὸ
1280 5202 1618 5287 ἀνεπαχθὲς
1632 5216 1744 5286 τῆς
1763 5216 2021 5285 ἐντολῆς

449 5330 568 5367 σου
599 5313 870 5379 παρέϐην
896 5327 908 5340 ·
945 5310 1235 5381 ἀγνώμων
1264 5309 1397 5377 περὶ
1440 5310 1515 5363 σέ
1551 5310 1660 5364 τὸν
1703 5310 2023 5380 εὐεργέτην

448 5404 745 5473 ἐγενόμην
771 5421 785 5435 ’
834 5403 1193 5472 παρήκουσα
1257 5404 1364 5457 τοῦ
1428 5405 1727 5470 σωτηρίου
1782 5405 1973 5473 νόμου
2002 5420 2016 5434 ·

451 5495 713 5565 ἐμαυτοῦ
742 5496 848 5549 τὸν
889 5496 1141 5563 ὄλεθρον
1191 5496 1726 5564 περιεποιησάμην,
1777 5495 1877 5550 καὶ
1925 5494 2024 5548 διὰ

454 5589 631 5644 τοῦτο
682 5588 810 5644 κατ’
864 5588 1125 5658 ἐμαυτοῦ
1182 5587 1297 5653 τὴν
1349 5587 1560 5657 ψῆφον
1608 5586 1804 5657 ἐξάγω
1832 5603 1846 5618 ο
1894 5587 2024 5640 κατ’

452 5681 715 5753 ἐμαυτοῦ
744 5681 858 5752 τὴν
880 5682 1215 5752 ἀποτομίαν
1245 5681 1670 5752 ἀποφαίνομαι.
1696 5677 1915 5742 Μεῖζον
1938 5679 2023 5757 ⁴τὸ

2118 4492 2341 4553 cumque
2389 4482 2522 4536 nihil
2567 4488 2884 4552 suppeteret,
2928 4483 3067 4552 quod
3119 4494 3214 4552 pro
3267 4484 3333 4538 iis
3376 4486 3694 4555 defensionis

2121 4576 2276 4631 titulo
2311 4577 2548 4646 proferre
2588 4590 2816 4646 possem,
2862 4577 3121 4646 majorem
3158 4578 3292 4630 tuin
3334 4578 3545 4630 modum
3573 4593 3696 4630 mu-

2119 4684 2249 4723 nera
2268 4684 2521 4723 austeras.
2551 4667 2633 4721 Ad
2681 4670 2965 4739 imaginem
3019 4676 3165 4722 tuam
3212 4680 3261 4720 et
3296 4668 3696 4723 similitudinem

2120 4762 2361 4832 feceras;
2380 4761 2665 4830 principem
2695 4772 2759 4813 ac
2806 4772 2997 4830 regem,
3024 4776 3206 4814 eorum
3235 4774 3349 4828 quit
3375 4770 3496 4813 sunt
3542 4774 3699 4829 super

2130 4860 2348 4914 terram,
2377 4865 2650 4904 creaveras
2672 4866 2691 4915 ;
2743 4853 2921 4905 omnia
2958 4850 3085 4903 mihi
3109 4851 3163 4903 in
3188 4862 3349 4903 manu
3377 4849 3696 4919 subjecerae,

2124 4942 2390 5014 liberoque
2428 4942 2650 4996 arbitrio
2697 4942 3017 5011 agendorum
3044 4940 3345 4995 electionem
3384 4940 3695 5010 reliqueras.

2124 5032 2509 5086 [inmensorum
2549 5033 2724 5101 itaque
2758 5032 2943 5084 horum
2978 5031 3231 5085 bonorum
3271 5031 3547 5086 immemor
3582 5048 3696 5101 ego,

2124 5108 2434 5177 mandatum
2497 5123 2632 5176 nihil
2674 5139 2827 5192 grave
2881 5133 3241 5192 transgressus
3301 5134 3437 5176 sum.
3495 5120 3699 5176 Factus

2124 5230 2243 5269 sum
2316 5216 2371 5269 in
2440 5224 2489 5268 te
2573 5216 2882 5283 beneficum,
2933 5216 3177 5284 ingratus
3211 5229 3231 5270 :
3266 5215 3567 5269 inobediens
3618 5214 3699 5284 {ui

2125 5307 2354 5362 salutari
2380 5316 2485 5362 tua:
2506 5307 2631 5378 legi.
2670 5306 2803 5362 Mihi
2832 5308 2935 5375 ipsi
2964 5308 3236 5362 interitum
3266 5309 3517 5372 conscivi,
3540 5323 3700 5378 eoque

2124 5400 2378 5453 adversus
2396 5414 2476 5453 me
2514 5398 2624 5466 ipse
2655 5400 2966 5453 sententiam
3020 5400 3250 5469 profero.
3294 5398 3589 5453 Adversum
3620 5414 3701 5451 me

2117 5493 2383 5561 judicium
2422 5492 2612 5545 durum
2672 5493 2976 5562 pronuntio.
3068 5492 3251 5562 Majas
3306 5503 3380 5547 est
3425 5500 3700 5563 peccatum

2128 5600 2300 5639 meum
2342 5585 2705 5640 retributione.
2758 5583 3024 5655 Deﬁciunt
3063 5598 3226 5655 ptume
3266 5601 3297 5638 a
3329 5586 3602 5654 condigna,
3637 5598 3699 5633 av

2125 5693 2245 5750 qua:
2277 5693 2378 5749 par
2414 5689 2568 5749 esset,
2615 5680 2831 5755 ultione.
2870 5677 3262 5750 Exsuperanter
3295 5679 3434 5733 enim
3475 5673 3696 5731 scaturit
