4130 6202
425 272 531 337 583

1699 247 1959 311 JACOBI
1999 244 2349 307 MONACHI

3590 226 3696 291 584

429 402 521 444 tua
549 380 934 444 misericordia,
968 377 1212 441 Domine,
1242 389 1304 428 ac
1325 370 1689 441 supero/fluunt
1720 368 2005 422 clementiae

2135 360 2429 432 ἱμάρτημα
2458 355 2567 425 τῆς
2599 351 3084 417 ἁνταποδόσεως.
3126 346 3588 404 Ἐπιλείπουσιν
3632 349 3695 400 αι

427 496 492 536 ac
522 474 857 547 benignitatis
879 470 1097 524 divitia).

508 741 601 796 XI.
628 737 779 793 Talia
813 734 951 791 forte
978 733 1189 804 primus
1223 732 1313 786 illc
1353 730 1570 802 generis
1602 742 1797 798 parens
1828 725 2009 797 prolo-

436 835 728 906 quebatur,
759 830 971 898 sicque,
1006 834 1066 881 ut
1106 824 1340 887 videtur,
1379 820 1678 891 eiulatibus
1731 818 2005 873 habebat:

433 928 563 997 quin
595 923 770 979 multo
805 923 986 991 plura,
1034 932 1098 972 ac
1150 916 1196 972 si
1249 930 1356 985 qua
1422 912 1628 968 doloris
1695 909 2010 981 magnitudo

434 1017 683 1086 cogebat,
715 1028 777 1068 ea
807 1010 1113 1082 promebat.
1148 1006 1348 1061 Verum
1385 1019 1647 1058 conversa
1671 1011 1756 1056 est
1790 1002 2010 1056 tristitia

434 1111 490 1165 in
518 1107 781 1169 laetitiam,
812 1104 1079 1173 plenaque
1101 1097 1306 1153 doloris
1336 1093 1613 1159 nioestitia,
1642 1094 1695 1148 in
1722 1094 2008 1162 pristinam

439 1199 608 1254 cessit
633 1194 1056 1267 iucunditatem.
1091 1190 1367 1244 Siluerunt
1386 1186 1640 1257 gemitus,
1657 1186 2013 1254 apparuitque

442 1291 684 1347 laudatio
716 1288 770 1342 in
797 1284 1096 1357 gratiarum
1135 1286 1403 1335 actionem
1449 1277 1641 1332 effusa.
1676 1275 1835 1331 Venit
1859 1292 2014 1329 nam-

441 1397 550 1454 que
578 1379 894 1436 exsultatio.
923 1375 1098 1451 lliuxit
1129 1372 1408 1442 gaudium.
1453 1367 1588 1422 Nam
1632 1368 1858 1438 pignora
1894 1367 2016 1437 qui-

443 1474 567 1527 dem
597 1468 877 1540 proposita
908 1475 1057 1527 sunt,
1087 1475 1395 1533 sponsaque
1447 1460 1671 1528 innupta
1711 1458 2015 1528 praeelecta.

443 1562 778 1619 Productum
842 1567 925 1613 est
959 1566 1123 1625 atque
1155 1564 1405 1624 paratum
1448 1552 1708 1606 hodierna
1756 1550 1844 1603 die
1872 1549 2019 1619 pala-

2114 453 2378 521 τιμωρίαι
2433 448 2545 517 τῆς
2593 440 3032 516 προσηκούσης
3088 440 3440 505 καταδίκης.
3485 436 3697 507 ’Υπερ-

2114 542 2308 605 exoret
2366 543 2474 613 γὰρ
2541 540 2608 595 τὸ
2645 539 2765 594 σὸν
2788 538 2986 602 ἕλεος,
3013 535 3211 602 Κύριε,
3241 531 3350 585 καὶ
3389 534 3424 585 ό
3457 529 3566 599 τῆς
3594 546 3697 600 φι-

2111 633 2501 702 λανθρωπίας
2530 627 2872 698 ὑπερχεῐται
2898 626 3180 690 πλοῦτος.

2182 730 2285 782 lA'.
2327 724 2577 779 Τοσαῦτα
2609 722 2770 791 τυχὸν
2792 719 3295 789 κατολοφυρομένου
3324 716 3509 785 λέγειν
3547 714 3698 779 είκδς

2111 820 2204 873 τὸν
2267 818 2620 890 προπάτοραο
2682 813 2883 885 μᾶλλον
2943 811 3000 864 δὲ
3054 810 3536 876 πολλαπλασίονα,
3594 809 3699 861 ὅσα

2112 910 2377 982 προάγειν
2437 908 2513 978 τῷ
2564 906 2657 960 τοῦ
2711 905 2919 967 πάθους
2995 900 3377 972 κατηνάγκαζε
3444 899 3696 971 μέγεθος.

2124 1003 2265 1057 Ἀλλ’
2304 1000 2608 1071 ἐπανῆλθεν
2655 1000 2688 1068 ή
2728 997 2873 1065 λύπη
2909 996 3044 1065 πρὸς
3079 993 3441 1063 εὐφροσύνην,
3510 994 3603 1044 καὶ
3665 992 3700 1060 ἡ

2113 1094 2420 1156 κατώδυνος
2456 1092 2682 1161 ἀθυμία,
2717 1092 2796 1152 εἰς
2844 1088 2942 1157 τὴν
2981 1085 3150 1139 πάλαι
3215 1082 3555 1154 μετεποιήθη
3604 1081 3701 1135 εὐ-

2115 1189 2334 1259 θυμίαν.
2351 1182 2843 1252 Κατεσιγάσθησαν
2862 1181 2912 1233 οἱ
2941 1177 3258 1246 στεναγμοὶ,
3295 1176 3391 1229 καὶ
3409 1176 3510 1244 τῆς
3530 1174 3700 1243 εὐχα-

2117 1280 2326 1352 ριστίας
2354 1276 2709 1345 ἀναφαίνεται
2731 1269 3027 1338 δοξολογία.
3046 1264 3218 1322 Ἦλθε
3249 1268 3359 1339 γάρ
3385 1268 3419 1338 ἡ
3441 1267 3707 1335 ἀγαλλίαρ-

2118 1390 2224 1434 σις’
2248 1369 2560 1440 ἐπέλαμψεν
2582 1368 2616 1438 ἡ
2648 1366 2811 1436 χαρά.
2844 1364 2954 1417 Καὶ
2979 1363 3089 1433 γὰρ
3109 1361 3177 1414 τὰ
3194 1364 3293 1430 μὲν
3318 1361 3552 1430 ἐνέχυρα
3571 1377 3704 1431 προ-

2116 1464 2383 1528 τεθειται,
2404 1461 2498 1515 καὶ
2522 1462 2554 1530 ἡ
2573 1460 2914 1528 ἀνύμφευτος
2938 1454 3298 1525 προκέκριται
3323 1453 3535 1523 νύμφη*
3557 1454 3617 1505 τό
3643 1468 3704 1504 τε

2122 1554 2384 1609 παλάτιον
2439 1550 2746 1622 παρῆκται,
2788 1547 2883 1601 καὶ
2925 1546 3277 1616 εὐτρέπισται
3328 1545 3589 1614 σήμερον.
3639 1544 3705 1595 Ὢ

448 1655 605 1709 tium.
639 1652 683 1707 Ο
717 1650 995 1720 μναιεοηιίε
1029 1648 1223 1701 latitia:
1253 1644 1521 1716 gratiaml
1552 1642 1596 1698 Ο
1617 1642 1721 1697 diei
1747 1641 2021 1696 hodierna:

2135 1647 2346 1718 χάριτος
2379 1642 2479 1714 τῆς
2511 1642 2606 1695 νῦν
2651 1637 3025 1709 εὐφροσύνηςὶ
3084 1638 3149 1689 "0
3203 1635 3560 1706 φαιδρότητος
3604 1634 3704 1702 τῆς

443 1744 883 1816 iucunditatem!
950 1740 1125 1808 Quam
1206 1738 1370 1794 claris
1418 1737 1606 1809 gratia:
1648 1734 1817 1790 radiis
1872 1734 2021 1787 varie

2135 1710 2407 1808 παρούσης
2434 1710 2688 1805 ἦμέραςί
2737 1732 2821 1794 '0;
2875 1730 3124 1799 διαυγέσι
3150 1732 3271 1791 ταῖς
3330 1723 3428 1796 τῆς
3478 1728 3701 1797 χάριτος

448 1812 783 1891 illustratur!
844 1832 1018 1899 Quam
1078 1830 1160 1885 sol
1214 1829 1415 1884 eximie
1477 1827 1734 1897 pulchros
1783 1823 2023 1880 ostendit

2135 1831 2304 1883 ὶκτῖσι
2329 1825 2808 1882 καταποικίλλεται
2829 1824 2842 1876 !
2863 1822 2953 1885 Ὠς
2979 1821 3276 1893 ὐπερφαιῖς
3290 1820 3346 1872 al
3365 1812 3523 1888 ὧραι,
3544 1820 3600 1870 ἐν
3617 1813 3707 1879 αἷς

450 1945 639 1985 roseos
670 1927 874 1993 radios,
932 1940 996 1980 ac
1064 1922 1452 1992 limpidissimo
1482 1921 1536 1974 in
1559 1929 1757 1974 terram
1790 1918 2024 1987 inspexit

2135 1924 2255 1994 ἡμῖν
2289 1923 2322 1990 ἡ
2348 1919 2451 1975 τοῦ
2489 1918 2667 1988 φωτὸς
2705 1915 2944 1970 ἀνέτειλε
2969 1914 3206 1983 νεφέληί
3258 1913 3345 1976 Ὡς
3379 1914 3706 1982 ὑπερωραῖα

448 2023 680 2086 lumine,
722 2035 843 2075 cum
898 2017 1031 2072 solis
1061 2015 1287 2086 iustitiae
1315 2012 1580 2068 ferculum
1618 2019 1884 2066 structum
1907 2009 2019 2063 est!

2135 2014 2369 2088 ροδοειδῆ
2400 2009 2753 2075 καθυπέδειξε
2773 2009 2943 2078 κάλλη
2970 2010 2998 2061 ὁ
3020 2007 3190 2077 ἥλιος,
3208 2007 3301 2059 καὶ
3318 2005 3601 2074 φανοτάτῳ
3636 2006 3704 2073 τῇ

450 2115 621 2181 Quam
661 2112 865 2166 mundo
891 2110 1171 2166 laetissima
1227 2109 1347 2162 luce
1386 2107 1768 2162 collustratum
1799 2117 1881 2160 est
1911 2120 2024 2159 cte-

453 2209 588 2272 lum,
616 2206 854 2275 glorioso
909 2203 1001 2257 illo
1032 2217 1097 2256 ac
1155 2198 1428 2270 capaciori
1477 2198 1799 2253 adveniente
1841 2195 2021 2250 Caelo!

455 2298 629 2364 Quam
666 2296 835 2350 nubes
870 2293 1107 2348 laetitiam
1145 2291 1446 2355 stillabant,
1485 2304 1610 2344 cum
1653 2288 1845 2343 imbris
1884 2288 2027 2341 illius

453 2387 634 2442 vitalis
690 2386 886 2449 nubes,
949 2383 1101 2439 orbis
1129 2382 1330 2437 ﬁnibus
1381 2380 1783 2452 explicaretur!
1853 2378 2025 2445 Quam

455 2490 677 2537 sanctus
707 2478 881 2540 locus,
915 2490 978 2530 ac
1013 2474 1247 2545 gloriosi
1300 2474 1466 2538 lares,
1514 2472 1607 2527 ubi
1647 2471 1793 2526 edita
1818 2478 1900 2524 est
1939 2469 2028 2523 Dei

456 2568 851 2627 sanctiﬁcatio!
888 2566 978 2622 ubi
1031 2567 1228 2621 domus
1256 2566 1428 2636 gloria
1468 2563 1721 2628 fundata,
1765 2564 1858 2618 ubi
1894 2576 2030 2632 prae-

456 2673 703 2718 sanctum
739 2676 802 2717 ac
823 2658 1374 2730 incomprehensibile
1402 2658 1663 2726 templum
1696 2664 2026 2709 exstructum

459 2754 779 2819 estlQuam
814 2750 1060 2805 divinum
1104 2758 1234 2803 tunc
1282 2748 1548 2803 libertatis
1594 2746 1792 2816 pignus
1823 2744 2032 2813 accepit

462 2854 625 2910 terra,
680 2840 1099 2898 desiderabilem
1152 2839 1301 2893 illam
1363 2853 1429 2894 ac
1486 2847 1729 2892 sanctam
1807 2847 2028 2901 terram,

463 2935 650 2990 mundi
681 2934 1094 2989 instaurationis
1119 2946 1366 2997 causam,
1412 2945 1507 3000 per
1537 2943 1698 2999 quam
1748 2928 2030 2998 spinarum

461 3026 596 3082 diris
637 3026 881 3089 liberata,
914 3022 1311 3078 benedictionis
1360 3019 1571 3075 fructus
1622 3019 1820 3075 edidit!
1867 3018 2029 3073 Beata
2055 3047 2102 3111 ρ

462 3120 681 3185 domus,
719 3133 841 3189 qua:
868 3115 1111 3187 spiritale
1147 3116 1559 3170 tabernaculum
1608 3112 1898 3184 produxit!
1930 3109 2036 3166 Ter

2126 2109 2219 2161 ὑπ’
2240 2101 2702 2178 οὐρανὸνδιέκυψε
2730 2103 2890 2171 φωτὶ,
2913 2099 3102 2171 ἡνίκα,
3121 2099 3181 2153 τὸ
3214 2101 3310 2168 τῆς
3360 2096 3707 2167 δικαιοσύνης

2125 2200 2218 2254 τοῦ
2266 2199 2443 2252 Ἠλίου
2477 2197 2662 2268 ὄχημα
2716 2191 3163 2261 κατεσκευάσθῃι
3234 2190 3319 2250 '0;
3368 2189 3710 2260 φαιδροτάτῳ

2128 2292 2365 2363 κόσμῳὸ
2399 2289 2626 2360 οὐρανὸς
2670 2286 3104 2357 περιελάμπετο,
3154 2281 3247 2335 τοῦ
3296 2280 3707 2350 δεδοξασμένον,

2129 2386 2224 2440 καὶ
2278 2380 2720 2453 εὐρυχωροτέρου
2782 2377 3237 2448 παραγενομένου
3290 2373 3560 2444 οὐρανοῦι
3623 2372 3709 2433 Ὡς

2131 2475 2475 2548 εὐφροσύνην
2512 2474 2571 2528 αἱ
2602 2472 2823 2541 νεφέλαι
2862 2470 3251 2542 κατέρῤαινον,
3277 2469 3366 2521 ὅτε
3417 2469 3449 2538 ἡ
3509 2466 3709 2534 νεφέλη

2129 2569 2223 2622 τοῦ
2278 2566 2603 2637 ζωπαρόχου
2657 2563 2723 2635 [Ῑ.
2760 2560 3039 2634 ζωοπαρ.]
3097 2559 3253 2614 ὑετοῦ
3307 2561 3418 2620 τοῖς
3480 2559 3711 2627 πέρασιν

2130 2657 2441 2728 ἔφηπλοῦτο
2463 2658 2476 2710 l
2518 2656 2605 2720 Ὧς
2628 2656 2961 2726 ἡγιασμένος
2983 2653 3205 2716 δτόπος,
3225 2651 3319 2705 καὶ
3348 2648 3709 2717 δεδοξασμένῃ

2132 2752 2165 2820 ή
2196 2749 2369 2814 ἑστία,
2408 2747 2539 2802 ἔνθα
2569 2747 2629 2800 τὸ
2659 2745 2753 2799 τοῦ
2782 2745 2917 2799 Θεοῦ
2942 2743 3227 2813 ἀπεκυήθη
3270 2741 3517 2810 ἀγίασμα
3539 2755 3553 2770 ·
3581 2737 3712 2791 ἔνθα

2131 2836 2323 2904 ὁοῐκος
2350 2839 2685 2909 ὲθεμελίωσε
2722 2837 2820 2908 τὴν
2856 2836 3011 2903 δόξαν
3045 2852 3060 2867 ·
3090 2835 3219 2888 ἔνθα
3242 2837 3269 2886 ὁ
3289 2832 3587 2903 ὑπεράγιος
3616 2830 3711 2882 καὶ

2133 2930 2517 3002 ἀκατάληπτος
2546 2928 2873 3002 ᾠκοδομήθη
2912 2927 3069 2995 ναός]
3105 2926 3194 2989 Ὠς
3237 2924 3531 2997 ἀρραϐῶνα
3572 2922 3712 2975 θεῖον

2133 3022 2234 3091 τῆς
2295 3020 2607 3090 ἐλευθερίας
2679 3020 2712 3089 ὴ
2774 3018 2846 3087 γῆ
2873 3017 2994 3070 τότε
3040 3016 3139 3087 τὴν
3203 3012 3552 3083 ἐπιθυμητὴν
3618 3011 3713 3064 καὶ

2135 3114 2297 3182 ἁγίαν
2333 3112 2632 3176 ὑπεδέξατο
2671 3112 2801 3179 γῆν,
2869 3110 2967 3179 τὴν
2996 3108 3091 3161 τοῦ
3120 3105 3410 3177 καινισμοῦ
3446 3104 3547 3173 τῆς
3596 3103 3712 3156 κτί-

464 3213 682 3267 beatum
731 3218 1019 3281 parentum
1072 3209 1262 3273 decus,
1287 3206 1382 3276 qui
1439 3205 1610 3269 illam,
1646 3219 1768 3274 qua:
1795 3203 1910 3259 sola
1956 3212 2035 3259 est

2137 3221 2274 3269 σεως
2305 3204 2507 3268 αἰτίαν,
2547 3203 2614 3256 δι’
2641 3196 2706 3272 ἦς
2731 3202 2832 3271 τῆς
2854 3200 3199 3262 ἀκανθώδους
3233 3199 3370 3269 ἀρᾶς
3400 3194 3712 3266 ἀπηλλάγη,

459 3306 721 3379 gloriosa,
769 3306 877 3358 sint
918 3301 1148 3372 gloriam
1184 3299 1399 3355 sortiti!
1451 3297 1801 3353 llonorabilis
1843 3296 2035 3351 contri-

2135 3297 2230 3351 καὶ
2256 3296 2507 3364 εὐλογίας
2549 3295 2795 3365 καρποὺς
2824 3295 3156 3363 προενὴνοχε
3192 3294 3205 3346 !
3243 3290 3530 3360 Μακάριος
3574 3289 3602 3340 ὁ
3631 3283 3714 3340 οἷο

470 3398 681 3452 hulium
716 3397 771 3450 in
812 3393 1129 3466 genealogia
1189 3401 1601 3462 assumptorum
1657 3387 2034 3459 nuncupatio;

2137 3404 2234 3450 κος
2270 3388 2299 3440 ὁ
2328 3384 2426 3457 τὴν
2448 3384 2643 3456 νοητὴν
2680 3382 2961 3454 προσάξας
3024 3382 3230 3452 σκηνήν
3265 3382 3277 3435 !
3305 3378 3716 3450 Τρισμακάριον

463 3489 648 3545 divino
676 3487 856 3543 alllatu
889 3482 1048 3541 dicta:
1092 3486 1199 3541 diei
1232 3483 1396 3554 huius
1430 3482 1748 3553 prophetia.
1789 3478 2035 3535 Gloriosa

2135 3476 2196 3530 τὸ
2222 3476 2330 3529 τῶν
2361 3475 2628 3528 τεκόντων
2655 3473 2832 3536 κλέος,
2870 3472 2944 3536 ὠς
2977 3471 3076 3543 τὴν
3126 3472 3295 3540 μόνην
3320 3466 3715 3536 δεδοξασμένην

466 3591 655 3653 partus
701 3578 922 3633 indicia.
987 3575 1382 3631 Desiderabiles
1417 3573 1622 3636 fasciae,
1657 3587 1779 3642 quae
1802 3570 2033 3641 regalem

2143 3566 2586 3638 κληρωσαμένων
2623 3564 2815 3630 δόξανί
2848 3562 3194 3633 Τετιμημένη
3236 3560 3345 3614 τῶν
3369 3558 3717 3628 γενεαλογου·

469 3676 833 3738 susceperunt
894 3680 1219 3736 purpuram.
1273 3664 1579 3718 Benedicta:
1636 3677 1853 3720 manus.
1915 3673 2035 3729 qua:

2148 3660 2325 3729 μένων
2359 3657 2769 3729 συμφυλετῶνή
2808 3656 3151 3727 προσηγορία
3176 3672 3190 3687 ο
3237 3653 3585 3707 θεόπνευστοι
3616 3650 3715 3719 τῆς

468 3762 853 3817 universorum
883 3764 1360 3813 contrectaverunt
1394 3753 1676 3824 Reginam.
1716 3751 1888 3817 Quam
1918 3748 2035 3819 pul‘

2146 3750 2430 3820 παρούσης
2456 3750 2666 3819 ήμέρας
2713 3748 2769 3801 αἱ
2823 3748 3174 3817 προρρήσεις.
3220 3743 3591 3813 Δεδοξασμένα
3647 3741 3717 3793 τὰ

469 3855 602 3909 cbra
646 3859 995 3906 tuncnostrze
1017 3849 1210 3904 salutis
1234 3846 1512 3915 surgentia
1544 3843 1825 3914 symbolal
1862 3841 2035 3906 Quam

2146 3842 2240 3897 τοῦ
2270 3844 2430 3897 τόκου
2464 3841 2777 3913 μηνύματα.
2804 3838 3167 3909 Πεποθημένα
3199 3839 3491 3907 σπάργανα
3527 3835 3594 3889 τά
3617 3833 3718 3904 τὴν

475 3958 605 4002 tunc
632 3951 907 4009 creatura,
949 3939 1212 3996 inelfabili
1241 3937 1554 4008 replebatur
1581 3936 1761 3991 laetitia
1789 3934 1803 3988 ι
1844 3932 2035 3987 Exsul-

2141 3934 2427 4008 βασιλικὴν
2465 3932 2735 4002 δεξάμενοι
2766 3930 3075 4002 πορφύραν.
3104 3928 3478 3998 Εὐλογημέναι
3515 3926 3571 3979 αἱ
3602 3926 3717 3995 χεῖ-

473 4040 663 4095 tabant
686 4037 1001 4109 angelorum
1030 4033 1208 4089 chori.
1250 4030 1449 4087 Sancta
1476 4037 1800 4098 sanctorum
1831 4026 1899 4082 ad
1921 4041 2035 4080 eam

2142 4045 2256 4099 ρες,
2282 4029 2339 4081 al
2365 4027 2465 4096 τῆς
2485 4026 2594 4078 τῶν
2626 4025 2763 4077 ὅλων
2805 4021 3227 4094 προσψαύσασαι
3275 4016 3567 4090 βασιλίδος.
3631 4018 3719 4079 Ὠς

475 4107 880 4201 suscipiendam
915 4127 1272 4198 parabantur,
1332 4140 1453 4195 quae
1500 4123 1618 4180 sola
1682 4120 2035 4177 sanctiﬁcatio

2140 4118 2369 4191 λαμπρά
2407 4114 2713 4188 τηνικαῦτα
2760 4114 2828 4167 τὰ
2878 4115 2979 4183 τῆς
3034 4114 3308 4182 σωτηρίας
3358 4110 3514 4182 ἡμῶν
3550 4107 3717 4162 διανί·

473 4223 709 4279 exsistit.
2146 4226 2345 4282 σχοντα
2405 4205 2683 4277 σύμϐολαι
2739 4204 2815 4269 ὡς
2875 4203 3243 4273 ἀνεκλαλήτου
3298 4203 3419 4256 τότε
3455 4204 3489 4272 ἡ
3541 4203 3719 4264 κτίσις

475 4319 780 4391 ἐπληροῦτο
799 4318 898 4387 τῆς
934 4314 1296 4388 εὐφροσύνης.
1327 4314 1393 4367 Ai
1421 4312 1530 4365 τῶν
1568 4311 1818 4380 ἀγγέλων
1852 4307 2249 4381 ἠγαλλιάσαντο
2301 4306 2510 4376 χορεῖαι
2536 4319 2554 4337 ο
2600 4302 2669 4357 τὰ
2712 4301 2821 4355 τῶν
2877 4300 3049 4369 ἁγίων
3073 4300 3237 4366 Ἅγια
3267 4299 3400 4368 πρὸς
3455 4297 3721 4369 ὑποδοχὴν

475 4414 570 4468 τοῦ
609 4413 772 4482 μόνου
795 4408 1142 4480 άγιάσματος
1175 4404 1649 4476 ἐξηυτρετείζοντο.

548 4508 666 4564 XII.
697 4507 894 4562 Omnia
947 4520 1077 4573 ergo
1111 4513 1240 4558 tunc
1287 4500 1634 4556 exsultabant
1669 4500 1827 4554 editae
1873 4497 2035 4567 prolis

2216 4493 2317 4549 lB'.
2372 4492 2560 4545 Πάντα
2604 4485 2894 4559 τοιγαροῦν
2946 4485 3284 4554 ἐπαγάλλετο
3332 4487 3399 4554 τῇ
3456 4483 3723 4553 κυηθείση

479 4599 713 4669 gaudio;
736 4610 924 4651 verum
953 4595 1115 4649 modo
1148 4591 1484 4662 superetiluit
1522 4589 1663 4645 facta
1698 4598 1830 4644 tunc
1853 4589 2045 4659 gratia.

482 4690 903 4763 Superabundat
937 4685 1236 4742 laetantium
1281 4683 1430 4754 iugis
1485 4682 1825 4752 iucunditas.
1856 4680 2049 4734 Abun-

483 4785 704 4839 dantius
741 4779 1023 4836 exundant
1059 4776 1317 4848 perennis
1348 4774 1528 4846 gaudii
1574 4773 1820 4839 ﬂumina,
1852 4781 2052 4827 totam-

483 4892 591 4948 que
630 4888 829 4932 terram
859 4873 915 4928 in
944 4872 1133 4927 orbem
1166 4871 1435 4941 gyrantia,
1474 4868 1858 4923 inexhaustam
1883 4875 2055 4921 resta-

482 4977 651 5040 gnant
683 4966 942 5038 gratiam.
977 4963 1180 5033 Aperta
1205 4962 1347 5015 enim
1374 4972 1460 5016 est
1505 4960 1772 5015 bonorum
1805 4958 2052 5029 abyssus,

484 5075 548 5115 ac
611 5074 711 5128 pro
759 5056 924 5126 huius
955 5053 1285 5109 ﬂuentorum
1334 5052 1569 5116 ratione,
1620 5062 1806 5122 gratas
1854 5049 2057 5119 pariter

485 5150 847 5219 scaturigines
907 5144 1108 5201 inﬂuit.
1156 5142 1310 5197 Nunc
1353 5143 1672 5198 derivantur
1705 5153 1917 5196 natura:
1953 5139 2056 5194 rivi

487 5245 686 5301 divites
714 5237 1125 5301 misericordiae.
1183 5236 1470 5306 Copiosam
1510 5236 1772 5291 virtutum
1798 5241 2056 5304 segetem,

489 5334 784 5393 rationales
807 5330 980 5386 valles
1042 5329 1389 5384 lructilicant.
1421 5326 1576 5383 Nunc
1623 5326 1943 5397 aperiuntur
1974 5325 2060 5379 in-

491 5425 771 5483 violabiles
799 5420 1062 5477 thesauri.
1094 5418 1250 5476 Nunc
1304 5421 1458 5490 regni
1518 5417 1833 5489 panduntur
1861 5425 2050 5487 portae.

490 5519 649 5575 Nunc
698 5531 804 5572 una
858 5515 1070 5569 ratione
1121 5514 1472 5583 praeditorum
1514 5511 1678 5581 digna
1733 5509 1826 5565 illa
1875 5509 2056 5575 agitur

494 5608 713 5665 eborea.
739 5604 900 5659 Modo
927 5603 1154 5659 terrenis
1179 5611 1430 5659 conserta
1453 5610 1582 5656 sunt
1609 5600 1873 5657 coelestia.
1901 5598 2056 5654 Nunc

499 5700 699 5772 pariter
738 5698 1011 5755 exsultant
1068 5695 1384 5767 angelorum
1429 5694 1669 5753 ordines.
1700 5693 1857 5750 Nunc
1900 5691 2057 5750 intel-

2146 4584 2268 4637 τότε
2308 4600 2322 4614 ο
2352 4582 2468 4636 ίιλλ⁹
2505 4582 2896 4654 ὐπερεκχεῖται
2936 4578 3031 4630 νῦν
3074 4577 3252 4647 ήτότε
3285 4578 3463 4648 χάρις.
3519 4574 3723 4643 ’Υπερ-
3828 4575 3835 4581 ’

2148 4674 2435 4739 πλεονάζει
2462 4676 2571 4731 τῶν
2595 4672 3037 4742 εὐφραινομένων
3082 4671 3115 4739 ἡ
3150 4669 3426 4737 ἀδιάδοχος
3462 4666 3720 4737 θυμηδία.

2161 4766 2658 4838 Ὺπερεκὸλύςουσι
2680 4765 2777 4834 τῆς
2813 4764 3008 4815 ἀενάου
3036 4762 3211 4831 χαρᾶς
3244 4759 3293 4811 οἱ
3317 4759 3575 4828 ποταμοὶ,
3627 4754 3726 4810 καὶ

2151 4859 2336 4928 κύκλῳ
2369 4859 2548 4911 πᾶσαν
2571 4855 2670 4924 τὴν
2714 4854 2806 4907 ὐπ’
2832 4851 3062 4923 οὐρανὸν
3116 4850 3475 4920 περιθέοντες,
3536 4845 3724 4915 πλημ-

2159 4951 2426 5022 μύρουσιν
2454 4949 2555 5020 τὴν
2592 4944 2987 5012 άνεξάντλητον
3022 4944 3201 5013 χάριν.
3240 4939 3493 5011 Διηνοίγη
3524 4938 3635 5008 γάρ
3688 4937 3725 5006 ἡ

2151 5043 2261 5097 τῶν
2323 5042 2544 5111 ἀγαθῶν
2590 5039 2848 5105 ἄϐυσσος,
2891 5036 2989 5091 καὶ
3036 5039 3157 5099 ταῖς
3214 5034 3418 5103 ταύτης
3447 5031 3726 5099 ἀναλόγως

2156 5138 2419 5206 προχοαῖς
2441 5135 2565 5197 τοὺς
2589 5131 3015 5203 κεχαρισμένους
3055 5129 3397 5196 συνεπιρρέει
3444 5122 3727 5195 κρουνούς.

2166 5228 2544 5298 Ὀχετηγεῖται
2573 5224 2671 5278 νῦν
2699 5227 2766 5295 τῇ
2794 5223 2970 5277 κτίσει
3009 5219 3105 5275 τοῦ
3159 5219 3341 5280 ἐλέους
3385 5220 3414 5271 ὁ
3478 5216 3726 5278 πλοῦτος.

2155 5316 2583 5391 Καρποφοροῦσι
2615 5316 2713 5386 τὴν
2742 5315 2851 5369 τῶν
2872 5313 3084 5384 ἀρετῶν
3099 5311 3357 5381 ἀφθονίαν
3413 5311 3470 5363 αί
3514 5309 3730 5376 λογικαὶ

2160 5409 2427 5472 κοιλάδες.
2464 5408 2580 5461 Νῦν
2629 5408 2681 5459 οἱ
2719 5406 2979 5476 άσύλητοι
3028 5402 3386 5471 διανοίγονται
3443 5399 3728 5470 θησαυροί.

2160 5502 2278 5557 Νῦν
2321 5500 2376 5554 al
2407 5500 2505 5567 τῆς
2552 5498 2825 5569 βασιλείας
2858 5496 3327 5551 ἀναπετάννυνται
3384 5492 3570 5546 πύλαι.
3616 5491 3730 5552 Νῦν

2166 5592 2268 5664 μία
2312 5589 2422 5644 τῶν
2470 5589 2707 5658 λογικῶν
2749 5589 2876 5657 ἀξία
2947 5589 3327 5657 συγκροτεῖται
3381 5582 3729 5655 χοροστασία.

2167 5686 2332 5757 Ἀρτι
2368 5684 2482 5747 τοῖς
2514 5681 2778 5752 ἐπιγείοις
2811 5680 2879 5737 τὰ
2898 5680 3126 5750 οὐράνια
3171 5678 3563 5747 συνήρμοσται.
3616 5670 3731 5728 Νῦν
