4130 6202
351 341 460 407 535
1230 340 1514 403 ORATIO
1554 341 1635 403 1N
1676 341 2200 407 NATIVITATEM
2243 346 2348 410 ss.
2390 347 2763 412 nmmum.
3446 312 3453 319 ’
3508 357 3612 421 586

348 450 642 522 ὰγγελικαὶ
671 449 1174 520 συνεπαγάλὶρνται
1215 453 1420 520 τάξεις.

351 549 545 616 φύσεις
574 548 642 617 τῇ
673 545 796 616 μεθ’
834 545 994 617 ἡμῶν
1048 547 1440 618 συγχορεύουσι
1486 549 1636 620 δόξῃ.
1691 549 1937 620 Οὐρανὸν

349 641 461 709 γὰρ
480 640 577 692 τὸν
607 636 697 691 σὺν
714 636 842 691 ναὸν
870 638 964 693 καὶ
994 637 1065 691 τὰ
1102 640 1161 693 ἐν
1201 639 1352 711 αὒτῷ
1378 638 1681 711 τελούμενα
1709 641 1937 712 οὐράνια

350 729 698 797 κατανοοῦτι.
734 730 1082 802 Συνείρονσιν
1109 732 1244 801 ἡμῖν
1291 731 1360 784 τά
1399 733 1481 793 εἰς
1530 731 1664 786 Θεὸν
1711 730 1934 801 εὐχαρτ-

351 823 571 895 στήρια.
611 822 751 886 Τοὺς
782 822 909 885 σοὺς
934 821 1048 886 τοῖς
1077 822 1344 893 ὐμνητατς
1380 824 1760 894 συνεξᾲδουσιν
1777 823 1935 876 ἐπαί-

348 930 494 976 νους.
525 914 603 984 Τῇ
632 911 940 985 ὑπερφιῖπῳ
968 930 1061 968 σου
1084 914 1562 985 συναστράπτουσι
1592 914 1932 988 φαιδρότητι.

348 1005 443 1056 καὶ
460 1003 521 1056 τὸ
548 1002 783 1073 τερπνὸν
809 1002 903 1055 τοῦ
930 1002 1126 1073 νοητοῦ
1161 1003 1341 1072 φωτὸς
1370 1006 1435 1076 τῇ
1460 1007 1626 1075 νοητῇ
1649 1005 1936 1079 ἀπαστρά-

349 1110 573 1148 πτοοτιν
627 1094 812 1165 αἴγλῃ.
885 1092 1048 1147 Ἀλλὰ
1111 1095 1251 1165 πρὸς
1286 1095 1386 1167 τὴν
1434 1097 1535 1166 τῆς
1575 1098 1935 1168 ἀποκυήσεως

348 1187 495 1257 ἡμᾶς
518 1188 546 1238 ὁ
575 1186 733 1255 λόγος
763 1187 1080 1240 ἐκκαλεῖται
1108 1188 1307 1259 χαρὰν,
1331 1189 1426 1241 καὶ
1454 1192 1520 1260 τῇ
1549 1189 1759 1261 κυούσῃ
1804 1207 1933 1243 συν-

308 1274 319 1295 ⁵
351 1277 780 1346 επαγάὶλεσθαι,
844 1278 941 1331 καὶ
996 1278 1505 1348 συμπανηγυρίζειν
1542 1282 1930 1350 προτρέπεται.

350 1369 513 1423 Οὗτω
547 1367 676 1437 γοῦν
714 1370 746 1439 ἡ
797 1368 1115 1438 δικαιοτάτη
1167 1370 1275 1423 τῶν
1321 1373 1576 1441 μητέρων
1626 1372 1793 1425 Ἅννα
1833 1373 1932 1442 τὴν

350 1459 679 1530 ἀσύγκριτον
696 1461 1061 1532 ἀποκυήσασα
1084 1461 1320 1534 μητέρα,
1346 1462 1484 1531 πρός
1514 1479 1574 1515 τε
1590 1462 1691 1534 τὴν
1719 1463 1931 1517 οἰκείαν

349 1550 592 1612 ἅπαντας
622 1550 1038 1623 συγκαλουμένη
1067 1552 1266 1624 χαρὰν,
1286 1553 1395 1606 ἀπὸ
1427 1552 1528 1622 τῆς
1549 1555 1814 1609 ἀνωτάτω
1834 1563 1930 1610 καὶ

348 1644 537 1712 νοερᾶς
559 1642 782 1712 ἄρχεττι
824 1642 1236 1712 μετακλήσεως.

419 1733 627 1789 IP-IA'.
676 1735 858 1803 Δεῦρο
900 1735 1019 1790 τῶν
1077 1738 1412 1809 ἀσωμάτων
1471 1740 1925 1810 ἐπιδημήσασα,

1488 455 1602 507 Νῦν
1640 457 1696 508 αἱ
1746 457 1928 526 νοεραὶ

2038 457 2286 514 lcetriees
2317 468 2528 516 natura:
2579 461 2859 517 comuiuni
2918 462 3202 520 nobiscum
3237 465 3405 537 gloria
3441 470 3614 540 tripu-

2038 555 2211 611 diant.
2243 554 2422 610 Tuum
2491 557 2634 610 enim
2693 557 2977 627 templum,
3028 558 3228 613 coelum
3286 560 3510 627 habent,
3546 577 3614 621 ac

2037 660 2157 716 qua:
2187 646 2239 702 in
2267 663 2330 701 eo
2374 648 2747 708 celebrantur,
2795 648 3035 704 caelestia
3086 660 3364 720 reputant.
3395 652 3615 710 Gratia-

2038 757 2159 796 rum
2210 742 2264 795 in
2305 741 2471 795 Deum
2525 742 2766 798 actiones
2801 742 3083 798 nobiscum
3117 756 3435 800 conserunt.
3461 746 3611 803 Tuas

2036 832 2225 889 laudes
2260 848 2365 886 una
2399 849 2521 888 rum
2582 833 2932 889 laudantibus
2988 836 3305 892 concinnat.
3356 824 3610 895 Vincenti

2037 926 2211 982 lucem
2248 924 2368 980 laeto
2399 933 2493 981 tuo
2532 923 2820 994 splendore
2854 927 3054 994 pariter
3096 926 3404 994 refulgent;
3440 927 3609 985 lucis-

2036 1034 2144 1090 que
2176 1018 2441 1089 spiritalis
2469 1017 2834 1081 dulcedinem,
2863 1018 3091 1089 spiritali
3110 1020 3310 1076 micatu
3330 1020 3605 1092 effulgent.

2037 1111 2348 1174 Enimvero,
2379 1124 2482 1164 nos
2505 1124 2685 1165 sermo
2702 1109 2767 1164 ad
2792 1110 3094 1165 nativitatis
3111 1112 3369 1182 gaudium
3395 1124 3609 1179 evocat,

2037 1212 2202 1270 utque
2229 1216 2351 1254 cum
2389 1214 2658 1269 puerpera
2690 1201 2893 1269 pariter
2921 1202 3284 1264 exsultemns,
3320 1219 3384 1259 ac
3409 1203 3605 1259 festum

2034 1307 2260 1360 agamus
2294 1291 2458 1354 diem,
2480 1290 2756 1345 admouet.
2788 1291 2877 1345 Sic
2896 1308 3026 1362 ergo
3057 1294 3314 1349 orituibus
3339 1297 3608 1352 matribus

2028 1383 2255 1452 justitim
2309 1381 2469 1438 laude
2521 1383 2741 1451 praelata
2780 1384 2958 1446 Anna,
3007 1400 3134 1455 quae
3176 1397 3406 1442 matrem
3441 1388 3613 1444 eiiitlit

2035 1473 2308 1529 uniwrsis
2334 1474 2842 1543 incomparabilem.
2895 1474 3178 1531 universos
3205 1479 3272 1533 ad
3306 1480 3486 1549 gaudii
3522 1482 3607 1536 sui

2033 1567 2479 1623 eotnmunionem
2516 1567 2775 1634 inritans,
2811 1583 2840 1622 a
2877 1568 3132 1639 supernis
3162 1584 3226 1623 ac
3269 1572 3608 1641 Spiritalibus

2032 1663 2404 1716 invitationem
2431 1661 2673 1717 inchoat.
3068 1702 3101 1723 -.

2100 1754 2395 1810 XIII-XIV.
2425 1753 2622 1818 Venite,
2637 1756 2895 1824 accedite,
2918 1759 3245 1828 spiritalium
3261 1762 3610 1824 sacrati,cho-

344 1829 517 1901 smul,
539 1830 929 1899 χοροστασία.
949 1834 1230 1903 ἁρμόδιον
1241 1832 1363 1887 σὺν
1381 1833 1510 1902 ἐμοὶ
1531 1833 1647 1902 τὴν
1659 1834 1809 1902 πρὸς
1823 1833 1928 1887 τὸν

2034 1852 2110 1914 ri;
2141 1851 2552 1919 concinnantque
2584 1866 2784 1904 mecum
2810 1855 3078 1907 communi
3111 1855 3334 1908 Domino
3369 1866 3609 1927 resonate

345 1923 556 1977 κοινὸν
585 1924 898 2001 Δεσπότην
924 1924 1048 1992 ἀπή
1055 1943 1147 1996 χει
1178 1924 1560 1996 δοξολογίαν.
1614 1927 1756 1995 ’Λγε
1817 1925 1925 1994 τῆς

344 2014 496 2085 ἐμῆς
524 2019 937 2086 καρποφορίας
956 2017 1240 2085 κήρυκες,
1266 2016 1384 2085 τὴν
1412 2016 1566 2085 ὑπὲρ
1596 2018 1821 2083 ταύτης
1847 2015 1929 2082 τῷ

344 2108 628 2163 δεδωκότι
695 2107 1215 2178 διαπορθμεύσατε
1261 2109 1674 2178 εὐχαριστίαν.
1744 2108 1928 2177 Δεῦρο

343 2201 451 2255 τοῦ
466 2204 682 2270 γένους
696 2202 1013 2272 ἀρχηγέτα,
1036 2201 1191 2268 εἵτίς
1208 2201 1380 2255 ἐστιν
1394 2201 1681 2270 αἵσθησις
1701 2201 1927 2256 aratra-

344 2296 661 2363 λούμενος,
680 2298 828 2364 πρὸς
860 2295 975 2364 τὴν
997 2296 1214 2365 κοινὴν
1238 2298 1576 2366 παραγενοῦ
1603 2294 1923 2365 θυμηδίαν

342 2382 384 2458 ᾖ
432 2389 525 2441 καὶ
558 2388 626 2442 τὰ
655 2387 766 2456 τῆς
786 2389 1299 2457 προελπισθείσης
1317 2382 1708 2453 ἀνακλήσεως
1749 2403 1928 2442 κατα.

343 2482 578 2546 νόησον
605 2481 864 2549 ἐνέχυρα
889 2494 904 2511 ⁸
941 2481 1005 2535 τὸ
1023 2478 1135 2549 τῆς
1161 2480 1313 2548 ἀρᾶς
1352 2478 1454 2535 τοῦ
1486 2479 1715 2548 δεσμοῦ
1743 2479 1928 2543 λυτή-

341 2588 475 2639 ριον
504 2588 517 2600 ·
548 2572 613 2624 τὸ
648 2570 758 2641 τῆς
794 2571 991 2627 ἀϊδίου
1031 2571 1221 2641 χαρᾶς
1267 2573 1581 2640 προοίμιον
1615 2587 1629 2602 ο
1672 2571 1788 2634 τὴν
1816 2570 1926 2638 τῆς

343 2660 545 2730 μωρᾶς
625 2662 783 2734 ILego
854 2663 1097 2736 μακρᾶς]
1158 2665 1489 2732 καταδίκης
1557 2665 1922 2733 ἐλευθερίαν.

344 2745 497 2806 ἾΙλιε
528 2751 635 2818 τῆς
668 2753 786 2806 τῶν
815 2753 1048 2808 ὠδίνων
1106 2753 1413 2822 ὀδυνηρᾶο
1452 2753 1812 2825 ἀπαλλαγῆς
1853 2755 1927 2808 τὰ

343 2844 618 2910 σύμϐολα
643 2843 1035 2913 κομισομένη,
1077 2844 1408 2914 προμῆτορ.
1442 2844 1645 2913 Δεῦρο,
1678 2844 1797 2898 τῶν
1816 2842 1926 2912 τῆς

341 2934 541 2999 λύπης
576 2934 1055 3004 διαῤῥηχθέντων
1070 2935 1479 3006 χειρογράφων
1503 2937 1576 2989 τὰ
1605 2934 1927 3004 εὐαγγέλια

344 3024 721 3095 προκομίζου.
772 3026 834 3082 Ἠ
883 3027 1004 3080 τῶν
1064 3028 1460 3097 προπατόρων
1518 3026 1618 3081 καὶ
1682 3027 1926 3081 δικαίων

343 3118 621 3185 παρέστω
658 3118 885 3187 χορεία,
923 3119 1025 3173 καὶ
1074 3119 1191 3188 τὴν
1222 3118 1333 3187 τῆς
1378 3120 1683 3187 ἐκϐάσεως
1727 3119 1927 3190 ἀρχὴν

342 3208 464 3261 τῶν
489 3208 834 3264 ἐνέλπίσιν
874 3211 1114 3281 ἀγαθῶν
1164 3212 1549 3267 κατανοείτω.
1595 3214 1758 3282 "Are,
1804 3213 1947 3267 τῶν’

341 3301 660 3371 προφητῶν
682 3304 720 3371 η
747 3302 1102 3372 διαπρύσιος
1132 3307 1470 3375 συμφωνία,
1495 3305 1605 3375 τῆς
1630 3305 1749 3360 τῶν
1775 3322 1922 3376 χρη-

341 3393 777 3461 σμῳδηθέντων
798 3396 1158 3465 ἐπαγγελίας
1179 3399 1247 3451 τὸ
1276 3396 1461 3465 πέρας
1481 3397 1600 3466 ἤδη
1630 3399 1925 3452 καταϐαλ-

341 3486 602 3554 λόμενον
621 3486 831 3542 θέασαι
851 3503 865 3516 ·
880 3488 988 3554 τὰς
1010 3490 1375 3558 προρρήσεις
1398 3490 1492 3543 ἐπ’
1522 3490 1667 3544 εὐθὺ
1685 3490 1925 3558 προῖού-

340 3590 458 3643 σας
488 3592 503 3607 ο
528 3577 671 3644 τοὺς
696 3580 923 3646 τύπους
949 3582 1038 3646 εις
1063 3579 1373 3648 ἀλήθειαν,
1395 3580 1583 3636 καὶτὰ
1610 3581 1927 3651 αἰνίγματα

340 3664 433 3727 τίς
492 3664 802 3733 πράγματα
844 3666 1271 3736 μετακήρυττε.
1337 3668 1520 3739 Δεῦρο
1543 3709 1558 3733 ,
1620 3669 1926 3740 προπάτορ

342 3754 541 3820 Δαϐὶδ,
578 3754 651 3824 τῇ
686 3756 756 3811 ἐκ
783 3758 903 3827 σῆς
933 3759 1166 3829 ὀσφύος
1204 3759 1615 3831 ἀναδεδομένῃ
1656 3777 1925 3816 συνεπα-

348 3844 605 3916 γτίλλου,
637 3849 1013 3920 ἀδρυνομένῃ
1038 3869 1051 3883 ⁸
1077 3852 1145 3905 τὸ
1161 3853 1484 3916 ,βασίλειον
1503 3853 1572 3906 ἐκ
1592 3853 1927 3923 βασιλικῆς

342 3939 763 4009 ἀνεϐλάστησε
793 3944 1105 4012 στέλεχος.
1143 3948 1213 4001 Al
1246 3946 1533 4015 ἀψευδεῖς
1566 3950 1925 4017 ὁρκωμοσίαι

342 4028 411 4082 τὸ
447 4028 631 4097 πέρας
679 4030 1053 4100 εἰσδέχονται
1077 4050 1094 4066 ·
1137 4038 1171 4089 ό
1195 4036 1677 4103 ,βασιλικώτατος
1720 4038 1927 4107 προτέ-

340 4122 520 4174 θειται
551 4122 783 4189 θρόνος.
823 4123 891 4175 Τὸ
920 4123 1303 4180 ἀκατάλυτον
1343 4129 1755 4198 τεθεμελίωται
1809 4143 1925 4182 πα-

341 4207 572 4262 λὰτιον.
614 4207 687 4264 ⁸11
706 4209 960 4277 ,βασιλὶς
983 4213 1079 4266 καὶ
1107 4213 1389 4285 θυγάτηρ,
1423 4216 1539 4284 τὴν
1568 4216 1761 4284 ἀκοὴν
1778 4221 1927 4274 tino—

342 4303 535 4367 θεῖσα,
575 4305 691 4374 τὴν
719 4306 995 4376 πατρῴας
1019 4308 1320 4365 ἐπαΐουσά
1337 4328 1454 4367 σου
1478 4314 1705 4383 φωνῆς,
1746 4318 1926 4385 ὑπερ-

342 4392 465 4448 άνω
494 4395 607 4465 τῆς
642 4400 912 4467 φυσικῆς
956 4399 1230 4471 ἀνάγκης
1292 4402 1642 4472 ἀνήρτησεν
1679 4406 1923 4476 ἑαυτήν.

341 4487 421 4540 οὐ
466 4485 772 4559 δεσμεῒται
828 4489 911 4555 τῷ
955 4492 1203 4560 πατρῴῳ
1251 4496 1434 4564 νόμῳ,
1487 4496 1638 4564 πρὸς
1671 4500 1786 4565 τὴν
1810 4500 1929 4553 τῶν

343 4583 639 4635 τεκόντων
673 4582 1077 4652 συμπάθειαν.
1122 4584 1618 4643 Ἐπιλανθάνεται
1648 4588 1764 4644 τῶν
1816 4592 1927 4647 dr-

341 4671 671 4737 θρωπίνων,
692 4674 791 4726 και
816 4674 889 4727 ἐν
909 4675 1034 4742 τοῖς
1055 4675 1254 4732 αὐτῶν
1280 4678 1454 4746 ἰδίοις
1503 4681 1787 4737 τελοῦσα.
1840 4683 1926 4750 Τῷ

342 4761 447 4816 τοῦ
493 4762 799 4832 ,ϐασιλέως
862 4769 1256 4836 καθαρωτάτῳ
1325 4772 1684 4829 συνδέδεται
1739 4776 1922 4842 πόθῳ.

342 4852 495 4920 Πρὸς
521 4854 638 4922 τὴν
668 4856 857 4911 αὐτοῦ
882 4856 1204 4928 ἐπιθυμίαν
1240 4861 1313 4916 τὰ
1350 4863 1539 4918 οικεῒα
1582 4863 1694 4935 τῆς
1743 4872 1927 4923 καθα-

340 4942 591 5010 ρότητος
636 4947 969 5014 ηὐτρέπισε
1030 4949 1248 5019 κάλλη.
1305 4954 1611 5010 Ἑπιποθεῐ
1659 4956 1846 5011 ταῦτα
1894 4959 1929 5012 ό

339 5035 659 5103 βασιλεύς.
709 5039 1110 5109 Ἐπιτέρπεται
1150 5045 1283 5111 ταῖς
1313 5044 1423 5115 τῆς
1454 5048 1698 5117 ἁγνείας
1717 5048 1927 5119 ὠραιό·

338 5142 550 5193 τησιν’
592 5128 859 5197 ἐραστὴς
914 5132 1026 5202 γὰρ
1079 5134 1192 5204 τῆς
1250 5138 1497 5206 ἀθιτοῦς
1553 5140 1929 5208 καθέστηκεν

337 5222 1136 5296 καθαρότητοςιέψαιότητος.
1167 5230 1275 5285 Kal
1306 5229 1416 5300 γὰρ
1442 5234 1662 5301 ταύτης
1683 5233 1928 5302 μᾶλλον

339 5309 444 5380 ἐρᾷ
476 5312 695 5380 μόνης,
721 5315 803 5381 ὡς
836 5318 914 5383 τῷ
950 5319 1260 5389 ἀκροτάτῳ
1285 5325 1528 5393 ἐκείνης
1553 5327 1926 5396 κεκοσμημέ-

359 5417 468 5470 Ἳις.
495 5408 986 5465 Λιτανευέτωσαν
1009 5414 1066 5466 οἱ
1092 5413 1164 5466 ἐν
1185 5416 1485 5481 θεοπτίαις
1526 5419 1812 5475 πλούσιοι
1859 5421 1925 5474 τὸ

370 5495 563 5564 αύτης
617 5499 988 5569 ἐπιπόθητον
1025 5506 1370 5569 πρόσωπον.
1405 5507 1525 5573 Τὴν
1561 5500 1927 5566 erm-sciderat»

351 5586 532 5655 'ti'tr'm
557 5588 1304 5661 διανυμνείτωσανδόξαν.
1338 5597 1452 5653 Τὸν
1474 5601 1576 5655 ἀπα
1588 5603 1820 5671 ρρήτως
1857 5606 1929 5658 ἐν

411 5770 458 5804 ¹⁸
487 5769 634 5827 PSnI.
669 5791 814 5843 ιιιν,
846 5779 935 5834 ll.

658 5865 924 5928 Psmou.
973 5869 1088 5932 Gn.
1135 5870 1419 5936 CXXVII.

2029 1942 2411 1996 (mulationem.
2449 1940 2546 1994 Eia
2574 1958 2682 2004 vos,
2718 1944 2819 1997 mei
2853 1955 3041 2012 partus
3065 1962 3355 2015 pra’cones,
3387 1948 3600 2017 gratia-

2030 2050 2146 2087 rum
2213 2050 2312 2103 pro
2388 2049 2449 2088 eo
2496 2036 2731 2089 actimtes
2791 2037 2969 2091 datori
3018 2038 3224 2106 afferte.
3290 2037 3440 2104 Veni,
3495 2042 3609 2093 dua:

2028 2141 2254 2196 generis,
2307 2127 2354 2180 si
2395 2127 2511 2193 quis
2556 2143 2742 2181 sensus
2776 2136 2876 2191 est,
2932 2145 3180 2183 revocans
3243 2132 3602 2202 excitamque,

2027 2217 2293 2270 communi
2320 2218 2531 2272 intersis
2573 2219 2908 2287 Jucunditati
2944 2235 2963 2273 .°
3008 2236 3172 2291 eaque
3214 2222 3340 2275 olint
3380 2232 3607 2289 sperata:

2027 2306 2378 2376 reparationis
2420 2310 2653 2379 perspice
2692 2312 2916 2380 pignora
2978 2327 2998 2365 :
3056 2311 3326 2367 vinculum
3380 2311 3604 2367 mali-d5-

2028 2398 2217 2451 ctionis
2248 2397 2477 2451 solutum
2505 2415 2525 2453 :
2555 2402 2861 2469 sempiterni
2892 2401 3073 2472 gaudii
3117 2403 3395 2458 exordium
3427 2418 3445 2456 :
3476 2421 3605 2459 con—

2028 2507 2229 2546 cessam
2280 2510 2309 2545 tt
2367 2492 2526 2563 longa
2585 2492 2963 2549 maledictione
3020 2494 3406 2550 liberationem.
3455 2495 3602 2561 Veni,

2026 2585 2203 2654 prima
2248 2600 2459 2653 parens,
2490 2585 2739 2640 dolorum
2771 2597 2958 2655 partus
3002 2587 3339 2643 sublaturum
3369 2592 3607 2659 symbolo

2028 2673 2257 2743 referens
2303 2691 2322 2730 :
2373 2673 2660 2742 Adesdum,
2725 2676 2931 2748 dirupti
2983 2679 3219 2735 tristitia:
3268 2681 3606 2752 chirographi

2028 2767 2267 2838 faustum
2319 2772 2583 2835 nuntium,
2626 2771 2773 2839 prior
2804 2774 2992 2843 recipe.
3041 2774 3258 2839 Adesto,
3293 2792 3606 2843 proavorum

2028 2876 2090 2913 ac
2151 2860 2412 2925 iustorum
2464 2862 2674 2929 chorea,
2737 2865 3039 2933 primosque
3099 2865 3357 2920 bonorum
3417 2867 3471 2921 in
3520 2884 3609 2938 spe

2026 2954 2317 3022 positorum
2378 2965 2587 3008 eventus
2664 2956 2943 3026 intelliges.
3010 2956 3170 3020 Ades,
3234 2961 3609 3029 prophetarum

2027 3046 2175 3101 clara
2229 3048 2531 3107 consensio:
2581 3048 2812 3102 oraculis
2869 3049 3131 3103 editorum
3192 3054 3604 3119 promissionum

2019 3143 2228 3211 jartunt
2252 3141 2371 3206 jam
2404 3141 2746 3210 fundamento
2769 3143 2926 3213 ﬁnent
2977 3147 3186 3211 aspice;
3239 3146 3607 3215 pra'dictiones

1960 3236 1993 3267 υ
2026 3246 2168 3289 recta
2195 3236 2529 3304 procedentes
2558 3251 2577 3289 :
2604 3236 2803 3303 ﬁguras
2830 3238 2883 3290 in
2911 3239 3204 3300 veritatem,
3224 3257 3287 3294 ac
3320 3241 3608 3308 (enigmata

2027 3327 2084 3380 in
2127 3342 2208 3380 res
2255 3341 2526 3385 conversa,
2557 3327 2804 3392 pra'dica.
2852 3326 2995 3394 l’eni,
3028 3345 3217 3396 parens
3267 3331 3463 3398 David,
3488 3351 3608 3388 cum

2027 3433 2087 3471 ea
2112 3418 2340 3483 exsulta,
2377 3434 2495 3485 qua:
2541 3418 2604 3485 de
2646 3420 2751 3472 tuis
2805 3417 2999 3474 lumbis
3041 3422 3323 3491 magniﬁca
3380 3425 3606 3493 prodiit.

2032 3509 2241 3580 Regalis
2267 3526 2332 3564 ex
2375 3510 2543 3579 regali
2576 3510 2754 3579 stipite
2799 3510 3045 3564 surculus
3092 3512 3428 3582 germinavit.
3472 3514 3607 3570 Vera

2022 3601 2324 3669 juramenta
2351 3600 2510 3670 ﬁnem
2536 3601 2826 3671 accipiunt.
2858 3600 3073 3655 Summe
3104 3603 3297 3674 regalis
3319 3605 3607 3674 productus

2027 3703 2106 3748 est
2161 3694 2400 3747 thronus.
2451 3693 2658 3747 Palatii
2704 3692 3006 3748 insolubilis
3062 3693 3412 3762 {undantenta
3449 3697 3603 3767 jacta

2027 3795 2171 3839 sunt.
2204 3785 2424 3855 Regina,
2456 3787 2674 3857 ﬁlioque
2725 3803 2909 3841 aurem
2959 3787 3224 3842 inclinans
3259 3789 3303 3820 "
3329 3805 3392 3843 ac
3430 3801 3612 3859 pater-

2027 3892 2157 3930 nam
2205 3886 2356 3930 tuam
2407 3879 2631 3933 audiens
2682 3895 2880 3944 vocem,
2930 3890 3140 3935 naturw
3188 3897 3243 3937 se
3296 3888 3605 3941 necessitate

2028 3969 2349 4037 superiorem
2389 3970 2581 4038 eﬂecit.
2619 3969 3051 4044 Haudquaquam
3092 3982 3330 4041 paterna:
3377 3976 3608 4047 alligata

2027 4072 2099 4115 est
2136 4061 2259 4132 legi,
2284 4072 2340 4116 ut
2371 4063 2554 4118 saeculi
2575 4063 2732 4132 hujus
2764 4066 2916 4119 rebus
2951 4065 3237 4134 a/ﬁciatur.
3267 4064 3612 4122 Oblivisritur

2028 4155 2286 4218 humana,
2325 4155 2534 4208 tametsi
2585 4155 2639 4208 in
2700 4155 2768 4208 iis
2826 4164 2952 4225 agat
2998 4171 3115 4225 quae
3163 4166 3291 4210 sunt
3336 4158 3609 4214 hominum

2028 4249 2262 4316 propria.
2309 4245 2564 4300 Derincta
2618 4256 2693 4301 est
2737 4247 3088 4301 mundissimo
3140 4247 3290 4320 Regi,
3322 4250 3608 4307 desiderio.

2029 4336 2109 4390 Ad
2159 4335 2275 4406 ejus
2329 4336 2672 4405 cupiditatem
2714 4352 2815 4390 sua
2893 4336 3059 4402 ipsius
3114 4340 3366 4406 puritatis
3417 4342 3608 4397 decora

2029 4428 2377 4498 comparat-it.
2413 4425 2543 4480 Ila'c
2575 4425 2686 4503 Reg:
2726 4429 3068 4497 concupiscit.
3109 4430 3416 4486 Delectatur
3444 4436 3610 4489 casti—

2032 4522 2156 4576 tatis
2180 4517 2577 4591 pulchritudine
2612 4534 2631 4574 :
2667 4518 2889 4574 illibata:
2919 4536 3143 4593 namque
3168 4526 3423 4593 puritatis
3451 4543 3609 4580 ama-

2032 4619 2115 4664 tor
2181 4618 2279 4664 est.
2340 4606 2513 4663 Unam
2561 4610 2750 4680 quippe
2802 4610 2957 4665 illam
3012 4613 3270 4667 universis
3322 4613 3611 4682 impensius

2029 4709 2200 4766 amat,
2224 4711 2481 4771 tanquam
2511 4717 2720 4756 summa
2754 4700 2856 4756 illa
2886 4712 3151 4757 ornatam.
3181 4702 3536 4775 Deprecamur
3558 4709 3611 4761 in

2028 4791 2219 4845 divinis
2241 4793 2533 4847 uisionibus
2566 4793 2753 4848 divites
2790 4794 2995 4849 cultum
3032 4795 3147 4864 ejus
3179 4797 3609 4853 desiderabilem.

2031 4876 2307 4937 Internam
2335 4885 2448 4953 ejus
2479 4884 2753 4939 dilaudent
2785 4885 3035 4957 gloriam.
3070 4887 3286 4944 Arcana
3322 4890 3531 4945 ratione
3558 4890 3611 4944 in

2028 4990 2091 5027 ea
2122 4974 2388 5029 occultum
2458 4978 2711 5030 mundum
2762 4980 3123 5050 magniﬁcent.
3166 4981 3446 5037 Deauratis
3483 4980 3611 5052 Spi-

2030 5064 2167 5118 ritus
2201 5064 2650 5120 illustrationibus
2685 5067 3011 5139 variegatam
3050 5073 3247 5126 stolam
3296 5075 3484 5128 honori
3516 5073 3615 5128 ha-

2032 5156 2208 5211 beant.
2243 5151 2535 5211 Externam
2583 5157 2669 5212 illi
2717 5157 3050 5229 adjacentem
3083 5164 3342 5218 virtutum
3379 5167 3611 5237 gratiam

2030 5253 2298 5316 stupeant.
2337 5245 2644 5317 Pratparate
2702 5250 2916 5319 futuras
2974 5253 3025 5308 ei
3078 5257 3299 5311 comites
3357 5260 3608 5330 virgines.

2034 5330 2202 5391 Faces
2271 5349 2559 5409 gestantem
2624 5351 2920 5411 prwaptate
2985 5346 3225 5403 chorum.
3287 5347 3611 5405 Sanctarum

2033 5430 2269 5484 omnium
2326 5429 2535 5501 Regina:
2585 5432 2700 5487 vias
2746 5434 2798 5488 in
2848 5437 3122 5507 templum,
3150 5452 3447 5509 perornate.
3479 5441 3614 5511 Ejus

2033 5539 2127 5592 pro
2173 5540 2392 5576 ascensu
2457 5522 2791 5582 laudationes
2849 5531 3041 5596 prwrie
3095 5536 3426 5588 concinnate.
3479 5534 3612 5590 Ecce

2033 5616 2171 5669 enim
2220 5617 2483 5684 promissa
2532 5616 2627 5671 illa
2678 5620 2911 5674 exhibita
2944 5632 3055 5688 est;
3096 5626 3327 5694 dataque
3373 5638 3614 5696 aptatur,

3140 5889 3209 5948 ιυ

3798 6132 4019 6178 Δ
