4130 6202
465 354 567 424 587

1761 345 2021 408 JltCOBl
2061 342 2412 406 MONACIII

3628 333 3734 400 εδδ

466 473 644 529 datori
683 469 963 528 reddenda.
1002 468 1180 522 Venite
1209 480 1367 536 porro
1392 464 1480 535 qui
1527 479 1553 518 e
1589 461 1831 517 tribubus
1855 464 2049 518 etiam-

2165 460 2304 529 αὐτῇ
2371 456 2858 530 ἐγκεκρυμμένον
2911 453 3420 526 μεγαλυνέτωσαν
3482 451 3731 521 κόσμον.

468 584 591 622 nam
620 565 946 636 superstites,
979 561 1279 614 sterilitatis
1308 556 1572 627 quondam
1615 556 1863 626 probrum
1902 553 2047 622 obje-

467 661 646 727 cistis;
680 657 822 728 felici
869 655 1032 722 prolis
1077 655 1307 708 editione
1334 650 1611 721 depulsum
1648 650 1817 704 ridete
1846 650 2047 718 vitupe-

466 755 626 808 rium.
683 749 883 810 Venite,
935 762 1125 816 magna
1175 756 1384 799 auctam
1458 744 1625 813 prole,
1669 743 1853 796 orbam
1906 739 2052 811 prole

466 855 687 901 matrem
709 841 942 912 aspicite.
980 839 1093 895 Una
1116 853 1222 901 vos,
1249 834 1489 906 fa-nilia’,
1512 835 1792 896 exsultate,
1820 824 2053 887 uidentes

466 948 745 1010 paternam
788 949 929 1003 spem
985 931 1235 985 evenisse.
1285 925 1551 992 Gaudete,
1589 924 1940 987 contribules,
1993 938 2056 976 ac

468 1032 669 1101 generis
713 1027 865 1090 socii,
910 1038 1232 1077 communem
1284 1020 1510 1091 gloriam
1549 1019 1879 1088 recipientes.
1912 1018 2043 1069 Cum

462 1123 578 1193 jam
620 1121 766 1185 mihi,
801 1131 911 1172 tum
956 1115 1211 1169 universis
1251 1113 1393 1166 socia
1439 1111 1631 1165 la’titia
1679 1108 2047 1177 coepulemini,

469 1216 559 1285 qui
591 1214 655 1267 ab
694 1211 866 1266 sterili
891 1225 1019 1280 agro
1044 1206 1460 1276 sumre/fluentes
1492 1203 1708 1257 divitias
1736 1200 2001 1268 colligatis
2029 1214 2048 1253 :

2148 552 2268 621 Τὴν
2285 551 2635 622 διαχρύσοις
2664 549 2796 616 ταῖς
2819 548 2931 602 τοῦ
2985 547 3335 616 Πνεύματος
3392 541 3737 612 exanguem

2145 641 2623 711 πεποικιλμένην
2647 640 3088 711 γεραιρέτωσαν
3109 633 3371 703 στολήν.
3424 629 3545 701 Τὴν
3591 632 3739 685 ἔσω·

2147 737 2252 790 θεν
2281 733 2436 803 αὐτῇ
2464 732 2584 788 τῶν
2608 730 2835 802 ἀρετῶν
2856 730 3279 800 περικειμένην
3323 724 3732 792 καταπληττὲο

2149 830 2400 880 σθωσαν
2440 825 2831 894 τερπνότητα.
2880 820 3266 891 Εὑτρεπίζετε
3305 817 3412 884 τὰς
3473 817 3740 885 συνοψο-

2146 917 2337 988 μένας
2364 917 2519 987 αὐτῇ
2543 919 2903 986 παρθένους.
2956 915 3069 969 Τὸν
3084 910 3565 983 λαμπαδηφόρον
3593 925 3736 976 προ-

2150 1008 2522 1078 καταρτίζετε
2542 1010 2748 1078 χορόν.
2787 1011 2897 1074 Tac
2925 1008 2995 1060 ἐν
3020 1004 3100 1071 τῷ
3124 1002 3248 1069 ναῷ
3267 1002 3378 1072 τῆς
3408 999 3526 1056 τῶν
3552 1001 3735 1069 ἁγίων

2149 1103 2432 1158 ἁπάντων
2463 1103 2790 1169 βασιλίδος
2821 1098 3254 1170 κατιιιιοσμεῖτε
3288 1096 3551 1164 πορείας.
3625 1094 3739 1156 τὰς

2145 1196 2567 1263 ἐπιϐατηρίους
2631 1193 2824 1262 αὐτῆς
2896 1188 3292 1262 προαρμόζετε
3356 1185 3733 1252 δοξολογίας.

470 1308 560 1378 qui
592 1307 787 1375 fontem
817 1319 845 1357 e
884 1303 1024 1355 sicca
1065 1311 1214 1368 petra
1253 1296 1628 1352 scaturientem
1674 1292 1931 1357 videntis;
1959 1290 2049 1360 qui

2165 1289 2319 1345 Ἰδοὺ
2351 1290 2461 1360 γὰρ
2496 1290 2534 1356 ἡ
2577 1285 2993 1357 ὑποσχεθεῖσα
3012 1282 3358 1367 παρεσχέθη
3392 1296 3406 1310 ’
3446 1280 3540 1333 καὶ
3573 1276 3739 1330 δεδο-

469 1398 769 1454 sterilitatis
820 1395 1001 1450 uberes
1053 1392 1292 1462 fructus,
1339 1388 1430 1458 qui
1461 1385 1771 1456 probrorum
1806 1383 2055 1436 succeda-

2165 1383 2322 1449 ειένη,
2365 1379 2779 1435 ἀντιδίδοσθαι
2835 1378 2920 1444 τῷ
2968 1362 3269 1431 δεδωκότι
3314 1368 3734 1438 εὐτρεπίζεται.

471 1507 620 1546 neam
669 1488 984 1561 praeclaram
1036 1482 1247 1538 laudem
1271 1522 1286 1547 ,
1317 1481 1407 1552 qui
1450 1495 1613 1549 supra
1648 1487 1767 1531 vota
1796 1474 2051 1529 orationis

2165 1473 2329 1529 Δεῦτε
2358 1471 2457 1541 δὴ,
2495 1470 2738 1526 καὶτῶν
2778 1466 2992 1526 φυλῶν
3032 1470 3088 1522 ol
3133 1464 3441 1532 περιόντες
3496 1460 3607 1522 ἔτι,
3651 1458 3739 1512 οἳ·-

472 1585 649 1652 ﬁnem,
684 1569 912 1651 olimque
956 1577 1277 1649 promissam
1305 1574 1481 1646 generi
1522 1570 1962 1633 benedictionem,
1997 1566 2052 1619 in

2165 1565 2313 1631 τινές
2350 1581 2495 1619 ποτε
2516 1564 2582 1617 τὸ
2613 1562 2724 1629 τῆς
2765 1562 3049 1626 ἀτεκνίας
3079 1556 3309 1622 ὄνειδος
3337 1553 3696 1620 ἐπετρίψατε
3721 1561 3738 1578 ·

473 1673 648 1744 επιεά
677 1683 873 1727 natura
902 1670 1198 1740 impletum.
1891 1723 1895 1727 ν

2165 1656 2228 1725 τῇ
2258 1656 2536 1723 εὐτεκνίᾳ
2597 1654 2706 1708 τὸν
2753 1651 2962 1723 μῶμον
3005 1647 3403 1717 ἀποτριόέντα
3444 1641 3740 1697 κατίδετε.

474 1736 676 1832 δεῦτε,
732 1736 1203 1837 μεγαλότεχνον,
1269 1760 1386 1829 τὴν
1439 1758 1694 1814 ἄτεκνον
1747 1756 2050 1811 θεάσασθε
2077 1752 2324 1822 μητέοα.
2355 1750 2923 1820 Συνεπαγάλλεσθε,
2981 1745 3240 1814 πατριαὶ,
3299 1742 3413 1810 τὴν
3465 1736 3745 1806 πατρῴαν

473 1829 865 1928 ἐκϐεϐηκυῖαν
893 1855 1113 1910 ἐλπίδα
1134 1851 1491 1923 καθορῶσαι.
1529 1850 1796 1917 Χαίρετε,
1863 1843 2270 1917 συμφυλέται,
2324 1843 2419 1897 καί
2463 1842 2564 1897 τοῦ
2631 1841 2848 1907 γένους
2894 1837 3155 1909 μέτοχοι,
3218 1834 3335 1902 τὴν
3389 1829 3605 1897 κοινὴν
3640 1831 3743 1882 εὐ-

472 1956 732 2026 κληρίαν
759 1952 1182 2022 ἀπειληφότες.
1220 1949 1373 2017 Ἤδη
1400 1946 1594 2016 καίτῇ
1628 1945 1745 2016 ἐμῇ
1799 1944 1898 1997 καί
1950 1942 2195 1996 πάντων
2252 1938 2728 2008 συνευωχήθητε
2794 1935 3170 2005 εὐφροσύνῃ,
3214 1932 3322 1985 τίν
3366 1931 3435 1993 ἐξ
3467 1929 3741 1997 ἀκάρπου

474 2022 669 2122 χιε,ρᾒ
721 2045 1190 2113 ὑπερδλύσαντα
1253 2039 1697 2108 συλλεγόμενοι
1745 2034 2016 2091 πλοῦτον
2042 2049 2057 2065 ’
2095 2031 2212 2101 τὴν
2236 2032 2306 2097 ἐξ
2341 2031 2598 2099 ἀνίκμου
2670 2028 2892 2098 πέτρας
2950 2024 3405 2093 ἁναδεδομένην
3459 2022 3738 2091 θεώμενοι

474 2113 711 2219 πηγήν·
748 2143 864 2211 τὴν
925 2139 1033 2209 τῆς
1101 2136 1473 2207 στειρώσεως
1521 2133 1898 2202 εὐκαρπίαν·
1973 2129 2092 2198 τὴν
2157 2126 2278 2182 τῶν
2328 2124 2688 2195 ὀνειδισμῶν
2738 2123 3075 2193 εὐφημίαν·
3128 2120 3197 2174 τὸ
3244 2117 3396 2186 ὑπὲρ
3436 2113 3744 2179 sanguen»

473 2214 660 2313 πέρας
690 2239 810 2295 τῶν
837 2233 1219 2308 προσευχῶν,
1269 2232 1367 2287 καί
1426 2230 1544 2300 τὴν
1600 2231 1682 2298 τῷ
1731 2230 1894 2300 τένει
1954 2224 2570 2299 προῦποσχεσθεῒσαν
2626 2223 2915 2293 εὐλογίαν
2969 2220 3040 2275 ἐν
3089 2217 3305 2287 ἀπορίᾳ
3355 2215 3466 2284 τῆς
3503 2214 3741 2285 φύσεως

474 2327 987 2404 παραγενομένην.

545 2426 665 2483 XV.
696 2428 754 2482 In
794 2437 920 2480 eum
966 2421 1189 2476 modum
1243 2419 1530 2474 dilaudans
1581 2426 1774 2481 mater,
1804 2430 1868 2470 ac
1911 2414 2058 2468 intus

2237 2413 2339 2470 ιε’·
2408 2411 2567 2467 Οὕτω
2623 2411 2725 2481 τῆς
2772 2407 2978 2480 μητρὶς
3028 2404 3439 2475 δοξολογούσης,
3496 2403 3593 2458 καὶ
3644 2402 3746 2471 τὴν

477 2522 660 2578 animo
710 2515 1008 2588 repositam
1083 2510 1359 2575 lanitium,
1415 2507 1719 2579 gratiarum
1783 2503 2059 2576 ejusmodi

477 2613 694 2669 actione
728 2606 991 2680 prodens,
1029 2604 1096 2658 iis
1126 2617 1248 2673 quae
1275 2599 1532 2669 deinceps
1569 2599 1842 2653 mirabilia
1871 2606 2058 2653 secuta

479 2712 628 2764 sunt,
674 2698 740 2754 ad
795 2696 1065 2768 potiorem
1112 2691 1429 2764 quemdam,
1463 2705 1702 2760 eumque
1751 2703 2055 2757 congruum

478 2795 777 2865 cogitatum
831 2786 1098 2859 provexit.
1156 2784 1373 2855 Septem
1416 2783 1586 2847 enim,
1640 2791 1831 2837 contra
1880 2781 2060 2836 aetatis

480 2887 772 2945 rationem,
798 2879 1101 2951 gressibus,
1135 2892 1297 2931 senos
1324 2888 1544 2930 menses
1570 2882 1720 2935 nata,
1764 2888 1887 2943 qum
1920 2887 2058 2927 nova

480 2984 735 3035 secutura
762 2972 962 3034 forent,
1001 2976 1152 3025 certo
1177 2967 1505 3037 conjiciens,
1538 2980 1724 3020 moras
1768 2979 1833 3020 ac
1878 2965 2059 3020 locum

481 3084 594 3142 quo
629 3075 774 3137 agat,
802 3062 899 3118 Dei
930 3060 1282 3117 tabernaculo
1314 3058 1526 3113 deﬁnit.
1559 3056 1699 3113 Vivit
1760 3056 1932 3120 enim,
1963 3056 2061 3121 ait,

483 3159 739 3215 Dominus
780 3153 922 3209 Deus
972 3167 1139 3214 meus,
1168 3166 1276 3204 non
1320 3146 1621 3202 ambulabis
1668 3148 1724 3201 in
1764 3155 1906 3200 terra
1937 3146 2059 3206 hac,

480 3253 644 3308 donec
688 3247 909 3317 offeram
944 3253 991 3299 te
1028 3244 1083 3297 in
1132 3243 1323 3311 templo
1374 3238 1606 3293 Domini.
1649 3237 1694 3294 0
1729 3253 1886 3308 quam
1926 3236 2063 3290 Deus

497 3342 662 3398 matri
688 3339 920 3409 gratiam
953 3333 1171 3390 illuxit!
1203 3332 1246 3389 0
1273 3332 1504 3402 Spiritus
1550 3332 1805 3384 instinctu
1854 3330 2065 3395 sapien—

483 3436 781 3505 tissimeque
836 3431 1103 3483 decretum
1142 3422 1445 3496 judicium!
1504 3421 1802 3487 Mirabilia,
1861 3421 2060 3488 inquit,

482 3536 628 3593 sunt,
650 3540 767 3597 qua:
798 3531 846 3577 te
874 3521 1204 3589 contingunt,
1233 3516 1373 3587 ﬁlia.
1403 3513 1554 3569 Nova
1588 3531 1651 3568 ac
1678 3514 2066 3582 exspectatione

483 3622 692 3689 majora
732 3617 786 3668 in
820 3625 868 3667 te
897 3622 1104 3665 ostensa
1135 3608 1426 3679 magnalia.
1468 3605 1713 3676 Congrua
1738 3603 2066 3673 exspectanti

486 3721 536 3765 te
564 3721 746 3767 morte,
778 3704 981 3772 precata
1008 3700 1090 3753 illi
1117 3699 1349 3752 exhibita
1376 3697 1598 3750 indicia.
1630 3692 1755 3748 Non
1789 3708 1911 3764 ergo
1941 3693 2065 3746 licet

2162 2504 2601 2576 ἐναποκειμένην
2635 2502 2975 2573 εὐφροσύνην
3000 2503 3064 2572 τῇ
3114 2498 3438 2569 εὐχαριστίᾳ
3478 2494 3743 2567 παραδειο

2162 2599 2387 2670 κνύσης,
2422 2596 2559 2666 πρὸς
2598 2593 2885 2663 κρείττονά
2932 2609 3056 2646 τινα
3101 2590 3198 2644 καὶ
3248 2590 3393 2644 κατὰ
3430 2588 3587 2657 λόγον
3636 2586 3744 2641 διὰ·

2162 2709 2312 2747 νοιαν
2337 2692 2448 2754 τοῖς
2488 2686 2889 2758 ἐπιγινομένοις
2933 2686 3165 2753 ἀνήγετο
3209 2679 3558 2752 παραδόξοις.
3620 2680 3747 2741 Τοῖς

2163 2785 2274 2854 γὰρ
2303 2783 2443 2837 ἑπτὰ
2470 2782 2598 2851 παρ’
2621 2780 2839 2851 ἠλικίαν
2864 2774 3242 2846 ἑξαμηνιαίοις
3271 2772 3483 2844 βήμισι
3514 2771 3575 2824 τὸ
3625 2787 3753 2824 και·-

2162 2876 2392 2946 νοφανὲς
2426 2873 2535 2928 τῶν
2572 2872 2846 2943 ἐσομένων
2895 2868 3319 2940 τεκμηραμένη,
3378 2865 3478 2936 τήν
3524 2880 3583 2917 τε
3628 2865 3748 2918 δια-

2163 2968 2359 3041 τριϐὴν
2390 2967 2484 3020 καὶ
2509 2964 2783 3035 διαγωγὴν
2812 2964 2879 3033 τῇ
2910 2960 3005 3015 τοῦ
3060 2959 3197 3013 Θεοῦ
3241 2960 3417 3030 σκηνῇ
3474 2956 3748 3027 ἀφορῐζει,

2165 3065 2285 3126 καὶ,
2323 3059 2433 3129 Ζῇ,
2456 3058 2609 3131 φησι,
2632 3057 2846 3126 Κύριος
2866 3057 2899 3109 ό
2938 3053 3082 3118 Θεός
3104 3068 3245 3122 μου,
3276 3051 3350 3104 οὐ
3383 3047 3467 3119 μὴ
3505 3059 3753 3114 περιπα-

2164 3157 2361 3225 τήσῃς
2392 3153 2461 3206 ἐν
2485 3150 2559 3221 τῇ
2590 3149 2667 3219 γῆ
2699 3149 2909 3216 ταύτῃ,
2932 3145 3040 3211 ἕως
3063 3144 3141 3199 ἂν
3172 3141 3384 3207 ἀπάξω
3427 3154 3501 3194 σε
3551 3140 3620 3193 ἐν
3670 3137 3753 3202 τῷ

2164 3247 2290 3313 ναῷ
2314 3246 2558 3310 Κυρίου.
2589 3244 2658 3297 Ὣ
2689 3239 2802 3308 τῆς
2831 3238 3036 3294 θεόθεν
3060 3234 3516 3305 ἐλλαμφθείσης
3544 3227 3618 3298 τῇ
3641 3245 3753 3299 μη-

2166 3338 2257 3408 τρί
2284 3336 2560 3407 χάριτος]
2594 3335 2663 3388 Ὢ
2690 3326 3250 3401 πνευματοκινήτου
3313 3324 3414 3379 καὶ
3474 3319 3753 3391 σοφωτὰ-

2167 3450 2276 3501 της
2291 3431 2545 3501 κρίσεως
2568 3427 2588 3482 !
2606 3423 2944 3496 Παράδοξα,
2965 3422 3120 3493 φησὶ,
3141 3419 3214 3474 τὰ
3242 3417 3376 3487 περὶ
3392 3416 3489 3481 σὲ,
3510 3413 3751 3470 τέκνον.

2166 3525 2322 3581 Ξένα
2348 3523 2447 3578 και
2472 3520 2632 3592 παρὰ
2661 3517 3036 3588 προσδοκίαν
3064 3513 3137 3568 τὰ
3163 3512 3265 3568 ἐπὶ
3319 3509 3419 3565 σοι
3469 3505 3737 3577 παραδει-

2168 3618 2437 3686 κνύμενα
2459 3612 2767 3685 μεγαλεῖα.
2795 3607 3163 3674 Κατάλληλα
3192 3602 3270 3672 τῇ
3300 3596 3751 3670 ἀπεκδεχομένη

2172 3720 2248 3759 σε
2282 3701 2550 3772 διατριϐῇ
2584 3702 2658 3755 τὰ
2681 3695 3215 3768 προῦποεραίνοντα
3258 3693 3487 3759 ταύτην
3535 3686 3754 3757 τεκμή-

487 3812 545 3854 nt
571 3802 624 3853 in
648 3797 913 3851 communi
948 3801 1088 3846 terra
1120 3801 1248 3843 stes.
1282 3786 1347 3842 In
1400 3802 1610 3842 sacrum
1660 3785 1944 3841 adduceris
1993 3785 2062 3839 lo-

2165 3815 2291 3868 pta.
2326 3799 2409 3851 Οὐ
2439 3793 2513 3863 τῇ
2537 3791 2711 3861 κοινῇ
2742 3789 2891 3862 γοῦν
2916 3787 3063 3842 ἐνόν
3090 3801 3197 3841 σοι
3224 3784 3627 3853 παρίστασθαι
3652 3777 3754 3848 γῇ.

488 3910 629 3955 cum,
666 3900 919 3960 tanquam
969 3882 1233 3940 excelsum
1293 3897 1356 3935 ac
1402 3881 1664 3934 eleuatum
1714 3879 2069 3933 domicilium.

488 3983 765 4041 Dominico
794 3978 987 4033 inserui
1026 3975 1238 4044 templo.
1286 3973 1454 4027 Locus
1491 3972 1732 4026 illibatus
1783 3980 2069 4041 prwcastos

489 4075 745 4147 suscipiat
780 4071 958 4142 pedes.
998 4066 1152 4122 Nihil
1181 4066 1476 4120 comntunis
1510 4067 1631 4119 vitae
1661 4064 1796 4117 ratio
1837 4064 2075 4118 inconta-

490 4171 749 4222 minatam
787 4160 1086 4217 columbam
1119 4165 1406 4221 conservet,
1426 4171 1586 4226 quam
1618 4171 1710 4226 ego
1740 4170 2069 4225 componam,

497 4271 751 4326 tanquam
810 4251 1088 4323 promissis
1158 4250 1316 4319 ﬁnem
1368 4248 1659 4318 imponens.
1707 4244 1856 4301 Ferit
1901 4246 2067 4311 enim,

496 4350 694 4420 inquit,
731 4357 895 4400 mater
924 4343 1038 4414 ejus
1081 4342 1377 4395 oratorium
1407 4339 1462 4392 in
1490 4336 1754 4400 cubiculo,
1800 4352 1892 4391 nec
1920 4336 2074 4407 quid-

493 4460 648 4517 qnam
692 4453 959 4495 commune
1015 4443 1108 4488 aut
1156 4432 1489 4487 immundum
1534 4447 1627 4500 per
1679 4431 1816 4483 illud
1870 4428 2073 4483 sinebat

494 4536 739 4591 transire.
771 4530 875 4585 Par
904 4541 1140 4597 namque
1180 4533 1299 4580 erat
1338 4531 1397 4576 ut
1433 4522 1664 4576 seorsim
1708 4521 1942 4578 electum
1980 4534 2071 4573 sa-

491 4631 687 4688 cellum
728 4624 959 4682 sacratis
1005 4635 1069 4674 ac
1108 4618 1304 4673 dicatis
1351 4614 1460 4669 Deo
1506 4615 1876 4684 penetralibus
1939 4626 2071 4667 con-

489 4727 826 4778 versaretur.
890 4712 997 4768 Par
1054 4719 1174 4766 erat
1237 4717 1297 4763 ut
1361 4707 1632 4762 secuturis
1702 4705 2070 4770 mirabilibus,

491 4825 736 4884 congrue
766 4808 818 4863 ei
861 4821 950 4861 res
994 4800 1239 4858 infantia!
1264 4799 1643 4871 procederent,
1683 4813 1805 4868 quae
1838 4812 1978 4851 nova
2008 4811 2075 4852 ac

493 4903 755 4980 singulari
805 4899 1071 4972 dignitate
1124 4890 1649 4960 bonestata'esset;
1689 4893 1760 4957 ei,
1823 4893 2069 4961 inquam,

491 5015 614 5071 qua:
635 5009 742 5051 una
784 4990 1011 5047 humani
1056 4986 1224 5042 totius
1259 4983 1497 5056 generis,
1532 4998 1847 5052 supremam
1879 4982 2071 5052 praesi-

493 5092 732 5147 dentiam
780 5087 976 5144 sortita
1010 5091 1156 5139 esset
1197 5098 1211 5136 :
1246 5078 1383 5135 nihil
1415 5078 1635 5157 quidem
1668 5077 1759 5131 illa
1791 5091 1858 5132 eo
1881 5090 2064 5130 exem-

2173 3887 2328 3957 Πρὸς
2348 3886 2455 3940 τὸν
2478 3886 2641 3954 ίερὸν
2676 3879 3008 3950 ἀπαχθήσῃ
3041 3877 3252 3943 τόπον,
3278 3875 3359 3941 ὠς
3385 3871 3758 3943 ἐξῃρημένον

2171 3980 2533 4048 ἐναύλισμα.
2599 3972 2684 4040 Τῷ
2734 3969 3075 4035 Δεσποτιιιῷ
3139 3964 3536 4035 καθυπηρέτει
3608 3961 3754 4026 ναῷ.

2186 4069 2427 4139 ’Δθιγὴς
2452 4066 2665 4138 χῶρος,
2700 4063 2799 4118 και
2834 4061 2980 4128 τοὺς
3019 4058 3403 4129 ὐπεράγνους
3462 4052 3755 4121 ὐποδεχέ-

2172 4165 2300 4218 σθω
2322 4159 2535 4227 πόδας.
2575 4155 2992 4223 Ἀκοινώνητος
3010 4150 3271 4222 διαγωγὴ
3301 4149 3416 4218 τὴν
3464 4147 3759 4215 ἀκηλίδω-

2172 4270 2281 4308 τον
2299 4252 2430 4307 διατ
2437 4250 2649 4320 ηρείτω
2660 4246 3041 4317 περιστερὰν,
3065 4242 3145 4311 ῆν
3156 4242 3275 4313 ἐγὼ
3287 4239 3759 4312 παρασκευάσω,

2173 4348 2256 4414 ὡς
2280 4344 2412 4410 ταῖς
2438 4339 2819 4412 ὑποσχέσεσι
2848 4339 2917 4394 τὸ
2949 4337 3137 4405 πέρας
3194 4334 3545 4390 ἐπιτιθεῖσα.
3581 4332 3759 4387 Ἔπο-

2176 4437 2316 4506 ίησε
2343 4435 2478 4508 γὰρ,
2503 4435 2694 4505 φησιν,
2733 4433 3000 4503 ὀγίασμα
3024 4431 3064 4501 δή
3097 4428 3298 4501 μήτηρ
3327 4425 3519 4497 αὐτῆς
3562 4427 3634 4480 ἐν
3677 4425 3762 4490 τῷ

2177 4527 2451 4593 κοιτῶνι,
2515 4527 2615 4583 καὶ
2670 4523 2879 4580 κοινὸν
2936 4523 3035 4577 καί
3089 4522 3432 4590 ἀκάθαρτον
3492 4520 3606 4572 οὐκ
3665 4516 3761 4570 εἷα

2175 4620 2517 4690 διέρχεσθαι
2541 4618 2617 4674 δι’
2643 4617 2851 4673 αὐτοῦ.
2888 4616 3088 4686 Ἐχρῆν
3111 4616 3221 4685 γὰρ
3249 4613 3314 4667 τὸ
3338 4609 3760 4681 διακεκριμένοι

2173 4715 2437 4784 τέμενος,
2498 4714 2556 4766 ὲν
2604 4710 2994 4783 ἀφιερωθεῖσιν
3036 4706 3408 4761 ἐνδιαιτᾶσθαι
3466 4702 3763 4772 ταμιείοις.

2181 4807 2330 4860 Ἔδει
2364 4807 2477 4870 τοῖς
2505 4805 2796 4875 ἑπομένοις
2837 4802 3165 4872 παραδόξοις
3193 4796 3545 4868 καταλλήλως
3573 4797 3641 4850 τὰ
3660 4795 3764 4863 τῆς

2177 4898 2504 4970 νηπιότητος
2535 4896 2855 4969 προϐαίνειν
2907 4894 3009 4965 τῆς
3044 4891 3334 4965 παραδόξῳ
3389 4888 3764 4960 τετιμημένης

2176 4989 2455 5062 ἀξιώματι
2485 4988 2624 5060 ’τῆς
2658 4989 2832 5059 μόνης
2885 4985 2979 5040 τοῦ
3018 4982 3366 5056 ἀνθρωπείου
3419 4981 3612 5050 γένους
3662 4979 3765 5050 τὴν

2176 5080 2443 5136 ἀνωτάτω
2468 5078 2901 5151 κεκληρωμένης
2929 5075 3226 5148 προεδρίαν
3248 5091 3263 5106 ’
3294 5074 3392 5143 τῆς
3414 5072 3604 5126 τούτου
3663 5070 3763 5141 μὲν

493 5194 606 5255 pta,
639 5198 701 5236 ac
724 5181 906 5235 minus
941 5178 1136 5241 homo;
1169 5154 1648 5243 incomparabilem
1679 5179 1860 5223 tamen
1907 5182 2062 5237 supra

2184 5173 2261 5245 μὴ
2290 5172 2586 5242 ὲκστὰσῃς,
2623 5147 2763 5241 δπὲρ
2798 5147 2987 5222 πάντα
3016 5168 3073 5222 δὲ
3106 5147 3175 5220 τὰ
3225 5165 3503 5235 κτίσματα
3546 5161 3761 5228 δεδοξα-

494 5287 680 5331 creata
725 5271 909 5328 omnia
958 5267 1184 5339 gloriam
1218 5271 1533 5318 consecuta.
1591 5259 1684 5314 Sic
1719 5273 1851 5313 sane
1882 5271 2062 5312 sancta

2184 5266 2392 5335 σμένης
2418 5263 2791 5333 ἀσυγκρίτως.
2823 5259 2982 5315 Οὕτω
3031 5259 3186 5329 μὲνὴ
3217 5256 3340 5311 ὁσία
3376 5256 3471 5310 καὶ
3526 5252 3765 5325 μεγαλόέ

493 5368 585 5422 illa
651 5378 717 5417 ac
774 5358 1064 5430 magniﬁca
1125 5365 1359 5410 mater:
1418 5362 1571 5423 pater
1627 5364 1758 5405 vero
1818 5349 2062 5405 sensibus

2185 5354 2359 5425 ψυχος
2387 5355 2573 5425 μήτηρ
2611 5368 2627 5383 ο
2675 5353 2704 5406 ὁ
2732 5350 2789 5403 δὲ
2818 5349 2882 5420 δὴ
2917 5351 3101 5421 πατὴρ
3131 5352 3199 5420 τῇ
3222 5347 3459 5419 amoma
3503 5345 3763 5416 φιλοφρο-

494 5457 794 5526 conspicua
848 5451 1143 5511 hilaritate,
1193 5447 1491 5517 spiritalem
1563 5445 1829 5499 exhibens
1871 5442 2062 5513 jucun-

2183 5446 2321 5519 σύνῃ
2341 5446 2440 5517 τὴν
2460 5445 2657 5516 νοητὴν
2682 5443 2982 5514 παρίστησι
2999 5441 3288 5513 θυμηδίαν,
3314 5441 3407 5494 καὶ
3422 5439 3501 5510 τῷ
3523 5440 3764 5509 προῖόντι

494 5551 743 5612 ditatem,
792 5547 957 5600 etiam
991 5557 1249 5611 processu
1299 5541 1564 5613 temporis
1605 5553 1711 5592 una
1745 5551 2062 5607 promovetn

2175 5540 2354 5610 χρόνῳ
2376 5536 2473 5608 τὴν
2508 5534 2991 5605 συνεπιδιδομένην
3021 5533 3167 5605 ἔργῳ
3202 5531 3616 5599 καθυπέφαινεν
3670 5530 3765 5581 εὖ..

494 5651 601 5698 tem
651 5638 891 5692 laetitiam
969 5650 1133 5705 opere
1196 5630 1610 5687 demonstravit.
1664 5628 1868 5683 Locum
1926 5629 2062 5684 enim

2177 5628 2480 5700 φροσύνην.
2518 5626 2695 5680 Τόπον
2721 5629 2828 5698 γὰρ
2870 5628 2965 5681 καὶ
2995 5622 3420 5695 μεγαλοπρεπῆ,
3455 5622 3552 5675 καὶ
3586 5624 3765 5674 statu;-

496 5730 842 5804 magnilirum
878 5743 944 5783 ac
973 5730 1184 5782 varium
1226 5725 1520 5788 adornatus,
1562 5736 1687 5777 cum
1735 5722 2062 5778 dulcissimis

2173 5722 2268 5776 λον
2303 5719 2764 5792 παρασκευάσας,
2810 5721 2923 5783 τοῖς
2962 5718 3074 5771 τῶν
3114 5717 3392 5786 ἐδωδίμων
3432 5715 3674 5787 ἡδίστοις
3709 5716 3764 5767 τὲ

494 5824 693 5895 epulis,
720 5820 1077 5894 impensioris
1106 5817 1289 5891 gaudii
1327 5815 1653 5874 suavitatem
1693 5813 2062 5871 sacerdotibus

2175 5814 2276 5885 τῆς
2304 5810 2663 5885 περιχαρείας
2692 5810 3039 5882 γλυκύτατον
3072 5812 3187 5874 τοῖς
3218 5808 3429 5882 ἱερεῦσι
3474 5809 3570 5865 καὶ
3622 5807 3755 5861 διδα-
