4130 6202
414 319 529 383 589

1268 320 1559 383 ORATIO
1592 320 1675 382 IN
1718 320 2249 385 NATlVlTATEM
2290 322 2395 384 SS.
2443 323 2814 384 DEIPARJE.

3571 330 3675 393 590

416 431 638 493 σκαλοις
666 431 1088 503 συμπαρετίθει.
1136 432 1372 495 Τούτους
1411 434 1522 503 γὰρ
1566 432 1631 504 δὴ
1690 432 1999 502 συγκεκλη-

2107 448 2169 486 ac
2210 435 2487 504 magistris
2528 438 2773 508 apponit.
2828 437 3087 490 Invitatus
3138 436 3284 490 enim
3336 436 3681 496 discumbere

419 523 617 593 μένους
652 524 970 587 ἀνακλίνας,
1002 523 1080 594 τῷ
1098 524 1438 596 φαιδροτάτῳ
1454 526 1552 595 τῆς
1576 523 1803 595 γνώμης
1825 541 1995 577 κατα-

416 616 697 686 γλυκαίνει
765 614 989 687 μᾶλλον,
1046 616 1080 687 ἢ
1139 620 1251 681 τοῖς
1309 618 1586 687 διαφόροις
1639 617 1749 670 τῶν
1804 617 1996 686 ἡδέων.

429 707 590 762 Ἀλλά
615 708 726 779 γὰρ
756 707 852 761 καὶ
885 707 1007 761 θεία
1038 726 1121 773 τις
1138 703 1206 779 ἦν
1241 710 1274 777 ἡ
1301 708 1683 777 καθηδύνουσα
1724 707 1846 760 τότε
1895 707 1998 777 τὴν

417 799 652 871 εὐωχίαν
687 800 870 870 χάρις,
913 799 1036 869 ἥτις
1074 800 1136 853 τὸ
1162 798 1478 872 ὐπέργλυκύ
1526 816 1587 852 τε
1644 798 1739 852 καὶ
1797 798 1999 869 ἀκόρε-

420 908 546 945 στον
566 889 839 962 ὑπεδήλου
870 892 971 962 τῆς
997 891 1308 963 τεχθείσης,
1342 892 1435 945 καὶ
1462 890 1562 963 τὴν
1603 890 1871 961 ἐσομένην
1930 890 1999 943 δι’

418 982 592 1052 αὐτῆς
622 982 990 1054 ἀδιαφόρητον
1041 986 1486 1055 πρωνεκηρυττε
1539 983 1639 1053 τῆς
1672 984 2000 1051 θεογνωσίας

417 1072 678 1146 ηδύτητα.
721 1074 880 1128 Οῦτω
906 1074 1087 1128 τοίνυν
1141 1074 1575 1145 μεγαλοπρεπῶς
1628 1075 1998 1141 ἐστιαθὲντας,

416 1167 515 1219 καὶ
544 1166 578 1236 ἠ
596 1163 690 1218 τοῦ
725 1165 1040 1234 Πνεῦματος
1068 1166 1196 1228 τοὺς
1226 1164 1350 1219 κατ’
1371 1165 1530 1230 ἀξίαν
1558 1164 1741 1219 αὐτῶν
1770 1166 2004 1236 ἐμφορεῖ

420 1255 603 1324 χάρις,
625 1254 691 1307 δι’
721 1248 795 1308 ὧν
824 1256 890 1325 τῇ
933 1254 1275 1328 προτεθείσῃ
1294 1255 1478 1328 δεήσει
1522 1259 1591 1310 τὰ
1627 1256 1697 1309 δι’
1734 1257 1801 1327 ἢν
1859 1257 2002 1327 αὐτῇ

421 1348 737 1418 προσήγετο
793 1347 1059 1416 μεγαλεῖα
1106 1349 1470 1419 κατεμήνυεν.
1549 1347 1834 1419 ’Λχθείσης
1891 1347 2000 1417 γὰρ

422 1439 511 1491 ἐπ’
536 1438 793 1507 ἀγκαλῶν
821 1440 1131 1511 φερομένης
1161 1441 1256 1494 ἐπὶ
1277 1441 1376 1510 τῆς
1404 1441 1641 1511 εὐωχίας
1686 1443 1786 1510 τῆς
1813 1440 2002 1509 κοινῆς

425 1530 685 1585 ἀπαντῶν
699 1532 1057 1605 εὐφροσύνης,
1082 1533 1182 1604 τῆς
1203 1533 1374 1604 μόνης
1391 1534 1592 1604 ἀστείῳ
1609 1532 1704 1586 καὶ
1730 1531 1969 1603 ἀσυγκρί
1981 1560 2000 1574 -

422 1641 502 1693 τῳ
555 1622 1062 1695 καταλαμπομένης
1121 1624 1311 1679 κάλλει
1338 1638 1353 1654 ο
1423 1624 1525 1694 τῆς
1573 1625 1674 1695 τὴν
1709 1623 2001 1678 ἀνόθευτον

423 1717 817 1787 περικειμένης
849 1716 1162 1788 ὡραιότητα
1198 1732 1213 1749 ·
1243 1715 1337 1770 τοῦ
1367 1715 1624 1784 εὐγενοῦς
1672 1715 1768 1770 τοῦ
1810 1717 2002 1785 γένους

424 1805 806 1877 βλαστήματος
847 1823 863 1839 ·
913 1807 1014 1876 τῆς
1048 1805 1313 1871 εὐθαλοῦς
1357 1807 1713 1877 παραφυάδος
1768 1806 1872 1877 τῆς
1909 1809 2003 1877 φύ-

428 1916 566 1961 σεως
591 1915 606 1929 ·
640 1898 743 1968 τῆς
768 1900 881 1961 τοῖς
930 1898 1225 1970 συμϐόλοις
1253 1902 1354 1971 τῆς
1379 1900 1666 1971 ἀδιαδόχου
1710 1900 2002 1972 φαιδρυνο-

428 1989 599 2059 μένης
625 1992 834 2062 χαρᾶςο
864 1991 966 2062 τῆς
999 1992 1130 2055 τούς
1162 1991 1476 2063 θησαυροὺς
1495 1992 1605 2046 τῶν
1624 1993 1868 2061 ἀγαθῶν,
1909 1994 2006 2047 καὶ

424 2079 516 2131 τὸν
545 2078 644 2148 τῆς
701 2080 955 2149 εὐλογίας
1008 2082 1462 2153 ταμιευσαμὲνης
1522 2081 1779 2148 πλοῦτον,
1835 2100 2006 2137 κατα-

424 2170 752 2240 πλήττονται
788 2171 889 2243 μὲν
913 2173 1134 2244 πρῶτον
1165 2174 1243 2244 τῷ
1270 2174 1497 2228 θεοειδεί
1514 2174 1720 2243 ταύτης
1757 2175 1806 2228 oi
1836 2175 2006 2245 69th-

420 2277 515 2325 τες
572 2262 763 2317 κάλλει
796 2280 811 2294 ο
856 2264 1141 2335 θυμηδίας
1178 2266 1238 2320 δὲ
1295 2266 1497 2320 αὐτίκα
1554 2267 1924 2338 χαριεστάτης
1968 2269 2002 2340 ἡ

424 2351 626 2422 εὐωχία
654 2353 986 2425 πληροῦται,
1033 2358 1250 2410 πάντων
1301 2357 1488 2419 αὐτοῖς
1547 2358 1657 2410 τῶν
1714 2359 2004 2427 παρόντων

427 2445 804 2515 συνησθέντων
843 2448 1041 2517 ἐπίσης
1074 2464 1088 2476 ο
1133 2448 1230 2502 καὶ
1271 2447 1383 2500 τῶν
1423 2448 1522 2517 μὲν
1574 2450 2003 2519 κεχαρισμέναις

424 2536 785 2607 δεξιουμένων
815 2542 1023 2607 φωναῖς
1042 2556 1056 2570 ·
1088 2540 1200 2593 τῶν
1235 2541 1427 2610 ἱερέων
1451 2541 1530 2605 δὲ,
1571 2542 1854 2612 κρείττοσι
1882 2547 2004 2609 ταῖς

424 2628 567 2699 πρὸς
593 2628 654 2681 τὸ
668 2629 826 2683 Θείον
844 2631 1224 2701 εὐχαριοστίαις
1269 2631 1341 2685 τὰ
1369 2634 1466 2701 τῆς
1499 2632 1855 2686 θεοπνεύστου
1882 2651 2027 2688 συν-η

431 2722 815 2791 αναφερόντων
842 2723 1053 2785 ἱκεσίας
1071 2718 1290 2793 ῥήματα
1308 2738 1323 2755 ’
1354 2722 1524 2776 ταῦτα
1554 2722 1613 2777 δὲ
1630 2725 1853 2778 τοιαῦτά
1882 2744 2005 2780 τινα

427 2814 797 2884 προύτείνετο,
838 2813 914 2876 ὼς
947 2816 1296 2884 προφητείαν
1329 2814 1533 2887 δηλαδὴ
1565 2817 1675 2870 τῶν
1726 2819 2005 2888 ἐσομένων

426 2900 566 2957 εῖναι
606 2904 965 2976 βεϐαιοτάτην
985 2905 1325 2975 νομίζεσθαι.

446 3054 457 3061 ,
497 2997 615 3064 ΚΓ.
654 2998 716 3050 Οί
750 2998 849 3067 μὲν
871 2997 979 3070 γὰρ
1005 2998 1099 3050 τὸν
1134 2996 1243 3051 τῶν
1287 2998 1656 3069 προπατόρων
1710 2998 2004 3053 ἐπικαλού-

2102 526 2329 593 l'aciens,
2353 529 2518 583 animi
2551 531 2754 599 ingenti
2784 529 2990 589 latitia,
3009 544 3171 598 quam
3200 528 3430 584 delicata
3458 530 3680 600 dapiuut

2103 618 2364 673 varietate
2408 620 2581 688 magis
2615 620 2941 674 delectabat.
2996 616 3102 673 Sed
3125 629 3181 673 et
3216 619 3399 673 divina
3430 622 3679 689 quaedam

2102 707 2276 774 gratia
2314 706 2362 759 ei
2425 716 2555 761 tunc
2594 708 2847 763 convivio
2872 708 3150 763 dulcorem
3182 707 3522 791 aliundebat,
3558 728 3682 782 quae

2105 797 2362 851 nimirum
2397 798 2558 852 edita:
2581 799 2775 867 puella:
2801 814 2966 869 supra
3000 800 3221 855 modum
3253 800 3443 857 dulces
3475 818 3675 868 mores,

2101 902 2168 943 ac
2203 889 2517 945 insatiabile
2548 893 2883 948 desiderium
2919 894 3201 958 habentes,
3245 895 3581 961 declararet,
3616 913 3680 952 ac

2104 994 2199 1048 per
2219 995 2360 1046 eam,
2402 983 2675 1039 universis
2706 985 2971 1054 perviam,
3012 986 3495 1055 promiscuamque
3525 987 3677 1042 futu-

2104 1087 2218 1126 ram
2266 1074 2510 1129 scientias
2555 1075 2652 1131 Dei
2725 1074 3067 1130 dulcedinem
3122 1079 3535 1147 praenuntiant.
3586 1078 3683 1133 εἰσ

2100 1180 2230 1235 ergo
2258 1165 2542 1236 magniﬁce
2566 1167 2834 1237 epulatos,
2872 1164 3111 1236 Spiritus
3156 1184 3377 1238 quoque
3421 1171 3680 1239 adimplet

2103 1258 2300 1328 gratia,
2337 1258 2386 1312 si
2414 1258 2509 1325 qui
2546 1273 2612 1312 ex
2652 1258 2764 1314 illis
2786 1259 2933 1328 digni
2969 1270 3146 1323 erant,
3181 1262 3384 1330 quibus
3428 1274 3679 1331 porrecta

2104 1349 2373 1412 oratione,
2420 1349 2541 1415 ejus
2591 1358 2808 1417 propter
2850 1363 3014 1417 quam
3064 1350 3169 1419 ipsi
3223 1351 3532 1416 offerretur,
3562 1362 3680 1407 tua-

2102 1440 2283 1515 gnalia
2305 1441 2560 1494 ostendit.
2588 1439 2738 1494 Illata
2761 1441 2906 1494 enim
2932 1443 3182 1497 convivio
3200 1444 3252 1497 in
3279 1445 3420 1500 ulnis
3448 1456 3679 1515 gestata,

2104 1532 2379 1586 communi
2428 1533 2809 1587 universorum
2859 1532 3087 1589 laetitia:
3122 1548 3208 1599 ea,
3262 1535 3508 1606 inquam,
3555 1554 3678 1609 quae

2104 1622 2220 1676 sola
2251 1622 2486 1692 eleganti
2517 1636 2581 1677 ac
2627 1622 3038 1692 incomparabili
3082 1623 3279 1678 decore
3330 1627 3673 1694 splenderet;

2104 1727 2228 1783 quas
2265 1713 2481 1768 sincera
2512 1715 2693 1783 specie
2739 1715 2961 1784 praedita
3009 1726 3191 1782 esset;
3226 1718 3394 1773 nobili
3426 1718 3520 1775 illo
3554 1734 3677 1776 sur-

2103 1806 2227 1862 culo
2286 1807 2537 1878 generis;
2590 1807 2786 1863 virenti
2827 1809 2921 1864 illo
2972 1821 3186 1865 naturae
3240 1813 3501 1867 stolone:
3535 1829 3681 1868 sem-

2103 1898 2296 1964 piterni
2351 1899 2443 1954 illa
2491 1901 2674 1969 gaudii
2717 1901 2979 1971 symbolis
3020 1904 3359 1969 exhilarata;
3396 1904 3507 1970 illa,
3556 1921 3680 1974 qua:

2102 1989 2370 2044 bonorum
2433 1990 2721 2045 thesauros
2775 1992 3104 2056 recondidit,
3158 2008 3224 2047 ac
3283 1993 3678 2049 benedictionis

2101 2077 2320 2132 divitias
2357 2095 2371 2132 :
2405 2079 2645 2148 primunt
2692 2081 3109 2150 obstupescunt,
3143 2082 3385 2151 augusti,
3419 2098 3486 2138 ac
3534 2084 3676 2138 divi-

2103 2185 2236 2224 num
2286 2169 2416 2239 quid
2477 2170 2747 2236 habentis,
2811 2173 2929 2240 ejus
2980 2173 3194 2229 decoris
3236 2186 3500 2243 aspectu;
3557 2184 3671 2229 tum

2103 2263 2286 2316 statim
2328 2262 2644 2317 convivium
2680 2263 3009 2319 suavissima
3037 2265 3383 2334 jucunditate
3411 2267 3674 2336 repletur,

2105 2352 2375 2407 universis
2405 2352 2630 2422 perinde
2671 2352 2914 2408 convivis
2956 2355 3188 2410 invicem
3229 2356 3673 2427 gratulantibus:

2104 2458 2169 2499 ac
2213 2445 2336 2499 aliis
2367 2444 2586 2514 quidem
2636 2444 2807 2514 gratis
2855 2445 3080 2502 vocibus
3114 2447 3552 2518 excipientibus;
3587 2465 3676 2505 sa-

2105 2536 2420 2593 cerdotibus
2439 2549 2647 2605 autem,
2678 2538 2983 2609 potioribus
3015 2542 3320 2608 gratiarum
3343 2543 3673 2606 actionibus,

2106 2629 2381 2701 inspirata:
2415 2648 2446 2685 a
2477 2632 2588 2687 Deo
2630 2635 3045 2704 supplicationis
3080 2637 3246 2693 verba
3295 2639 3503 2707 pariter
3532 2643 3677 2694 rele-

2105 2724 2380 2789 rentibus;
2416 2726 2551 2791 hanc,
2584 2741 2648 2780 ac
2675 2726 2945 2795 ejusmodi
2968 2729 3216 2799 quaedam
3257 2732 3674 2800 promebantur,

2106 2823 2167 2870 ut
2190 2817 2495 2873 certissima
2524 2817 2836 2875 futurorum
2868 2821 3152 2890 prophetia
3181 2822 3517 2878 viderentur.

2175 2994 2317 3051 XVI.
2342 2995 2475 3052 Nam
2504 2998 2595 3053 alii
2627 3000 2869 3070 quidem,
2893 3002 3060 3056 Deum
3094 3011 3304 3069 patrum
3341 3002 3679 3067 invocantes,

432 3106 584 3159 μενοι
609 3088 765 3153 Θεὸν,
789 3090 1086 3158 εὐλογῆσαι
1133 3089 1233 3161 τὴν
1282 3090 1474 3152 παῖδα.
1535 3092 1630 3144 καὶ
1696 3088 2005 3150 διαιωνίξον

2107 3091 2338 3162 puellam
2398 3093 2739 3158 benedicere,
2803 3112 2870 3150 ac
2921 3097 3316 3166 sempiternum
3374 3100 3424 3155 ei
3480 3116 3677 3154 nomen

428 3183 566 3250 αὐτῇ
598 3183 856 3253 παρέξειν
882 3182 1061 3246 ὄνομα
1098 3182 1475 3253 προσηύχοντο
1507 3199 1521 3213 °
1552 3184 1604 3236 οί
1658 3182 1717 3236 δὲ
1763 3183 1856 3235 τὸν
1897 3182 2003 3236 τῶν

428 3273 737 3344 ὐψωμάτων
769 3274 1139 3344 ἐπιϐλέψαντα
1169 3275 1326 3336 Θεὸν.
1352 3275 1622 3346 ἀδιαδόχῳ
1668 3275 1876 3344 ταύτην
1913 3274 2005 3327 εὐ·-

427 3366 587 3439 λογία
617 3370 1061 3438 κατακοσμῆσαι.
1092 3369 1200 3433 Δὸς
1231 3369 1340 3438 γὰρ
1369 3366 1548 3437 αὐτῇ,
1581 3370 1768 3438 φησὶν,
1815 3368 2007 3436 ὄνομα

427 3456 672 3512 αἰώνιον
694 3459 765 3512 ἐν
794 3460 1020 3527 πάσαις
1056 3459 1187 3525 ταῖς
1222 3460 1476 3530 γενεαῖς,
1529 3459 1628 3514 καὶ
1663 3459 2008 3527 εὐλόγησον

426 3548 624 3615 αὐτὴν
645 3550 914 3617 εὐλογία.
947 3547 1079 3617 ἥτις
1122 3548 1417 3618 διαδοχὴν
1452 3551 1565 3617 οὐχ
1619 3547 1764 3612 ἕξει.
1822 3548 2006 3601 Πάντα

432 3640 874 3710 προκηρύγματα
923 3641 1032 3694 τῶν
1086 3641 1468 3710 ἐκόεόηκότων
1516 3641 1618 3711 ἤδη
1646 3656 1660 3669 ⁸
1697 3639 1756 3693 τὸ
1787 3639 2007 3693 αἰώνιον

429 3729 625 3800 ινομα,
682 3733 742 3784 τὸ
796 3734 1000 3794 πάσαις
1055 3732 1402 3802 θρυλλεῑσοαι
1466 3736 1586 3794 ταῖς
1638 3735 1877 3801 γενεαῖς,
1910 3731 2008 3787 καὶ

433 3822 712 3892 ἀδιάὸοχον
740 3817 880 3876 εἶναι
924 3822 1024 3893 τὴν
1063 3822 1339 3890 εὐλογίαν.
1392 3823 1513 3876 Τῶν
1569 3821 1878 3892 ὐψωμάτων
1925 3822 2004 3886 δὲ,

430 3917 525 3968 τὸν
545 3914 654 3968 τῶν
708 3915 1028 3984 θαυμασίων
1075 3915 1444 3967 ἐπεκαλοῦντο
1478 3914 1633 3978 Θεὸν,
1664 3915 1753 3967 τὸν
1793 3912 2009 3977 ἐξαίσια

433 4009 525 4060 καὶ
556 4009 849 4079 ἀπόρρητα
872 4007 1299 4079 καινοτομοῦντα
1328 4009 1654 4079 πράγματα,
1697 4007 1792 4060 τὸν
1827 4010 2009 4062 πᾶσαν

433 4098 699 4169 γεννητὴν
729 4098 1097 4170 ὑπεραίροντα
1123 4100 1330 4169 νόησιν.
1380 4101 1441 4154 ’0
1470 4103 1636 4167 Θεὸς,
1682 4102 1838 4172 φησὶ,
1893 4100 2011 4155 τῶν

431 4188 790 4259 ὑψωμάτῳν,
836 4190 1169 4258 ἐπιϐλεψον
1211 4191 1309 4244 ἐπὶ
1360 4191 1478 4259 τὴν
1533 4192 1718 4245 παῖδα
1759 4194 2007 4257 ταύτην.

434 4280 533 4333 καί
561 4282 906 4350 εὐλόγησαν
954 4281 1151 4349 αὐτὴν
1192 4283 1498 4351 εὐλογίαν,
1548 4282 1681 4351 ἣτις
1716 4282 2010 4350 διαδοχὴν

432 4371 546 4439 οὐχ
579 4370 724 4434 ἔξει.
747 4372 869 4425 Τῶν
895 4372 1225 4443 ὐψωμάτων,
1281 4374 1436 4441 φησὶ,
1496 4372 1607 4425 τῶν
1662 4372 2010 4443 ὑψηλοτέρων

2108 3183 2349 3251 praebere
2373 3185 2740 3254 precabantur
2775 3205 2791 3240 :
2823 3187 2915 3241 alii
2951 3204 3079 3242 vero
3108 3197 3228 3251 suo,
3262 3189 3431 3244 Deum
3463 3192 3681 3247 celsita-

2108 3284 2244 3339 ttun,
2287 3287 2536 3344 aspectu,
2581 3276 2914 3344 sempiterna
2961 3293 3084 3333 eam
3142 3278 3522 3335 benedictione
3583 3297 3677 3335 or-

2108 3381 2294 3420 nare:
2342 3364 2424 3419 Da
2485 3368 2644 3426 enim,
2715 3368 2912 3433 inquit,
2961 3370 3012 3420 ei
3061 3379 3317 3422 aternum
3375 3385 3561 3424 nontam
3621 3375 3676 3426 in

2107 3456 2363 3509 universis
2419 3456 2865 3523 generationibus,
2924 3472 3143 3527 eamque
3204 3459 3472 3527 ejusmodi
3520 3462 3677 3516 bene-

2105 3546 2338 3599 dictione
2365 3546 2590 3616 adauge,
2613 3563 2730 3617 qua:
2766 3563 2869 3601 non
2913 3549 2984 3602 sit
3037 3550 3287 3607 habitura
3329 3551 3508 3620 ﬁnem.
3542 3551 3678 3608 Uni-

2109 3651 2287 3701 versa,
2304 3652 2491 3692 eorum
2528 3654 2650 3708 quae
2670 3639 2783 3708 jam
2813 3650 3134 3706 evenerunt,
3154 3642 3398 3710 quaedam
3433 3644 3675 3699 oracula.

2107 3728 2397 3787 silentum
2433 3746 2653 3795 nomen,
2684 3732 2975 3788 celebritas
3008 3733 3098 3789 illa
3131 3734 3185 3789 in
3212 3736 3469 3789 erunibus
3505 3754 3672 3806 gone-

2109 3824 2435 3886 rationibus,
2470 3839 2536 3878 ac
2581 3824 2915 3894 sempiterna
2960 3825 3269 3882 benedictio
3299 3836 3405 3882 cst.
3445 3829 3679 3884 Celsita-

2109 3924 2225 3969 tum
2271 3930 2400 3971 vero
2451 3914 2616 3970 Ileum
2666 3916 3013 3981 invocabant,
3064 3918 3231 3972 Deum
3274 3919 3461 3987 utique
3505 3925 3680 3974 mira-

2109 4004 2331 4071 bilium;
2365 4006 2457 4076 qui
2523 4007 2780 4060 nimirum
2841 4008 3107 4075 stupenda
3166 4023 3232 4061 ac
3291 4008 3679 4064 inenarrabilia

2111 4098 2370 4164 innovat;
2401 4101 2491 4169 qui
2523 4111 2762 4154 creatam
2816 4113 3033 4151 onmem
3072 4099 3481 4167 intelligentiam
3522 4118 3681 4156 exce-

2109 4191 2208 4245 dit.
2253 4190 2415 4253 θυαε,
2468 4192 2662 4258 inquit,
2718 4188 3040 4253 celsitatum,
3089 4191 3265 4260 aspice
3316 4205 3473 4259 super
3522 4191 3678 4244 istaut

2109 4276 2363 4347 puellam,
2396 4292 2559 4342 eaque
2595 4292 2714 4330 eam
2760 4277 3114 4330 benedictione
3162 4277 3389 4349 adauge,
3418 4296 3535 4348 quia
3576 4295 3680 4333 tum

2111 4370 2179 4423 sit
2229 4369 2477 4422 habitura
2522 4369 2700 4435 ﬁnem.
2733 4367 3074 4429 Cclsitatum,
3107 4368 3312 4437 inquit;
3348 4371 3401 4424 id
3441 4381 3547 4435 est,
3579 4388 3677 4424 sn.

436 4463 676 4532 νοήσεως
692 4478 708 4494 ·
742 4464 852 4518 τῶν
871 4464 1227 4535 ἐξῃρημένων
1242 4464 1477 4527 διανοίας
1496 4480 1512 4494 ⁸
1540 4464 1647 4518 τῶν
1675 4467 2005 4535 ἀνερμηνεύ-

2117 4459 2432 4513 blimiorum
2495 4456 2804 4521 intellectu,
2860 4454 3007 4519 muni
3074 4455 3342 4523 majorum
3406 4458 3680 4527 cogitatu,

436 4570 542 4606 των
586 4556 683 4608 καὶ
736 4557 1157 4626 ἀκαταλήπτων.
1198 4556 1471 4625 ’Υψηλὸς
1527 4556 1640 4625 γάρ
1697 4557 1865 4610 ἐστιν
1909 4556 2011 4610 ἐπὶ

438 4642 669 4711 πάντας
735 4646 878 4711 τοὺς
923 4647 1115 4714 λαοὺς
1158 4651 1191 4702 ό
1226 4648 1442 4715 Κύριος
1473 4661 1486 4673 ·
1528 4647 1816 4711 τουτέστι,
1875 4646 2009 4699 θαυ·

441 4738 795 4804 μαστότατος,
816 4738 912 4791 καὶ
958 4737 1138 4808 πάσης
1187 4738 1463 4808 λογισμῶν
1530 4737 1808 4808 περινοίας
1866 4737 2009 4790 ἀνά.-

438 4842 616 4896 τερος.
664 4829 778 4881 Οὐκ
836 4831 1097 4884 ἐννοεῖται
1155 4829 1232 4902 νῷ
1287 4831 1356 4884 τὰ
1394 4830 1708 4899 παράδοξον
1762 4831 1859 4899 οὐχ
1916 4832 2010 4899 ἐρ-

443 4920 735 4989 μηνεύιται
764 4916 908 4993 λόγῳ
927 4939 943 4955 ο
971 4922 1229 4994 ὑπεράνω
1264 4921 1373 4975 τῶν
1420 4922 1665 4991 οὐρανῶν
1723 4921 2012 4988 περιίπτα-

439 5025 530 5063 ται
559 5025 575 5042 ο
617 5014 713 5082 τῆς
761 5012 872 5065 τῶν
913 5015 1224 5082 ἀσωμάτων
1275 5014 1514 5083 νοήσεως
1546 5013 1962 5083 ἀποκρύπτεται
1992 5028 2007 5042 ⁸

436 5100 537 5170 τὴν
569 5102 680 5155 τῶν
716 5104 1125 5175 πολυομμάτων
1160 5106 1440 5172 ὀξυωπίαν
1470 5104 1839 5175 ὐπεκφεύγει’
1872 5104 2008 5158 θαύ-

444 5207 570 5259 ματι
600 5193 747 5265 μόνῳ
775 5193 871 5248 καὶ
892 5196 1099 5267 ἀφασίᾳ
1121 5198 1181 5249 τὸ
1221 5195 1567 5269 καταληπτὸν
1594 5196 1727 5268 ἔχει.

445 5376 454 5388 ⁸
512 5366 608 5425 ΙΖ’.
637 5371 798 5426 Ἀ).λά
821 5373 959 5443 πρὸς
973 5374 1074 5445 τὴν
1093 5374 1350 5443 γλυκεῖαν
1369 5373 1534 5428 πάλιν
1566 5374 1712 5444 ἡμᾶς
1758 5374 1791 5443 ἡ
1832 5374 2018 5444 μήτηρ

472 5459 547 5514 ῶν
567 5464 826 5530 γενεσίων
856 5466 1177 5532 ἐπισυνάγει
1219 5466 1565 5528 πανδαισίαν,
1625 5467 1720 5519 καλ⁴
1784 5466 1882 5535 τὴν
1944 5466 2011 5518 ἐκ

476 5548 694 5631 ιαδοῇς
738 5555 876 5626 αὐτῇ
912 5557 1202 5627 προσᾴδειν
1252 5558 1601 5627 εὐχαριστίαν
1634 5554 2011 5626 παρακελεύε-

516 5730 559 5765 ί⁷
590 5732 731 5787 Psal.
766 5746 952 5797 xcvut,
984 5734 1042 5791 2.

2112 4565 2231 4618 qua:
2264 4549 2522 4618 explicari
2555 4556 2832 4617 nequeunt
2876 4562 2941 4601 ac
2969 4547 3383 4616 comprehendi.
3420 4548 3683 4604 Excelsae

2111 4644 2256 4697 enim
2310 4656 2475 4710 supra
2513 4656 2705 4695 omnes
2732 4641 2958 4710 populos
3008 4638 3273 4693 Dominus
3306 4637 3372 4700 ",
3445 4638 3549 4690 hoc
3577 4647 3680 4698 est,

2112 4750 2323 4789 suntme
2376 4732 2664 4797 mirabilis,
2707 4747 2772 4787 ac
2814 4731 2963 4786 omni
3009 4730 3297 4785 sublttuior
3339 4729 3539 4783 tuentis
3590 4744 3686 4781 cu-

2112 4826 2306 4894 gitatu.
2354 4822 2639 4892 Ejusmodi
2706 4834 2837 4879 sunt
2876 4821 3191 4887 'tnirabilia,
3244 4830 3300 4874 ut
3366 4834 3523 4877 meus
3574 4836 3681 4874 non

2116 4914 2414 4985 intelligat,
2448 4923 2508 4968 ut
2528 4914 2705 4968 oratio
2727 4913 3002 4982 explicare
3033 4922 3289 4980 nequeat.
3309 4909 3487 4980 Supra
3510 4913 3684 4966 eteius

2113 5007 2283 5073 volat;
2360 5006 2813 5075 incorporearum
2867 4994 3267 5073 'iutelligentize
3341 5004 3685 5067 occultatur;

2111 5099 2367 5156 subtilem
2417 5100 2668 5154 obtutum
2719 5097 2907 5152 multis
2944 5098 3122 5152 oculis
3174 5095 3525 5165 praeditorum
3557 5096 3679 5149 illn-

2117 5206 2259 5257 rum,
2301 5206 2367 5245 ac
2413 5205 2638 5247 sensum
2677 5189 2833 5260 fugit.
2871 5188 3001 5243 Solo
3047 5190 3314 5244 miraculo
3361 5204 3427 5244 ac
3466 5191 3689 5244 silentio

2120 5289 2303 5349 potest
2323 5279 2731 5351 comprehendi.

2192 5368 2355 5424 XVII.
2405 5370 2603 5426 Verum
2645 5385 2747 5426 nos
2786 5370 2985 5426 iterum
3030 5380 3201 5426 mater
3249 5373 3314 5425 ad
3358 5371 3517 5426 dulce
3546 5386 3689 5427 con-

2119 5471 2305 5533 grcgal
2355 5463 2722 5517 natalitiorum
2791 5465 3135 5526 cunvivium,
3185 5464 3692 5533 succi-daneamquc

2122 5555 2222 5624 ipsi
2267 5556 2565 5624 gratiarum
2613 5555 2880 5610 actionem
2928 5557 3173 5611 acciuere
3209 5555 3384 5625 jubet.
3421 5556 3513 5610 Sic
3544 5556 3689 5610 enim
