4122 6212
401 297 502 364 591

1705 295 1964 357 JACOBI
1999 295 2345 358 MONACIII

3559 295 3666 361 592

398 415 643 483 vieariis,
692 430 758 472 ac
798 422 990 470 mutuo
1030 411 1449 468 succedentibus
1505 412 1804 478 dulciariis,
1855 423 1968 469 tum

2077 432 2192 471 ται.
2224 415 2381 467 Οὕτω
2415 411 2523 485 γὲρ
2563 413 2874 485 ἅμοιϐαίοις
2899 416 3013 478 τοῖς
3043 415 3142 484 τῆς
3173 413 3483 483 δοξολοίίας
3530 417 3664 474 ἡδύν

399 511 676 578 antiquos,
728 515 840 560 tum
892 517 1064 558 novos
1107 503 1363 558 convivas
1411 504 1696 572 magniﬁce
1747 506 1971 575 excipit.

324 629 329 636 -
399 603 574 668 Quam
629 606 776 668 ergo
815 597 974 651 dulce
1016 595 1289 650 canticum
1348 596 1479 651 illud
1531 597 1675 666 quod
1734 598 1968 652 accinit!

335 703 337 706 '
399 694 570 758 Quam
613 688 988 759 spectantibus
1017 686 1409 742 desiderabiles
1440 687 1751 743 charissimi
1783 690 1974 758 pigno-

401 786 477 840 ris
544 782 882 851 complexus,
945 794 1175 849 quisque
1237 779 1289 833 id
1346 781 1607 850 temporis
1674 781 1974 850 prOphetiae

397 876 696 932 edebantur
756 888 880 926 eum
921 873 1220 942 gratiarum
1271 871 1514 926 actione!
1552 872 1653 927 Ubi
1697 874 1867 937 enim,
1905 873 1974 928 iis

397 979 660 1026 consona,
691 977 812 1032 quae
843 962 996 1032 prius
1019 962 1338 1015 annuntiata
1382 973 1584 1025 essent,
1620 963 1970 1017 sacerdotum

398 1071 703 1120 sermones,
745 1069 811 1108 ac
861 1055 931 1107 ab
983 1054 1064 1108 cis
1117 1054 1458 1123 precantium
1515 1055 1698 1124 specie
1759 1054 1970 1122 prolata

396 1146 781 1218 perspexisset,
842 1144 985 1198 haud
1027 1145 1165 1198 ultra
1212 1159 1376 1212 quam
1434 1145 1794 1212 parturiebat,
1839 1161 1972 1215 pro-

397 1238 592 1307 phetiae
615 1238 872 1308 gratiam,
908 1238 1141 1302 retinet;
1173 1236 1268 1290 sed
1310 1237 1625 1291 thesaurum
1668 1238 1970 1306 repositum

400 1332 456 1386 in
501 1332 677 1385 lucem
728 1330 998 1400 producit,
1033 1329 1320 1397 palamque
1374 1343 1438 1382 ac
1480 1329 1697 1396 publice
1746 1329 1968 1384 divitias

397 1425 646 1493 proprias
692 1424 966 1494 proponit.
1014 1419 1236 1475 Tollens
1284 1421 1430 1474 enim
1485 1431 1659 1476 mater
1711 1436 1742 1476 e
1791 1422 1971 1478 medio

397 1515 647 1570 convivio
673 1515 896 1570 delicias
925 1529 1076 1578 suas,
1101 1528 1164 1567 ac
1203 1521 1415 1568 naturae
1441 1514 1709 1568 universae
1736 1514 1972 1569 delecta-

397 1617 664 1674 mcntum,
702 1617 866 1678 atque
893 1609 948 1661 in
984 1607 1106 1662 sinu
1141 1622 1242 1662 suo
1271 1608 1569 1672 collocans,
1600 1607 1721 1663 fusa
1766 1609 1970 1664 osculis

398 1703 832 1771 amplexabantur,
876 1717 939 1755 ac
991 1702 1102 1756 cito
1153 1701 1204 1755 in
1251 1702 1510 1756 sacellum
1568 1702 1834 1762 referens.
1864 1703 1971 1758 fer-

2080 525 2251 577 σμασι
2283 507 2411 570 τοὺς
2443 506 2632 572 πάλαι,
2654 507 2751 560 καὶ
2780 508 2906 570 τοὺς
2936 509 3032 560 νῦν
3070 507 3483 578 φιλοφρονεῖται
3542 507 3664 563 δαι-

2074 601 2334 669 τυμόνας.
2373 600 2461 664 Ὠς
2495 600 2649 671 ἡδεῖα
2683 599 2863 653 τοίνυν
2898 598 3058 668 ἡτῶν
3083 599 3300 669 ἐκείνης
3325 601 3666 671 ἑπᾳσμάτων

2075 689 2185 762 ᾠίή
2221 691 2232 743 !
2281 690 2372 752 Ὠς
2400 689 2645 743 ποθειναὶ
2675 691 2786 751 τοῖς
2829 687 3124 757 θεωμένοις
3181 689 3241 742 αἰ
3291 706 3348 741 τε
3410 690 3663 761 μητρῷαι

2075 783 2210 852 πρὸς
2241 782 2304 834 τὸ
2327 781 2584 850 φίλτατον
2621 781 2974 848 περιπλοκαί,
3013 781 3108 833 καὶ
3132 781 3189 834 αί
3220 779 3318 833 σὺν
3336 781 3664 852 εὐχαριστίᾳ

2076 875 2483 943 κηρυττόμεναι
2510 871 2816 940 τηνικαῦτα
2859 875 3190 944 προφητεῖαι
3217 873 3228 926 Ι
3307 873 3525 942 Ἐπειδὴ
3553 874 3662 944 γὰρ

2077 963 2344 1033 σύμφωνα
2370 965 2484 1026 τοῖς
2513 963 2617 1033 ήδη
2650 963 3070 1032 προαγγελθεῖσι
3126 963 3196 1017 τά
3242 981 3304 1016 τε
3359 967 3513 1034 παρὰ
3551 966 3662 1016 τῶν

2076 1059 2268 1129 ίερέων
2297 1057 2591 1126 λεγόμενα,
2623 1058 2718 1109 καὶ
2769 1056 2836 1109 δι’
2892 1056 3187 1132 ἐντεύξεως
3234 1053 3677 1127 προσφερόμενα

2077 1149 2314 1212 κατεῖδε,
2376 1149 2562 1202 οὐκέτι
2617 1149 2742 1217 σιγῇ
2801 1148 2905 1216 τὴν
2940 1150 3290 1218 προφητικὴν
3324 1149 3658 1219 ὠδινομένην

2074 1241 2294 1311 κατέχει
2355 1240 2518 1311 χάριν
2559 1255 2574 1270 ο
2630 1239 2766 1293 ἀλλὰ
2818 1239 3050 1310 προάγει
3092 1239 3186 1292 τὸν
3235 1242 3658 1311 ἐναποκείμενον

2074 1331 2370 1402 θησαυρὸν,
2403 1331 2499 1383 καὶ
2534 1330 2774 1401 δημοσία
2807 1330 2898 1382 τὸν
2927 1329 3106 1383 κοινὸν
3139 1331 3235 1384 καὶ
3281 1331 3478 1384 οἰκεῖον
3525 1349 3660 1403 προσ

2078 1425 2257 1495 τίθησι
2293 1424 2540 1480 πλοῦτον.
2589 1424 2914 1493 Ἀνελομένη
2945 1424 3054 1494 γὰρ
3083 1426 3116 1493 ἡ
3153 1425 3337 1495 μήτηρ
3371 1427 3437 1479 ἐκ
3484 1425 3660 1495 μέσης

2071 1517 2168 1587 τῆς
2196 1515 2517 1580 πανδαισίας
2547 1515 2608 1568 τὸ
2644 1515 2974 1584 ὲντρύφημα
3013 1516 3208 1586 αὐτῆς,
3244 1517 3340 1569 καὶ
3391 1517 3489 1586 τῆς
3527 1519 3658 1585 ὅλης

2073 1609 2291 1677 φύσεως
2316 1607 2554 1678 ἥδυσμα,
2581 1606 2679 1660 ὲπί
2712 1624 2773 1659 τε
2823 1607 3042 1660 κόλπων
3076 1607 3458 1672 άναπαύσασα,
3497 1626 3660 1678 περι-

2074 1700 2335 1752 επλέκετο
2363 1700 2457 1752 καὶ
2486 1698 2789 1768 κατεφίλει,
2819 1697 2914 1751 καὶ
2948 1698 3258 1763 σπουδαίως
3284 1701 3341 1752 ὲν
3367 1699 3444 1768 τῷ
3493 1702 3656 1768 ἁγιά-

397 1793 542 1848 venti
585 1794 788 1856 animo,
827 1809 890 1846 ac
935 1794 1170 1862 cogitatu
1221 1793 1556 1857 ferventiori,
1611 1795 1665 1846 in
1721 1794 1966 1848 omnium

2075 1807 2244 1861 σματι
2294 1789 2660 1860 είσκομίσασα
2690 1831 2706 1856 ,
2767 1789 2965 1861 ζεούσῃ
3033 1789 3248 1861 γνώμῃ,
3302 1791 3399 1845 καὶ
3444 1792 3660 1862 ἐπινοίᾳ

397 1887 644 1946 auribus,
704 1884 942 1952 Spiritus
1003 1882 1300 1937 canticum"
1342 1898 1405 1937 ac
1469 1883 1807 1953 prophetiam
1872 1901 1970 1954 pro

394 1978 690 2047 gratiarum
713 1975 927 2028 actione
957 1976 1162 2042 pangit,
1181 1975 1368 2029 dicens
1397 1992 1410 2028 :
1435 1973 1675 2028 (Σωτιαὺο
1704 1977 1969 2029 canticum

398 2065 622 2118 Domino
675 2065 779 2118 Deo
843 2080 981 2129 meo,
1029 2067 1157 2134 quia
1205 2065 1435 2118 uisitauit
1489 2081 1591 2127 me,
1650 2065 1970 2133 abstulitque

395 2156 730 2226 opprobrium
769 2165 961 2218 meum,
1010 2171 1077 2208 ac
1116 2155 1259 2208 dedit
1309 2155 1436 2208 milii
1479 2156 1707 2225 fructum
1741 2156 1971 2224 justitia:

395 2265 528 2313 stuc,
585 2248 848 2318 singulari
912 2248 1064 2301 iitum
1118 2249 1442 2315 substantia,
1501 2248 1971 2319 multipliciumque

395 2343 728 2405 divitiarum,
788 2350 1063 2394 a-teruum.
1103 2339 1176 2394 Ex
1230 2341 1547 2410 impcnsiori
1589 2343 1807 2410 gaudio,
1848 2343 1971 2395 ani-

396 2435 580 2504 mique
631 2434 814 2488 laetitia
861 2432 1060 2486 nedum
1113 2433 1371 2498 maxima,
1399 2448 1588 2486 verum
1629 2433 1790 2488 etiam
1823 2446 1970 2488 certa

396 2525 696 2596 prophetia,
747 2538 811 2578 ac
870 2524 974 2578 [ide
1032 2538 1221 2577 eorum
1277 2539 1397 2592 quan
1455 2534 1712 2578 eventura
1764 2533 1969 2585 essent,

396 2618 775 2689 producuntur
827 2617 1015 2669 istharc
1069 2615 1265 2668 cantici
1322 2616 1525 2679 verba;
1581 2615 1698 2685 ipsa
1748 2615 1969 2684 quidem

395 2709 541 2763 dictu
583 2722 801 2777 quoque
830 2706 1057 2777 gravia;
1099 2706 1349 2776 graviora
1395 2715 1600 2772 autem,
1628 2707 1968 2760 occultorum

397 2800 776 2872 mysteriorum
808 2798 1078 2868 profundo
1105 2798 1397 2853 intellecta.
1423 2797 1662 2852 Cantabo
1700 2799 1970 2852 canticum

396 2892 621 2947 Domino
673 2890 782 2944 Deo
825 2905 960 2943 meo.
989 2889 1255 2953 Cantabo,
1321 2888 1519 2957 inquit,
1555 2890 1826 2943 canticum
1865 2890 1969 2944 Do-

398 2986 548 3039 mino
580 2983 692 3038 Deo
724 2997 867 3046 meo,
902 2997 1000 3052 pro
1051 2982 1118 3035 iis
1164 2997 1285 3052 quae
1332 2981 1600 3035 mirabilia
1635 2982 1775 3036 facta
1819 2991 1966 3036 sunt.

396 3074 528 3144 Ejus
579 3087 816 3143 namque
883 3072 1120 3142 potentia
1185 3084 1508 3137 evenerunt,
1565 3088 1688 3142 quae
1759 3073 1969 3142 majora

2063 1880 2383 1952 ,θερμοτέρα
2429 1881 2523 1933 τοῦ
2565 1881 2882 1950 Πνεύματος
2935 1883 3012 1943 εἰς
3062 1880 3388 1945 ἐξάκουστον
3431 1884 3530 1952 τὴν
3564 1885 3658 1936 εὐο-

2072 1976 2428 2044 χαριστὴριον
2468 1973 2610 2044 ᾠδὴν
2643 1973 2739 2025 καὶ
2788 1973 3130 2043 προφητείαν
3171 1977 3365 2044 ὲπῇσε,
3402 1975 3655 2042 λέγουσα”

2075 2067 2238 2134 ’ᾼσω
2269 2065 2345 2132 δὴ
2367 2063 2534 2131 ᾠδὴν
2568 2066 2761 2131 ΚυρΙῳ
2797 2063 2875 2130 τῷ
2912 2064 3034 2129 Θεῷ
3052 2082 3172 2132 μου
3199 2081 3214 2096 ·
3271 2065 3361 2117 ὅτι
3395 2064 3652 2118 ἐπεσκέ-

2072 2157 2232 2224 ψατό
2255 2172 2350 2222 με,
2383 2154 2480 2208 καὶ
2514 2155 2802 2223 ἀφείλετό
2817 2173 2937 2223 μου
2971 2156 3033 2208 τὸ
3067 2154 3319 2221 ὄνειδος,
3349 2155 3447 2207 καὶ
3471 2155 3659 2208 ἔδωκέ

2067 2263 2168 2314 μοι
2200 2245 2436 2313 καρπὸν
2461 2245 2853 2312 δικαιοσύνης
2877 2245 3084 2310 αὐτοῦ,
3118 2247 3508 2315 μονοούσιον,
3559 2247 3660 2300 καί

2073 2336 2544 2391 πολυπλούσιον
2571 2336 2829 2391 αἰώνιον.
2877 2337 2973 2392 Ἐκ
3005 2340 3364 2409 περιχαρείας
3401 2341 3461 2392 οὗ
3497 2339 3659 2408 μόνον

2078 2425 2372 2495 μεγίστης,
2407 2425 2545 2480 ἀλλὰ
2585 2426 2680 2480 καὶ
2711 2428 2989 2495 ἀσφαλοῦς
3012 2430 3370 2500 προφητείας,
3414 2431 3508 2483 καὶ
3567 2431 3658 2480 πί-

2076 2534 2245 2581 στεως
2279 2520 2386 2571 τῶν
2417 2519 2804 2590 ἐκϐησομένων
2833 2520 2902 2573 τὰ
2929 2520 3241 2592 ὲπᾳδόμενα
3295 2523 3604 2592 παράγεται
3638 2537 3657 2556 ο

2075 2609 2249 2678 σεμνὰ
2285 2609 2385 2679 μὲν
2427 2611 2519 2662 καὶ
2553 2610 2846 2679 λεγόμενα,
2912 2614 3212 2683 σεμνότερα
3240 2613 3297 2666 δὲ
3354 2613 3449 2666 καὶ
3505 2612 3659 2666 νοούο

2078 2718 2214 2770 μενα
2273 2701 2351 2772 τῷ
2409 2701 2563 2770 βάθει
2616 2703 2725 2755 τῶν
2784 2705 3256 2775 ὲγκεκρυμμένων
3309 2705 3652 2776 μυστηρίων.

2077 2794 2240 2863 ᾊσω
2268 2793 2344 2862 δὴ
2379 2794 2543 2862 ᾠδὴν
2573 2797 2768 2864 Κυρίῳ
2797 2797 2877 2862 τῷ
2913 2795 3035 2862 Θεῷ
3051 2815 3190 2866 μου.
3215 2799 3326 2869 Τὴν
3367 2799 3508 2870 ὑπὲρ
3546 2801 3656 2852 τῶν

2075 2885 2417 2956 παραδόξων,
2451 2891 2639 2957 φησὶν,
2679 2889 2821 2960 ᾠδὴν
2876 2890 3064 2960 Κυρίῳ
3097 2889 3174 2959 τῷ
3202 2891 3320 2959 Θεῴ
3374 2910 3476 2961 μου
3513 2894 3652 2965 ᾄαω.

2072 2976 2250 3029 Αὐτοῦ
2288 2977 2396 3048 γὰρ
2425 2979 2658 3049 δυνάμει
2689 2981 2759 3034 τά
2795 2999 2854 3034 τε
2885 2980 3016 3052 παρ’
3045 2982 3236 3034 ἐλπίδα
3259 2983 3442 3054 ἐξέϐη,
3499 2986 3594 3038 καὶ
3621 2987 3653 3057 ή

2073 3065 2174 3134 τῆς
2197 3065 2413 3134 φύσεως
2441 3069 2766 3141 evaporaan
2802 3072 3076 3126 ἀσθένεια.
3127 3074 3205 3144 Τῇ
3243 3074 3410 3126 αὐτοῦ
3461 3075 3657 3143 φιλαν-

393 3141 802 3235 οέερροιοιίοιιε
829 3141 1006 3228 erant,
1033 3179 1098 3219 ac
1137 3174 1346 3219 naturae
1402 3141 1742 3218 imbecillitas
1783 3179 1968 3218 corro-

2075 3157 2314 3229 θρωπίᾳ,
2335 3159 2443 3212 τῶν
2476 3177 2536 3212 τε
2568 3162 2668 3227 τῆς
2694 3162 3036 3232 στειρώσεως
3078 3141 3361 3236 ἀπελύθην
3409 3141 3650 3236 δεσμῶν,

397 3257 587 3312 borata
641 3263 743 3312 est.
801 3254 1138 3326 Benignitate
1199 3256 1373 3326 ipsius
1439 3265 1603 3326 atque
1657 3256 1967 3321 clementia,

396 3349 576 3403 soluta
604 3363 724 3403 sum
771 3345 1076 3403 sterilitatis
1110 3346 1362 3411 vincatis,
1397 3362 1460 3402 ac
1510 3350 1738 3404 liberata
1773 3350 1971 3418 probro

393 3439 825 3495 infecunditatis.
873 3435 1133 3502 Abhulit,
1175 3441 1372 3509 inquit,
1403 3458 1431 3492 α
1483 3456 1562 3493 me
1607 3439 1964 3509 opprobrium,

395 3541 444 3586 et
469 3533 614 3586 dedit
645 3533 774 3585 mihi
816 3532 1044 3600 fructum
1075 3531 1306 3600 justitia:
1359 3547 1489 3587 aute.
1522 3530 1716 3586 Omnia
1748 3541 1966 3600 accepta

399 3624 567 3681 refert
591 3627 664 3688 ei,
697 3624 790 3694 qui
821 3625 992 3687 dedit,
1022 3639 1088 3678 ne
1139 3625 1271 3694 quid
1306 3625 1592 3678 minimum
1643 3626 1698 3678 in
1747 3641 1863 3679 rem
1911 3640 1970 3680 se

399 3715 699 3771 contulisse
725 3715 1012 3768 arbitrata.
1047 3713 1164 3769 Hoc
1189 3715 1334 3769 enim
1365 3715 1481 3770 vult
1527 3716 1675 3785 jugis
1718 3717 1807 3770 illa
1840 3731 1967 3785 pre-

396 3818 521 3858 cum
580 3803 862 3868 instantia,
932 3803 1311 3874 judiciumqne
1377 3805 1671 3875 ejusmodi,
1740 3808 1968 3862 sincerae

399 3897 672 3966 specimen
707 3895 1028 3950 humilitatis
1063 3895 1246 3951 habet.
1276 3895 1396 3950 Non
1425 3898 1571 3968 enjm
1604 3913 1846 3967 precum,
1875 3909 1969 3953 aut

397 3989 783 4062 lacrymarum,
817 3990 895 4042 vel
931 3988 1174 4044 laborum
1206 3990 1497 4060 appellavit
1546 3991 1780 4044 fructum
1816 4009 1829 4045 :
1871 3992 1965 4046 sed

385 4083 617 4152 justitite
665 4084 802 4151 ejus.
837 4081 1042 4143 Solius,
1081 4083 1276 4150 inquit,
1324 4082 1444 4151 ejus
1493 4082 1722 4151 justitia:
1761 4099 1964 4138 munus

395 4165 530 4229 est':
565 4175 722 4243 quasi
757 4174 902 4228 dicat
945 4191 976 4238 ι,
1005 4172 1114 4227 Sua
1159 4173 1373 4242 justitia
1407 4188 1624 4227 omnem
1674 4185 1968 4243 superante

396 4265 754 4326 intellectum,
802 4279 904 4318 suo
963 4264 1076 4332 ipse
1137 4265 1388 4333 plasmati
1445 4265 1707 4334 impendit
1756 4280 1960 4320 curam.

399 4357 533 4411 Vide
559 4365 761 4419 autem,
793 4371 954 4425 quam
991 4355 1224 4423 graviter
1271 4357 1432 4410 simul
1476 4358 1690 4427 alteque
1727 4357 1964 4413 divinam

2073 3250 2168 3304 καὶ
2195 3251 2304 3303 τῶν
2329 3252 2429 3322 τῆς
2450 3254 2705 3318 ἀτεκνίας
2724 3255 3051 3326 ἀπηλλάγην
3077 3256 3420 3328 ὀνειδισμῶν.
3453 3257 3650 3327 Ἀφεί-

2071 3342 2213 3395 λετό
2240 3359 2360 3410 μου
2396 3342 2462 3397 τὸ
2523 3345 2776 3412 ὄνειδος,
2817 3351 2972 3416 φησὶ,
3005 3347 3103 3400 καί
3121 3347 3307 3402 ἔδωκέ
3354 3367 3457 3418 μοι
3511 3367 3655 3417 καρ-

2071 3434 2190 3486 πὸν
2225 3433 2616 3502 δικαιοσύνης
2648 3439 3058 3492 αὺτοῦ.Πάντα
3095 3439 3172 3510 τῷ
3201 3440 3454 3493 δεδωκότι
3505 3442 3641 3495 ἀναο

2072 3524 2306 3592 τίθησιν,
2331 3524 2454 3576 οὐδὲ
2484 3525 2544 3576 τὸ
2577 3525 2740 3595 τυχὸν
2771 3528 2970 3596 ἑαυτὴν
2991 3528 3316 3600 λογιζομένη
3337 3533 3651 3600 είσκεκομι-

2070 3613 2318 3683 κέναιτῷ
2336 3614 2639 3684 πράγματι.
2659 3616 2829 3670 Τοῦτο
2851 3619 2959 3688 γὰρ
2990 3619 3084 3671 καὶ
3111 3620 3171 3672 τὸ
3195 3619 3324 3689 περὶ
3349 3621 3448 3689 τὴν
3470 3620 3654 3692 δέησιν

2069 3705 2366 3774 διηνεκῶς,
2428 3709 2525 3763 καὶ
2594 3709 2793 3779 δεῖγμα
2861 3711 3256 3774 ταπεινώσεως
3300 3713 3564 3782 ἀψευδοῦς
3619 3715 3652 3784 ἡ

2069 3798 2294 3868 τοιαύτη
2324 3800 2635 3869 καθέστηκε
2670 3802 2877 3872 κρίσις.
2915 3803 2989 3854 Οὐ
3046 3804 3178 3874 γὰρ,
3214 3804 3410 3874 Εύχῆς,
3470 3805 3502 3875 ἢ
3563 3805 3655 3858 δα·

2070 3890 2334 3963 κρύων,ἣ
2368 3893 2566 3960 πόνων,
2597 3894 2724 3964 ἔφη,
2765 3895 2979 3965 καρπόν
3006 3911 3020 3924 ’
3051 3896 3208 3961 ἀλλὰ,
3253 3899 3652 3964 Δικαιοσύνης

2073 3986 2278 4038 αὑτοῦ.
2311 3987 2518 4056 Μόνης,
2556 3986 2712 4056 φησὶ,
2740 3990 2839 4057 τῆς
2867 3988 3033 4040 αὐτοῦ
3064 3989 3413 4060 δικαιοσύνης
3444 3989 3506 4042 τὸ
3541 3990 3646 4042 δῶο

2075 4090 2166 4143 ρον
2199 4089 2214 4104 ·
2252 4075 2328 4138 ὼς
2367 4077 2417 4128 εἰ
2447 4076 2653 4144 ἔλεγεν,
2685 4077 3099 4149 ὅτιδικαιοσύνῃ
3141 4079 3307 4132 αὑτοῦ
3356 4081 3647 4151 γενήσεται

2069 4168 2248 4218 πάντα
2277 4165 2400 4218 νοῦν
2433 4167 2799 4237 ὑπερεχούσῃ,
2834 4171 2866 4238 ή
2897 4169 3026 4238 περὶ
3064 4169 3126 4220 τὸ
3158 4171 3358 4223 οίκείον
3419 4171 3645 4241 πλάσμα

2069 4259 2389 4328 κηδεμονία.
2455 4259 2563 4312 Καὶ
2624 4258 2740 4326 θέα,
2804 4261 2952 4324 ὅπως
2985 4263 3196 4331 σεμνῶς
3232 4262 3390 4332 ὁμοῦ,
3432 4265 3526 4315 καὶ
3557 4263 3645 4332 βα-

2070 4349 2208 4412 θέως
2241 4350 2341 4420 τὴν
2371 4349 2522 4403 θείαν
2551 4350 2866 4421 οἰκονομίαν
2895 4353 3185 4420 ἐδήλωσεν.
3219 4353 3354 4407 Ὑπὸ
3377 4355 3470 4407 τοῦ
3501 4353 3644 4407 θείου

396 4446 754 4517 explicaverit
799 4447 1292 4515 dispensationem.
1353 4447 1564 4516 Quippe
1625 4449 1785 4502 docta
1843 4465 1962 4503 eam

2072 4440 2183 4511 γὰρ
2215 4441 2910 4511 ταύτηννὲμυσταγωγεῖτο
2951 4445 3290 4514 Πνεύματος.
3317 4447 3647 4499 Μονοούσιον

397 4545 518 4592 erat
572 4534 806 4605 Spiritus
860 4535 1035 4590 saneti
1090 4536 1422 4604 magisterio.
1467 4534 1737 4606 Singulari
1785 4550 1966 4592 autem

397 4625 701 4681 substantia
751 4623 1007 4693 appellat,
1041 4623 1126 4678 vel
1169 4639 1312 4687 eam,
1354 4639 1477 4692 qua:
1514 4625 1678 4680 unius
1714 4635 1861 4680 esset
1904 4641 1968 4679 ac

395 4716 686 4787 singularis
740 4726 982 4781 naturae,-
1015 4715 1097 4768 vcl
1149 4730 1311 4767 unant
1343 4716 1490 4769 illam
1539 4731 1602 4771 ac
1633 4717 1964 4787 singularem

395 4805 462 4860 ad
500 4805 766 4873 ejusmodi
806 4807 1032 4859 electam
1093 4805 1362 4873 justitiam
1400 4822 1415 4860 :
1449 4821 1613 4876 quam
1675 4816 1732 4862 et
1782 4807 1967 4862 multi-

394 4895 616 4965 pliciutn
675 4894 986 4949 divitiarum
1043 4895 1197 4961 dicit,
1230 4905 1487 4966 tanquam
1539 4913 1829 4968 cam,qu:c
1873 4915 1970 4967 pe-

393 4987 632 5039 culiares
679 4985 804 5041 illas
864 5001 932 5042 ac
971 4986 1360 5042 substantiales
1410 4989 1628 5044 divitias
1687 4990 1964 5046 conciliat.

391 5072 546 5138 Quod
639 5077 782 5128 enim
879 5076 1260 5144 multiplicium
1332 5077 1644 5130 divitiarum
1727 5077 1966 5133 fructum

393 5165 741 5233 appellasset,
771 5175 923 5220 utne
956 5169 1082 5236 quis
1132 5169 1550 5236 corruptibilcm
1594 5171 1743 5222 illum
1775 5173 1966 5225 existi-

394 5256 644 5318 maverit,
675 5255 798 5321 eius
838 5255 1054 5312 abunde
1105 5260 1618 5328 sempiternitatem,
1679 5270 1734 5316 et
1782 5271 1841 5314 ut
1897 5262 1969 5315 sit

391 5348 740 5414 immortalis,
772 5350 1030 5403 ostendit.
1075 5350 1349 5420 Singulari
1395 5352 1563 5417 enim,
1602 5352 1796 5422 inquit,
1833 5353 1966 5406 sub-

388 5442 612 5504 atantia,
654 5443 1151 5514 multipliciumque
1199 5445 1512 5500 divitiarum
1560 5444 1796 5499 fructum
1829 5460 1966 5515 prte-

388 5532 510 5588 bit
539 5543 827 5590 aeternum.
856 5535 1026 5602 Quem
1053 5536 1199 5591 enim
1229 5538 1608 5607 multiplicium
1644 5537 1961 5593 divitiarum

384 5630 681 5676 consecuta
736 5629 841 5688 est,
871 5633 1192 5693 perpetuum
1239 5626 1416 5691 illum,
1459 5641 1623 5697 supra
1662 5628 1961 5696 cogitatum

387 5727 604 5767 omnem
653 5728 718 5769 ac
763 5715 1246 5784 exspectationem,
1278 5716 1675 5772 inaufcribilem
1725 5721 1964 5788 suscepit

2070 4533 2147 4599 δὲ,
2201 4532 2234 4603 ἦ
2279 4532 2378 4603 τὴν
2430 4535 2696 4606 μονογενῆ
2750 4553 2936 4606 φησιν,
2987 4537 3018 4607 ἢ
3068 4538 3168 4608 τὴν
3225 4537 3393 4609 μόνην
3419 4540 3512 4592 ἐπὶ
3549 4538 3648 4610 τὴν

2069 4624 2329 4694 τοιαύτην
2363 4625 2767 4696 ἑκλελεγμένην
2789 4627 3144 4699 δικαιοσύνην
3183 4646 3198 4661 ο
3253 4631 3319 4700 ἦν
3351 4632 3444 4683 καὶ
3477 4630 3644 4683 πολυ-

2071 4715 2325 4770 πλούσιον
2359 4717 2527 4784 λέγει,
2559 4719 2633 4779 ὼς
2661 4720 2755 4771 τοῦ
2805 4721 3117 4791 περιουσίου
3159 4721 3423 4792 πρόξενον
3483 4722 3650 4774 πλού-

2068 4823 2185 4861 του.
2235 4805 2456 4877 Ἐπειδὴ
2491 4807 2601 4876 γὰρ
2634 4807 3036 4862 πολυπλούσιον
3075 4811 3182 4879 ἔφη
3216 4812 3455 4880 καρπὸν,
3498 4813 3648 4874 ὅπως

2067 4894 2134 4948 ἂν
2169 4894 2244 4964 μὴ
2275 4897 2542 4966 ὲπίκηρόν
2572 4914 2657 4960 τις
2677 4885 2885 4969 οἰηθείη
2918 4901 3011 4951 τὸν
3040 4902 3280 4954 τοιοῦτον
3299 4943 3315 4968 ,
3353 4903 3416 4954 τὸ
3458 4903 3646 4956 διαιω-

2068 4986 2235 5049 νίζον,
2269 4989 2362 5039 καὶ
2391 4987 2748 5057 ἀτελεύτητον
2787 4989 2954 5043 αὑτοῦ
2985 4993 3428 5060 ἐπισημαίνεται.
3472 4993 3648 5046 Ἀδιά-

2067 5075 2219 5145 δοχον
2249 5080 2357 5146 γὰρ
2384 5077 2594 5143 τοῦτον,
2629 5080 2686 5132 ὃν
2727 5082 3040 5152 περιούσιον
3068 5084 3198 5136 ὄντα
3260 5084 3639 5154 κεκλήρωται,

2047 5159 2212 5238 ’ὑπὲρ
2242 5170 2450 5222 ἔννοιαν
2483 5172 2577 5223 καὶ
2607 5175 2932 5242 προσδοκίαν
2955 5176 3431 5250 τὸνὰναφαίρετον
3458 5182 3649 5236 ὑπεδέ-

2068 5259 2196 5325 ξατο
2221 5259 2516 5333 θησαυρόν.
2558 5263 2735 5336 ’Υπὲρ
2769 5266 2988 5320 ἃπασαν
3032 5270 3282 5342 ἐκδοχὴν,
3313 5274 3347 5342 ὴ
3374 5275 3482 5328 τῶν
3509 5276 3647 5344 ἀγα-

2069 5350 2177 5403 θῶν
2201 5352 2338 5422 αύτῇ
2381 5354 2472 5405 καὶ
2507 5355 2920 5428 ἀνεξαντλήτων
2943 5360 3204 5416 ἀνέὗλυσε
3236 5367 3409 5436 πηγή.
3457 5372 3646 5422 Moro-

2067 5443 2282 5496 ούσιον
2310 5445 2438 5512 γὰρ,
2470 5447 2626 5514 φησι,
2672 5448 2770 5503 καί
2815 5454 3282 5509 πολυπλούσιον
3340 5459 3646 5528 παρέσχεν

2066 5535 2326 5591 αἰώνιον.
2384 5538 2557 5600 Μόνος
2615 5539 2722 5610 γὰρ
2775 5539 2932 5607 οὗτος
2999 5547 3292 5613 πολύολϐος
3326 5552 3384 5605 ὲν
3441 5553 3646 5618 πάσαις

2066 5631 2278 5696 γενεαῖς
2311 5629 2339 5679 ὁ
2377 5629 2618 5696 καρπόςο
2655 5634 2814 5700 μόνος
2852 5637 2951 5708 τῆς
2983 5639 3292 5713 ἀφθαρσίας
3338 5642 3594 5713 πρόξενος
3623 5657 3642 5675 ⁶

2071 5721 2230 5790 μόνος
2269 5722 2333 5772 ἐκ
2376 5720 2542 5791 μόνης
2566 5725 2921 5796 ἁγεωργήτου
2955 5727 3139 5800 χώρας
3193 5712 3293 5801 τὴν
3331 5712 3643 5804 ἀφθαρσίαν
