4122 6212
441 302 548 366 593

1315 303 1598 365 ORATIO
1635 305 1715 365 IN
1753 301 2278 367 NATIVITATEM
2319 305 2422 366 SS.
2467 307 2840 368 DEIPAB/E.

3583 315 3688 369 δνι

440 412 859 486 ἐιαρποςόῃσε
891 431 905 446 ο
947 414 1105 484 μόνος
1136 417 1264 480 τοὺς
1324 419 1425 488 τῆς
1469 417 1721 484 εὐλογίας
1786 416 2021 488 διήνοιξε

2127 419 2468 474 thesaurum.
2499 419 2674 489 Supra
2727 435 2878 488 spem
2929 432 3167 480 onmem,
3203 415 3324 472 fons
3351 416 3401 472 ei
3433 415 3703 472 inexhau-

440 503 789 569 θησαυρούς·
823 503 984 574 μόνος
1022 505 1093 558 τὰ
1149 507 1251 576 τῆς
1297 509 1472 578 χαρᾶς
1519 507 1877 576 διανεκάλυψε
1923 525 2020 560 τα-

2126 519 2333 564 storum
2363 510 2625 564 bonorum
2657 509 2963 563 scaturirit.
2997 509 3278 577 Singulari
3310 506 3479 568 enim,
3507 507 3705 574 inquit,

443 596 594 662 μιεία
621 610 634 624 ο
671 593 834 662 μόνος
868 596 966 667 τὴν
1001 597 1333 668 ἀείμνηστον
1360 600 1473 662 τοῖς
1507 600 1796 669 ἐνέγκασιν
1839 600 2023 652 εἶσκε-

2126 601 2441 663 substantia,
2466 616 2528 653 ac
2561 600 2932 665 multiplicium
2962 599 3269 652 divitiarum
3295 595 3515 666 prabuit
3550 604 3708 649 aeter-

439 684 638 753 κὸμικε
665 684 822 749 δόξαν
847 702 863 718 ο
893 688 1052 757 μόνος
1071 688 1171 760 τὴν
1195 690 1413 745 αἰώνιον
1439 691 1519 763 τῷ
1539 691 1685 760 γένει
1711 689 2021 762 προανεκή-

442 774 571 842 ρυξε
601 775 906 843 βασιλείαν.

2126 707 2276 744 ιιιιηι.
2334 691 2497 745 Solus
2545 690 2691 744 enim
2745 690 2832 744 hic
2880 690 3068 743 multis
3117 689 3364 758 partibus
3415 687 3606 742 beatus
3649 685 3704 739 in

2124 782 2397 836 universis
2453 780 2892 849 generationibus
2963 779 3172 834 iructus
3229 797 3242 834 :
3306 779 3460 834 solus
3534 793 3700 832 causa

437 867 918 925 immortalitatis:
961 872 1112 926 solus
1157 888 1223 927 ex
1275 875 1428 940 sola,
1485 875 1633 930 nulla
1680 874 1826 930 culta
1875 884 2022 928 terra
2058 871 2521 928 inmortalitatem
2585 872 2860 942 protulit:
2927 872 3076 926 solus
3125 871 3517 925 benedictionis
3566 885 3697 937 apt-

440 962 549 1015 ruit
605 963 898 1019 thesauros
958 981 972 1020 :

1035 967 1188 1023 solus
1239 969 1420 1038 gaudii
1488 969 1701 1026 abditos
1754 970 2018 1024 revelavit
2047 968 2248 1024 sinus:
2317 970 2469 1024 solus
2501 967 2847 1037 sempiterna:
2893 967 3171 1020 memoriae
3241 966 3465 1037 gloriam
3505 979 3668 1033 paron

437 1054 588 1109 tibus
615 1055 817 1110 invexit
849 1073 866 1110 :
897 1057 1048 1111 solus
1074 1068 1336 1112 aeternum
1388 1061 1626 1116 humano
1663 1063 1845 1127 generi
1880 1060 2270 1131 praenuntiavit
2306 1075 2554 1129 regnum.

510 1149 621 1200 lH'.
653 1147 793 1199 Ἀλλ’
825 1147 1058 1218 ἐπείπερ
1077 1149 1236 1204 alba
1265 1151 1358 1204 σοῦ
1375 1153 1753 1220 ἐπιγινόμεναι
1777 1152 2020 1223 χάριτες,

435 1233 484 1292 ὦ
520 1239 812 1302 Δέσποινα,
860 1238 1001 1308 ὑπὲρ
1045 1240 1256 1294 ἔννοιάν
1309 1244 1415 1295 εἱσι
1454 1243 1548 1295 καὶ
1595 1241 1776 1311 λόγον,
1807 1243 2021 1311 ἀνάγκη

440 1329 530 1383 διὰ
560 1329 718 1382 τοῦτο
748 1330 842 1382 καὶ
890 1329 989 1400 τὴν
1013 1331 1122 1384 τῶν
1166 1334 1458 1404 ἐγκωμίων
1505 1334 1685 1387 αὐτῶν
1728 1335 2019 1404 μεγαλειό-

437 1437 580 1491 τητα
623 1421 912 1491 ὐπερόριόν
958 1439 1019 1475 τε
1069 1420 1230 1488 εἶναι,
1275 1429 1370 1480 καὶ
1419 1429 1603 1481 πᾶσαν
1642 1428 2018 1499 ἐπιδεικτικὴν

438 1511 837 1580 διαδιδράσκειν
866 1514 1133 1580 ἐπίνοιαν,
1162 1515 1244 1569 ὅτι
1277 1518 1438 1587 ἡμεῖς
1470 1519 1717 1582 ἀσθενεῖς
1744 1521 2014 1590 τυγχάνο-

442 1621 562 1674 μεν.
594 1604 707 1674 Τὴν
735 1602 848 1676 (ia.
876 1605 1015 1674 πλὴν
1044 1605 1169 1678 τὴν]
1204 1609 1346 1662 κατὰ
1390 1608 1621 1678 δύναμιν
1649 1613 1698 1663 oi
1723 1611 2017 1682 εὐεργετη-

438 1696 624 1762 θέντες
655 1695 840 1767 [le/rs.
894 1701 1261 1771 προπάτορες.
1292 1701 1372 1755 uel
1427 1702 1554 1771 quid
1583 1703 1778 1776 simile]
1825 1705 1923 1758 σὺν
1946 1707 2014 1776 τῇ

441 1789 614 1858 μητρὶ
677 1788 1093 1859 ἀποπληροῦσιν
1152 1769 1539 1863 εὐχαριστίαν.
1613 1769 1838 1868 Ἦλίκην
1909 1769 2018 1866 τάξ
2051 1769 2094 1824 Β

437 1881 611 1952 ταύτῃ
650 1881 976 1946 ἐπελέξαντο
1003 1883 1113 1936 τῶν
1142 1885 1375 1938 αἰωνίων
1397 1887 1756 1952 ἁπολῡθέντες
1779 1890 2016 1959 δεσμῶν,

438 1973 536 2025 καὶ
576 1973 674 2042 τῆς
723 1973 1003 2042 ἀφεγγοῠς
1054 1976 1269 2045 ἐκείνης
1307 1977 1710 2046 ἀπαλλαγέντες
1737 1984 2016 2051 φρουρᾶςο

439 2060 605 2130 ἡνίκα
641 2060 732 2114 διὰ
779 2063 882 2130 τῆς
934 2066 999 2116 ἐκ
1027 2064 1120 2117 σοῦ
1171 2066 1617 2139 προσληφθείσης
1668 2072 1893 2145 σαρκὸς,
1927 2071 2020 2124 τὸν

439 2152 672 2206 θάνατον
718 2154 906 2225 ἐώρων
958 2157 1478 2228 καταπατούμενον’
1533 2139 1872 2230 1ιιὼ¹⁴έαμιεῐα
1926 2161 2018 2214 τοῦ

439 2241 569 2311 ᾅδου
625 2245 961 2314 κενούμενα·
1011 2247 1106 2299 καὶ
1161 2247 1370 2310 πάντας
1424 2244 1522 2318 μὲν
1569 2251 1796 2319 νεκροὺς
1842 2250 1934 2318 ὑφ’
1963 2250 2022 2303 ἓν

439 2335 878 2404 ἁρπαζομένους,
923 2338 1016 2390 καὶ
1063 2339 1163 2409 τῆς
1194 2341 1567 2410 τυραννούσης
1615 2343 2022 2414 ἀπαλλαττομέ-

441 2442 565 2488 νους
586 2426 900 2496 δυνάμεωςο
933 2430 1164 2493 ἑαυτοὺς
1199 2431 1279 2497 δέ,
1323 2433 1458 2502 πρὸς
1487 2433 1632 2505 ζωὴν
1669 2434 1886 2488 αίὼνιον
1919 2452 2024 2487 πα-

440 2518 857 2589 λινδρομοῦντας
878 2539 895 2588 ;
927 2523 1060 2586 Οἴας
1081 2525 1136 2576 δὲ
1150 2524 1245 2577 νῦν
1269 2525 1368 2588 τὰς
1387 2526 1662 2595 εὐφημίας
1679 2529 1706 2577 ὀ
1723 2528 2019 2599 προπάτωρ

454 2607 626 2676 Ἀδὰμ
667 2609 1214 2681 ἐγκαλλωπιζόμενός
1253 2631 1335 2666 σοι
1375 2615 1756 2684 προϐάλλεται,
1812 2618 2020 2684 λέγων⁹

440 2692 510 2748 '0
541 2698 813 2766 θύγατερ,
837 2695 968 2753 οἷον
992 2701 1062 2765 ἐξ
1082 2700 1243 2771 ἐμῶν
1265 2702 1497 2756 ὠδίνων
1516 2704 1846 2773 άνέδραμες
1865 2706 2022 2770 ,ϐλά-

441 2805 646 2859 στημα
659 2791 681 2844 .'
697 2787 828 2846 οῖον
847 2795 1140 2862 στέλεχος
1155 2796 1194 2862 ἡ
1217 2796 1343 2848 κατ’
1363 2795 1470 2866 ἐμὲ
1488 2799 1674 2865 φύσις
1688 2798 2022 2866 ἀνέθηλενί

442 2873 574 2934 οἷον
601 2883 665 2935 τὸ
687 2882 794 2950 τῆς
826 2887 1106 2954 εὐλογίας
1135 2886 1478 2955 ἐξήνθησεν
1513 2889 1695 2956 ἄνθος
1706 2891 1728 2942 l
1749 2890 1936 2958 ἄνθος
1957 2893 2021 2946 τὸ

440 2970 558 3037 τὴν
587 2973 780 3040 χαρὰν
820 2973 1178 3038 εὐωδιάσαν,
1209 2976 1277 3030 τὸ
1321 2976 1438 3044 τὴν
1465 2975 1684 3043 ἀηδίαν
1726 2977 1835 3043 τῆς
1871 2978 2023 3048 ἐμῆς

441 3060 842 3131 άποσοθῆσαν
885 3066 1118 3133 λύπηςν
1165 3066 1349 3133 ἄνθος
1399 3067 1467 3121 τὸ
1514 3068 1631 3136 τὴν
1679 3069 2024 3138 ἀμάραντον

441 3154 814 3219 τερπνότητα
846 3157 1185 3223 κυπρισανο
1227 3157 1431 3224 ἄνθος,
1467 3159 1537 3223 ἐξ
1569 3156 1642 3216 οὗ
1676 3159 1742 3214 τὸ
1772 3163 2022 3215 πολύτι-

435 3259 556 3310 μον
577 3243 868 3313 άπεθλίϐη
890 3248 1085 3317 μύρον
1103 3264 1120 3281 ο
1145 3248 1246 3318 ἀφ’
1274 3246 1348 3306 οὗ
1375 3251 1412 3316 ἡ
1435 3251 1704 3319 μυρωδία
1731 3252 1844 3320 τῆς
1871 3253 2023 3321 ἐμῆς

440 3336 804 3392 διέπνευσεν
823 3341 1244 3408 ἀνακλάσεως.
1271 3337 1346 3395 '0
1377 3342 1727 3412 βλάστημα,
1753 3343 1828 3398 δι’
1855 3339 1928 3400 οὗ
1957 3345 2022 3398 τὸ

442 3431 550 3485 τοῦ
593 3432 790 3500 φυτοῦ
815 3433 1206 3504 ἀπεμαράνθη
1237 3435 1510 3504 ἔγκλημα
1531 3453 1545 3466 ο
1571 3434 1922 3504 βλάστημα,
1953 3436 2024 3500 ἐξ

440 3515 513 3575 οὗ
530 3521 598 3574 τὸ
617 3521 810 3585 ξύλον
824 3521 935 3588 τῆς
958 3522 1108 3589 ζωῆς
1125 3523 1276 3590 μετὰ
1303 3523 1535 3592 σαρκὸς
1559 3524 1791 3591 άνεςρύη
1817 3541 1831 3555 ο
1857 3523 1932 3577 δι’
1949 3521 2022 3581 οὗ

441 3611 476 3662 ὁ
501 3609 611 3675 τῆς
649 3610 962 3677 παρακοῆς
985 3611 1347 3682 άπερῤιζώθη
1385 3613 1662 3680 θάνατος.
1696 3609 1768 3668 '0
1792 3613 1948 3681 ῥίζα,
1984 3617 2022 3685 ἠ

441 3697 510 3750 τὸ
534 3697 646 3767 τῆς
665 3699 1060 3768 ἀναστάσεως
1093 3703 1620 3774 άναὸλαστήσασα
1644 3706 1896 3773 δένδρον
1915 3724 1931 3740 ·
1955 3707 2024 3760 τὸ

442 3788 560 3857 τὴν
616 3792 956 3871 αθηνασίαν
1006 3795 1240 3864 κομῶν
1270 3798 1338 3852 τὸ
1395 3797 1512 3867 τὴν
1567 3801 1858 3867 εὐθηνίαν
1911 3800 2025 3870 τῆς

442 3880 686 3950 χάριτος
708 3887 1146 3954 καρποφοροῦν,
1169 3884 1243 3945 οὗ
1273 3892 1308 3944 ό
1328 3889 1558 3958 καρπὸς
1575 3893 1687 3945 οὐκ
1714 3893 2020 3960 άποῤῥυή⁴

443 3990 634 4041 σεται,
673 3977 774 4032 καί
806 3978 845 4045 η
884 3979 1226 4045 ἀπόλαυσις
1248 3983 1337 4047 είς
1363 3981 1582 4049 αἰῶνας
1608 3983 2024 4053 διαρυλαχθή-

443 4080 630 4121 σεται.
670 4063 746 4120 '0
777 4070 1028 4138 θύγατερ
1069 4074 1456 4142 εὐφροσύνης
1497 4075 1752 4141 πρόξενε
1776 4089 1791 4104 ⁸
1837 4077 2024 4145 ἀγαλ-

443 4156 702 4225 λιάσεως
734 4161 911 4226 αἰτία,
959 4163 1154 4230 χαρᾶς
1189 4165 1444 4234 μεσῖτις.
1483 4161 1559 4221 '0
1581 4167 1784 4235 λύπης
1825 4169 2024 4222 ἀπαλ-

443 4249 634 4316 λαγή·
676 4254 1005 4320 κατηφείας
1051 4255 1394 4323 ἐλευθερία·
1438 4259 1645 4312 πόνων
1694 4261 2020 4329 άνηψυκήο

447 4339 704 4408 ιδρὼτων
746 4343 965 4411 ἀνοχή.
1013 4343 1087 4398 Ὦ
1139 4347 1456 4414 χρυσοέριε
1501 4350 1717 4418 ἀμνὰς,
1753 4352 1822 4414 ἐξ
1869 4347 1945 4422 ἧς
1989 4357 2022 4407 ὁ

2198 1149 2383 1204 XVIII.
2413 1150 2551 1217 Quia
2584 1167 2732 1214 vero,
2761 1167 2882 1222 qua:
2914 1167 3006 1221 per
3037 1163 3088 1204 te
3125 1150 3421 1220 gratiarum
3455 1148 3701 1202 accessio

2125 1242 2266 1297 facta
2317 1251 2419 1307 est,
2457 1259 2490 1297 ο
2535 1244 2785 1306 Domina,
2840 1250 3076 1296 mentem
3126 1257 3368 1303 omnem,
3420 1250 3702 1309 totamque

2121 1334 2232 1388 vim
2285 1333 2553 1389 sermonis
2606 1334 2858 1395 excedit.
2895 1333 3099 1387 idcirco
3149 1347 3373 1388 necesse
3427 1343 3532 1393 est,
3563 1340 3702 1385 utet

2121 1440 2310 1481 earum
2396 1425 2792 1489 laudationum,
2847 1424 3048 1494 quibus
3141 1424 3244 1478 illae
3329 1425 3698 1487 celebrantur,

2122 1516 2542 1587 magniﬁcentia.
2577 1518 2904 1569 immensum
2937 1515 3064 1584 quid
3095 1516 3341 1576 exsistat,
3372 1530 3702 1582 omnemque

2123 1608 2424 1663 exornandi
2465 1607 2846 1669 subtilitatem,
2890 1607 3112 1673 vimque
3162 1606 3488 1660 rhetoricam
3541 1619 3704 1673 supe-

2122 1707 2248 1754 ret:
2276 1699 2378 1768 ipsi
2439 1713 2676 1767 namque
2719 1698 2921 1751 inﬁrmi
2968 1712 3178 1752 smnus.
3251 1696 3519 1750 Caeterum
3563 1709 3703 1763 quas

2123 1801 2372 1862 possunt,
2406 1792 2670 1846 beneﬂcio
2700 1791 2879 1846 affecti
2913 1792 3073 1859 primi
3122 1797 3400 1858 parentes,
3436 1802 3543 1842 una
3573 1802 3700 1842 cum

2125 1892 2316 1946 matre,
2347 1884 2643 1953 gratiarum
2691 1882 2941 1936 referunt
2999 1883 3263 1935 actiones.
3295 1879 3498 1944 Quales
3552 1878 3698 1931 enim

2121 1974 2172 2028 ei
2205 1973 2796 2035 admurmurarunt,ab
2826 1973 3045 2026 aeternis
3070 1971 3143 2023 illi
3176 1969 3410 2023 absoluti
3443 1967 3703 2032 vinculis,

2122 2079 2186 2118 ac
2237 2065 2306 2119 ab
2365 2064 2600 2118 obscura
2647 2063 2736 2117 illa
2796 2064 3006 2116 liberati
3057 2061 3346 2125 custodia,
3384 2075 3504 2114 cum
3549 2074 3615 2112 cx
3650 2068 3703 2113 te

2121 2164 2416 2224 assumpta:
2477 2154 2662 2209 carnis
2714 2155 3054 2208 adminiculo
3113 2161 3341 2206 mortem
3397 2150 3700 2219 proculcari

2121 2247 2395 2308 viderunt,
2416 2245 2725 2315 infernique
2752 2246 2968 2299 vacuari
3000 2245 3346 2313 receptacula
3370 2281 3386 2307 ,
3415 2257 3478 2296 ac
3505 2257 3700 2297 omnes

2122 2337 2344 2404 quidem
2376 2337 2441 2389 ad
2485 2352 2651 2389 unum
2703 2344 2950 2390 mortuos
2993 2335 3129 2402 rapi.
3159 2343 3326 2402 atque
3355 2348 3384 2386 a
3421 2331 3701 2402 tyrannica

2124 2427 2324 2483 liberos
2351 2428 2487 2483 eﬂici
2526 2437 2829 2498 potestate,
2873 2443 2932 2481 se
2961 2441 3088 2479 vero
3117 2427 3266 2494 ipsos
3313 2423 3380 2477 ad
3409 2423 3702 2492 sempiter-

2124 2537 2249 2576 nam
2280 2522 2443 2576 vitam
2477 2521 2755 2576 remeare?
2811 2520 3022 2586 Quibus
3061 2534 3191 2572 vero
3252 2517 3446 2571 faustis
3498 2514 3701 2568 omini-

2125 2614 2256 2676 bus,
2333 2624 2385 2668 te
2450 2613 2694 2668 Adamus
2762 2613 2852 2666 illc
2918 2622 3045 2665 tuus
3105 2609 3422 2680 progenitor
3481 2607 3698 2668 aliatur,

2123 2706 2352 2759 dicens:
2391 2704 2435 2759 0
2471 2704 2610 2772 ﬁlia,
2642 2701 2798 2772 quale
2825 2718 2892 2757 ea:
2932 2719 3044 2756 meo
3077 2701 3277 2754 semine
3319 2713 3532 2768 germen
3582 2713 3702 2750 sur-

2124 2796 2306 2849 rexisti
2324 2796 2344 2847 .'
2377 2795 2598 2858 Qualem
2624 2809 2830 2846 ramum
2856 2793 3106 2845 virentem
3127 2789 3289 2842 edidit
3315 2797 3509 2840 natura
3545 2785 3696 2839 mea!

2123 2887 2349 2953 Qualem
2397 2887 2768 2940 benedictionis
2821 2885 3005 2954 ﬂorent
3059 2880 3312 2952 cﬂioruit!
3358 2880 3578 2948 ﬂorem,
3621 2879 3700 2930 in-

2124 2997 2300 3050 quam,
2326 2981 2511 3050 gaudii
2532 2979 2943 3035 suaveolentiam
2972 2977 3296 3044 spirantem;
3315 2988 3444 3025 meae
3470 2970 3705 3023 tristitia:

2124 3072 2510 3126 submouentem
2550 3071 2999 3133 amaritudinem;
3031 3064 3532 3122 inmarcescibilem
3559 3061 3701 3130 emo-

2126 3173 2324 3215 rentem
2379 3163 2745 3216 dulcedinem:
2775 3164 2982 3229 ﬂorem,
3024 3175 3089 3212 ea:
3118 3175 3220 3226 quo
3267 3171 3573 3222 expressum
3602 3152 3705 3222 [uit

2123 3254 2564 3324 pretiosissimum
2587 3261 3013 3322 unguentum.ac
3042 3265 3106 3302 ex
3140 3265 3242 3317 quo
3272 3263 3399 3300 mea:
3427 3246 3706 3312 formatio-

2125 3345 2207 3397 nis
2254 3345 2432 3397 suavis
2469 3344 2600 3395 odor
2639 3342 2729 3394 ille
2765 3341 2975 3410 efﬂavit.
3013 3338 3057 3392 0
3104 3354 3336 3406 germen,
3367 3337 3520 3404 cujus
3556 3337 3706 3390 bene-

2126 3436 2247 3502 ficio
2273 3434 2479 3487 arboris
2517 3434 2649 3486 illud
2678 3431 2934 3485 emarcuit
2969 3430 3166 3482 crimen
3186 3429 3206 3480 .'
3241 3428 3484 3489 (.‘ermen,
3514 3441 3578 3479 ex-
3601 3443 3702 3496 quo

2124 3523 2325 3599 lignum
2374 3524 2495 3577 sine
2541 3538 2660 3574 cum
2707 3537 2867 3574 carne
2900 3532 3115 3573 enatum
3170 3517 3405 3588 prodiit;
3444 3532 3536 3584 per
3565 3515 3706 3585 quod

2126 3631 2267 3668 mors
2298 3631 2390 3682 per
2418 3613 2825 3668 inobedieutiam
2847 3613 3083 3671 inducta,
3116 3612 3373 3663 radicitus
3404 3610 3702 3676 exstirpata

2124 3717 2222 3761 est.
2289 3705 2334 3761 0
2395 3707 2573 3772 radix,
2635 3705 3040 3758 resurrectionis
3105 3701 3344 3754 arborem
3401 3701 3700 3767 germinans

2124 3797 2527 3852 immortalitate
2584 3805 2915 3858 seruantem,
2975 3796 3156 3861 uberes
3209 3794 3401 3864 gratia:
3452 3793 3699 3859 ferentem

2125 3889 2352 3959 fructus.
2398 3890 2551 3949 cuius
2591 3906 2694 3942 non
2753 3889 2946 3957 deﬂuet
2996 3888 3226 3956 fructus,
3281 3886 3586 3954 deliciaeque
3649 3885 3702 3936 in

2125 3982 2322 4034 stecula
2378 3981 2843 4036 conservabuntur.
2904 3981 2948 4035 0
3006 3979 3121 4047 ﬁlia
3187 3978 3388 4031 laztitia:
3447 3978 3700 4040 auctrix,

2123 4074 2496 4129 cxsultationis
2546 4089 2733 4137 causa,
2792 4071 3078 4142 gaudiique
3115 4067 3488 4123 conciliatrix!
3526 4066 3569 4122 0
3604 4068 3705 4120 tri-

2125 4165 2290 4218 stitite
2317 4163 2548 4226 solutio;
2583 4161 2826 4215 liberatio
2864 4177 2897 4212 a
2942 4159 3189 4212 mastitia
3223 4174 3242 4212 :
3269 4157 3510 4210 laborant
3544 4156 3702 4225 refri-

2125 4255 2360 4324 gerium;
2402 4253 2656 4305 sudorum
2702 4251 2945 4305 remissio
2965 4252 2986 4304 .'
3021 4250 3066 4304 0
3103 4267 3245 4319 agna
3293 4266 3454 4304 aureo
3494 4248 3701 4312 vellere,

2128 4362 2192 4400 ea:
2231 4362 2335 4415 qua
2377 4343 2597 4398 Creator
2625 4355 2831 4397 natura:
2861 4355 3056 4396 vestem
3089 4343 3335 4406 inductis,
3381 4359 3552 4396 meum
3582 4358 3704 4410 ope-

446 4433 709 4498 Κτίστης
763 4436 826 4487 τὸ
882 4434 992 4503 τῆς
1038 4438 1278 4504 φύσεως
1329 4437 1742 4513 ἐνδυσάμενος
1792 4444 2021 4510 περισό-

2135 4438 2242 4491 ruit
2291 4437 2580 4490 nuditatem
2621 4444 2670 4490 et
2703 4437 2802 4489 mei
2833 4435 3013 4503 probri
3045 4436 3428 4504 turpitudinem
3470 4435 3700 4496 obtexit,

445 4525 644 4586 λαιον,
676 4524 792 4592 τὴν
819 4525 976 4594 ἐμὴν
1019 4527 1392 4596 περιέστειλε
1432 4531 1774 4598 γύμνωσιν·
1819 4535 1883 4587 τὸ
1917 4535 2028 4604 τῆς

445 4617 658 4684 αίσχύν
668 4635 743 4684 ης
754 4617 1203 4688 περιεκάλυψεν
1221 4617 1457 4690 αἶσχος·
1479 4623 1622 4690 τοὺς
1637 4624 2029 4694 δερματίνους

445 4709 720 4778 διέρρηξε
758 4711 1013 4778 χιτῶνας
1035 4730 1049 4744 ·
1081 4713 1198 4781 τὴν
1251 4714 1457 4782 πρώην
1485 4717 1794 4784 ἠμφίασεν
1819 4721 2030 4787 εὐπρέ-

446 4815 622 4853 πειαν
642 4819 654 4832 ·
689 4800 808 4868 τὴν
834 4802 1162 4870 ὡραιότητα
1200 4803 1308 4857 τοῦ
1335 4805 1670 4875 ἀρχετύπου
1715 4807 2030 4876 περιέθηκε

444 4890 736 4958 κάλλους.
787 4895 1026 4961 Χαίροις
1063 4889 1200 4958 οὖν,
1229 4890 1276 4948 ὦ
1311 4897 1583 4966 θύγατερ,
1631 4897 1696 4950 τὸ
1729 4897 1836 4966 τῆς
1879 4898 2030 4968 ἐμῆς

445 4984 784 5050 παρρησίας
805 4986 999 5053 στόμα
1015 5001 1030 5014 ’
1047 4985 1114 5039 τὸ
1137 4985 1247 5054 τῆς
1267 4987 1641 5056 προμήτορος
1655 4987 2030 5058 eruamus-

447 5090 606 5142 σμα·
639 5076 680 5143 ἠ
714 5074 834 5128 τῶν
869 5075 1101 5129 ὠδίνων
1142 5078 1364 5145 ταύτης
1394 5079 1679 5146 θεραπεία
1703 5095 1718 5110 ο
1767 5081 1806 5148 ἡ
1839 5083 2028 5150 θυμη-

447 5165 550 5219 δία
578 5165 700 5221 τῶν
721 5170 1135 5236 προπατόρων,
1166 5169 1264 5223 καὶ
1290 5169 1398 5224 τοῦ
1417 5169 1634 5239 γένους
1655 5173 2026 5240 εὐφροσύνη.

448 5258 708 5344 Χαίροις,
733 5253 795 5311 ,ὦ
849 5261 1103 5328 θύγατερ
1157 5259 1257 5313 καὶ
1315 5260 1629 5316 δέσποινα.
1693 5262 2033 5317 Δέσποιναν

450 5349 562 5418 γάρ
584 5365 659 5404 σε
681 5351 1070 5420 κηρύττομεν,
1102 5354 1156 5405 εί
1183 5351 1281 5406 καὶ
1309 5352 1604 5421 θυγατέρα
1632 5352 2027 5423 γινώσκομεν.

449 5442 841 5497 Βασίλισσάν
877 5458 954 5496 σε
981 5443 1307 5514 δοξάζομεν
1332 5447 1389 5500 οι
1414 5444 1928 5516 συνδοεαζόμενοι
1955 5445 2031 5514 τῇ

450 5532 601 5600 δόξῃ
631 5549 748 5588 σου
765 5550 783 5567 ’
812 5537 867 5590 oi
891 5535 1466 5604 ἐγκα.ῑλωπιζόμενοι
1495 5537 1577 5604 τῷ
1602 5540 1845 5602 πλούτῳ
1876 5553 1994 5594 σου
2014 5557 2029 5572 ·

452 5627 506 5676 ol
545 5625 660 5692 τὴν
691 5627 952 5696 ἀρχαίαν
977 5628 1075 5683 διὰ
1111 5630 1227 5682 σοῦ
1256 5629 1670 5697 ἀπολαϐόντες
1694 5631 1896 5695 ἀξίαν,
1931 5631 2029 5685 καὶ

452 5717 577 5785 τοῖς
609 5719 744 5787 σοῖς
773 5722 1222 5792 ἑπιτερπύμενοι
1269 5721 1548 5777 κάλλεσι.
1591 5723 1779 5779 Ταῦτα
1812 5724 1910 5795 μέν
1947 5741 2028 5777 σοι

2132 4528 2378 4596 pelliceas
2407 4529 2613 4581 tunicas
2636 4527 2880 4592 discidit,
2909 4528 3201 4596 pristinum
3227 4527 3400 4580 induit
3429 4527 3700 4590 decorem,

2131 4620 2436 4689 principalis
2485 4619 2630 4673 illius
2673 4619 3089 4689 pulchritudinis
3122 4623 3346 4687 speciem
3396 4627 3702 4671 ornamento

2131 4711 2392 4766 adhibuit.
2428 4711 2583 4767 Salve
2633 4729 2756 4782 ergo
2789 4715 2881 4778 sis,
2907 4728 2937 4765 ο
2968 4713 3110 4780 ﬁlia,
3133 4726 3258 4764 mea:
3298 4726 3356 4764 os
3402 4709 3703 4772 libertatis;

2131 4807 2318 4874 prima:
2360 4807 2593 4872 parentis
2651 4805 2938 4875 gloriatio;
2989 4804 3105 4870 ejus
3159 4803 3407 4857 dolorum
3457 4803 3702 4866 curatio;

2131 4899 2522 4968 progenitorum
2557 4897 2898 4968 jucunditas,
2931 4912 2993 4949 ac
3035 4894 3227 4950 laetitia
3284 4895 3504 4964 generis.
3547 4892 3704 4948 Salve

2130 4991 2227 5053 sis,
2254 4989 2391 5058 ﬁlia,
2416 4989 2732 5059 dominoque
2770 5003 2790 5041 :
2830 4997 2878 5042 te
2914 4988 3107 5058 quippe
3131 4987 3486 5054 prwdtcatiius
3512 4985 3701 5053 filiam,

2131 5081 2342 5134 tametsi
2396 5081 2731 5148 agnoscimus
2772 5079 3064 5134 dominant.
3100 5077 3356 5147 Reginam
3405 5085 3452 5128 te
3502 5073 3707 5144 glori/i-

2131 5191 2334 5235 camus,
2362 5176 2451 5242 qui
2498 5189 2604 5226 una
2651 5182 2821 5226 tecum
2867 5171 3090 5242 gloriam
3137 5169 3426 5232 habemus;
3455 5167 3544 5236 qui
3599 5163 3703 5216 tuis

2131 5267 2428 5336 gloriamur
2461 5265 2659 5318 divitiis
2689 5278 2706 5316 :
2735 5265 2824 5332 qui
2874 5279 2966 5331 per
2997 5271 3064 5322 te.
3102 5262 3379 5331 antiquam
3414 5257 3704 5324 recepimus
3733 5257 3737 5260 ’

2130 5356 2461 5425 dignitatem,
2495 5367 2689 5425 tuaque
2712 5353 3039 5408 delectamur
3062 5351 3478 5422 pulchritudine.
3525 5351 3703 5418 Atque

2133 5448 2246 5502 hanc
2283 5449 2503 5517 quidem
2536 5447 2676 5517 grati
2709 5445 2877 5500 animi
2909 5455 3288 5512 monumento,
3326 5444 3486 5515 primi
3523 5442 3705 5499 accla-

2133 5549 2286 5596 mant
2329 5548 2606 5609 parentes;
2656 5538 3043 5608 prophetarum
3079 5545 3285 5600 autem,
3316 5546 3482 5605 atque
3523 5533 3708 5603 justu-

2133 5646 2255 5685 rum
2287 5640 2491 5698 quanta
2537 5645 2601 5688 ac
2631 5631 2834 5702 qualia,
2877 5644 3118 5701 prmsens
3164 5629 3254 5684 hic
3285 5641 3466 5685 sermo
3504 5639 3704 5682 renun-

2132 5723 2310 5778 tiabit.
