4122 6212
419 179 522 243 δατ

1297 177 1579 236 omne
1620 177 1699 238 IN
1739 164 2263 242 NATIVITATEM
2304 181 2407 240 ss.
2447 175 2819 239 nmmos.

3557 174 3660 236 598

422 291 581 361 ρίαςί
657 287 881 355 Ἦλίκης
938 285 1036 356 τῆς
1101 287 1380 357 μεσιτείας
1434 287 1705 358 ὲπέτυχεί
1763 289 1860 353 Τίς
1921 287 2025 348 ἂνη

2126 290 2287 343 ieruit
2324 287 2722 342 mediatriccm!
2786 283 3047 350 Quisnam
3101 283 3411 352 angelorum
3464 285 3664 342 chorus

414 377 682 448 ἀγγελικὴ
726 376 1072 448 χοροστασία,
1103 377 1196 429 τὸν
1243 377 1442 446 ταύτης
1493 378 1714 443 ἐπάξιον
1759 379 1856 446 τῆς
1885 378 1988 431 δω-

418 474 548 541 ρεᾶς
575 470 780 542 ἐνέγκῃ
810 486 889 521 σοι
929 469 1128 536 λόγον;
1173 471 1305 522 Ποῖα
1335 468 1578 537 στύματα
1605 470 1703 540 τὴν
1732 471 1992 540 ἀσίγητον

417 562 744 633 ὕμνολογίαν
793 560 1010 632 ᾄδοντα,
1039 565 1137 629 τὴν
1178 561 1320 630 ὑπὲρ
1362 562 1567 631 ταύτης
1606 560 1874 630 ἰσχύσειεν
1904 561 1993 613 εύ-

415 653 707 724 χαριστίαν
767 669 850 704 σοι
895 653 1225 722 προσοίσαι;
1277 651 1627 722 Προὲστησας
1677 653 1847 721 αὐτὴν
1898 649 1994 704 τοῦ

420 744 693 814 ἡμετέρου
729 742 948 810 γένους
980 742 1250 810 δι”αύτῆς
1304 741 1403 814 τὴν
1443 747 1580 814 πρὸς
1631 744 1780 814 ἡμᾶς
1821 743 1995 813 ἀπορ-

422 834 939 904 ῥὴτωζῒνήργησας
980 831 1430 901 συγκατὰὄασιντ
1467 833 1526 898 ἐξ
1555 833 1724 901 αὐτῆς
1745 832 1806 884 τὸ
1838 832 1997 901 ἡμῶν

423 925 747 996 περιεϐάλου
805 925 1057 995 φύραμα,
1109 925 1206 978 καὶ
1250 923 1409 977 τοῦτο
1453 923 1522 978 δι’
1569 924 1738 993 αὐτῆς
1785 925 1997 976 ἐκαινο-

424 1020 655 1091 ποίησας
676 1037 690 1050 ο
723 1019 790 1072 δι’
840 1019 1011 1088 αὐτῆς
1041 1019 1107 1072 σὺ
1138 1018 1238 1090 τὴν
1277 1019 1414 1088 πρὸς
1455 1019 1622 1090 ἡμᾶς,
1651 1019 1747 1071 καὶ
1777 1017 1868 1070 διὰ
1902 1015 1997 1068 σοῦ

423 1111 523 1182 τὴν
553 1110 690 1179 πρὸς
737 1109 831 1162 τὸν
867 1111 1088 1180 Πατέρα
1132 1110 1479 1180 καταλλαγὴν
1525 1110 1682 1180 ἡμῶν
1710 1112 2000 1178 ἐπραγμα-

424 1201 624 1256 τεύσω.
660 1201 907 1264 Ἐδωκας
943 1201 1111 1271 αὐτὴν
1161 1203 1337 1273 στόμα
1379 1203 1473 1256 καὶ
1517 1204 1777 1273 καύχημα
1818 1205 1883 1272 τῇ
1911 1203 2004 1256 ἀν-

430 1293 764 1364 θρωπότητι.
812 1290 1110 1360 Ἐτίμησας
1138 1291 1208 1344 δι’
1255 1293 1424 1361 αὐτῆς
1473 1291 1572 1364 τὴν
1611 1291 1802 1363 πρώην
1845 1291 2006 1363 ἡμῶν

427 1383 784 1452 ὴτιμωμένην
830 1382 994 1452 φύσιν
1015 1399 1028 1414 ·
1077 1382 1333 1448 ὲδόξασας
1365 1384 1433 1437 δι’
1464 1385 1634 1452 αὐτῆς
1677 1382 1774 1454 τὴν
1799 1382 2006 1453 ταύτης

431 1472 670 1537 ὰδνιξίαν.
721 1470 802 1524 Δι’
842 1471 1014 1542 αὐτῆς
1051 1471 1150 1543 τὴν
1175 1472 1450 1542 ἀμορφίαν
1500 1473 1660 1543 ἡμῶν
1699 1470 2005 1525 ἐκαλλώπι-

434 1579 553 1625 σας,
614 1562 707 1615 καὶ
759 1561 860 1632 τὴν
912 1561 1188 1630 ἀκοσμίαν
1252 1565 1693 1634 κατεκόσμησας.
1739 1563 2005 1626 Τέθεικας

433 1653 603 1723 αὐτὴν
651 1628 884 1722 μεσῖτιν,
916 1628 1366 1722 χειραγωγοῦσαν
1411 1628 1511 1724 μὲν
1537 1628 1690 1725 ημᾶς
1735 1655 1870 1725 πρὸς
1904 1656 2006 1725 τὴν
2038 1628 2078 1682 Β

435 1746 534 1814 σὴν
585 1743 922 1812 ἁγαθότητα,
957 1746 1024 1797 τὰ
1056 1745 1112 1797 δὲ
1161 1743 1252 1796 τοῦ
1291 1745 1479 1814 γένους
1530 1745 2006 1816 ὲπανορθουμένην

435 1832 777 1901 πταίσματα.
811 1832 884 1884 Σὺ
933 1832 1182 1904 γέφυραν
1234 1832 1434 1903 ταύτην
1488 1835 1900 1898 κατεσκεύασας
1945 1837 2009 1888 ὲκ

434 1922 544 1974 τῶν
571 1920 667 1973 τοῦ
700 1921 907 1992 κόσμου
961 1923 1139 1975 σάλων
1182 1923 1547 1991 διαπερῶσαν,
1593 1925 1687 1976 καὶ
1741 1926 1879 1994 πρὸς
1910 1925 2009 1996 σὴν

436 2012 679 2083 γαλήνην
705 2012 1127 2083 καθώηγοῦσαν.
1157 2014 1228 2068 Σὺ
1272 2014 1520 2084 κλίμακα
1547 2016 1749 2085 ταύτην
1783 2017 2011 2088 ὑπήρει-

439 2121 562 2170 σας,
590 2103 651 2168 ἐξ
699 2102 938 2174 ἀθυμίας
991 2106 1071 2168 εἰς
1117 2103 1477 2176 εὐφροσύνην,
1520 2109 1613 2160 καὶ
1644 2108 1751 2161 ἀπὸ
1801 2108 1906 2177 γῆς
1933 2110 2013 2174 είς

437 2193 668 2265 οὐρανὸν
712 2196 1114 2265 ἀναφέρουσαν.
1158 2197 1231 2249 Σὺ
1268 2197 1461 2268 λιμένα
1496 2198 1704 2268 ταύτην
1749 2201 2012 2270 σωτήριον

442 2286 770 2356 πεποίηκας.
814 2287 886 2340 Σὺ
933 2290 1110 2358 τεῖχος
1157 2288 1574 2358 ἁπολιόρκητον,
1625 2287 1720 2342 καὶ
1769 2290 2015 2361 ἁρῤαγὲς

443 2377 886 2448 περιχαράκωμα
919 2377 1125 2448 ταύτην
1166 2378 1554 2449 ἐθεμελίωσας.
1587 2380 1658 2433 ΣΞ)
1688 2382 1850 2436 ὅπλον
1879 2383 2016 2434 ἀπε-

445 2465 782 2534 ριμάχητον,
838 2466 932 2518 καὶ
990 2467 1434 2535 ἀκαταγώνιστον
1491 2471 1750 2539 τρόπαιον
1814 2470 2017 2543 ταύτην

441 2554 738 2618 ἀνέδειξας.
775 2555 848 2606 Σὺ
895 2556 1232 2628 κατάλληλον
1289 2559 1523 2628 ἰατρεῖον
1569 2559 1756 2630 ψυχῶν
1807 2579 1864 2613 τε
1926 2565 2019 2615 καὶ

447 2645 716 2714 σωμάτων
765 2647 1120 2716 ἀπειργάσωο
1159 2647 1258 2718 τὴν
1302 2649 1412 2701 τῶν
1471 2647 1802 2719 θλιϐομένων
1847 2669 2019 2726 παρα-

446 2741 680 2807 μυθίαν·
709 2744 810 2813 τὴν
839 2745 1186 2818 παράκλησιν
1216 2747 1326 2801 τῶν
1349 2748 1721 2820 ὀδυνωμένων.
1754 2749 1798 2801 Τ
1800 2750 1866 2820 ὴν
1892 2750 2023 2802 ἀνα-

446 2834 623 2907 ψυχὴν
651 2835 760 2889 τῶν
788 2837 1166 2908 ἀθυμούντων·
1205 2842 1304 2910 τὴν
1329 2843 1465 2896 πᾶσι
1499 2843 1565 2897 τὰ
1595 2844 1771 2898 πάντα
1799 2843 2022 2915 γινομὲο

447 2943 570 2998 νην,
601 2929 685 2982 ἵνα
714 2929 783 2982 τὰ
812 2929 912 2999 τῆς
951 2931 1166 3000 φύσεως
1199 2931 1511 3005 Θεραπεύσῃ
1544 2935 1856 3006 τραύματα.

519 3021 648 3076 KA'.
680 3021 841 3088 Ἀλλ’,
857 3016 902 3076 ὧ
918 3023 1288 3094 πολυπόθητον
1305 3026 1338 3096 ἡ
1344 3025 1460 3095 μῶν
1475 3043 1530 3078 σε
1540 3026 1878 3098 μνολόγημα,
1895 3029 2028 3100 ὁρᾷς

450 3117 569 3180 οἵας
591 3117 683 3170 ἐπὶ
710 3119 792 3170 σοὶ
822 3118 921 3181 τὰς
942 3119 1297 3189 εὐχαριστίας
1326 3119 1866 3191 ὲγκαλλωπιζόμενοι
1892 3122 2024 3175 πλέ-

453 3224 661 3278 κομεν;
722 3203 848 3262 Οἷον
899 3209 959 3262 τὸ
1023 3210 1292 3281 καύχημα
1349 3211 1810 3281 προδαλλόμεθας
1867 3214 2029 3280 Μέγα

452 3299 643 3364 ὅντως,
675 3301 768 3354 καὶ
794 3302 894 3371 τῆς
923 3301 1018 3354 τοῦ
1053 3303 1324 3355 Δεσπότου
1349 3305 1573 3373 χάριτος
1599 3304 1922 3373 τεκμήριον.
1953 3304 2028 3358 Σὺ

453 3390 512 3443 δὲ
545 3392 678 3462 ἡμῖν
706 3391 1082 3460 ’καταλλήλως
1133 3391 1416 3454 ἀντιδίδως
1461 3393 1562 3454 τὰς
1602 3392 1946 3461 εὐεργεσίας,
1981 3395 2030 3445 εἰ

458 3483 555 3534 καὶ
601 3482 763 3549 λόγου
812 3482 1016 3544 παντὸς
1073 3482 1167 3534 καὶ
1219 3482 1494 3551 εὐφημίας
1543 3484 1682 3536 είσὶν
1738 3482 2030 3554 ἀνώτεραι.

467 3573 667 3643 Ἠμεῖς
712 3572 895 3626 τοίνυν
945 3571 1435 3643 συνομολογοῦμεν,
1483 3575 1544 3627 οὐ
1591 3575 1752 3646 μόνον
1806 3577 2033 3646 ἐπιτυγ-

351 3709 362 3712 -
462 3663 650 3736 χάνειν
688 3663 889 3726 αὐτῶν,
932 3663 1068 3717 ἀλλὰ
1097 3665 1192 3718 καὶ
1217 3665 1392 3735 πάντη
1420 3665 1522 3736 τῆς
1560 3666 1680 3720 κατ’
1714 3665 1869 3734 ἀξίαν
1899 3669 2038 3722 ἁπο-

462 3755 750 3810 λείπεσθαι
781 3754 1112 3823 δοξολογίας.
1145 3757 1408 3810 Τοιαῦται
1441 3760 1549 3828 γάρ
1583 3759 1754 3824 εἰσιν,
1785 3760 1860 3822 ὡς
1896 3761 2035 3830 μήτε

461 3845 671 3916 διανοίᾳ
719 3845 994 3915 ληφθῆναι
1043 3845 1322 3912 δύνασθαι,
1383 3850 1520 3916 μήτε
1579 3849 1726 3919 λόγῳ
1777 3851 2032 3920 ῥηθῆναι.

465 3937 740 4000 Τοιούτοις
773 3955 830 3990 σε
861 3940 975 4002 τοῖς
1017 3938 1341 4008 θαυμασίοις
1374 3941 1402 3992 ὁ
1435 3939 1613 4004 κοινὸς
1655 3943 2036 4012 κατεκόσμησε

465 4028 763 4096 Δεσπότης.
807 4027 1044 4098 Τοιαύτη
1073 4045 1132 4080 σε
1155 4031 1220 4097 τῇ
1247 4028 1466 4100 ἐξουσίᾳ
1491 4031 1778 4101 τετίμηκε.
1809 4031 2038 4085 Δέσποι-

466 4118 566 4170 νᾶν
593 4134 652 4170 σε
689 4118 800 4170 τῶν
850 4119 1020 4170 ὄντων
1068 4117 1423 4189 προθέμενος,
1459 4121 1528 4191 τῇ
1573 4121 1673 4189 τῆς
1717 4121 2039 4191 κυριότητος

470 4209 801 4263 ἐϐεϐαίωσεν
831 4213 1007 4281 ἀρχῇ·
1056 4210 1137 4263 διὸ
1178 4212 1242 4264 τὸ
1275 4212 1478 4282 ταύτης
1514 4214 1917 4284 ἀπαρέγκλιτον
1967 4218 2036 4286 τῇ

468 4302 578 4358 τῶν
610 4277 970 4374 πραγμάτων
998 4306 1402 4374 ὲπεσφράγισεν
1431 4277 1675 4361 immissi.
1709 4277 1899 4376 LATEIC
1928 4277 2038 4378 γὰρ
2071 4277 2114 4334 D

471 4398 566 4450 καὶ
613 4396 942 4467 βασιλεύεις,
976 4397 1067 4449 καὶ
1102 4400 1326 4466 κρατεῖς
1359 4397 1469 4450 τῶν
1500 4398 1757 4454 ἁπάντων
1806 4401 2046 4471 κτισμὰ-

470 4505 602 4545 των.
633 4487 806 4541 Τοῦτο
831 4487 978 4558 αύτῷ
1007 4487 1322 4556 δοξολογία’
1354 4487 1514 4542 τοῦτο
1543 4490 1773 4561 θέλημα,
1815 4493 1914 4546 Διὰ
1953 4492 2046 4546 σοῦ

472 4578 535 4629 τὸ
559 4577 757 4630 οἰκεῖον
791 4577 1164 4649 εύεργετεῖται
1194 4577 1450 4646 πλάσμα’
1482 4580 1577 4632 καὶ
1611 4580 1753 4649 φιλεῖ
1787 4581 1886 4649 μὲν
1913 4583 2051 4634 ἐκεῖ·

476 4685 564 4731 νος
593 4667 652 4722 τὸ
685 4667 777 4722 σὺν
813 4667 1169 4738 ἀποπληροῦν
1206 4668 1438 4740 θέλημα,
1484 4669 1659 4739 φιλεῖς
1694 4671 1752 4724 δὲ
1818 4673 1881 4725 σὺ
1928 4673 2050 4736 ταῖς

478 4759 636 4828 ἡμῶν
664 4760 936 4814 ἐπινεύειν
969 4762 1211 4832 δεήσεσι.
1251 4762 1320 4814 Σὲ
1367 4762 1538 4832 μόνην
1567 4765 1668 4833 τὴν
1709 4766 1918 4818 οἰκείαν
1953 4784 2046 4836 μι-

480 4851 757 4922 μουμὲνην
809 4853 1072 4924 προειδὼς
1126 4853 1546 4924 εύσπλαγχνίαν,
1597 4856 1658 4908 τὸ
1713 4856 1936 4910 δυνατὸν
1980 4861 2046 4930 τῇ

481 4944 642 5012 βουλῇ
675 4945 980 5010 συνέζευξε.
1013 4945 1092 5016 Τῇ
1123 4946 1222 5014 τῆς
1256 4945 1625 5016 προαιρέσεως
1653 4948 1840 5016 ἡσθεὶς
1869 4949 2050 5016 φιλανο

481 5034 720 5106 θρωπίᾳ,
765 5036 998 5104 ἄφθονον
1029 5039 1131 5106 τὴν
1178 5035 1443 5106 εὐπορίαν
1489 5037 1814 5108 παρέσχετο.
1855 5041 2052 5112 Χαίρει

483 5130 594 5191 τοῖς
643 5129 947 5197 οἰκτιρμοίς
995 5145 1108 5182 σου.
1160 5128 1266 5180 Καὶ
1295 5126 1404 5197 γὰρ
1453 5127 1679 5199 θελητὴς
1723 5129 1923 5194 ἐλέους,
1956 5131 2052 5184 καὶ

485 5217 688 5288 Πατὴρ
712 5219 1046 5287 οἰκτιρμῶν,
1081 5218 1178 5273 καί
1206 5217 1348 5285 Θεὸς
1373 5217 1576 5286 πάσης
1613 5221 2052 5289 παρακλήσεως

490 5309 649 5376 μόνος
701 5309 1028 5378 καθέστηκε.
1088 5309 1306 5381 Ταύτην
1357 5313 1697 5380 αἰτουμένοις
1743 5313 1842 5381 τὴν
1894 5314 2051 5384 χάριν

486 5400 651 5466 δίδου,
683 5403 777 5455 καὶ
808 5403 882 5474 μὴ
923 5404 1132 5472 ἐφόδοις
1169 5404 1583 5475 ἁμαρτημάτων
1626 5403 1695 5459 τὰ
1724 5405 1817 5477 τῆς
1847 5406 2052 5477 δωρεᾶς

561 5583 606 5616 ⁸³
642 5579 684 5637 ιι
715 5579 842 5636 Cor.
866 5597 903 5642 ι.
929 5580 981 5636 3.

2047 2956 2096 3019 C

2095 381 2421 448 condignum
2474 378 2592 442 ejus
2645 390 2866 429 munere
2911 373 3007 427 tibi
3049 387 3263 442 promat
3315 377 3666 429 sermonem?

2095 471 2353 536 Quaenam
2383 482 2495 528 ora,
2537 469 2588 520 in
2643 473 2899 534 perpetua
2955 464 3176 519 laudum
3221 464 3433 518 cantica
3465 464 3667 528 soluta,

2095 576 2366 632 congruas
2423 559 2518 612 tibi
2570 573 2668 626 pro
2715 572 2776 610 ea
2837 555 3032 610 oﬁ‘erre
3086 555 3301 626 possint
3364 556 3665 625 gratiarum

2097 653 2371 710 actiones?
2400 649 2691 705 Praefecisti
2722 663 2840 702 eam
2889 658 3076 702 nostro
3128 647 3310 716 generi
3348 665 3361 701 :
3402 662 3497 717 per
3523 663 3666 710 eam,

2099 745 2353 802 ineﬂ‘abili
2382 744 2589 798 ratione
2623 751 2676 796 te
2707 740 2864 795 nobis
2895 739 3166 793 inclinasti
3190 755 3204 790 :
3225 754 3288 791 ex
3321 754 3403 802 ea,
3429 747 3670 792 nostram

2099 838 2323 892 induisti
2371 849 2632 898 massam,
2659 831 2890 901 ejusque
2942 830 3089 884 illam
3140 844 3308 899 opera
3376 830 3670 885 innovasti.

2101 932 2203 986 Per
2239 945 2358 985 eam
2390 929 2504 996 ipse
2545 941 2643 982 nos
2673 925 2790 987 tibi,
2822 937 2886 978 ac
2918 937 3011 992 per
3055 928 3132 985 te,
3165 938 3265 977 nos
3295 921 3443 974 Patri
3480 936 3674 976 recon-

2101 1021 2318 1079 ciliasti.
2350 1019 2423 1074 Os
2452 1034 2593 1081 eam,
2628 1031 2693 1072 ac
2724 1030 2832 1084 qua
2882 1014 3230 1084 gloriaretur,
3265 1012 3506 1065 humano
3545 1024 3675 1063 con-

2103 1112 2316 1170 cessisti
2365 1111 2570 1181 generi.
2632 1108 2897 1169 Peream,
2961 1115 3161 1160 nostra:
3218 1113 3424 1158 natura:
3469 1101 3678 1171 pridem

2103 1207 2392 1275 despectat,
2428 1205 2687 1257 honorem
2738 1199 3013 1254 addidisti.
3041 1196 3145 1250 Per
3183 1211 3326 1257 eam,
3376 1195 3494 1263 ejus
3549 1208 3679 1260 pro-

2106 1297 2265 1352 brum
2323 1295 2376 1350 in
2431 1291 2656 1362 gloriam
2698 1289 3034 1345 eonvertisti.
3081 1289 3183 1342 Per
3237 1301 3381 1350 eam,
3433 1292 3678 1338 nostram

2107 1388 2506 1446 deformitatem
2561 1384 2799 1450 ornasti;
2856 1397 2922 1437 ac
2992 1381 3227 1435 dedecus
3288 1379 3484 1432 decore
3531 1391 3682 1430 com-

2108 1478 2354 1536 mutasti.
2388 1476 2757 1532 Mediatricem
2809 1488 2930 1528 eam
2978 1470 3344 1532 constituisti;
3381 1483 3491 1537 qua
3539 1467 3680 1520 duce

2112 1573 2178 1628 ad
2209 1581 2358 1626 tuam
2390 1571 2630 1624 feramur
2660 1566 2982 1629 bonitatem,
3009 1579 3071 1619 ac
3101 1579 3208 1633 qua
3247 1561 3471 1616 humani
3503 1566 3682 1614 errata

2110 1663 2322 1734 generis
2357 1659 2696 1717 emendanda
2757 1658 2884 1712 sint.
2919 1656 3052 1710 Eam
3105 1665 3159 1708 tu
3212 1660 3431 1722 pontem
3484 1649 3682 1709 fecisti,

2108 1771 2218 1825 quo
2245 1771 2278 1810 a
2312 1753 2501 1808 mundi
2555 1751 2813 1806 fluctibus
2838 1749 3196 1819 trajicientes,
3228 1746 3294 1800 ad
3328 1741 3683 1812 tranquillum

2111 1854 2330 1918 portum
2386 1855 2539 1898 tuum
2585 1841 2990 1912 perveniamus.
3028 1837 3243 1891 Scalam
3286 1851 3406 1890 eam
3441 1833 3688 1896 erexiSIi,

2110 1953 2232 2008 quae
2265 1953 2295 1992 a
2332 1935 2588 1992 maestitia
2627 1934 2693 1988 ad
2750 1933 2870 1986 lana
2920 1931 3112 2000 gaudia
3143 1969 3157 1989 ,
3197 1940 3362 1996 atque
3396 1943 3422 1977 a
3467 1925 3688 1980 terrain

2113 2031 2311 2084 rtelum
2341 2028 2696 2084 transmittat.
2721 2024 2801 2078 Tu
2824 2039 2945 2078 eam
2971 2022 3163 2078 salutis
3194 2019 3418 2073 eﬂ'ecisli
3452 2026 3686 2086 portum.

2113 2123 2246 2177 Eam
2276 2130 2332 2175 tu
2359 2133 2576 2173 murum
2611 2113 3108 2184 inexpugnabilem,
3141 2111 3457 2179 vallumque
3490 2109 3687 2161 incon-

2113 2229 2330 2272 cussum
2363 2207 2724 2266 fundasti.Tu
2752 2221 2927 2270 arma,
2950 2204 3002 2258 vi
3027 2204 3177 2256 omni
3211 2201 3332 2256 belli
3363 2199 3690 2270 potentiora,

2116 2305 2529 2375 trophaeumque
2579 2301 2842 2355 invictum
2897 2311 3020 2351 eam
3058 2294 3385 2364 prmstitisti.
3419 2291 3500 2346 Tu
3535 2290 3692 2344 deni-

2117 2412 2243 2466 que,
2286 2403 2649 2463 opportunam
2687 2388 2996 2442 animorum
3048 2385 3246 2455 pariter
3297 2392 3458 2450 atque
3494 2395 3694 2450 corpo-

2118 2501 2238 2538 rum
2266 2484 2534 2539 oflieinam
2560 2479 2845 2543 medicam,
2879 2479 3054 2548 ipsam
3089 2474 3424 2539 exhibuisti;
3463 2472 3691 2526 atllieto-

2120 2594 2240 2632 rum
2289 2576 2574 2640 solatium;
2613 2587 2803 2628 eorum
2860 2568 3258 2624 recreationem
3306 2579 3370 2619 ac
3424 2564 3693 2620 levamen.

2121 2670 2213 2741 qui
2249 2667 2531 2725 doloribus
2578 2672 2867 2723 tenentur;
2914 2669 3236 2715 maestorum
3289 2655 3496 2717 animo,
3540 2652 3699 2707 refri-

2123 2763 2330 2834 gerium
2363 2777 2378 2813 :
2413 2756 2669 2812 omnibus
2719 2754 2902 2809 omnia
2948 2751 3167 2814 factam,
3204 2757 3260 2803 ut
3294 2756 3499 2801 naturre
3545 2752 3701 2799 curet

2124 2855 2371 2912 vulnera.

2197 3036 2338 3092 XXI.
2368 3035 2592 3096 Verum,
2625 3049 2659 3089 ο
2731 3030 2962 3086 multum
3013 3024 3391 3082 desiderabilis
3412 3032 3490 3087 tu,
3515 3029 3700 3076 nostra

2129 3130 2418 3201 gloriatio,
2462 3126 2636 3188 vides,
2701 3129 2934 3192 quantas
3001 3117 3301 3187 plcetamus
3391 3111 3697 3183 gratiarum

2129 3221 2376 3277 actiones
2403 3219 2458 3272 in
2497 3225 2549 3271 te
2575 3213 2909 3284 gloriantes?
2953 3208 3177 3274 Qualem
3219 3215 3272 3259 te
3310 3205 3700 3274 praetendimus

2131 3309 2546 3382 gloriationem?
2579 3305 2828 3374 Magnum
2858 3301 2987 3371 quid
3017 3299 3194 3367 reipsa
3223 3297 3464 3357 exsistis,
3517 3295 3704 3348 Domi-

2132 3404 2300 3472 nique
2327 3401 2513 3472 gratiae
2544 3406 2756 3454 certum
2798 3399 3181 3464 argumentum
3218 3405 3230 3440 :
3270 3396 3325 3440 tu
3379 3401 3510 3439 vero
3543 3385 3701 3438 nobis

2131 3491 2374 3546 vicissim
2401 3485 2662 3543 beneficia
2689 3482 2944 3553 repende,
2977 3493 3288 3550 quanquam
3325 3477 3414 3530 illa
3455 3491 3707 3530 sermone

2132 3582 2280 3638 omni
2333 3587 2496 3648 atque
2535 3574 2846 3630 laudatione
2886 3572 3158 3626 exsistunt
3211 3569 3518 3636 superiora.
3560 3565 3708 3619 Con-

2138 3675 2354 3730 ﬁtemur
2377 3673 2585 3740 itaque,
2621 3667 2821 3723 nedum
2853 3680 2962 3720 non
3007 3678 3072 3718 ea
3119 3676 3216 3716 nos
3246 3660 3486 3723 assequi,
3519 3674 3706 3715 verum

2135 3775 2189 3821 et
2215 3764 2440 3819 omnino
2470 3762 2720 3823 deficere,
2745 3767 2804 3812 ut
2845 3772 2912 3811 ne
2942 3770 3040 3822 pro
3088 3754 3348 3819 dignitate
3395 3753 3707 3808 laudemus.

2138 3855 2290 3910 Talia
2340 3867 2576 3921 namque
2635 3849 2920 3912 exsistunt,
2957 3855 3016 3899 ut
3044 3859 3219 3914 neque
3271 3844 3457 3897 animo
3494 3841 3706 3909 concipi

2137 3946 2374 4008 valeant,
2411 3957 2512 3996 nec
2561 3953 2809 3994 sermone
2857 3938 3072 4004 possint
3106 3933 3310 3988 efferri.
3359 3932 3709 3999 Ejuscemoli

2140 4050 2192 4096 te
2221 4038 2564 4094 mirabilibus
2590 4033 2900 4090 communis
2933 4030 3198 4083 Dominus
3230 4025 3514 4096 magniﬁce
3543 4041 3710 4079 orna-

2141 4133 2218 4186 vit
2247 4149 2260 4184 :
2299 4139 2350 4185 te
2376 4127 2686 4184 honestavit
2718 4122 2982 4196 potentia.
3016 4121 3216 4174 Rerum
3249 4127 3302 4171 te
3332 4116 3710 4171 universarum

2145 4220 2446 4294 praeficiens
2469 4217 2764 4281 dominam,
2791 4210 3180 4268 dominationis
3211 4209 3307 4262 tibi
3344 4207 3710 4278 principatum

2147 4312 2401 4370 asseruit.
2427 4309 2694 4377 Quocirca
2727 4306 2848 4375 eius
2883 4304 3130 4360 stabilem
3165 4302 3500 4368 firmitatem,
3530 4314 3714 4354 rerum

2145 4404 2452 4474 obsignavit
2493 4409 2711 4459 eventu.
2736 4397 3019 4453 Gubernas
3064 4395 3231 4457 enim,
3259 4395 3628 4462 imperasque,
3656 4409 3718 4446 ac

2144 4494 2444 4553 dominaris
2490 4492 2586 4547 toti
2636 4498 2921 4546 creaturae.
2948 4485 3075 4542 Haec
3101 4485 3221 4554 ejus
3271 4485 3512 4538 laudatio
3557 4492 3720 4552 atque

2145 4587 2353 4660 gloria;
2399 4585 2514 4638 haec
2543 4583 2815 4637 voluntas.
2847 4580 2949 4634 Per
2994 4589 3065 4641 te,
3103 4592 3202 4631 suo
3252 4577 3508 4642 ligunento
3555 4574 3722 4628 bene-

2149 4678 2269 4733 ficia
2297 4675 2534 4744 impertit
2561 4689 2574 4726 :
2605 4672 2905 4738 lubensque
2933 4669 3024 4722 ille
3052 4677 3199 4720 tuam
3237 4664 3502 4734 adimplet
3524 4663 3721 4718 volun-

2155 4781 2359 4832 tatem;
2415 4775 2579 4834 tuque
2627 4764 2867 4817 vicissim
2901 4762 3094 4814 lubens
3148 4760 3349 4812 nostris
3379 4756 3722 4810 orationibus

2157 4857 2376 4912 annuis.
2403 4855 2538 4910 Cum
2591 4854 2760 4907 solam
2815 4859 2866 4905 te
2915 4849 3034 4918 ejus
3081 4848 3283 4900 imitari
3338 4845 3725 4901 misericordia:

2159 4929 2368 5004 viscera
2401 4944 2756 5015 praavidisset,
2792 4940 3059 4995 voluntati
3082 4939 3383 5008 potentiam
3415 4934 3721 5005 conjunxit.

2162 5038 2467 5092 Delectatus
2517 5033 2828 5099 clementia,
2862 5047 2928 5086 ac
2975 5031 3134 5100 pleno
3189 5027 3546 5082 humanitatis
3597 5039 3725 5094 pro-

2159 5129 2357 5201 posito,
2414 5126 2699 5182 facultates
2758 5123 2989 5177 ubertim
3037 5121 3285 5191 przebuit.
3348 5117 3560 5172 Gaudet
3617 5115 3725 5169 tuis

2163 5221 2551 5278 misericordia:
2602 5217 2922 5274 visceribus.
2956 5215 3166 5284 Quippe
3220 5211 3489 5282 ejusmodi
3529 5217 3633 5274 est,
3668 5217 3728 5262 ut

2163 5310 2589 5366 misericordiam
2620 5307 2772 5370 velit,
2801 5308 2982 5375 sitque
3023 5304 3186 5358 Pater
3220 5300 3728 5365 misericordiarum,

2161 5423 2221 5460 ac
2247 5406 2396 5461 solus
2433 5405 2571 5458 Deus
2609 5405 2763 5456 totius
2795 5398 3172 5455 consolationis
3193 5397 3260 5450 “.
3301 5395 3414 5451 Hoc
3444 5392 3734 5449 orantibus.
