4122 6212
317 273 416 336 601

1098 279 1379 341 ORATIO
1415 283 1497 342 IN
1544 284 2261 346 PRIESENTATIONEM
2304 286 2410 347 SS.
2454 287 2830 348 DElPARAE.

3483 291 3590 353 602

317 391 524 461 λώϐην,
573 389 761 461 ὥσπερ
793 391 915 446 τινὰ
968 395 1250 465 σκοτεινὴν
1300 399 1493 467 στολὴν
1555 397 1895 468 ἐνδεδυμένοι

2005 398 2319 468 expeditum
2350 413 2414 454 ac
2443 399 2678 454 liberum
2711 402 2858 455 circa
2900 401 3072 472 ipsam
3126 402 3441 457 satellitium
3495 405 3592 459 ba-

317 487 596 554 τύχωμεν,
633 484 825 555 πόρῤω
862 484 964 538 ποῦ
1002 487 1100 557 τῆς
1138 488 1348 560 ταύτης
1399 491 1903 562 ἀποκληθησόμεθα

317 577 689 648 λειτουργίας.

387 851 614 929 ῥέδοικα
670 853 772 922 μὲν
805 851 899 905 οὖν
933 852 1046 922 ἐγὼ
1079 856 1154 925 μή
1189 873 1308 920 πως
1361 857 1521 927 μόνος
1569 860 1631 913 τὸ
1671 859 1904 930 ζοφερὸν

316 945 426 999 τῶν
450 945 871 1015 ἁμαρτημάτων
903 945 1288 1016 περικείμενον
1317 947 1540 1016 ἔνδυμα,
1568 947 1719 1015 ἄξιον
1745 966 1904 1018 περι·-

317 1041 532 1094 6όλαιον
569 1040 669 1107 τῆς
717 1036 998 1101 Βασιλίδος
1027 1038 1128 1090 οὐκ
1161 1037 1324 1107 ἔχων,
1355 1041 1539 1108 φωνῆς
1571 1021 1794 1094 ἀκούσω
1821 1042 1904 1094 δι-

316 1133 489 1196 καίως
541 1132 1028 1200 ἀποφαινομένης·
1070 1131 1320 1201 Ἑταῖρε,
1373 1134 1492 1197 πῶς
1535 1134 1648 1186 τῶν
1698 1135 1904 1205 ταύτης

317 1223 725 1294 καθαρωτάτων
748 1223 1160 1292 κατετόλμησας
1177 1225 1370 1292 λόγων,
1413 1225 1604 1296 ῥυπῶν
1625 1228 1690 1295 τῇ
1721 1227 1905 1296 ἁμαρ.

313 1317 428 1388 τίᾳ,
451 1318 547 1370 κα)⁸
576 1316 848 1369 σκοτεινὸν
876 1317 1274 1386 ἐπιφερόμενος
1299 1319 1484 1388 σχῆμα
1506 1337 1521 1384 ;
1559 1320 1712 1372 Ἐπεὶ
1731 1320 1907 1372 τοιοῦ-

313 1427 408 1462 τον
447 1409 631 1478 φέρων
659 1407 860 1476 ἔνδυμα
883 1445 900 1470 ,
937 1407 1154 1470 τούτοις
1205 1409 1457 1472 αὐθαδῶς
1514 1411 1902 1480 εἰσεπήδησας,

313 1499 423 1563 ἔξω
478 1498 586 1552 τῶν
633 1499 803 1567 αὐτῆς
862 1498 1204 1572 ὲκδιωχθήσῃ
1263 1501 1591 1569 περιϐόλων.
1637 1502 1806 1555 Ἀλλὰ
1850 1505 1902 1556 τί

314 1591 476 1644 πάθω
500 1587 816 1658 ἡττώμενος
843 1589 922 1659 τῷ
957 1591 1128 1660 πόθῳ,
1152 1592 1246 1644 καὶ
1271 1591 1464 1646 τούτου
1497 1594 1682 1662 τυχεῖν
1709 1594 1903 1662 δεόμε-

313 1696 405 1741 νος
426 1697 440 1745 ;
465 1675 581 1731 οἴδα
616 1679 716 1748 μὲν
747 1681 857 1748 γὰρ
896 1681 1143 1743 τοιοῦτος
1177 1683 1254 1734 ὢν
1287 1684 1662 1756 κατατολμᾴν,
1699 1687 1897 1757 μιμοῦ-

317 1786 415 1837 μαι
444 1769 498 1820 δὲ
519 1769 628 1822 τῶν
660 1770 938 1840 κυναρίων
957 1771 1020 1822 τὸ
1045 1771 1260 1834 ἀναιδές
1277 1787 1292 1803 ·
1319 1771 1356 1825 ἃ
1379 1774 1472 1825 καὶ
1501 1775 1889 1846 ἀπωθούμενα,

309 1857 508 1926 ψιχίων
545 1856 912 1927 ἐμφοροῦνται
941 1859 1304 1923 δεσποτικῶν,
1345 1863 1489 1915 κατὰ
1521 1865 1620 1934 τὴν
1653 1867 1894 1919 Χανανῖ-

309 1968 394 2002 τιν
426 1950 645 2020 ἐκείνην
669 1967 682 1981 ο
714 1953 808 2004 καὶ
840 1954 981 2022 τάχα
1012 1953 1072 2005 τὸ
1096 1955 1226 2023 περὶ
1247 1954 1457 2008 τούτων
1488 1957 1892 2027 ἀναισχυντεῖν,

306 2043 408 2112 τὴν
432 2043 640 2096 οἰκείαν
669 2043 772 2113 μέν
803 2046 918 2097 ἐστι
947 2044 1287 2114 στηλιτεύειν
1314 2045 1564 2116 γνώμην,
1606 2050 1706 2117 τὴν
1737 2051 1898 2104 Βασι-

306 2133 427 2186 λίδα
453 2135 508 2186 δὲ
537 2137 710 2187 κινεῖν
727 2135 862 2204 πρὸς
893 2135 1098 2199 οἶκτον,
1120 2136 1217 2189 καὶ
1247 2138 1347 2206 τῆς
1386 2137 1519 2200 ἰδίας
1547 2139 1621 2209 μὴ
1651 2141 1894 2194 ἀπωθεί-

311 2223 436 2276 σθαι
465 2224 1237 2297 παρασκευάζειν⁶τραπέζης
1261 2242 1276 2259 ο
1327 2228 1418 2281 διὰ
1471 2227 1631 2281 τοῦτο
1664 2231 1760 2283 καὶ
1797 2229 1892 2284 τοῦ

310 2316 656 2385 μαργαρίτου
689 2317 1038 2386 κατατολμῶ.

2007 491 2294 555 hebimus;
2331 500 2387 545 at
2444 491 2487 546 si
2530 492 2674 561 turpi
2730 503 3082 560 peccatorum
3139 495 3345 564 probro
3373 535 3388 560 ,
3418 495 3592 550 veluti

2006 585 2242 639 obscura
2276 583 2512 654 quadam
2549 599 2613 637 ac
2658 591 2799 637 tetra
2836 585 2978 638 stola
3006 585 3188 640 induti
3225 586 3368 642 forte
3413 587 3590 641 fueri-

2009 692 2152 740 mus,
2188 677 2383 746 procul
2416 676 2484 730 ab
2516 675 2668 730 illius
2699 669 3009 731 ministerio
3042 678 3454 746 quodammodo
3495 690 3588 734 re-

2006 769 2298 839 pellemur.

2076 861 2245 930 Atqui
2277 875 2495 925 vereor,
2523 875 2596 914 ne
2630 859 2776 914 forte
2835 877 2979 916 unus
3018 869 3238 933 egomet
3270 872 3415 917 tetro
3455 877 3587 933 pec-

2007 964 2256 1008 catorum
2295 953 2498 1007 amictu
2541 952 2937 1017 circumdatus,
2991 968 3056 1007 ac
3114 965 3406 1024 pr0pterea
3438 953 3583 1008 haud

2007 1045 2224 1116 dignam
2265 1045 2487 1114 Regina:
2509 1053 2807 1113 conspectu
2830 1054 3039 1099 vestem
3075 1061 3292 1115 gerens,
3321 1047 3442 1100 illas
3488 1063 3590 1100 au-

2006 1138 2149 1191 diam
2195 1137 2330 1191 mihi
2377 1152 2542 1191 voces
2588 1136 2714 1206 jure
2763 1137 2964 1191 merito
3024 1139 3281 1192 insonare
3335 1138 3587 1202 :Amice,

2005 1227 2284 1297 quomodo
2324 1226 2716 1281 mundissimas
2753 1228 2917 1297 hujus
2962 1229 3183 1298 Reginae
3232 1230 3423 1284 laudes
3462 1247 3589 1300 per-

2007 1328 2244 1373 tractare
2265 1333 2554 1388 aggressus
2584 1333 2666 1383 es,
2695 1327 2922 1387 peccato
2949 1320 3208 1374 sordidus
3241 1320 3506 1386 existens,
3531 1330 3589 1374 et

2007 1411 2364 1465 tenebrosum
2429 1410 2682 1464 habitum
2767 1410 3065 1465 deferens?
3123 1411 3582 1480 Quandoquidem

2007 1503 2100 1556 tali
2133 1510 2286 1555 veste
2313 1511 2603 1555 contectus
2633 1515 2699 1555 eo
2727 1500 2992 1554 audacter
3024 1501 3288 1560 insiliisti.
3324 1502 3472 1554 foras
3507 1501 3578 1555 ab

2005 1593 2253 1664 ejusdem
2303 1593 2460 1647 atriis
2493 1592 2808 1661 expelleris.
2841 1592 3046 1644 Verum
3085 1592 3220 1661 quid
3253 1590 3472 1646 tandem
3517 1592 3586 1644 de

2006 1702 2093 1740 me
2115 1685 2226 1751 fiet,
2255 1685 2348 1755 qui
2392 1699 2514 1738 meo
2540 1683 2818 1738 desiderio
2847 1684 3011 1744 cessi.
3049 1698 3249 1753 neque,
3274 1683 3408 1752 quin
3447 1682 3581 1736 illttd

2000 1777 2266 1845 expleam.
2325 1775 2574 1830 cohiberi
2621 1775 2735 1828 ullo
2789 1774 2954 1829 modo
3007 1775 3271 1844 possum?
3318 1775 3586 1844 Equidem

1999 1867 2267 1940 ejusmodi
2305 1868 2359 1921 in
2391 1866 2664 1937 adjunctis
2685 1881 2810 1919 cum
2838 1881 3044 1926 verser,
3083 1868 3207 1920 novi
3241 1867 3372 1936 quid
3405 1867 3590 1929 ﬁden-

1996 1971 2080 2016 ter
2119 1975 2310 2029 agam;
2347 1956 2746 2025 impudentiam
2799 1970 2998 2023 nempe
3048 1956 3308 2007 imitabor
3351 1955 3582 2008 catello-

1993 2069 2138 2114 rum,
2171 2054 2266 2121 qui
2300 2049 2517 2105 etiamsi
2561 2049 2749 2117 rejecti
2791 2047 3020 2108 fuerint,
3072 2048 3424 2100 dominorum
3484 2047 3587 2100 nti-

1993 2144 2095 2207 cis,
2123 2145 2276 2212 juxta
2323 2140 2646 2194 Chananzea:
2679 2137 2828 2192 illius
2873 2137 3018 2191 dicta
3076 2139 3141 2198 ",
3175 2138 3467 2191 satiantur.
3519 2136 3588 2189 Et

1995 2237 2228 2291 fortasse
2283 2230 2684 2302 impudentiam
2724 2231 2779 2283 in
2828 2230 2917 2284 his
2972 2227 3315 2299 pra'seierre,
3348 2228 3582 2297 perinde

1991 2338 2076 2384 est
2131 2327 2323 2396 utique
2368 2340 2433 2378 ac
2475 2322 2755 2393 propriam
2826 2321 3234 2390 improbitatem
3291 2320 3580 2380 incusare;

305 2423 500 2464 verum
533 2407 774 2479 idipsum
805 2409 874 2463 ad
917 2410 1356 2466 miscricordiam
1392 2411 1656 2483 Reginam
1688 2415 1880 2483 ﬂectit,
1928 2431 1984 2475 et
2043 2419 2210 2474 eliicit
2233 2433 2301 2471 ne
2332 2416 2400 2470 ab
2425 2416 2576 2470 illius
2605 2429 2802 2469 mensa
2837 2413 2963 2483 quis
2997 2412 3290 2483 rcjiciatur.
3324 2411 3591 2479 PrOptcr-

308 2517 372 2556 ea
433 2515 492 2558 et
553 2505 903 2572 margaritam
963 2507 1105 2560 hanc
1137 2508 1411 2579 attingere
1466 2510 1658 2565 ﬁdenti
1709 2515 1895 2570 animo
1924 2517 2237 2588 aggredior.

383 2595 458 2650 I".
507 2593 776 2664 Ἐγένετο
811 2597 942 2669 γὰρ,
998 2602 1158 2669 φησι,
1213 2603 1450 2669 τριετὴς
1479 2605 1518 2671 ἠ
1569 2605 1711 2671 παῖς
1740 2623 1755 2638 ο
1794 2609 1893 2661 καὶ

308 2685 481 2744 εἶπεν
508 2689 780 2758 Ἰωακείμ
806 2707 819 2720 ·
863 2692 1227 2762 Καλέσωμεν
1277 2697 1384 2761 τὰς
1410 2698 1740 2767 θυγατέρας
1777 2700 1896 2754 τῶν

324 2780 612 2849 Ἐϐραίων
665 2781 765 2848 τὰς
812 2783 1160 2852 ἀμιάντους,
1218 2787 1318 2840 καὶ
1377 2790 1732 2845 λαϐέτωσαν
1776 2793 1894 2847 ἀνὰ

307 2875 618 2943 λαμπάδα.
667 2875 809 2945 Ὅρα
848 2875 965 2941 πῶς
1028 2879 1123 2932 τοῦ
1155 2881 1550 2954 πράγματοςὴ
1605 2886 1891 2955 οἰκονομία

307 2969 421 3027 τοῖς
456 2967 623 3021 πάλαι
658 2968 786 3038 περὶ
815 2969 916 3038 τῆς
939 2971 1222 3038 Παρθένου
1259 2976 1718 3044 προφητευθεῖσιν
1744 2978 1891 3046 εὑρί-

310 3076 502 3112 σκεται
535 3059 924 3130 συντρέχουσα,
963 3064 1058 3115 καὶ
1082 3062 1230 3134 ἔργῳ
1259 3066 1360 3128 τὰς
1395 3069 1734 3138 προρρήσεις
1756 3055 1894 3138 πληέ

314 3151 484 3220 ροῦσα
507 3170 520 3183 ·
550 3153 611 3205 τὸ
635 3152 744 3222 γὰρ
772 3153 872 3216 τὰς
905 3153 1208 3223 ἀμιάντους
1255 3157 1365 3210 τῶν
1407 3158 1675 3229 Ἐϐραίων
1709 3161 1893 3213 νεάνι-

309 3244 407 3305 δας
437 3243 886 3314 παρασκευάζειν
914 3246 1330 3318 δορυφοροῦσας
1385 3251 1548 3320 αὐτῇ,
1597 3252 1694 3322 τὴν
1738 3254 1796 3305 ἐν
1818 3253 1896 3322 τῷ

310 3334 424 3404 ναῷ
452 3336 823 3406 προοδοποιεῖν
860 3337 1066 3406 ἄφιξιν,
1095 3341 1196 3409 τὴν
1225 3341 1320 3392 τοῦ
1347 3344 1696 3413 προπάτορος
1731 3343 1897 3396 Δαυῖδ

310 3429 647 3497 προφητείαν
678 3431 760 3491 είς
795 3431 895 3497 τὴν
926 3430 1071 3482 κατὰ
1103 3433 1297 3500 καιρὸν
1348 3433 1704 3500 μετεκαλεῖτο
1733 3433 1896 3485 ἔκϐα-

312 3534 396 3570 σιν
417 3534 432 3549 ·
463 3520 1012 3588 Ἀπενεχθήσονται
1045 3521 1177 3588 γὰρ,
1212 3524 1378 3590 φησὶν
1412 3524 1642 3584 ἐκεῖνος,
1676 3525 1896 3591 πιιρθέο

308 3627 402 3664 νοι
431 3611 624 3664 ὀπίσω
647 3611 860 3680 αὐτῆς,
883 3609 1253 3680 ἀχθήσονται
1285 3617 1372 3680 εἰς
1395 3614 1547 3668 ναὸν
1563 3615 1892 3682 βασιλέως.

385 3795 536 3848 Ἔδει
564 3795 674 3864 γὰρ
704 3794 969 3858 τοιούτοις
996 3795 1095 3865 μὲν
1130 3796 1548 3869 προμηνυθῆναι
1573 3797 1746 3853 ταῦτα
1791 3819 1895 3872 κη-

314 3889 616 3960 ρύγμασιν,
639 3886 746 3938 ὑπὸ
773 3887 1019 3940 τοιούτου
1051 3888 1108 3940 δὲ
1141 3890 1588 3961 προαγγελθῆναι
1615 3895 1858 3964 κήρυκος
1877 3909 1892 3925 ⁸

310 3980 453 4033 ουτω
476 3995 534 4031 τε
559 3977 654 4048 τὴν
677 3979 735 4030 ἐν
764 3978 1430 4050 προοιμίοιζδορυφορίαν
1459 3981 1562 4051 τῆς
1591 3984 1895 4054 παραδόξου

307 4071 402 4123 τοῦ
439 4071 628 4136 γένους
671 4071 924 4139 ἀπαρχῆς
969 4071 1420 4142 εὐτρεπισθῆναι.
1470 4074 1703 4127 Ἐδειτδ
1733 4076 1896 4145 μόνον

307 4166 408 4233 τῆς
430 4162 728 4232 παρθενίας
757 4161 1018 4233 καύχημα
1045 4167 1166 4226 ταῖς
1195 4165 1482 4231 ἀμιάντοις
1507 4167 1890 4238 καταστεφθῆ-

310 4275 398 4311 ναι
432 4256 764 4324 δοξο).ογίαις
785 4271 800 4285 σ
830 4257 998 4325 ἐχρῆν
1025 4256 1121 4308 τοῦ
1169 4258 1334 4325 μόνον
1380 4259 1478 4328 τῆς
1518 4260 1896 4330 καθαρότητος

2076 2609 2165 2663 lll.
2200 2606 2362 2661 Facta
2387 2617 2484 2671 est,
2520 2605 2737 2674 inquit,
2777 2601 2956 2672 puella
3010 2585 3172 2654 trium
3207 2616 3470 2657 armorum
3498 2620 3512 2663 δ
3538 2608 3588 2652 et

2000 2703 2131 2755 dixit
2157 2699 2460 2753 Joaclu’mus
2492 2698 2888 2753 :Convocemus
2922 2692 3062 2759 ﬁlias
3107 2692 3449 2746 Hebr-ararum
3485 2693 3588 2744 im-

2003 2792 2320 2855 maculatas,
2364 2801 2412 2844 et
2445 2805 2779 2859 unaquaeque
2818 2793 2980 2857 gestet
3009 2785 3177 2854 facem
3207 2801 3382 2838 suam.
3423 2782 3588 2844 Vide,

1999 2885 2276 2956 quomodo
2307 2884 2396 2937 hic
2425 2881 2499 2937 rei
2524 2881 2776 2952 gerenda:
2793 2878 2931 2933 ordo
2958 2877 3046 2939 iis,
3079 2892 3201 2945 qua:
3230 2875 3361 2928 olim
3382 2873 3450 2928 de
3469 2873 3585 2926 Vir-

1999 2979 2126 3050 gine
2160 2977 2486 3047 prophetico
2520 2973 2666 3029 dicta
2690 2981 2840 3035 sunt,
2869 2968 3214 3039 respondens
3249 2966 3586 3026 inveniatur,

1997 3080 2162 3141 atque
2185 3072 2303 3140 ipso
2333 3069 2476 3123 iacto
2498 3067 2890 3138 praedictiones
2921 3063 3216 3130 compleat.
3246 3058 3403 3125 Quod
3436 3059 3585 3112 enim

1999 3167 2375 3220 instrueretur
2430 3160 2909 3215 immaculatarttm
2972 3155 3329 3209 Hebraeorum
3383 3151 3589 3220 puella-

2000 3273 2118 3310 rum
2174 3271 2393 3325 agmen,
2422 3267 2544 3322 qua:
2587 3251 2760 3305 veluti
2816 3247 3055 3317 quodam
3109 3244 3374 3298 satellitio
3433 3241 3582 3294 illam

1998 3347 2420 3406 comitarentur,
2453 3352 2618 3410 atque
2645 3339 2894 3409 ejusdem
2953 3338 3008 3388 in
3063 3335 3328 3401 templum
3368 3334 3580 3401 ingres-

1999 3453 2118 3491 sum
2169 3435 2567 3504 prtccedcrcnt,
2615 3431 2669 3484 id
2727 3427 3097 3498 progenitoris
3140 3425 3282 3494 ejus,
3337 3423 3589 3485 Davidis,

1999 3525 2343 3597 prophetiam
2377 3524 2432 3577 in
2463 3530 2714 3590 tempore
2754 3518 2823 3572 ad
2848 3525 3108 3573 eventum
3135 3514 3463 3569 deducebat.
3498 3513 3588 3566 ln-

1997 3618 2118 3687 quit
2143 3617 2290 3670 enitn
2323 3633 2335 3669 :
2360 3613 2708 3668 Adducenlur
2732 3611 2960 3681 virgines
2987 3618 3100 3679 post
3151 3623 3290 3670 eam,
3319 3606 3586 3659 adducen-

1998 3719 2085 3764 tur
2110 3711 2164 3767 iu
2196 3707 2450 3777 templum
2493 3706 2628 3776 regis
2670 3705 2736 3758 “.
3449 3700 3454 3706 ’

2067 3799 2352 3871 Ejusmodi
2387 3799 2592 3868 quippe
2645 3795 2939 3866 praeconiis
2978 3795 3097 3849 hac
3148 3793 3203 3846 in
3236 3801 3584 3846 antecessum

1997 3892 2297 3964 significari
2341 3901 2396 3945 ct
2430 3907 2460 3946 a
2490 3903 2742 3959 praecone
2793 3887 3065 3958 ejusmodi
3101 3885 3490 3955 pra-nuntiari,
3521 3893 3578 3936 et

1997 3985 2103 4038 hoc
2127 3994 2287 4052 pacto
2314 3981 2727 4036 admirabilium
2753 3978 2973 4049 generis
3002 3976 3176 4031 nostri
3210 3975 3585 4045 primitiarum

1998 4079 2318 4133 comitatum
2357 4072 2628 4130 celebrari
2659 4072 2968 4141 oportebat.
3006 4068 3311 4138 Oportebat
3363 4067 3587 4120 unicum

1998 4170 2129 4225 illud
2153 4166 2491 4236 virginitatis
2525 4166 2695 4219 decus
2736 4161 3108 4216 imtnaculatis
3137 4159 3394 4213 laudibus
3417 4173 3578 4210 coro-

2006 4260 2129 4314 nari
2158 4276 2171 4322 ;
2203 4256 2494 4327 oportebat
2528 4255 2706 4308 unicae,
2734 4253 2812 4307 illi
2849 4251 3109 4322 puritatis
3166 4249 3434 4303 oblationi
3474 4248 3587 4316 (2‘2)

310 4345 681 4417 dvaOﬁp.a?o;,
734 4347 801 4399 τὰ
862 4346 1079 4415 καθαρὰ
1123 4349 1564 4419 προπορευθῆναι
1627 4349 1886 4421 ﬁmum-

2002 4366 2165 4422 puros
2189 4363 2410 4421 gressus
2457 4346 2687 4416 prurire;
2755 4343 3046 4413 oportebat
3090 4343 3390 4397 thalamum
3433 4340 3585 4394 illttm

309 4440 418 4492 ἔδει
445 4441 544 4510 τὴν
580 4439 660 4508 τῷ
688 4440 831 4508 φωτὶ
852 4439 949 4506 τῆς
986 4439 1209 4505 ἁγνείας
1249 4440 1761 4514 καταλαμπομένην
1790 4462 1896 4497 πα-

311 4531 501 4595 στὰδα,
522 4533 638 4595 ταῖς
664 4530 771 4582 τῶν
802 4529 982 4598 ἁγνῶν
1007 4529 1388 4600 ὲλλαμφθῆναι
1412 4530 1747 4602 δᾳδουχίαις,
1773 4539 1896 4599 ταῖς

311 4622 563 4690 ἁθιγὲσιν
601 4622 1076 4694 ὲμφαιδρυνθῆναι
1105 4623 1399 4690 διαυγίαις,
1433 4624 1664 4698 τοιαύτῃ
1702 4628 1896 4696 ὲγκαι-

310 4715 562 4786 νισθῆναι
597 4716 734 4787 πρὸς
767 4714 868 4785 τὴν
894 4717 1210 4785 οἰκονομίαν
1235 4715 1538 4787 ὁδοιπορίᾳ.

385 4812 458 4861 A'.
494 4810 852 4862 Λαϐέτωσαν
879 4810 1008 4878 γὰρ,
1044 4809 1210 4874 φησὶν
1234 4850 1250 4876 ,
1291 4812 1351 4862 al
1379 4810 1896 4881 πρόπορευύμεναι

312 4896 592 4964 παρθένοι
617 4897 957 4965 λαμπάδας.
976 4898 1072 4950 καὶ
1095 4898 1375 4950 ἔστωσαν
1391 4901 1719 4967 καιόμεναι.
1748 4903 1896 4957 Atat!

312 4989 472 5042 τοῦτο
500 4989 874 5064 παρακελεύῃ,
907 4985 953 5044 ὦ
974 4990 1184 5056 δίκαιε;
1227 4990 1450 5061 Πρῶτον
1471 4994 1590 5060 μὲν,
1625 4998 1779 5064 φησι,
1801 4996 1898 5068 τὴν

387 5111 433 5140 ³³
468 5108 658 5164 Matth.
689 5125 777 5172 xv,
805 5107 893 5161 2'1.
975 5107 1020 5138 ³³
1050 5106 1192 5163 Psal.
1216 5124 1358 5173 XLIV,
1389 5108 1476 5172 15,
1511 5108 1593 5162 16.

391 5223 500 5293 (22)
520 5223 576 5280 Si
605 5239 840 5293 quaeras,
868 5239 968 5276 cur
997 5223 1218 5277 demum
1249 5221 1416 5294 Virgo
1442 5222 1677 5294 deara
1708 5222 1896 5293 appel-

317 5295 421 5349 lari
452 5292 696 5364 potuerit
735 5296 890 5361 unica
925 5296 1173 5365 puritatis
1203 5292 1560 5365 roblatioutrb'
1600 5292 1761 5363 μόνον
1799 5295 1898 5363 τῆς

317 5363 689 5434 καθαρότητος
704 5363 1010 5433 ἀνάθημα),
1031 5364 1332 5434 perspicies
1344 5363 1525 5434 facile,
1554 5365 1757 5417 nullam
1774 5379 1903 5417 sen-

317 5433 502 5490 tcntiae
528 5433 690 5504 hujus
721 5435 972 5489 idoneam
999 5433 1266 5488 rationem
1288 5433 1470 5488 all‘erri
1493 5443 1906 5504 possepmtet-

315 5521 480 5573 quam
510 5503 782 5574 receptam
808 5505 952 5560 inter
1003 5506 1191 5558 lideles
1223 5504 1529 5560 doctrinam
1563 5503 1631 5557 de
1664 5503 1905 5574 Virginis

318 5575 570 5644 ejusdem
603 5573 841 5644 puritate
867 5575 1047 5629 omnis
1075 5575 1216 5629 labis
1237 5585 1401 5644 atque
1428 5574 1566 5628 adeo
1589 5573 1904 5644 originaria:

317 5645 772 5718 quoqtteinescia.
804 5645 910 5718 Fac
947 5645 1094 5700 cnim
1125 5660 1236 5698 non
1291 5647 1362 5718 ita
1396 5660 1466 5718 se
1493 5659 1605 5718 rem
1647 5644 1852 5718 habere
1888 5661 1900 5696 :

321 5713 488 5774 etiam
521 5715 798 5787 Virginem
831 5717 969 5786 tinge
997 5725 1226 5786 peccato
1270 5714 1502 5786 originis
1525 5713 1845 5779 obnoxiam,
1871 5729 1902 5767 a

1996 4443 2325 4499 innocentiae
2365 4441 2543 4495 nitore
2579 4437 2948 4508 reiulgentctn
2996 4437 3235 4506 prazlatis
3294 4445 3575 4490 castarum

2003 4539 2285 4609 virginum
2321 4536 2535 4591 facibus
2585 4533 2873 4596 illustrari,
2903 4531 3272 4586 immaculatis
3325 4529 3589 4593 splendo-

1997 4631 2154 4685 ribus
2208 4627 2483 4692 irradiari,
2531 4636 2698 4696 atque
2744 4622 3060 4694 ltujusmodi
3104 4637 3366 4691 processu
3415 4621 3467 4673 in
3497 4620 3586 4672 di-

1994 4723 2179 4778 vinam
2204 4720 2671 4790 dispensationem
2723 4718 2991 4772 dedicari.

2075 4814 2160 4870 lV.
2197 4813 2499 4867 Prwcuntcs
2524 4813 2770 4878 virgines.
2807 4812 3009 4881 inquit,
3065 4797 3342 4865 assumant
3379 4806 3588 4874 (anapa-

2005 4907 2115 4970 des,
2146 4917 2306 4974 atque
2341 4920 2584 4957 accensus
2607 4911 2826 4973 gestent.
2862 4903 2930 4958 Ut
2961 4902 3090 4971 quid
3126 4903 3229 4954 hoc
3259 4897 3533 4968 praecipis,
3556 4912 3589 4947 o

2003 4996 2183 5065 iuste?
2231 4998 2475 5053 Primum
2508 4995 2756 5066 quidem,
2788 4995 2990 5064 inquit,
3032 4993 3365 5065 gestatttium
3413 4991 3589 5043 facem

2005 5237 2115 5292 quo
2139 5220 2264 5274 dein
2281 5220 2448 5274 fuerit
2476 5215 2774 5292 emundata
2815 5231 2828 5267 :
2866 5217 3136 5292 numquid
3167 5217 3591 5292 mtiea‘eal'orct

2013 5287 2244 5354 oblatio,
2298 5307 2420 5359 quae
2469 5287 2738 5358 ejusmodi
2803 5288 3042 5359 puritate
3085 5288 3591 5359 llilltquli’iNttllllC

2012 5357 2332 5415 innumeros
2363 5357 2532 5414 habes
2552 5361 2653 5411 hac
2677 5357 2948 5411 tttunditie
2977 5369 3200 5412 ornatos
3218 5358 3586 5411 lsraeiitarum

2011 5433 2152 5486 lilios
2185 5432 2600 5501 primogenitos,
2640 5430 2734 5496 qui
2760 5429 3197 5501 quadragesimo
3223 5445 3253 5501 ιι
3303 5428 3589 5501 nativitatc

2006 5503 2096 5556 die
2130 5497 2438 5556 redimendi
2491 5515 2643 5557 sane.
2677 5497 2773 5550 sed
2805 5507 2986 5550 tamen
3022 5499 3132 5550 Deo
3174 5498 3590 5554 oti-rebantur:

2009 5573 2252 5626 Eatenus
2284 5573 2452 5641 igitur
2498 5568 2750 5636 exemplo
2789 5577 2941 5620 caret
2969 5568 3206 5637 Virginis
3260 5569 3371 5621 Deo
3428 5567 3589 5641 dedi-

2007 5645 2194 5696 caudas
2242 5640 2472 5710 paritas.
2526 5650 3108 5710 quatettuscxempto
3173 5646 3325 5710 caret
3375 5640 3590 5703 paritas

2015 5728 2136 5782 qua:
2158 5721 2160 5724 ’
2184 5707 2256 5767 ab
2286 5707 2786 5783 originaliquoque
2821 5707 2943 5762 labe
2972 5709 3139 5763 luerit
3186 5709 3413 5763 intacta.
