4130 6202
534 255 644 322 603

1865 249 2126 311 JACOBI
2196 251 2540 312 MONACHI

3697 252 3799 315 604

538 369 772 429 chorum
808 366 1048 430 instruo,
1077 371 1139 418 ut
1185 363 1478 424 honorem,
1504 360 1689 430 prouti
1725 377 1812 416 res
1848 363 2114 431 postulat,

2236 364 2364 419 ιατὰ
2395 365 2555 433 λόγον
2591 363 2822 418 ἐπινοῶν
2847 367 2911 436 τῇ
2941 365 3308 436 ἀνατιθεμὲνῃ
3330 365 3451 436 Θεῷ
3486 367 3679 439 τιμὴν,
3701 369 3799 440 τὴν

543 461 620 524 ei,
643 474 767 529 qua:
796 457 910 511 Deo
963 462 1343 516 consecratur,
1365 448 1682 506 exhibeam.
1708 449 1918 505 Deinde
1961 465 2116 516 vero,

541 553 654 608 leni
687 551 780 606 illo
805 555 1184 614 consuetoque
1214 544 1524 613 puellarum
1555 544 1794 605 incessu,
1825 551 1989 612 atque
2029 556 2121 597 aro

544 641 798 698 dentium
827 638 1130 694 facularum
1157 635 1505 705 jucunditate
1548 633 1715 688 etiam
1770 633 1838 688 ad
1873 632 2119 702 ejusdem

542 734 788 788 animum
841 728 1250 785 obfirmandum
1301 736 1449 782 utor.
1477 725 1634 791 Quod
1681 723 1827 779 enim
1875 722 1929 778 in
1990 723 2122 794 ipsis

544 826 622 880 rei
657 821 947 894 principiis
971 835 1222 892 magnam
1259 817 1467 889 praebet
1496 816 1763 877 laetitiam.
1783 815 1952 870 animi
1971 816 2124 870 dein—

541 935 671 988 eeps
687 916 1027 987 alacritatem
1048 913 1116 968 ad
1144 911 1306 968 finem
1336 924 1510 978 usque
1530 908 1858 965 servandam
1876 906 2119 977 prodest.

539 1011 674 1068 Nam
710 1017 970 1065 caeterum
999 1006 1150 1070 novi,
1182 1011 1238 1059 et
1289 1002 1536 1057 indubiis
1591 1015 1724 1056 sane
1761 999 1984 1056 innixus
2037 1013 2124 1052 raw

542 1103 805 1165 tionibus,
836 1115 959 1155 eam
1018 1097 1204 1154 divina
1251 1096 1426 1165 gratia
1456 1093 1866 1157 confirmatam,
1889 1099 1948 1147 et
1977 1090 2124 1146 vires

541 1196 649 1251 sibi
703 1191 1058 1250 conferendis
1102 1190 1200 1244 Dei
1246 1203 1434 1244 amore
1479 1187 1815 1249 roboratam,
1846 1195 2009 1254 atque
2053 1181 2124 1238 ad

543 1287 870 1342 constantiae
919 1283 1315 1340 sublimitatem
1375 1291 1661 1344 evectum,
1722 1294 1793 1334 ne
1833 1277 2122 1334 minimum

541 1375 765 1444 quidem
818 1373 1096 1429 vertendae
1153 1370 1443 1427 sententiae
1501 1369 1621 1426 fore
1670 1368 1965 1424 obnoxiam
1999 1407 2015 1432 ,
2060 1383 2126 1426 ac

545 1468 838 1523 mundanis
887 1467 1149 1522 omnibus
1213 1463 1436 1533 spretis,
1505 1462 1601 1517 uni
1655 1461 2014 1532 suscipientis
2065 1476 2125 1518 se

545 1558 800 1613 charitati
845 1556 1221 1611 adhaerentem
1273 1553 1426 1625 (‘23),
1492 1552 1587 1606 uni
1632 1551 1882 1621 ejusdem
1924 1550 2124 1604 volun-

546 1651 645 1705 tati
698 1665 757 1704 se
817 1657 986 1703 totam
1024 1647 1428 1702 dedicaturam.
1453 1644 1593 1700 illud
1638 1644 1804 1698 etiam
1857 1641 2124 1712 spondeo,

2224 455 2540 526 φωτοφόρον
2573 454 2997 525 προκαταρτίζω
3030 456 3251 527 χορείαν
3272 473 3286 488 ·
3317 457 3511 510 ἔπειτα
3535 457 3592 511 δὲ
3617 459 3710 511 καὶ
3732 461 3797 530 τῇ

2221 545 2328 599 τῶν
2349 546 2601 600 νεανίδων
2627 546 2766 618 ἠπίᾳ
2790 548 2884 600 καὶ
2915 549 3139 617 συνήθει
3172 546 3381 616 βαδίσει
3411 549 3523 601 τῶν
3547 566 3612 602 τε
3647 567 3800 604 καιο-

2226 636 2403 706 μένων
2451 639 2518 707 τῇ
2573 637 2892 707 τερπνότητι
2931 637 3255 708 λαμπάδων,
3295 637 3356 691 τὸ
3399 639 3797 710 ἀνεπίστροφον

2223 730 2361 799 αὐτῇ
2395 729 2491 800 τῆς
2506 731 2746 794 διανοίας
2777 731 3121 801 ὲπινοοῦμαι.
3171 731 3246 783 Τὸ
3279 731 3388 802 γὰρ
3409 735 3466 786 ὲν
3493 734 3799 804 προοιμίοις

2225 825 2541 896 περιχαρὲς,
2574 825 2635 880 τὸ
2671 825 2914 898 εὔθυμον
2946 828 3026 900 τῷ
3081 829 3244 883 παντὶ
3293 828 3614 897 διατηρήσει
3654 830 3800 900 πρά-

2223 932 2418 985 γματι.
2464 911 2597 970 Οἶδα
2625 917 2724 987 μὲν
2750 918 2861 988 γὰρ
2891 919 3249 989 ἀναμφιϐόλῳ
3269 919 3638 987 πεπεισμένος
3661 919 3796 987 γνὼ-

2229 1023 2324 1075 μῃ.
2352 1004 2427 1069 ὡς
2451 1005 2552 1060 οὐκ
2581 1006 2648 1061 ἄν
2686 1024 2740 1060 τι
2767 1006 2876 1060 τῶν
2905 1007 2970 1061 ἑκ
3016 1007 3382 1078 μεταμελείας
3420 1008 3606 1074 πάθοι,
3644 1008 3799 1079 θεῖκῇ

2225 1110 2284 1145 τε
2310 1094 2674 1167 στηριζομὲνη
2699 1096 2903 1166 χάριτι,
2923 1095 3015 1150 καὶ
3035 1096 3113 1165 τῷ
3129 1096 3221 1148 τοῦ
3249 1095 3616 1166 δυναμοῦντος
3639 1097 3803 1168 ἔρωτι

2225 1190 2560 1260 ἀδρυνομένη
2589 1208 2651 1244 τε
2677 1193 2773 1246 καὶ
2815 1193 2954 1264 πρὸς
2975 1193 3112 1263 ὕψος
3140 1195 3439 1266 καρτερίας
3466 1195 3801 1266 ἀναγομένη,

2226 1285 2323 1334 καὶ
2341 1282 2416 1343 ὡς
2450 1283 2669 1338 πάντων
2701 1285 2804 1355 μὲν
2845 1285 3108 1356 ἀλογήσει
3139 1287 3247 1340 τῶν
3284 1287 3620 1357 ἐγκοσμίων,
3670 1288 3806 1358 μόνῃ

2225 1374 2284 1427 δὲ
2313 1376 2380 1444 τῇ
2414 1374 2507 1429 τοῦ
2545 1377 2840 1446 δεχομένου
2875 1378 3269 1448 προσ-φυομένη
3300 1379 3512 1450 ἀγάπῃ,
3535 1378 3633 1432 τοῦ
3659 1380 3808 1432 ὲκεί-

2225 1481 2316 1519 νου
2353 1465 2514 1536 μόνου
2541 1468 2835 1539 γενήσεται
2865 1469 3200 1541 θελήματος.
3263 1469 3612 1541 Ἐνδείκνυμι
3630 1471 3686 1524 δὲ
3713 1473 3809 1524 καὶ

2226 1551 2326 1619 τὴν
2353 1554 2752 1624 προαιρέσεως,
2775 1557 2835 1610 οὐ
2869 1556 3031 1626 μόνον
3060 1557 3481 1628 ἀμεταμέλητον
3509 1559 3803 1629 διαμένου-

2230 1657 2329 1695 σαν
2361 1647 2698 1717 προσφορὰν,
2719 1647 2855 1702 ἀλλὰ
2873 1648 2970 1702 καὶ
2997 1649 3058 1703 τὸ
3093 1650 3228 1720 μηδὲ
3257 1652 3374 1714 ταῖς
3396 1651 3503 1704 τῶν
3527 1650 3808 1722 λογισμῶν

546 1758 658 1797 non
703 1740 865 1797 modo
895 1739 1264 1811 propositum.
1289 1753 1402 1808 quo
1452 1744 1626 1792 semet
1661 1735 1846 1800 oti'ert,
1896 1735 2122 1792 irretra-

2236 1733 2516 1805 ἑπηρείαις
2538 1738 2948 1811 ὑποσυληθῆναί
2977 1758 3031 1793 τι
3063 1741 3175 1795 τῶν
3207 1741 3310 1812 τῆς
3340 1742 3645 1812 ὑπομονῆς,
3681 1743 3807 1798 ἐθέ-

545 1834 744 1889 ctabile
774 1847 1226 1904 permansurum,
1260 1830 1354 1884 sed
1380 1829 1604 1896 insuper
1630 1843 1700 1881 ne
1725 1825 2118 1897 cogitationum

545 1926 766 1995 quidem
812 1940 1024 1994 pugnas
1067 1923 1347 1992 quidpiam
1400 1920 1689 1974 obfuturas
1742 1919 1941 1972 mentis
2000 1918 2120 1987 ejus

2229 1824 2342 1878 λειν
2381 1827 2441 1880 τὸ
2463 1829 2694 1900 μόνιμόν
2714 1849 2775 1885 τε
2801 1837 2894 1886 καὶ
2936 1832 3234 1904 ὁλόκληρον
3280 1834 3661 1904 διατηρείσθαι
3683 1851 3699 1867 ο
3737 1836 3810 1889 δι’

2229 1909 2305 1970 ὧν
2335 1919 2429 1974 καὶ
2455 1919 2518 1972 τὸ
2554 1922 2951 1994 εὐπρόσδεκτον
2985 1924 3120 1992 ἕξει.

544 2018 889 2081 constantia},
930 2031 1038 2086 qua
1095 2021 1427 2084 perpetuum
1473 2013 1860 2083 integrumque
1897 2010 2032 2066 velit
2070 2025 2130 2065 se
2165 2024 2368 2066 munus
2432 2012 2544 2069 Deo
2572 2015 2817 2084 servari;
2857 2032 2957 2087 per
2987 2011 3107 2074 haec
3161 2032 3295 2074 vero
3318 2018 3487 2074 etiam
3526 2028 3588 2076 ut
3611 2034 3807 2090 accep-

546 2115 732 2170 tabilis
752 2115 868 2170 Deo
895 2114 1009 2179 flat,
1034 2120 1431 2182 consequetur.

616 2204 683 2259 V.
723 2203 865 2271 Quid
893 2218 1047 2274 ergo,
1083 2218 1117 2258 ο
1159 2201 1488 2258 Joacbime?
1519 2199 1664 2254 Num
1694 2206 1751 2254 et
1792 2197 1899 2254 hoc
1925 2197 2125 2270 exigis,

546 2308 611 2353 ut
651 2297 768 2367 ipsa
814 2313 884 2353 ne
931 2295 1318 2352 recordatione
1354 2292 1578 2363 quidem
1629 2290 1870 2360 aliquem
1919 2299 2132 2346 natura:

552 2389 812 2444 affectum
861 2388 1244 2443 demonstret?
1276 2386 1466 2456 Neque
1506 2384 1713 2454 pateris
1759 2391 1822 2438 ut
1853 2383 1939 2438 vel
1983 2382 2130 2438 inte-

552 2483 686 2536 riori
749 2481 952 2537 mentis
1016 2479 1352 2552 cogitatione
1423 2476 1706 2547 quidpiam
1775 2474 2126 2545 praesentium

552 2581 739 2630 mente
767 2574 1046 2629 revolvat?
1088 2558 1386 2643 Mancipari
1410 2570 1560 2626 enim
1593 2567 1748 2640 (Deo)
1777 2568 2005 2638 perinde
2028 2567 2130 2623 tibi

554 2680 677 2719 esse
713 2666 952 2730 videtur,
1005 2679 1071 2719 ac
1116 2664 1415 2719 interiores
1451 2676 1671 2732 quoque
1703 2659 1796 2729 (de
1834 2659 2131 2729 extraneis)

555 2757 866 2812 locutiones
896 2771 1122 2827 prorsus
1161 2756 1427 2828 abjicere.

624 2846 740 2903 Hoc
768 2864 920 2914 sane,
965 2848 1146 2918 inquit
1196 2855 1375 2918 pater.
1416 2846 1522 2901 hoc
1565 2844 1702 2900 mihi
1735 2844 1936 2916 majus,
1965 2857 2132 2914 quam

2298 2193 2379 2249 E'.
2404 2193 2469 2248 Τί
2501 2188 2615 2260 οὖν,
2649 2189 2696 2248 ὦ
2737 2195 3028 2266 ’1ωακείμ;
3063 2195 3198 2250 Οὐδὲ
3218 2195 3308 2249 διὰ
3334 2196 3558 2266 μνήμης
3603 2195 3812 2266 ταύτην

2228 2288 2471 2358 προαιρῇ
2505 2287 2567 2339 τὸ
2614 2286 2934 2358 προσπαθὲς
2988 2288 3365 2343 ἐνδείκνυσθαι
3411 2289 3511 2360 τῆς
3557 2287 3812 2357 φύσεως;

2225 2377 2350 2431 οὐδὲ
2373 2379 2486 2440 τοῖς
2532 2377 2601 2431 δι’
2643 2379 2998 2449 ἐνθυμήσεως
3033 2379 3343 2449 λογισμοῖς,
3391 2380 3502 2433 τῶν
3527 2380 3814 2451 παρόντων

2229 2487 2283 2523 τι
2308 2469 2624 2538 λογίζεσθαι
2657 2473 2994 2543 συγχωρεῖς;
3043 2470 3206 2526 τοῦτο
3243 2472 3353 2542 γάρ
3398 2489 3483 2526 σοι
3532 2472 3593 2526 τὸ
3638 2474 3716 2543 μὴ
3743 2475 3812 2544 τῇ

2227 2559 2429 2630 καρδίᾳ
2450 2560 2684 2630 φάσκειν
2707 2561 3222 2632 αἰχμαλωτισθῆναι
3253 2562 3525 2633 βούλεται.

2305 2834 2480 2889 Τοῦτο
2503 2835 2635 2905 γὰρ,
2669 2831 2827 2905 φησὶ,
2852 2834 3013 2889 τοῦτο
3052 2833 3163 2888 τῶν
3190 2834 3444 2890 ἁπάντων
3468 2834 3594 2905 ἐμοὶ
3618 2833 3808 2906 κερδα-

555 2939 768 3009 reliqua
824 2939 968 2994 bona
1023 2938 1234 3000 omnia,
1296 2937 1519 2991 lucrum
1574 2935 1758 3002 aﬂ‘ert,
1807 2944 1870 2991 ut
1915 2935 2129 2992 fructus

2236 2926 2499 2997 λεὼτερον
2538 2926 2782 2995 ἀγαθῶν,
2824 2927 2855 2979 ό
2895 2927 3098 2996 πατήρ.
3127 2927 3202 2979 Τὸ
3233 2927 3395 2996 μόνου
3425 2927 3518 2981 τὸν
3554 2928 3687 2997 ἐμὸν
3713 2926 3813 2982 τοῦ

554 3043 713 3084 meus
739 3027 832 3083 uni
851 3027 1010 3084 cedat
1032 3025 1210 3098 (Deo),
1230 3027 1324 3097 qui
1360 3025 1538 3096 ipsum
1569 3024 1833 3092 donavit;
1860 3033 1917 3080 et
1939 3040 2135 3096 quem-

551 3105 852 3177 admodum
914 3128 1117 3191 praeter
1159 3134 1311 3188 spem
1375 3133 1595 3174 omnem
1644 3118 1938 3174 humanam
1999 3115 2130 3172 mihi

555 3229 853 3269 concessus
877 3220 984 3278 cst,
1013 3212 1092 3267 sic
1121 3211 1256 3266 mira
1278 3211 1529 3282 ejusdem
1553 3210 1775 3266 ubertas
1809 3207 2132 3265 concedenti

556 3305 774 3360 reddita
804 3315 1087 3360 cernatur.
1121 3301 1237 3358 Hoc
1279 3301 1416 3358 mihi
1467 3301 1619 3359 omni
1660 3317 1750 3367 eo,
1800 3300 1948 3371 quod
1995 3299 2136 3355 desi-

555 3396 752 3452 derare
778 3396 1003 3466 possim,
1036 3394 1362 3465 pretiosius;
1389 3394 1493 3449 hoc
1521 3392 1811 3448 laboribus
1843 3391 2135 3462 quibusvis

556 3496 725 3556 atque
771 3495 922 3540 recte
953 3485 1114 3540 factis
1160 3484 1488 3553 ampliorem
1521 3481 1963 3550 nobilioremque
1993 3495 2136 3534 mer-

559 3578 752 3630 cedem
784 3575 1065 3639 continet;
1110 3575 1194 3630 liae
1227 3574 1364 3631 mihi
1412 3572 1619 3628 divitiae
1641 3588 1860 3628 omnem
1885 3587 2038 3642 spem
2073 3585 2138 3625 ac

559 3665 894 3722 desiderium
949 3665 1314 3728 excedentes;
1365 3663 1432 3717 ad
1475 3664 1760 3733 praemium
1827 3662 1934 3718 hoc
1986 3676 2138 3716 asse-

560 3756 841 3826 quendum
884 3755 1198 3819 tolerantia,
1252 3755 1704 3825 supplicationes,
1753 3753 1974 3809 labores
2019 3753 2138 3808 col-

561 3847 692 3912 lati;
733 3847 848 3903 lta:c
871 3856 1130 3901 votorum
1164 3855 1283 3901 erat
1309 3862 1372 3900 ac
1401 3845 1800 3900 desideriormn
1827 3853 2004 3900 meta:
2035 3859 2137 3914 pro

559 3939 707 3995 felici
744 3939 848 3994 hoc
883 3937 1035 3994 exitu
1082 3937 1307 3994 laudum
1355 3937 1574 3993 cantica
1632 3946 1690 3992 et
1734 3936 2136 3992 sacrificiorum

562 4031 873 4089 oblationes
907 4031 964 4085 in
990 4030 1294 4101 gratiarum
1331 4029 1581 4086 actiones
1625 4029 1858 4084 redditae
1885 4028 2136 4086 fuerunt.

634 4125 723 4180 Vl.
756 4125 870 4180 Hac
909 4124 1095 4194 itaque
1144 4122 1315 4176 animi
1361 4123 1667 4187 alacritate,
1696 4121 2000 4176 certissima
2035 4122 2139 4177 hac

564 4217 761 4272 fiducia
801 4215 1096 4286 gloriosam
1131 4215 1410 4285 Virginem
1442 4213 1508 4272 ad
1551 4212 1812 4282 templum
1846 4221 2007 4283 pater
2034 4214 2138 4268 ad-

2231 3019 2526 3082 δεδωκότος
2548 3016 2806 3087 γενέσθαι
2828 3018 3042 3088 καρπόν
3058 3033 3072 3047 ·
3105 3017 3167 3074 τὸ
3206 3017 3458 3088 καθάπερ
3476 3017 3605 3089 παρ’
3625 3018 3819 3071 ἐλπίδα

2234 3112 2338 3182 τὴν
2384 3109 2738 3180 ἀνθρωπίνην
2780 3109 3120 3181 παρεσχέθη,
3173 3108 3320 3162 οὕτω
3365 3108 3460 3162 καὶ
3507 3109 3817 3178 παράδοξον

2234 3201 2468 3271 ὀφθῆναι
2503 3199 2578 3270 τῷ
2604 3199 3012 3270 παρασχομένῳ
3037 3199 3416 3270 καρποφορίαν
3440 3215 3455 3230 ο
3490 3199 3651 3252 τοῦτο
3689 3216 3816 3253 παν·

2234 3299 2327 3362 τὸς
2361 3295 2561 3366 ὶιρετοῦ
2584 3296 2913 3367 τιμιώτερον
2933 3311 2948 3327 ·
2982 3291 3143 3346 τοῦτο
3174 3290 3692 3360 πώυπλασιώτερον
3717 3290 3820 3344 πό-

2235 3405 2364 3454 νων,
2408 3387 2504 3443 καὶ
2547 3387 2992 3457 κατορθωμάτων
3020 3382 3436 3456 περιδοξότερον
3467 3383 3581 3455 ἔχει
3631 3383 3694 3436 τὸ
3723 3382 3821 3450 γέ-

2239 3495 2376 3550 ραςο
2417 3472 2574 3543 οὗτος
2615 3479 2798 3550 πάσης
2827 3476 3290 3547 περιουσιώτερος
3337 3477 3551 3540 ἐλπίδος
3590 3477 3620 3529 ό
3650 3475 3818 3529 πλοῦ-

2236 3587 2346 3634 τος,
2376 3569 2514 3641 ὑπὲρ
2537 3569 2797 3640 τοιαύτης
2839 3569 3077 3640 ἀμοιϐῆς
3099 3571 3132 3639 ἡ
3165 3569 3456 3639 καρτερία,
3487 3569 3544 3622 αί
3573 3567 3814 3636 δεήσεις,

2235 3659 2286 3712 oi
2310 3659 2484 3723 πόνοι,
2510 3657 2753 3712 τοιοῦτον
2775 3653 2843 3728 ἦν
2869 3658 2930 3711 τὸ
2955 3657 3065 3710 τῶν
3097 3657 3272 3727 εὐχῶν
3325 3659 3382 3709 ἐν
3413 3655 3684 3726 ἐπιθυμία
3714 3655 3818 3708 πέ-

2241 3765 2340 3817 ρας
2369 3765 2383 3777 ’
2409 3747 2552 3819 ὑπὲρ
2585 3748 2841 3817 τοιαύτης
2872 3747 3171 3810 ἐκϐάσεως,
3200 3747 3262 3800 αἴ
3304 3763 3366 3799 τε
3406 3745 3820 3816 εὐχαριστήριοι

2235 3838 2560 3908 δοξολογίαι,
2584 3839 2682 3892 καὶ⁵
2729 3839 2788 3893 αἱ
2828 3837 3283 3910 καλλιερούμεναι
3310 3836 3518 3892 τούτων
3550 3835 3822 3908 προσηνέ-

2236 3929 2447 4003 χθησαν
2478 3929 2683 3985 θυσίαι.

2308 4115 2403 4182 (τ’.
2427 4113 2665 4185 Τοιαύτη
2711 4111 2810 4178 μὲν
2834 4110 2927 4166 οὖν
2954 4112 2982 4165 ό
3027 4110 3208 4182 πατὴρ
3259 4111 3358 4165 καί⁸
3395 4108 3682 4181 προθυμίᾳ
3728 4108 3826 4166 καὶ

2236 4205 2592 4277 ἀναμφιϐόλῳ
2622 4204 2946 4276 προσδοκίᾳ,
2975 4203 3073 4274 τὴν
3095 4201 3490 4272 δεδοξασμένην
3520 4202 3728 4270 ἀνῆγεν
3763 4202 3825 4253 ὲν

561 4308 741 4362 duxit.
773 4307 895 4377 Ipsa
927 4322 1058 4361 vero
1083 4305 1396 4368 incedebat,
1423 4314 1650 4368 terram,
1681 4320 1845 4374 quam
1870 4304 2134 4369 calcabat,

2241 4297 2319 4370 τῷ
2344 4297 2458 4364 ναῷ
2490 4296 2769 4366 Παρθένον
2803 4313 2820 4328 ·
2855 4297 2888 4369 ἡ
2917 4297 2975 4351 δὲ
3022 4295 3192 4366 ἀπῄει
3215 4295 3344 4348 ποσὶ
3375 4295 3472 4366 μὲν
3497 4293 3825 4363 καθαρωτά-

563 4398 942 4454 mundissimis
968 4398 1204 4468 pedibus
1240 4397 1560 4468 purificans,
1592 4404 1760 4466 atque
1789 4411 1978 4452 aerem
2001 4411 2135 4451 sua-

562 4489 793 4543 vissimo
835 4489 1147 4545 sanctitatis
1201 4503 1315 4542 suae
1368 4487 1540 4543 odore
1593 4486 1956 4556 perfundens.
2016 4488 2135 4542 Non

565 4581 711 4639 illam
749 4581 984 4636 vestium
1032 4579 1373 4634 exteriorum
1408 4579 1630 4650 elegans
1660 4579 1921 4642 varietas,
1959 4593 2137 4649 neque

559 4689 728 4734 aurea
772 4673 1019 4737 monilia,
1062 4687 1127 4726 ac
1169 4671 1481 4741 lapillorum
1522 4685 1901 4726 conuexorum
1931 4670 2139 4725 mican-

560 4766 814 4822 tissimus
850 4765 1181 4826 venustabat
1228 4764 1447 4834 fulgor;
1495 4762 1594 4818 sed
1625 4762 1929 4818 exornabat
1963 4763 2142 4832 splen-

560 4859 889 4917 didissimus
916 4857 1176 4929 puritatis
1201 4856 1437 4914 amictus
1467 4855 1603 4926 (24),
1627 4865 1792 4925 atque
1818 4853 1968 4909 omni
2000 4867 2138 4909 auro

556 4977 586 5051 '_
641 4968 755 5051 (.25)
771 4970 982 5030 Graece.
1011 4970 1148 5041 μόνῃ
1162 4970 1219 5024 δὲ
1237 4971 1304 5039 τῇ
1323 4967 1420 5051 tofi
1432 4966 1726 5050 δεχομένου
1745 4966 2136 5049 προσ-φυομένη

565 5038 787 5112 ᾁγάπῃε
813 5052 866 5095 et
883 5038 1646 5112 prorSuscongruentissime;
1668 5038 1957 5112 cum'enim
1973 5053 2142 5104 προσ-

568 5108 797 5176 φύσμαί.
819 5112 864 5165 si
887 5108 1037 5165 vocis
1050 5110 1155 5162 vim
1180 5108 1416 5178 spectes,
1434 5109 1612 5162 valeat
1629 5108 1912 5170 adnascar,
1937 5121 2001 5161 ac
2026 5120 2145 5174 pro-

569 5180 691 5245 prie
754 5179 824 5234 de
889 5181 1061 5234 ramis
1094 5179 1333 5242 dicatur,
1376 5178 1473 5247 qui
1525 5178 1710 5233 arbori
1757 5180 2144 5247 aduascuntur,

568 5249 770 5316 exinde
788 5249 1178 5318 προσφυομὼη
1202 5265 1310 5318 non
1327 5246 1412 5303 est
1429 5257 1707 5315 utcunque
1745 5248 2030 5318 colamus,
2048 5246 2150 5318 sed

569 5315 843 5375 cohaerens
869 5315 1221 5386 originaliter.
1253 5317 1490 5374 Perinde
1511 5326 1598 5372 est
1618 5327 1908 5386 propterea
1930 5315 2151 5386 Mariam

571 5390 641 5455 τῇ
664 5388 757 5441 τοῦ
781 5383 1133 5460 Θεοῦᾃᾶγάπῃ
1159 5387 1583 5460 προσφυόμένην
1618 5383 1884 5460 profiteri,
1917 5401 1982 5440 ac
2004 5383 2154 5460 afﬁr-

572 5471 755 5535 mare,
779 5473 908 5535 eam
927 5458 1038 5513 Deo
1069 5455 1164 5527 pEr
1178 5455 1502 5535 charitatcm
1533 5455 1830 5526 aborigiue
1861 5471 1957 5535 sua
1970 5455 2157 5535 come

577 5525 739 5591 lisse,
763 5543 866 5587 nec
895 5528 1038 5582 inter
1069 5522 1171 5582 cos
1198 5527 1412 5582 censeri
1445 5527 1591 5582 illam
1619 5522 1909 5595 posse,qtd
1934 5522 2155 5595 oleastri

589 5611 717 5653 cum
749 5608 955 5662 essent,
992 5599 1147 5652 bona:
1172 5597 1298 5652 dein
1328 5597 1485 5651 oliva:
1515 5594 1704 5650 inserti
1725 5604 1874 5656 sunt.
1895 5594 1989 5660 sed
2016 5609 2160 5646 nun-

596 5680 759 5742 quam
790 5683 900 5730 non
926 5669 1128 5729 bonum
1141 5667 1340 5728 olivam
1357 5665 1604 5724 eamdem
1619 5665 1808 5724 fuisse.
1828 5664 1983 5727 Haud
2006 5662 2163 5724 dissi-

2240 4407 2356 4452 τοις
2381 4388 2482 4459 τὴν
2510 4389 2863 4459 πατουμένην
2893 4387 3301 4456 καθαγνίζουσα
3325 4389 3452 4456 γῆν,
3490 4388 3610 4455 ἀέρι
3641 4385 3699 4438 δὲ
3726 4384 3824 4438 τοῦ

2242 4481 2343 4554 τῆς
2381 4481 2667 4552 ἁγιότητος
2692 4479 3048 4552 μεταδιδοῦσα
3073 4477 3346 4550 μυρισμοῦ
3369 4493 3383 4506 °
3409 4478 3474 4549 ἠν
3501 4478 3599 4530 οὐκ
3629 4475 3823 4545 alaeq-

2242 4575 2350 4628 τῶν
2383 4573 2747 4645 περιϐολαιων
2784 4573 3051 4637 ποικιλία,
3094 4573 3217 4625 οὐδὲ
3249 4571 3458 4643 χρύσεα
3488 4568 3825 4641 περιδὲρῤεα

2245 4665 2341 4719 καὶ
2367 4665 2476 4718 τῶν
2506 4664 2882 4735 συνδουμένων
2917 4663 3081 4716 λίθων
3107 4662 3462 4716 διειδέστατοι
3512 4659 3824 4716 κατεκάλυ-

2246 4774 2378 4812 πτον
2421 4757 2714 4824 διαύγειαι,
2768 4755 2885 4810 ἀλλ’
2927 4757 2962 4826 ὴ
2992 4757 3092 4826 τῆς
3123 4755 3496 4826 καθαρότητος
3536 4751 3826 4823 ὑπερφαὴς

2245 4849 2580 4919 κατεκόσμει
2614 4848 2897 4920 περιδολὴ,
2927 4850 2962 4919 ἡ
2991 4847 3195 4919 χρυσοῦ
3225 4847 3428 4910 παντὸς
3456 4843 3826 4914 τιμαλφεστέ-

2244 4962 2398 5017 milia
2427 4962 2600 5018 babes
2630 4961 2684 5017 in
2707 4963 2876 5018 altera
2905 4962 3150 5026 ejusdem
3168 4960 3376 5022 Jacobi,
3407 4974 3571 5027 quam
3595 4956 3829 5012 inferius

2249 5033 2525 5094 dabimus,
2549 5034 2799 5087 oratione
2826 5034 2879 5086 in
2899 5031 3126 5102 Virginis
3149 5031 3393 5102 Deiparw
3437 5027 3827 5102 Visitationem,

2250 5103 2344 5157 ubi
2378 5118 2500 5156 eam
2527 5103 2594 5157 de
2622 5118 2724 5157 suo
2756 5104 2809 5156 in
2835 5097 3008 5155 Dentri
3031 5097 3254 5154 ardenti
3274 5099 3476 5153 affectu
3503 5098 3583 5152 sic
3603 5097 3834 5164 loquen-

2253 5181 2365 5226 tem
2413 5171 2626 5229 inducit
2663 5171 2712 5243 (ᾗ
2735 5172 2834 5243 9);
2873 5170 2974 5226 Hic
3023 5170 3220 5239 (amor)
3262 5168 3423 5243 signa}
3455 5184 3585 5243 cum
3611 5181 3833 5233 corpore

2257 5244 2518 5297 accrevit:
2558 5244 2639 5298 hic
2669 5239 2830 5295 simul
2860 5258 2977 5295 cum
3013 5250 3182 5294 mente
3205 5239 3432 5292 adolet-it
3454 5254 3472 5291 :
3497 5239 3615 5291 huic
3643 5250 3833 5302 conge-

2252 5314 2362 5366 nita
2412 5313 2593 5365 anima
2625 5328 2744 5365 mea
2782 5311 3139 5364 indesinenter
3186 5308 3367 5362 laudes
3418 5309 3510 5362 tibi
3555 5303 3832 5360 contexit:

2255 5377 2427 5442 Οὗτος
2459 5379 2776 5450 συνηυξήθη
2817 5379 2892 5450 τῷ
2926 5380 3163 5450 σώματι,
3197 5374 3356 5450 οὗτος,
3387 5375 3730 5450 συνα-κμάλζει
3763 5374 3832 5450 τῇ

2253 5450 2485 5520 διανοίᾳ.
2533 5443 2710 5520 τούτω
2842 5443 3429 5519 ψυχή’προσφυομένη
3481 5443 3580 5518 τὴν
3627 5443 3834 5498 ἀκατάο

2257 5519 2512 5600 παυρτονῖ
2527 5519 2854 5600 ὑμνολογίαν
2883 5520 3188 5575 διαπλέκει.

2329 5590 2442 5658 (Ἡ)
2473 5583 2614 5653 Quid
2655 5583 2761 5647 est,
2808 5605 3016 5658 quaeso,
3066 5605 3163 5643 cnr
3225 5587 3278 5642 in
3323 5586 3579 5658 puritatis
3633 5583 3830 5658 laudes

2259 5655 2550 5732 tanitcpere
2595 5675 2651 5716 sc
2703 5655 2894 5719 Patres
2944 5655 3489 5723 effunderent,'cum
3538 5655 3606 5712 de
3651 5655 3835 5728 puella
