4130 6202
553 247 658 311 601
1339 272 1345 276 ·
1883 240 2063 307 JACO
2075 244 2139 303 Β]

2243 244 2539 306 ΣΟΝΑΕΗΙ
3699 233 3809 300 603

555 368 712 409 amor
768 361 895 406 tuus
949 359 1007 405 ut
1052 364 1269 421 semper
1324 349 1429 406 sibi
1473 358 1735 405 constans
1782 359 2119 422 perseveret,

2243 352 2588 424 ίπερτίθεμαι
2620 353 2814 408 ’πασῶν
2841 353 3094 426 μητέρων
3115 369 3129 382 ·
3174 350 3284 405 ἰδοῦ
3334 348 3443 418 γὰρ
3473 347 3574 421 τὴν
3597 346 3807 418 τεχοεῖ·

553 451 944 512 consequetnr.
987 440 1150 510 Spem
1201 455 1421 495 onmem
1459 439 1631 510 igitur
1660 441 1938 496 excedunt
1979 455 2123 496 nova

2243 462 2333 498 σαν
2375 446 2450 511 ὡς
2488 430 2815 518 ὑπεσχόμην
2858 448 2915 500 ὲν
2956 446 3089 516 οἴκῳ
3154 436 3291 498 Θεοῦ
3324 445 3567 512 σήμερον
3616 439 3803 493 ἀνατί-

553 535 666 594 illa.
695 542 816 603 quae
854 531 1125 585 hodierna
1167 531 1256 585 die
1288 532 1342 584 in
1389 540 1441 586 te
1470 532 1851 600 complentur:
1887 530 2125 599 despon-
2235 533 2394 603 θημι.

553 625 693 679 satio
718 624 1033 694 purissima,
1066 624 1293 696 mystica
1319 623 1549 688 oblatio,
1590 624 1770 678 honor
1800 639 1909 692 pm
1976 622 2236 679 omnibus
2297 627 2651 683 consortibus
2709 626 2966 691 eximius,
3005 624 3294 680 familiaris
3329 639 3453 679 cum
3488 623 3600 677 Deo
3668 636 3805 675 con-

547 716 786 786 junctio,
819 725 983 785 atque
1016 715 1146 779 alia,
1176 730 1273 784 per
1299 730 1421 784 qua:
1444 715 1684 769 hmnano
1705 715 1892 785 generi
1950 732 2161 770 summa
2236 718 2473 790 dignitas
2509 722 2932 791 praenuntiatur.
2991 719 3290 788 Propterea
3344 715 3543 785 gaudio
3594 714 3801 786 gestioo

510 872 511 875 η
556 817 848 876 propterea
877 806 1140 862 omnibus
1176 806 1341 861 hodie
1370 807 1637 861 matribus
1671 808 1962 864 anteeello.
1987 808 2126 864 Ecce
2163 809 2310 865 enim
2375 821 2558 867 natam
2589 826 2790 878 meam,
2835 819 3027 882 utpote
3094 809 3481 880 promissitmis
3516 809 3642 880 jure
3699 807 3811 863 Deo

554 902 820 966 debitam,
852 900 1017 954 hodie
1049 900 1102 954 in
1132 899 1297 954 domo
1334 900 1431 955 Dei
1462 914 1754 956 consecro.

623 993 761 1049 VIII.
789 994 900 1063 Age
930 1000 984 1047 et
1016 999 1072 1046 tu
1101 993 1556 1063 ineorporeorum
1575 993 1867 1061 Spirituum
1899 995 2123 1062 chorus,

553 1085 663 1139 huc
706 1083 1007 1138 adveniens
1049 1097 1353 1152 congruum
1407 1082 1589 1138 laudis
1639 1085 1914 1139 canticum
1967 1100 2122 1140 emn-

553 1174 705 1228 muni
731 1173 964 1228 Domino
984 1188 1197 1227 mecum
1220 1173 1470 1228 concine.
1497 1175 1677 1244 Agite,
1696 1191 1729 1229 ο
1753 1175 2127 1232 ίωοιιιιάῑιιιιὶε

2243 1176 2508 1246 Azan-'2'ch
2538 1178 2800 1246 ὲναπήχει
2831 1176 3158 1243 δοξολογίαν.
3193 1177 3329 1243 ’Λγε
3377 1175 3475 1245 τῆς
3504 1174 3644 1244 ἐμῆς
3669 1191 3813 1244 καρ-

516 1280 691 1327 ,ιηοαξ
738 1278 1039 1335 przeeones.
1088 1279 1191 1335 pro
1241 1264 1345 1319 hac
1382 1265 1498 1335 ipsa
1545 1265 1845 1335 gratiarum
1881 1267 2129 1324 actiones

2243 1267 2504 1338 ποφορίας
2548 1269 2808 1338 κήρυκες,
2843 1267 2941 1339 τὴν
2991 1268 3130 1338 ὑπὲρ
3178 1266 3385 1336 ταύτης
3438 1264 3518 1336 τῷ
3554 1264 3811 1319 δεδωκότι

514 1352 527 1377 ³
558 1355 956 1427 benignissimo
983 1357 1233 1426 ejusdem
1269 1357 1519 1427 largitori
1565 1355 1798 1413 deferte.
1840 1359 1973 1428 Age,
2008 1359 2136 1413 alti-

2243 1357 2701 1428 Ειαπορομεύσατε
2729 1360 3103 1431 εὐχαριστίαν.
3140 1360 3274 1427 Ἀγε
3300 1358 3411 1411 τῶν
3447 1357 3745 1428 προφητῶν
3775 1359 3808 1429 ἠ

556 1462 750 1502 sonum
803 1447 1122 1502 canentium
1169 1448 1567 1518 prophetarum
1617 1463 1833 1519 agmen,
1882 1450 1969 1509 iis.
2012 1468 2135 1522 quae

2243 1447 2551 1518 Ξιαπρύσιος
2593 1450 2923 1519 συμφωνία,
2973 1449 3072 1518 τῆς
3131 1447 3241 1502 τῶν
3298 1447 3809 1518 χρησμωδηθέντων

560 1539 674 1594 tuis
705 1539 945 1593 oraculis
978 1541 1249 1609 promissa
1285 1540 1531 1608 fuerunt,
1566 1541 1729 1595 ﬁnem
1755 1543 1865 1612 jam
1908 1544 2134 1614 imposi-

2243 1539 2567 1608 ἐπαγγελίας
2595 1538 2656 1592 τὸ
2689 1538 2864 1610 πέρας
2915 1538 3018 1610 ήδη
3070 1536 3546 1606 καταϐαλλόμενον
3591 1536 3804 1591 θέασαι.

560 1640 677 1684 tum
731 1630 971 1686 intuere.
1022 1632 1158 1701 Age,
1222 1632 1540 1702 progenitor
1594 1632 1786 1697 David,
1849 1634 2132 1704 congaude

2243 1626 2423 1699 δεῦρο,
2456 1628 2742 1699 προπάτορ
2768 1627 2952 1693 Δαυῒδ,
2994 1631 3061 1699 τῇ
3102 1630 3166 1683 ὲκ
3201 1630 3299 1699 σῆς
3332 1628 3530 1696 ὀσφύος
3556 1626 3811 1681 ἀναδεδο-

557 1723 752 1793 virgtn,
797 1737 920 1791 qua:
962 1737 992 1777 e
1041 1722 1252 1777 semine
1288 1734 1382 1777 tuo
1423 1724 1674 1778 exorta"
1707 1725 1817 1795 jam
1846 1724 2129 1781 adolescit.

2243 1721 2378 1793 μένῃ
2428 1721 2608 1792 ρἀδῳ
2654 1721 3072 1790 συνεπαγάλλου,
3114 1721 3488 1792 ἅδρυνομένῃ·
3524 1720 3559 1791 ἡ
3597 1718 3811 1789 βασιλὶς

2307 997 2387 1051 H'.
2414 996 2583 1067 Δεῦρο
2613 996 2708 1051 καὶ
2731 997 2795 1051 σὺ
2824 996 2930 1050 τῶν
2959 994 3264 1064 ἀσωμάτων
3307 992 3693 1064 ὲπιδημήσασα
3716 1010 3810 1062 χο-

2238 1087 2497 1153 ροστασία
2520 1101 2533 1115 ·
2572 1086 2829 1155 ἁρμόδιον
2866 1086 2963 1139 σὺν
3018 1086 3163 1154 ἐμοὶ,
3213 1084 3311 1155 τὴν
3346 1082 3482 1154 πρὸς
3510 1083 3606 1135 ’τὸν
3631 1082 3810 1135 κοινὸν

563 1814 767 1883 ltegina
794 1813 1072 1882 simulque
1099 1812 1205 1867 filia
1234 1813 1532 1884 purissimo
1563 1814 1729 1885 Regis
1766 1831 1953 1871 amore
1982 1828 2134 1873 tene-

563 1914 674 1968 tur,
706 1912 762 1958 et
791 1919 894 1974 pro
939 1905 1089 1959 illius
1119 1904 1398 1960 desiderio
1428 1906 1650 1976 prepria
1680 1907 1937 1976 puritatis
1975 1922 2135 1962 orna-

566 2003 752 2050 menta
789 1995 1200 2065 speciosissima
1243 1999 1524 2055 instruxit.
1565 1999 1668 2065 Qui
1718 2000 1774 2054 in
1815 2000 2017 2055 divinis
2053 2001 2136 2055 vi-

563 2086 816 2142 sionibus
870 2089 1058 2143 divites
1104 2101 1254 2156 sunt,
1303 2090 1469 2146 hodie
1525 2091 1927 2146 desiderabilem
1970 2092 2135 2163 hujus

559 2179 767 2234 vultum
790 2181 1132 2252 deprecentur
1150 2184 1218 2236 ’⁸.

630 2267 724 2323 IX.
758 2270 958 2325 Adeste
982 2286 1149 2340 porro
1177 2279 1232 2327 et
1255 2285 1353 2326 vos
1381 2271 1475 2341 qui
1507 2271 1880 2326 circumstatis
1902 2286 1932 2326 c
1960 2272 2136 2327 tribu-

558 2359 705 2426 bus,
747 2372 801 2417 et
850 2364 1001 2419 illius
1046 2364 1114 2418 ad
1164 2366 1430 2433 templum
1483 2380 1765 2420 accessum
1812 2365 2132 2435 praecedite,

559 2453 819 2523 viamque
873 2456 1107 2510 sternite
1151 2455 1398 2510 dicentes
1439 2472 1453 2511 :
1500 2455 1677 2510 Dilata
1735 2456 1790 2524 (o
1849 2455 2135 2525 templum)

502 2542 513 2553 ’
558 2544 704 2599 aedes
761 2553 883 2600 tuas
918 2546 986 2601 ad
1039 2561 1159 2600 eam
1214 2545 1643 2617 suscipiendam,
1681 2562 1803 2616 qua!
1860 2548 2137 2601 creaturis

559 2638 815 2694 omnibus
848 2650 962 2694 tum
995 2639 1304 2696 visibilibus
1335 2649 1449 2696 tum
1482 2641 1858 2697 invisibilibus
1903 2642 2136 2710 amplior

557 2731 832 2800 apparuit.
866 2732 1117 2802 Prtepara
1152 2733 1220 2788 ad
1263 2748 1384 2788 eam
1443 2733 1827 2804 excipiendam
1869 2733 2134 2804 virgines,

559 2837 681 2884 quae
714 2823 823 2878 sint
846 2823 898 2878 ei
946 2824 1177 2879 comites
1208 2825 1581 2895 :gestantium
1613 2825 1760 2880 faces
1785 2824 2014 2879 chorum
2048 2825 2135 2879 in-

561 2914 714 2969 Strue
739 2930 754 2981 ;
786 2923 841 2970 et
869 2914 1051 2972 laudis
1082 2916 1298 2972 cantica
1323 2916 1392 2973 ad
1419 2917 1645 2989 Reginae
1673 2917 1980 2989 ingressum
2000 2932 2139 2974 con-

558 2996 797 3063 cinenda
833 3023 1104 3079 praepara.

633 3100 1047 3156 lmmaculatum
1077 3100 1417 3157 domicilium
1448 3101 1986 3158 immaculatissimos
2015 3117 2138 3158 sus-

562 3189 733 3259 cipiat
769 3191 959 3261 pedes,
995 3200 1052 3247 et
1078 3192 1283 3248 nemini
1328 3193 1581 3248 adeunda
1621 3194 1786 3249 statio
1837 3194 2140 3250 mundissi-

561 3293 705 3332 mam
756 3280 900 3335 inse
951 3289 1242 3337 conservet
1293 3281 1648 3351 columbam;
1687 3296 1925 3353 namque
1974 3283 2140 3339 hodie

562 3368 709 3424 hanc
746 3384 874 3440 ego,
904 3373 1088 3440 pronti
1115 3372 1294 3436 decet,
1323 3375 1601 3445 apparabo
1626 3383 1682 3430 et
1712 3375 1983 3446 promissa
2009 3387 2132 3429 mea

563 3460 821 3530 implebo.
857 3462 1110 3519 Accende
1137 3463 1386 3520 lucentes
1431 3465 1737 3536 lampadas,
1757 3476 1813 3521 et
1835 3466 2142 3537 ingressum

561 3552 685 3621 ejus
742 3552 1247 3621 splendidissimum
1322 3557 1512 3612 redde.
1574 3557 1789 3612 Extolle
1847 3557 2139 3612 sublimem

566 3641 740 3694 facem
776 3650 1029 3710 tanquam
1061 3645 1301 3714 signum,
1332 3654 1389 3700 et
1411 3645 1478 3700 ad
1503 3656 1555 3702 te
1606 3647 1927 3702 universum
1956 3658 2141 3702 terra-

566 3745 692 3784 rum
724 3733 915 3787 orbem
947 3745 1230 3801 converte,
1264 3747 1325 3791 ut
1353 3738 1589 3797 lucidam
1642 3739 1870 3808 aSpiciat
1916 3740 2140 3808 nubem,

565 3831 628 3876 ut
655 3822 801 3879 illius
836 3825 1117 3881 radiorum
1168 3829 1590 3899 participatione
1618 3829 1857 3896 fruatur,
1907 3838 1972 3885 ut
2005 3832 2144 3888 lucis

564 3913 771 3969 fontem
800 3929 868 3971 ex
891 3930 955 3972 ea
1003 3919 1395 3975 seaturientem
1430 3920 1730 3977 intueatur.

636 4004 820 4061 Pande
850 4016 1036 4076 portas
1066 4018 1210 4078 tuas,
1250 4020 1307 4066 et
1333 4012 1633 4083 spiritalem
1670 4014 1862 4084 excipe
1905 4024 2143 4084 portam,

564 4111 666 4166 per
684 4112 847 4167 quam
872 4100 1050 4155 solum
1084 4102 1181 4157 Dei
1207 4101 1447 4159 Verbum
1472 4105 1745 4160 transiens
1775 4106 1843 4171 ",
1877 4106 2143 4178 obsigna-

565 4198 696 4251 tam,
721 4205 789 4245 eo
811 4191 996 4257 modo,
1017 4209 1126 4263 quo
1147 4196 1299 4250 novit
1324 4197 1528 4266 ipsum,
1562 4197 1827 4253 servavit.
1855 4198 1968 4254 Etsi
1993 4199 2144 4256 enim

564 4289 735 4351 porta:
760 4285 1181 4354 appellationem
1200 4292 1393 4347 sortita
1419 4300 1524 4354 est,
1548 4292 1809 4350 intactam
1844 4301 2026 4350 tamen
2056 4309 2146 4351 se-

2237 1814 2331 1866 καὶ
2353 1813 2620 1883 θυγάτηρ,
2640 1812 2716 1884 τῷ
2734 1812 2827 1867 τοῦ
2848 1813 3120 1877 Βασιλέως
3140 1812 3512 1883 καθαρωτάτῳ
3541 1812 3813 1865 συνδεῖται

2236 1906 2408 1975 πόθῳ,
2427 1904 2563 1976 πρὸς
2593 1905 2693 1974 τὴν
2714 1905 2881 1958 αὑτοῦ
2906 1905 3224 1976 ἐπιθυμίαν,
3239 1905 3309 1957 τὰ
3326 1905 3503 1957 οίκεῖα
3519 1903 3618 1974 τῆς
3637 1903 3813 1957 καθα-

2241 1998 2464 2069 ρῦτητος
2495 1998 2793 2068 ηύτρέπισε
2853 1998 3023 2068 κάλλη
3048 2014 3062 2029 ·
3101 1998 3342 2066 σήμερον
3375 1994 3813 2050 λιτανευέτωσαν

2235 2092 2285 2144 οἱ
2339 2092 2396 2142 ἐν
2454 2091 2732 2153 θεοπτίαις
2780 2089 3068 2156 πλούσιοι,
3120 2088 3181 2142 τὸ
3226 2088 3429 2159 ταύτης
3480 2086 3813 2157 ὲπιπόθητον

2237 2183 2553 2253 πρόσωπον.

2307 2275 2385 2334 6'.
2410 2274 2576 2329 Δεῦτε
2616 2275 2681 2344 δὴ
2704 2274 2802 2329 καὶ
2832 2272 2943 2329 τῶν
2969 2272 3156 2342 φυλῶν
3179 2274 3234 2326 οί
3261 2273 3544 2344 περιόντες
3578 2272 3681 2331 ἔτι,
3714 2272 3813 2325 καὶ

2236 2372 2336 2441 τὴν
2369 2372 2426 2423 ιν
2453 2370 2531 2440 τῷ
2552 2368 2665 2439 ναῷ
2687 2366 2868 2437 ἄφιξιν
2898 2346 3386 2437 προοδοῖτοιήσατε,
3413 2363 3688 2419 Πλάτυνον
3712 2363 3813 2426 τὰς

2239 2460 2515 2539 ἐπαύλεις,
2544 2460 2816 2529 λέγοντες,
2854 2459 2985 2529 πρὸς
3021 2457 3286 2527 ὑποδοχὴν
3333 2457 3433 2526 τῆς
3467 2455 3809 2527 πλατυτέρας

2236 2552 2337 2621 τῆς
2379 2553 2580 2622 ὁρατῆς
2611 2552 2708 2606 καὶ
2736 2552 2972 2623 ἀοράτου
3024 2550 3258 2614 κτίσεως
3287 2548 3547 2618 ὀφθείσης
3571 2565 3586 2580 ·
3618 2546 3812 2617 εὐτρέ-

2238 2642 2363 2707 πιζε
2392 2645 2528 2712 πρὸς
2575 2641 2839 2712 ὑποδοχὴν
2868 2641 2967 2706 τὰς
2999 2639 3374 2710 συνεψομένας
3409 2639 3548 2710 αὐτῇ
3604 2636 3815 2707 παρθέ-

2238 2751 2381 2798 νους,
2433 2734 2523 2787 τὸν
2573 2732 3002 2803 λαμπαδηφόρον
3033 2729 3435 2804 προκατάρτιζε
3467 2728 3662 2799 χορόν·
3712 2726 3814 2791 τὰς

2240 2825 2623 2888 ἐπιϐατηρίους
2657 2824 2757 2895 τῆς
2782 2824 3059 2897 Βασιλίδος
3096 2820 3410 2895 προᾶρμοζε
3443 2818 3775 2889 δοξολογίας.

2322 3101 2543 3173 ’Λθιγὴς
2570 3101 2747 3174 χῶρος
2775 3101 2904 3166 τοὺς
2934 3100 3277 3170 ύπεράγνους
3327 3094 3673 3177 ὑποδεχέσθω
3720 3094 3819 3147 πό-

2240 3194 2356 3259 δας,
2390 3195 2487 3247 καὶ
2511 3192 2877 3263 ἀκοινώνητος
2904 3186 3172 3258 διαγωγὴ,
3204 3188 3305 3259 τὴν
3340 3184 3671 3256 ἀκηλίδωτον
3694 3182 3817 3236 δια-

2239 3287 2478 3357 τηρείτω
2507 3285 2859 3357 περιστερὰν,
2887 3283 2984 3336 καὶ
3016 3279 3223 3350 ταύτην
3262 3278 3373 3348 ἐγὼ
3406 3276 3817 3348 παρασκευάσω

2244 3379 2484 3449 σήμερον
2509 3376 2585 3440 ὡς
2608 3376 2709 3443 δεῖ,
2759 3374 2856 3429 καὶ
2883 3376 3005 3437 ταῖς
3041 3371 3369 3443 ὑποσχέσεσι
3401 3370 3461 3423 τὸ
3486 3370 3661 3438 πέρας
3694 3369 3819 3420 ἑπι-

2244 3470 2423 3541 οήσωο
2450 3468 2658 3538 ἄναψον
2706 3466 2967 3538 λαμπάδα
3020 3465 3221 3535 φωτὸς,
3251 3462 3346 3516 καὶ
3378 3459 3817 3530 καταφαίδρυνον

2242 3561 2340 3623 τὰς
2366 3560 2602 3624 εἰσόδους
2621 3575 2635 3590 ο
2669 3555 2803 3632 ἆρον
2830 3558 3125 3629 μετάρσιον
3174 3554 3400 3626 πυρσὸν,
3434 3553 3512 3616 ὡς
3540 3550 3817 3621 σύνθημα,

2242 3652 2335 3704 καὶ
2368 3651 2548 3707 ῐθυνον
2576 3651 2712 3722 πρὸς
2737 3651 2797 3704 σὲ
2824 3650 2920 3720 τὴν
2945 3649 3292 3719 οἰκουμένην,
3323 3647 3409 3700 ἵνα
3428 3644 3527 3717 τὴν
3550 3642 3821 3714 φωτεινὴν

2224 3741 2477 3812 ’νεφέλην
2497 3740 2788 3812 ὲπόψηται,
2821 3738 2889 3793 ἵν’
2913 3741 2970 3792 ὲν
2998 3738 3261 3808 μετουσίᾳ
3287 3734 3398 3789 τῶν
3427 3732 3664 3787 ἀκτίνων
3694 3729 3823 3783 ταύ-

2244 3849 2344 3901 της
2368 3832 2690 3902 γενήσηται,
2716 3830 2807 3884 ἵνα
2838 3819 2936 3899 τὴν
2956 3828 3049 3883 τοῦ
3097 3826 3274 3896 φωτὸς
3320 3823 3505 3895 πηγὴν
3526 3824 3591 3877 hc
3615 3820 3822 3890 ταύτης

2246 3925 2516 3998 βρύουσαν
2547 3923 2761 3994 κατίδῃ.

2315 4018 2556 4071 Πέτασον
2601 4015 2702 4078 τὰς
2734 4012 2908 4077 πύλας
2945 4029 3060 4079 σου,
3112 4010 3207 4064 καὶ
3239 4008 3342 4078 τὴν
3392 4007 3593 4078 νοητὴν
3641 4003 3824 4072 πύλην

2245 4110 2528 4178 εἰσάγαγε,
2571 4107 2638 4177 ἢν
2674 4104 2837 4177 μόνος
2884 4105 2913 4158 ὁ
2962 4101 3057 4156 τοῦ
3115 4100 3250 4155 Θεοῦ
3300 4099 3583 4160 διοδεύσας
3613 4096 3823 4163 Λόγος,

2245 4199 2689 4273 ἑσφραγισμένην
2708 4196 2791 4273 ,ὡς
2815 4192 2953 4249 οἶδεν
2983 4196 3271 4265 ἐτήρησεν.
3303 4190 3367 4245 Ei
3392 4192 3498 4260 γὰρ
3529 4189 3621 4242 καὶ
3646 4186 3826 4256 πύλης

2244 4293 2344 4366 τὴν
2373 4291 2565 4363 κλῆσιν
2594 4289 2919 4361 ἀπείληφεν,
2951 4285 3088 4341 ἀλλά
3112 4283 3384 4356 παρθένον
3414 4281 3615 4349 ἑαυτὴν
3639 4278 3826 4347 διετή-

564 4373 848 4444 metipsam
892 4378 1156 4449 virginem
1213 4384 1602 4447 conservavit;
1655 4394 1712 4440 et
1771 4396 2139 4455 opportunum

2251 4402 2408 4458 ρησε,
2478 4383 2574 4437 καὶ
2637 4380 2731 4435 τοῦ
2796 4381 2895 4451 μὲν
2954 4379 3278 4450 πράγματος
3332 4374 3432 4446 τὴν
3478 4367 3825 4441 λειτουργίαν

562 4465 785 4533 quidem
832 4469 1199 4527 ministerium
1246 4474 1511 4545 implevit,
1568 4477 1663 4531 sed
1713 4477 2142 4547 incorruptionis

561 4559 842 4628 signacula
890 4578 1001 4618 non
1047 4564 1321 4621 dissolvit.
1361 4566 1554 4622 Velum
1607 4577 1763 4624 tuum
1805 4583 2048 4633 remove,
2080 4579 2140 4623 ut

561 4653 860 4709 animatum
901 4656 1035 4711 illud
1076 4658 1238 4713 Verbi
1270 4660 1453 4714 velunt
1485 4660 1689 4730 suscipi
1730 4661 1882 4715 intus
1936 4661 2132 4730 possit,

522 4743 707 4810 -quod
764 4746 818 4800 in
850 4761 908 4803 se
944 4747 1291 4805 divinitatem
1364 4752 1686 4817 occultavit,
1736 4765 1916 4821 neque
1963 4761 2145 4806 tamen

562 4831 724 4903 hujus
754 4835 877 4906 igne
906 4839 1245 4896 materialem
1268 4841 1633 4898 substantiam
1680 4842 2008 4899 combussit.
2041 4843 2150 4898 Ex-

562 4926 683 4994 cipe
704 4941 770 4981 ex
782 4944 918 4984 auro
938 4930 1141 4987 factum
1168 4948 1265 5004 per
1294 4933 1559 5004 Spiritum
1588 4935 1979 4991 candelabrum
2011 4935 2146 5006 (35).

2249 4476 2553 4547 ἐπλήρωσε,
2576 4473 2674 4544 τῆς
2702 4468 3011 4541 ἀφθαρσίας
3035 4469 3091 4522 δὲ
3120 4467 3220 4530 τὰς
3243 4464 3545 4535 σφραγῖδας
3569 4462 3672 4514 οὐκ
3697 4459 3823 4512 ἔλυ-

2251 4581 2375 4622 σεν·
2412 4565 2637 4635 ἐπίσχες
2659 4564 2721 4618 τὸ
2757 4560 3182 4630 καταπέτασμα,
3215 4557 3283 4611 ἶν’
3314 4556 3463 4608 ἔνδον
3494 4552 3687 4607 τούτου
3715 4568 3826 4621 χω-

2253 4659 2393 4731 ρήσῃ
2443 4657 2507 4711 τὸ
2548 4655 2791 4726 ἔμψυχον
2842 4652 2939 4706 τοῦ
2969 4652 3144 4719 Λόγου
3186 4647 3624 4714 καταπέτασμα,
3673 4642 3735 4695 τὸ
3763 4641 3826 4693 ἐν

2250 4749 2426 4820 ἑαυτῷ
2450 4749 2547 4820 τὴν
2574 4748 2805 4819 θεότητα
2827 4743 3062 4816 κρύψαν,
3095 4740 3188 4795 καὶ
3215 4739 3294 4811 τῷ
3326 4740 3461 4809 πυρὶ
3496 4736 3707 4806 ταύτης
3747 4732 3826 4804 μὴ

2251 4840 2590 4909 καταφλέξαν
2644 4838 2743 4908 τὴν
2776 4835 2955 4904 ὑλώδη
2989 4833 3209 4888 οὐσίαν·
3242 4829 3393 4894 δέξαι
3422 4827 3523 4899 τὴν
3550 4829 3609 4880 ὲν
3652 4822 3829 4879 Πνεύ-

2256 4950 2384 5005 μστι
2418 4930 2843 5003 κεχρυσωμένην
2892 4926 3140 4995 λυχνίαν,
3171 4917 3241 4994 ἧς
3267 4922 3330 4974 τὸ
3384 4919 3695 4990 λαμπάδιον
3724 4932 3829 4968 κα-

565 5017 723 5087 cujus
766 5018 945 5077 facula
997 5033 1268 5078 terrarum
1309 5024 1462 5081 orbis
1516 5025 1655 5081 lines
1711 5025 2034 5091 illuminat,
2095 5034 2139 5080 el

2253 5026 2518 5094 ταυγάςει
2549 5023 2617 5078 τὰ
2649 5022 2887 5091 πέρατα,
2929 5020 2994 5072 δι’
3017 5013 3086 5090 ἦς
3125 5015 3301 5086 ἀνῆψε
3328 5013 3401 5067 τὰ
3431 5013 3527 5067 τοῦ
3569 5009 3827 5079 Πνσύμαο

568 5123 667 5177 pcr
695 5113 842 5180 quod
893 5114 1087 5170 eadem
1131 5115 1314 5171 facula
1356 5118 1609 5174 accendit
1647 5130 1859 5189 septem
1897 5118 1991 5173 illa
2033 5116 2155 5188 Spi-

643 5229 688 5258 "'
742 5227 845 5283 lsa.
873 5246 948 5290 ιιι.
974 5233 1020 5287 l.
1060 5302 1065 5311 ο

650 5381 762 5454 (25)
795 5383 871 5440 De
898 5384 1072 5454 prima
1098 5386 1338 5469 Virginis
1375 5388 1624 5471 Deiparaa
1670 5386 1883 5512 orligine
1932 5389 2148 5444 dixerat

650 5467 813 5508 annes
862 5454 1208 5512 Euhtnensn-t.
1236 5475 1354 5512 eam
1372 5458 1438 5512 ab
1459 5475 1572 5512 meo
1594 5457 1691 5512 De:
1768 5458 1858 5512 ιίιο
1886 5467 1937 5512 et
1957 5475 2145 5512 coene-

573 5449 813 5508 Joannes
862 5449 1354 5530 EuhtnensisIeaut
1372 5458 1438 5514 ab
1459 5449 1572 5530 ipso
1594 5457 1711 5530 Dei
1724 5449 1858 5530 Filio
1886 5467 1937 5513 et
1957 5475 2145 5530 coepe-

576 5525 1089 5598 rante‘sanctissituo
1115 5544 1177 5582 ac
1208 5525 1505 5598 viviﬁcante
1539 5528 1635 5583 Dei
1674 5526 1882 5598 Spiritu
1908 5525 2145 5596 a’diftba-

581 5591 877 5669 tcmfuisse
938 5594 1112 5651 (Orat.
1170 5598 1226 5652 in
1279 5591 1435 5669 Deip,
1475 5591 1741 5669 concepi.
1787 5597 1935 5669 §23)
1964 5615 1978 5652 ε
2009 5591 2142 5669 ’σίνε

580 5660 801 5733 quidem
864 5669 1135 5723 sententia
1199 5667 1346 5723 nulla
1381 5660 1396 5668 ’
1422 5660 1753 5723 luculentior
1788 5660 1883 5724 'ad
1918 5660 2144 5737 ἰπιιιιιιίο

2253 5132 2345 5178 τος
2397 5114 2539 5169 ἑπτὰ
2593 5113 2934 5185 χαρίσματα,
2992 5111 3088 5164 καὶ
3149 5110 3242 5162 τον
3286 5107 3568 5179 περίγειον
3620 5103 3826 5173 κόσμον

1166 5233 1214 5266 η
1241 5206 1385 5293 pta.
1411 5249 1554 5300 xuv,
1584 5233 1673 5289 ιδ.
1751 5234 1800 5267 ὀ
1828 5232 2030 5288 Ezech.
2069 5248 2180 5300 ων,
2230 5232 2354 5288 1-5.

2246 5385 2476 5442 caudam
2510 5401 2702 5456 puram
2726 5386 2967 5456 Virginis
2985 5383 3430 5456 ,Conceptionem
3458 5380 3640 5456 afferri
3660 5392 3825 5450 posse

2248 5452 2528 5526 videturf
2567 5458 2654 5526 At,
2690 5452 2866 5526 palam
2913 5465 2998 5526 est
3046 5457 3162 5526 Ain;
3177 5454 3326 5526 idem
3389 5452 3704 5526 conspirare
3765 5457 3825 5526 et

2249 5525 2396 5602 hunc
2427 5524 2613 5602 ζει-σοίῆ
2646 5519 2851 5602 locum,
2902 5524 2997 5602 ubi
3028 5523 3095 5579 de
3144 5524 3368 5595 Virgine
3398 5519 3674 5602 disserens
3721 5519 3826 5574 sub

2248 5594 2566 5664 candelabri
2598 5595 2867 5661 symbolo.
2901 5595 3077 5664 ipsum
3108 5609 3177 5650 ex
3221 5589 3358 5650 a'uro
3390 5589 3677 5651 conditum
3725 5604 3816 5660 pet

2250 5665 2518 5737 Spiritum
2551 5663 2719 5722 fuisse
2751 5663 3004 5719 allirntat.
