4130 6202
581 257 688 323 ﬁll

1913 242 2177 306 JACOBI
2244 239 2601 306 MONACHI

3731 246 3838 310 ΜΞ

582 379 675 440 pta
704 375 895 423 natura
923 379 988 420 ac
1018 361 1184 418 veluti
1220 361 1397 414 latens
1431 355 1544 428 (30)
1568 355 1784 427 peccati
1839 354 2158 409 incendium

2280 353 2385 416 πίας
2421 352 2714 417 ἐξέκλινεν,
2742 351 2799 418 ἐξ
2830 345 2890 406 οὗ
2928 351 3362 422 ἀχειροτεύκτως
3389 355 3417 406 ὁ
3450 343 3882 424 ἀκρογωνιαῖοξ

585 457 885 515 declinavit
909 472 923 520 ;
945 470 976 508 e
1007 467 1117 522 quo
1144 452 1187 482 ³¹
1216 452 1336 505 sine
1369 449 1534 504 ullius
1563 463 1760 502 manus
1782 461 1949 515 opera
1975 445 2168 500 evolue

588 564 678 607 tus
713 547 853 617 lapis
904 545 994 598 ille
1051 540 1330 612 angularis
1375 540 1550 595 hostis
1589 548 1826 593 statuam
1881 537 2166 602 contrivit,

587 653 751 709 atque
779 639 831 690 in
866 637 1146 702 pulverem
1180 634 1412 704 redegit.
1439 632 1670 700 Suscipe
1686 632 1888 685 olivam
1919 629 2168 684 fructife-

587 743 890 797 ram,cqua
920 726 1099 780 oleum
1145 726 1459 779 exhilarans
1489 725 1540 755 "
1563 723 1859 785 ellluxit,et
1887 721 2170 775 universas

586 829 872 874 creaturas
911 817 1274 886 impinguavit
1301 816 1366 869 ”.
1417 815 1646 883 Suscipe
1675 814 1934 868 thronum
1954 812 2170 897 glorio-

589 927 735 974 sum,
769 909 1091 964 vehiculum
1132 908 1332 977 regale,
1381 907 1437 960 in
1464 922 1573 974 quo
1636 905 1876 960 Verbum
1925 903 2172 958 insidens

588 1003 660 1056 ad
695 1018 796 1057 nos
835 1017 1000 1056 carne
1029 1000 1281 1053 indutum
1307 997 1551 1052 advenit.
1595 996 1974 1065 Complectere
1999 995 2173 1048 lectu-

590 1099 705 1151 lum
741 1094 1072 1157 Salomonis,
1105 1094 1159 1148 iu
1190 1095 1349 1164 cujus
1377 1092 1595 1146 circuiti
1626 1091 1669 1121 “
1698 1090 1977 1160 sexaginta
2003 1088 2173 1142 fortes

588 1197 760 1260 agunt
787 1187 1070 1242 excubias.
1127 1185 1280 1239 lianc
1326 1183 1645 1254 prophetica
1700 1183 1788 1236 illa
1840 1182 2058 1251 forceps
2104 1181 2170 1245 ³⁸,

597 1294 695 1347 per
741 1276 1030 1345 Seraphim
1075 1283 1312 1338 servata,
1370 1283 1428 1327 et
1456 1289 1553 1342 per
1609 1271 1874 1341 Spiritum
1923 1280 2171 1325 sanctum

597 1366 890 1435 prazdicata
919 1364 1262 1433 elligurabat,
1287 1378 1408 1432 quae
1456 1361 1754 1417 carbonem
1809 1361 1991 1415 ferens
2033 1360 2176 1414 labia

599 1453 889 1523 purgabat.
920 1453 1070 1506 llanc
1092 1451 1547 1521 praemonstrabat
1569 1450 1711 1504 liber
1735 1449 1822 1503 ille
1843 1450 2090 1518 signatus
2108 1449 2171 1514 ³⁸,

597 1561 760 1613 quem
799 1559 961 1598 nemo
1011 1544 1318 1598 litterarum
1354 1544 1566 1612 peritus
1610 1543 1792 1612 legere
1843 1542 2040 1612 potuit,
2069 1543 2175 1597 nisi

603 1635 697 1706 qui
726 1635 1110 1705 obsignaverat
1141 1643 1306 1704 atque
1326 1634 1589 1688 iuell‘abili
1623 1635 1834 1688 ratione
1859 1635 2175 1690 custodivit.

671 1725 787 1780 ΧΗ.
804 1727 1006 1780 Verum
1025 1725 1372 1796 adlpropositi
1393 1725 2166 1795 argumentiﬁconsequentiam

603 1835 670 1873 ex
705 1818 900 1872 ordine
929 1828 1289 1873 revertamur.
1323 1818 1622 1886 Postquam
1663 1829 1887 1888 peracta
1941 1819 2028 1873 via
2059 1834 2180 1889 quae

605 1911 674 1964 ad
713 1911 977 1979 templum
1010 1911 1281 1973 ascendit,
1311 1911 1428 1980 ipsa
1452 1925 1576 1966 eum
1598 1910 1912 1980 virginibus
1941 1925 2060 1964 eam
2084 1926 2178 1965 co-

603 2001 930 2056 mitantibus
963 2000 1029 2054 ad
1065 2001 1213 2055 illius
1270 2011 1459 2070 portas
1479 2001 1965 2071 appropinquavit.
2015 2003 2184 2057 vehe-

2267 444 2619 506 ὲκκυλισθεὶς
2647 444 2816 508 λίθος,
2847 445 2947 514 τὴν
2981 446 3166 499 είκόνα
3197 445 3289 498 τοῦ
3330 447 3528 517 ἐχθροῦ
3559 450 3851 521 συνέτριψε

2268 539 2364 591 καὶ
2415 541 2497 601 είς
2545 538 2669 592 νοῦν
2718 539 3096 608 ἀπελίκμησε·
3139 540 3289 605 δέξαι
3336 541 3436 610 τὴν
3487 544 3849 615 κατάκαρπον

2270 629 2477 693 ἐλαίαν,
2525 625 2686 702 δι’ἦς
2721 631 2784 683 τὸ
2836 631 3086 704 ίλαρῦνον
3141 633 3436 686 ἀνὲὁλυσεν
3501 633 3702 700 ἔλαιον,
3755 638 3848 692 καὶ

2269 720 2369 788 τὴν
2393 720 2572 772 κτίσιν
2613 720 2836 774 ὲλίπανε
2866 737 2880 753 ·
2913 721 3002 775 τὸν
3039 722 3231 793 θρόνον
3264 724 3358 775 τὸν
3387 723 3615 791 ἔνδοξον,
3658 727 3720 778 τί,
3752 725 3850 797 βα-

2272 813 2478 866 σιλικὸν
2500 813 2706 884 ὄχημα,
2733 817 2790 866 ὲν
2815 809 2858 882 ᾧ
2882 817 2910 866 ὁ
2937 816 3111 884 Λόγος
3140 818 3457 887 ὀχούμενος,
3486 820 3626 890 μετὰ
3653 821 3855 884 σαρκὸς

2273 904 2629 975 ἐπεδήμησε’
2684 906 2946 975 περίλαϐε
2994 909 3092 974 τὴν
3133 908 3534 978 Σολομώντε-ιον
3583 905 3854 982 κλίνην.ᾗ

2272 996 2460 1067 κύκλῳ
2483 997 2879 1069 δορυφοροῦσιν
2917 1000 2966 1050 οί
2996 997 3267 1069 ἐξήκοντα
3297 999 3547 1054 δυνατοί·
3583 1004 3791 1072 ταύτην
3819 1006 3849 1072 ή

2272 1088 2588 1156 προφητικὴ
2618 1088 2773 1148 λαῆὶς
2797 1085 3194 1158 ὲξεικόνισεν,ὴ
3217 1089 3310 1142 τὸν
3336 1090 3586 1161 ἄνθρακα
3611 1092 3853 1160 φέρουσα

2274 1178 2368 1231 καὶ
2392 1178 2460 1230 τὰ
2488 1178 2640 1249 χείλη
2670 1178 3031 1249 καθαίρουσα,
3053 1181 3086 1249 ἡ
3114 1182 3430 1250 σεραφικῶς
3453 1183 3856 1253 ιρυλαττοιιένν·⁹

2276 1273 2370 1323 καὶ
2410 1270 2500 1324 διὰ
2547 1269 2870 1340 Πνεύματος
2922 1272 3078 1339 ἁγίου
3135 1275 3560 1343 κηρυττομένη·
3588 1275 3794 1343 ταύτην
3823 1280 3858 1348 ἡ

2276 1361 2690 1432 ἑσφραγισμένη
2749 1361 2932 1431 βίϐλος
2975 1363 3271 1434 ἐμήνυσεν,
3318 1365 3386 1434 ἢν
3427 1365 3603 1427 οὐδεὶς
3643 1365 3850 1432 ἀνέγνον

2277 1452 2624 1520 γραμμάτων
2650 1451 2842 1521 ὲπιστή
2853 1469 2993 1521 μων,
3041 1453 3182 1526 πλὴν
3205 1454 3302 1508 τοῦ
3330 1454 3734 1522 σφραγίσαντος
3759 1454 3855 1507 καὶ

2279 1539 2420 1611 ὑπὲρ
2448 1539 2609 1609 λόγον
2631 1541 2991 1613 τηρήσαντος.

2351 1727 2450 1782 ΙΒ’.
2515 1725 2654 1779 Ἀλλ’
2725 1725 2819 1778 ἐπὶ
2859 1725 2958 1796 τὴν
3009 1725 3331 1779 ἀκολουθίαν
3393 1725 3492 1793 τῆς
3550 1725 3859 1788 ὑποθέσεως

2279 1818 2686 1890 ιωνὲλθωμεν.
2727 1818 2965 1886 Ἐπειδὴ,
2999 1818 3098 1888 τῆς
3127 1818 3262 1886 πρὸς
3285 1816 3377 1869 τὸν
3420 1820 3546 1869 ναὸν
3570 1817 3861 1886 διηνυσμέ-

2282 1926 2380 1979 νης
2410 1910 2749 1973 ἀναϐάσεως,
2789 1909 2928 1976 αὑτὴ
2961 1909 3061 1976 μὲν
3091 1910 3187 1962 σὺν
3214 1910 3339 1970 ταῖς
3386 1908 3686 1974 ἑπομέναις
3715 1925 3860 1974 παρ-

2286 2003 2483 2067 θένοις,
2504 2006 2624 2066 ταῖς
2666 2003 2830 2056 αὐτοῦ
2871 2003 3223 2072 προσεγγίζει
3275 2001 3494 2065 πύλαις,
3550 2000 3758 2072 θάμϐος
3803 2001 3860 2053 δὲ

608 2108 766 2147 tuens
811 2091 1112 2146 admiratio
1149 2107 1214 2146 ac
1235 2099 1427 2160 stupor
1455 2106 1562 2145 non
1589 2090 1926 2161 injucundus
1952 2107 2068 2158 eos,
2089 2091 2178 2161 qui

2285 2097 2558 2166 λαμϐάνει
2583 2095 2679 2149 καὶ
2708 2094 3052 2164 κατάπληξις
3076 2096 3177 2147 οὐκ
3212 2094 3456 2163 ἀτερπὴς
3509 2095 3633 2155 τοὺς
3693 2092 3858 2153 ἔνδον,

605 2185 760 2238 intus
794 2194 974 2248 erant,
1019 2183 1211 2245 subiit.
1245 2184 1483 2252 primum
1511 2182 1739 2252 quidem
1800 2183 1872 2238 ob
1937 2183 2178 2237 auditum

2289 2192 2425 2260 ἀκοῇ
2463 2189 2562 2258 μὲν
2593 2189 2881 2259 πρότερον,
2916 2187 3105 2240 ἔπειτα
3131 2188 3188 2240 δὲ
3217 2186 3312 2240 καὶ
3336 2186 3540 2256 θεωρίᾳ
3588 2185 3686 2255 τὴν
3727 2185 3864 2236 ἀσυ-

607 2275 811 2330 insueti
829 2275 995 2346 hujus
1015 2275 1309 2331 comitatus
1321 2276 1642 2338 clamorem,
1659 2274 1858 2330 deinde
1872 2291 2007 2331 vero
2021 2275 2178 2330 etiam

2289 2282 2428 2351 νήθη
2455 2279 2886 2342 διασκοποῦντας
2912 2277 3160 2348 πρόοδον.
3189 2277 3392 2348 Χορεία
3422 2279 3530 2347 γὰρ
3564 2275 3864 2345 παρθενικὴ

604 2377 833 2438 propter
867 2368 1117 2434 ejusdem
1142 2377 1448 2438 aspectum.
1488 2367 1775 2438 Virginum
1804 2368 1952 2422 enim
1985 2368 2178 2422 chorus

2292 2375 2534 2443 προῆγεν
2559 2373 2805 2438 εὐτακτῳ
2839 2373 2905 2438 τῇ
2946 2370 3183 2440 ἁρμονίᾳ
3214 2369 3557 2438 συνημμένη,
3588 2369 3683 2419 καὶ
3713 2369 3776 2434 τῇ
3804 2383 3864 2417 τε

605 2458 1236 2528 prmeedebateoncinno
1259 2460 1454 2514 ordine
1477 2459 1801 2529 dispositus,
1824 2469 1881 2515 et
1911 2470 2026 2514 tum
2051 2459 2178 2514 ordi‘

2294 2464 2434 2518 κατά
2479 2463 2683 2532 κόσμον
2744 2463 3066 2532 μεταῦάσει,
3133 2461 3228 2514 καὶ
3259 2459 3336 2528 τῷ
3363 2461 3470 2530 ξτῆς
3511 2458 3658 2527 ὧρας
3699 2459 3864 2508 ἐπαν-

607 2559 734 2606 nato
757 2551 996 2613 incessu,
1026 2559 1140 2606 tum
1195 2550 1390 2605 ﬂorida
1433 2552 1740 2606 venustatis
1775 2551 2178 2622 pulchritudine

2297 2555 2475 2609 θοῦντι
2502 2555 2706 2618 κάλλει,
2737 2556 2836 2625 ἡδὺ
2873 2555 2931 2607 τὸ
2961 2553 3137 2622 θέαμα
3170 2553 3433 2622 παρίστη.
3487 2546 3761 2619 Παρθένος
3807 2549 3862 2600 δὲ

605 2641 992 2697 suavissimum
1006 2643 1379 2710 spectaculum
1393 2643 1710 2698 exhibebat.
1732 2645 1894 2714 Virgo
1907 2652 2091 2698 autem
2106 2657 2178 2700 ve

2296 2648 2483 2718 κύκλῳ
2532 2647 2973 2719 δορυφορουμένη
3003 2643 3511 2714 λαμπαδουχούσαις
3533 2643 3738 2703 αὑταῖς.
3775 2639 3863 2704 ξέ-

611 2733 971 2788 lutsatellitio
1002 2732 1241 2802 quodam
1265 2733 1373 2788 illis
1405 2734 1818 2804 circumstipata
1836 2733 2055 2804 puellis,
2073 2750 2178 2806 qua

2300 2755 2398 2809 νην
2436 2741 2534 2809 μὲν
2564 2739 2640 2802 ὡς
2690 2740 2818 2808 περὶ
2852 2724 2948 2807 τὴν
2999 2735 3167 2807 ὥραν,
3208 2734 3352 2788 οὕτω
3399 2736 3493 2787 καὶ
3549 2733 3649 2804 τὴν
3711 2731 3866 2794 ἐκτὸς

609 2823 756 2878 taces
789 2824 1096 2893 gestabant,
1124 2824 1480 2884 miramsane
1508 2827 1972 2896 quemadmodum
2011 2829 2178 2898 specie

2301 2827 2414 2902 εἷχε
2449 2830 2820 2901 καταστολήνο
2848 2831 2909 2882 τδ
2931 2827 3167 2899 ἀνθηρὸν
3204 2828 3314 2898 γὰρ
3363 2825 3608 2888 ἐκείνων,
3642 2822 3722 2893 τῷ
3773 2821 3865 2874 τοῦ

608 2913 688 2968 sic
717 2921 830 2968 toto
847 2922 1074 2968 externo
1104 2914 1297 2969 habitu
1331 2915 1585 2972 decorem
1609 2917 2178 2986 prasel‘erebatﬂlorl-

2303 2923 2475 2986 εἴδους
2499 2920 2840 2993 φαιδροτάτῳ
2865 2920 3204 2990 συνέκρυπτε
3235 2935 3251 2950 ο
3287 2917 3538 2986 καθάπερ
3587 2915 3743 2982 ἡλίου
3769 2914 3867 2982 τὴν

609 3004 732 3057 dam
749 3004 894 3057 enim
911 3004 1130 3058 illarum
1149 3013 1498 3060 venustatem
1515 3005 1822 3061 clarissimo
1838 3007 2173 3076 pulebritudi

2301 3002 2412 3068 τῶν
2442 3017 2657 3084 ἄστρων
2689 3012 3087 3082 ὑπερνικῶντος
3110 3010 3304 3080 αὐγὴν,
3353 3009 3432 3078 τῷ
3474 3007 3642 3073 ἱλαρῷ
3696 3004 3754 3057 δὲ
3809 3003 3868 3056 τὸ

613 3093 698 3148 nis
722 3110 836 3149 sua:
851 3095 1145 3164 splendore
1164 3095 1514 3161 obscurabat,
1533 3111 1644 3150 non
1662 3111 1822 3152 secus
1838 3112 1900 3151 ac
1911 3099 2178 3153 stellarum

2292 3107 2515 3161 σύννουν
2541 3107 2677 3177 αὐτῇ
2708 3105 3107 3177 κεκρυμμένον,
3141 3103 3203 3156 τὸ
3233 3105 3333 3172 τῆς
3378 3100 3554 3169 ψυχῆς
3605 3097 3868 3164 ὑπέφαινε

615 3181 794 3238 iucem
826 3184 908 3238 sol
941 3184 1114 3240 vincit
1144 3192 1202 3239 et
1229 3183 1537 3238 abscondit.
1562 3184 1760 3240 Vultus
1786 3194 1971 3242 autem
1997 3188 2192 3244 hilari-

614 3283 725 3330 tate
753 3282 1096 3329 constantem
1152 3273 1350 3329 animae
1381 3275 1814 3344 magnitudinem
1843 3278 1992 3333 intus
2015 3278 2192 3334 laten-

614 3373 722 3415 tem
754 3361 1204 3429 demonstrabat;
1263 3371 1490 3433 propter
1518 3379 1680 3434 quam
1710 3381 1820 3421 non
1866 3367 1976 3422 illis
2004 3369 2187 3435 modo,

2289 3197 2630 3266 μεγαλοφυές
2669 3213 2685 3227 ’
2717 3197 2784 3249 δι’
2828 3191 2890 3250 οὗ
2929 3198 3023 3249 καὶ⁵
3059 3196 3335 3270 τεκμήρια
3391 3190 3705 3258 καινότερα,
3763 3185 3863 3238 ούκ

2288 3283 2466 3337 αὐτῶν
2514 3283 2696 3354 μόνον,
2753 3283 2889 3336 ἀλλὰ
2923 3284 3016 3336 καὶ
3064 3282 3164 3351 τῆς
3209 3281 3336 3350 ὅλης
3367 3281 3433 3350 τῇ
3479 3276 3868 3348 θαυμαζομένη

2287 3378 2794 3445 προσεμαρτυρεῖτο
2824 3375 3060 3442 φύσεως.

613 3451 711 3508 sed
742 3463 801 3508 et
853 3454 1128 3510 universae
1155 3462 1367 3510 natura:
1400 3456 1749 3512 admirationi
1809 3466 1951 3523 erat,
2008 3471 2175 3531 atque
2215 3463 2388 3536 signis
2422 3469 2587 3524 etiam
2623 3469 2796 3538 magis
2837 3467 3070 3524 insuetis
3104 3467 3475 3522 testimonium
3539 3464 3590 3520 ei
3659 3465 3870 3535 pradic-

617 3548 800 3605 batur.

686 3637 831 3692 Xlll.
860 3637 952 3692 Sic
973 3638 1142 3709 igitur
1171 3639 1304 3703 illis,
1340 3639 1436 3710 qui
1472 3640 1528 3694 in
1558 3641 1761 3710 templo
1800 3651 1986 3707 erant,
2007 3644 2074 3698 ad
2098 3661 2195 3699 vc-

617 3725 881 3779 stibulum
905 3728 1025 3796 ejus
1057 3730 1493 3791 accirrrentibus.
1531 3739 1588 3784 ct
1619 3744 1820 3782 novum
1850 3731 2002 3786 chori
2053 3733 2198 3790 illius

620 3817 998 3885 spectaculum
1041 3819 1454 3881 contuentihus,
1485 3835 1736 3874 summus
1765 3820 1882 3889 ipse
1912 3825 2191 3889 sacerdos,

621 3907 930 3968 Zacharias.
959 3909 1051 3978 qui
1081 3908 1217 3962 alios
1245 3910 1613 3979 praacedcbat,
1665 3927 1787 3980 qua:
1846 3911 1960 3981 ipsa
2026 3923 2193 3981 esset,

623 4009 682 4054 et
703 4015 952 4070 quamam
982 4001 1251 4056 adventus
1282 4017 1444 4056 causa
1494 4001 1656 4068 foret,
1689 4004 2023 4059 sciscitatur.
2078 3986 2193 4060 hia-

2371 3649 2470 3703 ll".
2503 3647 2660 3701 Οὕτω
2685 3647 2816 3716 γοῦν
2844 3645 2980 3718 πρὸς
3006 3648 3127 3709 ταῖς
3162 3645 3387 3707 εἰσόδοις
3428 3643 3537 3696 τῶν
3567 3642 3713 3705 ἐντὸς
3770 3644 3864 3694 έκ-

2299 3733 2613 3806 κεχυμένων
2639 3735 2734 3789 τού
2763 3735 2912 3800 ναοῦ,
2937 3737 3073 3804 πρός
3095 3749 3152 3787 τε
3178 3736 3275 3804 τὴν
3305 3733 3605 3801 καινοφανῆ
3651 3732 3870 3802 χορείαν

2299 3827 2735 3890 ένατινιςόντων,
2767 3825 2864 3879 τοῦ
2893 3825 3083 3890 ἱερέως
3107 3823 3520 3895 προηγουμένου
3570 3821 3864 3892 Ζαχαρίου,

2297 3917 2379 3979 τίς
2411 3916 2476 3970 ἂν
2500 3917 2585 3987 εἴη
2607 3916 2767 3988 αὕτη,
2808 3918 2902 3969 καὶ
2933 3915 3032 3988 τὴν
3055 3917 3232 3970 αἰτίαν
3261 3916 3361 3984 τῆς
3390 3914 3649 3983 ἀφίξεως,
3707 3913 3869 3974 αὐτὸς

2297 4008 2680 4062 διεπυνθάνετο
2708 4023 2723 4039 ·
2764 4009 2864 4079 τὴν
2891 4009 2950 4060 δὲ
2979 4009 3188 4078 μητέρα
3211 4007 3400 4078 χερσὶν
3432 4007 3512 4058 ἔτι
3533 4005 3869 4074 κατέχουσαν

626 4101 762 4145 trem
789 4107 941 4155 vero,
976 4108 1097 4162 quze
1131 4093 1387 4148 manibus
1434 4093 1616 4150 adhuc
1653 4093 1818 4148 ﬁliam
1876 4095 2115 4162 tenebat,
2142 4113 2178 4152 et

2301 4101 2400 4171 τὴν
2423 4099 2696 4168 Παρθένον
2719 4101 2892 4152 εἰπεῖν
2925 4099 3361 4168 ἁποκρινομένην
3405 4095 3673 4165 δήπουθεν
3730 4093 3872 4161 πρὸς

624 4184 972 4251 respondisse
1027 4185 1234 4254 (narrat
1281 4185 1558 4258 historia)
1609 4196 1773 4256 alque
1834 4188 1906 4241 ita
1958 4188 2178 4242 locutan‘

2304 4191 2464 4243 αὐτόν
2498 4204 2513 4219 ·
2576 4189 2662 4253 Ὠς
2718 4190 2981 4259 μηδαμῶς
3032 4207 3091 4242 σε
3139 4185 3421 4241 λανθάνειν
3475 4187 3624 4256 ίερέα
3663 4201 3722 4236 τε
3773 4184 3870 4235 τοῦ

623 4287 749 4326 esse
783 4289 796 4325 :
823 4273 960 4327 Cum
986 4275 1123 4329 nihil
1157 4277 1328 4332 latere
1362 4287 1412 4331 te
1436 4278 1627 4347 possit,
1658 4281 1861 4348 quippe
1884 4280 1977 4348 qui
2009 4295 2178 4334 sacer-

2299 4281 2533 4350 μεγάλου
2554 4279 2690 4333 Θεοῦ
2715 4280 3068 4350 τυγχάνοντα,
3094 4280 3187 4331 καὶ
3216 4279 3283 4331 τὰ
3311 4278 3499 4329 δέοντα
3532 4276 3630 4344 μὲν
3652 4273 3871 4326 ἅπαντα

624 4360 727 4415 dos
769 4362 845 4416 sis
887 4366 1068 4434 magni
1100 4366 1219 4431 Dei,
1266 4377 1324 4421 et
1355 4367 1425 4421 ab
1456 4368 1574 4437 ipso
1628 4372 1833 4433 omnia,
1878 4384 2000 4438 qua:
2052 4370 2178 4424 sciti

2292 4375 2422 4442 παρ’
2444 4371 2607 4425 αὑτοῦ
2649 4371 2953 4441 μυούμενον
2978 4385 2992 4401 ’
3056 4371 3153 4440 οὐχ
3186 4369 3386 4438 ἥκιστα
3434 4367 3490 4421 δὲ
3516 4367 3608 4420 καὶ
3639 4367 3710 4418 τὰ
3741 4364 3872 4434 περὶ

624 4454 938 4508 necessaria
965 4456 1095 4522 sint,
1123 4456 1390 4512 divinitus
1409 4459 1660 4513 docearis
1688 4477 1703 4512 :
1732 4461 1841 4529 jam
1871 4477 2000 4514 vero
2025 4461 2178 4514 multt

2293 4462 2393 4532 τῆς
2417 4459 2698 4534 παρούσης
2726 4463 2942 4525 παιδὸς.
2971 4461 3093 4532 ἥτις
3122 4461 3289 4514 αὑτοῦ
3323 4457 3635 4529 προμηθείᾳ
3679 4455 3866 4525 κρείτ-

628 4546 813 4600 minus
840 4548 1267 4603 existimandum
1315 4559 1420 4611 cst,
1449 4550 1905 4620 tibiincomperta
1959 4565 2025 4605 ea
2073 4567 2178 4606 σεε(

2292 4569 2404 4604 τονι
2437 4553 2596 4622 δεῦρο
2629 4553 2893 4622 γενομένη
2923 4553 3236 4622 παρέστηκε
3271 4567 3286 4580 ·
3317 4551 3409 4602 καὶ
3434 4549 3539 4618 χρὴ
3570 4547 3670 4615 μὲν
3698 4546 3870 4613 ἀττορ-

613 4651 748 4705 'qu-.e
782 4638 849 4691 ad
884 4637 1027 4692 hanc
1069 4641 1306 4709 puellam
1339 4639 1647 4710 pertinent,
1701 4655 1824 4710 quae
1852 4657 1976 4696 cum
2005 4643 2178 4713 singu-

2297 4643 2476 4712 ῥήτως
2515 4658 2574 4694 σε
2603 4643 3098 4712 μυσταγωγηθέντα
3133 4642 3326 4702 ταῦτα,
3364 4640 3436 4710 μὴ
3491 4639 3672 4703 λόγοις
3731 4637 3869 4687 ἀνα-

625 4726 897 4783 larissima
938 4729 1087 4784 illius
1141 4731 1484 4800 providentia
1519 4733 1628 4787 huc
1688 4733 1993 4794 advenerit.
2047 4750 2178 4789 nunt

2297 4731 2663 4794 διδάσκεσθαι,
2697 4731 2980 4803 πράγματι
3027 4730 3177 4798 αὐτῷ
3199 4731 3266 4800 τῇ
3293 4728 3520 4798 ἀληθείᾳ
3559 4721 3867 4792 πεπεισμέ-

624 4832 810 4871 coram
837 4827 888 4873 te
920 4821 1117 4875 adstat.
1151 4821 1399 4893 Cumque
1435 4823 1700 4878 incﬂabili
1728 4825 1891 4877 modo
1923 4825 2178 4894 particepi

2299 4840 2390 4875 vov
2421 4840 2436 4854 ο
2478 4823 2625 4893 ὅμως
2654 4821 3101 4894 παρορμηθέντες
3127 4822 3274 4881 ὅπως
3300 4819 3368 4872 ἂν
3413 4818 3526 4890 ἔχοι
3553 4816 3867 4887 προσειπεῖν

627 4907 854 4978 hujusce
883 4913 1128 4982 mysterii
1172 4915 1405 4970 eﬂ‘ectus
1460 4915 1651 4978 fueris,
1719 4914 1865 4968 haud
1899 4930 2036 4984 opus
2090 4927 2194 4976 est,
2301 4915 2560 4984 διέξιμεν.

627 5014 683 5056 te
728 5004 1019 5072 perspicua
1066 5005 1144 5059 rei
1203 5005 1376 5075 ipsius
1435 5005 1663 5061 veritate
1703 5007 1814 5076 jam
1875 5019 2194 5076 persuasum
2236 5007 2419 5061 verbis
2471 5004 2710 5060 edoceri.
2769 5005 3138 5062 Nihilominus
3182 5000 3621 5074 Quandoquidem
3689 4999 3764 5053 ita
3833 5009 3863 5048 a

626 5101 788 5154 nobis
850 5100 1113 5170 exigitur,
1163 5101 1623 5170 quemadmodum
1679 5102 1794 5154 hazc
1844 5117 1900 5155 se
1933 5101 2189 5166 habeanl,
2231 5116 2483 5156 sermone
2506 5103 2854 5172 exponimus.

697 5196 948 5260 Nobis,o
993 5199 1254 5254 sacerdos
1281 5200 1483 5260 divine,
1523 5198 1732 5251 nullum
1789 5199 1976 5252 aderat
2031 5197 2178 5268 proli:

2382 5199 2561 5269 Ἡμῖν,
2593 5195 2637 5253 ὦ
2666 5202 2918 5253 θεσπέσιε
2944 5197 3246 5269 λειτουργὲ,
3274 5195 3346 5248 τὰ
3379 5195 3479 5263 τῆς
3525 5190 3850 5246 παιδοποιία.
3891 5261 3894 5263 γ

627 5289 904 5344 solatium.
937 5290 1259 5359 impotentia
1287 5291 1501 5345 scilicet
1530 5302 1737 5344 naturae
1769 5290 1997 5344 inﬁrma:
2031 5299 2178 5358 atquc

2300 5289 2459 5349 καλὰ,
2487 5289 2758 5360 ἀδυναμίᾳ
2780 5291 2877 5358 τῆς
2901 5288 3231 5352 ἀσθενούσης
3263 5285 3510 5354 ἐπείχετο
3537 5282 3771 5349 φύσεως,
3790 5283 3839 5330 εἰ

626 5385 942 5440 omnimoda
971 5385 1202 5454 segnitie
1259 5386 1469 5441 affecta:
1499 5384 1552 5438 id
1610 5383 1938 5454 prohibente
1963 5422 1982 5447 ,
2032 5392 2178 5451 atque

2298 5381 2537 5450 παντελῆ
2561 5381 2763 5449 ταύτης
2785 5379 3237 5448 ἀποκλεισθείσης
3264 5377 3376 5449 (50)
3409 5375 3627 5445 ἀργίαν.
3661 5369 3755 5423 Διδ
3773 5369 3840 5439 τῆ

715 5499 760 5532 ³³
783 5501 917 5553 Dan.
947 5516 1003 5565 ιι,
1027 5499 1117 5555 ὗι.
1194 5500 1396 5556 "Psal.
1439 5515 1662 5560 cxxxiii,
1682 5497 1766 5549 15.
1841 5497 1886 5529 ³³
1907 5496 2042 5552 Psal.
2065 5511 2172 5550 xm

2280 5536 2284 5546 .
2361 5493 2401 5526 ³¹¹
2423 5493 2582 5550 Cuut.
2610 5508 2692 5557 ιιι,
2717 5494 2770 5547 7.
2843 5493 3004 5548 "lsa.
3050 5509 3124 5555 νι,
3154 5492 3205 5546 6.
3284 5492 3328 5524 ⁸⁸
3352 5491 3450 5545 lsa.
3479 5485 3723 5550 xx1x,ll.

712 5636 822 5706 (30)
854 5635 1218 5692 Conthcﬁsius
1247 5636 1376 5707 (loc.
1411 5636 1528 5704 cit.)
1563 5652 1661 5705 pro
1691 5631 2108 5687 ἁποκλεισλείσςκ
2135 5627 2178 5680 lc

2298 5625 2676 5689 ἀποκλιθεῖσα,
2707 5641 2770 5679 ac
2806 5626 2970 5680 vertit
3002 5625 3283 5678 rrrliuata.
