4130 6202
310 257 414 323 (l3

1069 251 1356 315 ORATIO
1395 251 1476 313 IN
1517 247 2230 311 PRIESENTATIONEM
2279 248 2389 313 SS.
2425 247 2802 310 DElPAR/E.

3464 247 3573 310 οη

312 378 407 432 τοῦ
431 375 628 446 γένους
649 372 924 444 διαδοχῆς,
961 369 1278 424 ἀνέλπιστοι
1321 369 1418 439 μὲν
1465 368 1524 421 at
1576 367 1897 437 προσδοκίαι

2004 364 2140 419 adeo
2171 363 2392 434 generis
2421 364 2597 418 nostri
2625 355 2995 418 successionis
3031 376 3158 433 spes
3203 361 3384 417 omnis
3426 363 3580 433 peni‘

309 469 600 532 διετέλουν,
636 464 937 535 ὀνειδισμοὶ
967 463 1024 516 δὲ
1061 462 1216 531 παρά
1249 462 1359 514 τῶν
1387 458 1764 530 συμφυλετῶν,
1803 459 1892 511 διὰ

305 564 406 634 τήν
434 561 536 630 τῆς
570 555 926 624 τεκνογονίας
965 553 1322 624 ἐπετρίϐοντο
1356 550 1635 621 στέρησιν,
1677 547 1753 612 ὡς
1791 548 1893 600 αὑ-

304 654 417 707 τῶν
438 650 638 722 δηλαδὴ
668 647 778 702 τῶν
810 646 908 699 τοῦ
933 643 1072 698 Θεοῦ
1102 641 1484 714 στερουμένων
1512 638 1752 711 δωρεῶν,
1799 635 1894 701 οὓς

308 743 453 802 εἰκὸς
486 739 964 810 ἐπικωμάζοντας,
1000 733 1126 788 οὐδὲ
1167 733 1362 788 ταύτὸν
1390 731 1624 800 ἀγνοεῖν.
1681 729 1895 798 Ὠσπερ

309 833 416 905 γὰρ
440 831 568 903 ἰδίᾳ,
603 828 751 882 οὕτω
778 826 874 881 καὶ
899 823 1353 898 καρποφοροῦσιν
1397 822 1532 891 ἡμῖν
1580 818 1676 874 κα)⁵
1720 818 1896 872 θύου-

311 941 417 986 σιν,
449 924 506 976 ὲν
525 920 604 991 τῷ
632 919 746 988 ναῷ
787 915 1136 986 κατεχέοντο.
1177 914 1321 967 Πᾶσι
1369 910 1501 980 γοῦν
1551 909 1766 981 χαίρειν
1816 909 1896 962 εί.

310 1016 502 1078 πόντες
562 1015 678 1077 τοῖς
725 1009 988 1081 παροῦσι,
1033 1010 1102 1078 τῇ
1163 1005 1288 1076 θείᾳ
1326 1003 1621 1065 δεδωκότες
1669 1001 1898 1066 ἑαυτοὺς

311 1107 696 1180 ἐπερῤίψαμεν
725 1101 1060 1175 προμηθείᾳ,
1097 1101 1227 1170 παρ’
1252 1098 1422 1167 αὐτῆς
1454 1098 1638 1166 τυχεῖν
1671 1097 1770 1158 τὰς
1797 1094 1897 1162 τῆς

311 1201 530 1270 φύσεως
553 1196 764 1269 δωρεὰς
795 1192 1196 1262 ἐξαιτούμενοι,
1249 1189 1347 1243 καὶ
1401 1188 1499 1257 τῆς
1542 1187 1653 1239 τῶν
1709 1185 1900 1238 ὀνειδι-

317 1293 476 1363 σμῶν
504 1288 886 1357 ἀπαλλαγῆναι
909 1283 1223 1354 δυσφημίας
1244 1299 1259 1316 ·
1308 1279 1560 1334 ἐντεῦθεν
1579 1280 1760 1332 τοίνυν
1789 1277 1898 1331 τῶν

315 1382 600 1450 παρόντων
625 1381 758 1449 ἡμῖν
783 1374 1035 1446 τερπνῶν
1054 1375 1150 1426 κα)⁸
1183 1370 1291 1425 τῶν
1339 1369 1560 1441 ἐξουσίᾳ
1606 1369 1896 1439 κειμένων,

315 1471 722 1544 ὑπερώφθησαν
759 1470 817 1523 αἱ
852 1463 1188 1527 ἀπολαύσεις
1223 1478 1238 1493 ο
1281 1461 1512 1524 πλοῦτος
1564 1459 1897 1532 παρωράθη,

314 1569 446 1634 δόξα
495 1563 899 1634 κατεφρονήθη,
951 1559 1286 1631 περιφάνεια
1341 1556 1680 1627 κατεκρὺὁη,
1729 1554 1900 1624 φίλων

314 1658 560 1728 ἑταιρεία
633 1656 934 1726 ὴθέτηται,
991 1650 1224 1705 οἰκετῶν
1274 1648 1505 1720 ἁπώσθη
1576 1647 1897 1719 δορυφορία,

317 1749 629 1822 εὐφρόσυνα
676 1744 1131 1817 μετημείφθησαν
1179 1741 1418 1803 ἅπαντα,
1448 1738 1626 1792 ἔνδεια
1670 1736 1780 1790 τῶν
1841 1738 1900 1790 ὲν

315 1842 568 1913 ἀφθονίᾳ,
600 1838 808 1912 ὶρημία
826 1838 936 1890 τῶν
989 1834 1329 1904 ἀναγκαίων,
1373 1830 1628 1902 διατριϐὴ
1683 1829 1897 1900 ἀφιλος,

318 1933 542 2003 νηστεία
621 1932 722 1996 τὴν
783 1927 1136 1999 ἀνθρωπίνην
1201 1922 1657 1980 καταπαλαίουσα
1714 1920 1896 1990 φύσιν,

2001 467 2090 514 tus
2119 457 2416 512 defecerat.
2453 456 2687 524 Propter
2742 456 2886 509 hanc
2915 470 3050 510 vero
3105 455 3342 510 filiorum
3376 455 3583 510 orbita.

2001 557 2112 605 tem
2150 565 2182 604 a
2203 548 2610 604 contribulibus
2641 547 2940 617 opprobria
2968 547 3134 602 nobis
3161 547 3578 618 ingerebantur,

2001 650 2268 712 tanquam
2297 641 2511 696 scilicet
2539 639 2639 709 ipsi
2672 640 2768 694 Dei
2797 640 2956 694 donis
2983 655 3211 710 prorsus
3242 655 3581 703 careremus,

2001 743 2129 785 cum
2162 739 2346 790 tamen
2373 741 2464 784 res
2487 742 2596 783 non
2621 728 2812 793 ferret,
2838 738 2898 783 ut
2919 730 3012 799 qui
3034 730 3195 784 nobis
3222 730 3580 791 insultabant,

2001 835 2066 876 ea
2100 821 2440 893 ignorarent.
2471 819 2721 890 Namque
2779 821 2926 876 sicut
2977 820 3263 890 privatim,
3319 822 3392 876 ita
3455 837 3580 876 cum

2003 913 2059 968 in
2087 911 2294 980 templo
2323 909 2540 966 fructus
2572 911 2988 982 oblationesque
3027 911 3394 973 deferremus,
3439 913 3580 967 bona

2002 1004 2164 1060 nobis
2193 1002 2526 1058 effusissime
2559 1002 2781 1058 atlluere
2817 1003 3166 1057 manifestum
3218 1013 3357 1058 erat.
3393 1005 3582 1073 Itaque

2003 1095 2283 1156 omnibus,
2331 1109 2453 1163 quae
2495 1094 2881 1163 suppetebant,
2931 1094 3115 1148 valere
3159 1094 3350 1164 jussis,
3381 1094 3582 1148 divinae

2003 1185 2378 1255 nosmetipsos
2409 1183 2778 1241 Providentiae
2829 1185 3303 1248 commendantes,
3337 1186 3391 1239 in
3455 1200 3579 1239 eam

2004 1295 2239 1352 prorsus
2267 1293 2370 1333 nos
2386 1277 2746 1348 coniecimus,
2774 1276 3154 1346 deprecantes,
3187 1286 3247 1330 ut
3277 1291 3375 1345 per
3410 1276 3581 1344 ipsam

2003 1381 2218 1426 naturae
2241 1369 2386 1424 dona
2421 1383 2894 1439 promereremur,
2956 1377 3014 1421 et
3049 1367 3119 1420 ab
3149 1367 3581 1436 opprobriorum

2005 1463 2276 1518 dedecore
2360 1460 2750 1516 liberaremur.
2801 1458 2994 1514 Omnis
3055 1459 3240 1528 itaque
3307 1460 3582 1528 voluptas,

2004 1555 2199 1611 solatia
2229 1555 2436 1618 omnia,
2470 1569 2591 1623 quae
2616 1553 2673 1608 in
2726 1559 2916 1607 nostra
2973 1560 3247 1620 putestate
3277 1561 3333 1606 et
3367 1552 3434 1606 ad
3468 1566 3585 1604 ma-

2005 1661 2111 1701 nus
2134 1645 2296 1701 nobis
2327 1654 2509 1708 erant,
2537 1643 2740 1698 exinde
2795 1651 3110 1713 contempta
3155 1659 3167 1695 :
3203 1642 3474 1711 despectas
3503 1641 3586 1695 di-

1931 1721 1975 1783 Β
2001 1736 2173 1802 vitim,
2204 1737 2378 1792 decor
2396 1736 2708 1805 neglectus,
2731 1733 2997 1804 splendor
3023 1732 3330 1802 depositus,
3361 1745 3586 1786 consor-

2006 1828 2083 1882 tia
2112 1829 2416 1883 amicorum
2444 1827 2786 1891 intermissa,
2815 1824 3250 1879 domesticorum
3294 1823 3583 1877 servitium

2006 1920 2298 1989 reiectum,
2340 1919 2466 1972 laeta
2511 1931 2875 1986 quascumque
2918 1913 3226 1984 repudiata.
3279 1912 3581 1982 sepositum

318 2026 594 2097 ὀδυνηρῶν
618 2027 684 2078 ἐκ
704 2022 902 2094 βάθους
919 2022 1267 2090 ἀναπεμψεις
1286 2013 1633 2084 στεναγμῶν,
1647 2011 1901 2083 δακρύων

2007 2010 2156 2082 quod
2187 2010 2469 2081 opulentia
2497 2009 2682 2074 oﬁ‘ert,
2713 2008 2954 2078 quodvis
2979 2007 3352 2071 commodum,
3375 2014 3587 2060 remota

320 2096 566 2186 δαψιλεῖς
626 2113 883 2183 ἐκχύσεις
907 2152 925 2178 ,
995 2110 1212 2181 δεήσεις
1275 2108 1538 2170 ῖκτενεῖς,
1601 2103 1760 2173 εὐχαὶ
1837 2101 1904 2155 ὲκ

2007 2102 2451 2157 necessariorum
2500 2100 2868 2165 consuetudo,
2927 2099 3152 2154 fastidio
3189 2097 3375 2152 habita
3405 2096 3582 2151 collo-

320 2204 788 2277 συντετριμμένης
843 2199 1137 2272 προϊοῦσαι
1191 2197 1447 2270 καρδίας,
1509 2195 1604 2248 καὶ⁵
1663 2193 1904 2264 ῥήμασιν

2004 2194 2152 2264 quia,
2169 2192 2376 2265 jejuuia
2394 2201 2604 2248 natura!
2622 2192 2880 2247 humanae
2901 2191 3214 2246 facultatem
3235 2187 3584 2250 excedentia.

318 2302 618 2369 ἀξιολόγοις
648 2298 834 2359 ἐλέους
862 2293 1289 2364 ἀναφερόμεναι.

2004 2284 2242 2354 suspiria
2274 2299 2401 2338 cum
2436 2282 2734 2354 gemitibus
2791 2283 2860 2337 ab
2915 2282 3028 2336 imo
3083 2291 3304 2351 pectore
3357 2277 3585 2340 emissa,

320 2398 522 2452 uberes
557 2395 924 2464 lacrymarum
956 2389 1186 2456 imbres,
1221 2390 1382 2459 juges
1439 2380 1898 2455 supplicationes,
1939 2394 2137 2450 preces
2165 2394 2196 2434 e
2221 2378 2386 2433 corde
2413 2377 2658 2433 contrito
2719 2372 3101 2446 erumpentes,
3172 2383 3231 2428 et
3276 2371 3459 2426 verbis
3512 2369 3584 2423 ad

321 2490 764 2548 misericordiam
801 2485 1155 2544 ﬂectentibus
1185 2485 1394 2540 eti‘usaz.

397 2586 492 2640 IA'.
517 2582 740 2645 Τούτοις
777 2580 876 2634 οῦν
903 2581 932 2632 ό
966 2576 1282 2645 πανάγαθος
1304 2572 1674 2646 ἐπικαμφθεὶς
1703 2569 1910 2624 Δεσπό-

319 2694 443 2746 της,
459 2670 568 2741 εῐξε
590 2676 655 2744 τῇ
669 2671 1038 2744 παρακλήσει,
1057 2669 1319 2722 ἐπένευσε
1341 2669 1408 2737 τῇ
1436 2664 1645 2734 δεήσει,
1673 2660 1909 2732 ᾤκτειρε

319 2771 420 2842 τὴν
453 2767 756 2821 ἐθελούσιον
810 2763 1212 2836 ταλαιπωρίαν,
1256 2760 1531 2830 ἐπήκουσε
1561 2755 1905 2826 στεναγμῶν,

323 2862 593 2933 προσέσχε
622 2859 882 2930 δάκρυσι.
918 2857 1011 2910 Διδ
1041 2856 1138 2909 καὶ
1168 2854 1270 2924 τὴν
1298 2852 1636 2905 ἀσθενοῦσαν
1669 2849 1770 2920 μὲν
1805 2850 1906 2900 ὲπ-

320 2957 534 3030 ἕρῤωσε
561 2953 746 3024 φύσιν,
777 2948 1014 3023 χρησμῷ
1041 2949 1098 3002 δὲ
1125 2947 1190 3002 τὸ
1226 2945 1336 2999 τῶν
1369 2945 1606 3015 δεήσεων
1661 2939 1905 2996 καθυπέ-

323 3066 482 3121 σχετο
510 3047 771 3119 παρέξειν
809 3043 1083 3114 πλήρωμα
1121 3055 1136 3072 ·
1164 3039 1233 3110 ἢν
1273 3035 1496 3108 βεὸαίαν
1525 3034 1688 3104 ἡμεῖς
1727 3031 1896 3098 ἐπαγ-

321 3143 512 3213 γελίαν
538 3139 845 3209 δεξάμενοι,
873 3129 1328 3202 ἀνθυπεσχόμεθα
1373 3127 1436 3181 τὸ
1487 3121 1904 3194 παρασχεθησό-

327 3248 487 3304 μενον
510 3229 591 3300 τῷ
629 3223 1088 3296 ὲπαγγειλαμένῳ
1136 3220 1238 3291 μὲν
1279 3217 1592 3273 ἀποδιδόναι
1647 3213 1909 3304 ὁπότερον

326 3303 395 3380 ἀν
424 3322 586 3393 τύχῃ,
622 3319 699 3392 μὴ
731 3316 1128 3390 προκρίναντες
1157 3313 1221 3366 τὸ
1240 3311 1410 3382 ἄρρεν
1439 3308 1534 3363 τοῦ
1584 3305 1795 3376 θήλεος,
1852 3303 1912 3354 ἑν

321 3418 402 3488 τῷ
427 3414 800 3485 δεδοξασμένῳ
835 3410 895 3465 δὲ
943 3408 1059 3478 ναῷ
1085 3405 1342 3477 καθάπερ
1369 3421 1422 3458 τι
1451 3402 1596 3456 θεῖον
1621 3396 1913 3468 κειμήλεω

323 3507 671 3575 ἀνατίθεμεν.
695 3500 929 3574 Προνοίᾳ
951 3497 1084 3568 γοῦν
1110 3496 1205 3551 τοῦ
1230 3492 1651 3567 παρασχομένου
1683 3488 1906 3553 δίδοται,

322 3599 392 3669 ἢν
421 3597 518 3650 νῦν
543 3593 669 3664 παρ’
704 3591 865 3663 ήμῶν
894 3586 1301 3658 ἀντιδιδομένην
1325 3585 1498 3638 παῖδα
1530 3581 1768 3650 καθορᾷς
1791 3616 1808 3644 ,
1840 3578 1908 3649 ἢν

325 3684 706 3762 μεγαλοψυχία
730 3684 829 3755 μὲν
850 3681 961 3736 τῶν
991 3679 1262 3733 τεκόντων
1316 3674 1642 3762 προσφέρει,
1698 3669 1908 3740 παρθέ-

323 3759 434 3836 νων
453 3780 510 3833 δὲ
537 3776 830 3850 δορυφορεῖ
860 3769 1322 3845 λαμπαδουχοῦσα
1341 3767 1552 3839 χορεία,
1574 3759 1643 3838 ἦς
1695 3764 1789 3815 τὸν
1829 3762 1906 3814 ol-

325 3871 727 3942 κονομούμενον
760 3867 941 3935 λόγον,
964 3862 1126 3928 αὐτὸς
1157 3863 1226 3918 ἂν
1256 3861 1362 3916 ὑπὸ
1410 3859 1511 3913 τοῦ
1556 3851 1907 3924 οἰκονομοῦν-

318 3973 416 4026 ’τος
449 3960 736 4034 μυηθείης.

2080 2563 2219 2620 XIV.
2242 2563 2341 2618 His
2361 2562 2529 2634 igitur
2545 2571 2831 2632 permotus
2849 2559 3282 2631 benignissimus
3300 2558 3586 2614 Dominosv

2005 2655 2174 2713 cessit
2230 2654 2639 2725 supplicationi,
2687 2653 2885 2708 annuit
2945 2651 3334 2715 obsecrationi,
3367 2658 3587 2720 sponta-

2003 2763 2164 2803 neam
2191 2745 2544 2800 aﬂlictionem
2580 2745 2877 2800 miseratus
2897 2753 3002 2807 est,
3030 2742 3304 2797 exaudivit
3325 2741 3587 2811 gemitus,

2004 2841 2280 2913 lacrymas
2308 2855 2422 2893 non
2469 2838 2739 2908 despexit.
2769 2837 3041 2902 Quocirca
3068 2843 3127 2890 et
3155 2834 3428 2889 inﬁrmam
3461 2848 3586 2888 cors

2007 2931 2293 2988 roboravit
2315 2940 2591 2995 naturam,
2626 2937 2682 2984 et
2698 2945 2802 3000 per
2826 2927 3112 2984 oraculum
3139 2941 3334 2999 preces
3367 2941 3432 2980 ac
3460 2938 3590 2979 vota

1978 3033 2196 3080 'nostra
2220 3037 2280 3078 se
2310 3022 2714 3092 completurum
2749 3021 3033 3091 pollicitus
3064 3027 3171 3074 est.
3207 3017 3309 3074 Cui
3344 3018 3588 3088 promis»

1999 3113 2146 3169 sioni
2177 3113 2491 3167 ﬁrmissima
2560 3126 2664 3167 nos
2715 3111 2918 3166 ﬁducia
2993 3110 3188 3172 innixi,
3243 3108 3589 3179 promittenti

2004 3205 2240 3260 invicem
2268 3204 2499 3276 polliciti
2533 3217 2749 3267 sumus,
2782 3202 3075 3257 oblaturos
3102 3215 3204 3254 nos
3223 3200 3280 3255 ei
3313 3199 3588 3269 quidquid

2006 3297 2076 3352 ab
2109 3296 2230 3367 ipso
2285 3295 2568 3366 accepturi
2619 3308 2866 3356 eramus,
2929 3291 3313 3361 qualecunque
3367 3289 3591 3344 tandem

2008 3385 2149 3441 illud
2180 3397 2348 3450 esset,
2378 3386 2535 3439 nullo
2565 3384 2709 3439 facto
2751 3386 2897 3438 inter
2916 3381 3218 3436 masculum
3242 3389 3299 3434 et
3326 3379 3510 3434 femin:
3535 3394 3588 3432 ni

2010 3477 2368 3543 discrimine;
2403 3484 2460 3532 et
2489 3473 2687 3530 exinde
2737 3473 2805 3528 ad
2835 3471 3138 3544 gloriosum
3173 3470 3420 3542 ejusdem
3453 3472 3595 3525 tem-'

1965 3599 1971 3604 -
2010 3573 2164 3644 plum
2195 3571 2369 3628 veluti
2400 3570 2650 3626 divinum
2683 3567 2964 3637 quoddam
3022 3581 3228 3621 munus
3268 3581 3332 3620 ac
3369 3565 3592 3618 thesau-

2009 3681 2132 3721 rum
2158 3666 2304 3721 hanc
2351 3665 2618 3720 sistimus.
2651 3661 3024 3718 Providentiae
3071 3661 3256 3730 itaque
3313 3658 3595 3725 largitoris

2011 3758 2218 3814 donum
2241 3768 2327 3813 est
2355 3758 2559 3828 puella,
2591 3771 2740 3826 quae,
2761 3757 2842 3810 uti
2874 3755 3177 3824 conspicis,
3209 3769 3358 3807 nunc
3377 3768 3406 3806 a
3431 3752 3592 3806 nobis

2012 3848 2274 3905 Donatori
2298 3849 2568 3914 redditur,
2603 3857 2661 3904 et
2689 3863 2719 3902 a
2743 3847 2859 3904 suis
2892 3846 3068 3911 ipsius
3097 3843 3590 3916 parentibuslibe-

2011 3939 2204 3995 raliter
2229 3939 2484 3996 offertur.
2531 3939 2819 4010 Virginum
2865 3953 3036 4008 porro
3062 3936 3348 4004 lampades
3376 3945 3596 4003 gestari-

328 4031 463 4114 tium
494 4031 702 4112 chorus
727 4070 849 4111 eam
912 4049 1160 4116 deducit,
1223 4048 1296 4104 de
1352 4047 1512 4118 cujus
1572 4039 1897 4099 oeconomia:
1936 4035 2152 4092 ratione
2183 4036 2415 4092 fortasse
2441 4035 2512 4092 ab
2567 4036 2686 4106 ipso
2715 4035 3035 4091 oeconomiae
3059 4033 3300 4086 Auctore
3328 4031 3438 4100 jam
3477 4043 3596 4082 ecr-

329 4155 435 4209 tior
463 4151 731 4206 divinitus
758 4150 938 4204 factus
971 4145 1171 4202 fueris.

397 4244 698 4313 Δεξάμενος
720 4238 817 4294 οὖν
839 4239 1046 4310 ταύτην
1073 4237 1182 4291 τῶν
1212 4232 1531 4303 ἀνακτόρων
1558 4229 1733 4293 ὲντδς,
1764 4229 1900 4282 ἀπο-

326 4336 622 4406 ταμίευσον

327 4430 651 4499 πράγματος
684 4426 1026 4495 ἀποὸλέψας,
1061 4426 1200 4494 μήτε
1223 4421 1299 4484 ὡς
1347 4417 1574 4488 ἀπρεπῆ
1598 4418 1700 4484 τήν
1745 4412 1905 4482 ἀφιέ-

330 4537 499 4590 ρωσιν
528 4517 901 4580 ύποτοπάσας,
927 4515 1016 4568 διὰ
1065 4514 1128 4566 τὸ
1183 4511 1284 4582 τὴν
1332 4505 1756 4578 προσαγομένην
1808 4502 1907 4570 τῆς

328 4611 550 4682 θηλείας
609 4608 829 4677 φύσεως
888 4603 1081 4672 οὖσαν,
1137 4603 1213 4673 μή
1247 4601 1548 4671 προσήκειν
1568 4599 1680 4682 tot;
1730 4593 1909 4682 ἀγίως

326 4678 824 4770 ἐγκατοικίζεσοαι,
875 4697 972 4746 καὶ
1006 4689 1390 4760 συνυπηρέτην
1433 4681 1757 4752 ἀποφαίνειν
1800 4678 1910 4770 τῶν

328 4768 486 4844 θείων
520 4786 875 4858 λειτουργῶν.
911 4783 1048 4837 οὐδὲ
1081 4782 1192 4850 γὰρ
1220 4783 1252 4832 ο
1277 4773 1748 4846 ἐπαγγειλάμενος
1781 4768 1912 4823 ταύ-

329 4900 431 4952 την
457 4884 593 4953 ήμῖν
623 4877 1022 4950 ὑποσχομένοις
1060 4874 1162 4944 τὴν
1199 4871 1295 4925 τοῦ
1338 4866 1705 4938 δοθησομένου
1765 4860 1914 4953 ἀφιέ-

335 4951 511 5045 ρωσιν*
534 4975 618 5035 είς
650 4969 767 5040 φῶς
805 4968 872 5022 ἀν
909 4968 1274 5036 προήνεγκεν,
1313 4961 1470 5014 εἵπου
1490 4958 1600 5010 τῶν
1647 4951 1912 5023 ἀπρεπῶν

330 5043 529 5128 έδόκει,
589 5063 710 5116 οὐδὲ
748 5061 830 5123 είς
878 5059 1040 5130 ιργον
1105 5054 1342 5124 εκδῆναι
1401 5049 1785 5120 παρεσκεύασε
1850 5043 1914 5095 τὸ

333 5158 602 5228 βούλημα.
631 5152 798 5207 Ταῦτ’
823 5147 939 5214 οῦν,
993 5144 1039 5202 ῶ
1093 5147 1206 5200 θεῖε
1267 5141 1538 5213 Ζαχαρία,
1588 5135 1914 5228 βαλλόμενος

333 5223 410 5308 εἰς
435 5223 584 5309 νοῦν,
606 5242 786 5312 ἠπίως
813 5241 915 5311 μὲν
945 5238 1045 5309 τήν
1071 5237 1309 5298 ελευσιν,
1338 5229 1656 5304 περιχαρῶς
1711 5226 1771 5280 δὲ
1816 5223 1914 5294 τὴν

333 5338 636 5408 ἀφιέρωσιν
683 5332 1008 5402 καταδέχου.
1067 5329 1226 5392 Δέξαι
1290 5325 1389 5396 τὴν
1447 5323 1548 5394 ήδη
1611 5316 1915 5408 προῦποδεῖ

333 5403 606 5497 δεγμένην
635 5424 757 5494 Θεῷ
793 5441 810 5456 ·
835 5422 987 5488 δέξαι
1020 5423 1118 5491 τήν
1162 5420 1419 5488 ἀπαρχὴν
1448 5415 1545 5467 καὶ
1591 5410 1767 5479 πέρας
1819 5403 1914 5458 τοῦ

338 5518 490 5589 παρὰ
514 5516 845 5588 προσδοκίαν
872 5514 1031 5585 ἡμῶν
1059 5509 1296 5580 καρποῦ,
1312 5511 1412 5578 τὴν
1435 5501 1651 5558 πολλῶν
1677 5501 1914 5570 δεήσεων

341 5610 606 5681 μονογενῆ
635 5608 1079 5679 παρασχεθεῖσαν
1104 5601 1363 5673 ἀμοιϐήν.

2083 4217 2212 4271 Eam
2240 4215 2424 4283 itaque
2466 4213 2611 4268 intra
2661 4210 3041 4266 sanctuarium
3073 4211 3318 4280 suscipe,
3377 4215 3435 4263 et
3481 4208 3594 4262 Deo

679 4331 759 4403 τῷ
815 4331 958 4401 Θεῷ.
1001 4303 1160 4400 imit:
1215 4327 1354 4398 πρὸς
1409 4325 1471 4377 τὸ
1515 4321 1784 4391 ἀσύνηθες
1810 4319 1904 4372 τοῦ

2014 4307 2313 4378 repositam
2337 4307 2424 4360 fac
2453 4319 2770 4360 conserves.
2823 4305 3013 4374 Neque
3044 4317 3182 4359 vero
3215 4304 3283 4357 ad
3313 4303 3593 4356 insuetam

2012 4414 2132 4456 rem
2191 4397 2486 4462 movearis,
2561 4410 2740 4466 neque
2789 4395 3064 4467 ejusmodi
3112 4394 3595 4451 consecrationem

2013 4492 2200 4547 minus
2242 4499 2668 4545 consentaneum
2695 4497 2881 4557 putes,
2913 4489 3072 4559 quasi
3139 4487 3353 4543 scilicet
3384 4498 3598 4553 nequa-

2009 4597 2172 4654 quam
2188 4581 2400 4644 deceat,
2420 4595 2544 4636 cum
2568 4580 2791 4636 feminei
2813 4595 2979 4636 sexus
3001 4597 3063 4636 ea
3084 4581 3175 4643 sit,
3195 4595 3316 4650 qua:
3336 4579 3596 4636 offertur.

2011 4675 2067 4729 in
2091 4673 2408 4729 sanctuario
2434 4673 2607 4742 ipsam
2637 4673 2706 4726 ad
2728 4673 3092 4727 habitandum
3129 4670 3411 4734 collocari,
3447 4666 3595 4721 divi-

2009 4782 2321 4836 norumque
2355 4766 2737 4820 ministrorum
2795 4763 3002 4819 sociam
3045 4777 3108 4815 ac
3161 4758 3592 4815 comministram

2012 4855 2153 4911 fieri.
2190 4856 2487 4925 Postquam
2521 4855 2668 4909 enim
2700 4854 2814 4908 Deo
2854 4849 3140 4922 pollicenti
3170 4848 3329 4902 nobis
3380 4847 3591 4915 prolem

2014 4949 2252 5002 invicem
2279 4948 2662 5018 promisimus,
2690 4953 3114 5001 consecraturos
3148 4956 3250 4995 nos
3268 4953 3390 4994 esse
3420 4941 3514 5008 qui
3534 4939 3586 4991 i-

2013 5039 2146 5108 quid
2194 5040 2310 5108 ipse
2336 5039 2638 5100 tribuisset,
2662 5051 2813 5100 sane,
2848 5035 2892 5089 si
2931 5035 3033 5089 hoc
3068 5033 3381 5095 dedecoret,
3417 5046 3592 5098 neque

2012 5130 2396 5200 disposuisset,
2422 5142 2482 5185 ut
2521 5131 2574 5183 in
2619 5130 2793 5183 lucem
2831 5128 2946 5182 haec
2993 5126 3101 5180 filia
3144 5127 3383 5189 veniret,
3414 5137 3592 5190 neque

2013 5225 2402 5288 commisisset,
2434 5233 2495 5277 ut
2524 5233 2772 5277 nostrum
2815 5222 2919 5276 hoc
2945 5220 3236 5274 consilium
3267 5219 3320 5272 iu
3345 5231 3482 5285 opus
3500 5217 3596 5268 dc-

2013 5316 2328 5370 duceretur.
2354 5316 2480 5370 Haec
2502 5317 2688 5387 igitur,
2710 5330 2744 5370 ο
2765 5315 2950 5369 divine
2968 5313 3253 5374 Zacharia,
3278 5313 3332 5365 in
3351 5312 3594 5364 animum

2014 5409 2306 5476 inducens,
2332 5409 2480 5464 illius
2512 5408 2738 5478 quidem
2765 5407 3062 5462 adventum
3093 5405 3352 5474 benigne,
3402 5415 3599 5456 conse—
3646 5442 3660 5477 ,

2014 5500 2317 5556 cratime-m
2353 5509 2537 5556 autem
2568 5500 2775 5570 ingenti
2808 5514 2934 5555 cum
2966 5498 3168 5569 gaudio
3203 5495 3456 5550 admitte.
3491 5493 3596 5546 Ac-

2015 5591 2141 5662 cipe
2169 5593 2281 5664 jam
2312 5604 2441 5649 ante
2476 5609 2506 5648 a
2534 5595 2645 5649 Deo
2673 5604 2956 5664 acceptam
2999 5609 3014 5647 :
3052 5593 3242 5660 accipe
3263 5603 3427 5659 quem
3459 5599 3598 5654 prze-
3703 5575 3706 5578 ’

337 5715 425 5758 ter
454 5718 611 5773 spem
640 5701 820 5756 sortiti
847 5714 1040 5757 sumus
1069 5699 1308 5751 fructum
1363 5691 1601 5764 primum
1663 5684 1826 5744 simul
1896 5693 1952 5740 et
1993 5685 2272 5756 ultimum,
2309 5689 2650 5760 unigenitam
2719 5691 2928 5746 scilicet
2979 5704 3079 5744 ceu
3127 5687 3420 5740 multarum
3472 5695 3599 5748 pw-

340 5814 463 5855 cum
484 5796 902 5851 retributionem
930 5793 1089 5847 nobis
1113 5803 1451 5846 concessam.

3155 5808 3180 5838 \
