4130 6202
441 209 544 274 617

1186 215 1474 277 ORATIO
1515 217 1595 278 IN
1634 219 2350 282 PRIESENTATIONEM
2392 223 2494 286 SS.
2540 222 2917 286 DEIPARE.

3595 231 3708 297 618

433 322 680 386 δοποιίας
712 322 1043 396 ἀπεκλείσθη
1083 329 1461 399 χαρισμάτων,
1497 333 1589 384 καὶ
1621 331 1796 395 λιταῖς
1827 333 1896 386 τὰ
1919 333 1990 404 τῆ

2094 342 2288 396 esset,
2324 350 2445 404 qua:
2484 335 2605 390 viro
2634 338 2904 407 copulata:
2951 347 3102 405 sunt,
3136 354 3200 394 ac
3239 343 3526 402 sterilitate
3550 346 3706 404 labo-

434 418 602 486 γονῆς
627 417 884 485 ἐπεζήτει
915 417 1205 488 λήψεσθαι,
1245 421 1379 491 πρὸς
1403 421 1563 474 τοῦτό
1605 441 1663 475 τε
1685 424 1784 494 τῆς
1813 424 2020 494 διατριο

435 511 535 580 ϐῆς
565 511 594 563 ὁ
620 509 776 575 λόγος
806 511 1038 578 ἐγίνετο,
1079 507 1224 581 εἶχεν
1244 513 1311 566 ἂν
1337 515 1396 565 τὸ
1424 515 1757 584 βλεπόμενον
1787 515 1863 586 τῷ
1894 533 2020 569 σκο-

433 604 521 674 πῷ
557 603 658 674 τὴν
703 604 967 658 διάλυσιν.
1040 606 1202 661 Ἀλλά
1240 608 1333 660 καὶ
1383 608 1545 662 τοῦτο
1599 611 1852 675 καθάπαξ
1905 614 2018 674 τοῖς

436 697 560 767 περὶ¹
594 697 794 749 ’Λνναν
835 696 1208 766 συμϐέϐηκεν,
1240 701 1361 768 ούχὶ
1392 702 1486 753 καὶ
1521 700 1599 770 τῷ
1641 703 1818 754 Ἠλεῖ·
1854 705 1937 756 ὅτι
1960 703 2016 754 δὲ

431 790 575 860 καὶὴ
595 787 690 842 νῦν
715 788 846 842 Οαλα
858 789 1133 858 μευομένη
1159 791 1456 861 Πιρθένος,
1495 794 1590 845 καὶ
1612 794 1818 847 τούτων
1849 795 2017 848 ἀπάν-

427 899 532 934 των
555 881 837 950 ἐλευθέρα.
875 881 970 933 καὶ
1007 883 1038 951 ή
1080 881 1176 935 τοῦ
1202 883 1435 950 ἀγγέλου
1473 887 1610 956 πρὸς
1631 887 1802 957 αὐτὴν
1829 887 2016 956 ὁμιλία

429 971 670 1042 συνεχῶς
725 972 856 1040 ἡμῖν
911 969 1238 1038 καθορᾶται,
1291 973 1472 1028 δίδωσι
1531 976 1718 1045 μεῖζον
1777 977 1903 1047 ἐμοὶ
1953 978 2015 1029 τὸ

423 1061 611 1131 θαῦμα
644 1065 949 1117 κατανοεῖν.
1006 1063 1395 1132 Συμπίπτουσι
1429 1067 1486 1120 δὲ
1527 1065 1849 1137 ἀμφιϐολίαι
1885 1071 2012 1140 περὶ

422 1155 484 1207 τὸ
522 1155 766 1224 κρυπτὸν
797 1157 891 1208 καὶ
918 1156 1352 1224 έμφωλεύουσιν.
1377 1153 1522 1228 τΔρα
1547 1159 1598 1212 τί
1628 1159 1692 1213 ἂν
1714 1161 1799 1231 εἴη
1817 1160 2008 1227 τούτος

421 1249 487 1302 Τί
546 1248 806 1318 μηνύσων
863 1244 999 1320 ἧκεν
1055 1249 1086 1301 ὀ
1139 1250 1406 1318 ἄγγελος;
1457 1253 1542 1316 τίς
1587 1253 1621 1322 ἡ
1667 1253 2007 1324 κομιζομένη

421 1343 632 1412 τροφής
681 1342 764 1406 τίς
803 1343 836 1409 ἡ
887 1342 1127 1412 τοσαύτη
1159 1342 1268 1397 τῶν
1313 1344 1658 1414 δωρημάτων
1693 1345 2006 1416 ὑπερϐολῆς

419 1435 475 1486 τί
500 1433 740 1486 τοιοῦτον
778 1431 902 1485 κατ’
929 1433 1088 1497 ἀξίαν
1119 1435 1152 1503 ἡ
1189 1434 1464 1506 Παρθένος
1515 1435 1849 1506 είργάσατο;
1884 1437 2007 1490 Ὅτι

425 1525 528 1592 μὲν
567 1522 900 1594 καθαρότητι
927 1523 1208 1594 διενήνοχε
1235 1525 1334 1586 τὰς
1361 1525 1738 1594 γεγενημένας
1763 1526 2003 1593 ἁπάσας,

421 1613 536 1667 οἶδα
567 1615 860 1677 πιστωθεὶς
892 1616 1005 1678 τοῖς
1035 1617 1348 1686 πράγμασι.
1386 1617 1702 1686 Τεκμήριον
1739 1616 1798 1671 δὲ
1832 1618 2005 1688 σαφὲς

2121 443 2248 481 rans
2271 429 2460 497 probis
2505 432 2828 486 muneribus
2859 440 3093 499 careret,
3142 443 3199 488 et
3251 436 3485 506 supplici
3546 454 3708 508 prece

2120 517 2368 572 sobolem
2401 519 2504 573 sibi
2555 520 2671 574 dari
2726 523 3074 590 obsecraret;
3109 533 3257 580 certe
3293 541 3413 580 eam
3469 528 3537 581 ad
3590 545 3707 585 rem

2119 610 2418 678 pertineret
2455 613 2722 682 ejusmodi
2768 615 3100 679 collocutio,
3152 627 3206 672 et
3260 635 3325 672 cx
3382 620 3486 675 line
3549 623 3705 682 illud.

2117 701 2260 768 quod
2290 700 2469 764 video,
2497 701 2814 756 admitteret
2861 705 3302 772 explicationem.
3358 705 3470 762 Hoc
3514 709 3704 779 utique

2115 799 2169 844 et
2199 793 2367 845 Annae
2406 794 2652 862 contigit,
2711 794 2871 847 simul
2914 803 3092 849 tamen
3135 805 3191 850 et
3223 797 3360 850 lleli.
3397 797 3465 852 At
3493 813 3617 852 eum
3650 811 3705 852 et

2117 881 2278 951 Virgo
2303 883 2373 935 sit
2421 897 2506 946 ea,
2550 898 2671 952 quae
2716 884 2770 938 in
2816 894 3029 940 secreto
3074 885 3178 942 hoc
3224 889 3470 942 conclavi
3531 890 3701 960 degit,

2114 981 2278 1042 atque
2311 989 2340 1027 a
2373 975 2648 1044 praedictis
2693 977 2948 1032 omnibus
2999 994 3226 1048 prorsus
3262 982 3334 1033 sit
3393 982 3591 1045 libera,
3643 995 3702 1037 et

2114 1064 2367 1133 angelum
2398 1065 2758 1121 nihilominus
2797 1083 2922 1122 cum
2970 1069 3086 1138 ipsa
3133 1072 3539 1141 colloquentem
3569 1090 3698 1128 con-

2115 1163 2328 1208 stanter
2366 1170 2705 1223 cernamus;
2741 1158 2843 1213 hoc
2875 1159 3156 1215 enimvero
3217 1166 3394 1234 majus
3445 1165 3575 1218 mihi
3630 1166 3698 1220 ad

2111 1245 2572 1300 considerandum
2605 1249 2946 1314 {miraculum
2984 1250 3168 1305 offert.
3221 1253 3472 1308 Subcunt
3495 1267 3700 1319 autem,

2109 1346 2464 1404 mentemque
2521 1348 2793 1408 occupant
2845 1340 3239 1407 dubitationes,
3295 1346 3557 1414 quidnam
3613 1346 3701 1400 hie

2108 1422 2299 1486 lateat,
2340 1433 2505 1494 atque
2543 1426 2935 1482 abscondatur.
2967 1430 3110 1495 Quid
3153 1433 3256 1486 sibi
3293 1433 3408 1488 hazc
3458 1435 3694 1489 volunt?

2107 1513 2376 1581 Quidnam
2403 1517 2757 1574 nuntiaturus
2785 1520 3009 1574 advenit
3029 1523 3300 1592 angelus?
3340 1526 3518 1594 qualis
3542 1527 3702 1580 cibus

2107 1609 2157 1662 ei
2194 1608 2482 1664 defertur?
2506 1626 2756 1679 quaenam
2793 1612 2908 1668 lucc
2967 1623 3120 1668 tanta
3163 1615 3436 1670 denorum
3491 1624 3701 1673 exube-

421 1707 480 1756 τὸ
523 1701 655 1774 ἦθος
689 1705 846 1778 καὶὴ
886 1706 1023 1776 πρὸς
1081 1707 1286 1778 ἀρετὴν
1341 1707 1572 1778 αὕξησις
1615 1711 1710 1762 καὶ
1740 1710 1992 1775 ἐπίδοσις1

2106 1699 2322 1753 rantia?
2359 1699 2559 1769 ecquid
2597 1702 2869 1772 ejusmodi
2924 1701 3090 1774 Virgo
3125 1704 3242 1759 haec
3277 1707 3444 1776 gessit
3479 1716 3539 1760 ut
3573 1708 3698 1762 talia

417 1795 487 1849 δι’
519 1790 594 1850 ὧν
622 1796 760 1867 πρὸς
794 1796 996 1866 ἑαυτὴν
1019 1799 1321 1852 ἐπισπᾶται
1350 1799 1411 1851 τὸ
1440 1798 1602 1852 θεῖον.
1632 1800 1706 1853 Τὸ
1743 1799 1874 1868 γοῦν
1901 1819 2004 1870 τη-

417 1888 680 1940 λικούτων
733 1886 1027 1954 τεύξασθαι
1077 1888 1284 1959 ταύτην
1333 1888 1579 1958 ἀγαθῶν.
1639 1889 1813 1944 αῐτιον
1859 1892 2005 1962 τάχα

418 1980 673 2048 μεγάλων
701 1981 1032 2050 εὐεργεσιῶν
1065 1982 1199 2051 ἡμῖν
1235 1981 1558 2050 ὀφθήσεται.
1586 1976 1735 2051 τΑρα
1761 1983 1868 2052 μὴν
1895 1983 2004 2037 τῶν

414 2069 716 2139 προφητῶν
746 2071 796 2123 οἱ
825 2071 1064 2141 χρησμοὶ
1091 2074 1150 2125 ὲν
1170 2072 1347 2145 ταύτῃ
1373 2071 1862 2141 πληρωθήσονταις
1893 2069 2004 2144 ἄρα

416 2163 523 2232 μὴν
552 2161 660 2216 τῶν
677 2161 1052 2231 ἐλπιζομένων
1081 2166 1140 2217 ὲν
1163 2163 1336 2236 ταύτῃ
1365 2164 1426 2216 τὸ
1452 2164 1606 2228 τέλος
1627 2165 1998 2236 ἀποϐήσεται;

415 2253 522 2323 μὴν
547 2253 576 2304 ὁ
609 2253 821 2323 μέλλων
857 2252 954 2328 ἐπ’.
974 2254 1276 2326 ἀνορθώσει
1305 2254 1400 2308 τοῦ
1451 2255 1640 2324 γένους
1681 2255 1997 2310 ἐλεύσεσθαι

411 2348 476 2398 ἐκ
522 2347 728 2416 ταύτης
754 2345 816 2399 τὸ
863 2347 1136 2417 ἡμέτερον
1185 2347 1525 2417 ἀναλήψεται
1565 2347 1830 2418 φύραμα;
1889 2349 1998 2413 Καὶ

411 2439 519 2508 γὰρ
539 2439 698 2492 τοῦτο
724 2439 1176 2510 προκεκήρυκται
1207 2442 1266 2493 τὸ
1294 2441 1614 2510 μυστήριον,
1649 2441 1744 2494 καὶ
1774 2443 1802 2495 ό
1825 2441 1998 2508 Λόγος

409 2535 666 2605 τοιαύτην
703 2535 803 2606 τὴν
834 2535 1290 2608 ύπηρετήσουσαν
1337 2535 1606 2606 ἐπιζητεῖ.
1654 2537 1864 2599 Ὄντως
1897 2537 1998 2589 οὐκ

410 2628 541 2698 ἁλλη
595 2625 1028 2697 προκριθήσεται
1075 2626 1155 2690 είς
1210 2625 1311 2693 τὴν
1365 2625 1560 2679 τούτου
1622 2626 1991 2698 λειτουργίαν,

409 2718 546 2787 πλὴν
592 2720 689 2786 τῆς
721 2716 1008 2786 ὁρωμένης
1040 2717 1276 2779 νεάνιδος
1297 2732 1312 2746 ’
1351 2718 1445 2770 καὶ
1475 2717 1584 2788 γὰρ
1616 2718 1900 2787 ἀμήχανον
1935 2721 1993 2770 ἐν

407 2809 544 2878 αὐτῇ
581 2807 640 2860 τὸ
665 2806 1045 2878 κρυπτόμενον
1090 2809 1190 2877 τῆς
1221 2807 1444 2875 ἁγνείας
1487 2807 1736 2860 κατανοῶ
1768 2805 1988 2872 κάλλος,

406 2903 498 2954 καὶ
531 2899 622 2952 τοῦ
669 2900 1049 2970 κρυπτομένου
1086 2897 1395 2968 φανέρωσιν
1429 2899 1462 2969 ἡ
1517 2898 1611 2951 τοῦ
1647 2898 1806 2952 Θείου
1853 2899 1990 2969 πρὸς

405 2988 609 3060 ταύτην
663 2989 844 3042 εῦνοια
891 2987 1263 3058 παρίστησινί
1325 2987 1402 3051 ὡς
1441 2987 1712 3059 μακάριος
1765 2989 1795 3040 ό
1840 2983 1988 3052 οἶκος

417 3046 655 3152 Ἰσραὴλ,
679 3082 739 3148 ἐξ
765 3077 826 3136 οὗ
851 3046 1096 3134 τοιούτου
1119 3046 1360 3150 ’ἀνέθηλε
1381 3046 1718 3152 ⁷βλάστημαά
1773 3082 1860 3144 Ὠς
1893 3046 1984 3134 εὑζ
2009 3046 2054 3109 C

405 3177 738 3248 λογημένηη
775 3178 903 3246 ῥίζα
942 3178 1164 3242 Ἰεσσαὶ,
1197 3177 1257 3244 ἐξ
1291 3171 1360 3250 ἦς
1400 3177 1433 3247 ή
1463 3177 1790 3246 ἀκμάζουσα
1839 3174 1980 3247 αὕτη

405 3268 599 3338 ῥάϐδος
628 3269 956 3339 ἀνέδραμεν,
987 3270 1021 3340 ἠ
1067 3269 1144 3340 τῷ
1165 3269 1357 3340 κόσμῳ
1381 3269 1480 3338 τὴν
1512 3267 1788 3338 σωτηρίαν
1819 3268 1983 3323 ἀνθοο

402 3363 592 3430 φορεῖν
647 3361 944 3430 μέλλουσαι
1013 3359 1101 3423 Ὦς
1157 3359 1518 3432 ὑπερένδοξρς
1556 3360 1590 3430 ή
1649 3361 1838 3429 μνήμη
1873 3358 1981 3410 τῶν

402 3441 798 3524 γεννησάντων,
847 3454 944 3507 καὶ
998 3453 1178 3524 πάσης
1231 3452 1489 3506 ἐπέκεινα
1537 3449 1976 3520 μακαριότητοςί

414 3545 501 3608 Ὡς
557 3545 946 3615 δεδοξασμένος
1009 3545 1119 3614 ἐγὼ
1173 3544 1436 3598 τοιούτων
1489 3541 1836 3610 ὲντρυφήσας
1869 3539 1979 3592 τῶν

403 3635 714 3705 θεαμάτων,
773 3636 1036 3690 τοιούτων
1087 3635 1405 3698 ἀπολαύσας
1443 3633 1552 3687 τῶν
1583 3630 1974 3704 χαρισμάτωνί

402 3727 578 3796 Χάριν
603 3727 682 3790 εἰς
709 3729 912 3790 αἰῶνας
949 3729 1168 3798 εἷσομαί
1202 3720 1305 3790 σοὶ,
1341 3727 1438 3780 ναὲ
1489 3725 1719 3796 Κυρίου,
1761 3725 1845 3777 ὅτι
1879 3721 1975 3776 σού

397 3819 495 3888 τῆς
517 3819 858 3892 λειτουργίας
887 3821 1052 3877 ἑνεκα
1081 3823 1190 3877 τῶν
1225 3824 1359 3876 πᾶσι
1409 3821 1641 3885 δικαίοις
1670 3819 1974 3888 ὲπιθυμου-

399 3911 574 3979 μένων
598 3913 696 3966 οὐκ
721 3914 1013 3984 ἀπέτυχον.

2109 1791 2560 1856 promereretur?
2581 1792 2848 1861 Equidem
2877 1795 3023 1862 quod
3049 1795 3334 1850 universas
3355 1796 3588 1852 leminas
3607 1815 3699 1853 su-

2107 1894 2264 1950 peret
2304 1884 2564 1952 puritate,
2612 1885 2738 1938 novi
2795 1902 2851 1940 re
2883 1887 2996 1955 ipsa
3020 1887 3267 1943 rdoctus.
3298 1890 3694 1961 Argumentum

2106 1984 2288 2026 autem
2320 1974 2397 2028 rei
2433 1974 2779 2028 manifestum
2816 1988 2946 2030 sunt
3001 1990 3056 2032 et
3098 1995 3297 2042 mores,
3349 1991 3406 2035 et
3457 1983 3585 2052 juge
3637 1983 3692 2038 in

2104 2065 2844 2130 virtutibusincrementum,
2872 2085 3109 2138 perqua:
3132 2071 3198 2124 ad
3232 2087 3290 2124 se
3321 2072 3492 2140 ipsam
3523 2075 3690 2128 lleum

2101 2157 2356 2212 attrahit.
2391 2157 2580 2229 Itaque
2616 2162 2762 2230 quod
2800 2161 2964 2214 tantis
2995 2163 3156 2216 bonis
3187 2165 3468 2219 cumulata
3501 2165 3691 2232 fuerit,

2099 2245 2332 2305 fortasse
2375 2261 2431 2306 et
2490 2251 2653 2306 nobis
2709 2268 3030 2324 magnorum
3087 2255 3476 2310 beneﬁciorum
3535 2259 3692 2330 origo

2100 2345 2448 2400 ostendetur.
2481 2347 2562 2400 An
2594 2345 2736 2402 forte
2774 2348 3169 2418 prophetarum
3197 2350 3457 2406 vaticinia
3489 2352 3542 2405 in
3575 2355 3688 2423 ipsa

2101 2433 2514 2504 implementum
2569 2437 2824 2492 habitura
2865 2439 3034 2492 sunt?
3067 2455 3136 2492 an
3183 2438 3324 2494 forte
3357 2439 3413 2494 in
3459 2455 3524 2495 ea
3561 2457 3688 2511 per-

2099 2526 2374 2594 ﬁcientur,
2420 2544 2543 2598 quae
2588 2530 2642 2584 in
2679 2546 2773 2600 spe
2828 2541 2958 2584 sunt
3003 2531 3164 2585 nobis
3196 2532 3578 2600 reposita?an
3621 2549 3687 2588 ex

2097 2618 2198 2674 ista
2262 2636 2496 2676 massam
2563 2632 2806 2676 nostram
2865 2633 2948 2676 est
2999 2633 3408 2692 assumpturus,
3464 2626 3559 2695 qui
3618 2628 3685 2682 ad

2095 2713 2518 2768 restaurandum
2547 2729 2719 2785 genus
2747 2726 3000 2770 nostrum
3027 2723 3292 2772 Venturus
3322 2719 3445 2772 est?
3469 2719 3684 2773 Etenim

2093 2802 2201 2858 hoc
2218 2805 2536 2875 mysterium
2561 2807 2671 2877 jam
2703 2807 3128 2876 praenuntiatum
3163 2809 3583 2872 est,ctVerbum
3609 2820 3688 2865 ta-

2089 2895 2347 2966 lem,qu;p
2367 2899 2645 2954 ministret
2659 2899 2762 2953 sibi
2782 2900 3029 2969 requirit.
3051 2903 3303 2957 Profecto
3319 2902 3388 2957 ad
3409 2904 3680 2974 ejusmodi

2091 2991 2462 3046 ministerium
2495 3008 2604 3047 non
2647 2993 2753 3047 alia
2785 2995 3038 3064 eligetur,
3089 3004 3288 3064 praeter
3320 2996 3483 3061 hanc,
3520 3014 3681 3068 quam

2087 3095 2276 3145 cerno,
2307 3082 2580 3150 puellam;
2617 3097 2742 3136 nam
2799 3098 3025 3152 prorsus
3062 3085 3370 3139 mirabilem
3426 3085 3678 3140 animad-

2089 3182 2244 3226 verto
2279 3172 2332 3225 in
2363 3173 2475 3242 ipsa
2509 3173 2769 3228 latentem
2804 3174 3133 3230 innocentia:
3179 3176 3676 3245 pulchritudinem,

2089 3264 2345 3332 quodque
2379 3265 2433 3318 in
2476 3265 2591 3334 ipsa
2630 3265 2784 3328 latet,
2819 3268 3026 3321 revelat
3051 3269 3224 3323 eﬂ‘usa
3260 3270 3352 3324 Dei
3392 3271 3447 3324 in
3504 3271 3677 3342 ipsam

2089 3354 2484 3409 muniﬁcentia.
2513 3355 2686 3422 Quam
2717 3358 2872 3410 beata
2902 3357 3098 3412 domus
3120 3359 3308 3422 Israel,
3339 3375 3405 3414 ex
3435 3376 3543 3430 qua
3571 3363 3677 3419 tale

2086 3461 2310 3515 germen
2337 3447 2651 3515 pullulavitl
2677 3447 2850 3512 Quam
2884 3447 3176 3502 benedicta
3210 3450 3362 3503 radix
3401 3451 3576 3517 Jcsse,
3609 3469 3676 3509 ex

2087 3556 2193 3608 qua
2221 3540 2406 3594 virens
2437 3541 2552 3594 haec
2576 3539 2724 3609 virga
2757 3540 3061 3610 consurgit,
3094 3557 3218 3610 qua:
3250 3543 3457 3598 mundo
3482 3544 3677 3600 salutis

2084 3632 2274 3686 ﬂorem
2312 3632 2588 3701 proferet!
2632 3631 2806 3698 Quam
2856 3633 3030 3702 major
3058 3634 3213 3688 omni
3261 3635 3454 3705 gloria,
3509 3645 3674 3707 atque

2083 3727 2233 3780 omni
2263 3723 2528 3779 beatitate
2557 3725 2742 3794 potior
2794 3725 3103 3795 genitorum
3161 3726 3309 3784 illius
3365 3731 3669 3786 memorial

2081 3815 2255 3883 Quam
2302 3815 2438 3870 mihi
2494 3815 2819 3886 gloriosum,
2845 3816 2992 3886 quod
3046 3819 3222 3873 oculis
3287 3821 3424 3876 meis
3474 3822 3670 3878 horum

2082 3915 2309 3979 aspectu
2340 3907 2570 3977 perfrui,
2601 3917 2769 3978 atque
2796 3917 2948 3964 tanto
2988 3911 3157 3978 potiri
3209 3912 3482 3967 beneficio
3534 3915 3671 3969 mihi

393 4001 712 4071 contigerit!
764 4002 1134 4059 Immortalem
1176 4004 1295 4070 tibi,
1347 4019 1382 4060 ο
1432 4004 1647 4060 Domini
1697 4004 1982 4074 templum,
2024 4001 2257 4072 gratiam
2302 3999 2596 4055 habiturus
2629 4015 2783 4064 sum;
2826 4009 3122 4070 propterea
3155 4005 3304 4057 enim
3373 4007 3520 4074 quod
3575 4015 3669 4062 tuo

394 4096 698 4152 ministerio
765 4107 1117 4169 nuncupatus
1183 4099 1282 4166 fui,
1361 4101 1461 4156 hac
1523 4100 1784 4156 ielicitate
1857 4114 1980 4170 qua:
2049 4096 2214 4169 justis
2272 4095 2532 4152 omnibus
2583 4104 2842 4166 exoptata
2913 4111 3132 4167 semper
3176 4098 3299 4163 luit,
3369 4117 3475 4154 non
3543 4117 3664 4157 smn

390 4187 763 4243 defraudatus.

460 4283 558 4336 lZ'.
597 4282 783 4344 Οὕτως
812 4283 842 4336 ὁ
885 4285 1164 4355 Ζαχαρίας
1199 4286 1476 4358 διαπορῶν
1523 4289 1618 4340 καὶ
1673 4287 1972 4357 θαυμάζων

2154 4277 2316 4333 XVII.
2349 4277 2427 4331 Ita
2463 4276 2756 4331 Zacharias
2785 4277 3056 4347 ancipites
3086 4279 3270 4333 animo
3297 4280 3661 4337 versabatco~

389 4371 456 4424 τὰ
486 4373 582 4440 τῆς
621 4372 900 4442 Παρθένου
934 4372 1215 4443 παράδοξα
1249 4371 1336 4444 ἦν.
1400 4375 1592 4447 Ἡμεῖς
1622 4377 1680 4430 δὲ
1723 4378 1978 4446 εἴποιμεν

392 4464 458 4514 ἂν
501 4463 638 4532 πρὸς
671 4461 866 4519 αὐτόν·
924 4466 1115 4530 Οὐδὲν,
1144 4461 1189 4520 ὦ
1238 4468 1506 4539 Ζαχαρία,
1547 4470 1654 4523 τῶν
1690 4471 1789 4540 τῆς
1839 4487 1976 4523 πανο

388 4553 558 4619 ἀγνου
613 4554 954 4624 ἀμφίϐολον·
991 4556 1146 4610 οὐδὲν
1187 4557 1564 4628 ἀκατάλληλον
1616 4558 1725 4612 τῶν
1766 4561 1975 4629 ταύτης

391 4643 694 4709 μεγαλείων
716 4661 728 4674 ο
769 4646 944 4698 πάντα
978 4649 1044 4715 τῇ
1075 4646 1306 4718 ἀληθεία
1331 4649 1393 4700 τὸ
1447 4648 1666 4716 βέϐαιον
1721 4650 1971 4719 εἴληφεν.

392 4733 538 4787 Ἔδει
570 4736 680 4805 γὰρ
711 4735 772 4787 τὸ
819 4736 961 4789 θεῖον
999 4740 1266 4809 σκήνωμα
1319 4740 1598 4804 τοιαύταις
1641 4742 1974 4796 ἀναϐάσεσιν

387 4827 710 4896 αὐξηθῆναι.
752 4829 900 4882 Ἔδει
939 4829 1036 4900 τὴν
1070 4831 1300 4884 ἄσπιλον
1333 4832 1550 4901 ἀμνάδα
1583 4832 1810 4906 τοιαύτῃ
1835 4852 1974 4887 παν-

385 4918 570 4990 δαισία
601 4920 982 4991 εὐωχηθῆναι·
1012 4922 1123 4975 ἔδει
1157 4922 1417 4976 τοιούτων
1459 4924 1777 4994 ἐδεσμάτων
1806 4927 1975 4995 ἐμφο-

384 5005 642 5078 ρηθῆναι.
681 5008 832 5062 Ἔδει
860 5011 937 5079 μὴ
965 5012 1046 5074 είς
1070 5011 1140 5065 τά
1167 5009 1277 5064 τῶν
1298 5011 1473 5080 ἁγίων
1508 5013 1676 5080 Ἀγια
1701 5013 1800 5084 τῆς
1837 5031 1970 5086 σκη-

381 5099 499 5169 νῆς,
522 5100 636 5153 ἀλλ’
661 5104 740 5164 είς
770 5103 935 5157 αὑτὸν
957 5105 1049 5157 τὸν
1081 5104 1313 5174 οὐρανὶν
1343 5103 1438 5159 τοῦ
1475 5105 1732 5177 ούρανοῦ,
1768 5108 1836 5161 τά
1867 5109 1963 5175 τῆς

380 5191 604 5262 πρώτης
633 5193 851 5263 ἡλικίας
875 5195 1255 5264 ἀνατραφῆναι
1277 5196 1377 5263 τὴν
1400 5195 1742 5268 πλατυτέραν
1753 5197 1960 5250 τούτων

377 5283 657 5351 ὀφθεῖσαν,
717 5286 809 5336 καὶ
869 5285 1204 5358 καθαρότητι
1252 5287 1656 5356 διενεγκοῦσαν.
1699 5290 1848 5343 Ἔδει
1882 5290 1957 5360 μὴ

379 5373 470 5443 ὑφ’
503 5377 621 5435 ἐνὸς
676 5377 841 5445 μόνου
875 5378 1109 5445 ἀγγέλου
1161 5379 1367 5448 ταύτην
1394 5380 1810 5449 ὑπηρετεῖσθαι.
1845 5381 1958 5434 ἀλλ’

377 5465 479 5520 ύπδ
511 5465 722 5535 μυρίων
755 5468 1032 5537 μυριάδων
1054 5467 1241 5537 κύκλῳ
1269 5467 1707 5539 δορυφορεῖσθαι.

2082 4369 2400 4441 gitationes,
2441 4383 2504 4422 ac
2539 4376 2768 4436 stupore
2804 4369 3124 4438 rapiebatur
3158 4381 3386 4442 propter
3412 4389 3500 4427 res
3538 4374 3663 4429 Vir-

2079 4463 2224 4532 ginis
2254 4462 2415 4531 plane
2446 4459 2818 4514 adntirandas.
2847 4459 2957 4516 Nos
2997 4477 3132 4516 vero
3160 4464 3226 4518 ad
3259 4480 3385 4519 eum
3408 4469 3662 4522 conversi

2081 4555 2331 4609 dicamus
2363 4569 2377 4606 :
2407 4550 2554 4606 Nihil
2581 4559 2687 4617 est,
2712 4567 2746 4606 ο
2771 4552 3058 4617 Zacharia,
3083 4569 3182 4610 cur
3201 4556 3268 4611 de
3302 4557 3371 4612 iis
3386 4573 3507 4627 qua:
3532 4576 3661 4629 per-

2077 4647 2256 4701 tinent
2305 4644 2372 4698 ad
2413 4645 2555 4699 hanc
2616 4643 3147 4712 innocentissimum,
3193 4649 3459 4720 ambigas.
3511 4652 3657 4707 Nihil

2077 4750 2161 4794 est
2198 4739 2252 4792 in
2311 4737 2561 4807 ejusdem
2622 4739 2968 4808 magnalibus
3009 4740 3156 4809 quod
3190 4756 3298 4796 non
3323 4743 3657 4799 adumussim

2074 4830 2180 4884 sibi
2223 4831 2557 4900 reSpondeat
2593 4847 2606 4884 :
2640 4833 2825 4886 omnia
2853 4833 3014 4901 plane
3038 4833 3255 4890 veritati
3292 4850 3531 4891 consona
3571 4855 3654 4894 re—

2073 4923 2388 4990 periunlur.
2411 4920 2720 4991 Oportebat
2751 4923 2897 4977 enim
2941 4933 3002 4978 ut
3029 4924 3279 4979 divinum
3325 4927 3652 4983 tabernacu-

2069 5016 2183 5070 lum
2240 5015 2353 5086 (51)
2379 5015 2533 5069 hisce
2598 5015 2860 5086 gradibus
2892 5017 3292 5073 incrementum
3323 5022 3649 5091 susciperet.

2068 5109 2392 5181 Oportebat,
2423 5118 2484 5162 ut
2513 5124 2653 5178 agna
2677 5109 3025 5164 immaculata
3053 5113 3325 5181 ejusmodi
3350 5115 3530 5182 epulis
3552 5131 3650 5185 pa-

2069 5213 2356 5265 sceretur;
2390 5201 2707 5272 oportebat,
2735 5211 2796 5256 ut
2828 5202 3163 5273 talibusipsa
3193 5206 3435 5261 aleretur
3469 5207 3643 5262 fercu-

2071 5292 2155 5345 lis.
2178 5292 2504 5362 Oportebat,
2535 5300 2595 5346 ut
2643 5291 2844 5346 nedum
2877 5293 2932 5346 in
2979 5293 3198 5350 Sanctis
3229 5308 3541 5350 sanctorum
3567 5307 3636 5352 ta-

2073 5383 2406 5446 bernaculis,
2435 5383 2531 5437 sed
2562 5384 2617 5438 in
2644 5383 2764 5454 ipso
2801 5385 2940 5439 cmlo
2971 5387 3237 5441 ccelorum
3271 5389 3338 5442 ab
3362 5388 3496 5462 ipsis
3520 5402 3620 5446 ait:

2069 5472 2141 5527 tis
2163 5472 2483 5544 primordiis
2525 5473 2883 5541 educaretur,
2916 5491 3036 5545 qua:
3065 5477 3220 5532 caelis
3249 5479 3384 5549 ipsis
3417 5483 3650 5550 amplior

449 5643 758 5712 (5i)\’irgo
801 5659 994 5712 nempe
1057 5642 1497 5712 Deipara,eujns
1557 5656 1716 5718 typus
1751 5662 1814 5699 ex
1873 5647 2096 5701 Patrum
2161 5649 2432 5700 sententia
2492 5648 2591 5702 fuit
2646 5649 2857 5718 antiqui
2920 5650 3144 5707 hederis
3209 5653 3643 5709 tabernaculum.

716 5737 986 5795 PATKOL.
1029 5737 1146 5795 Gn.
1181 5737 1339 5796 CXX
1355 5744 1383 5790 κ·
1403 5739 1477 5798 ιι.

3244 5743 3317 5802 20
