4122 6212
456 222 570 286 610

1767 218 2027 280 JACOBI
2070 219 2412 281 MONACIII

3603 216 3709 279 630

466 331 743 402 apparuit,
792 330 1048 401 ipsosque
1086 331 1322 400 puritate
1349 328 1629 400 superavit
1658 329 1791 399 (59.).
1836 328 2162 398 Oportebat,
2201 337 2262 383 ut
2299 326 2497 383 nedum
2526 324 2597 381 ab
2628 339 2741 382 uno
2802 333 3010 385 tantum
3042 324 3238 396 angelo
3273 325 3378 395 ipsi
3448 325 3729 381 ministra-

467 436 646 489 retur,
684 424 781 480 sed
804 440 833 478 a
857 423 1102 479 millibus
1130 424 1361 479 mil|ium
1391 423 1713 479 satellitium
1740 423 1791 479 ei
1812 424 2189 479 exhiberetur.

534 517 725 573 XVIII.
774 517 893 586 Ipsa
953 525 1117 579 est,o
1166 515 1454 580 Zacharia,
1500 517 1955 571 sublimissimum
1978 532 2041 570 ac
2074 526 2117 579 Α

437 599 442 605 ’
467 610 823 680 purissimum
886 608 1187 671 cimelium,
1220 609 1273 661 in
1300 623 1411 677 quo
1459 608 1731 662 reconditi
1759 618 1888 662 sunt
1917 624 2045 678 gra-

470 694 558 756 ua
583 699 861 765 thesauri;
888 699 942 752 in
969 714 1081 769 quo
1103 700 1296 752 salutis
1321 707 1523 754 nostra:
1553 699 1751 769 pignus
1768 708 2042 764 servatur,

470 795 524 848 in
557 808 669 862 quo
726 793 1052 846 (econumia:
1076 791 1276 845 divina:
1305 789 1514 845 divitiae
1541 790 1899 845 inell‘abiliter
1926 791 2046 845 sita:

469 894 618 940 sunt.
651 884 769 954 ipsa
794 893 878 938 est
926 900 1018 938 vas
1043 884 1175 938 illud
1216 882 1589 952 impollutam,
1621 884 1773 953 regio
1813 883 1936 938 luce
1960 899 2046 938 re-

472 985 628 1046 cepta
677 975 914 1046 fulgens,
975 990 1006 1031 e
1042 989 1149 1044 qua
1200 974 1394 1029 salutis
1424 975 1561 1029 radii
1595 974 1863 1029 universa
1886 983 2046 1031 terra:

469 1069 751 1124 eﬂulsere.
787 1067 938 1121 Hanc
998 1066 1507 1137 supermundanum
1539 1066 1707 1121 veluti
1774 1067 2042 1123 mundum

470 1161 733 1230 templum
762 1158 911 1214 istud
949 1159 1213 1227 suscepit.
1247 1159 1511 1213 Puritatis
1539 1159 1659 1229 ejus
1684 1158 1823 1213 odor
1843 1159 2045 1229 jucun-

469 1250 575 1305 dus
610 1264 720 1320 pra:
743 1249 1186 1319 quibuscunque,
1215 1249 1311 1318 qui
1350 1248 1737 1312 incendantur,
1776 1247 2044 1304 odoribus

471 1342 697 1397 suavius
750 1339 1037 1411 fragrabit.
1072 1340 1345 1395 Virtutum
1380 1340 1501 1409 ejus
1548 1339 1812 1409 splendor
1857 1340 2043 1394 multi-

473 1434 695 1503 pliciter
720 1431 1039 1487 lueentibus
1075 1430 1422 1485 candelabris
1455 1430 1750 1486 micantius
1783 1430 2051 1504 refulget.

468 1525 588 1593 ipsa
619 1523 864 1593 angelica
893 1523 1080 1592 gloria:
1102 1521 1314 1576 cantica
1345 1514 1637 1586 aeinulans,
1660 1523 2039 1579 incessabilem

469 1618 603 1681 Deo,
661 1616 748 1670 cui
782 1615 1044 1678 deservit,
1076 1613 1293 1667 laudem
1356 1613 1539 1668 oll'ert.
1569 1614 1689 1683 Ipsa
1725 1623 1848 1669 utut
1877 1631 2043 1672 sexus

469 1706 757 1762 muliebris
784 1707 1034 1767 exsistat,
1065 1704 1575 1773 incomparabiliter
1615 1715 1796 1760 tamen
1822 1707 2038 1763 virilem

469 1800 687 1855 excedit
705 1797 1096 1870 perfectionem
1118 1796 1354 1862 ;idcirco
1382 1797 1648 1853 naturalis
1666 1798 1895 1853 affectus
1916 1799 2039 1854 vin-

2221 516 2329 569 lll'.
2366 513 2515 583 Αὕτη
2551 514 2731 578 ἐστὶν,
2778 507 2825 568 ὦ
2857 515 3125 585 Ζαχαρία,
3174 515 3235 568 τὸ
3283 513 3590 583 ὑπέρτατον
3633 516 3729 569 καὶ

2153 606 2542 678 καθαρώτατον
2570 607 2876 679 κειμήλιον.
2898 609 2955 661 ἐν
2982 602 3026 676 ᾧ
3050 609 3099 661 οἱ
3133 607 3231 677 τῆς
3266 608 3489 679 χάριτος
3518 607 3727 676 θησαυ-

2154 698 2240 769 ροὶ
2272 697 2641 762 ἀπετέθησαν,
2685 701 2743 751 ὲν
2767 690 2812 765 ᾧ
2834 698 2905 751 τὰ
2929 698 3027 766 τῆς
3076 699 3234 768 ἡμῶν
3285 698 3562 769 σωτηρίας
3603 701 3729 752 ἐτα-

2155 791 2351 861 μιεύθη
2377 791 2633 859 ἐνέχυρα,
2659 792 2719 843 ἐν
2734 783 2778 857 ᾧ
2797 792 2825 842 ὁ
2849 790 2949 860 τῆς
2964 789 3278 859 οἰκονομίας
3301 789 3531 852 πλοῦτος
3554 793 3729 863 ἀπορο

2152 884 2331 955 ρήτως
2367 884 2685 936 ἀπόκειται·
2726 886 2786 935 τὸ
2818 881 3009 945 σκεῦος
3026 883 3089 934 τὸ
3117 881 3440 951 άμόλυντον,
3466 883 3527 935 τὸ
3555 900 3731 950 φωτο-

2147 974 2301 1043 δόχον
2332 975 2547 1045 χωρίον,
2578 973 2637 1038 ἐξ
2671 966 2735 1027 οὗ
2771 973 3050 1043 σωτηρίας
3096 975 3312 1036 ἀκτῖνες
3334 976 3400 1045 τῇ
3431 975 3727 1049 οἰκουμένῃ

2149 1063 2493 1133 ὲπέλαμῴαν.
2550 1064 2768 1133 Ταύτην
2798 1065 2873 1126 ὡς
2927 1065 3300 1133 ὑπερκόσμιον
3336 1065 3366 1117 ὁ
3415 1067 3544 1128 ναὸς
3570 1061 3728 1128 οὗτος

2150 1155 2445 1220 ὑπεδέξατο
2467 1156 2691 1226 κόσμον.
2713 1156 2925 1226 Ταύτης
2943 1159 2977 1225 ἡ
3009 1158 3106 1226 τῆς
3134 1156 3506 1225 καθαρότητος
3530 1159 3727 1211 εὐωδία

2147 1246 2258 1299 τῶν
2297 1247 2661 1317 θυμιωμένων
2688 1251 2907 1302 πάντων
2951 1248 3457 1318 ὑπερηδυνθήσεται
3514 1248 3725 1318 μύρων.

2147 1338 2297 1409 Αὕτη
2326 1341 2392 1409 τῇ
2429 1339 2538 1391 τῶν
2566 1340 2780 1410 ἀρετῶν
2821 1338 3173 1408 λαμπρότητι
3226 1339 3326 1400 τὰς
3373 1338 3726 1408 πολυφώτους

2148 1428 2599 1501 ὑπεραστράπτει
2631 1431 2875 1500 λυχνίας.
2908 1428 3059 1497 Αὕτη
3089 1433 3210 1493 ταῖς
3233 1430 3553 1498 ἀγγελικαίς
3574 1430 3729 1499 ἀμιλ.

2147 1520 2363 1602 λωμένη
2392 1521 2746 1590 δοξολογίαις.
2796 1522 3225 1575 ἀκατάπαυστον
3273 1523 3376 1593 τὴν
3416 1524 3627 1576 αῐνεσιν
3649 1523 3727 1590 τῷ

2147 1610 2619 1682 λειτουργουμένῳ
2682 1614 2953 1683 προσάγει
3009 1613 3148 1683 θεῷ.
3187 1613 3339 1683 Λῦτη
3386 1616 3434 1668 εί
3480 1615 3574 1668 καὶ
3627 1614 3728 1684 τῆς

2147 1701 2465 1773 γυναικείας
2495 1704 2609 1757 ἔστι
2654 1706 2893 1775 μερίδος,
2943 1705 3079 1759 ἀλλά
3107 1706 3458 1774 άσυγκρίτως
3486 1706 3587 1774 τῆς
3618 1707 3728 1759 τῶν

2147 1795 2397 1867 ἀρρένων
2430 1795 2752 1864 ὑπέρκειται
2785 1795 3122 1867 τελειότητος
3144 1812 3158 1828 ·
3194 1795 3275 1848 διὸ
3312 1796 3405 1849 καὶ
3436 1796 3534 1865 τῆς
3564 1813 3725 1864 φυσι-

463 1891 590 1945 cula
636 1890 995 1958 abrumpens,
1032 1903 1097 1943 ac
1158 1898 1446 1957 parentum
1500 1888 1649 1942 curis
1687 1889 2039 1959 posthabitis,

2152 1891 2248 1957 κῆς
2276 1887 2744 1959 άπορῤηγννμένη
2773 1889 3032 1956 σχέσεως,
3066 1887 3160 1940 καὶ
3194 1888 3291 1956 τῆς
3318 1884 3426 1938 τῶν
3456 1885 3724 1937 τεκόντων

469 1984 682 2055 paterni
744 1982 951 2036 amoris
1009 1981 1205 2035 solatia
1259 1981 1498 2045 abdicat,
1536 1998 1563 2034 a
1594 1992 1841 2036 materna
1869 1990 2044 2038 semet

468 2074 757 2130 affectione
781 2071 1039 2143 sejungit,
1068 2079 1125 2126 et
1153 2070 1415 2141 quaelibet
1461 2071 1586 2125 vitae
1616 2071 1902 2126 commoda
1936 2071 2044 2127 sibi

469 2165 770 2221 interdicit.
800 2166 1096 2234 Propterea
1153 2164 1298 2219 enim
1332 2173 1388 2220 et
1416 2164 1554 2218 mira
1581 2164 1698 2219 haec
1729 2179 1916 2219 rerum
1945 2180 2044 2220 no-

472 2259 642 2320 \ilas,
697 2267 756 2313 et
816 2272 1143 2311 arcanorum
1176 2257 1542 2328 participatio,
1571 2255 2043 2311 eteharismatum

470 2349 829 2406 exuberantia
862 2350 917 2403 in
947 2364 1069 2404 eam
1091 2358 1449 2411 concurrunt,
1480 2346 1837 2403 admirandus
1862 2348 2040 2415 cibus,

469 2444 715 2513 locuples
750 2443 1049 2513 gratiarum
1074 2443 1251 2512 copia,
1285 2442 1606 2512 angelorum
1639 2440 1934 2511 colloquia,
1958 2443 2041 2496 di-

469 2535 716 2589 viniores
771 2532 1194 2596 illustrationes,
1247 2533 1514 2587 habitatio
1590 2530 1647 2585 in
1708 2533 1883 2587 sacris
1947 2549 2044 2603 pe-

470 2625 801 2691 netralibus,
837 2624 1011 2679 libera
1074 2624 1128 2677 in
1175 2622 1394 2678 Sanctis
1443 2633 1761 2678 sanetorum
1810 2628 2044 2679 converi-

472 2716 635 2769 satio.

539 2805 684 2860 XIX.
720 2805 875 2860 Dedit
907 2808 1068 2869 enim,
1094 2807 1292 2875 inquit,
1328 2805 1464 2859 Deus
1486 2806 1573 2861 illi
1598 2808 1851 2877 gratiam,
1880 2817 1928 2861 et
1954 2823 2044 2877 pec

472 2897 624 2951 dibus
649 2900 757 2952 suis
780 2898 1127 2968 tripudiabat.
1151 2897 1377 2963 Qualem
1403 2897 1545 2951 hanc
1562 2898 1741 2967 (dicit)
1771 2898 2045 2968 gratiam?

475 2989 700 3045 Scilicet
752 2990 838 3044 vel
883 2989 1193 3043 divinarum
1237 2989 1667 3043 illustrationum
1701 3006 1919 3053 munus,
1959 2992 2043 3046 vel

475 3081 624 3136 illam
665 3096 830 3150 supra
858 3089 1072 3135 aetatem
1122 3078 1524 3143 fortitudinem,
1552 3082 1634 3134 vel
1681 3082 1827 3135 vires
1870 3082 2044 3151 ipsam

476 3172 543 3227 ad
568 3174 828 3227 virtutem
877 3171 1174 3241 perlectam
1228 3172 1642 3241 provelicntes;
1680 3172 1767 3227 vel
1814 3175 2042 3242 gratiam

475 3264 619 3320 hanc
638 3264 714 3318 ait
738 3263 1043 3332 accepisse.
1076 3279 1180 3334 qua
1216 3265 1329 3334 ipsa
1357 3262 1470 3318 sola
1505 3279 1615 3333 pra:
1633 3264 1908 3320 universis
1925 3281 2047 3319 mur

472 3353 706 3409 lierihus
745 3353 908 3425 digna
941 3352 1127 3407 habita
1161 3362 1269 3415 est,
1302 3361 1364 3426 ut
1425 3360 1479 3406 et
1528 3367 1593 3406 ea
1635 3352 2051 3407 consecratione

474 3445 828 3502 dedicaretur
881 3454 936 3500 et
996 3453 1103 3499 tam
1154 3444 1380 3498 liberam
1409 3441 1640 3513 degendi
1679 3442 1872 3497 ubiubi
1904 3443 2051 3498 intra

476 3538 664 3607 templi
697 3538 997 3591 sacrarium
1051 3535 1366 3589 facultatem
1412 3534 1682 3597 haberet;
1724 3542 1839 3587 tum
1885 3535 2048 3587 etiam

478 3637 539 3681 ut
571 3626 749 3696 gratia
778 3625 1175 3688 custodiretur,
1203 3635 1257 3677 et
1281 3625 1444 3693 hujus
1471 3624 1694 3693 quidem
1741 3626 1930 3695 gratia:
1959 3627 2046 3680 in-

481 3718 625 3771 dicia
658 3716 713 3769 in
739 3715 975 3768 mirabili
1027 3715 1121 3769 illo
1160 3715 1401 3783 tripudio
1440 3716 1737 3784 acciperet.

550 3805 706 3861 Dedit
723 3806 861 3858 enim
888 3804 1112 3872 (inquit)
1143 3805 1279 3857 Deus
1313 3804 1392 3857 illi
1417 3807 1672 3873 gratiam,
1708 3814 1759 3857 et
1789 3807 2048 3876 tripudia-

482 3896 570 3953 bst
620 3896 833 3969 pedibus
872 3898 1004 3950 suis.
1048 3894 1186 3961 Quid
1215 3894 1381 3965 igitur
1428 3894 1795 3950 admiratione
1821 3896 2045 3966 dignum

478 4003 578 4056 per
609 3988 724 4042 haec
760 3987 1011 4040 inuuitur
1035 3986 1059 4040 ‘I
1083 3985 1231 4040 Nihil
1259 3985 1406 4041 enim
1441 3986 1720 4055 singulare
1740 4002 1807 4042 ex
1836 3988 1919 4043 his
1945 3988 2041 4043 de-

477 4078 806 4134 sumendum
833 4094 976 4141 esse,
1010 4078 1183 4133 videri
1212 4078 1351 4133 forte
1382 4087 1591 4147 posset.
1618 4077 1819 4133 Verum
1842 4082 1886 4134 si
1920 4080 2046 4150 quis

477 4176 708 4224 eventus
736 4170 1034 4223 novitatem
1072 4167 1396 4239 perpendat,
1428 4167 1564 4220 nulli
1612 4181 1799 4222 earum
1834 4185 2042 4234 rerum,

2148 1978 2471 2048 ἐπιμελείας
2530 1977 2978 2047 ἀποξενουμένη,
3033 1975 3292 2047 πατρῴας
3342 1977 3726 2047 ἀποστερεῖται

2150 2070 2406 2140 στοργῆς,
2446 2068 2720 2139 μητρικῆς
2755 2069 3121 2139 ἀποτέμνεται
3156 2068 3419 2137 σχέσεως,
3470 2067 3571 2135 τῆς
3616 2066 3725 2119 τῶν

2148 2163 2473 2231 ἐπιτηδείων
2508 2162 2837 2228 ἀπείργεται
2896 2161 3217 2231 θεραπείας.
3267 2162 3369 2212 Διά
3407 2158 3518 2228 γάρ
3566 2157 3727 2211 τοῦτο

2148 2256 2243 2309 καὶ
2277 2255 2597 2326 παραδόξων
2619 2256 2961 2324 πραγμάτων
2990 2252 3308 2322 καινοτομία
3320 2270 3358 2317 ι,
3389 2251 3484 2305 καὶ
3521 2267 3728 2321 μυστικ-

2151 2348 2283 2419 ρίων
2321 2348 2650 2417 οἰκονομίαι,
2682 2352 2774 2401 καὶ
2802 2347 3162 2417 χαρισμάτων
3191 2344 3528 2413 συνέδραμον
3555 2342 3725 2408 ἀφθο-

2112 2440 2290 2523 ένίαιο
2321 2442 2353 2511 ἠ
2391 2440 2696 2510 παράδοξος
2747 2442 2942 2510 τροφὴ,
2976 2440 3010 2509 η
3049 2438 3158 2492 τῶν
3188 2438 3424 2508 χαρίτων
3471 2435 3725 2505 ἀφθονία.

2147 2533 2202 2584 al
2232 2531 2340 2584 τῶν
2363 2533 2610 2599 ἀγγέλων
2645 2532 2973 2601 συνομιλίαι,
3002 2532 3056 2583 αί
3088 2529 3362 2601 θειότεραι
3395 2528 3718 2598 ὲλλάμψεις,

2147 2625 2181 2692 ή
2210 2626 2266 2677 ὲν
2294 2626 2405 2687 τοῖς
2434 2623 2646 2687 ἀδύτοις
2675 2624 2952 2693 διατριῦὴ,
2980 2625 3012 2694 ἡ
3045 2625 3101 2676 ὲν
3129 2624 3309 2691 ἁγίοις
3341 2621 3649 2693 παρρησία.

2218 2803 2318 2858 ΙΘ’.
2355 2804 2576 2857 Ἔδωκε
2593 2805 2722 2873 γὰρ,
2745 2806 2933 2875 φησὶν,
2979 2807 3011 2858 ό
3040 2806 3185 2869 Θεολς
3212 2802 3389 2873 χάριν
3417 2803 3509 2857 ἐπ’
3532 2801 3727 2866 αὐτὴν

2147 2897 2242 2949 καί
2269 2898 2624 2963 κατεχόρευε
2644 2895 2768 2961 τοῖς
2789 2896 2979 2948 ποσίν
2996 2894 3208 2962 αὐτῆς.
3252 2893 3361 2964 Τὴν
3396 2895 3557 2947 ποίαν
3589 2893 3722 2946 ταύ-

2146 3004 2248 3056 την
2299 2988 2494 3056 χάρινς
2542 2986 2612 3038 Ἢ
2666 2984 2765 3055 τὴν
2815 2985 2925 3038 τῶν
2973 2985 3134 3039 θείων
3183 2985 3524 3055 ὲλλάμψεων,
3576 2984 3609 3054 ἢ
3665 2986 3726 3036 τὸ

2149 3078 2281 3147 παρ’
2314 3078 2532 3147 ἠλικίαν
2587 3076 2915 3147 καρτερικὸν
2967 3079 3128 3148 αὐτῇ,
3181 3079 3275 3130 καὶ
3330 3077 3467 3147 πρὸς
3523 3078 3725 3146 ἀρετῆς

2148 3170 2447 3235 ἀνάγεσθαι
2480 3168 2827 3237 παρέχουσαν
2856 3168 3171 3238 τελειότητα
3197 3184 3210 3198 °
3245 3169 3278 3237 ἢ
3328 3170 3490 3238 χάριν
3519 3166 3724 3237 ταύτην

2149 3259 2317 3327 φησὶν
2370 3258 2676 3327 εἰληφέναι,
2720 3258 2820 3329 τὴν
2865 3259 3034 3328 μόνην
3076 3259 3250 3328 αὐτὴν
3292 3260 3724 3329 προκεκρικυέιν

2147 3351 2244 3419 τῆς
2265 3350 2388 3402 κατ’
2416 3352 2634 3420 ἐκείνην
2657 3350 2897 3419 φύσεως,
2951 3350 3210 3420 τοιαύτης
3233 3351 3333 3421 μὲν
3357 3350 3456 3419 τῆς
3488 3350 3727 3420 ἀφιερώ-

2151 3459 2285 3505 σεως
2323 3445 2527 3511 τυχεῖν,
2551 3440 2694 3495 οὕτω
2730 3442 2788 3495 δὲ
2817 3441 3095 3495 ἀκώλυτον
3139 3443 3240 3513 τὴν
3267 3445 3325 3495 έν
3373 3444 3485 3505 τοῖς
3513 3442 3724 3505 ἀδύτοις

2151 3534 2431 3604 διατριϐὴν
2479 3534 2756 3587 ποιεῖσθαι
2808 3534 2902 3587 καὶ
2956 3534 3341 3603 συντηρείσθαι
3392 3537 3601 3607 χάριτι,
3631 3534 3726 3588 καὶ

2156 3625 2399 3693 σύμϐολα
2428 3626 2631 3695 ταύτης
2663 3629 2727 3696 τῇ
2766 3627 3054 3697 παραδόξῳ
3081 3627 3330 3696 δέχεσθαι
3370 3627 3641 3697 χορεύσει.

2228 3804 2451 3858 Ἔδωκε
2482 3805 2612 3874 γὰρ,
2657 3808 2839 3875 φησιν,
2865 3810 2897 3859 ὁ
2927 3808 3072 3873 Θεὸς
3092 3807 3268 3876 χάριν
3292 3810 3383 3862 ἐπ’
3415 3808 3725 3875 αὐτὴνκαὶ

2153 3898 2508 3964 κατεχόρευε
2559 3897 2682 3963 τοῖς
2732 3899 2920 3952 ποσὶν
2951 3898 3163 3967 αὐτῆς.
3200 3902 3325 3963 Πῶς
3380 3901 3631 3971 καθάπερ
3673 3918 3726 3953 τι

2158 3988 2299 4056 μέγα
2335 3989 2651 4041 καινότατον
2673 3988 2919 4042 τέθεικεν
2944 3992 2971 4042 ὁ
2992 3995 3366 4061 συγγραφεὺς,
3416 3995 3476 4045 τὸ
3503 3992 3727 4061 κατεχό-

2157 4092 2280 4144 ρευε
2303 4079 2416 4137 τοῖς
2439 4078 2596 4128 ποσὶν
2628 4077 2797 4142 αὐτῆς
2829 4077 2973 4142 λέγω
2999 4094 3015 4141 ;
3046 4079 3096 4131 τί
3126 4077 3218 4131 οὖν
3242 4078 3539 4147 παράδοξον
3569 4080 3730 4130 bitat-

2153 4168 2393 4222 νίττεται
2423 4168 2615 4234 τοῦτο;
2644 4168 2948 4238 παράδοξον
2985 4171 3084 4240 μὲν
3107 4167 3222 4234 οὖν,
3254 4171 3481 4225 αὐτόθεν
3511 4171 3725 4241 λαμϐα-

552 4344 666 4416 (59.)
695 4343 926 4407 Videsis,
966 4350 1173 4416 quanto
1200 4342 1386 4416 studio
1410 4344 1898 4414 singularissimam
1922 4346 2049 4400 Dei-
2082 4352 2128 4410 ι)
2156 4346 2325 4413 quue
2381 4343 2457 4416 ita
2485 4359 2542 4397 se
2574 4342 2799 4416 habere,
2834 4361 2900 4400 ex
2947 4344 3349 4415 patientissimo
3381 4350 3520 4403 Joho
3550 4351 3729 4403 disi-as

481 4430 627 4486 parte
647 4413 948 4486 puritatem
980 4413 1242 4486 extollere
1283 4415 1473 4468 Patres
1507 4413 1792 4486 nunquam
1824 4425 2049 4486 praeter-

485 4484 727 4540 iuittant.
760 4484 878 4540 Jam
912 4484 1058 4537 enim
1086 4484 1188 4538 etsi
1227 4500 1412 4552 parem
1450 4484 1839 4552 tantummodo
1884 4486 2051 4540 ταξιο-

483 4571 604 4610 rum
668 4554 890 4623 puritati
927 4549 1493 4622 puritatem—Virginis
1529 4553 1885 4613 allirmarent.
1916 4556 2051 4608 satis

487 4628 538 4680 id
568 4622 869 4684 evinceret,
924 4626 1095 4693 ipsam
1143 4622 1436 4693 cuiuslibet
1469 4623 1606 4679 labis
1642 4624 1883 4678 nesciam
1917 4640 2046 4693 pro-

486 4695 1011 4749 nunciandamesse.
1048 4692 1187 4757 Quid
1221 4708 1372 4756 vero,
1403 4708 1526 4746 eum
1556 4694 1724 4748 caelos
1748 4692 2053 4747 mundissi—

488 4780 606 4818 mos
629 4781 739 4833 pra:
771 4762 938 4816 Maria
967 4764 1151 4817 minus
1178 4763 1412 4816 mundos
1430 4762 1711 4817 habendus
1735 4763 2008 4817 affirmant
2032 4763 2055 4816 ?

488 4834 753 4888 Pimclara
779 4841 927 4895 sunt,
960 4848 1082 4901 quzc
1105 4834 1173 4887 de
1206 4833 1307 4887 hac
1330 4848 1387 4886 re
1420 4833 1649 4902 legimus
1674 4833 1839 4885 etiam
1870 4834 1924 4887 in
1954 4833 2053 4887 ho-

488 4904 638 4958 milia
667 4905 721 4957 in
747 4903 1093 4959 Natim'iatcm
1116 4904 1381 4971 hcipanr,
1408 4917 1570 4971 quam
1595 4902 1698 4956 sub
1733 4902 2053 4957 Damasceni

487 4974 711 5028 nomine
773 4973 944 5027 edidit
1008 4972 1079 5024 Le
1107 4972 1283 5037 Quieti
1315 4970 1441 5039 (vol.
1473 4971 1542 5034 ll,
1587 4986 1710 5040 pag.
1763 4972 1910 5040 851),
1957 4974 2052 5026 sed

490 5043 782 5098 Theodoro
820 5041 1051 5095 Studiue
1079 5041 1471 5095 restituendam
1503 5041 1764 5110 aliasjam
1791 5040 2049 5095 diximus.

487 5112 623 5167 Cum
654 5115 798 5166 enim
830 5122 1023 5167 auctor
1052 5110 1425 5180 praemisisset,
1453 5111 1647 5171 Deum,
1671 5125 1795 5180 cum
1832 5110 2052 5163 Mariam

487 5182 755 5245 condidit,
784 5178 1201 5235 novumcdﬂum
1248 5195 1484 5241 creasse,
1536 5180 1638 5235 sibi
1685 5178 1885 5233 deinde
1935 5180 2051 5233 haec

489 5251 681 5321 objicit
738 5251 788 5320 «δ
842 5254 894 5315 4,
928 5268 1049 5320 pag.
1097 5253 1222 5321 851)
1261 5270 1275 5305 :
1315 5270 1332 5303 ι
1386 5251 1812 5321 Verumtamen,
1854 5249 2052 5319 inquit,

489 5319 728 5389 mundus
773 5319 1023 5373 anterior
1050 5319 1211 5389 quam
1270 5321 1504 5373 maxime
1560 5329 1646 5373 est
1672 5319 2052 5374 admirabilis:

488 5386 621 5442 Cum
649 5391 787 5441 enim
808 5399 985 5441 creata
1007 5386 1127 5441 sunt
1160 5391 1358 5451 sidera,
1387 5408 1578 5459 magna
1611 5405 1731 5443 voce
1758 5407 1836 5442 me
1868 5389 2057 5444 lauda-

486 5466 673 5528 uerunt
725 5467 773 5510 et
818 5460 1232 5527 prwdicavcrunt
1283 5459 1459 5528 angeli
1507 5461 1627 5512 turi.
1669 5460 1805 5528 (Job.
1830 5476 2055 5525 xxxvm,

486 5527 565 5594 7.)
590 5527 657 5581 Et
690 5528 1024 5599 respondet:
1061 5547 1077 5577 ι
1114 5530 1276 5596 Atqui
1310 5527 1443 5582 nihil
1477 5531 1552 5581 sic
1584 5527 1692 5581 Deo
1721 5533 2056 5599 decensgra-

489 5610 714 5668 tumque
737 5596 865 5665 fuit,
888 5597 962 5652 uti
993 5599 1146 5652 beata
1179 5613 1243 5651 ac
1272 5616 1498 5667 prorsus
1519 5600 1846 5652 admiranda
1872 5596 2054 5670 Virgo.

2155 4416 2305 4475 licet,
2330 4414 2422 4482 qui
2444 4414 2774 4482 inquitllob.
2800 4432 2889 4479 xv,
2921 4414 3017 4480 15;
3053 4433 3176 4481 xxv,
3202 4416 3252 4482 5)
3273 4435 3287 4470 :
3310 4418 3510 4473 Caelum
3532 4432 3729 4474 nonest

2156 4486 2430 4558 mundum,
2452 4494 2499 4537 et
2519 4483 2684 4558 stella'
2706 4502 2810 4558 non
2832 4495 2954 4539 sunt
2980 4493 3188 4539 munda:
3214 4489 3269 4541 in
3292 4499 3569 4558 conspectu
3593 4490 3725 4557 ejus.

2160 4554 2272 4609 Hac
2342 4569 2474 4607 vero
2500 4554 2632 4630 quid
2672 4555 3004 4630 puriussit?
3024 4558 3155 4625 quid
3174 4554 3491 4630 mundius?
3523 4554 3726 4630 quippe

2159 4640 2322 4699 quam
2352 4624 2805 4699 praestantissima
2836 4626 2926 4699 illa
2955 4641 3018 4699 ac
3042 4624 3358 4694 purissima
3393 4629 3483 4682 lux
3514 4624 3728 4699 (unige-

2161 4697 2335 4768 nilnin
2394 4694 2782 4768 Da-i_\’et'|_itttii)
2817 4697 2897 4750 sic
2935 4697 3292 4768 adamaverit,
3331 4708 3391 4753 ιιι
3422 4694 3725 4768 ρει-εειῐῖοιὶ

2162 4764 2401 4833 Spiritus
2467 4764 2947 4818 obumbrationem
2996 4764 3433 4821 substantialitcr
3496 4784 3621 4823 cum
3663 4784 3727 4823 ea

2162 4833 2527 4906 commisceri,
2553 4843 2611 4887 et
2637 4834 2846 4906 cxipsa
2887 4835 3163 4903 perfectus
3192 4837 3356 4891 homo
3381 4839 3600 4906 prodire
3628 4854 3725 4893 vo-

2161 4905 2348 4975 luerit.
2383 4921 2403 4954 ι
2432 4902 2564 4967 Quae
2591 4903 2813 4972 quidem
2842 4902 2999 4973 plane
3024 4902 3394 4975 peremptoria
3411 4919 3560 4963 sunt.
3586 4908 3725 4963 Nam

2160 4989 2286 5046 cum
2314 4974 2457 5046 Deus
2490 4988 2589 5027 ceu
2608 4975 2901 5042 purissima
2938 4977 3026 5028 lux
3057 4974 3349 5031 inducatur
3376 4980 3726 5046 purissimam

2162 5043 2268 5096 sibi
2299 5042 2485 5096 sedem
2520 5058 2773 5112 quierens
2805 5059 2868 5096 ac
2914 5057 3200 5113 propterea
3250 5042 3471 5100 Mari—am
3493 5065 3591 5103 ceu
3629 5065 3731 5103 no-

2161 5127 2289 5165 vum
2346 5113 2545 5182 coelum
2601 5127 2795 5166 creatis
2823 5116 2961 5167 adeo
2987 5131 3200 5182 puram,
3236 5126 3293 5169 ut
3323 5129 3517 5172 auctor
3544 5120 3729 5174 excla-

2163 5183 2363 5259 ni‘ando
2399 5181 2475 5259 in__
2498 5181 2630 5259 illud
2684 5181 3041 5259 prorumpat:
3068 5186 3340 5259 Quid_illa
3368 5190 3571 5257 purius,
3605 5189 3733 5259 quid

2161 5250 2255 5303 illa
2292 5251 2716 5325 mundius?jatn
2761 5256 2863 5307 nisi
2911 5250 3166 5314 retineas.
3211 5250 3433 5310 Mariam
3486 5250 3732 5325 cujuSvis

2164 5323 2389 5393 macula:
2432 5334 2713 5391 expertem
2770 5324 3034 5383 extitisse,
3084 5326 3258 5393 palam
3294 5323 3727 5383 estexelaiuanti

2164 5391 2409 5465 potuisse
2448 5395 2605 5446 larile
2643 5395 2872 5465 -repuni,
2900 5404 2954 5465 et
2983 5391 3139 5447 cml’ts
3179 5396 3455 5465 puriurcm
3491 5414 3599 5451 non
3633 5399 3731 5451 ha-

2166 5461 2303 5522 beri,
2333 5476 2454 5536 qua:
2481 5470 2704 5536 peccato
2731 5463 2859 5536 olim
2885 5461 3079 5536 fuerit
3122 5461 3431 5536 deturpata,
3459 5479 3516 5523 et
3545 5470 3728 5536 purio-

2164 5548 2280 5605 rem
2307 5531 2514 5605 _§L‘llCll|
2551 5532 2663 5605 Deo
2709 5532 2894 5605 offerri
2939 5536 3203 5602 potuisse,
3241 5531 3511 5605 siqttidem
3545 5531 3729 5590 'aliam

2163 5602 2265 5657 sibi
2306 5600 2529 5655 Matrem
2565 5603 2633 5656 ab
2666 5603 2893 5672 originis
2923 5600 3039 5660 labe
3063 5600 3360 5661 immunem
3395 5617 3655 5663 creasset.
