4130 6202
354 307 459 372 (21

1131 300 1418 361 ORATIO
1455 299 1538 362 ΙΝ
1576 295 2290 360 ΡΒΑΞΞΕΝΤᾹΤΙΟΝΕΜ
2331 294 2432 356 SS.
2473 294 2854 356 DEIPARE.

3492 294 3598 357 622

348 414 593 483 νόμενον,
623 407 770 471 εἰκὸς
797 406 863 461 ἂν
895 406 957 461 ού
995 406 1218 471 δόξειεν.
1251 407 1315 460 Εἰ
1348 407 1405 460 δὲ
1434 407 1536 472 τὴν
1560 406 1657 459 τοῦ
1684 405 1928 475 συμϐάν-

2050 421 2159 475 tua:
2226 404 2310 459 vel
2375 403 2611 458 maxime
2685 401 3021 457 admirandae
3080 409 3400 472 censentur,
3456 403 3598 461 hanc

344 522 431 568 τος
452 501 723 571 ὲννοήσειέ
751 516 834 560 τις
865 499 1240 568 καινοτομίαν,
1275 500 1374 553 οὐκ
1402 499 1469 552 ἂν
1493 499 1602 551 τῶν
1632 497 1925 564 παροδοξο-

344 595 522 647 τάτων
546 591 665 661 θείη
687 590 964 657 δεύτερονο
1000 589 1095 643 καὶ
1116 590 1227 659 γὰρ
1246 586 1314 660 ἦν
1348 582 1654 643 ἰσοστάσιον
1684 606 1926 642 καινοτο-

350 682 621 755 μούμενόν
656 697 714 733 τε
745 680 863 747 ἅμα
886 680 983 731 καὶ
1013 679 1467 747 κατανοούμενον.
1523 677 1647 740 Πῶς
1695 678 1804 747 γὰρ
1831 676 1927 730 καὶ

350 775 426 844 μὴ
472 771 714 842 ὑπῆρξεν
739 770 884 824 οὓτω
923 775 1035 834 τοῖς
1079 766 1395 840 θεωμένοις,
1435 771 1494 823 ἐν
1541 770 1620 840 τῷ
1645 770 1784 838 θείῳ
1828 768 1927 823 καὶ⁶
1970 804 1971 807 η

346 863 716 933 ἀφωρισμένη)
743 862 910 933 χώρῳ
937 863 1051 924 τοῖς
1078 860 1146 914 τά
1177 862 1463 931 ἀπόρρητα
1497 860 1841 930 μυουμένοις,
1869 861 1929 914 ὲν

350 956 481 1025 ἱερῷ
510 957 623 1016 τοῖς
650 954 719 1005 τὰ
762 953 884 1022 ἱερὰ
908 951 1153 1004 τελοῦσιν
1178 950 1535 1020 ἐνδιατρίϐειν
1573 964 1928 1018 συγκεχωρηο

351 1047 556 1113 μένοις,
587 1044 647 1095 ὲν
682 1042 869 1112 ἀϐάτῳ
896 1042 1080 1112 σχεδδν
1114 1041 1330 1108 γυναιξὶ
1357 1039 1528 1109 τόπῳ,
1554 1040 1775 1094 νεάνιδα
1796 1054 1932 1109 παρ-

350 1138 505 1190 θένον
537 1137 826 1198 διαπαντὸς
857 1135 1305 1204 ὲνδιαιτωμὲνην,
1331 1134 1426 1187 καὶ
1447 1133 1548 1204 τὴν
1579 1133 1745 1203 μόνην
1772 1149 1930 1202 περι-

348 1228 663 1297 ορισθεῖσαν
723 1227 1024 1298 ἀφιέρωσιν
1080 1223 1358 1296 ἀνδράσιν,
1400 1226 1459 1279 ὲν
1520 1224 1740 1293 γυναιξὶ
1795 1223 1928 1294 παρ’

350 1318 545 1371 ἐλπίδα
565 1317 1083 1386 καινοτομουμένην,
1112 1316 1206 1369 καὶ
1234 1315 1343 1368 τῶν
1364 1314 1622 1368 τοιούτων
1650 1312 1774 1383 άρτι
1801 1328 1929 1365 και-

353 1411 788 1479 νοτομουμένων,
823 1410 1046 1479 μηδένα,
1084 1410 1222 1477 μήτε
1253 1408 1467 1477 ἱερέων,
1504 1406 1643 1475 μήτε
1679 1403 1928 1470 ἰδιωτῶν,

353 1503 388 1572 ἦ
423 1503 569 1571 ἔργῳ
605 1500 926 1553 διακωλύειν
956 1502 1254 1570 ἐπιχειρεῖν
1287 1500 1320 1568 ἢ
1342 1499 1520 1566 λόγοις
1547 1498 1643 1566 τὴν
1664 1495 1931 1550 δοκοῦσαν

358 1594 415 1644 ἐν
466 1592 544 1661 τῷ
597 1592 888 1661 πράγματι
948 1590 1316 1661 παρανομίαν,
1378 1588 1474 1640 καὶ
1512 1586 1808 1655 διελέγχειν
1837 1585 1933 1637 καὶ

355 1682 763 1753 ἁπαγορεύειν;
807 1681 969 1735 Ἀλλὰ
998 1682 1108 1752 γὰρ
1155 1679 1415 1749 καὶπρὸς
1453 1679 1514 1732 τὸ
1567 1678 1641 1748 μὴ
1676 1676 1933 1746 νοηθῆναι

350 1773 532 1841 τοῦτο,
580 1773 981 1845 καταδεχθῆναι
1008 1773 1065 1826 δὲ
1117 1772 1322 1842 μᾶλλον
1366 1771 1465 1842 τὴν
1496 1768 1654 1841 ξένην
1688 1768 1929 1837 ἀφιέρω-

354 1889 461 1935 σιν,
492 1871 584 1924 καὶ
632 1871 964 1941 συνησθῆναι
1012 1867 1184 1939 ταύτῃ
1220 1869 1348 1931 τοὺς
1379 1867 1626 1937 ὁρῶντας
1649 1864 1925 1927 ἅπαντας,

353 1965 383 2015 ὁ
403 1963 645 2032 χαρίτων
670 1961 773 2030 τὴν
800 1961 1222 2032 προσαγομένην
1266 1957 1650 2030 παρεσκεύασε
1678 1958 1831 2020 θεός.

2030 499 2333 555 secundam
2376 497 2735 552 existimabit.
2781 497 2906 551 Pari
2947 496 3095 552 enim
3121 496 3486 553 admiratione
3517 498 3601 553 di-

2030 607 2194 662 gnum
2221 599 2341 645 erat
2370 600 2484 644 tum
2514 604 2717 642 novum
2751 588 2907 652 illud,
2926 588 3073 658 quod
3094 587 3279 655 ﬁebat,
3312 598 3426 645 tum
3450 591 3598 660 quod

2031 697 2128 752 per
2157 681 2261 736 hoc
2317 682 2488 736 menti
2545 680 3007 735 considerandum
3031 680 3420 751 objiciebatur.
3456 682 3603 749 Quo-

2033 774 2197 827 modo
2235 772 2382 828 enim
2421 775 2473 826 in
2504 782 2784 842 stuporem
2815 789 2924 828 non
2986 784 3328 844 raperentur,
3360 790 3485 831 cum
3519 776 3601 829 vi-

2031 864 2243 927 derent,
2272 865 2325 918 in
2361 864 2481 918 loco
2505 864 2600 918 illo
2635 864 2826 919 divino
2873 875 3041 934 atque
3075 865 3145 919 iis
3176 863 3484 936 designato,
3508 867 3602 935 qui

2032 955 2409 1010 ineﬂ‘abilibus
2436 955 2714 1026 mysteriis
2746 956 3125 1019 initiabantur,
3163 958 3217 1012 in
3255 960 3480 1029 templo,
3517 960 3602 1014 in.

2031 1062 2218 1117 qnam,
2252 1048 2414 1101 simul
2444 1062 2569 1101 cum
2600 1048 2668 1103 iis
2706 1048 2908 1117 quibus
2948 1049 3151 1103 ibidem
3187 1053 3395 1107 morari
3422 1053 3488 1107 ad
3523 1069 3604 1107 sa-

2033 1150 2125 1190 cra
2176 1137 2485 1207 peragenda
2517 1137 2737 1201 licebat,
2785 1139 2836 1191 in
2878 1138 3000 1194 loco
3030 1140 3357 1195 mulieribus
3380 1156 3605 1211 prorsus

2034 1243 2143 1282 non
2173 1228 2449 1292 adeundo,
2480 1228 2718 1299 puellam
2748 1230 3010 1301 virginem
3048 1230 3255 1302 jugiter
3281 1233 3486 1287 versari
3510 1249 3526 1299 ;
3550 1243 3606 1287 et

2039 1320 2515 1375 consecrationem
2550 1320 2717 1387 illam,
2749 1338 2871 1392 quae
2899 1322 3038 1379 viris
3074 1333 3282 1378 tantum
3307 1324 3606 1380 constituta

2035 1421 2175 1476 erat,
2208 1427 2349 1467 novo
2389 1422 2587 1482 prmter
2617 1415 3084 1483 exspectationem
3128 1418 3380 1487 exemplo
3410 1417 3607 1472 mulie-

2037 1502 2194 1556 ribus
2227 1518 2573 1559 communem
2606 1506 2754 1572 ﬁeri;
2780 1523 3015 1577 cumque
3047 1508 3172 1562 talia
3200 1524 3348 1564 nunc
3367 1510 3605 1580 primum

2037 1594 2251 1659 ﬁerent,
2280 1595 2553 1650 neminem
2590 1598 2707 1652 sive
2747 1614 2778 1654 e
2810 1599 3193 1655 sacerdotibus
3220 1601 3335 1655 sive
3360 1617 3390 1656 e
3424 1601 3608 1671 priva-

2040 1685 2130 1750 tis,
2159 1685 2213 1740 id
2247 1687 2396 1755 quod
2437 1687 2539 1759 legi
2589 1705 2648 1744 re
2684 1691 2796 1760 ipsa
2858 1692 3139 1747 adversari
3163 1693 3474 1757 videbatur,
3507 1693 3614 1747 im-

2036 1774 2229 1843 pedire
2283 1784 2379 1830 aut
2426 1777 2759 1845 improbare,
2793 1791 2888 1834 aut
2945 1780 3274 1836 interdicere
3311 1781 3426 1836 sive
3456 1781 3612 1835 factis

2036 1864 2154 1919 sive
2194 1866 2379 1921 verbis
2410 1883 2605 1922 ausum
2642 1869 2850 1923 fuisse?
2873 1855 3113 1924 AtI‘enim
3139 1872 3283 1926 Deus
3312 1871 3609 1940 ipse'obla-

2039 1965 2146 2010 tam
2206 1958 2481 2028 Virginem
2518 1961 2705 2030 gratia:
2760 1961 3086 2016 muneribus
3116 1962 3253 2015 adeo
3286 1973 3606 2017 exornatam

355 2052 622 2117 ostendit,
670 2059 731 2106 ut
765 2067 928 2107 nemo
968 2066 1185 2114 eorum,
1212 2049 1306 2119 qui
1343 2064 1457 2103 rem
1528 2062 1714 2102 coram
1785 2044 2130 2115 spectabant,
2197 2048 2262 2100 ad
2311 2048 2414 2102 hoc
2450 2058 2689 2104 mentem
2758 2052 3087 2114 adverteret,
3131 2051 3241 2106 imo
3272 2066 3399 2106 vero
3429 2044 3612 2107 cuncti

354 2145 672 2200 inusitatam
706 2145 857 2199 illam
889 2132 1358 2198 consecrationem
1383 2143 1529 2195 ultro
1559 2139 1935 2201 admitterent,
1973 2140 2107 2206 quin
2136 2150 2192 2193 et
2218 2140 2334 2210 ipsa
2365 2139 2797 2199 delectarentur.

430 2240 514 2291 K'.
541 2237 764 2290 Ἔδωκε
813 2236 945 2304 γὰρ,
980 2235 1137 2305 φησι,
1165 2232 1343 2302 χάριν
1370 2232 1464 2285 ἐπ’
1492 2222 1689 2298 αὐτὴν
1714 2234 1746 2284 ό
1771 2229 1937 2295 Θεὸς,

355 2329 455 2382 καὶ
484 2327 839 2394 κατέχόρευε
872 2323 991 2390 τοῖς
1029 2324 1214 2378 ποσὶν
1252 2320 1465 2390 αὐτῆς,
1496 2321 1595 2374 καὶ
1624 2320 1943 2390 ἠγάπησεν

359 2418 559 2487 αὐτὴν
585 2416 705 2484 πᾶς
733 2414 899 2482 οἶκος
927 2416 1188 2484 Ἰσραήλ.
1217 2416 1290 2469 Ού
1329 2415 1490 2485 μόνον
1523 2413 1659 2483 πρὸς
1688 2414 1787 2483 τὴν
1817 2430 1941 2465 και-

358 2513 459 2583 νὴν
516 2511 774 2566 ἀπόδοσιν
829 2510 858 2562 ὁ
918 2508 1256 2579 Ἰσραηλίτης
1309 2508 1410 2560 οὐκ
1463 2506 1733 2573 ἀντιλέγει
1786 2505 1937 2568 λαὸς,

362 2606 501 2660 ἀλλὰ
522 2606 619 2659 καὶ
650 2603 830 2674 ἠπίως
878 2601 1238 2670 καταδέχεται
1274 2599 1514 2670 ταύτην·
1549 2599 1646 2652 καὶ
1674 2599 1733 2651 οὐ
1780 2596 1939 2651 τοῦτο

366 2698 550 2766 μόνον,
580 2694 717 2750 ἀλλὰ
747 2694 844 2748 καὶ
876 2693 1263 2764 περιποθήτως
1319 2691 1452 2745 αὐτό
1482 2707 1541 2742 τε
1566 2689 1626 2743 τὸ
1654 2690 1940 2757 γινόμενον

366 2789 619 2859 πρᾶγμα,
672 2786 764 2840 καὶ
824 2784 924 2855 τὴν
994 2780 1414 2854 προσαγομένην
1478 2779 1938 2851 περιπτύσσεται.

377 2878 682 2948 Ἥγνάπησε
710 2875 823 2946 τὰρ
859 2874 1074 2943 αὐτὴν,
1123 2874 1279 2944 φησι,
1312 2871 1432 2938 πᾶς
1462 2868 1626 2936 οἶκος
1655 2867 1903 2937 Ἰσραήλ
1922 2905 1937 2921 .

380 2973 472 3034 Ὠς
496 2967 651 3038 θεῖκῇ
683 2967 1084 3037 ὰποδεδομένην
1114 2968 1369 3036 ἠγάπησε
1403 2965 1649 3035 προνοίᾳ,
1673 2961 1816 3015 ὥστε
1845 2978 1941 3014 τα-

372 3062 694 3135 μιευόμενον
732 3060 810 3130 τῷ
855 3058 1062 3128 κτίστῃ
1091 3057 1365 3127 [τετίμηκε
1395 3054 1703 3126 κειμήλιον,
1749 3052 1825 3116 ὡς
1851 3053 1943 3105 εύ-

369 3132 448 3223 πρ
465 3155 718 3207 όσδεκτον
767 3151 934 3205 αὐτοῦ
988 3148 1391 3221 περιεπτύξατο
1438 3145 1756 3216 προσφοράν
1783 3160 1796 3173 ·
1853 3132 2016 3195 κο.λο

366 3248 468 3300 οὐκ
511 3243 690 3310 εἶπεν,
758 3242 1096 3312 Ἠγάπησεν
1144 3240 1341 3307 αὐτὴν
1384 3242 1417 3294 ὀ
1469 3234 1635 3304 οἶκος
1680 3235 1942 3303 Ἰσραὴλ,

367 3337 524 3401 ἀλλὰ,
556 3334 676 3401 πᾶς
703 3330 868 3400 οἶκος
905 3331 1165 3402 Ἰσραήλ.
1199 3332 1312 3402 Οὐχ
1344 3332 1393 3385 οἱ
1420 3332 1479 3383 ὲν
1505 3330 1583 3400 τῷ
1612 3329 1762 3398 θείῳ,
1790 3328 1971 3396 φησι..

369 3426 585 3497 τεμένει
609 3425 770 3496 μόνον
790 3424 1067 3494 ἀρχιερεῖς
1092 3420 1188 3475 καὶ
1215 3419 1426 3473 λευίται
1457 3419 1694 3478 ἅπαντες
1719 3417 1771 3468 οἴ
1789 3431 1848 3466 τε
1870 3413 1950 3482 τῷ

375 3508 749 3588 θυσιαστηρίῳ
798 3514 1183 3585 ἐφεδρεύοντες
1255 3513 1354 3566 καὶ
1396 3513 1514 3573 ταῖς
1568 3508 1781 3570 θυσίαις
1814 3506 1948 3559 καθ-

375 3608 833 3680 υπηρετούμενοι,
881 3609 946 3677 τῇ
997 3602 1362 3676 καθαρωτάτη
1418 3600 1623 3671 ταύτης
1666 3599 1951 3669 συνήδοντο

376 3700 589 3771 σχέσει,
607 3700 742 3753 ἀλλὰ
772 3700 868 3753 καὶ
897 3699 949 3751 οἱ
977 3695 1315 3768 πανταχόθεν
1337 3693 1789 3765 συναγειρόμενοι
1814 3708 1952 3761 συμ-

373 3794 629 3864 φυλέται,
684 3793 777 3847 καὶ
824 3793 922 3864 τῆς
952 3789 1210 3862 πατρῴας
1261 3789 1427 3841 ἕνεκα
1480 3785 1802 3857 θρησκείας,
1859 3784 1950 3837 τὸν

376 3886 725 3959 περιώνυμον
764 3887 971 3938 ἐκεῖνον
1001 3880 1513 3951 καταλαμϐάνοντες
1553 3876 1703 3936 ναὸν.
1736 3875 1949 3944 ἄνδρες,

376 3981 656 4047 γυναῖκες,
696 3974 1021 4047 πρεσδῦται,
1083 3971 1216 4032 νέοι,
1259 3967 1519 4039 παρθένοι
1578 3963 1954 4035 συνηλικιώτι-

377 4070 487 4132 δες,
532 4066 857 4137 αὐτόχθονες
896 4082 954 4117 τε
987 4066 1081 4117 καὶ
1129 4063 1178 4114 οἱ
1215 4063 1277 4113 ἐκ
1307 4061 1613 4128 διασπορᾶς
1663 4056 1951 4126 φοιτῶντες

391 4161 758 4230 Ἰσραηλίταιο
791 4157 995 4218 πάντες
1046 4148 1191 4208 οὗτοι
1251 4151 1327 4222 τῷ
1359 4150 1461 4219 τῆς
1515 4150 1794 4218 θεωμένης
1845 4149 1953 4199 τῶν

378 4254 700 4322 ἀνακτόρων
745 4249 893 4303 ἔνδον
951 4244 1413 4312 καταθελγόμενοι
1462 4241 1674 4304 κάλλει,
1724 4243 1792 4310 τῇ
1833 4241 1954 4293 ἀνη-

382 4343 559 4415 θεύτῳ
574 4343 782 4413 ταύτης
812 4339 1182 4417 προσεφύοντο
1214 4336 1514 4406 ἀγαπήσει.

2111 2231 2231 2286 XX.
2272 2233 2424 2288 Dedit
2445 2238 2606 2299 enim,
2646 2238 2845 2307 inquit,
2874 2237 3010 2291 Deus
3035 2236 3117 2291 illi
3154 2240 3408 2309 gratiam.
3441 2251 3491 2291 et
3512 2243 3611 2293 tri-

2038 2324 2292 2390 pudiabat
2322 2327 2538 2395 pedibus
2561 2329 2691 2390 suis,
2720 2339 2768 2382 et
2800 2329 3052 2400 diligebat
3093 2346 3209 2384 eam
3243 2333 3410 2384 omnis
3430 2332 3612 2385 domus

2039 2415 2236 2471 Israel.
2285 2418 2406 2473 Non
2446 2420 2609 2474 modo
2659 2420 2890 2475 insuetae
2927 2422 3057 2476 huic
3083 2421 3347 2476 oblationi
3382 2423 3615 2492 populus

2046 2504 2380 2562 lsraclitieus
2435 2524 2543 2562 non
2595 2510 2946 2576 contradicit,
2995 2525 3192 2566 verum
3244 2512 3409 2566 etiam
3440 2512 3613 2581 ipsam

2045 2598 2229 2651 animo
2253 2599 2532 2663 admittit;
2563 2615 2740 2670 neque
2792 2602 2899 2656 hoc
2930 2610 3161 2667 tantum,
3196 2619 3388 2657 verum
3410 2613 3613 2658 etcum

2046 2689 2247 2743 allectu
2284 2690 2418 2745 illud
2442 2691 2641 2760 ipsum,
2667 2693 2811 2761 quod
2846 2694 2923 2759 lit,
2954 2704 3011 2749 et
3045 2709 3188 2760 eam,
3214 2711 3335 2764 qua:
3366 2695 3615 2758 oﬂ'ertur.

2046 2782 2416 2850 amplectitur.
2476 2782 2739 2853 Diligebat
2778 2787 2939 2847 enim.
2992 2785 3205 2855 inquit,
3248 2787 3402 2841 illam
3443 2788 3614 2843 omnis

2048 2873 2233 2925 domus
2266 2872 2458 2930 Israel.
2490 2874 2692 2928 Dilcxit
2733 2885 2923 2945 utpote
2953 2877 3144 2933 divino
3169 2879 3402 2933 consilio
3427 2894 3616 2935 consc-

2048 2973 2278 3025 cratam.
2306 2974 2563 3036 tanquam
2597 2968 2875 3022 eimelium
2901 2967 3150 3024 Creatori
3180 2972 3483 3040 repositum
3517 2971 3619 3027 bo-

2050 3058 2289 3125 neravit,
2356 3067 2616 3129 tanquam
2674 3061 3110 3130 acceptissimam
3157 3063 3234 3115 illi
3283 3064 3617 3119 oblationem

2050 3150 2540 3219 complectebatur.
2575 3151 2643 3205 Et
2667 3167 2776 3204 non
2803 3152 2959 3213 dixit.
3000 3153 3257 3223 Diligebat
3282 3170 3400 3207 eam
3434 3156 3619 3210 domus

2050 3241 2242 3305 Israel,
2277 3242 2395 3305 sed,
2433 3244 2603 3296 omnis
2628 3243 2813 3295 domus
2836 3242 3024 3296 Israel.
3056 3244 3173 3296 Non
3204 3245 3368 3298 modo
3396 3247 3618 3316 (inquit)

2049 3331 2143 3400 qui
2178 3330 2233 3384 in
2286 3331 2474 3384 divino
2542 3331 2747 3399 templo
2799 3330 3296 3398 erantpontiliccs,
3330 3333 3620 3403 levitasque

2050 3420 2315 3487 universi,
2354 3430 2410 3475 et
2432 3421 2525 3490 qui
2553 3420 2711 3474 altari
2735 3420 3098 3485 adsistebant,
3126 3430 3182 3475 et
3205 3422 3491 3478 sacriﬁciis
3515 3426 3615 3478 mi-

2049 3511 2381 3578 nistrabant,
2412 3511 2706 3583 purissima
2748 3511 2893 3566 illius
2944 3513 3128 3583 specie
3158 3513 3572 3571 delectabantur
3604 3536 3617 3579 ς

2051 3604 2146 3659 sed
2168 3604 2333 3659 etiam
2363 3604 2464 3670 illi,
2499 3606 2594 3674 qui
2622 3604 2867 3675 undique
2903 3606 3617 3663 conveniebantcontribu-

2052 3695 2153 3760 les,
2176 3705 2234 3750 et
2254 3711 2321 3749 ex
2349 3695 2541 3765 patriae
2590 3680 2873 3762 religionis
2920 3696 3176 3751 instituto
3214 3696 3281 3751 ad
3320 3698 3619 3753 celeberri-

2053 3802 2205 3840 mum
2228 3785 2360 3840 illud
2385 3785 2649 3855 templum
2673 3786 3030 3850 accedebant,
3055 3786 3180 3850 viri,
3217 3788 3501 3852 mulieres,
3534 3805 3620 3843 se-

2053 3892 2191 3939 nes,
2239 3878 2497 3940 juvenes,
2546 3862 2788 3948 virgines
2840 3888 3150 3939 coaalaneze.
3194 3876 3506 3945 indigenae,
3564 3888 3621 3932 et

2054 3969 2147 4039 qui
2195 3985 2260 4023 ex
2292 3969 2634 4039 dispersione
2683 3971 2897 4025 lsraelis
2925 3970 3303 4033 accurrebant,
3324 3969 3411 4023 isti
3429 3985 3622 4025 omnes

2057 4060 2464 4130 pulchritudine
2497 4062 2665 4126 illius,
2691 4078 2811 4132 qua:
2836 4066 2889 4115 in
2919 4062 3086 4115 sacris
3102 4061 3278 4130 adytis
3312 4060 3616 4123 visebatur,

2058 4154 2196 4222 rapti
2224 4153 2597 4208 sincerissimo
2624 4169 2747 4223 erga
2776 4153 2946 4222 ipsam
2990 4167 3178 4207 amore
3208 4150 3615 4207 alliciebantur.

454 4438 587 4490 KA'.
612 4435 716 4489 Διὰ
766 4435 963 4494 τοῦτο,
996 4432 1181 4500 φησιν,
1225 4426 1544 4496 ἠγάπησεν
1584 4423 1782 4492 αὐτὴν
1837 4422 1948 4488 πᾶς

2131 4422 2273 4477 XXI.
2310 4423 2627 4493 Propterea,
2681 4422 2779 4490 ait,
2816 4423 3062 4494 diligebat
3099 4440 3216 4477 eam
3246 4427 3415 4480 omnis
3444 4427 3631 4481 domus

382 4523 547 4591 οἶκος
591 4525 859 4593 Ἰσραήλ.
884 4520 1005 4577 Ἦν
1035 4523 1165 4591 γὰρ,
1201 4520 1357 4589 φησι,
1392 4517 1630 4586 Μαριὰμ
1657 4516 1954 4585 νεμομένη

384 4618 453 4670 ὲν
490 4616 571 4681 τῷ
596 4616 722 4681 ναῷ
748 4616 993 4683 Κυρίου,
1032 4611 1175 4667 ὡσεὶ
1208 4608 1543 4679 περιστερά.
1577 4608 1673 4670 Τίς
1693 4607 1759 4661 ἂν
1782 4609 1961 4660 ἐκεῖνο

386 4713 448 4761 τὸ
475 4708 644 4775 γλυκὺ
674 4709 768 4774 καὶ
799 4705 1035 4775 ποθητδν
1079 4702 1202 4756 ἰδὼν
1234 4703 1297 4755 οὐ
1348 4698 1687 4769 κατεθέλχθη
1742 4698 1959 4766 θέαμα;

384 4802 469 4863 τις
498 4801 556 4853 ἐν
581 4799 851 4870 ἐπιθυμίᾳ
898 4798 998 4867 τῆς
1033 4795 1342 4865 παραδόξου
1365 4792 1574 4860 ταύτης
1605 4791 1707 4844 οὐκ
1738 4790 1805 4843 ἂν
1837 4791 1961 4859 ἐγέ-

387 4911 509 4947 νετο
536 4893 804 4963 θεωρίας;
847 4892 936 4954 Ὠς
972 4890 1230 4943 ἁπάντων
1284 4888 1385 4956 μὲν
1415 4884 1526 4939 τῶν
1570 4883 1804 4954 ὁρατῶν.
1835 4882 1962 4945 τούς

386 5003 445 5038 τε
480 4987 597 5052 ,τῆς
634 4984 873 5047 διανοίας
932 4981 1028 5035 καὶ
1080 4979 1376 5049 αἰσθητοὺς
1414 4977 1729 5044 ἀπαγαγεῖν
1757 4973 1963 5044 ὀφθαλ-

392 5080 549 5147 μοὺς,
585 5079 665 5142 εἰς
689 5077 746 5130 δὲ
775 5077 838 5129 τὸ
864 5075 963 5145 ἡδὺ
1000 5072 1093 5126 καὶ
1117 5071 1403 5126 θελκτικὸν
1428 5070 1606 5122 ἐκεῖνο
1649 5067 1966 5136 μεταθεῖναι

390 5170 594 5239 θέαμα,
620 5166 895 5237 σκοπῆσαί
919 5182 979 5217 τε
996 5163 1094 5234 τὴν
1124 5160 1607 5233 μεγαλοπρέπειαν
1630 5158 1724 5211 τοῦ
1755 5160 1964 5225 γένους,

392 5264 452 5314 ὲν
480 5258 755 5330 ἁκμῇ’τῆς
790 5255 1008 5329 ἡλικίας
1060 5255 1160 5325 τὴν
1207 5252 1558 5321 τελειοτάτην
1589 5250 1679 5302 διὰ
1705 5250 1805 5320 τῆς
1833 5266 1968 5319 καρ-

392 5351 578 5423 τερίας
613 5340 1032 5418 ἐνδεικνυμένην
1063 5345 1287 5416 ἀρετὴν,
1340 5343 1435 5397 καὶ
1482 5342 1593 5394 τῶν
1625 5340 1846 5411 ὑψηλῶν
1876 5345 1970 5395 καὶ

397 5442 567 5507 ξένων
598 5439 1034 5511 κατατρυφῶσαν
1066 5436 1445 5507 χαρισμάτων,
1473 5434 1602 5486 ἰδεῖν
1624 5435 1684 5483 τὸ
1708 5433 1973 5502 πολυέρα-

398 5547 524 5582 στον
574 5529 733 5599 ἡμῶν
791 5527 1246 5594 ὲγκαλλώπισμα,
1308 5525 1365 5575 ὲν
1416 5524 1527 5584 τοῖς
1563 5522 1827 5590 ἐνδοτέρω
1874 5521 1973 5591 μὲν

397 5621 760 5692 περιχορεῦθν
782 5620 877 5674 τοῦ
913 5619 1059 5688 ἱεροῦ
1091 5619 1187 5672 καὶ
1215 5619 1334 5679 ταῖς
1367 5615 1541 5678 θείαις
1580 5616 1973 5684 λαμπρυνόμε-

401 5731 491 5766 νον
522 5713 729 5783 χάρισι,
786 5715 898 5774 τοῖς
927 5710 1172 5778 διαυγὲει
1232 5711 1287 5762 δὲ
1317 5710 1418 5776 τῆς
1475 5708 1850 5779 καθαρότητος
1884 5710 1974 5764 τὸν

2065 4517 2253 4572 Israel.
2293 4516 2423 4570 Erat
2451 4518 2612 4582 enim,
2646 4516 2846 4586 inquit,
2873 4515 3045 4570 Maria
3077 4515 3320 4570 habitans
3356 4519 3409 4571 in
3437 4516 3632 4587 templo

2068 4609 2300 4670 Domini,
2362 4610 2494 4662 sicut
2551 4606 2814 4661 columba.
2854 4608 3115 4674 Quisnam
3175 4623 3344 4663 suave
3397 4608 3533 4663 illud
3570 4624 3636 4663 ac

2065 4676 2431 4752 desiderabile
2469 4698 2842 4767 spectaculum
2874 4698 3094 4752 intuens
3123 4697 3487 4754 delectatione
3522 4715 3632 4755 non

2067 4789 2397 4859 caperetur?
2443 4790 2694 4859 quisnam
2724 4788 3061 4867 admiranda;
3092 4790 3240 4845 illius
3274 4790 3504 4845 visionis
3537 4792 3633 4847 de-

2068 4883 2275 4938 siderio
2306 4878 2415 4937 non
2442 4882 2762 4937 teneretur?
2792 4882 2860 4935 Et
2897 4897 3029 4936 sane
3063 4882 3309 4937 omnium
3333 4882 3450 4953 ipsa
3477 4898 3635 4940 men-

2071 4977 2142 5031 tis
2182 4977 2543 5044 corporisque
2568 4976 2763 5029 oculos
2794 4991 2825 5028 a
2851 4975 3066 5030 cunctis
3088 4975 3398 5032 visibilibus
3423 4976 3635 5031 abstra-

2072 5066 2209 5120 hcns
2241 5065 2297 5118 in
2335 5064 2496 5119 dulce
2523 5065 2654 5119 illud
2683 5074 2738 5119 et
2762 5065 3066 5134 jucundum
3101 5065 3475 5133 spectaculum
3503 5080 3637 5120 con-

2071 5159 2341 5223 vertebat,
2406 5165 2468 5212 ut
2517 5159 2867 5212 intuerentur
2922 5156 3149 5210 humani
3207 5157 3425 5227 generis
3472 5158 3644 5212 decus

2073 5251 2695 5322 magniﬁcentissimum,
2717 5258 2771 5303 et
2794 5249 3245 5319 perfectissimam
3277 5250 3331 5303 in
3359 5249 3490 5306 ﬂore
3515 5260 3645 5306 teta-

2077 5345 2146 5398 tis
2174 5345 2457 5406 virtutem,
2494 5349 2618 5412 qua:
2646 5356 2743 5410 per
2773 5341 2965 5394 miram
3009 5340 3372 5395 constantiam
3408 5356 3468 5395 se
3516 5355 3646 5409 pre-

2075 5435 2262 5499 debat,
2320 5442 2378 5487 et
2438 5432 2767 5488 sublimibus
2815 5430 3161 5501 insolitisque
3219 5431 3649 5488 charismatibus

2078 5527 2358 5591 adluebat,
2389 5537 2449 5581 nt
2479 5525 2987 5592 contemplarentur
3014 5539 3157 5589 eam,
3183 5540 3306 5593 qua:
3327 5523 3644 5579 dulcissima

2080 5627 2266 5674 nostra
2288 5618 2460 5688 gloria
2483 5629 2587 5679 est,
2614 5617 2668 5671 in
2695 5616 3048 5671 interioribus
3098 5616 3316 5684 templis
3346 5614 3651 5684 tripudian—

2083 5721 2214 5777 tein,
2251 5726 2313 5764 ac
2346 5711 2546 5767 divini:
2598 5710 2785 5778 gratiis
2820 5718 3220 5768 coruscantem.
3249 5717 3362 5761 tum
3419 5703 3650 5757 domici—
