4130 6202
421 289 528 352 625

1174 287 1458 348 ORATIO
1497 289 1578 349 IN
1612 285 2327 348 PRIESENI‘ATIONEM
2366 288 2467 347 SS.
2502 287 2874 363 DEIPARJE.

3578 293 3697 353 635

427 411 638 456 σαντες.
667 385 714 447 ὦ
744 395 953 456 τέκνον,
984 393 1185 465 πολλὴν
1215 394 1272 448 δὲ
1305 396 1404 464 τὴν
1455 396 1711 448 ἐπίπονον
1761 395 2004 466 ἀγωνίαν

2112 388 2494 450 vehementius
2519 409 2613 448 eos
2641 395 3042 449 Contristaruut
3079 403 3177 449 aut
3219 395 3584 466 impulerunt,
3622 413 3687 454 ut

424 484 790 554 ἐνδειξάμενοι
819 486 913 538 καὶ
937 486 1032 552 τὴν
1053 488 1295 560 χαλεπὴν
1329 489 1704 559 ταλαιπωρίαν
1735 487 2007 540 ὑποστάν-

367 589 370 592 ’
424 593 540 641 τες,
563 576 704 630 ὥστε
730 577 956 631 καὶτῶν
977 581 1075 649 τῆς
1108 583 1362 646 ἀτεκνίας
1400 582 1778 649 ἀπαλλαγῆναι
1819 594 2006 650 σκωμ-

429 668 634 734 μάτων,
671 668 765 721 καί
802 685 861 721 σε
906 672 1348 743 παρασχεθεῖσαν
1396 673 1644 741 διηνεκὲς
1702 672 1848 741 ἔχειν
1900 671 2006 741 πρὸ

422 758 722 830 ὀφθαλμῶν
746 760 1083 832 ἀγαλλίαμα,
1116 764 1225 819 τῶν
1263 750 1745 834 προσδοκηθέντων
1780 765 2005 833 ἀγαθῶν

421 850 521 922 τὴν
541 853 835 923 ἀφαίρεσιν
869 856 1236 928 ὑπομένομεν.
1266 859 1394 912 Ὀτε
1430 860 1539 931 γάρ
1567 861 1775 912 τούτων
1810 862 2005 914 ἐναπο-

422 942 609 997 λαύειν
655 945 888 1016 προσῆν,
939 949 1033 999 καὶ
1091 949 1149 1001 ὲν
1207 949 1465 1022 ἐπιτυχίᾳ
1513 948 1607 1003 τοῦ
1662 948 2002 1021 ζητουμένου

420 1032 783 1105 καθέστηκεν,
819 1039 909 1091 ὅτε
940 1038 1049 1091 τῶν
1082 1038 1261 1093 πόνων
1301 1041 1597 1114 άνείθημεν
1632 1045 1726 1097 καὶ
1767 1044 1868 1115 τὴν
1893 1044 2004 1097 τῶν

420 1127 804 1199 χρηστοτέρων
835 1130 893 1181 ὲν
920 1131 1077 1199 χερσὶ
1098 1132 1428 1202 κατείχομεν
1458 1135 1856 1207 πληροφορίαν,
1880 1136 2002 1191 τότε

422 1217 491 1283 τῇ
519 1216 893 1292 συμϐαινούσῃ
923 1220 1226 1287 διαστάσει,
1253 1224 1315 1276 αἴ
1338 1241 1395 1278 τε
1422 1224 1633 1290 ἐλπίδες
1667 1229 2004 1300 καταρρέου-

2109 489 2175 542 ad
2208 487 2371 543 filiam
2417 502 2727 545 sermonem
2777 488 3048 545 haberent
3094 488 3412 561 huiusmodi
3449 509 3464 545 :
3515 490 3701 549 Multa:

2106 568 2350 650 quidem,
2371 589 2433 635 ut
2462 592 2513 637 te
2534 581 2936 649 obtineremus,
2968 583 3214 653 perpessi
3238 599 3452 651 sumus,
3486 600 3521 641 ο
3545 585 3693 650 filia,

2105 680 2382 727 certamen
2414 673 2660 743 apprime
2684 672 3018 729 laboriosum
3057 676 3421 745 suscepimus.
3457 692 3683 747 graves-

2105 781 2217 837 que
2258 760 2533 825 ierumuas
2576 766 2966 833 sustinuimus,
3014 778 3077 824 ut
3110 778 3171 825 et
3216 785 3247 825 a
3293 770 3698 826 scommatibus

2103 860 2330 924 propter
2362 857 2708 913 sterilitatem
2743 859 2961 930 iniectis
2988 838 3376 921 liberaremur,
3408 875 3473 914 ac
3500 868 3554 916 te
3578 877 3677 914 uo-

2104 946 2193 1002 bis
2222 947 2477 1002 donatam
2501 948 2630 1019 iuge
2665 958 2791 1005 ante
2816 949 3007 1006 oculos
3041 953 3284 1007 solamen
3318 951 3695 1019 haberemus;

2103 1054 2251 1095 nunc
2280 1049 2461 1094 autem
2512 1054 2730 1106 eorum,
2785 1058 2907 1113 qua:
2952 1043 3160 1098 tamdiu
3220 1042 3683 1113 exspectavimus,

2103 1129 2372 1184 bonorum
2395 1130 2663 1201 iacturam
2686 1132 2948 1202 patimur.
2984 1133 3218 1200 Quando
3244 1135 3391 1191 enim
3423 1134 3544 1191 istis
3570 1136 3689 1208 iam

2100 1222 2209 1278 frui
2240 1224 2494 1290 dabatur,
2522 1225 2781 1295 quodque
2813 1234 3131 1293 exoptatum
3151 1241 3218 1282 ac
3247 1226 3539 1298 quatsitum
3573 1226 3694 1282 fue-

425 1324 498 1372 σι,
532 1310 622 1362 καὶ
649 1312 695 1362 οἱ
735 1311 886 1366 πόνοι
916 1314 1269 1385 σφοδρότεροι
1298 1320 1747 1387 προσπίπτουσι,
1797 1320 1892 1374 καὶ
1938 1322 1999 1375 τὸ

2104 1323 2209 1377 rat,
2245 1328 2467 1370 eramus
2510 1316 2766 1382 assecuti,
2828 1318 3049 1387 quando
3073 1319 3309 1373 cessatio
3335 1334 3366 1374 a
3400 1319 3691 1375 laboribus

423 1398 663 1469 λυπηρὸν
713 1402 1138 1476 ἀπαρηγόρητον
1180 1410 1690 1480 συνεπιτιθέμενον,
1745 1410 1872 1483 ἀνιᾷ
1902 1415 1999 1468 καὶ

2100 1405 2549 1476 promittebatur,
2587 1417 2643 1462 et
2705 1422 2921 1471 eorum,
2974 1425 3096 1477 qua:
3148 1409 3378 1478 reliquis
3427 1406 3695 1464 omnibus

422 1488 665 1561 βιρύνει,
693 1494 789 1547 καὶ
824 1496 973 1551 ἔνδον
1015 1500 1337 1569 προχωροῦν
1372 1502 1729 1574 κλτατρύχει.
1784 1506 1857 1559 Οὐ
1888 1508 1999 1577 γὰρ

2097 1499 2428 1570 iucundiora
2457 1500 2618 1556 nobis
2665 1511 2846 1563 erant.
2884 1501 3043 1572 plena
3083 1501 3433 1572 possessione
3460 1502 3685 1573 gaude-

418 1579 563 1633 οὕτω
590 1581 649 1635 τὸ
675 1586 734 1637 ὲν
779 1583 959 1639 ἐλπίσι
997 1589 1252 1659 κείμενον
1289 1591 1516 1661 ἀγαθὸν,
1552 1592 1627 1656 ὡς
1664 1596 1725 1648 τὸ
1751 1594 1807 1649 ὲν
1835 1598 1997 1669 χερσὶ

2099 1589 2327 1658 bamus;
2357 1600 2509 1657 tunc,
2554 1589 2789 1661 abrupto
2831 1592 3134 1653 consortio,
3179 1600 3236 1647 et
3292 1606 3420 1661 spes
3481 1601 3697 1645 nostra:

416 1673 730 1743 γενόμειον,
764 1680 988 1750 ταχεῖάν
1020 1699 1078 1735 τε
1107 1682 1205 1753 τὴν
1240 1685 1529 1756 ἀφαίρεσιν
1572 1688 1865 1760 ὑπομένον,
1896 1691 1996 1762 τὴν

2100 1680 2377 1743 dillluunt,
2401 1689 2457 1736 et
2496 1680 2776 1752 graviores
2811 1681 3030 1734 irruunt
3056 1695 3349 1747 utrumme,
3383 1696 3450 1736 ac
3480 1695 3691 1735 maeror

412 1764 512 1834 τῆς
542 1767 846 1839 ἀποτυχίας
897 1773 1051 1826 ἀνίαν
1084 1775 1322 1844 ἐμποιεῖ.
1357 1776 1429 1829 Τὸ
1463 1778 1562 1848 μὲν
1590 1780 1700 1851 γὰρ
1735 1782 1793 1833 ὲν
1831 1783 1995 1836 ἀπεί-

414 1872 527 1923 ροις
556 1859 650 1913 τοῦ
686 1860 1026 1934 ὲπιθυμητοῦ
1084 1865 1159 1936 μὴ
1190 1867 1618 1938 προγινόμενον,
1671 1873 1871 1943 ῥᾳδίως
1901 1874 1998 1943 φέ-

412 1964 568 2015 ρεται
593 1964 607 1978 ⁸
638 1951 697 2007 τὺ
729 1952 786 2006 δὲ
807 1957 918 2018 τοῖς
943 1955 1037 2009 τοῦ
1062 1957 1216 2027 ἡδέος
1246 1958 1412 2012 αὑτοῦ
1439 1965 1797 2033 γευσαμένοις
1826 1968 1993 2034 ἀφαι-

414 2042 697 2113 ρούμενον,
733 2046 1070 2121 δυσφόρητον
1108 2053 1208 2123 μὲν
1238 2054 1336 2122 τὴν
1360 2054 1647 2126 ἀφαίρεσιν
1667 2056 1802 2129 ἔχει,
1833 2060 1995 2130 χαλε-

413 2130 522 2199 πὴν
547 2134 605 2222 δὲ
637 2136 736 2208 τὴν
769 2140 974 2209 ζημίαν
999 2144 1109 2205 τοῖς
1144 2143 1482 2214 ὑπομένουσι
1514 2148 1784 2218 προξενεῖ.
1830 2149 1995 2222 Ἡμῖν

415 2224 515 2295 μὲν
542 2221 637 2281 οὖν
663 2229 873 2284 πολλῶν
903 2233 1077 2287 πόνων
1100 2235 1196 2288 acati.
1225 2237 1544 2308 προσευχῶν
1578 2241 1787 2309 καρπδς
1813 2261 1886 2296 πα
1897 2221 1997 2314 ρα-

418 2318 699 2387 σχεθείσα,
735 2323 833 2394 τῆς
860 2341 918 2376 τε
944 2325 1297 2391 ἀπολαύσεως
1325 2327 1577 2395 ἐγευσαε,
1629 2336 1722 2385 καὶ
1744 2335 1843 2404 τὴν
1868 2336 1990 2387 ἐπι·

412 2405 614 2479 θυμίαν
642 2410 906 2483 έστησας·
945 2414 1039 2467 νῦν
1063 2415 1119 2469 δὲ
1143 2417 1282 2486 μετὰ
1311 2420 1507 2489 πεῖραν
1533 2420 1640 2473 τῶν
1672 2425 1779 2476 σῶν
1812 2424 1994 2480 καλῶν

413 2498 447 2568 ή
474 2502 785 2571 ἀφαίρεσις,
819 2505 914 2559 καὶ
948 2506 1090 2576 μετά
1138 2507 1236 2578 τὴν
1268 2510 1571 2564 ἀπόλαυσιν
1602 2514 1634 2584 ἡ
1668 2514 1864 2584 ζημία,
1896 2518 1992 2571 καὶ

412 2588 473 2642 τὸ
503 2593 666 2663 ἀηδὲς
695 2596 833 2665 μετά
861 2598 959 2668 τὴν
995 2599 1208 2669 ἡδονήν.
1244 2598 1337 2653 Διδ
1389 2601 1498 2655 τῶν
1552 2619 1613 2655 τε
1645 2605 1991 2674 πραγμάτων

414 2680 656 2751 ἡέφεσις
699 2686 906 2758 ἔρημος
942 2690 1325 2756 ἀπολείπεται,
1377 2693 1473 2746 καὶ
1521 2691 1609 2747 διὰ
1644 2693 1846 2765 βάθους
1890 2699 1990 2768 τῆς

411 2772 590 2847 ψυχῆς
642 2778 712 2832 τά
739 2778 976 2852 ὀδυνηρά
1009 2781 1109 2851 τῆς
1145 2782 1358 2850 φύσεως
1408 2787 1578 2854 χωρεῖ
1620 2786 1846 2857 κέντρα.
1880 2790 1990 2845 Καὶ

410 2865 462 2919 σί
503 2867 603 2938 μὲν
640 2870 778 2941 πρὸς
810 2871 999 2942 ἕτερον
1035 2867 1104 2944 ἦν
1133 2874 1371 2939 ἀπιδεῖν,
1406 2875 1439 2946 ἢ
1468 2877 1698 2949 παρδνῆ
1731 2879 1989 2949 ἐσόμενον

410 2957 623 3024 τέκνον,
650 2956 796 3034 εἶχεν
821 2962 887 3018 ἂν
911 2966 971 3016 τὸ
1000 2965 1239 3037 φορητὸν
1272 2969 1305 3037 ἡ
1349 2966 1633 3032 διάστασις
1656 2985 1672 3002 ο
1714 2971 1905 3044 ἐπειδὴ
1929 2972 1987 3027 δὲ

2100 1771 2349 1827 succedit
2381 1772 2777 1827 consolationis
2826 1772 3069 1837 nescius,
3121 1772 3216 1842 qui
3252 1787 3352 1827 nos
3386 1770 3595 1843 aﬂligit,
3629 1782 3688 1828 et

2101 1862 2387 1934 opprimit,
2409 1872 2466 1918 et
2487 1863 2675 1918 intima
2697 1863 2881 1918 cordis
2902 1862 3205 1933 pervadens
3226 1863 3543 1921 discruciat.
3560 1862 3682 1919 Non

2100 1954 2247 2010 enim
2274 1954 2389 2024 pari
2417 1953 2604 2009 dolore
2636 1953 2804 2010 allicit
2842 1954 3066 2009 amissio
3116 1953 3268 2016 boui,
3303 1955 3451 2024 quod
3502 1954 3689 2011 adhuc

2100 2047 2216 2118 spei
2248 2054 2447 2102 nostra:
2501 2054 2713 2100 tantum
2741 2046 3023 2118 obiicitur,
3054 2046 3516 2116 quemadmodum
3575 2048 3689 2101 im-

2099 2140 2318 2210 provisa
2349 2139 2505 2203 boni,
2541 2138 2692 2209 quod
2739 2139 2851 2209 iam
2915 2148 3186 2203 tenemus,
3230 2137 3457 2193 ablatio.
3498 2138 3695 2195 Facile

2100 2232 2249 2288 enim
2300 2231 2496 2297 lertur,
2530 2231 2577 2287 si
2623 2231 2971 2301 inexpertum
3002 2228 3227 2292 bonum,
3277 2228 3423 2300 quod
3471 2245 3683 2286 concu-

2100 2324 2354 2394 piscitur,
2396 2324 2610 2394 assequi
2638 2339 2750 2379 non
2806 2323 2991 2378 liceat.
3028 2323 3127 2379 Sin
3173 2334 3357 2378 autem
3397 2324 3693 2395 quidpiam

2100 2412 2169 2469 iis
2197 2413 2464 2479 aufertur,
2501 2414 2595 2483 qui
2636 2414 2963 2470 suavitatem
2987 2414 3107 2486 eius
3132 2416 3244 2488 iam
3305 2422 3687 2485 gustaverant,

2100 2501 2339 2559 diﬂicilis
2390 2517 2622 2574 prorsus
2674 2502 2745 2558 ad
2788 2502 3078 2558 ferendum
3113 2487 3348 2574 privatio
3381 2504 3502 2575 eius
3543 2520 3691 2559 con-

2101 2595 2283 2665 tingit,
2315 2595 2692 2665 fraudatisque
2742 2593 3165 2652 acerbissimum
3212 2595 3460 2652 dolorem
3493 2596 3691 2651 affert.

2096 2685 2217 2742 Jam
2258 2701 2391 2742 vero
2423 2694 2480 2741 tu
2514 2687 2676 2742 nobis
2706 2702 2968 2743 concessa
3005 2686 3190 2743 fueras
3234 2698 3495 2759 tanquam
3532 2688 3683 2742 mul-

2098 2786 2281 2832 torum
2314 2776 2566 2833 laborum
2592 2793 2659 2833 ac
2688 2793 2912 2849 precum
2942 2775 3240 2835 causarum
3277 2779 3513 2846 fructus,
3546 2781 3689 2850 iam-

2096 2885 2205 2941 que
2251 2878 2312 2924 ut
2350 2869 2679 2926 suavissima
2718 2870 3034 2926 frueremur
3062 2868 3347 2942 voluptate
3389 2870 3683 2937 eﬂ’eceras,

2096 2972 2460 3031 nostrumque
2488 2962 2814 3032 expleveras
2843 2962 3212 3031 desiderium;
3238 2972 3322 3021 ast
3344 2978 3474 3019 ecce
3502 2963 3680 3019 bono-

412 3051 515 3153 μία
546 3054 648 3153 τῆς
693 3054 1026 3128 ἀσθενούσης
1074 3058 1292 3128 φύσεως
1338 3058 1603 3129 θεραπεία
1633 3060 2024 3147 δεδωρημένης

2097 3070 2237 3120 rum,
2268 3069 2392 3125 quae
2422 3054 2477 3109 in
2507 3064 2560 3109 te
2590 3065 2742 3118 sunt,
2782 3056 3183 3125 experientiam
3209 3056 3417 3127 excipit
3446 3072 3678 3112 eorum-

410 3141 746 3215 καθιέρωσαι
771 3147 849 3219 τῷ
877 3148 1043 3213 δόντι,
1061 3149 1178 3213 .τάς
1205 3150 1484 3220 ἡμετέρας
1516 3151 1843 3222 ἀναφλέγεις
1876 3154 1988 3225 ψυ-
2018 3141 2024 3147 ’

2097 3146 2220 3202 dem
2240 3146 2489 3212 amissio,
2512 3144 2761 3201 fruitioni
2784 3147 3035 3202 succedit
3054 3147 3292 3217 iactura,
3314 3146 3516 3215 gaudio
3536 3161 3701 3201 mae--

406 3234 529 3302 χὰς,
565 3237 840 3307 μηδεμίαν
885 3239 979 3293 τοῦ
1016 3239 1222 3300 πάθους
1262 3241 1671 3296 καταλείπουσα
1726 3261 1989 3316 παραμυ-

2097 3235 2269 3291 stitia.
2330 3235 2630 3305 Propterea
2685 3234 2849 3291 nobis
2906 3236 3246 3291 desiderium
3316 3236 3675 3307 relinquitur,

408 3323 553 3389 θίαν,
589 3327 638 3380 εί
667 3327 763 3381 καὶ
797 3328 859 3382 τὸ
903 3329 1358 3402 εὐπαρηγόρητον
1395 3330 1456 3385 τὸ
1488 3332 1589 3403 τῆς
1630 3334 1988 3405 ἀφιερώσεως

2097 3326 2243 3397 quod
2282 3327 2495 3397 expleri
2524 3336 2781 3397 nequeat,
2809 3341 2875 3381 ac
2904 3327 3142 3383 acerbus
3180 3336 3394 3384 natura:
3427 3329 3706 3395 aculeusP

408 3420 917 3488 κατεπαγγέλλεται
953 3424 1205 3493 πρᾶγμα.

2097 3419 2189 3491 qui
2216 3420 2415 3474 animae
2463 3419 2656 3474 intima
2700 3418 2972 3489 pervadit.
3007 3420 3077 3475 Et
3116 3419 3163 3475 si
3198 3419 3421 3493 quidem
3452 3420 3522 3476 de
3567 3420 3707 3476 alia...

405 3510 561 3580 prole
598 3523 693 3568 aut
715 3523 985 3584 praesente
1018 3525 1113 3571 aut
1149 3515 1335 3571 futura
1371 3516 1614 3586 cogitare
1658 3516 1874 3582 liceret,
1905 3515 2137 3573 ferenda
2205 3513 2322 3569 haec
2359 3510 2641 3582 separatio
2708 3517 3009 3581 utcumque
3048 3510 3250 3566 viderit
3283 3520 3502 3581 posset;
3573 3513 3691 3568 sed

405 3609 697 3672 postquam
732 3606 957 3661 unicum
992 3617 1205 3663 natura:
1234 3608 1581 3678 elanguentis
1605 3609 1861 3665 solatium
1886 3608 2051 3664 nobis
2087 3605 2295 3662 tributa
2326 3604 2501 3670 fuisti,
2560 3603 2921 3661 acerbissimo
2978 3618 3113 3661 sane
3175 3603 3390 3659 animas
3426 3612 3670 3671 nostras,

408 3692 542 3748 dum
566 3695 790 3753 donanti
831 3699 884 3752 in
924 3698 1301 3754 holocaustum
1343 3700 1514 3764 cedis,
1552 3700 1743 3756 dolore
1789 3701 1927 3765 uris,
1974 3708 2035 3756 et
2069 3706 2192 3753 utut
2225 3696 2365 3752 ratio
2424 3696 2860 3752 consecrationis
2888 3706 2995 3754 tute
3032 3705 3290 3765 tanquam
3340 3698 3550 3769 aliquid
3578 3714 3671 3755 re-

404 3789 660 3843 creandis
680 3790 1156 3846 animisidoneum
1176 3801 1535 3861 proponatur,
1563 3793 1773 3849 nullum
1793 3804 1977 3850 tamen
2017 3792 2179 3849 nobis
2207 3789 2464 3846 maeroris
2492 3789 2856 3847 lenimentum
2883 3792 3173 3863 relinquis.

487 3879 627 3933 Ἀλλ’
654 3882 804 3934 οὐδὲν
850 3881 1091 3936 τοιοῦτον
1130 3883 1179 3935 oi
1231 3885 1479 3937 πανόσιοι
1549 3884 1653 3954 τῆς
1709 3886 1983 3955 παρθένου

2158 3885 2228 3939 At
2260 3882 2400 3938 nihil
2430 3882 2747 3953 huiusmodi
2782 3883 3114 3939 sanctissimi
3145 3883 3385 3955 Virginis
3412 3896 3675 3953 parentes

404 3974 728 4045 γεννήτορες
755 3967 936 4027 εἵπονο
967 3975 995 4027 δ
1028 3974 1091 4044 δὴ
1138 3975 1232 4027 καὶ
1264 3975 1661 4046 καταπλήξεώς
1696 3979 1814 4030 ἐστι
1842 3977 1982 4047 πλῆ-

2097 3975 2374 4041 lixerunt;
2408 3973 2556 4043 quod
2598 3973 2791 4044 utique
2834 3982 2891 4029 et
2920 3977 3158 4030 maxime
3195 3977 3528 4047 stupendum
3558 3991 3669 4045 est,

406 4081 520 4133 ρες,
552 4065 646 4119 καὶ
681 4065 782 4135 τῆς
812 4064 921 4119 τῶν
941 4065 1166 4119 δικαίων
1200 4065 1420 4130 ἐπάξιον
1459 4067 1685 4137 ἀρετῆς.
1714 4068 1980 4139 Κατέόη-

2097 4075 2136 4120 ξι
2178 4065 2377 4120 horum
2417 4065 2695 4134 iustorum
2743 4064 2949 4120 virtute
2982 4065 3385 4136 dignissimum.
3441 4066 3671 4122 Descen-

401 4169 526 4210 σαν
553 4155 685 4226 γὰρ,
715 4156 901 4229 φησὶν,
934 4159 988 4213 οἱ
1014 4157 1211 4227 γονεῖς
1233 4156 1424 4226 αὐτῆς
1452 4157 1849 4228 θαυμάζοντες
1879 4162 1979 4216 καί

2097 4155 2269 4209 lerunt
2321 4156 2482 4218 enim,
2519 4154 2719 4225 inquit,
2772 4164 3018 4224 parentes
3069 4156 3184 4228 ejus
3239 4158 3569 4214 admirantes
3616 4170 3668 4213 et

400 4247 716 4314 αινοῦντες
748 4247 857 4303 τὸν
878 4248 1044 4311 Θεὸν,
1064 4244 1153 4301 ὅτι
1174 4249 1285 4302 οὐκ
1310 4247 1666 4319 ἀπεστράφη
1690 4251 1841 4320 πρὸς
1870 4254 1980 4306 αὐ-

2097 4242 2359 4299 !audantee
2387 4244 2575 4312 Deum,
2598 4244 2852 4315 quoniam
2884 4261 2989 4300 non
3019 4254 3096 4301 est
3127 4264 3376 4304 conversa
3405 4250 3476 4304 ad
3504 4251 3667 4321 ipsos.

401 4336 565 4402 τούς.

474 4426 602 4480 KE'.
631 4425 740 4480 Τοῦ
766 4426 1062 4498 δεξαμένου
1098 4429 1207 4500 γάρ
1258 4427 1353 4483 καὶ
1398 4429 1824 4502 οίκειωσαμένου
1852 4430 1982 4484 ταῦ-
2013 4426 2024 4482 Ι

2156 4418 2322 4476 XXV.
2351 4416 2434 4475 Et‘
2471 4428 2604 4474 sane
2658 4417 2965 4489 praevalens
2998 4434 3155 4475 amor
3192 4418 3334 4493 eius,
3365 4424 3455 4494 Qui
3491 4425 3669 4496 ipsam

401 4530 503 4584 την
535 4517 563 4568 ό
618 4516 784 4580 πόθος
834 4517 1143 4589 ὑπερσχὼν,
1201 4518 1296 4572 τοῦ
1329 4520 1438 4573 τῶν
1468 4522 1768 4583 τεκόντων.
1806 4522 1980 4576 καίτοι

2097 4520 2407 4582 susceperat
2460 4522 2729 4581 suamque
2766 4510 2995 4577 fecerat,
3023 4512 3283 4567 affectum
3319 4514 3373 4569 in
3412 4529 3672 4586 parentes

403 4607 880 4674 τυραννικωτάτου
927 4606 1080 4672 ὄντος
1106 4651 1120 4674 ,
1171 4611 1555 4683 κατεκράτησε
1606 4612 1853 4685 φίλτρου.
1917 4615 1982 4667 Ὦ

2097 4608 2208 4656 itut
2252 4601 2824 4665 vehementissimam,
2864 4617 2928 4658 ac
2968 4603 3306 4660 validissime
3348 4602 3667 4664 devincien-

406 4696 601 4766 καινῆς
630 4697 726 4752 καὶ
759 4698 940 4769 πάσης
974 4700 1252 4770 ἀνωτέρας
1276 4700 1607 4773 διανοήσεως
1652 4703 1909 4775 χάριτοςί
1938 4703 1983 4758 ὣ

2097 4704 2219 4757 Leni,
2271 4691 2589 4763 longissime
2627 4694 2949 4750 excedebat.
2984 4693 3030 4750 0
3060 4707 3254 4750 novam
3303 4707 3468 4767 atque
3510 4701 3662 4753 omni

404 4781 564 4853 ξένης
612 4788 707 4838 καὶ
748 4788 973 4858 ἀγωγῆς
1024 4789 1122 4843 καὶ
1157 4789 1512 4862 διαιτήσεινςί
1571 4790 1616 4845 ὣ
1663 4791 1840 4859 λόγων
1871 4792 1982 4850 τῶν

2097 4783 2416 4854 :ogitatione
2448 4785 2828 4840 sublimiorem
2863 4782 3123 4857 gratiam!
3155 4802 3190 4842 ο
3211 4790 3558 4859 peregrinam
3585 4790 3671 4844 vi-

403 4875 640 4947 ἀρμόδια
667 4881 781 4943 τοῖς
811 4881 1105 4953 πράγμασι
1138 4882 1207 4935 τὰ
1238 4882 1464 4954 ῥήματα
1494 4881 1979 4955 προϐαλλομένωνί

2097 4873 2250 4928 vendi
2286 4875 2553 4929 rationem
2599 4890 2664 4931 ac
2692 4874 3071 4946 disciplinam!
3109 4892 3143 4931 ο
3188 4879 3561 4934 narrationem
3594 4879 3666 4935 iis

402 4962 448 5014 ὣ
474 4967 646 5037 νομῆς
682 4967 921 5039 ἐκείνης,
973 4970 1040 5041 ἢν
1073 4969 1319 5041 ήλογικὴ
1348 4972 1442 5025 καὶ
1468 4970 1696 5036 ἄσπιλος
1730 4971 1829 5042 τῆς
1883 4973 1985 5041 cpu-

406 5073 547 5120 σεως
581 5059 932 5132 κατενεμήθη
968 5061 1167 5131 ἀμνὰς.

475 5235 587 5293 Ἦν
613 5239 743 5309 γὰρ,
781 5240 937 5311 φησὶ,
998 5240 1231 5311 Μαριὰμ
1282 5240 1578 5311 νεμομένη
1625 5240 1698 5295 ἐν
1748 5237 1828 5306 τῷ
1856 5238 1983 5307 ναῷ

404 5331 648 5399 Κυρίου,
687 5330 830 5385 ὡσεί
867 5332 1209 5400 περιστερὰ,
1250 5333 1348 5385 καὶ
1405 5332 1705 5402 ἐλάμϐανε
1751 5331 1985 5402 τροφὴν

405 5424 476 5476 ἐκ
504 5421 699 5491 χειρός
727 5422 1009 5492 ἀγγέλου.
1050 5422 1273 5494 Ἐπειδὴ
1299 5422 1408 5495 γὰρ
1438 5424 1810 5494 ἀποδεδομένη
1865 5424 1984 5495 Θεῷ

410 5514 507 5567 καὶ
526 5514 624 5584 τῆς
656 5513 1004 5584 ἀνθρωπίνης
1034 5514 1429 5585 ἀπηλλαγμένη
1461 5515 1819 5586 προστασίας,
1844 5515 1984 5584 μήτε

409 5606 521 5657 τῶν
566 5604 945 5674 γεννησάντων
993 5608 1059 5677 τῇ
1090 5605 1369 5676 ἀναγκαίᾳ
1393 5605 1597 5674 ταύτης
1627 5607 1986 5660 ἐπιστατούν-

416 5711 523 5748 των
552 5694 737 5764 χρεία,
777 5696 913 5765 μήτε
943 5695 1051 5749 τῶν
1090 5696 1331 5765 γνησίων
1377 5694 1440 5747 τὸ
1470 5693 1824 5763 έφυστερίξον
1847 5698 1985 5749 ἀπο-

2084 4966 2271 5021 verbis
2297 4972 2631 5035 contextam;
2685 4983 2807 5037 qua:
2841 4969 3005 5023 rebus
3038 4968 3272 5023 maxime
3305 4973 3656 5041 congruunt!

2084 5069 2118 5111 ο
2150 5071 2413 5127 pascuum
2445 5057 2580 5113 illud
2611 5073 2721 5128 quo
2751 5059 3033 5113 rationalis
3069 5069 3127 5116 et
3167 5063 3516 5118 immaculata
3563 5078 3665 5119 na-

2085 5156 2222 5202 tura:
2251 5148 2506 5204 humana:
2529 5165 2666 5220 agna
2700 5151 3058 5221 pascebatur!

2159 5237 2481 5293 Pascebatur
2510 5242 2671 5305 enim,
2702 5241 2899 5311 inquit,
2931 5242 3110 5298 Maria
3136 5244 3190 5299 in
3214 5245 3406 5316 templo
3442 5245 3669 5301 Domini

2081 5333 2211 5386 sicut
2254 5331 2514 5397 columba,
2560 5342 2610 5386 et
2658 5348 2829 5387 escam
2863 5352 2890 5389 ε
2933 5352 3095 5391 manu
3131 5339 3309 5409 angeli
3351 5340 3679 5410 accipiebat“

2084 5423 2386 5492 Postquam
2413 5423 2561 5477 enim
2594 5422 2810 5479 reddita
2841 5424 2954 5482 Deo
2990 5428 3115 5493 fult,
3148 5440 3203 5485 et
3227 5430 3467 5486 humana
3488 5431 3540 5487 ei
3563 5430 3667 5485 dco

2084 5513 2305 5569 liciebat
2336 5514 2673 5580 sollicitudo,
2735 5516 2865 5586 quia
2919 5520 3132 5576 scilicet
3181 5536 3360 5593 neque
3402 5534 3663 5593 parentes

2084 5616 2272 5657 curam
2302 5618 2494 5658 eorum
2527 5618 2648 5672 qua:
2684 5608 3008 5675 quoticliano
3058 5611 3179 5666 usui
3244 5611 3551 5667 necessaria
3607 5609 3663 5664 ei

2086 5696 2286 5762 forent,
2319 5695 2374 5750 in
2404 5711 2461 5751 se
2494 5697 2731 5767 amplius
2782 5700 3178 5772 suscipiebant,
3214 5718 3392 5761 neque
3420 5700 3684 5766 cognatio.
