4122 6212
452 298 552 358 627

1747 306 2010 366 JACOBI
2051 306 2397 368 MUNACIII

3592 308 3700 371 628

452 415 496 466 si
527 411 658 481 quid
688 422 952 481 praeterea
977 429 1114 482 opus
1143 423 1308 476 esset,
1335 412 1728 484 adimplebant,
1763 418 1839 470 illi
1872 433 2019 480 vero,

2131 419 2504 487 πληρούντων,
2537 415 2984 484 καταμελούντων
3009 415 3086 477 δὲ,
3196 415 3290 468 καὶ
3330 417 3702 487 παρορώντων

445 506 540 573 qtti
567 505 868 558 secundum
895 505 1145 557 ordinem
1177 505 1230 558 itt
1275 507 1479 576 templo
1527 523 1725 562 munus
1771 509 2020 574 obibant,

449 597 502 650 id
533 589 708 665 ipsum
759 605 851 649 aut
890 595 1238 664 negligebant
1288 607 1382 651 aut
1429 600 1593 653 etiam
1631 599 2020 661 fastidiebam;

445 689 514 743 ab
553 689 748 759 angelo
781 688 1086 743 mirabilem
1124 690 1272 743 illam
1305 701 1360 745 et
1393 707 1457 745 ex
1495 701 1737 762 tempore
1779 704 2022 762 paratam

443 796 624 834 escam
660 781 986 850 accipiebat.
1032 781 1168 836 Nam
1225 783 1371 854 quod
1427 784 1809 839 famulantium
1860 796 2024 857 atque

442 888 525 934 ea,
559 889 680 941 qua:
699 875 1081 943 corporalibus
1111 877 1302 930 usibus
1335 886 1646 947 opportuna
1691 887 1841 943 sunt,
1894 894 2022 947 pro-

444 963 750 1018 videntium
780 965 1088 1020 ministerio
1122 983 1230 1020 non
1277 983 1493 1036 semper
1545 969 1808 1023 destituta
1834 970 2021 1033 fuerit,

447 1055 584 1109 satis
611 1065 844 1110 constat.
878 1057 955 1110 Ex
988 1057 1058 1111 iis
1083 1059 1228 1111 enim
1259 1075 1381 1127 qua:
1412 1060 1464 1112 in
1499 1061 1702 1127 templo
1749 1060 2024 1114 submini-

447 1147 784 1212 strabantur,
827 1157 992 1215 atque
1041 1148 1107 1201 ad
1164 1149 1369 1203 victum
1420 1150 1813 1210 efferebantur.
1859 1151 2022 1205 simul

447 1251 571 1290 cum
609 1237 696 1303 iis,
730 1239 823 1306 qui
862 1253 1052 1292 eorum
1088 1240 1383 1308 participes
1431 1255 1500 1294 ex
1547 1242 1867 1310 prascripto
1900 1257 2022 1297 esse

446 1327 740 1393 debebant,
782 1330 896 1400 ipsa
929 1348 1145 1400 quoque
1194 1332 1602 1386 cnutriebatur.
1634 1333 1864 1397 Quando
1892 1349 2021 1386 vero

443 1419 790 1487 contingeret
815 1429 872 1472 ut
896 1420 1139 1473 orunium
1171 1437 1398 1489 prorsus
1419 1437 1548 1474 cura
1576 1421 1627 1475 ei
1653 1421 1932 1484 deliceret,
1959 1437 2022 1476 ac

446 1509 559 1577 ipsa
583 1510 697 1564 sola
729 1511 840 1564 fere
877 1511 1262 1580 negligeretur,
1296 1522 1459 1582 atque
1495 1523 1708 1566 careret
1763 1529 2019 1567 necessa-

446 1600 563 1662 riis,
595 1615 774 1669 neque
811 1603 1048 1665 adesset,
1082 1603 1174 1671 qui
1210 1604 1556 1657 solitudinem
1577 1604 1698 1674 ejus
1720 1604 2018 1669 solaretur;

447 1700 577 1744 tunc
619 1693 685 1744 ab
712 1693 904 1762 angelo
924 1704 1407 1761 exlenqwraneum
1440 1696 1592 1748 illutn
1618 1710 1682 1750 ac
1713 1696 2018 1750 mirabilem

447 1781 651 1834 vietum
683 1785 1010 1852 accipiebat.
1043 1785 1243 1837 Eorum
1280 1785 1575 1853 siquidem,
1606 1786 1701 1854 Qui
1741 1786 1910 1840 sacris
1965 1787 2016 1839 in

448 1874 648 1942 templo
680 1875 1003 1928 muneribus
1027 1892 1091 1928 ex
1124 1878 1318 1930 ordine
1345 1877 1735 1943 fungebantur,
1765 1878 2018 1930 nonnulli

444 1965 671 2033 quidem
707 1965 870 2019 simul
916 1971 1081 2035 atque
1113 1983 1265 2020 saera
1303 1970 1663 2037 peregissent,
1696 1977 1752 2022 et
1781 1984 2018 2023 consue-

446 2065 558 2108 tum
590 2057 956 2125 explev‘issent
991 2057 1379 2122 ministerium,
1413 2059 1467 2112 in
1511 2075 1625 2114 rem
1659 2059 2016 2114 domesticam

445 2155 680 2200 mentem
706 2163 1038 2218 operamque
1063 2165 1279 2203 omnem
1300 2154 1697 2205 convertebant
1721 2168 1736 2216 ;
1767 2150 1857 2204 alii
1884 2166 2016 2206 vero

442 2238 536 2305 qui
565 2238 782 2293 assidue
820 2241 1134 2310 invigilandi
1169 2257 1450 2296 sacrorum
1484 2241 1793 2296 ministerio
1827 2254 1884 2297 et
1917 2259 2016 2297 cu-

442 2329 634 2383 stodize
665 2346 864 2383 munus
890 2332 1066 2385 sortiti
1095 2342 1272 2392 erant,
1303 2349 1428 2385 enm
1470 2349 1634 2387 omne
1667 2333 1720 2386 in
1756 2349 1876 2387 eam
1903 2349 2018 2388 rem

442 2421 684 2474 studiqu
719 2422 1050 2482 conferri-nt,
1077 2423 1362 2493 segniores
1391 2425 1456 2477 ad
1486 2424 1634 2479 illius
1662 2425 1898 2496 (puellae)
1925 2441 2015 2480 eu-

445 2529 558 2566 ratn
609 2513 906 2583 gerendam
968 2515 1364 2570 reddebantur.
1416 2517 1669 2572 Fortasse
1731 2519 1879 2572 enim
1936 2518 2022 2572 his

444 2603 755 2671 prospicere
817 2605 1139 2659 idonearutn
1203 2605 1493 2660 mulierum
1539 2616 1635 2661 aut
1700 2609 2022 2661 ancillarum

443 2711 585 2749 onus
612 2705 752 2761 erat,
791 2708 870 2776 et,
896 2709 1153 2753 caeterum
1215 2699 1354 2752 ratio
1412 2700 1528 2768 ipsa
1584 2700 1916 2770 postulabat,
1965 2711 2025 2754 ut

2126 512 2232 563 τῶν
2263 514 2346 574 εἰς¹
2376 512 2474 580 τὴν
2501 510 2596 561 τοῦ
2649 507 2778 560 ναοῦ
2834 507 3186 576 τεταγμένων
3247 507 3570 577 παρεδρίαν,
3602 511 3702 580 τὴν

2125 602 2472 670 αὐτοσχέδιον
2535 600 2749 666 ἐκείνην
2809 599 2902 650 καὶ
2969 596 3272 666 παράδοξον
3329 598 3400 650 δι’
3464 601 3700 668 ἀγγέλου

2125 695 2402 762 ἐλὰμὸανε
2449 694 2674 762 τροφήν.
2720 691 2846 743 Ὀτι
2897 689 2996 758 μὲν
3031 691 3139 758 γὰρ
3171 691 3232 742 οὖ
3275 690 3569 754 διαπαντὸς
3603 695 3702 763 τῆς

2123 786 2232 836 τῶν
2263 785 2677 853 θεραπευόντων
2718 782 2810 834 καὶ
2831 785 2940 834 τῶν
2967 781 3059 832 τοῦ
3099 780 3350 850 σώματος
3379 783 3702 850 ἐπιτηδείων

2125 875 2540 944 προνοουμένων
2591 871 2921 925 ἀπελείπετο
2959 871 3319 940 λειτουργίας,
3384 871 3547 923 παντί
3597 889 3700 923 που

2123 961 2418 1031 γνώριμον.
2473 963 2570 1013 Διά
2628 953 2744 1029 γὰρ’
2774 959 2882 1012 τῶν
2931 959 3507 1029 καθυπηρετουμένων
3537 959 3595 1012 ἐν
3625 958 3701 1028 τῷ

2122 1054 2236 1121 ναῷ
2267 1053 2360 1106 καὶ
2405 1053 2511 1105 τῶν
2544 1051 3104 1121 καρποφορουμένων,
3161 1051 3256 1103 σὺν
3299 1053 3412 1112 τοῖς
3451 1050 3701 1120 μετέχειν

2123 1145 2302 1199 αὐτῶν
2332 1143 2698 1214 ἀφορισθεῖσι,
2729 1144 3062 1214 διετρέφετο.
3085 1141 3216 1193 Ὅτε
3245 1141 3302 1193 δέ
3319 1142 3509 1211 καιρὸς
3539 1143 3696 1211 ἐπῆν,

2125 1237 2243 1290 καθ’
2275 1235 2332 1289 δν
2365 1238 2463 1304 τῆς
2511 1236 2619 1288 τῶν
2669 1236 2928 1290 ἁπάντων
2985 1233 3372 1303 ἀπεγυμνοῦτο
3420 1235 3701 1304 προνοίας,

2124 1329 2261 1398 μόνη
2319 1345 2379 1381 τε
2432 1328 2615 1398 σχεδὸν
2670 1327 3212 1396 ἐγκαταλειπομένη,
3267 1325 3376 1378 τῶν
3434 1343 3492 1378 τε
3558 1327 3702 1378 κατὰ

2121 1423 2307 1492 χρείαν
2335 1421 2635 1492 ύστερεῖτο,
2669 1422 2764 1474 καὶ
2804 1423 2896 1474 τὶν
2930 1419 3355 1490 παρηγοροῦντα
3386 1421 3484 1489 τὴν
3522 1421 3698 1490 μόνω-

2123 1528 2208 1563 σιν
2246 1511 2346 1564 οὐκ
2375 1507 2510 1581 εἶχε,
2559 1511 2680 1563 τότε
2731 1510 2833 1580 τὴν
2872 1510 3222 1578 αὐτοσχέδιον
3268 1509 3364 1560 καὶ
3396 1509 3702 1578 παράδοξον

2120 1601 2208 1654 διά
2239 1603 2332 1654 τοῦ
2377 1603 2612 1670 ἀγγέλου
2642 1601 2930 1670 ἐκομίζετο
2964 1601 3193 1669 τροφήν.
3249 1599 3372 1652 Τῶν
3397 1601 3505 1670 γὰρ
3534 1601 3591 1652 ἐν
3624 1600 3702 1669 τῷ

2125 1693 2255 1762 ἱερῷ
2285 1694 2656 1762 τεταγμένων,
2682 1693 2731 1744 οἱ
2766 1691 2863 1761 μὲν
2885 1691 2982 1755 τὰς
3011 1690 3359 1762 λειτουργίας
3391 1691 3704 1744 ἐπιτελοῦν-

2055 1771 2094 1828 “
2124 1799 2233 1845 τες,
2293 1785 2360 1852 τῇ
2422 1783 2643 1852 συνήθει
2693 1781 2755 1834 τὸ
2811 1781 2982 1850 πέρας
3012 1779 3353 1842 ἐπιτιθέντες
3385 1779 3700 1849 ἀκολουθίᾳ,

2123 1876 2242 1928 οὐδέ
2284 1876 2383 1944 τῆς
2437 1877 2556 1928 κατ’
2591 1869 2740 1928 οἷκον
2787 1874 3128 1942 κατημέλουν
3158 1872 3351 1942 χρείας
3374 1889 3385 1901 ·
3420 1873 3470 1924 οῖ
3517 1871 3574 1924 δέ
3608 1871 3703 1922 καλ⁸

2122 1970 2188 2038 τῇ
2223 1967 2330 2019 τῶν
2383 1967 2542 2038 ίερῶν
2590 1967 2858 2036 διηνεκῶς
2898 1967 3253 2036 ἐγκαρτερεῖν
3285 1964 3562 2036 ὑπηρεσία
3606 1963 3702 2015 καὶ

2125 2061 2336 2130 φυλακῇ
2388 2058 2714 2128 τεθειμένοι,
2754 2058 2814 2112 τὸ
2866 2060 2974 2110 πᾶν
3034 2060 3093 2111 ἐν
3115 2058 3290 2127 τούτῳ
3320 2056 3418 2124 τῆς
3463 2055 3702 2125 σπουδῆς

2125 2151 2632 2213 καταναλίσκοντες,
2659 2150 2946 2220 ἀργότεροι
2967 2149 3103 2218 πρὸς
3132 2149 3232 2214 τὴν
3260 2146 3480 2216 ἐκείνης
3510 2145 3704 2199 καθει-

2126 2245 2422 2314 στήκεισαν
2481 2242 2798 2311 θεραπείαν.
2857 2241 2978 2293 Τῶν
3011 2241 3337 2308 ἐπιτηδείων
3383 2241 3493 2309 γὰρ
3527 2237 3704 2291 ταῦτα

2117 2333 2396 2402 γυναικῶν
2429 2333 2591 2402 τυχὸν
2639 2331 2671 2402 ἢ
2710 2331 3108 2402 θεραπαινίδων
3135 2329 3491 2401 ἀποπληροῦν
3523 2330 3702 2400 ὗπῆρ-

2119 2445 2203 2498 χε,
2235 2427 2329 2480 καὶ
2380 2426 2522 2479 κατὰ
2554 2424 2713 2493 λόγον
2761 2423 3019 2494 ἐπεζήτει
3055 2425 3276 2486 πάντως
3309 2424 3376 2476 τὰ
3410 2424 3510 2492 τὴν
3539 2420 3704 2490 φύσιν

2123 2519 2528 2589 συντηρήσοντα
2560 2517 2649 2569 διὰ
2679 2516 2778 2584 τῆς
2811 2515 3091 2585 ἐφημέρου
3130 2515 3227 2568 τοῦ
3265 2515 3518 2584 σώματος
3548 2517 3702 2577 σιτή-

2124 2626 2280 2673 σεωζ,
2312 2609 2398 2676 ἐφ’
2432 2601 2476 2675 ᾧ
2506 2611 2602 2662 καὶ
2633 2608 2729 2678 τὴν
2754 2608 3144 2660 ἐπιλείπουσαν
3175 2608 3225 2659 ἐ)
3239 2607 3484 2677 ἁμὸανεν
3511 2609 3576 2661 ἐκ
3604 2605 3701 2660 τοῦ

2094 2713 2098 2717 ’
2123 2701 2355 2770 ἀγγέλου
2393 2702 2619 2773 τροφήν.

441 2787 826 2856 quotidianum
864 2790 1111 2858 corporis
1132 2790 1456 2845 alimentum
1493 2790 1560 2845 ad
1624 2791 1792 2846 vitam
1824 2793 2130 2846 naturalem
2193 2793 2517 2848 servandam
2579 2794 3043 2863 suppeditarctur.
3065 2791 3432 2859 Quamobrem
3472 2794 3700 2862 victum,

440 2880 485 2934 si
516 2879 736 2948 quando
772 2878 824 2934 ei
852 2879 1088 2944 deesset,
1127 2881 1295 2935 etiam
1324 2881 1392 2936 ab
1423 2882 1616 2952 angelo
1645 2881 1884 2936 delatum
1921 2880 2174 2937 habebat.

508 3016 696 3071 XXVI.
733 2970 897 3082 sane,
925 3016 1200 3086 quomodo
1234 3018 1516 3084 Dominus,
1553 3018 1646 3087 qui
1695 3019 2016 3088 propensis-

2195 3020 2339 3088 κεῖν.
2371 3022 2494 3082 Πῶς
2551 3021 2659 3092 γὰρ
2699 3023 2764 3076 ἀν
2793 3023 2820 3076 ὁ
2874 3024 3142 3094 κρείττονι
3193 3022 3448 3092 βουλήσει
3495 3019 3702 3087 ταύτην

440 3111 575 3165 sima
604 3110 746 3164 hanc
772 3109 1049 3164 voluntate
1081 3118 1396 3179 exceperat,
1449 3110 1697 3164 eamdem
1731 3111 2027 3178 providen-

442 3201 515 3256 tia
544 3218 769 3272 prorsus
818 3202 1054 3257 mirabili
1090 3217 1201 3256 non
1243 3203 1535 3256 lucretur?
1573 3201 1858 3266 Quomodo
1903 3218 2023 3255 eam

441 3293 700 3348 diviniori
736 3293 972 3363 quadam
1019 3308 1150 3348 cura
1184 3293 1402 3364 dignam
1435 3309 1541 3347 non
1575 3294 1844 3348 haberet?
1881 3293 2026 3360 Quo-

443 3386 608 3440 modo
632 3401 743 3440 non
797 3386 960 3440 etiam
1009 3386 1444 3456 singularissima
1485 3385 1696 3441 ratione
1726 3389 1932 3440 victum
1971 3389 2020 3441 ei

441 3477 853 3546 suppeditaret?
881 3476 1166 3542 Quomodo
1190 3493 1308 3531 eam
1327 3476 1750 3530 obumbratioue
1771 3493 1869 3532 sua
1901 3479 2017 3533 vel«

441 3567 521 3620 uti
558 3566 887 3636 quibusdam
925 3567 1068 3621 ulnis
1100 3569 1558 3636 circumplectens
1613 3579 1669 3621 et
1701 3570 2011 3630 continens,

443 3658 525 3712 uti
573 3673 728 3711 suam
787 3656 959 3724 ipsius
1011 3657 1315 3724 portionem
1367 3675 1476 3711 non
1530 3659 2016 3712 circumtexisset?

438 3748 726 3814 Quomodo
757 3747 1102 3814 purissituam
1131 3749 1438 3802 columbam
1467 3764 1624 3801 suam
1671 3767 1775 3802 non
1831 3749 2016 3804 confo-

2124 3111 2480 3182 παρειληφὼς
2505 3115 2802 3184 Δεσπότης,
2835 3116 2909 3184 μὴ
2949 3113 3353 3184 παραδοξοτάτῃ
3380 3111 3704 3180 περιεποιὴ-

2122 3223 2255 3258 σατο
2317 3206 2668 3276 προμηθείᾳ;
2727 3206 2850 3268 Πῶς
2914 3207 2988 3277 μὴ
3040 3206 3318 3272 θειοτέρας
3354 3203 3553 3272 ἠξίωσε
3601 3203 3702 3269 τῆς

2120 3298 2460 3368 ἐπισκοπῆς;
2490 3298 2608 3361 πῶς
2634 3298 2707 3367 μὴ
2739 3301 2852 3361 τοῖς
2875 3297 3322 3366 ἀξιολογωτέροις
3341 3296 3703 3363 ἐτιθηνήσατο

2118 3391 2454 3460 χαρίσμασις
2516 3391 2633 3453 πῶς
2669 3391 2742 3458 μὴ
2779 3393 2899 3452 ταῖς
2935 3390 3194 3456 ἀγκαλῶν
3225 3388 3382 3454 δίκην
3445 3385 3702 3452 συνεχού-

2117 3497 2238 3539 σαις
2274 3480 2442 3549 αὐτὴν
2497 3477 2851 3548 περικρατῶν
2905 3478 3307 3538 ἐπισκιάσεσιν,
3363 3475 3440 3538 ὡς
3485 3474 3697 3526 οίκείαν

2121 3572 2410 3640 περιέλαϐε
2446 3572 2664 3642 μερίδα,
2694 3572 2769 3632 ὡς
2800 3571 3068 3642 ἀκεραίαν
3103 3569 3400 3636 συνέθαλψε
3449 3582 3703 3634 περιστε-

2125 3662 2243 3731 ρὰν,
2281 3662 2356 3723 ὡς
2391 3662 2688 3730 πολύτιμον
2710 3663 3074 3730 ἐταμιεύσατο
3101 3663 3294 3731 δῶρον,
3324 3661 3398 3720 ὼς
3421 3658 3703 3726 ὁλοκλήρῳ

2124 3753 2296 3821 ταύτῃ
2335 3753 2428 3804 καὶ
2450 3753 2638 3804 εὐώδει
2671 3753 2942 3821 ἐφηδύνθη
2977 3754 3412 3821 καλλιερήματις

441 3840 628 3894 veret?
690 3839 974 3904 Quomodo
1031 3839 1106 3892 uti
1168 3840 1628 3908 pretiosissimum
1685 3840 1888 3892 donum
1941 3857 2048 3892 non
2086 3845 2462 3898 asservasset?
2497 3844 2784 3910 Quomodo
2821 3861 2884 3900 ca
2917 3846 3357 3900 oblectalusnuu
3388 3852 3534 3897 esset
3599 3855 3700 3894 cett

439 3933 660 3988 victima
702 3929 854 3984 nullo
898 3929 1032 3984 vitio
1060 3930 1364 3993 laborante,
1402 3942 1457 3985 et
1485 3931 1870 3985 suavissimum
1900 3932 2143 4000 spirante
2170 3935 2442 3990 odorem?

513 4065 727 4120 Etenim
758 4062 803 4116 si
834 4062 962 4116 dum
989 4061 1202 4115 dulcem
1233 4060 1374 4115 hanc
1404 4071 1460 4117 ct
1490 4062 1781 4132 iucundam
1843 4064 2019 4118 histo-

443 4157 580 4209 riam
610 4171 706 4222 per
746 4154 923 4207 solum
957 4169 1056 4206 nos
1082 4151 1331 4206 auditum
1355 4153 1679 4223 excipimus,
1714 4163 1769 4209 et
1796 4155 2020 4210 mirabi-

445 4250 549 4302 lem
581 4247 727 4300 illam
761 4246 884 4300 vita:
919 4245 1186 4301 rationem
1227 4247 1658 4317 institutumque
1699 4247 1750 4301 in
1809 4264 2018 4303 metuo-

442 4340 576 4392 riam
632 4348 956 4393 revocantcs
1005 4355 1108 4407 ope
1141 4340 1413 4394 sermonis
1447 4340 1616 4395 veluti
1650 4339 2017 4413 depingimus,

2196 4071 2257 4122 Ei
2283 4071 2390 4138 γὰρ
2412 4069 2476 4123 δι’
2511 4072 2680 4140 ἀκοῆς
2713 4071 2871 4140 ἡμεῖς
2902 4072 2962 4124 τὸ
2986 4072 3168 4140 γλυκὺ
3202 4072 3361 4126 τοῦτο
3391 4073 3485 4124 καὶ
3515 4071 3700 4124 ποθειι

2122 4163 2209 4214 νδν
2240 4163 2612 4232 λαμϐάνοντες
2644 4164 2934 4235 ὑφήγημα,
2963 4165 3055 4216 καὶ
3075 4166 3195 4226 ταῖς
3224 4164 3335 4216 τῶν
3364 4163 3540 4230 λόγων
3568 4165 3700 4216 ἀνα-

2125 4257 2352 4325 μνήσεσι
2381 4254 2630 4318 καθάπερ
2672 4254 3206 4325 ἁναζωγραφοῦντες
3248 4254 3346 4323 τὴν
3377 4254 3701 4323 θαυμαστὴν

2121 4348 2336 4418 ἐκείνην
2358 4347 2628 4416 διαίτησιν
2662 4348 2752 4400 καὶ
2783 4349 3028 4416 ἀγωγὴν,
3063 4349 3121 4398 ἐν
3153 4346 3418 4417 ἐπιθυμίᾳ
3441 4346 3533 4398 καὶ
3561 4345 3702 4397 αὐτὰ

442 4430 678 4485 ferventi
727 4438 891 4499 atque
922 4430 1173 4484 aestuanti
1205 4429 1482 4486 desiderio
1520 4432 1871 4487 accendimur
1905 4435 2019 4489 haec

2125 4441 2324 4512 ζεούσῃ
2341 4440 2435 4491 καὶ
2458 4437 2711 4510 διαπύρῳ
2729 4439 2967 4492 κατιδεῖν
2993 4438 3260 4509 γινόμεθα
3283 4439 3349 4490 τὰ
3372 4437 3700 4507 πράγματα,

445 4525 560 4592 ipsa
611 4523 787 4577 oculis
825 4522 1032 4577 nostris
1073 4523 1347 4587 intuendi,
1401 4531 1457 4577 et
1493 4525 1746 4595 quisquis
1776 4526 1891 4579 haec
1923 4544 2020 4580 att-

441 4617 577 4678 diat,
635 4615 1103 4686 jucundissimum
1157 4631 1270 4684 pra:
1323 4617 1536 4670 etc-teris
1593 4618 2018 4688 quibuscunque

439 4707 931 4777 dulcissimumun
953 4707 1252 4770 existimat,
1285 4723 1382 4775 per
1409 4723 1528 4761 eam
1563 4707 1782 4763 licuisse
1801 4719 2016 4763 aetatem

440 4800 647 4863 vivere,
703 4815 935 4869 quaeque.
993 4808 1124 4853 tunc
1173 4797 1368 4852 fierent
1399 4799 1576 4853 oculis
1617 4799 1734 4854 suis
1767 4800 2012 4866 haurire,

439 4903 606 4961 atque
648 4909 842 4946 eorum
877 4901 1175 4962 conspectu
1220 4891 1446 4959 perfrui,
1480 4905 1544 4945 ac
1567 4907 1707 4945 nova
1741 4892 1828 4944 illa
1861 4892 2018 4946 inau-

439 4985 662 5053 ditaque
697 4983 1002 5038 (economia
1051 4992 1180 5037 tunc
1223 4983 1512 5045 oblectari,
1577 4992 1635 5037 et
1692 4983 2017 5038 deliciarum

441 5075 638 5129 barum
669 5085 983 5129 nostrarum
1006 5074 1472 5145 contemplatione
1499 5077 1819 5146 iucundari,
1849 5087 2016 5146 atque

441 5168 666 5221 unicum
703 5167 838 5220 illttd
869 5179 1079 5222 natura:
1109 5184 1331 5238 germen
1362 5184 1528 5236 super
1551 5169 1735 5222 omnia
1757 5169 2018 5230 amabile,

437 5258 481 5310 si
511 5273 619 5326 quo
669 5257 832 5311 modo
885 5257 999 5309 lieri
1049 5271 1253 5326 posset,
1310 5258 1598 5329 ιυιιιριιιειί
1638 5269 1692 5312 et
1747 5261 2017 5324 osculari,

449 5348 680 5417 ejusque
712 5346 904 5400 laudes
952 5347 1302 5401 sermonibus
1362 5348 1659 5412 celebrare,
1705 5365 1768 5403 ac
1809 5352 2023 5404 ferven-

439 5438 653 5492 tissimo
687 5437 874 5492 studio
924 5438 1065 5491 hanc
1123 5438 1198 5491 illi
1251 5439 1477 5508 gratiam
1526 5441 1826 5508 exhibere;
1884 5459 2021 5512 quo-

439 5527 605 5583 mch
666 5527 912 5598 Sponsus
958 5529 1069 5592 ille,
1113 5531 1206 5598 qui
1251 5548 1371 5586 eam
1423 5535 1796 5601 pratelegerat,
1831 5552 2019 5589 suam-

440 5635 547 5690 que
573 5621 630 5675 in
661 5620 884 5676 domum
913 5621 1241 5686 adsciverat,
1279 5625 1371 5693 qui
1405 5641 1604 5680 novam
1635 5627 1780 5682 illam
1821 5644 1886 5684 ac
1921 5647 2018 5685 na-

440 5717 572 5770 tum
600 5715 746 5771 vires
783 5716 1140 5772 excedentem
1169 5715 1337 5771 animi
1378 5717 1640 5774 virtutem
1671 5721 1722 5776 in
1754 5737 1817 5777 ea
1863 5737 2018 5791 spec-

2122 4532 2216 4584 καὶ
2245 4531 2353 4584 τῶν
2383 4531 2558 4600 ἄλλων
2590 4531 2845 4584 ἁπάντων
2884 4529 3297 4600 ἐρασμιώτατον
3343 4529 3437 4580 καὶ
3485 4527 3702 4599 ἣδιστον

2119 4625 2232 4685 τοῖς
2263 4623 2518 4674 ἀκούουσι
2553 4621 2802 4692 κρίνεται
2844 4621 3003 4682 πᾶσι,
3039 4619 3100 4672 τὸ
3130 4617 3477 4672 κατ’ἐκεῖνον
3506 4618 3702 4681 παρεῖ-

2120 4733 2208 4767 ναι
2235 4713 2324 4768 τὸν
2359 4714 2570 4783 χρόνον,
2611 4713 2894 4781 ἱστορῆσαί
2946 4728 3005 4764 τε
3054 4710 3121 4762 τὰ
3152 4711 3442 4778 γενόμενα,
3478 4709 3574 4760 καὶ
3603 4707 3702 4773 τῆς

2121 4805 2248 4870 θέας
2273 4806 2452 4858 αὐτῶν
2481 4804 2859 4856 ἐπαπολαῦσαι
2895 4803 2990 4855 καὶ
3009 4804 3328 4870 κατατρυφῆ
3343 4818 3425 4852 ςαι
3455 4799 3555 4866 τῆς
3580 4802 3701 4848 τότε

2122 4897 2626 4968 καινοτομουμένης
2684 4897 3025 4965 οἰκονομίας,
3080 4893 3178 4946 καὶ
3231 4891 3590 4962 ἐνηδυνθῆναι
3633 4893 3698 4958 τῇ

2123 4990 2324 5059 θεωρίᾳ
2359 4987 2454 5040 τοῦ
2505 4988 2777 5057 ἡμετέρου
2825 4988 3259 5054 ἐντρυφήματος,
3302 4984 3397 5035 καὶ
3429 4981 3700 5052 περιπτῶ

2123 5083 2350 5146 ξασθαι,
2393 5080 2555 5149 εἴπερ
2588 5075 2700 5131 οἷόν
2759 5096 2818 5130 τε
2857 5074 2946 5147 ἦν,
3006 5077 3065 5129 τὸ
3115 5077 3274 5146 μόνον
3329 5074 3430 5142 τῆς
3487 5075 3703 5140 φύσεως

2123 5173 2622 5243 ὑπερηγαπημένον
2675 5172 2987 5242 βλάστημα,
3035 5171 3130 5220 καὶ
3164 5167 3555 5237 προσενεγκεῖν
3605 5165 3703 5233 τὴν

2122 5267 2210 5320 διὰ
2239 5265 2412 5332 λόγων
2437 5263 2716 5334 εὐφημίαν
2743 5263 2834 5315 καὶ
2868 5263 3024 5332 χάριν
3052 5261 3252 5329 ταύτην
3277 5259 3354 5329 τῷ
3382 5259 3702 5328 θερμοτάτῳ

2123 5357 2217 5410 τοῦ
2253 5358 2417 5409 πόθου
2453 5357 2775 5426 παρασχεῖν,
2806 5355 2921 5416 πῶς
2961 5353 3025 5406 ἂν
3058 5356 3084 5406 ὁ
3117 5353 3321 5420 ταύτην
3350 5353 3442 5404 καὶ
3469 5348 3701 5418 προκρί-

2125 5467 2218 5512 νας
2252 5449 2345 5502 καὶ
2384 5449 2816 5516 είσοικισὰμενος
2849 5444 3119 5514 Νυμυίος,
3161 5447 3188 5496 ὁ
3219 5444 3276 5495 τὸ
3305 5442 3582 5512 ὑπερφυὲς
3603 5440 3700 5507 τῆς

2125 5541 2182 5591 ἐν
2239 5540 2374 5607 αὐτῇ
2409 5537 2908 5605 καινοτομουμένης
2943 5535 3145 5603 ἐνορῶν
3179 5534 3502 5603 καρτερίας,
3541 5533 3569 5582 ὁ
3624 5531 3702 5595 τῷ

2124 5630 2391 5698 ἀμηχάνῳ
2449 5628 2548 5696 τῆς
2604 5626 2975 5696 καθαρότητος
3037 5626 3206 5696 αὐτῆς
3270 5624 3699 5694 ἐνωραῖξὸμενος

2125 5721 2332 5782 κάλλει,
2372 5720 2398 5770 ὁ
2445 5721 2510 5790 τῇ
2551 5717 2846 5788 ἀθεωρὴτῳ
2883 5717 2976 5786 τῆς
2999 5715 3544 5788 ψυχῆςὲφηδόμενος
3577 5729 3700 5780 τερα
