4130 6202
400 355 497 419 631

1700 358 1957 418 JACOBI
2005 359 2351 421 MONACHI

3532 357 3635 419 632

402 471 649 524 citatem.
686 470 752 523 At
789 484 905 532 nos,
937 481 1001 522 ex
1044 477 1279 536 utroque
1311 467 1406 525 illo
1434 453 1727 539 splendore
1775 468 1980 523 mican—

2084 468 2176 522 τοῦ
2204 471 2404 523 οίκεῖόν
2436 488 2494 524 σε
2527 470 3036 538 κατασκευάσαντος
3069 475 3222 544 ήλίου
3252 473 3352 544 τῆς
3381 473 3654 528 δικαιοσύ-

406 559 555 613 tihus
579 555 748 612 radiis
781 556 1058 620 illustrati,
1089 555 1141 610 in
1176 558 1291 626 ipsa
1335 567 1553 613 tuorum
1597 557 2012 630 mysteriorum’

403 647 779 719 promptuaria
817 648 1049 718 plurima
1085 647 1208 702 luce
1273 647 1505 704 nitentia
1552 648 1986 718 introspicimus,

399 751 455 796 et
487 741 630 796 Solis
669 739 920 810 justitiae,
955 740 1047 809 qui
1096 750 1148 794 te
1199 756 1358 795 suum
1401 741 1584 797 effecit
1624 742 1989 804 domicilium,

402 837 707 906 fulgoribus
767 836 1165 900 illuminamur,
1204 836 1258 890 in
1301 835 1520 892 Christo
1563 836 1692 892 Jesu
1754 833 1989 888 Domino

2089 580 2185 632 νης
2238 563 2564 633 ἐνδιαίτημα
2617 563 3083 634 καταυγαζόμεθα
3145 563 3545 634 λαμπρότησιν,
3605 565 3658 618 ἐν.

2086 651 2310 720 Χριστῷ
2354 652 2552 722 Ἰησοῦ,
2603 651 2680 723 τῷ
2725 653 2919 723 Κυρίῳ
2973 653 3154 722 ἡμῶν,
3207 647 3478 724 ᾧπρὲπει
3507 653 3662 723 τιμὴ,

2087 741 2236 807 δόξα,
2264 744 2361 796 σὺν
2381 743 2458 814 τῷ
2487 745 2661 815 Πατρὶ
2692 745 2888 814 καὶτῷ
2918 744 3056 814 ἁγίῳ
3101 744 3400 814 Πνεύματι,
3433 745 3529 797 νῦν
3567 748 3663 798 καὶ

2091 835 2179 888 ἀεὶ
2212 836 2306 890 καὶ
2325 838 2405 898 είς
2427 838 2554 899 τοὺς
2579 838 2782 900 αἰῶνας
2811 839 2920 891 τῶν
2953 835 3184 893 αῑὼνων.
3227 838 3422 908 Ἀμήν.

401 939 608 994 nostro,
633 945 796 999 quem
835 931 1011 984 honor
1041 930 1202 985 decet
1242 939 1300 986 et
1329 931 1500 1001 gloria
1528 946 1653 987 eum
1709 930 1870 985 Patre
1923 938 1981 984 et
2021 927 2225 1000 Spiritu
2269 940 2455 986 sancto
2525 947 2674 986 nunc
2747 942 2804 988 et
2851 947 3069 1002 semper
3112 941 3170 987 et
3221 932 3276 986 in
3322 933 3519 989 saacula
3565 949 3662 988 sae.

401 1024 669 1079 culorum.
706 1025 904 1078 Amen.

1003 1159 1263 1216 ORA'i‘iO
1292 1161 1382 1216 IV.

408 1274 470 1327 In
513 1272 871 1329 Sanctissimae
917 1273 1159 1341 Deiparm
1198 1271 1688 1335 Anmmtiationem,
1739 1289 1765 1326 e
1813 1275 1978 1326 sacris

875 1343 1162 1413 Scripturis
1218 1343 1520 1412 desumpta.

476 1477 511 1531 Ι.
573 1475 798 1531 Gaudeo
858 1477 1124 1534 hodierna
1173 1479 1284 1546 die,
1321 1480 1451 1550 quia
1494 1478 1752 1551 gaudium
1799 1495 1979 1535 meum

401 1584 499 1636 per
540 1569 843 1623 solemnem
891 1580 1228 1624 conventum
1285 1572 1537 1639 celebro;
1571 1572 1802 1643 gaudeo,
1832 1571 1980 1642 quod

400 1675 500 1730 ago
527 1659 724 1714 festum
750 1660 948 1716 lzetitiae
981 1677 1142 1728 mete;
1171 1663 1407 1733 gaudeo,
1437 1664 1569 1734 quia
1594 1664 1765 1718 totius
1786 1664 1974 1718 mundi

400 1750 623 1820 gloriam
658 1751 801 1806 ulnis
822 1751 1158 1821 amplector;
1185 1753 1422 1822 gaudeo,
1451 1754 1580 1822 quia
1625 1769 1978 1810 communem

2717 1155 2933 1209 ΛΟΓΟΣ
2967 1155 3038 1210 Δ’.

2078 1273 2182 1339 Εἰς
2214 1271 2321 1326 τόν
2350 1270 2792 1339 εὐαγγελισμόν
2828 1269 2938 1335 τῆς
2969 1271 3296 1338 ὑπεραγίας
3345 1271 3660 1334 Θεοτόκου,

2320 1342 2595 1408 ἐκλενεὶς
2627 1341 2748 1395 ἀπὸ
2787 1339 2906 1394 τῶν
2934 1340 3107 1396 θείων
3137 1339 3415 1408 Γραφῶν.

2149 1476 2230 1530 A'.
2261 1475 2452 1546 Χαίρω
2507 1491 2767 1547 σημερον,
2823 1475 2923 1544 τὴν
2953 1473 3092 1544 ἐμὴν
3143 1476 3536 1546 πανηγυρίζων
3558 1495 3660 1548 χα-

2081 1565 2182 1636 ράν
2207 1581 2220 1595 ⁸
2252 1565 2448 1634 χαίρω,
2487 1563 2587 1631 τὴν
2621 1566 2762 1634 ἐμὴν
2797 1563 3074 1634 ἑορτάζων
3121 1563 3499 1635 εὐφροσύνην’
3544 1567 3665 1637 χαί-

2089 1675 2188 1728 ρω,
2213 1658 2312 1727 τὴν
2343 1654 2691 1725 παγκόσμιον
2724 1655 3229 1724 περιπτυσσόμενος
3245 1654 3405 1724 δόξαν
3425 1676 3439 1688 ο
3463 1659 3659 1732 χαίρω,

2087 1750 2186 1820 τὴν
2237 1749 2421 1818 κοινὴν
2473 1746 2852 1816 ἀσπαζόμενος
2912 1743 3274 1815 ἀγαλλίασινο
3323 1747 3518 1818 χαίρω,
3565 1750 3664 1818 τῆς

400 1841 644 1894 omnium
673 1842 1102 1897 exsultationem
1151 1845 1361 1912 saluto;
1397 1847 1632 1916 gaudeo,
1664 1846 1810 1916 quod
1843 1847 1976 1900 mihi

2083 1844 2222 1913 ἀρᾶς
2250 1842 2349 1912 τὴν
2391 1839 2656 1894 ἀπόθεσιν
2700 1839 3062 1910 κομιζόμενος
3081 1853 3095 1868 ⁸
3142 1839 3339 1910 χαίρω.
3364 1841 3463 1910 τῆς
3489 1845 3662 1914 χαρᾶς

400 1934 681 2003 contingat
745 1935 1184 1990 maledictionem
1253 1953 1488 2005 exuere;
1557 1939 1790 2009 gaudeo,
1833 1939 1979 2009 quod

401 2040 546 2078 novo
601 2025 801 2080 laetitiae
857 2025 1180 2080 indumento
1247 2029 1494 2094 vestior;
1559 2030 1793 2100 gaudeo,
1849 2030 1978 2100 quia

399 2116 810 2184 corruptionem
839 2118 1120 2186 conspicio
1148 2118 1496 2175 deficientem
1523 2139 1538 2184 ;
1572 2122 1805 2192 gaudeo,
1850 2122 1978 2192 quia

405 2205 637 2272 proponi
671 2205 1104 2274 incorruptionis
1137 2208 1357 2277 prtemia
1388 2209 1709 2276 considero;
1741 2211 1976 2281 gaudeo,

400 2293 528 2360 quia
590 2292 940 2348 luereditario
1001 2296 1214 2349 relevor
1273 2300 1684 2367 protoparentis
1745 2299 1974 2367 debito;

399 2383 635 2452 gaudeo,
684 2384 812 2452 quia
859 2384 1204 2452 Spiritualem
1253 2401 1567 2461 consequor
1624 2387 1974 2455 libertatem;

402 2474 635 2542 gaudeo,
686 2474 813 2544 quia
868 2475 1167 2545 adoptione
1236 2476 1473 2531 filiorum
1535 2477 1627 2533 Dei
1684 2479 1977 2549 pcrfruor;

402 2563 636 2633 gaudeo,
679 2564 808 2632 quia
856 2580 963 2619 una
1003 2580 1126 2618 cum
1163 2565 1346 2635 gaudii
1393 2566 1636 2621 auctriee
1671 2567 1884 2636 cpulor,
1922 2572 1977 2622 in

404 2656 560 2726 cujus
589 2656 755 2710 etiam
787 2664 1089 2726 conspectu
1126 2657 1460 2712 sacratiores
1489 2657 1698 2713 ducens
1723 2660 1976 2725 choreas,

401 2748 801 2802 cucharisticos
834 2748 938 2817 ipsi
964 2748 1198 2819 hymnos
1224 2748 1478 2815 decanto,
1521 2751 1750 2821 nuptiali
1777 2753 1979 2807 laetitia:

403 2841 624 2908 plaudo,
650 2856 712 2895 ac
737 2841 918 2895 verbis
937 2841 1066 2895 boni
1085 2831 1296 2896 ominis
1317 2843 1568 2912 nuptiale
1591 2854 1798 2898 sertum
1831 2852 1977 2901 texo.

475 2931 538 2986 ll.
601 2933 820 2987 Etenim
883 2932 1152 2987 hodierna
1207 2933 1298 2987 die
1353 2933 1718 3004 intelligibilis
1782 2936 1871 2992 hic
1924 2947 1981 2992 et

407 3040 626 3078 summo
693 3027 902 3080 honore
937 3025 1358 3095 prosequendus
1394 3026 1686 3091 thalamus,
1723 3029 2000 3084 nuntium'

407 3117 618 3188 mystici
649 3126 811 3187 atque
853 3117 1148 3173 ineﬂ‘abilis
1183 3118 1445 3173 connubii
1482 3119 1779 3189 accipiens,
1814 3122 1977 3177 simul

409 3226 533 3263 eum
564 3210 966 3280 ipso'sponsum
1001 3212 1215 3267 ratione
1241 3212 1520 3266 mentibus
1542 3212 1808 3283 impervia
1834 3215 1982 3270 exci-
2009 3183 2051 3243 ο

409 3304 484 3374 pit
510 3321 526 3368 ;
553 3314 610 3358 et
643 3304 959 3373 incorrupta
991 3305 1336 3360 inhabitante
1368 3305 1597 3376 (Verbo)
1626 3307 1755 3362 foeta
1777 3308 1983 3362 evadit.

409 3395 581 3451 Hodie
644 3397 904 3466 palatium
958 3398 1273 3470 mysticum,
1332 3398 1688 3454 inenarrabili
1746 3401 1986 3470 puritate

406 3497 730 3542 exornatum
775 3490 912 3558 (58),
949 3506 1097 3555 eum,
1130 3491 1224 3561 qui
1259 3491 1535 3546 universis
1562 3491 1900 3558 dominatur,
1929 3503 1986 3549 et

408 3590 691 3634 creaturas
715 3596 909 3634 omnes
939 3583 1208 3646 continet,
1241 3583 1569 3638 mirabiliter
1592 3584 1740 3638 intus
1765 3585 1983 3654 recipit.

409 3669 583 3722 Hodie
607 3670 806 3722 cmlum
831 3670 1080 3724 omnium
1109 3672 1566 3726 sublimissimum
1591 3683 1752 3742 atque
1776 3674 1984 3728 anima-

411 3767 524 3811 tum
578 3758 788 3813 ratione
833 3761 997 3813 nullfs
1037 3762 1388 3816 sermonibus
1431 3766 1774 3833 assequenda
1821 3766 1874 3819 in
1926 3782 1984 3819 se

409 3846 750 3900 incarnatum
781 3848 932 3902 illum
961 3851 1228 3914 continet,
1255 3851 1348 3918 qui
1377 3852 1562 3906 caelum
1592 3856 1823 3907 extendit
1843 3857 1980 3908 sicut

407 3935 596 4006 pellem
636 3936 701 4003 ³⁷,
755 3937 1046 4008 ipsumque
1100 3938 1166 3992 ad
1219 3950 1498 3996 extremos
1551 3944 2014 4013 circumquaque

410 4029 678 4083 terminos
701 4029 842 4083 sicut
869 4031 1165 4084 tentorium
1193 4031 1438 4088 deducit.
1470 4033 1642 4089 Hodie
1671 4047 1778 4089 tota
1802 4037 1982 4091 lucida

406 4118 496 4178 illa
520 4119 716 4185 nubes,
735 4120 964 4190 justitiee
990 4121 1174 4176 Solem
1197 4121 1320 4178 sinu
1345 4140 1447 4179 suo
1473 4140 1692 4194 gerens,
1726 4128 1983 4184 nitentis-

405 4212 577 4267 simos
608 4220 882 4266 terrarum
913 4213 1036 4267 orbi
1071 4215 1253 4270 radios
1279 4217 1563 4286 expandit.
1591 4217 1764 4275 Hodie
1790 4237 1979 4276 vermn

2084 1936 2182 2003 τὴν
2234 1935 2498 2003 ἀμφίεσιν
2567 1931 2976 2001 καινιζόμενοςο
3025 1932 3225 2001 χαίρω,
3284 1929 3385 2002 τὴν
3453 1933 3658 2004 φθορὰν

2083 2027 2482 2098 ὲκμειουμένην
2515 2024 2754 2095 συνορῶν
2780 2040 2793 2055 ⁸
2824 2023 3021 2095 χαίρω,
3058 2023 3157 2094 τὴν
3185 2022 3495 2094 ἀφθαρσίαν
3527 2025 3660 2096 βρα-

2083 2117 2388 2187 ϐευομένην
2419 2117 2700 2170 κατανοῶν
2721 2133 2737 2148 ο
2776 2116 2972 2187 χαίρω,
3019 2113 3112 2168 τοῦ
3157 2113 3490 2184 προγονικοῦ
3523 2119 3662 2170 ἀπο-

2081 2210 2340 2279 λυόμενος
2385 2209 2609 2279 χρέους·
2664 2205 2863 2278 χαίρω,
2921 2207 3019 2277 τῆς
3075 2207 3458 2275 πνευματικῆς
3496 2224 3664 2276 μετα-

2081 2300 2372 2371 λαμϐάνων
2395 2297 2708 2368 ἐλευθερίας
2731 2313 2744 2325 ·
2789 2295 2988 2366 χαίρω,
3029 2296 3128 2364 τῆς
3153 2294 3490 2365 Δεσποτικῆς
3528 2297 3665 2348 ἁπο-

2079 2394 2258 2449 λαύων
2283 2393 2556 2455 υἱοθεσίας
2574 2407 2588 2422 ο
2625 2389 2822 2460 χαίρω,
2856 2390 2957 2457 τῆς
2983 2389 3158 2459 χαρᾶς
3187 2386 3492 2458 ουνευωχού
3503 2406 3662 2458 μενος

2081 2489 2147 2558 τῇ
2177 2486 2346 2557 αἰτίᾳ,
2374 2479 2439 2551 ἧς
2471 2483 2568 2536 καὶ
2618 2483 2724 2552 πρὸ
2764 2479 3058 2551 προσώπου
3105 2478 3517 2550 μυστικώτερον
3566 2496 3660 2548 χο·

2087 2580 2279 2652 ρεὺων.
2316 2574 2704 2647 χαριστηρίους
2735 2572 2870 2642 αὐτῇ
2906 2571 3034 2633 τοὺς
3065 2569 3269 2639 ὕμνους
3299 2570 3504 2642 ὲπᾴδω,
3537 2571 3662 2623 ἐπιε-

2083 2673 2350 2740 θαλάμιον
2381 2668 2481 2738 τὴν
2517 2666 2858 2736 εὐφροσύνην
2894 2662 3096 2734 κροτῶ,
3131 2665 3412 2735 νυμφικὴν
3444 2662 3542 2733 τὴν
3573 2665 3663 2716 εὑ-

2084 2784 2157 2835 φη
2169 2765 2300 2835 μίαν
2333 2762 2542 2815 πλέκω.

2155 2937 2228 2989 B'.
2264 2936 2514 3005 Σήμερον
2559 2932 2669 3003 γὰρ
2720 2933 2754 3002 ή
2781 2930 2945 3002 νοητὴ
2991 2932 3080 2984 καὶ
3114 2931 3476 3000 πολυτίμητος
3521 2930 3663 2998 αὓτη

2085 3028 2317 3090 παστὰς,
2369 3025 2464 3077 τοῦ
2495 3024 2760 3096 μυστικοῦ
2796 3024 2890 3076 καὶ
2933 3023 3250 3093 ἀπορρήτου
3282 3021 3661 3090 συναλλάγμα-

2085 3135 2174 3180 τος
2206 3118 2266 3170 τδ
2301 3118 2528 3188 μήνυμα
2581 3113 2875 3183 δεξαμένη,
2935 3113 3033 3164 σὺν
3088 3110 3236 3180 αὑτῷ
3286 3110 3377 3162 τον
3429 3110 3660 3179 νυμφίον

2087 3209 2230 3279 ὑπὲρ
2261 3207 2467 3260 ἔννοιαν
2495 3206 2732 3274 δέχεται,
2766 3203 2861 3256 καὶ
2912 3202 3184 3273 κυοφόρος
3212 3202 3244 3271 ἡ
3298 3199 3532 3270 ἄφθορος
3563 3199 3657 3251 τοῦ

2088 3299 2467 3371 ὲνοικήσαντος
2487 3298 2720 3365 γίνεται.
2759 3297 3010 3366 Σήμερον
3033 3295 3092 3346 τὸ
3118 3292 3380 3363 μυστικὸν
3401 3292 3661 3345 παλάτιον

2087 3393 2279 3463 ἁφάτῳ
2309 3390 2641 3461 καθαρότητι
2698 3385 3136 3455 κεκοσμημένον,
3183 3384 3274 3436 τὸν
3320 3383 3542 3453 βασιλέα
3567 3382 3660 3434 τοῦ

2087 3485 2288 3546 παντὸς
2334 3484 2427 3535 καὶ
2462 3479 2690 3548 συνοχέα
2729 3479 2827 3547 τῆς
2858 3477 3086 3538 κτίσεως
3117 3472 3437 3544 παραδόξως
3492 3470 3661 3526 εἰσδέ-

2087 3592 2261 3644 χεται.
2311 3568 2566 3643 Σήμερον
2598 3571 2625 3622 ὁ
2657 3569 2965 3638 ὑπέρτατος
2999 3567 3095 3619 καὶ
3143 3563 3384 3634 ἔμψυχος
3435 3559 3660 3632 οὐρανὸς

2087 3673 2197 3724 τὸν
2232 3671 2584 3722 ἐκτείναντα
2613 3667 2718 3719 τὸν
2750 3663 3014 3732 οὐρανὸν
3045 3660 3184 3715 ὡσεί
3213 3662 3436 3729 δέρῤιν,
3464 3658 3558 3711 καὶ
3587 3657 3661 3718 ὡς

2091 3762 2297 3832 σκηνὴν
2342 3757 2509 3812 αὐτὸν
2563 3755 3020 3827 περιαγαγόντα,
3068 3751 3440 3823 σαρκούμενον
3487 3750 3661 3820 ἀπορ-

2091 3853 2268 3923 ρήτως
2301 3849 2533 3916 συνέχει.
2566 3847 2812 3915 Σήμερον
2844 3844 3168 3913 ἠδ).όφωτος
3203 3841 3422 3909 νεφέλη,
3449 3839 3537 3891 τὸν
3563 3843 3661 3906 τῆς

2085 3941 2428 4010 δικαιοσύνης
2443 3939 2592 4010 ἥλιον
2611 3933 3102 4004 ὲγκολπωσαμένη,
3124 3930 3354 4001 φαιδρᾶς
3375 3930 3450 4000 τῷ
3472 3927 3660 3996 κόσμῳ

2084 4035 2184 4098 τὰς
2251 4030 2619 4104 μαρμαρυγὰς
2687 4026 2991 4092 ὲξήπλωσε.
3047 4024 3294 4093 Σήμερον
3354 4024 3385 4090 ἡ
3435 4019 3660 4088 ἀληθινὴ

2087 4124 2282 4196 σκηνὴ.
2312 4125 2373 4176 οὐ
2421 4122 2508 4175 διὰ
2537 4117 2822 4187 συμϐόλων
2859 4116 2952 4170 καὶ
2984 4113 3170 4167 τύπων
3197 4115 3288 4166 τὸν
3343 4113 3658 4182 νομοδότην,

2085 4215 2242 4278 ἀλλὰ,
2295 4214 2369 4276 ὡς
2403 4211 2565 4274 αὐτὸς
2613 4208 2939 4277 ηὐδόκησεν,
2995 4203 3277 4267 οὑσιιυδῶς
3335 4204 3658 4272 εἰσδέχεται,

405 4301 539 4357 illud
585 4305 994 4360 tabernaculum
1046 4307 1414 4377 lcgislatorem
1447 4326 1556 4365 non
1606 4327 1702 4382 per
1737 4314 1979 4384 symbola

2087 4309 2182 4361 καὶ
2209 4307 2342 4360 πᾶσι
2377 4303 2468 4356 τὸν
2505 4300 2599 4354 τοῦ
2634 4301 2951 4368 Πνεῦματος
2987 4296 3292 4367 διαγορεύει
3318 4295 3504 4363 νόμον.
3553 4296 3659 4364 Σή-

400 4402 459 4448 et
489 4394 709 4464 figuras,
742 4395 858 4459 sed,
890 4407 1048 4466 prout
1072 4398 1203 4454 huic
1231 4401 1580 4470 complacuit,
1602 4404 1981 4459 substantiali-

404 4493 486 4536 ter
505 4484 743 4553 hospitio
762 4485 987 4557 excipit,
1006 4498 1061 4542 et
1085 4490 1537 4561 universislegem
1558 4492 1795 4558 Spiritus
1813 4511 1984 4548 enun-

404 4574 520 4628 tiat.
552 4573 723 4630 Hodie
745 4593 882 4632 urna
912 4579 1023 4642 illa,
1047 4596 1114 4634 ex
1137 4596 1271 4634 auro
1291 4581 1478 4650 gratia:
1511 4581 1806 4637 fabrefacta
1843 4586 1976 4653 (59),

403 4664 626 4720 cmleste
680 4665 735 4720 in
789 4682 848 4722 se
898 4685 1096 4724 manna
1155 4671 1499 4734 recondens,
1571 4673 1978 4729 immaculatum

403 4756 661 4813 fidelibus
707 4759 1029 4816 alimentum
1081 4763 1360 4832 proponit.
1405 4761 1450 4816 Ο
1489 4776 1605 4818 rem
1655 4766 1885 4819 novam!
1933 4765 1978 4821 Ο

472 4893 675 4948 "Psal.
696 4907 808 4956 cm,
828 4894 864 4948 2

475 5048 586 5117 (38)
631 5046 767 5101 Vide
803 5048 1080 5116 singulare
1117 5049 1364 5117 puritatis
1413 5051 1595 5108 Maria:
1633 5055 1972 5110 encomium.

402 5121 536 5174 Nam
565 5133 734 5186 quum
766 5119 1310 5194 prmrogatiyagqum
1337 5121 1613 5194 Virginem
1649 5139 1749 5178 ceu
1778 5141 1877 5194 par
1906 5127 1973 5180 ad

405 5201 669 5260 illlcl‘lllllll
699 5204 879 5256 regem
913 5188 1288 5260 reeipiendqu
1319 5191 1577 5260 palatium
1606 5188 1970 5260 exornabant,

398 5258 733 5332 ct_plurim:e
758 5267 960 5332 essent,
993 5273 1056 5312 ac
1085 5259 1440 5313 nobilissimae
1461 5278 1526 5316 ex
1553 5279 1711 5332 aequo
1741 5258 1968 5328 omnesi

402 5328 515 5402 sola
553 5335 730 5378 tamen
771 5326 981 5386 purilas
1014 5339 1498 5402 commemoratur,
1537 5326 1694 5402 quasi
1731 5334 1842 5388 haec
1875 5326 1971 5390 aut

399 5396 515 5466 sola
555 5405 654 5466 aut
680 5403 831 5466 certe
864 5411 973 5462 prae
1020 5399 1142 5450 aliis
1179 5397 1400 5466 dignum
1443 5396 1570 5456 Dco'
1592 5402 1965 5458 habitaculum

402 5464 552 5518 illam
582 5462 849 5541 eﬂecerit.
878 5467 1040 5541 atqui
1073 5462 1340 5541 absoluitur
1375 5485 1620 5538 prorsus,
1649 5481 1708 5541 ut
1740 5475 1967 5541 reliquis

401 5532 788 5611 pratermissis
821 5535 935 5587 sola
968 5538 1179 5611 puritas
1208 5532 1541 5611 celebretur,
1572 5540 1677 5593 nisi
1708 5541 1824 5596 haec
1850 5532 1964 5611 ipsa

403 5603 634 5673 aliarum
667 5603 931 5655 virtutum
979 5605 1326 5673 splendorem
1364 5608 1485 5663 luce
1520 5603 1618 5663 Sua
1657 5620 1751 5664 aut
1783 5603 1966 5667 viu'cat

401 5681 495 5726 aut
520 5671 712 5726 saltem
741 5671 1028 5740 exaequet}
1064 5675 1264 5727 nedum
1289 5687 1471 5730 autem
1504 5681 1745 5742 vincere,
1773 5682 1865 5734 sed
1899 5699 1966 5736 ne

404 5755 688 5823 aequare
720 5744 942 5814 quidem
973 5745 1306 5814 reliquarum
1334 5747 1595 5804 virtutum
1621 5750 1786 5823 jubar
1817 5753 1966 5821 puri-

2089 4416 2254 4471 μερον
2279 4398 2397 4466 ἡτῇ
2423 4395 2604 4465 χάριτι
2625 4389 3018 4463 κεχρυσωμένη
3053 4393 3310 4458 στάμνος,
3329 4389 3386 4439 τὸ
3410 4387 3659 4456 οὐράνιον

2079 4488 2453 4562 ταμιευομένη
2485 4487 2684 4556 μάννα,
2712 4485 2825 4546 τοῖς
2849 4482 3060 4542 πιστοῖς
3088 4479 3185 4549 τὴν
3219 4480 3496 4548 ἀκήρατον
3528 4495 3658 4545 προσ

2078 4584 2259 4653 τίθησι
2293 4582 2521 4650 τροφήν.
2573 4579 2638 4629 Ὢ
2662 4575 2852 4628 καινοῦ
2877 4572 3238 4644 πράγματοςί
3276 4569 3320 4622 ὣ
3356 4569 3511 4639 ξένης
3535 4585 3657 4620 συν-

2077 4673 2326 4746 δρομῆςι
2376 4671 2480 4724 Δύο
2538 4666 2682 4722 κατὰ
2730 4665 2963 4728 ταύτὸν,
3020 4661 3360 4722 ἀπεναντίως
3406 4659 3658 4728 ἀλλήλοις

2076 4767 2292 4837 ἔχοντα,
2322 4765 2401 4828 εἰς
2432 4763 2494 4816 τὸ
2523 4760 2697 4830 παρὸν
2731 4755 2982 4828 συνῆλθε,
3005 4753 3152 4825 χαρὰ
3186 4754 3281 4807 καὶ
3307 4753 3424 4816 δέος
3443 4769 3457 4783 ·
3511 4750 3658 4823 χαρὰ
3695 4837 3697 4839 Ι

2080 5069 2164 5138 tas
2191 5073 2400 5138 posset,
2427 5063 2515 5118 cui
2545 5062 2675 5116 olim
2711 5061 3022 5138 turpissima
3053 5057 3263 5138 peccati
3293 5057 3444 5138 labes
3473 5056 3653 5138 offusa

2078 5128 2241 5187 fore].
2273 5134 2492 5209 Puritas
2523 5149 2678 5209 ergo,
2711 5128 2831 5209 quae
2866 5128 3444 5209 dignam-Deofedem
3475 5128 3653 5209 Virg“

2078 5218 2201 5256 nem
2240 5204 2470 5278 paravit,
2509 5198 2854 5278 paritas—fuit
2889 5198 3133 5270 cujusvis
3173 5198 3313 5251 labis
3343 5198 3548 5278 nescia.

2147 5274 2261 5341 (59)
2295 5273 2530 5326 Pulchre
2568 5272 2739 5340 gratia
2770 5281 3122 5341 comparatur
3148 5272 3417 5341 auro,grei
3438 5281 3655 5341 nempe

2079 5338 2509 5410 pretiosissima),
2537 5338 2703 5410 atque
2736 5340 3077 5393 nobilissimo
3108 5339 3353 5406 cujusvis
3374 5338 3451 5390 rei
3480 5351 3652 5388 orna-

2079 5421 2284 5465 mento.
2327 5413 2396 5466 At
2425 5428 2531 5464 non
2573 5414 2755 5463 minus
2792 5411 3020 5478 pulchre
3054 5410 3108 5462 in
3145 5424 3256 5460 rem
3298 5416 3542 5478 nostram
3580 5419 3651 5458 ex

2073 5481 2343 5548 ejusmodi
2369 5497 2503 5534 auro
2535 5475 2830 5533 fabrefacta
2872 5479 3040 5532 Maria
3075 5478 3301 5548 dicitur.
3336 5475 3468 5529 Nam
3508 5479 3549 5528 si
3582 5491 3650 5526 ex

2071 5547 2260 5626 gratiae
2285 5568 2421 5604 auro
2448 5550 2748 5626 fabrefacta
2781 5559 2890 5613 est,
2921 5564 3051 5618 ergo
3075 5562 3184 5601 non
3217 5547 3368 5626 prius
3393 5560 3512 5626 esse
3539 5559 3652 5597 ca:-

2075 5615 2173 5688 pit,
2200 5637 2361 5690 quam
2399 5621 2569 5689 gratia
2606 5615 3006 5683 exornaretur;
3030 5615 3230 5688 atque,
3255 5627 3313 5671 ut
3341 5617 3415 5671 ita
3447 5615 3650 5679 dicam,

2070 5707 2135 5745 ex
2170 5691 2337 5761 gratia
2376 5699 2672 5746 constaret.
