4130 6202
446 378 553 440 635

1744 378 2008 442 JACOBI
2048 380 2393 445 MONACHI

3581 393 3685 457 636

449 511 654 567 mundo
694 526 793 566 sua
838 510 1006 566 tribui
1048 519 1369 566 ornamenta
1409 529 1423 565 :
1463 510 1695 581 imperio
1734 527 1855 567 meo
1900 510 2027 566 uni-

2139 493 2245 563 ἐγὼ
2276 495 2367 549 τὸν
2403 494 2627 549 διπλοῦν
2673 496 2924 566 ὴμφίασα
2978 497 3183 569 κὸσμον
3205 517 3220 533 ·
3269 501 3376 572 ἐμῇ
3406 506 3704 574 προστάξει

449 604 591 660 versi
648 604 1101 659 intellectualium
1167 605 1513 659 exercituum
1572 604 1799 659 ordines
1855 607 2025 660 creati

448 707 578 750 sunt
614 712 629 749 :
653 696 809 765 jussu
841 709 964 748 meo
988 694 1191 750 caelum
1220 694 1374 748 vario
1404 704 1679 749 astrorum
1704 695 1845 750 nitet
1866 712 2031 752 orna-

453 794 556 840 tu:
613 785 959 855 providentia
1008 800 1128 840 mea
1175 786 1338 840 tellus
1387 784 1620 842 ﬂoribus
1668 787 1961 842 redimitur
2009 805 2023 842 :

447 892 515 932 ex
559 894 646 933 me
679 890 763 933 est
797 878 978 933 omnis
1015 878 1375 933 animantium
1403 879 1516 934 vita
1548 898 1562 935 :
1589 895 1711 951 ego,
1746 881 1883 937 meis
1910 882 2028 951 ipse

450 969 708 1024 manibus
753 986 878 1025 cum
928 970 994 1023 ad
1045 970 1334 1041 imaginem
1373 986 1548 1025 meam
1592 971 1874 1026 hominem
1908 972 2027 1042 pla-

450 1075 742 1123 smassem,
777 1061 1047 1124 omnium,
1082 1076 1203 1130 quae
1230 1076 1396 1131 super
1429 1069 1633 1116 terram
1663 1071 1812 1127 sunt,
1847 1062 2026 1117 domi-

450 1147 582 1207 nuin
639 1167 934 1222 regemque
987 1153 1141 1207 illum
1183 1153 1536 1223 proclamavi.
1566 1152 1724 1209 Hunc
1757 1163 2027 1227 tyrannus

450 1260 576 1298 cum
598 1253 994 1315 expugnasset,
1014 1260 1045 1301 e
1071 1261 1241 1316 regno
1267 1245 1586 1301 deturbavit
1611 1265 1624 1300 :
1656 1247 1803 1304 hunc
1827 1249 2029 1318 deiecit

450 1349 482 1388 e
531 1333 844 1403 principatu
900 1351 915 1388 :
969 1346 1125 1404 parta
1173 1333 1242 1390 de
1289 1335 1407 1404 ipso
1445 1335 1678 1391 victoria
1735 1337 2024 1408 gloriatur.

451 1423 747 1492 Propterea
777 1437 889 1477 suae
914 1437 1039 1477 eum
1067 1423 1322 1495 dignitati
1359 1439 1479 1481 mea
1512 1422 1756 1497 ipsemet
1775 1444 2023 1498 praesen-

456 1513 529 1567 tia
554 1513 774 1568 decrevi
798 1513 1097 1570 restituere
1127 1533 1140 1568 :
1168 1514 1635 1586 dispensationem
1657 1518 1798 1574 hanc
1847 1533 2027 1574 meam

440 1605 777 1676 jampridem
819 1606 1099 1677 pollicitus
1152 1622 1274 1662 sum
1328 1623 1429 1679 per
1480 1609 1780 1679 prephetas
1822 1628 1836 1665 :
1884 1611 2030 1669 hanc

455 1707 516 1752 ut
564 1699 621 1753 in
670 1714 812 1767 epus
846 1698 1138 1764 deducam,
1182 1716 1338 1757 meus
1388 1718 1475 1757 me
1509 1711 1667 1773 urget
1710 1704 2031 1761 misericors

453 1805 628 1844 amor.
684 1790 743 1844 In
773 1791 958 1846 animo
1011 1791 1147 1846 mihi
1194 1800 1300 1857 est,
1352 1793 1603 1849 homines
1646 1795 1804 1850 vobis
1847 1795 2029 1852 socios

2132 586 2283 639 πᾶσα
2318 590 2596 658 παρῆκται
2625 590 2732 641 τῶν
2762 590 2962 660 νοερῶν
2986 594 3412 663 στρατευμάτων
3441 596 3474 667 ἡ
3506 597 3663 665 φύσις
3689 616 3703 630 ⁸

2132 674 2251 745 ἐμῷ
2276 675 2606 747 κελεύσματι
2633 678 2662 730 ὁ
2694 678 2922 750 οὐρανὸς
2954 683 3067 746 τοῖς
3098 681 3322 751 ἄστροις
3352 688 3709 741 καταποικίλ-

2132 766 2285 822 λεται
2314 785 2329 801 ο
2364 770 2471 841 ὲμῇ
2516 770 2743 842 προνοίᾳ
2771 773 2883 832 τοῖς
2911 770 3131 828 ἄνθεσιν
3170 775 3202 845 ἠ
3247 775 3315 845 γῆ
3350 780 3706 841 καταστέφε-

2132 878 2222 914 ται
2248 877 2262 892 ο
2295 863 2352 914 ὲν
2382 862 2504 929 ἐμοὶ
2554 864 2702 915 πᾶσα
2738 863 2848 915 τῶν
2888 862 3104 927 ζώντων
3158 865 3271 936 ζωὴ
3306 869 3704 938 τεταμίευταιο

2133 952 2246 1021 ἐγὼ
2276 956 2467 1024 χερσὶν
2493 957 2723 1029 οἰκείαις
2754 956 2845 1008 τὶν
2874 956 3160 1027 ἄνθρωπον
3188 958 3309 1012 κατ’
3341 961 3483 1032 ἐμὴν
3523 962 3709 1031 six/59;;

2136 1046 2388 1114 ποιήσας,
2415 1046 2681 1113 δεσπότην
2711 1046 2804 1099 καὶ
2835 1045 3062 1116 βασιλέα
3094 1048 3204 1101 τῶν
3224 1049 3318 1103 ἐπὶ
3358 1038 3479 1121 γῆς⁴
3508 1053 3710 1123 ἁνεκή·

2140 1137 2295 1206 ρυξα.
2350 1137 2554 1191 Τοῦτον
2609 1137 2992 1209 ἐκπολεμήσας
3021 1139 3049 1191 ὁ
3080 1139 3370 1212 τύραννος.
3422 1143 3521 1212 τῆς
3553 1144 3709 1213 βασι-

2136 1229 2286 1293 λείας
2312 1230 2621 1301 ἀπέρρηξε·
2655 1230 2844 1284 τοῦτον
2876 1230 2975 1301 τῆς
2999 1231 3176 1302 ἀρχῆς
3218 1232 3438 1286 καθεῖλε
3466 1251 3482 1267 ·
3515 1235 3709 1287 τούτου

2134 1322 2471 1391 ἐγκαυχᾶται
2498 1320 2568 1393 τῇ
2593 1323 2739 1396 νίκῃ.
2786 1322 3059 1394 Βούλομαι
3088 1322 3270 1377 τοίνυν
3300 1325 3387 1378 διὰ
3421 1327 3521 1396 τῆς
3569 1327 3712 1397 ἐμῆς

2136 1416 2437 1484 παρουσίας
2488 1415 2624 1486 πρὸς
2646 1417 2745 1486 τὴν
2786 1414 2923 1469 ίδίαν
2964 1414 3156 1469 τοῦτον
3189 1417 3489 1486 ἐπανάγειν
3519 1417 3707 1482 ἀξίαν·

2134 1507 2338 1578 ταύτην
2393 1524 2496 1576 μου
2526 1507 2623 1578 τὴν
2679 1508 2994 1579 οίκονομίαν
3054 1509 3223 1563 πάλαι
3274 1509 3364 1564 διὰ
3413 1511 3711 1582 προφητῶν

2134 1597 2581 1669 ὲπηγγειλάμηνυ
2612 1599 2817 1668 ταύτην
2865 1601 2980 1662 τοῖς
3032 1601 3185 1671 ἐμοῖς
3213 1602 3515 1672 οίκτιρμοῖς
3568 1602 3711 1673 πλη-

2138 1686 2263 1757 ροῦν
2294 1688 2717 1759 κατεπείγομαι.
2746 1688 2897 1743 Θέλω
2918 1693 3209 1755 κοινωνοὺς
3232 1693 3363 1762 ὑμῖν
3389 1692 3713 1763 ἀνθρώπους

2133 1777 2458 1832 ἀποτελέσαι
2478 1796 2492 1810 ⁸
2538 1780 2668 1849 μίαν
2702 1779 2994 1850 σύμφωνον
3023 1781 3336 1852 δοξολογίαν
3358 1783 3440 1837 δεῖ
3482 1801 3547 1854 με
3576 1785 3713 1856 πρὸς

451 1881 751 1951 adiungere
786 1900 799 1937 :
834 1897 933 1951 par
974 1895 1081 1947 est,
1131 1895 1193 1938 ut
1235 1855 1378 1939 unus
1426 1884 1591 1938 simul
1644 1884 1714 1940 ab
1763 1885 2025 1941 omnibus

2139 1870 2351 1925 πάντων
2376 1870 2736 1941 εἰσδέχεσθαι.
2773 1872 2848 1926 Οὐ
2887 1873 3070 1941 φθονῶ
3096 1877 3161 1944 τῇ
3185 1872 3378 1928 ὲνώςει
3402 1892 3416 1906 ·
3454 1878 3547 1934 καὶ
3568 1855 3713 1944 ὑμᾶς

451 1986 685 2027 concors
716 1972 902 2043 gloriae
933 1974 1170 2045 hymnus
1203 1974 1334 2029 mihi
1365 1974 1652 2031 oﬂ‘eratur.
1687 1976 1848 2032 Nulla
1884 1975 2027 2031 mihi

455 2061 621 2132 hujus
650 2061 874 2117 unionis
908 2063 1153 2130 invidia;
1185 2072 1243 2119 et
1274 2080 1374 2120 vos
1404 2065 1554 2121 enim
1586 2065 1793 2121 invidia
1827 2081 2031 2123 vacuos

457 2152 643 2207 ereavi
694 2171 707 2206 :
746 2153 959 2224 gaudeo
1010 2155 1080 2211 de
1134 2155 1372 2228 (eorum)
1421 2157 1797 2222 exaltatione;
1834 2166 1892 2213 et
1926 2154 2031 2229 ipsi

456 2243 527 2299 de
555 2244 839 2301 voluntate
867 2261 988 2301 mea
1010 2247 1372 2318 congaudete.
1398 2247 1516 2304 Tua
1545 2249 1681 2317 haec,
1710 2264 1744 2305 ο
1782 2247 2032 2312 Gabriel.

455 2332 521 2387 ad
573 2334 696 2389 illos
740 2333 1050 2403 descensio,
1083 2352 1280 2392 eorum
1322 2338 1389 2393 ad
1439 2353 1540 2395 vos
1585 2339 1923 2396 ascensionis
1953 2340 2033 2396 si-

455 2438 624 2493 gnum
647 2430 754 2480 est.

525 2515 610 2570 Tu
670 2516 854 2586 itaque
919 2517 1094 2578 vade.
1157 2517 1417 2589 mysterio
1484 2518 1889 2583 famulaturus;
1950 2519 2033 2576 illi

456 2616 642 2663 autem
678 2622 848 2677 penes
883 2623 944 2663 se
986 2623 1108 2663 eam
1145 2609 1373 2673 habent,
1410 2626 1574 2681 quam
1608 2613 1674 2668 ad
1714 2614 1799 2669 sui
1834 2613 2032 2684 imple—

458 2706 705 2753 mentum
736 2700 1059 2771 mysterium
1098 2703 1360 2771 postulat,
1393 2718 1557 2774 quam
1593 2704 1649 2759 in
1676 2715 2024 2761 antecessum

456 2790 526 2845 ad
584 2791 734 2845 hunc
794 2793 955 2846 linem
1021 2793 1360 2863 praeparavi,
1421 2793 1779 2863 purissimum
1848 2809 2032 2849 meum

456 2882 845 2947 diversorium,
869 2884 1217 2953 impollutum
1238 2885 1604 2951 domicilium,
1624 2878 2034 2940 immaculatum

466 2974 794 3043 hospitium,
853 2974 1174 3029 thesaurum
1237 2975 1371 3029 mihi
1430 2975 1704 3030 universis
1761 2975 2036 3031 creaturis

459 3064 841 3134 pretiosiorem
883 3065 1019 3136 (42).
1054 3066 1297 3136 Require
1330 3066 1497 3129 illam,
1524 3081 1558 3120 ο
1588 3065 1831 3129 Gabriel,
1864 3080 2036 3135 quam

2134 1964 2242 2034 γὰρ
2265 1964 2535 2034 ἀφθόνους
2563 1964 2798 2034 ἐποίησα
2820 1980 2834 1994 θ
2872 1964 3051 2036 χαίρω
3079 1967 3145 2036 τῇ
3176 1965 3440 2019 ἀναϐάσει
3460 1983 3476 1998 ·
3510 1968 3715 2035 συγχὰ-

2136 2070 2265 2124 ρητε
2294 2053 2392 2108 καὶ
2417 2053 2572 2107 αὐτοὶ
2604 2054 2684 2124 τῷ
2718 2054 3010 2125 θελήματι.
3067 2054 3240 2126 Αὕτη,
3271 2050 3317 2111 ὧ
3356 2056 3619 2127 Γαϐριὴλ,
3674 2059 3710 2129 ἡ

2134 2144 2272 2215 πρὸς
2297 2143 2539 2208 ἐκείνους
2566 2159 2660 2197 σου
2711 2144 2944 2210 κάθοδος
2999 2145 3100 2218 τὴν
3139 2145 3324 2202 αὐτῶν
3373 2147 3511 2217 πρὸς
3566 2149 3711 2219 ὑμᾶς

2136 2236 2397 2308 σημαίνει
2422 2237 2714 2297 ἀνάδασιν.
2884 2248 2893 2255 '
3046 2268 3047 2271 η

2205 2498 2280 2552 Συ
2308 2500 2409 2570 μὲν
2436 2499 2628 2573 ἀπίῃς,
2659 2498 2997 2572 διακονήσων
3045 2500 3122 2573 τῷ
3161 2501 3450 2574 μυστηρίῳ
3470 2519 3486 2535 ο
3515 2504 3714 2558 ἐκεῖνοι

2135 2595 2193 2649 δὲ
2224 2595 2570 2666 κατέχουσιν,
2601 2595 2668 2668 ῆν
2692 2594 2947 2667 ἐπιζητεῖ
2986 2597 3121 2666 πρὸς
3142 2597 3514 2666 ἑκπληρωσιν,
3539 2598 3609 2671 ῆν
3634 2601 3715 2662 είς

2136 2686 2296 2742 τοῦτο
2318 2688 2826 2758 προκατεσκεύασα,
2861 2689 2922 2743 τὸ
2950 2689 3084 2760 ὲμδν
3108 2690 3496 2762 καθαρώτατον
3517 2691 3716 2745 ἐνδιαί-

2135 2795 2313 2849 τημα,
2349 2778 2410 2831 τὸ
2444 2778 2751 2849 ἀμόλυντον
2804 2780 3143 2851 οίκητήριον,
3179 2780 3240 2833 τὸ
3270 2779 3498 2834 ἄσπιλον
3547 2799 3719 2835 κατα-

2138 2868 2362 2938 γώγιον,
2422 2870 2485 2922 τὸ
2515 2870 2695 2940 πάσης
2746 2871 2869 2940 ἐμοὶ
2923 2872 3022 2940 τῆς
3082 2870 3315 2935 κτίσεως
3376 2873 3719 2945 προτιμηθὲν

2139 2948 2516 3032 θησαύρισμα.
2571 2956 2763 3033 Εὗρον,
2808 2954 2855 3014 ὧ
2896 2961 3165 3033 Γαϐριὴλ,
3216 2962 3283 3033 ἢν
3313 2964 3393 3026 είς
3417 2962 3576 3015 τοῦτο
3610 2963 3718 3033 πρὸ

2143 3052 2335 3108 πασῶν
2368 3052 2574 3121 γενεῶν
2602 3051 2957 3122 ἐξελεξάμην,
3010 3052 3077 3123 ἥν
3125 3052 3203 3123 τῷ
3248 3053 3349 3122 τῆς
3402 3055 3714 3123 οίκονομίις

456 3166 586 3212 ante
616 3157 998 3228 generationes
1022 3173 1214 3213 omnes
1244 3158 1312 3213 ad
1345 3157 1453 3213 hoc
1483 3158 1616 3212 mihi
1647 3158 1837 3229 selegi,
1867 3172 2032 3227 quam

2139 3146 2301 3216 Λὸγῳ
2331 3145 2634 3217 προώρισα.
2669 3144 2886 3216 Ταύτην
2908 3146 2936 3198 ὁ
2967 3144 3123 3215 χορὸς
3148 3146 3257 3198 τῶν
3290 3147 3587 3217 προφητῶν
3616 3164 3717 3216 μου

456 3246 887 3316 dispensationis
951 3247 1119 3317 hujus
1182 3262 1346 3303 causa
1412 3246 1821 3317 praedestinavi.
1881 3246 2035 3302 Hane

455 3338 850 3410 prephetarum
908 3353 1158 3394 meorum
1241 3339 1447 3395 chorus
1525 3338 1741 3410 magnis
1807 3338 2038 3394 vocibus

455 3430 845 3501 pra-nuntiavit
880 3448 895 3485 :
938 3445 1036 3499 per
1071 3430 1213 3485 hanc
1267 3429 1587 3486 mortalium
1616 3445 1790 3501 genus
1842 3429 2032 3484 denuo

465 3538 693 3594 regnum
756 3523 1045 3593 preprium
1095 3521 1505 3577 restituendum
1560 3531 1767 3592 sperat.
1828 3521 1886 3576 In
1947 3523 2038 3576 illa

455 3613 575 3682 ipse
604 3614 845 3684 glorior;
896 3614 1046 3669 illius
1092 3628 1193 3684 ego
1233 3613 1477 3683 puritate
1529 3614 1813 3680 delector;
1876 3615 2038 3684 plane

458 3720 555 3774 par
586 3716 691 3768 est,
727 3713 787 3759 ut
828 3703 970 3758 hanc
1024 3718 1128 3775 ego
1188 3704 1517 3769 inhabilem,
1579 3721 1869 3776 meamque
1908 3705 2030 3760 etil-

456 3795 599 3850 ciam
644 3803 874 3849 matrem
929 3795 1068 3865 (45),
1112 3811 1176 3851 ac
1222 3810 1334 3865 prae
1376 3806 1557 3852 vestra
1591 3807 1786 3852 natura
1820 3798 2035 3854 honore

457 3900 710 3956 augeam.
758 3884 907 3941 Vade
952 3883 1141 3956 igitur,
1184 3893 1241 3939 et
1282 3885 1592 3940 admirandi
1642 3887 1813 3958 hujus
1850 3886 2037 3956 operis

456 3984 576 4031 esto
623 3975 876 4031 minister
908 3994 924 4031 :
964 3986 1219 4048 perge,et
1252 3977 1459 4047 inspice
1491 3978 1791 4032 thalamum
1825 3993 2057 4044 meum,-

455 4065 769 4120 columbam
795 4065 977 4120 omnis
995 4074 1281 4135 expertem
1308 4066 1527 4121 malitia:
1548 4068 1682 4137 (44),
1714 4067 2034 4123 rationalem

456 4171 673 4226 agnam,
711 4171 892 4211 arcam
932 4156 1390 4213 sanctiﬁcationis
1418 4173 1583 4224 mea};
1631 4158 1850 4215 intuere
1886 4160 2053 4218 illius

455 4247 934 4318 pulchritudinem
980 4260 1165 4305 vestro
1201 4249 1447 4321 ipsorum
1485 4251 1793 4307 intellectui
1827 4254 2061 4309 ineom-'

457 4339 881 4409 prehensibilem
905 4358 919 4394 :
957 4341 1232 4398 demirare
1258 4344 1745 4414 incomparabilem
1773 4345 2063 4401 innocen-'

457 4434 591 4488 tiam
643 4434 801 4504 ejus;
848 4432 1126 4489 demirare
1166 4434 1504 4489 ineffabilem
1550 4436 1663 4505 (45)
1708 4437 2039 4506 puritatem:

2152 3236 2551 3309 μεγαλοφώνως
2583 3237 2853 3309 ἐκήρυξε·
2904 3237 2994 3290 διὰ
3023 3237 3228 3307 ταύτης
3280 3238 3381 3309 τὴν
3436 3239 3534 3307 τῆς
3583 3239 3720 3301 ἰδίας

2148 3329 2428 3401 βασιλείας
2464 3323 2769 3401 ἀνάρρησιν
2822 3330 2855 3400 ἡ
2914 3326 3231 3398 ἀνθρωπεία
3286 3329 3452 3384 πάλιν
3510 3329 3722 3394 ἐλπίζει

2146 3422 2331 3493 φύσις.
2368 3420 2554 3494 Ταύτῃ
2599 3419 2711 3489 ἐγὼ
2749 3419 3155 3489 ὲπαγάλλομαι,
3204 3423 3269 3490 τῇ
3319 3421 3525 3492 ταύτης
3550 3422 3724 3474 καθα-

2149 3514 2335 3583 ρότητι
2364 3512 2730 3585 ὲπιτέρπομαι
2751 3527 2764 3541 ·
2796 3512 3000 3582 ταύτην
3028 3529 3094 3581 με
3123 3512 3202 3563 δεῖ
3223 3513 3465 3582 οἰκῆσαι,
3491 3514 3584 3565 καὶ
3616 3530 3723 3582 μη-

2144 3605 2280 3675 τέρα
2313 3620 2416 3675 μου
2447 3604 2640 3669 δεῖξαι,
2680 3604 2897 3675 καὶτῆς
2923 3602 3079 3674 ὑμῶν
3112 3604 3327 3673 φύσεως
3360 3606 3721 3675 προτιμῆσαι.

2145 3698 2250 3750 Ἴθι
2298 3698 2501 3762 τοίνυν,
2530 3697 2934 3767 λειτουργήσων
2984 3696 3063 3766 τῷ
3111 3696 3438 3768 παραδόξῳο
3490 3698 3588 3762 ῐθι,
3620 3698 3722 3769 τὴν

2144 3789 2283 3860 ἐμὴν
2337 3789 2677 3858 ἐποψόμενος
2746 3788 3018 3852 παστάδα,
3079 3789 3178 3859 τὴν
3233 3790 3569 3861 περιστερὰν
3619 3793 3725 3861 τήν

2144 3882 2373 3943 ἄκακον,
2405 3881 2506 3952 τὴν
2543 3880 2767 3951 λογικὴν
2812 3880 3049 3949 ἀμνάδα,
3100 3881 3198 3950 τὴν
3231 3881 3326 3935 τοῦ
3376 3881 3724 3951 ἁγιὰσματός

2147 3989 2250 4042 μου
2283 3973 2514 4027 κιϐωτόν
2534 3989 2548 4004 ⁸
2576 3973 2653 4027 τδε
2683 3973 2744 4026 τὸ
2771 3974 2977 4043 ταύτης
3011 3975 3384 4046 ἀκατανόητον
3417 3976 3548 4043 ύμῖν
3592 3975 3726 4028 κάλ-

2144 4064 2234 4127 λος
2253 4081 2269 4095 °
2330 4064 2612 4136 θαύμασον
2655 4066 2718 4118 τὸ
2748 4066 2847 4135 τῆς
2877 4066 3099 4135 ἁγνείας
3128 4067 3301 4137 αὐτῆς
3352 4068 3683 4139 ἀσύγκριτον
3702 4081 3729 4101 σ

2146 4157 2429 4230 θαύμασον
2459 4158 2520 4211 τὸ
2544 4159 2644 4228 τῆς
2689 4159 3066 4231 καθαρότητος
3105 4159 3421 4232 ἀπόρρητον
3444 4177 3459 4191 ο
3514 4159 3726 4215 ἑκπλά-

2145 4251 2372 4322 mena
2427 4250 2570 4321 ὑπὲρ
2625 4250 2835 4304 ἔννοιαν
2872 4252 2974 4323 τῆς
3003 4252 3209 4322 ἀρετῆς
3266 4252 3568 4324 παράδοξα,
3629 4252 3735 4306 χαι

2147 4344 2445 4412 ἐκπλαγεὶς
2475 4343 2577 4407 τὴν
2608 4343 2747 4415 ἐμὴν
2771 4345 2907 4416 αὐτῇ
2938 4345 3245 4416 παρουσίαν
3271 4345 3592 4416 βεϐαίωσον.

2117 4435 2450 4504 obstupesce
2504 4444 2823 4505 portentum
2901 4436 3124 4493 virtutis
3181 4437 3332 4492 omni
3386 4436 3723 4508 cogitatione

456 4525 700 4597 majoris,
756 4532 814 4581 et
866 4535 1095 4597 stupore
1150 4525 1364 4581 deﬁxus
1417 4542 1602 4581 meum
1666 4526 1747 4582 illi
1818 4540 2033 4584 certum
2071 4529 2370 4583 adventum
2395 4527 2682 4583 annuntia.

526 4683 637 4753 (ιε)
670 4682 809 4755 Ecce
842 4669 1123 4738 inducitur
1147 4682 1243 4738 Dei
1278 4680 1523 4755 Verbum
1563 4692 1811 4738 sanctam
1852 4684 2112 4755 Virgi-D
2145 4684 2408 4755 camisibi
2441 4683 2495 4739 in
2529 4693 2760 4755 matrem
2808 4683 3057 4754 eligeret.
3099 4681 3469 4755 Contirmatur
3495 4682 3721 4755 exinde.

453 4769 579 4808 nem
613 4769 714 4808 ceu
752 4754 1071 4810 thesaurum
1107 4753 1573 4822 pretiosissimum
1603 4753 2032 4822 commendans;

454 4840 632 4895 neque
660 4834 837 4878 tamen
864 4826 1002 4879 ullas
1030 4824 1176 4879 illius
1208 4822 1429 4895 divitias
1453 4838 1714 4895 expresse
1748 4840 2031 4895 commen-

452 4894 567 4956 dat,
608 4903 971 4964 prazterquam
997 4892 1486 4964 singularissimam
1513 4892 2038 4964 puritatem.Atqui,

452 4964 814 5045 quod_paulo
866 4977 991 5045 ante
1043 4964 1431 5045 prmmisinius,
1476 4972 1672 5045 suapte
1702 4974 1900 5045 natura
1950 4981 2041 5020 res

456 5033 715 5106 postulat,
746 5045 828 5094 ut.
851 5037 896 5090 si
922 5050 1030 5106 qua
1051 5033 1416 5106 dos,ca:teris
1438 5033 1656 5106 tacitis.
1671 5037 1738 5106 ad
1762 5051 2036 5106 summam

451 5104 764 5175 cuiuspiam
799 5104 1016 5161 laudem
1047 5105 1400 5175 praedicetur,
1437 5104 1553 5175 haec
1584 5104 1813 5174 reliquis
1855 5106 2040 5159 omni-

458 5172 562 5229 bus
614 5172 1060 5245 superemineat;
1103 5176 1265 5246 Ergo,
1321 5172 1603 5245 siquidem
1649 5172 1719 5227 ex—
1773 5185 2041 5246 perpetua

455 5246 704 5300 omnium
736 5248 1031 5310 sententia,
1057 5246 1125 5299 ab
1156 5248 1281 5300 aliis
1306 5246 1552 5314 Deiparae
1587 5257 1791 5301 sanctae
1815 5246 2042 5301 dotibus

457 5330 522 5370 ac
558 5316 856 5371 virtutibus
906 5330 1098 5369 naevus
1134 5317 1370 5384 quilibet
1407 5324 1501 5369 aut
1543 5314 1795 5370 defectus
1843 5315 2021 5369 abluit

459 5384 762 5458 hocipsum
796 5384 863 5439 de
889 5386 1130 5458 puritate
1158 5386 1332 5456 ipsius
1364 5386 1590 5458 pariter,
1623 5384 1732 5438 imo
1758 5402 1788 5440 a
1811 5385 2034 5458 fortiori

456 5456 823 5521 proﬁtendum
848 5455 1159 5509 necessario
1184 5455 1288 5510 est.
1323 5455 1518 5513 Nullus
1546 5468 1679 5522 ergo
1711 5472 1779 5511 ex
1805 5457 2027 5511 Patrum

458 5522 709 5596 doctrina
779 5526 935 5578 locus
1003 5523 1335 5596 relinquitur
1388 5541 1541 5580 naevo
1616 5527 1877 5596 cuipiam.
1942 5527 2033 5596 qui
2106 5542 2121 5557 κ

458 5591 718 5716 ιξὶςςίηεω
749 5596 947 5674 animae
991 5591 1290 5650 candorem
1336 5608 1575 5664 unquam
1617 5591 1726 5648 vel‘
1757 5591 2035 5650 levissime

458 5678 487 5715 ο
535 5674 828 5716 uscaverit.

454 5674 828 5717 on‘useavertt.

532 5730 645 5803 (.55)
679 5731 854 5789 llabes
896 5734 1224 5790 sententiam
1261 5737 1403 5803 apu'l
1442 5735 1630 5790 Patres
1666 5734 2034 5796 tritissimam,

460 5803 791 5876 singularem
834 5806 1013 5862 Maria:
1047 5807 1340 5879 puritatem
1370 5807 1542 5863 Deum
1572 5807 1939 5877 permovissc,
1972 5816 2034 5861 ut

2144 4754 2290 4824 quod
2320 4756 2577 4825 superius
2602 4753 2908 4825 innuimus,
2942 4755 3086 4825 inter
3110 4769 3304 4825 omnes
3328 4753 3563 4825 Virginis
3591 4769 3733 4822 pnev

2144 4822 2421 4895 rogativas
2445 4823 2840 4895 nobilissimam
2869 4823 3013 4895 hanc
3036 4822 3206 4895 visain
3238 4822 3492 4895 Patrihus
3526 4822 3720 4895 fuisse.

2145 4893 2525 4965 ac'propterea
2542 4893 2672 4947 olim
2696 4903 2919 4962 peccato
2936 4893 3311 4948 obnubilatam
3333 4893 3636 4947 existimari
3655 4908 3725 4948 ex

2144 4965 2367 5019 Patrum
2402 4965 2673 5020 sententia
2716 4980 2823 5017 non
2857 4978 3035 5032 posse.

2218 5036 2331 5104 (Η)
2357 5033 2830 5101 Quemadmodum
2861 5031 2927 5087 ex
2960 5034 3062 5087 hac
3098 5031 3368 5087 sententia
3419 5031 3723 5104 colligitur,

2144 5103 2446 5161 desancta
2490 5105 2721 5172 Deipara
2770 5104 2942 5172 accipi
2985 5119 3051 5157 ea
3094 5103 3471 5166 eonsuevisse,
3507 5118 3631 5171 qua:
3666 5103 3723 5172 in

2143 5176 2386 5231 Canticis
2418 5171 2757 5229 canticorum
2788 5173 2857 5227 de
2888 5171 3098 5241 Sponsa
3131 5173 3418 5242 leguntur;
3454 5173 3526 5226 ita
3572 5171 3724 5242 quod

2144 5244 2638 5315 appellatione-ri};
2667 5243 2905 5315 ἀκάκου,
2941 5243 3169 5312 expertis
3201 5241 3446 5315 ntuliliw,
3481 5241 3724 5297 exorna-

2147 5311 2256 5378 tur,
2292 5316 2466 5383 palam
2507 5313 2656 5374 facit,
2710 5314 2814 5365 hoc
2853 5311 3086 5367 maxime
3122 5311 3468 5383 privilegium
3501 5320 3725 5383 sanctos

2145 5380 2336 5440 Patres
2370 5384 2423 5439 in
2467 5383 2688 5452 Virgine
2734 5383 3067 5452 suspexisse,
3118 5380 3266 5452 quod
3306 5380 3459 5436 ornni
3509 5380 3722 5452 peccati

2145 5456 2356 5508 macula
2387 5455 2648 5507 caruerit.

2216 5523 2328 5596 (45)
2350 5526 2718 5600 Quo,quaes_o.
2758 5530 2925 5600 p_acto_
2962 5519 3416 5600 incomparabilis
3459 5528 3609 5600 esset
3639 5519 3727 5600 in-

2142 5592 2421 5657 nocentia,
2446 5608 2567 5661 qua:
2606 5593 2735 5645 olim
2757 5593 2823 5645 ab
2840 5594 3018 5645 anima
3039 5592 3217 5645 Mariae
3264 5592 3483 5660 penitus
3508 5592 3724 5661 abluis-

2144 5666 2269 5720 set?
2299 5660 2590 5731 Quomodo
2621 5662 2706 5715 vel
2744 5663 2880 5730 ipsis
2906 5662 3112 5730 angelis
3142 5661 3443 5716 ineﬂ'abilis
3482 5660 3723 5731 _dieere-
3794 5683 3801 5689 -

2146 5744 2234 5788 tur
2262 5728 2494 5802 paritas,
2525 5734 2567 5786 si
2595 5732 2723 5784 olim
2820 5728 3097 5786 contniuni
3126 5731 3248 5786 lube
3272 5732 3455 5787 anima
3479 5728 3727 5802 Virgini!

2142 5801 2361 5861 sordida
2401 5801 2780 5876 apparuisset?
