4122 6212
409 329 510 394 οη

1172 331 1459 393 ORATIO
1491 328 1573 391 ΙΝ
1609 330 1764 393 ANN
1773 330 2295 396 UNTI.\T10NEM
2341 336 2449 400 SS.
2484 338 2867 409 DEIPARE.

3563 352 3677 415 638

481 450 576 519 ς’.
606 448 863 519 Ἔφριξεν
897 451 925 503 ὁ
957 449 1298 521 ἀρχάγγελος
1324 452 1384 505 τὸ
1424 450 1520 504 τοῦ
1546 452 1825 506 Δεσπότου
1858 466 1987 504 συν-

2165 453 2249 509 Vl.
2284 454 2386 510 Ubi
2418 455 2523 512 hoc
2550 459 2941 516 novitDomini
2975 461 3059 517 sui
3096 463 3411 520 mandatum
3466 473 3679 537 terrore

409 542 512 606 ιεὶς
543 541 917 612 πρόσταγμα⁶
975 542 1174 612 ἔπτηξε
1226 543 1286 594 τὸ
1338 543 1575 611 πρᾶγμα
1620 540 1992 609 κατανοήσας,

409 633 507 686 καὶ
556 632 692 701 πρὸς
722 631 822 701 μὲν
848 629 1008 684 τοῦτο
1056 631 1359 702 ἀμηχανῶν
1403 632 1678 703 διηπόρει.
1704 632 1782 703 Τῇ
1815 631 1873 685 δὲ
1907 648 1995 685 κε-

406 724 591 777 λεύσει
620 725 928 792 ἀντιλέγειν
974 725 1076 778 οὐκ
1108 724 1269 794 ἔχων,
1297 726 1396 795 τὴν
1448 725 1728 780 διακονίαν
1758 724 1993 797 ἐξεπλή-

412 835 533 889 ρου.
1446 882 1453 885 _

478 907 572 960 Διδ
598 907 678 978 τῷ
715 907 815 979 τῆς
845 906 1064 977 φύσεως
1093 906 1386 978 ἐπιτηδείῳ
1409 906 1567 977 τάχει
1618 910 1756 981 πρὸς
1783 910 1851 980 τῇ
1886 907 1994 961 Γα-

409 999 593 1071 λιλαίᾳ
620 1004 720 1071 τὴν
766 1002 966 1071 πτῆσιν
996 1003 1247 1072 ὶνεργεί·
1290 1001 1438 1064 εἰκὸς
1483 1003 1550 1072 τῇ
1583 1001 1863 1070 καινότητι
1901 999 1997 1053 τοῦ

415 1094 718 1161 μυστηρίου
759 1090 1243 1162 πολιορκούμὲνος,
1281 1093 1433 1162 ὅμως
1465 1095 1531 1163 τῇ
1568 1090 1993 1162 προδιδαχθείσῃ

415 1182 669 1252 Ναζαρὲτ
703 1182 1048 1254 προσὲὄαλεο
1108 1189 1204 1237 καὶ
1244 1185 1301 1237 ἐν
1333 1182 1412 1253 τῷ
1460 1183 1555 1237 τοῦ
1604 1182 1806 1252 Ἰωσὴφ
1840 1182 1996 1251 οἰκή-

417 1291 569 1343 part,
622 1274 703 1328 ἔτι
737 1277 1187 1347 ἀσχηματίστως,
1240 1274 1517 1339 είσδύσας,
1579 1274 1838 1328 ἐλάνθανε
1893 1273 1995 1343 τὴν

414 1367 688 1438 αἴσθησιν.

483 1459 574 1511 Διὸ
601 1458 680 1529 τῷ
708 1458 987 1530 ἀσωμάτῳ
1031 1459 1132 1530 τῆς
1175 1457 1392 1529 φύσεως
1420 1458 1547 1521 τοὺς
1567 1457 1677 1529 τῆς
1712 1455 1994 1527 Παρθένου

414 1550 776 1620 ἑπεκφεύγων
827 1550 1164 1621 ὀφθαλμοὺς,
1220 1551 1289 1605 τὰ
1325 1554 1447 1605 κατ’
1480 1549 1651 1622 αὐτὴν
1691 1550 1994 1604 διεσκόπει.

423 1643 600 1714 Ἒὼρα
648 1644 756 1716 γὰρ
783 1646 993 1712 ἄφατόν
1043 1664 1193 1700 τινα.
1223 1648 1447 1718 τὺντῆς
1494 1647 1554 1701 ὲν
1598 1647 1736 1718 αὐτῇ
1768 1646 1997 1715 ἁγνείας

371 1738 374 1743 ’
413 1733 645 1788 πλοῦτον
693 1736 1096 1807 κρυπτόμενον,
1159 1740 1254 1792 καὶ
1289 1740 1638 1810 ἀσυγκρίτως
1684 1739 1836 1812 πάσῃ
1864 1752 1997 1806 γεν-ι

2099 556 2387 616 correptus
2412 558 2497 603 est
2553 552 2959 623 archangelus:
3002 570 3269 626 perpensa
3318 571 3377 612 re
3434 559 3675 628 expavit,

2101 647 2264 707 atque
2279 639 2348 694 ad
2378 642 2650 711 ejusmodi
2677 646 2956 715 negotium
2986 647 3463 704 btvrebatconsilii
3497 654 3675 720 in0ps.

2102 728 2488 785 Verumtamen
2511 748 2634 788 cum
2670 750 2781 789 non
2815 745 3001 805 posset
3047 737 3307 793 mandato
3346 754 3677 811 repugnare,

2102 821 2420 890 impositum
2459 827 2686 897 exsequi
2722 829 3090 886 ministerium
3124 832 3460 903 aggreditur.

2170 914 2277 985 Pro
2313 925 2523 973 naturae
2556 934 2688 990 ergo
2724 936 2836 976 suae
2865 922 3107 993 agilitate
3153 923 3502 979 celerrimum
3532 925 3678 982 Gali-

2098 1005 2252 1061 laeam
2284 1024 2476 1065 versus
2506 1012 2746 1067 volatum
2777 1013 2999 1086 dirigit;
3049 1030 3113 1070 ac
3159 1015 3345 1081 simul,
3409 1025 3576 1081 totus.
3616 1026 3677 1072 ut

2100 1110 2189 1151 res
2230 1097 2459 1162 ferebat,
2511 1100 2757 1156 novitate
2811 1102 3061 1174 mysterii
3116 1112 3469 1172 occupatus,
3525 1101 3675 1157 desi-

2098 1199 2315 1259 gnatam
2348 1198 2500 1246 tenct
2534 1191 2727 1248 urbem
2751 1192 3061 1261 Nazaretb;
3092 1202 3148 1249 et
3179 1193 3404 1264 Josepbi
3426 1194 3674 1258 domum,

2098 1280 2247 1334 nulla
2277 1280 2461 1337 adhuc
2493 1296 2774 1354 assumpta
2819 1282 3020 1351 forma,
3051 1285 3353 1355 ingressus,
3383 1283 3459 1340 ibi
3494 1284 3679 1355 cujus-

2097 1372 2182 1426 vis
2209 1372 2464 1427 sensibus
2485 1374 2662 1429 latens
2688 1375 3031 1430 versabatur.

2170 1464 2369 1519 Oculos
2398 1479 2530 1536 ergo
2557 1465 2825 1536 Virginis,
2850 1474 3040 1537 ulpote
3064 1473 3260 1522 natura
3293 1467 3675 1536 incorporeus,

2098 1553 2534 1625 subterfugiens,
2573 1556 2760 1611 omnia
2815 1572 3046 1627 quazque
3097 1565 3307 1613 attente
3348 1558 3404 1613 in
3456 1556 3678 1627 Virgine

2098 1644 2594 1714 contemplabatur.
2624 1644 2903 1700 Ceruebat
2934 1646 3137 1717 quippe
3173 1645 3480 1701 ineffabiles
3515 1660 3679 1716 quas-

2100 1733 2226 1789 dam
2273 1735 2604 1791 innocentiae
2643 1736 2885 1803 divitias,
2928 1754 3051 1807 quae
3090 1737 3147 1792 in
3205 1753 3271 1792 ea
3316 1736 3583 1802 latebant,
3613 1751 3679 1791 ac

410 1832 543 1896 νητῇ
580 1827 740 1897 φύσει
793 1831 1262 1901 κατανοούμενον·
1297 1832 1359 1885 τό
1412 1848 1471 1885 τε
1520 1827 1652 1903 ἦθος
1692 1831 1990 1895 ἀνάλωτον,

2100 1826 2383 1896 perspicue
2407 1826 2610 1880 uullatn
2637 1842 2762 1881 cum
2801 1828 3058 1883 universa
3092 1837 3275 1883 creata
3327 1836 3528 1883 natura
3560 1827 3673 1897 (46)

412 1917 506 1971 καὶ
529 1917 632 1989 τὴν
667 1920 905 1973 διάνοιαν
928 1920 1313 1985 ἀδιασπάστως
1344 1924 1479 1993 πρὸς
1503 1923 1637 1976 Θεὸν
1653 1921 1991 1993 ἠρτημένην,

414 2012 508 2064 καὶ
539 2010 919 2083 ἐξεπλήττετο,
948 2012 1027 2083 τῷ
1054 2012 1371 2085 βλεπομένῳ
1400 2014 1684 2087 προσέχων
1709 2013 1953 2085 θαύματι
1974 2028 1992 2047 ⁸

412 2103 747 2172 κατάλληλον
780 2103 860 2175 τῷ
907 2104 1001 2159 τοῦ
1038 2106 1459 2171 ἀποστείλαντος
1491 2107 1639 2178 λόγῳ
1665 2108 1758 2162 τὸν
1787 2105 1996 2178 ταύτης

412 2195 657 2249 κατενόει
693 2196 915 2268 τρόπον.

482 2462 554 2517 Z'.
590 2462 755 2517 Ὅθεν
809 2464 1121 2534 εἰλικρινῶς
1168 2463 1361 2520 τοῦτον
1415 2445 1891 2538 καταμανθάνων,
1939 2468 1997 2522 ὲν

411 2553 591 2625 ἑαυτῴ
611 2554 836 2609 τοιαῦτα
871 2555 1008 2626 πρὸς
1036 2556 1136 2626 τὴν
1161 2557 1438 2627 Παρθένον
1464 2560 1844 2614 ὲναπετείνετο
1870 2571 1888 2591 ·

484 2736 550 2788 Ὢ
578 2733 688 2787 τῶν
726 2737 968 2805 χαρίτων
999 2737 1127 2789 σουί
1178 2735 1224 2789 ὦ
1251 2737 1352 2808 τῆς
1400 2736 1498 2792 τοῦ
1546 2739 1739 2808 γένους
1791 2739 1993 2810 εὐκλη-

414 2831 569 2899 ρίαςί
601 2831 647 2886 ὣ
675 2833 795 2896 οἵας
820 2833 920 2904 τῆς
958 2832 1118 2903 δόξης
1150 2834 1446 2904 ἠξίωνταιῑ
1483 2831 1608 2890 Οἷόν
1648 2852 1710 2890 σε
1747 2836 1841 2890 τὸν
1871 2836 1996 2890 στέο

411 2938 580 2989 φανον
612 2922 964 2994 περιέθεντοῐ
995 2917 1107 2977 οἷόν
1141 2940 1199 2976 σε
1232 2924 1295 2976 τὸ
1338 2924 1576 2995 διάδημα
1621 2925 1991 2994 ἀνεδήσαντοι

410 3012 531 3065 οἷαν
554 3028 612 3064 σε
645 3011 746 3082 τὴν
804 3010 988 3082 χαρὰν
1021 3013 1440 3084 περιεόάλοντοί
1475 3014 1540 3066 Τί
1569 3014 1729 3075 εἴπω,
1756 3014 1789 3085 ἢ
1820 3016 1875 3066 τι
1903 3013 1996 3068 λα-

411 3101 580 3167 λήσω,
609 3103 668 3155 ὲν
694 3102 994 3174 ἀπορρήτῳ
1025 3102 1339 3173 περιπεσὼν
1370 3102 1609 3173 θαύματι
1634 3122 1649 3170 ;
1696 3105 1851 3159 Τίσιν
1875 3106 1996 3158 ἑπι-

2097 1916 2564 1987 comparatiouem
2614 1918 2907 1973 admittere
2949 1919 3363 1985 cernebantur;
3410 1927 3525 1973 tum
3590 1918 3677 1972 itt-

2095 2010 2297 2066 victam
2332 2010 2639 2065 mirabatur
2672 2011 2840 2066 animi
2873 2012 3155 2076 virtutem,
3190 2027 3254 2067 ac
3302 2020 3542 2067 mentem
3593 2010 3677 2064 in-

2094 2102 2480 2173 separabiliter
2501 2103 2567 2158 ad
2606 2104 2776 2158 Deum
2837 2119 3058 2159 sursum
3103 2104 3391 2167 elevatam,
3426 2117 3490 2157 ac
3538 2117 3678 2171 pra:-

2094 2194 2239 2251 senti
2271 2194 2536 2250 miraculo
2567 2194 2812 2250 intentus
2838 2194 2891 2248 iu
2924 2204 3205 2264 stuporem
3244 2192 3583 2262 rapiebatur,
3614 2205 3678 2245 ac

2095 2299 2280 2338 mores
2318 2283 2679 2353 habitumque
2726 2283 2848 2354 ejus
2874 2281 2941 2337 ad
2972 2298 3209 2355 unguem
3264 2280 3450 2337 verbis
3503 2279 3675 2345 illius,

2096 2374 2192 2445 qui
2216 2373 2394 2443 ipsum
2419 2373 2662 2437 miserat,
2688 2373 3026 2444 respondere
3060 2370 3553 2428 animadvertebat.

2167 2465 2279 2521 Vll.
2315 2465 2583 2533 Quocirca
2618 2480 2742 2519 cum
2770 2466 2885 2520 haec
2917 2481 3013 2535 per
3046 2481 3106 2521 se
3140 2465 3284 2520 clare
3316 2463 3679 2534 perspiceret,

2098 2556 2416 2628 huiusmodi
2438 2572 2620 2617 sensa,
2651 2557 2820 2611 veluti
2844 2556 3121 2626 Virginem
3153 2556 3464 2625 alloquens,
3497 2553 3681 2608 animo

2097 2662 2199 2704 suo
2219 2649 2474 2703 volvebat
2505 2668 2519 2703 :
2740 2630 2745 2641 ’

2167 2738 2213 2794 Ο
2244 2751 2465 2809 quanta:
2486 2739 2676 2810 gratiae
2702 2740 2845 2794 tuae!
2882 2736 2927 2793 0
2950 2736 3172 2810 generis
3207 2736 3287 2791 tui
3329 2750 3452 2791 sors
3504 2733 3684 2791 fortu-

2099 2834 2255 2888 nata!
2291 2831 2336 2888 0
2374 2833 2525 2904 quali
2548 2832 2722 2904 gloria
2738 2831 2919 2888 effecti
2947 2840 3078 2887 sunt
3106 2829 3258 2900 digni
3282 2830 3296 2885 l
3319 2828 3478 2899 Quali
3509 2835 3681 2896 serto,

2099 2935 2153 2981 te
2176 2941 2434 2982 coronam
2476 2925 2762 2990 habentes.
2794 2932 2962 2995 caput
2987 2922 3321 2979 cinxerunt!
3357 2919 3516 2989 Quali
3563 2920 3685 2976 dia-

2097 3017 2337 3086 demate,
2374 3018 2629 3074 diadema
2658 3027 2711 3073 te
2749 3017 3043 3082 habentes,
3089 3014 3331 3071 redimiti
3378 3013 3679 3085 apparent!

2098 3109 2256 3174 Quali
2272 3108 2561 3180 gaudio,te
2590 3106 2851 3179 gaudium
2871 3107 3160 3169 habentes,
3188 3104 3507 3175 potiuntur!
3539 3097 3698 3169 Quid

411 3196 583 3259 νοίαες
613 3196 860 3266 ὲφευρὼν
890 3195 1148 3265 κλήσεις,
1200 3195 1458 3267 ἀμυδρῶς
1511 3195 1829 3266 καθάψομαι
1880 3198 1991 3251 τῶν

2100 3200 2297 3264 dicam,
2325 3199 2634 3269 autquibus
2655 3207 2777 3251 utar
2805 3196 3009 3261 verbis,
3027 3205 3223 3250 nactus
3235 3204 3553 3265 portentum
3572 3192 3683 3262 (47)

414 3286 802 3355 προσηκόντων
863 3286 1105 3340 ἐπαίνων
1167 3303 1288 3351 σοις
1340 3283 1448 3338 Τοῦ
1487 3285 1596 3357 γάρ
1653 3287 1778 3338 κατ’
1833 3286 1992 3350 ἀξίαν

411 3375 693 3444 ἀμήχανόν
725 3393 816 3446 μοι
840 3376 1133 3446 τυγχάνειν
1156 3392 1169 3407 ·
1206 3375 1447 3446 ὑπερέϐη
1474 3377 1583 3428 πᾶν
1617 3377 1994 3443 ἐγκωμιαστι-

410 3464 507 3518 κδν
538 3464 712 3536 ὄνομα
766 3467 801 3536 ή
861 3464 1333 3526 θεοκαλλὼπιστός
1385 3480 1480 3515 σου
1511 3463 1726 3532 κλῆσις.
1783 3463 1993 3517 ἀνωθεν

410 3557 526 3627 ἔχει
550 3559 649 3622 τὰς
680 3557 982 3628 εὐφημίας,
1006 3558 1071 3610 ὲκ
1099 3554 1196 3609 τοῦ
1222 3556 1497 3608 Δεσπότου
1526 3554 1618 3608 τὸν
1650 3554 1798 3619 ἄξιον
1830 3555 1989 3608 ἐπαιν

409 3666 502 3703 νον
561 3649 776 3719 δέχεται
801 3650 847 3713 ,“
873 3649 935 3702 οὗ
987 3646 1315 3719 σεμνύνεται
1377 3649 1489 3710 τοῖς
1555 3646 1667 3700 τῶν
1714 3647 1992 3716 γεννητῶν

409 3744 733 3815 ἐγκωμίοις.
764 3740 834 3797 Ὦ
863 3744 1118 3816 Ναζαρὲτ
1142 3746 1243 3814 τῆς
1275 3742 1589 3806 Γαλιλαίας.
1619 3738 1732 3795 οἷον
1757 3740 1994 3811 ἐθησαύ-

414 3853 574 3908 ρισας
603 3837 695 3890 τὸν
735 3838 1124 3909 μαργαρίτηνε
1156 3834 1269 3891 οἷον
1303 3835 1569 3889 ὲναπέθου
1596 3836 1689 3888 τὸν
1726 3834 1994 3889 πλοῦτονί

410 3925 523 3982 οἷον
544 3930 601 3983 δὲ
631 3929 726 3983 νῦν
754 3930 844 3985 διὰ
868 3930 1058 3985 τούτου
1108 3929 1324 4001 είσδέξῃ
1349 3931 1362 3984 ι
1404 3930 1470 3983 Ὢ
1497 3929 1591 3983 τοῦ
1627 3926 1860 4000 φρικτοῦ
1892 3944 1995 3997 μυ-

413 4021 673 4091 στηρίουι
706 4020 752 4075 ὣ
774 4023 873 4092 τῆς
904 4022 1272 4092 ἀνεκλαλήτου
1306 4020 1563 4091 Μητρόςε
1626 4038 1633 4053 ·

2093 3292 2276 3346 verbis
2294 3288 2697 3345 inenarrabile?
2717 3287 2991 3354 Quasnam
3008 3283 3406 3355 appellationes
3431 3282 3683 3336 invenire

2090 3380 2452 3450 excogitando
2472 3378 2699 3449 possim,
2717 3387 2778 3432 ut
2794 3376 2975 3432 laudis
2995 3376 3096 3431 tibi
3118 3388 3377 3446 congruae
3396 3371 3683 3444 quidpiam

2091 3471 2179 3524 vel
2239 3468 2436 3524 leviter
2492 3466 2971 3538 attingam'lNam
3031 3476 3093 3521 ut
3146 3464 3202 3520 id
3248 3479 3351 3534 pro
3407 3462 3675 3534 dignitate

2095 3570 2374 3633 praestem,
2405 3562 2551 3618 vires
2574 3562 2730 3617 nullo
2785 3559 2951 3615 modo
3004 3565 3340 3629 suppetunt:
3369 3554 3680 3627 quamlibet

2101 3655 2549 3712 encomiasticam
2599 3655 3025 3726 appellationem
3083 3649 3423 3707 transcendit
3476 3662 3683 3704 nomen

2104 3757 2260 3801 tuum
2286 3747 2477 3803 divino
2509 3749 2693 3804 nitens
2724 3746 3039 3818 splendore,
3074 3760 3105 3798 a
3143 3744 3283 3800 caelo
3334 3758 3494 3798 suum
3518 3739 3686 3796 habet

2102 3839 2462 3909 praeconium,
2512 3855 2542 3895 a
2609 3839 2842 3894 Domino
2896 3836 3099 3907 accipit
3158 3834 3485 3906 condignam
3559 3832 3685 3889 lau-

2102 3930 2250 3995 dem,
2276 3926 2388 3986 noni
2415 3931 2648 3987 eﬂ'ertur
2667 3939 3047 3986 creaturarum
3091 3926 3382 3983 encomiis.
3426 3923 3471 3979 Ο
3505 3923 3682 3978 Naza-

2107 4022 2228 4077 reth
2267 4019 2529 4087 Galilteze,
2563 4021 2781 4091 qualem
2836 4019 2895 4073 in
2955 4018 3218 4072 thesauro
3281 4023 3377 4068 tuo
3427 4010 3685 4065 recondis

414 4116 797 4187 margaritam!
830 4115 1023 4185 quales
1050 4115 1273 4170 divitias
1301 4115 1630 4171 cumulasti!
1704 4112 1801 4170 sed
1855 4114 2050 4185 quales
2089 4111 2321 4185 insuper
2367 4114 2567 4169 harum
2598 4128 2704 4183 ope
2768 4127 2896 4167 mox
2947 4108 3232 4179 acquiresl
3264 4105 3309 4162 Ο
3337 4102 3683 4161 tremendum

415 4213 737 4285 mysterium
756 4215 770 4267 !
799 4227 834 4267 ο
850 4214 1075 4269 Matrem
1103 4210 1467 4267 ineffabilem!

487 4307 570 4361 H’.
630 4305 789 4359 οὓ;ω
850 4306 1033 4359 τοίνυν
1087 4304 1366 4372 διαπορῶν
1430 4304 1460 4357 ό
1526 4303 1991 4375 ἀρχιστράτηγος,

2180 4296 2320 4353 Vill.
2349 4293 2443 4350 Sic
2476 4293 2650 4364 igitur
2663 4289 2904 4346 caelestis
2934 4287 3024 4342 ille
3055 4285 3264 4341 militiae
3291 4284 3546 4355 princeps
3575 4298 3685 4375 pra:

414 4397 601 4469 ἔχαιρε
631 4399 733 4470 μὲν
756 4399 833 4460 ὡς
860 4398 1077 4469 ἀληθῶς
1104 4400 1174 4452 τά
1196 4398 1338 4467 ὑπὲρ
1367 4398 1553 4468 νόησιν
1581 4397 1876 4468 θαυμάζων
1897 4398 1997 4466 τῆς

418 4490 699 4562 Παρθένου
728 4487 1009 4560 παράδοξα
1031 4505 1046 4521 ο
1078 4489 1303 4544 ἐσκόπει
1349 4488 1427 4554 δὲ,
1484 4489 1633 4552 ὅπως
1658 4488 1726 4542 ἂν
1756 4490 1995 4557 πραεῖαν

411 4582 512 4652 τὴν
559 4582 740 4653 χαρὰν
793 4582 1090 4652 ἑνηχήσας,
1153 4581 1229 4651 μὴ
1279 4579 1654 4651 σφοδροτάτην
1708 4580 1847 4651 αὐτῇ
1894 4581 1996 4649 τὴν

414 4672 758 4743 κατάπληξιν
798 4673 1101 4745 ἐμποιήσῃ.
1153 4664 1265 4725 Καὶ
1301 4672 1410 4742 γὰρ
1442 4666 1512 4742 ἦν
1564 4671 1599 4743 ἡ
1654 4671 1994 4741 πανάμωμος

411 4766 597 4836 πάσης
621 4766 915 4837 ἀλλοτρίας
950 4764 1348 4836 ἀπηλλαγμένη
1376 4763 1614 4833 ὁμιλίας,
1659 4763 1758 4817 καὶ
1789 4762 1994 4827 παντὸς

414 4857 806 4913 κολακευτικοῦ
835 4857 1219 4929 καθαρεύουσα
1252 4858 1519 4929 ῥήματος.
1543 4856 1636 4910 Διὸ
1661 4855 1993 4925 σοφωτάτως

488 4993 601 5061 (46)
660 4991 718 5048 Si
770 4992 829 5047 in
886 4992 1054 5047 rebus
1107 4991 1309 5048 creatis
1343 4991 1479 5045 nihil
1526 5001 1632 5061 est,
1680 4988 1825 5058 quod
1869 5002 1994 5042 cum

415 5060 587 5116 Maria
627 5064 839 5118 ratione
890 5063 1218 5117 innocentia:
1252 5060 1560 5128 comparari
1613 5068 1813 5129 queat;
1865 5074 1998 5129 ergo

414 5135 501 5204 vel
540 5133 875 5204 ⁸(ιιιειεξειίιηη
932 5134 1224 5204 spirituum
1278 5130 1590 5204 innocentia
1633 5128 1999 5204 linnoeentiae

419 5201 605 5258 Maria:
649 5205 919 5257 immenso
964 5197 1259 5257 intervallo
1293 5200 1461 5255 cedit.
1498 5199 1659 5267 Atqui
1708 5197 1763 5251 id
1820 5199 1983 5264 plane

414 5276 612 5327 lalsutn
645 5271 805 5330 foret.
836 5273 880 5327 si
930 5273 1094 5327 Maria
1146 5270 1426 5327 communi
1476 5269 1723 5323 ninnium
1770 5267 2001 5322 crimine

415 5343 716 5413 aliquando
744 5342 981 5413 obligata
1031 5342 1243 5396 fuisset.

490 5407 603 5483 (Ἡ)
626 5412 787 5483 Quod
822 5407 982 5483 Virgo
999 5412 1165 5466 Maria
1186 5412 1348 5483 velut
1386 5418 1698 5483 portentum
1721 5407 1995 5476 quoddam

419 5479 677 5536 uabcnda'
715 5484 807 5546 sit,
829 5479 1028 5552 passim
1057 5482 1198 5551 apud
1222 5482 1411 5552 Patres
1433 5479 1671 5552 occurrit
1694 5494 1707 5542 ;
1728 5489 1913 5552 atque,
1944 5486 2003 5530 ut

419 5551 595 5619 liquet
625 5568 692 5606 ex
733 5548 983 5618 prm'seuti
1016 5548 1202 5606 Jacobi
1226 5551 1367 5613 loco,
1401 5566 1508 5603 nou
1539 5548 1785 5619 modoad
1792 5549 1999 5619 miram

420 5616 1209 5693 Elei(genitricisdignitatem1
1240 5634 1436 5693 neque
1479 5618 1642 5693 modo
1669 5619 1734 5671 ad
1763 5617 2006 5693 Virginis

418 5684 606 5760 iiatris
637 5684 969 5760 prodigium,
1003 5691 1098 5745 sed
1145 5689 1211 5742 ad
1240 5684 1748 5760 beuiedictissimam
1778 5684 2003 5760 Mariam

422 5757 483 5813 in
516 5775 573 5816 se
603 5755 904 5832 spectatam
929 5761 982 5817 id
1024 5761 1283 5833 pertinet.
1314 5758 1459 5830 Ergo
1507 5756 1695 5813 minus
1749 5755 2003 5811 consulto

2104 4403 2331 4461 stupore
2369 4387 2608 4449 harens,
2644 4382 2776 4436 hinc
2832 4379 3061 4450 quidem
3128 4387 3382 4449 portenta
3414 4373 3681 4445 Virginis,

2103 4496 2226 4554 quae
2250 4480 2361 4533 vim
2405 4476 2606 4532 mentis
2630 4472 2965 4529 excederent
2993 4472 3296 4533 demirans,
3336 4480 3684 4536 summepere

2098 4574 2546 4648 jucundabatur;
2589 4568 2718 4625 inde
2749 4584 2882 4623 vero
2914 4565 3142 4622 modum
3195 4561 3542 4633 exquirebat.
3573 4572 3685 4627 quo

2102 4684 2213 4726 non
2244 4662 2790 4722 vehementissimum
2819 4660 2959 4715 forte
2982 4664 3248 4712 terrorem
3282 4653 3358 4708 illi
3385 4653 3679 4709 incuteret,

2103 4763 2236 4818 dum
2275 4773 2396 4815 eam
2428 4756 2614 4813 suavis
2641 4754 2828 4826 gaudii
2878 4766 3074 4807 vocem
3127 4750 3426 4804 emitteret.
3453 4740 3685 4797 Vivebat

2100 4854 2248 4909 enim
2276 4846 2784 4905 immaculatissima
2820 4844 2912 4898 illa
2946 4842 3058 4913 (48)
3087 4857 3117 4894 a
3150 4838 3348 4909 quovis
3398 4842 3687 4890 extraneo-

2108 4986 2175 5042 ad
2208 4985 2430 5039 Mariam
2468 4978 2878 5034 transferuntur
2915 4992 3037 5045 quae
3075 4975 3140 5027 ad
3181 4988 3531 5045 communem
3559 4974 3685 5029 reli-

2109 5071 2349 5126 quorum
2384 5052 2673 5126 hominum
2712 5043 3086 5126 c_oudit_i(mcpi
3120 5043 3421 5126 pertinent.
3455 5060 3688 5125 uon_se-

2110 5113 2211 5180 cus
2241 5140 2304 5178 ac
2335 5121 2645 5175 inconsulto
2679 5118 2938 5170 miracula
2990 5114 3055 5167 ad
3091 5123 3300 5185 natura:
3322 5113 3472 5181 leges
3502 5116 3685 5185 exige-

2113 5206 2323 5251 rentur.
2352 5192 2504 5246 Inani
2554 5192 2718 5257 igitur
2748 5188 2943 5240 timore
2974 5184 3118 5257 capti
3154 5184 3186 5235 ii
3228 5182 3469 5257 (uerunt,
3505 5182 3613 5251 qui
3653 5202 3684 5240 a

2113 5263 2417 5333 profitenda
2466 5252 2728 5333 nepam
2757 5273 2784 5310 a
2838 5256 3116 5333 communi
3176 5252 3409 5333 originis
3442 5264 3684 5333 peccato

2104 5320 2447 5389 immunitate
2466 5320 2729 5384 (leterreri
2752 5343 2808 5381 se
2828 5326 3063 5383 aiebant,
3092 5340 3156 5376 ne
3173 5320 3312 5376 forte
3336 5338 3397 5375 ea
3423 5320 3688 5380 doctrinae

2106 5405 2307 5472 cupita,
2335 5419 2459 5471 qua:
2486 5401 2550 5453 de
2584 5398 2790 5472 misero
2824 5397 2959 5472 lapsi
2997 5394 3219 5446 humani
3252 5391 3473 5461 generis
3525 5403 3678 5472 statu

2108 5466 2367 5529 Ecclesia
2411 5470 2681 5526 catholica
2736 5466 2978 5520 servavit
3030 5479 3249 5533 semper
3293 5476 3359 5516 ac
3387 5474 3591 5527 servat.
3625 5466 3697 5519 in-

2106 5545 2404 5598 discrimeu
2445 5548 2797 5595 vocarentur.

2183 5613 2293 5683 (18)
2328 5612 2542 5683 Vidcsis
2562 5608 2849 5683 Deiparam
2910 5603 3354 5683 antopomastice
3394 5604 3684 5683 .undequa-

2111 5672 2210 5753 que
2241 5672 2628 5746 humer-utatur,
2664 5672 2773 5750 ’τῆς
2830 5674 3199 5747 παναμώμου,
3254 5672 3486 5730 nomine
3529 5672 3681 5729 cout-

2113 5754 2392 5824 pollutam.
