  <div class='ocr_page' id='page_1' title='image "/cluster/home/n/w/nwhite01/storage/ocr_20150623/127/hvd.32044073502411/325.png"; bbox 0 0 4130 6202; ppageno 0'>
   <div class='ocr_carea' id='block_1_1' title="bbox 454 361 563 424">
    <p class='ocr_par' dir='ltr' id='par_1_1' title="bbox 454 361 563 424">
     <span class='ocr_line' id='line_1_1' title="bbox 454 361 563 424; baseline 0 0"><span class='ocrx_word' id='word_1_1' title='bbox 454 361 563 424; x_wconf 83' lang='lat'><strong>639</strong></span> 
     </span>
    </p>
   </div>
   <div class='ocr_carea' id='block_1_2' title="bbox 1766 363 2415 426">
    <p class='ocr_par' dir='ltr' id='par_1_2' title="bbox 1766 363 2415 426">
     <span class='ocr_line' id='line_1_2' title="bbox 1766 363 2415 426; baseline 0.005 -4"><span class='ocrx_word' id='word_1_2' title='bbox 1766 363 2020 423; x_wconf 77' lang='lat' dir='ltr'><strong>JACOBI</strong></span> <span class='ocrx_word' id='word_1_3' title='bbox 2068 363 2119 421; x_wconf 87' lang='grc' dir='ltr'><strong>Μ</strong></span> <span class='ocrx_word' id='word_1_4' title='bbox 2130 363 2415 426; x_wconf 77' lang='lat' dir='ltr'><strong>ONACHI</strong></span> 
     </span>
    </p>
   </div>
   <div class='ocr_carea' id='block_1_3' title="bbox 3602 368 3710 432">
    <p class='ocr_par' dir='ltr' id='par_1_3' title="bbox 3602 368 3710 432">
     <span class='ocr_line' id='line_1_3' title="bbox 3602 368 3710 432; baseline 0.019 -3"><span class='ocrx_word' id='word_1_5' title='bbox 3602 368 3710 432; x_wconf 63' lang='lat'><strong>650</strong></span> 
     </span>
    </p>
   </div>
   <div class='ocr_carea' id='block_1_4' title="bbox 454 474 2051 554">
    <p class='ocr_par' dir='ltr' id='par_1_4' title="bbox 454 474 2029 545">
     <span class='ocr_line' id='line_1_4' title="bbox 454 474 2029 545; baseline 0 -14"><span class='ocrx_word' id='word_1_6' title='bbox 454 492 577 531; x_wconf 91' lang='lat' dir='ltr'><strong>rum</strong></span> <span class='ocrx_word' id='word_1_7' title='bbox 599 474 876 531; x_wconf 82' lang='lat' dir='ltr'><strong>consortio</strong></span> <span class='ocrx_word' id='word_1_8' title='bbox 899 489 1126 543; x_wconf 87' lang='lat' dir='ltr'><strong>prorsus</strong></span> <span class='ocrx_word' id='word_1_9' title='bbox 1157 482 1386 536; x_wconf 81' lang='lat' dir='ltr'><strong>remota,</strong></span> <span class='ocrx_word' id='word_1_10' title='bbox 1413 486 1467 528; x_wconf 89' lang='lat' dir='ltr'><strong>et</strong></span> <span class='ocrx_word' id='word_1_11' title='bbox 1494 490 1525 528; x_wconf 91' lang='lat' dir='ltr'><strong>a</strong></span> <span class='ocrx_word' id='word_1_12' title='bbox 1593 476 1882 545; x_wconf 89' lang='lat' dir='ltr'><strong>quibusvis</strong></span> <span class='ocrx_word' id='word_1_13' title='bbox 1947 491 2029 531; x_wconf 83' lang='lat' dir='ltr'><strong>as-</strong></span> 
     </span>
    </p>
   </div>
   <div class='ocr_carea' id='block_1_5' title="bbox 2158 474 3710 554">
    <p class='ocr_par' dir='ltr' id='par_1_5' title="bbox 2158 478 3710 554">
     <span class='ocr_line' id='line_1_5' title="bbox 2158 478 3710 554; baseline 0.006 -26"><span class='ocrx_word' id='word_1_14' title='bbox 2158 478 2501 550; x_wconf 68' lang='grc' dir='ltr'>ὶλειτουργδς</span> <span class='ocrx_word' id='word_1_15' title='bbox 2535 484 2726 551; x_wconf 68' lang='grc' dir='ltr'>καιρὸν</span> <span class='ocrx_word' id='word_1_16' title='bbox 2766 483 3046 554; x_wconf 78' lang='grc' dir='ltr'>σύμφορον</span> <span class='ocrx_word' id='word_1_17' title='bbox 3073 485 3169 537; x_wconf 68' lang='grc' dir='ltr'><strong>καὶ</strong></span> <span class='ocrx_word' id='word_1_18' title='bbox 3200 484 3364 537; x_wconf 80' lang='grc' dir='ltr'>τόπον</span> <span class='ocrx_word' id='word_1_19' title='bbox 3397 488 3710 538; x_wconf 70' lang='grc' dir='ltr'>συνοίσοντα</span> 
     </span>
    </p>
   </div>
   <div class='ocr_carea' id='block_1_6' title="bbox 453 564 2028 637">
    <p class='ocr_par' dir='ltr' id='par_1_6' title="bbox 453 564 2028 637">
     <span class='ocr_line' id='line_1_6' title="bbox 453 564 2028 637; baseline 0 -16"><span class='ocrx_word' id='word_1_20' title='bbox 453 567 770 621; x_wconf 85' lang='lat' dir='ltr'><strong>seutatoriis</strong></span> <span class='ocrx_word' id='word_1_21' title='bbox 821 565 1000 619; x_wconf 80' lang='lat' dir='ltr'><strong>verbis</strong></span> <span class='ocrx_word' id='word_1_22' title='bbox 1029 564 1385 620; x_wconf 75' lang='lat' dir='ltr'><strong>abhorrebat.</strong></span> <span class='ocrx_word' id='word_1_23' title='bbox 1449 565 1718 632; x_wconf 81' lang='lat' dir='ltr'><strong>Quocirca</strong></span> <span class='ocrx_word' id='word_1_24' title='bbox 1783 568 2028 637; x_wconf 87' lang='lat' dir='ltr'><strong>pruden-</strong></span> 
     </span>
    </p>
   </div>
   <div class='ocr_carea' id='block_1_7' title="bbox 456 656 2026 729">
    <p class='ocr_par' dir='ltr' id='par_1_7' title="bbox 456 656 2026 729">
     <span class='ocr_line' id='line_1_7' title="bbox 456 656 2026 729; baseline -0.003 -15"><span class='ocrx_word' id='word_1_25' title='bbox 456 659 663 714; x_wconf 89' lang='lat' dir='ltr'><strong>tissime</strong></span> <span class='ocrx_word' id='word_1_26' title='bbox 695 656 942 710; x_wconf 78' lang='lat' dir='ltr'><strong>minister</strong></span> <span class='ocrx_word' id='word_1_27' title='bbox 984 656 1074 710; x_wconf 91' lang='lat' dir='ltr'><strong>ille</strong></span> <span class='ocrx_word' id='word_1_28' title='bbox 1101 657 1341 711; x_wconf 61' lang='lat' dir='ltr'><strong>caelestis</strong></span> <span class='ocrx_word' id='word_1_29' title='bbox 1387 668 1756 727; x_wconf 76' lang='lat' dir='ltr'><strong>Opportunum</strong></span> <span class='ocrx_word' id='word_1_30' title='bbox 1786 669 2026 729; x_wconf 81' lang='lat' dir='ltr'><strong>tempus,</strong></span> 
     </span>
    </p>
   </div>
   <div class='ocr_carea' id='block_1_8' title="bbox 387 738 1512 814">
    <p class='ocr_par' dir='ltr' id='par_1_8' title="bbox 387 738 1512 814">
     <span class='ocr_line' id='line_1_8' title="bbox 387 738 1512 814; baseline -0.002 -13"><span class='ocrx_word' id='word_1_31' title='bbox 387 738 392 742; x_wconf 57' lang='grc'><em>’</em></span> <span class='ocrx_word' id='word_1_32' title='bbox 453 755 508 801; x_wconf 78' lang='lat' dir='ltr'><strong>et</strong></span> <span class='ocrx_word' id='word_1_33' title='bbox 531 747 712 799; x_wconf 87' lang='lat' dir='ltr'><strong>locum</strong></span> <span class='ocrx_word' id='word_1_34' title='bbox 749 745 825 798; x_wconf 86' lang='lat' dir='ltr'><strong>rei</strong></span> <span class='ocrx_word' id='word_1_35' title='bbox 866 742 1122 797; x_wconf 88' lang='lat' dir='ltr'><strong>idoneum</strong></span> <span class='ocrx_word' id='word_1_36' title='bbox 1175 745 1512 814; x_wconf 78' lang='lat' dir='ltr'><strong>explorabat.</strong></span> 
     </span>
    </p>
   </div>
   <div class='ocr_carea' id='block_1_9' title="bbox 523 834 2023 907">
    <p class='ocr_par' dir='ltr' id='par_1_9' title="bbox 523 834 2023 907">
     <span class='ocr_line' id='line_1_9' title="bbox 523 834 2023 907; baseline 0.001 -17"><span class='ocrx_word' id='word_1_37' title='bbox 523 834 588 890; x_wconf 85' lang='lat' dir='ltr'><strong>Et</strong></span> <span class='ocrx_word' id='word_1_38' title='bbox 631 834 829 888; x_wconf 80' lang='lat' dir='ltr'><strong>eximie</strong></span> <span class='ocrx_word' id='word_1_39' title='bbox 869 836 1084 899; x_wconf 84' lang='lat' dir='ltr'><strong>merito,</strong></span> <span class='ocrx_word' id='word_1_40' title='bbox 1113 850 1230 889; x_wconf 92' lang='lat' dir='ltr'><strong>mea</strong></span> <span class='ocrx_word' id='word_1_41' title='bbox 1269 837 1488 905; x_wconf 84' lang='lat' dir='ltr'><strong>quidem</strong></span> <span class='ocrx_word' id='word_1_42' title='bbox 1537 837 1830 903; x_wconf 74' lang='lat' dir='ltr'><strong>sententia,</strong></span> <span class='ocrx_word' id='word_1_43' title='bbox 1882 853 2023 907; x_wconf 73' lang='lat' dir='ltr'><strong>prte-</strong></span> 
     </span>
    </p>
   </div>
   <div class='ocr_carea' id='block_1_10' title="bbox 454 926 2030 999">
    <p class='ocr_par' dir='ltr' id='par_1_10' title="bbox 454 926 2030 999">
     <span class='ocr_line' id='line_1_10' title="bbox 454 926 2030 999; baseline 0.001 -18"><span class='ocrx_word' id='word_1_44' title='bbox 454 926 677 981; x_wconf 87' lang='lat' dir='ltr'><strong>fcrenda</strong></span> <span class='ocrx_word' id='word_1_45' title='bbox 709 927 825 981; x_wconf 91' lang='lat' dir='ltr'><strong>visa</strong></span> <span class='ocrx_word' id='word_1_46' title='bbox 885 933 970 982; x_wconf 91' lang='lat' dir='ltr'><strong>est</strong></span> <span class='ocrx_word' id='word_1_47' title='bbox 1026 928 1222 981; x_wconf 89' lang='lat' dir='ltr'><strong>horqu</strong></span> <span class='ocrx_word' id='word_1_48' title='bbox 1292 939 1570 999; x_wconf 76' lang='lat' dir='ltr'><strong>gesturum</strong></span> <span class='ocrx_word' id='word_1_49' title='bbox 1624 929 1856 984; x_wconf 90' lang='lat' dir='ltr'><strong>historia</strong></span> <span class='ocrx_word' id='word_1_50' title='bbox 1921 930 2030 995; x_wconf 89' lang='lat' dir='ltr'><strong>illa,</strong></span> 
     </span>
    </p>
   </div>
   <div class='ocr_carea' id='block_1_11' title="bbox 453 1019 2033 1089">
    <p class='ocr_par' dir='ltr' id='par_1_11' title="bbox 453 1019 2033 1089">
     <span class='ocr_line' id='line_1_11' title="bbox 453 1019 2033 1089; baseline 0.003 -18"><span class='ocrx_word' id='word_1_51' title='bbox 453 1033 573 1088; x_wconf 69' lang='lat' dir='ltr'><strong>qua:</strong></span> <span class='ocrx_word' id='word_1_52' title='bbox 606 1019 779 1087; x_wconf 89' lang='lat' dir='ltr'><strong>prima</strong></span> <span class='ocrx_word' id='word_1_53' title='bbox 799 1019 982 1088; x_wconf 81' lang='lat' dir='ltr'><strong>gaudii</strong></span> <span class='ocrx_word' id='word_1_54' title='bbox 1007 1021 1202 1074; x_wconf 87' lang='lat' dir='ltr'><strong>nuntia</strong></span> <span class='ocrx_word' id='word_1_55' title='bbox 1233 1020 1301 1074; x_wconf 89' lang='lat' dir='ltr'><strong>iis</strong></span> <span class='ocrx_word' id='word_1_56' title='bbox 1326 1028 1711 1084; x_wconf 80' lang='lat' dir='ltr'><strong>connumezat,</strong></span> <span class='ocrx_word' id='word_1_57' title='bbox 1736 1037 1856 1089; x_wconf 76' lang='lat' dir='ltr'><strong>quae</strong></span> <span class='ocrx_word' id='word_1_58' title='bbox 1877 1033 2033 1076; x_wconf 68' lang='lat' dir='ltr'><strong>extra</strong></span> 
     </span>
    </p>
   </div>
   <div class='ocr_carea' id='block_1_12' title="bbox 454 1108 2035 1180">
    <p class='ocr_par' dir='ltr' id='par_1_12' title="bbox 454 1108 2035 1180">
     <span class='ocr_line' id='line_1_12' title="bbox 454 1108 2035 1180; baseline 0.003 -19"><span class='ocrx_word' id='word_1_59' title='bbox 454 1108 694 1177; x_wconf 79' lang='lat' dir='ltr'><strong>Virginis</strong></span> <span class='ocrx_word' id='word_1_60' title='bbox 721 1109 943 1162; x_wconf 90' lang='lat' dir='ltr'><strong>dmnum</strong></span> <span class='ocrx_word' id='word_1_61' title='bbox 974 1111 1396 1180; x_wconf 82' lang='lat' dir='ltr'><strong>(contigerunt).</strong></span> <span class='ocrx_word' id='word_1_62' title='bbox 1429 1111 1540 1164; x_wconf 83' lang='lat' dir='ltr'><strong>Etsi</strong></span> <span class='ocrx_word' id='word_1_63' title='bbox 1576 1111 1725 1164; x_wconf 88' lang='lat' dir='ltr'><strong>enim</strong></span> <span class='ocrx_word' id='word_1_64' title='bbox 1768 1111 2035 1165; x_wconf 75' lang='lat' dir='ltr'><strong>divinitus</strong></span> 
     </span>
    </p>
   </div>
   <div class='ocr_carea' id='block_1_13' title="bbox 456 1201 2030 1275">
    <p class='ocr_par' dir='ltr' id='par_1_13' title="bbox 456 1201 2030 1275">
     <span class='ocr_line' id='line_1_13' title="bbox 456 1201 2030 1275; baseline 0.002 -19"><span class='ocrx_word' id='word_1_65' title='bbox 456 1201 670 1256; x_wconf 77' lang='lat' dir='ltr'><strong>amatus</strong></span> <span class='ocrx_word' id='word_1_66' title='bbox 732 1203 1066 1272; x_wconf 69' lang='lat' dir='ltr'><strong>evangelista</strong></span> <span class='ocrx_word' id='word_1_67' title='bbox 1127 1205 1272 1260; x_wconf 88' lang='lat' dir='ltr'><strong>illius</strong></span> <span class='ocrx_word' id='word_1_68' title='bbox 1321 1205 1700 1258; x_wconf 88' lang='lat' dir='ltr'><strong>tantummodo</strong></span> <span class='ocrx_word' id='word_1_69' title='bbox 1748 1205 2030 1275; x_wconf 82' lang='lat' dir='ltr'><strong>colloquii,</strong></span> 
     </span>
    </p>
   </div>
   <div class='ocr_carea' id='block_1_14' title="bbox 457 1294 2032 1372">
    <p class='ocr_par' dir='ltr' id='par_1_14' title="bbox 457 1294 2032 1372">
     <span class='ocr_line' id='line_1_14' title="bbox 457 1294 2032 1372; baseline 0.004 -26"><span class='ocrx_word' id='word_1_70' title='bbox 457 1294 604 1362; x_wconf 90' lang='lat' dir='ltr'><strong>quod</strong></span> <span class='ocrx_word' id='word_1_71' title='bbox 673 1296 814 1349; x_wconf 85' lang='lat' dir='ltr'><strong>intra</strong></span> <span class='ocrx_word' id='word_1_72' title='bbox 875 1295 1099 1350; x_wconf 90' lang='lat' dir='ltr'><strong>domum</strong></span> <span class='ocrx_word' id='word_1_73' title='bbox 1169 1297 1533 1372; x_wconf 70' lang='lat' dir='ltr'><strong>arcliangelus</strong></span> <span class='ocrx_word' id='word_1_74' title='bbox 1589 1298 1804 1364; x_wconf 83' lang='lat' dir='ltr'><strong>habuit,</strong></span> <span class='ocrx_word' id='word_1_75' title='bbox 1864 1299 2032 1354; x_wconf 70' lang='lat' dir='ltr'><strong>verba</strong></span> 
     </span>
    </p>
   </div>
   <div class='ocr_carea' id='block_1_15' title="bbox 459 1377 2036 1468">
    <p class='ocr_par' dir='ltr' id='par_1_15' title="bbox 459 1377 2036 1468">
     <span class='ocr_line' id='line_1_15' title="bbox 459 1377 2036 1468; baseline 0.004 -30"><span class='ocrx_word' id='word_1_76' title='bbox 459 1383 678 1453; x_wconf 82' lang='lat' dir='ltr'><strong>scriptis</strong></span> <span class='ocrx_word' id='word_1_77' title='bbox 713 1384 1151 1454; x_wconf 83' lang='lat' dir='ltr'><strong>eonsignaverit;</strong></span> <span class='ocrx_word' id='word_1_78' title='bbox 1181 1395 1238 1440; x_wconf 90' lang='lat' dir='ltr'><strong>at</strong></span> <span class='ocrx_word' id='word_1_79' title='bbox 1260 1377 1363 1440; x_wconf 83' lang='lat' dir='ltr'><strong>alia</strong></span> <span class='ocrx_word' id='word_1_80' title='bbox 1401 1389 1637 1457; x_wconf 89' lang='lat' dir='ltr'><strong>plurima</strong></span> <span class='ocrx_word' id='word_1_81' title='bbox 1667 1389 1956 1468; x_wconf 65' lang='lat' dir='ltr'><strong>brevitatis</strong></span> <span class='ocrx_word' id='word_1_82' title='bbox 1979 1399 2036 1445; x_wconf 89' lang='lat' dir='ltr'><strong>et</strong></span> 
     </span>
    </p>
   </div>
   <div class='ocr_carea' id='block_1_16' title="bbox 387 1455 2035 1549">
    <p class='ocr_par' dir='ltr' id='par_1_16' title="bbox 387 1455 2035 1549">
     <span class='ocr_line' id='line_1_16' title="bbox 387 1455 2035 1549; baseline 0.004 -21"><span class='ocrx_word' id='word_1_83' title='bbox 387 1455 391 1459; x_wconf 45' lang='grc'><strong>’</strong></span> <span class='ocrx_word' id='word_1_84' title='bbox 459 1473 772 1542; x_wconf 89' lang='lat' dir='ltr'><strong>compendii</strong></span> <span class='ocrx_word' id='word_1_85' title='bbox 828 1490 1013 1540; x_wconf 87' lang='lat' dir='ltr'><strong>causa,</strong></span> <span class='ocrx_word' id='word_1_86' title='bbox 1067 1484 1128 1529; x_wconf 91' lang='lat' dir='ltr'><strong>ut</strong></span> <span class='ocrx_word' id='word_1_87' title='bbox 1179 1484 1333 1547; x_wconf 90' lang='lat' dir='ltr'><strong>puto,</strong></span> <span class='ocrx_word' id='word_1_88' title='bbox 1399 1455 1783 1546; x_wconf 25' lang='lat' dir='ltr'><strong>praetermisit”,</strong></span> <span class='ocrx_word' id='word_1_89' title='bbox 1847 1481 2035 1549; x_wconf 89' lang='lat' dir='ltr'><strong>prouti</strong></span> 
     </span>
    </p>
   </div>
   <div class='ocr_carea' id='block_1_17' title="bbox 461 1562 1464 1632">
    <p class='ocr_par' dir='ltr' id='par_1_17' title="bbox 461 1562 1464 1632">
     <span class='ocr_line' id='line_1_17' title="bbox 461 1562 1464 1632; baseline 0.004 -16"><span class='ocrx_word' id='word_1_90' title='bbox 461 1562 626 1617; x_wconf 90' lang='lat' dir='ltr'><strong>etiam</strong></span> <span class='ocrx_word' id='word_1_91' title='bbox 660 1563 841 1632; x_wconf 83' lang='lat' dir='ltr'><strong>quoad</strong></span> <span class='ocrx_word' id='word_1_92' title='bbox 879 1564 982 1618; x_wconf 88' lang='lat' dir='ltr'><strong>alia</strong></span> <span class='ocrx_word' id='word_1_93' title='bbox 1013 1565 1464 1622; x_wconf 89' lang='lat' dir='ltr'><strong>adverterelicet.</strong></span> 
     </span>
    </p>
   </div>
   <div class='ocr_carea' id='block_1_18' title="bbox 525 1654 2038 1731">
    <p class='ocr_par' dir='ltr' id='par_1_18' title="bbox 525 1654 2038 1731">
     <span class='ocr_line' id='line_1_18' title="bbox 525 1654 2038 1731; baseline 0.007 -24"><span class='ocrx_word' id='word_1_94' title='bbox 525 1654 672 1708; x_wconf 84' lang='lat' dir='ltr'><strong>Sane</strong></span> <span class='ocrx_word' id='word_1_95' title='bbox 702 1655 1186 1724; x_wconf 82' lang='lat' dir='ltr'><strong>quemadmodum,</strong></span> <span class='ocrx_word' id='word_1_96' title='bbox 1222 1657 1350 1712; x_wconf 91' lang='lat' dir='ltr'><strong>dum</strong></span> <span class='ocrx_word' id='word_1_97' title='bbox 1382 1659 1436 1713; x_wconf 92' lang='lat' dir='ltr'><strong>in</strong></span> <span class='ocrx_word' id='word_1_98' title='bbox 1487 1661 1797 1731; x_wconf 70' lang='lat' dir='ltr'><strong>cuiuspiam</strong></span> <span class='ocrx_word' id='word_1_99' title='bbox 1838 1661 2038 1719; x_wconf 85' lang='lat' dir='ltr'><strong>domus</strong></span> 
     </span>
    </p>
   </div>
   <div class='ocr_carea' id='block_1_19' title="bbox 465 1743 2039 1816">
    <p class='ocr_par' dir='ltr' id='par_1_19' title="bbox 465 1743 2039 1816">
     <span class='ocr_line' id='line_1_19' title="bbox 465 1743 2039 1816; baseline 0.008 -19"><span class='ocrx_word' id='word_1_100' title='bbox 465 1743 825 1802; x_wconf 87' lang='lat' dir='ltr'><strong>interioribus</strong></span> <span class='ocrx_word' id='word_1_101' title='bbox 860 1746 1064 1802; x_wconf 87' lang='lat' dir='ltr'><strong>inclusi</strong></span> <span class='ocrx_word' id='word_1_102' title='bbox 1101 1765 1408 1816; x_wconf 87' lang='lat' dir='ltr'><strong>manemus,</strong></span> <span class='ocrx_word' id='word_1_103' title='bbox 1436 1761 1512 1816; x_wconf 89' lang='lat' dir='ltr'><strong>et,</strong></span> <span class='ocrx_word' id='word_1_104' title='bbox 1535 1754 1749 1808; x_wconf 91' lang='lat' dir='ltr'><strong>cunctis</strong></span> <span class='ocrx_word' id='word_1_105' title='bbox 1767 1757 1913 1810; x_wconf 88' lang='lat' dir='ltr'><strong>circa</strong></span> <span class='ocrx_word' id='word_1_106' title='bbox 1937 1770 2039 1810; x_wconf 89' lang='lat' dir='ltr'><strong>nos</strong></span> 
     </span>
    </p>
   </div>
   <div class='ocr_carea' id='block_1_20' title="bbox 2136 567 2860 640">
    <p class='ocr_par' dir='ltr' id='par_1_20' title="bbox 2136 567 2860 640">
     <span class='ocr_line' id='line_1_20' title="bbox 2136 567 2860 640; baseline 0.011 -21"><span class='ocrx_word' id='word_1_107' title='bbox 2136 567 2214 636; x_wconf 79' lang='grc' dir='ltr'>τῷ</span> <span class='ocrx_word' id='word_1_108' title='bbox 2242 571 2531 640; x_wconf 72' lang='grc' dir='ltr'><strong>πράγματι</strong></span> <span class='ocrx_word' id='word_1_109' title='bbox 2558 573 2745 626; x_wconf 75' lang='grc' dir='ltr'>διεσκό</span> <span class='ocrx_word' id='word_1_110' title='bbox 2757 591 2860 628; x_wconf 85' lang='grc' dir='ltr'>πει.</span> 
     </span>
    </p>
   </div>
   <div class='ocr_carea' id='block_1_21' title="bbox 2211 835 3713 912">
    <p class='ocr_par' dir='ltr' id='par_1_21' title="bbox 2211 835 3713 912">
     <span class='ocr_line' id='line_1_21' title="bbox 2211 835 3713 912; baseline 0.003 -24"><span class='ocrx_word' id='word_1_111' title='bbox 2211 835 2372 889; x_wconf 79' lang='grc' dir='ltr'>Ὅθεν</span> <span class='ocrx_word' id='word_1_112' title='bbox 2406 853 2496 905; x_wconf 88' lang='grc' dir='ltr'><strong>μοι</strong></span> <span class='ocrx_word' id='word_1_113' title='bbox 2526 839 2713 902; x_wconf 79' lang='grc' dir='ltr'>σαφῶς</span> <span class='ocrx_word' id='word_1_114' title='bbox 2743 839 2910 906; x_wconf 79' lang='grc' dir='ltr'>δοκεῖ,</span> <span class='ocrx_word' id='word_1_115' title='bbox 2941 841 3071 912; x_wconf 71' lang='grc' dir='ltr'>περὶ</span> <span class='ocrx_word' id='word_1_116' title='bbox 3107 845 3314 895; x_wconf 81' lang='grc' dir='ltr'>τούτων</span> <span class='ocrx_word' id='word_1_117' title='bbox 3343 841 3442 908; x_wconf 71' lang='grc' dir='ltr'>τὴν</span> <span class='ocrx_word' id='word_1_118' title='bbox 3470 841 3713 910; x_wconf 77' lang='grc' dir='ltr'><strong>ἱστορίαν</strong></span> 
     </span>
    </p>
   </div>
   <div class='ocr_carea' id='block_1_22' title="bbox 2138 923 3711 999">
    <p class='ocr_par' dir='ltr' id='par_1_22' title="bbox 2138 923 3711 999">
     <span class='ocr_line' id='line_1_22' title="bbox 2138 923 3711 999; baseline 0.005 -23"><span class='ocrx_word' id='word_1_119' title='bbox 2138 923 2499 994; x_wconf 83' lang='grc' dir='ltr'>διαλελὲχθαι,</span> <span class='ocrx_word' id='word_1_120' title='bbox 2537 928 2673 997; x_wconf 76' lang='grc' dir='ltr'>πρὸς</span> <span class='ocrx_word' id='word_1_121' title='bbox 2722 931 2838 992; x_wconf 76' lang='grc' dir='ltr'>τοῖς</span> <span class='ocrx_word' id='word_1_122' title='bbox 2889 930 3045 994; x_wconf 71' lang='grc' dir='ltr'>ἐκτὸς</span> <span class='ocrx_word' id='word_1_123' title='bbox 3076 931 3170 984; x_wconf 76' lang='grc' dir='ltr'><strong>τοῦ</strong></span> <span class='ocrx_word' id='word_1_124' title='bbox 3199 931 3352 984; x_wconf 79' lang='grc' dir='ltr'>οίκου</span> <span class='ocrx_word' id='word_1_125' title='bbox 3378 933 3446 982; x_wconf 77' lang='grc' dir='ltr'>τὰ</span> <span class='ocrx_word' id='word_1_126' title='bbox 3484 931 3582 999; x_wconf 80' lang='grc' dir='ltr'>τῆς</span> <span class='ocrx_word' id='word_1_127' title='bbox 3613 949 3711 997; x_wconf 83' lang='grc' dir='ltr'>χα-</span> 
     </span>
    </p>
   </div>
   <div class='ocr_carea' id='block_1_23' title="bbox 2142 1017 3717 1093">
    <p class='ocr_par' dir='ltr' id='par_1_23' title="bbox 2142 1017 3717 1093">
     <span class='ocr_line' id='line_1_23' title="bbox 2142 1017 3717 1093; baseline 0.002 -24"><span class='ocrx_word' id='word_1_128' title='bbox 2142 1017 2240 1084; x_wconf 82' lang='grc' dir='ltr'>ρᾶς</span> <span class='ocrx_word' id='word_1_129' title='bbox 2293 1018 2556 1088; x_wconf 86' lang='grc' dir='ltr'>προοίμια</span> <span class='ocrx_word' id='word_1_130' title='bbox 2613 1021 3034 1093; x_wconf 76' lang='grc' dir='ltr'>ὑποτιθεμένην.</span> <span class='ocrx_word' id='word_1_131' title='bbox 3087 1022 3150 1075; x_wconf 77' lang='grc' dir='ltr'><strong>Εἰ</strong></span> <span class='ocrx_word' id='word_1_132' title='bbox 3203 1023 3312 1092; x_wconf 79' lang='grc' dir='ltr'><strong>γὰρ</strong></span> <span class='ocrx_word' id='word_1_133' title='bbox 3346 1025 3437 1075; x_wconf 75' lang='grc' dir='ltr'>καὶ</span> <span class='ocrx_word' id='word_1_134' title='bbox 3479 1023 3647 1090; x_wconf 66' lang='grc' dir='ltr'>μόνης</span> <span class='ocrx_word' id='word_1_135' title='bbox 3687 1021 3717 1072; x_wconf 80' lang='grc' dir='ltr'><strong>ὁ</strong></span> 
     </span>
    </p>
   </div>
   <div class='ocr_carea' id='block_1_24' title="bbox 2142 1109 3714 1185">
    <p class='ocr_par' dir='ltr' id='par_1_24' title="bbox 2142 1109 3714 1185">
     <span class='ocr_line' id='line_1_24' title="bbox 2142 1109 3714 1185; baseline 0.001 -23"><span class='ocrx_word' id='word_1_136' title='bbox 2142 1109 2424 1173; x_wconf 72' lang='grc' dir='ltr'><strong>θεσπέσιος</strong></span> <span class='ocrx_word' id='word_1_137' title='bbox 2476 1112 2869 1183; x_wconf 83' lang='grc' dir='ltr'>εὑαγγελιστὴς</span> <span class='ocrx_word' id='word_1_138' title='bbox 2906 1114 3005 1185; x_wconf 84' lang='grc' dir='ltr'>τῆς</span> <span class='ocrx_word' id='word_1_139' title='bbox 3043 1115 3101 1167; x_wconf 79' lang='grc' dir='ltr'><strong>ὲν</strong></span> <span class='ocrx_word' id='word_1_140' title='bbox 3155 1113 3230 1184; x_wconf 77' lang='grc' dir='ltr'>τῷ</span> <span class='ocrx_word' id='word_1_141' title='bbox 3259 1117 3395 1183; x_wconf 72' lang='grc' dir='ltr'>οἴκῳ</span> <span class='ocrx_word' id='word_1_142' title='bbox 3422 1114 3714 1176; x_wconf 55' lang='lat' dir='ltr'><strong>malitiam;</strong></span> 
     </span>
    </p>
   </div>
   <div class='ocr_carea' id='block_1_25' title="bbox 2141 1198 3718 1275">
    <p class='ocr_par' dir='ltr' id='par_1_25' title="bbox 2141 1198 3718 1275">
     <span class='ocr_line' id='line_1_25' title="bbox 2141 1198 3718 1275; baseline 0.003 -24"><span class='ocrx_word' id='word_1_143' title='bbox 2141 1198 2237 1251; x_wconf 82' lang='grc' dir='ltr'><strong>τοῦ</strong></span> <span class='ocrx_word' id='word_1_144' title='bbox 2267 1201 2608 1270; x_wconf 68' lang='grc' dir='ltr'>ἀρχαγγέλου</span> <span class='ocrx_word' id='word_1_145' title='bbox 2639 1204 2765 1266; x_wconf 76' lang='grc' dir='ltr'>τοὺς</span> <span class='ocrx_word' id='word_1_146' title='bbox 2795 1203 2988 1271; x_wconf 79' lang='grc' dir='ltr'>λόγους</span> <span class='ocrx_word' id='word_1_147' title='bbox 3044 1203 3384 1275; x_wconf 77' lang='grc' dir='ltr'>ὑπέγραψεν,</span> <span class='ocrx_word' id='word_1_148' title='bbox 3417 1203 3552 1255; x_wconf 83' lang='grc' dir='ltr'>ἀλλὰ</span> <span class='ocrx_word' id='word_1_149' title='bbox 3584 1202 3718 1271; x_wconf 79' lang='grc' dir='ltr'>βρα-</span> 
     </span>
    </p>
   </div>
   <div class='ocr_carea' id='block_1_26' title="bbox 2142 1293 3719 1369">
    <p class='ocr_par' dir='ltr' id='par_1_26' title="bbox 2142 1293 3719 1369">
     <span class='ocr_line' id='line_1_26' title="bbox 2142 1293 3719 1369; baseline 0.003 -22"><span class='ocrx_word' id='word_1_150' title='bbox 2142 1294 2420 1365; x_wconf 86' lang='grc' dir='ltr'>χυλογίας,</span> <span class='ocrx_word' id='word_1_151' title='bbox 2461 1293 2637 1366; x_wconf 82' lang='grc' dir='ltr'>οἶμαι,</span> <span class='ocrx_word' id='word_1_152' title='bbox 2693 1298 2793 1352; x_wconf 79' lang='grc' dir='ltr'><strong>καὶ</strong></span> <span class='ocrx_word' id='word_1_153' title='bbox 2837 1299 3130 1367; x_wconf 90' lang='grc' dir='ltr'>συντομίας</span> <span class='ocrx_word' id='word_1_154' title='bbox 3175 1299 3337 1369; x_wconf 80' lang='grc' dir='ltr'>χάριν</span> <span class='ocrx_word' id='word_1_155' title='bbox 3370 1301 3438 1352; x_wconf 71' lang='grc' dir='ltr'><strong>τὰ</strong></span> <span class='ocrx_word' id='word_1_156' title='bbox 3491 1300 3719 1351; x_wconf 82' lang='grc' dir='ltr'>πλεῖστα</span> 
     </span>
    </p>
   </div>
   <div class='ocr_carea' id='block_1_27' title="bbox 2144 1377 3454 1470">
    <p class='ocr_par' dir='ltr' id='par_1_27' title="bbox 2144 1377 3454 1470">
     <span class='ocr_line' id='line_1_27' title="bbox 2144 1377 3454 1470; baseline 0.005 -31"><span class='ocrx_word' id='word_1_157' title='bbox 2144 1388 2520 1459; x_wconf 80' lang='grc' dir='ltr'><strong>παρέδραμεν,</strong></span> <span class='ocrx_word' id='word_1_158' title='bbox 2551 1390 2625 1454; x_wconf 86' lang='grc' dir='ltr'>ὡς</span> <span class='ocrx_word' id='word_1_159' title='bbox 2661 1391 2754 1444; x_wconf 77' lang='grc' dir='ltr'>καὶ</span> <span class='ocrx_word' id='word_1_160' title='bbox 2792 1393 2848 1444; x_wconf 78' lang='grc' dir='ltr'>ἐν</span> <span class='ocrx_word' id='word_1_161' title='bbox 2884 1391 3062 1470; x_wconf 77' lang='grc' dir='ltr'>ἄλλοις</span> <span class='ocrx_word' id='word_1_162' title='bbox 3096 1377 3210 1444; x_wconf 74' lang='grc' dir='ltr'>ἔστι</span> <span class='ocrx_word' id='word_1_163' title='bbox 3243 1392 3454 1462; x_wconf 77' lang='grc' dir='ltr'>μαθεῖν.</span> 
     </span>
    </p>
   </div>
   <div class='ocr_carea' id='block_1_28' title="bbox 2228 1656 3720 1729">
    <p class='ocr_par' dir='ltr' id='par_1_28' title="bbox 2228 1656 3720 1729">
     <span class='ocr_line' id='line_1_28' title="bbox 2228 1656 3720 1729; baseline 0.025 -45"><span class='ocrx_word' id='word_1_164' title='bbox 2228 1657 2316 1720; x_wconf 66' lang='grc' dir='ltr'>Ὦς</span> <span class='ocrx_word' id='word_1_165' title='bbox 2341 1657 2450 1729; x_wconf 67' lang='grc' dir='ltr'><strong>γὰρ</strong></span> <span class='ocrx_word' id='word_1_166' title='bbox 2481 1656 2631 1711; x_wconf 58' lang='grc' dir='ltr'><strong>ἔνδον</strong></span> <span class='ocrx_word' id='word_1_167' title='bbox 2657 1658 2819 1728; x_wconf 68' lang='grc' dir='ltr'>ἡμεῖς</span> <span class='ocrx_word' id='word_1_168' title='bbox 2853 1660 2911 1712; x_wconf 72' lang='grc' dir='ltr'><strong>ὲν</strong></span> <span class='ocrx_word' id='word_1_169' title='bbox 2959 1659 3107 1729; x_wconf 81' lang='grc' dir='ltr'>οίκίᾳ</span> <span class='ocrx_word' id='word_1_170' title='bbox 3135 1657 3243 1712; x_wconf 73' lang='grc' dir='ltr'>τινὶ</span> <span class='ocrx_word' id='word_1_171' title='bbox 3277 1657 3720 1726; x_wconf 68' lang='grc' dir='ltr'>καθειρχθέντεςν</span> 
     </span>
    </p>
   </div>
   <div class='ocr_carea' id='block_1_29' title="bbox 2146 1747 3726 1818">
    <p class='ocr_par' dir='ltr' id='par_1_29' title="bbox 2146 1747 3726 1818">
     <span class='ocr_line' id='line_1_29' title="bbox 2146 1747 3726 1818; baseline -0.001 -18"><span class='ocrx_word' id='word_1_172' title='bbox 2146 1747 2241 1800; x_wconf 57' lang='grc' dir='ltr'><strong>καὶ⁸</strong></span> <span class='ocrx_word' id='word_1_173' title='bbox 2271 1748 2501 1817; x_wconf 76' lang='grc' dir='ltr'><strong>ἡσυχίαν</strong></span> <span class='ocrx_word' id='word_1_174' title='bbox 2531 1747 2753 1818; x_wconf 76' lang='grc' dir='ltr'><strong>βαθεῖαν</strong></span> <span class='ocrx_word' id='word_1_175' title='bbox 2781 1751 2845 1802; x_wconf 84' lang='grc' dir='ltr'>ἐκ</span> <span class='ocrx_word' id='word_1_176' title='bbox 2877 1750 3093 1802; x_wconf 71' lang='grc' dir='ltr'>πάντων</span> <span class='ocrx_word' id='word_1_177' title='bbox 3126 1751 3371 1816; x_wconf 77' lang='grc' dir='ltr'>ἄγοντες,</span> <span class='ocrx_word' id='word_1_178' title='bbox 3401 1747 3495 1801; x_wconf 83' lang='grc' dir='ltr'><strong>τοῦ</strong></span> <span class='ocrx_word' id='word_1_179' title='bbox 3529 1747 3726 1816; x_wconf 80' lang='grc' dir='ltr'>ἁθρόον</span> 
     </span>
    </p>
   </div>
   <div class='ocr_carea' id='block_1_30' title="bbox 468 1835 2051 1916">
    <p class='ocr_par' dir='ltr' id='par_1_30' title="bbox 468 1835 2044 1916">
     <span class='ocr_line' id='line_1_30' title="bbox 468 1835 2044 1916; baseline 0.01 -29"><span class='ocrx_word' id='word_1_180' title='bbox 468 1835 671 1900; x_wconf 80' lang='lat' dir='ltr'><strong>tacitis,</strong></span> <span class='ocrx_word' id='word_1_181' title='bbox 695 1838 1008 1892; x_wconf 85' lang='lat' dir='ltr'><strong>omnimoda</strong></span> <span class='ocrx_word' id='word_1_182' title='bbox 1042 1842 1200 1908; x_wconf 85' lang='lat' dir='ltr'><strong>quies</strong></span> <span class='ocrx_word' id='word_1_183' title='bbox 1217 1842 1455 1906; x_wconf 88' lang='lat' dir='ltr'><strong>obtinet,</strong></span> <span class='ocrx_word' id='word_1_184' title='bbox 1481 1844 1526 1898; x_wconf 86' lang='lat' dir='ltr'><strong>si</strong></span> <span class='ocrx_word' id='word_1_185' title='bbox 1562 1860 1791 1914; x_wconf 85' lang='lat' dir='ltr'><strong>magnus</strong></span> <span class='ocrx_word' id='word_1_186' title='bbox 1817 1855 2044 1916; x_wconf 88' lang='lat' dir='ltr'><strong>repente</strong></span> 
     </span>
    </p>
   </div>
   <div class='ocr_carea' id='block_1_31' title="bbox 2158 1835 3726 1916">
    <p class='ocr_par' dir='ltr' id='par_1_31' title="bbox 2158 1837 3726 1913">
     <span class='ocr_line' id='line_1_31' title="bbox 2158 1837 3726 1913; baseline -0.003 -19"><span class='ocrx_word' id='word_1_187' title='bbox 2158 1843 2442 1911; x_wconf 76' lang='grc' dir='ltr'><strong>γενομένου</strong></span> <span class='ocrx_word' id='word_1_188' title='bbox 2464 1840 2712 1912; x_wconf 79' lang='grc' dir='ltr'>ψόφου,ἦ</span> <span class='ocrx_word' id='word_1_189' title='bbox 2746 1845 2931 1912; x_wconf 45' lang='grc' dir='ltr'>φωνῆς</span> <span class='ocrx_word' id='word_1_190' title='bbox 2950 1841 3162 1913; x_wconf 81' lang='grc' dir='ltr'>τρανῶς</span> <span class='ocrx_word' id='word_1_191' title='bbox 3186 1837 3515 1911; x_wconf 73' lang='grc' dir='ltr'><strong>ἐνεχθείσης,</strong></span> <span class='ocrx_word' id='word_1_192' title='bbox 3531 1839 3726 1892; x_wconf 80' lang='grc' dir='ltr'>εἰώθα-</span> 
     </span>
    </p>
   </div>
   <div class='ocr_carea' id='block_1_32' title="bbox 465 1925 2044 2003">
    <p class='ocr_par' dir='ltr' id='par_1_32' title="bbox 465 1925 2044 2003">
     <span class='ocr_line' id='line_1_32' title="bbox 465 1925 2044 2003; baseline 0.008 -24"><span class='ocrx_word' id='word_1_193' title='bbox 465 1925 648 1996; x_wconf 82' lang='lat' dir='ltr'><strong>fragor</strong></span> <span class='ocrx_word' id='word_1_194' title='bbox 677 1929 972 1996; x_wconf 64' lang='lat' dir='ltr'><strong>cacitetur,</strong></span> <span class='ocrx_word' id='word_1_195' title='bbox 999 1939 1094 1985; x_wconf 88' lang='lat' dir='ltr'><strong>aut</strong></span> <span class='ocrx_word' id='word_1_196' title='bbox 1119 1931 1418 1988; x_wconf 84' lang='lat' dir='ltr'><strong>vehemens</strong></span> <span class='ocrx_word' id='word_1_197' title='bbox 1445 1936 1706 2003; x_wconf 84' lang='lat' dir='ltr'><strong>percellat</strong></span> <span class='ocrx_word' id='word_1_198' title='bbox 1731 1953 1833 1991; x_wconf 61' lang='lat' dir='ltr'><strong>vos</strong></span> <span class='ocrx_word' id='word_1_199' title='bbox 1859 1953 2044 2002; x_wconf 88' lang='lat' dir='ltr'><strong>aures,</strong></span> 
     </span>
    </p>
   </div>
   <div class='ocr_carea' id='block_1_33' title="bbox 464 2019 2046 2100">
    <p class='ocr_par' dir='ltr' id='par_1_33' title="bbox 464 2019 2046 2100">
     <span class='ocr_line' id='line_1_33' title="bbox 464 2019 2046 2100; baseline 0.01 -30"><span class='ocrx_word' id='word_1_200' title='bbox 464 2020 704 2087; x_wconf 86' lang='lat' dir='ltr'><strong>graviter</strong></span> <span class='ocrx_word' id='word_1_201' title='bbox 721 2019 859 2075; x_wconf 77' lang='lat' dir='ltr'><strong>allici</strong></span> <span class='ocrx_word' id='word_1_202' title='bbox 888 2024 1152 2089; x_wconf 83' lang='lat' dir='ltr'><strong>solemus,</strong></span> <span class='ocrx_word' id='word_1_203' title='bbox 1182 2033 1238 2078; x_wconf 91' lang='lat' dir='ltr'><strong>et</strong></span> <span class='ocrx_word' id='word_1_204' title='bbox 1267 2026 1762 2083; x_wconf 88' lang='lat' dir='ltr'><strong>vehementissimo</strong></span> <span class='ocrx_word' id='word_1_205' title='bbox 1802 2031 2046 2100; x_wconf 88' lang='lat' dir='ltr'><strong>correpti</strong></span> 
     </span>
    </p>
   </div>
   <div class='ocr_carea' id='block_1_34' title="bbox 465 2109 2048 2188">
    <p class='ocr_par' dir='ltr' id='par_1_34' title="bbox 465 2109 2048 2188">
     <span class='ocr_line' id='line_1_34' title="bbox 465 2109 2048 2188; baseline 0.008 -26"><span class='ocrx_word' id='word_1_206' title='bbox 465 2109 661 2162; x_wconf 88' lang='lat' dir='ltr'><strong>timore</strong></span> <span class='ocrx_word' id='word_1_207' title='bbox 701 2110 807 2164; x_wconf 86' lang='lat' dir='ltr'><strong>huc</strong></span> <span class='ocrx_word' id='word_1_208' title='bbox 839 2111 968 2165; x_wconf 93' lang='lat' dir='ltr'><strong>illuc</strong></span> <span class='ocrx_word' id='word_1_209' title='bbox 997 2113 1228 2183; x_wconf 87' lang='lat' dir='ltr'><strong>propelli</strong></span> <span class='ocrx_word' id='word_1_210' title='bbox 1257 2130 1271 2180; x_wconf 89' lang='lat'>;</span> <span class='ocrx_word' id='word_1_211' title='bbox 1304 2117 1587 2171; x_wconf 84' lang='lat' dir='ltr'><strong>multoties</strong></span> <span class='ocrx_word' id='word_1_212' title='bbox 1618 2133 1752 2172; x_wconf 88' lang='lat' dir='ltr'><strong>vero</strong></span> <span class='ocrx_word' id='word_1_213' title='bbox 1806 2120 2048 2188; x_wconf 73' lang='lat' dir='ltr'><strong>trepida-</strong></span> 
     </span>
    </p>
   </div>
   <div class='ocr_carea' id='block_1_35' title="bbox 464 2203 2047 2275">
    <p class='ocr_par' dir='ltr' id='par_1_35' title="bbox 464 2203 2047 2275">
     <span class='ocr_line' id='line_1_35' title="bbox 464 2203 2047 2275; baseline 0.008 -20"><span class='ocrx_word' id='word_1_214' title='bbox 464 2203 615 2259; x_wconf 89' lang='lat' dir='ltr'><strong>tione</strong></span> <span class='ocrx_word' id='word_1_215' title='bbox 639 2207 888 2275; x_wconf 89' lang='lat' dir='ltr'><strong>occupati</strong></span> <span class='ocrx_word' id='word_1_216' title='bbox 917 2207 1082 2261; x_wconf 90' lang='lat' dir='ltr'><strong>etiam</strong></span> <span class='ocrx_word' id='word_1_217' title='bbox 1111 2208 1257 2264; x_wconf 88' lang='lat' dir='ltr'><strong>foras</strong></span> <span class='ocrx_word' id='word_1_218' title='bbox 1288 2208 1356 2263; x_wconf 88' lang='lat' dir='ltr'><strong>ad</strong></span> <span class='ocrx_word' id='word_1_219' title='bbox 1413 2226 1601 2266; x_wconf 88' lang='lat' dir='ltr'><strong>casum</strong></span> <span class='ocrx_word' id='word_1_220' title='bbox 1654 2212 2047 2269; x_wconf 90' lang='lat' dir='ltr'><strong>declinandum</strong></span> 
     </span>
    </p>
   </div>
   <div class='ocr_carea' id='block_1_36' title="bbox 464 2296 2046 2370">
    <p class='ocr_par' dir='ltr' id='par_1_36' title="bbox 464 2296 2046 2370">
     <span class='ocr_line' id='line_1_36' title="bbox 464 2296 2046 2370; baseline 0.008 -21"><span class='ocrx_word' id='word_1_221' title='bbox 464 2296 728 2366; x_wconf 86' lang='lat' dir='ltr'><strong>aufugere</strong></span> <span class='ocrx_word' id='word_1_222' title='bbox 763 2299 1030 2366; x_wconf 87' lang='lat' dir='ltr'><strong>nitimur;</strong></span> <span class='ocrx_word' id='word_1_223' title='bbox 1068 2303 1290 2370; x_wconf 88' lang='lat' dir='ltr'><strong>quando</strong></span> <span class='ocrx_word' id='word_1_224' title='bbox 1318 2317 1452 2357; x_wconf 90' lang='lat' dir='ltr'><strong>vero</strong></span> <span class='ocrx_word' id='word_1_225' title='bbox 1497 2303 1632 2359; x_wconf 87' lang='lat' dir='ltr'><strong>foris</strong></span> <span class='ocrx_word' id='word_1_226' title='bbox 1657 2321 1973 2368; x_wconf 89' lang='lat' dir='ltr'><strong>versamur,</strong></span> <span class='ocrx_word' id='word_1_227' title='bbox 1996 2307 2046 2362; x_wconf 87' lang='lat' dir='ltr'><strong>si</strong></span> 
     </span>
    </p>
   </div>
   <div class='ocr_carea' id='block_1_37' title="bbox 466 2385 2049 2468">
    <p class='ocr_par' dir='ltr' id='par_1_37' title="bbox 466 2385 2049 2468">
     <span class='ocr_line' id='line_1_37' title="bbox 466 2385 2049 2468; baseline 0.011 -31"><span class='ocrx_word' id='word_1_228' title='bbox 466 2385 746 2456; x_wconf 76' lang='lat' dir='ltr'><strong>quidpiam</strong></span> <span class='ocrx_word' id='word_1_229' title='bbox 807 2392 1077 2460; x_wconf 86' lang='lat' dir='ltr'><strong>ejusmodi</strong></span> <span class='ocrx_word' id='word_1_230' title='bbox 1144 2393 1306 2448; x_wconf 88' lang='lat' dir='ltr'><strong>nobis</strong></span> <span class='ocrx_word' id='word_1_231' title='bbox 1356 2395 1658 2467; x_wconf 82' lang='lat' dir='ltr'><strong>contingat,</strong></span> <span class='ocrx_word' id='word_1_232' title='bbox 1715 2407 1836 2452; x_wconf 84' lang='lat' dir='ltr'><strong>utut</strong></span> <span class='ocrx_word' id='word_1_233' title='bbox 1885 2414 2049 2468; x_wconf 88' lang='lat' dir='ltr'><strong>grave</strong></span> 
     </span>
    </p>
   </div>
   <div class='ocr_carea' id='block_1_38' title="bbox 468 2471 2050 2546">
    <p class='ocr_par' dir='ltr' id='par_1_38' title="bbox 468 2471 2050 2546">
     <span class='ocr_line' id='line_1_38' title="bbox 468 2471 2050 2546; baseline 0.009 -20"><span class='ocrx_word' id='word_1_234' title='bbox 468 2471 602 2526; x_wconf 80' lang='lat' dir='ltr'><strong>illud</strong></span> <span class='ocrx_word' id='word_1_235' title='bbox 629 2472 702 2528; x_wconf 86' lang='lat' dir='ltr'><strong>sit</strong></span> <span class='ocrx_word' id='word_1_236' title='bbox 739 2489 803 2530; x_wconf 88' lang='lat' dir='ltr'><strong>ac</strong></span> <span class='ocrx_word' id='word_1_237' title='bbox 833 2487 1059 2546; x_wconf 85' lang='lat' dir='ltr'><strong>repente</strong></span> <span class='ocrx_word' id='word_1_238' title='bbox 1089 2479 1333 2546; x_wconf 75' lang='lat' dir='ltr'><strong>invadat,</strong></span> <span class='ocrx_word' id='word_1_239' title='bbox 1367 2483 1710 2540; x_wconf 87' lang='lat' dir='ltr'><strong>moderatius</strong></span> <span class='ocrx_word' id='word_1_240' title='bbox 1743 2501 1844 2541; x_wconf 91' lang='lat' dir='ltr'><strong>nos</strong></span> <span class='ocrx_word' id='word_1_241' title='bbox 1871 2497 2050 2542; x_wconf 89' lang='lat' dir='ltr'><strong>terror</strong></span> 
     </span>
    </p>
   </div>
   <div class='ocr_carea' id='block_1_39' title="bbox 468 2552 2047 2644">
    <p class='ocr_par' dir='ltr' id='par_1_39' title="bbox 468 2552 2047 2644">
     <span class='ocr_line' id='line_1_39' title="bbox 468 2552 2047 2644; baseline 0.01 -28"><span class='ocrx_word' id='word_1_242' title='bbox 468 2552 796 2630; x_wconf 81' lang='lat' dir='ltr'><strong>commovet,</strong></span> <span class='ocrx_word' id='word_1_243' title='bbox 827 2570 1030 2639; x_wconf 89' lang='lat' dir='ltr'><strong>quippe</strong></span> <span class='ocrx_word' id='word_1_244' title='bbox 1059 2578 1188 2626; x_wconf 93' lang='lat' dir='ltr'><strong>tunc</strong></span> <span class='ocrx_word' id='word_1_245' title='bbox 1215 2587 1408 2628; x_wconf 88' lang='lat' dir='ltr'><strong>sensus</strong></span> <span class='ocrx_word' id='word_1_246' title='bbox 1443 2573 1496 2628; x_wconf 93' lang='lat' dir='ltr'><strong>in</strong></span> <span class='ocrx_word' id='word_1_247' title='bbox 1533 2575 1686 2644; x_wconf 89' lang='lat' dir='ltr'><strong>plura</strong></span> <span class='ocrx_word' id='word_1_248' title='bbox 1722 2575 2047 2632; x_wconf 84' lang='lat' dir='ltr'><strong>distrahun-</strong></span> 
     </span>
    </p>
   </div>
   <div class='ocr_carea' id='block_1_40' title="bbox 472 2656 2046 2738">
    <p class='ocr_par' dir='ltr' id='par_1_40' title="bbox 472 2656 2046 2738">
     <span class='ocr_line' id='line_1_40' title="bbox 472 2656 2046 2738; baseline 0.011 -31"><span class='ocrx_word' id='word_1_249' title='bbox 472 2664 580 2718; x_wconf 85' lang='lat' dir='ltr'><strong>tur,</strong></span> <span class='ocrx_word' id='word_1_250' title='bbox 608 2672 710 2712; x_wconf 91' lang='lat' dir='ltr'><strong>nec</strong></span> <span class='ocrx_word' id='word_1_251' title='bbox 737 2659 964 2714; x_wconf 87' lang='lat' dir='ltr'><strong>moleste</strong></span> <span class='ocrx_word' id='word_1_252' title='bbox 998 2662 1081 2716; x_wconf 87' lang='lat' dir='ltr'><strong>vel</strong></span> <span class='ocrx_word' id='word_1_253' title='bbox 1131 2656 1394 2734; x_wconf 83' lang='lat' dir='ltr'><strong>ingentes</strong></span> <span class='ocrx_word' id='word_1_254' title='bbox 1417 2664 1664 2736; x_wconf 84' lang='lat' dir='ltr'><strong>fragores</strong></span> <span class='ocrx_word' id='word_1_255' title='bbox 1724 2669 2046 2738; x_wconf 84' lang='lat' dir='ltr'><strong>excipiunt;</strong></span> 
     </span>
    </p>
   </div>
   <div class='ocr_carea' id='block_1_41' title="bbox 468 2748 2051 2827">
    <p class='ocr_par' dir='ltr' id='par_1_41' title="bbox 468 2748 2051 2827">
     <span class='ocr_line' id='line_1_41' title="bbox 468 2748 2051 2827; baseline 0.01 -26"><span class='ocrx_word' id='word_1_256' title='bbox 468 2748 722 2805; x_wconf 86' lang='lat' dir='ltr'><strong>eumdem</strong></span> <span class='ocrx_word' id='word_1_257' title='bbox 759 2750 811 2804; x_wconf 91' lang='lat' dir='ltr'><strong>in</strong></span> <span class='ocrx_word' id='word_1_258' title='bbox 842 2753 1061 2807; x_wconf 88' lang='lat' dir='ltr'><strong>modqu</strong></span> <span class='ocrx_word' id='word_1_259' title='bbox 1096 2755 1187 2809; x_wconf 92' lang='lat' dir='ltr'><strong>illa</strong></span> <span class='ocrx_word' id='word_1_260' title='bbox 1233 2772 1451 2827; x_wconf 88' lang='lat' dir='ltr'><strong>quoque</strong></span> <span class='ocrx_word' id='word_1_261' title='bbox 1495 2759 1723 2827; x_wconf 84' lang='lat' dir='ltr'><strong>provide</strong></span> <span class='ocrx_word' id='word_1_262' title='bbox 1777 2770 1907 2816; x_wconf 89' lang='lat' dir='ltr'><strong>sunt</strong></span> <span class='ocrx_word' id='word_1_263' title='bbox 1938 2761 2051 2816; x_wconf 87' lang='lat' dir='ltr'><strong>dis-</strong></span> 
     </span>
    </p>
   </div>
   <div class='ocr_carea' id='block_1_42' title="bbox 476 2841 2048 2916">
    <p class='ocr_par' dir='ltr' id='par_1_42' title="bbox 476 2841 2048 2916">
     <span class='ocr_line' id='line_1_42' title="bbox 476 2841 2048 2916; baseline 0.01 -23"><span class='ocrx_word' id='word_1_264' title='bbox 476 2841 674 2910; x_wconf 89' lang='lat' dir='ltr'><strong>posita,</strong></span> <span class='ocrx_word' id='word_1_265' title='bbox 699 2858 820 2912; x_wconf 68' lang='lat' dir='ltr'><strong>quae</strong></span> <span class='ocrx_word' id='word_1_266' title='bbox 853 2844 922 2899; x_wconf 87' lang='lat' dir='ltr'><strong>ad</strong></span> <span class='ocrx_word' id='word_1_267' title='bbox 972 2847 1212 2916; x_wconf 83' lang='lat' dir='ltr'><strong>Virginis</strong></span> <span class='ocrx_word' id='word_1_268' title='bbox 1257 2850 1624 2906; x_wconf 65' lang='lat' dir='ltr'><strong>Immaculata:</strong></span> <span class='ocrx_word' id='word_1_269' title='bbox 1658 2854 2048 2910; x_wconf 82' lang='lat' dir='ltr'><strong>annuntiatio-</strong></span> 
     </span>
    </p>
   </div>
   <div class='ocr_carea' id='block_1_43' title="bbox 473 2937 2052 3006">
    <p class='ocr_par' dir='ltr' id='par_1_43' title="bbox 473 2937 2052 3006">
     <span class='ocr_line' id='line_1_43' title="bbox 473 2937 2052 3006; baseline 0.009 -19"><span class='ocrx_word' id='word_1_270' title='bbox 473 2947 598 2989; x_wconf 85' lang='lat' dir='ltr'><strong>nem</strong></span> <span class='ocrx_word' id='word_1_271' title='bbox 629 2937 969 3006; x_wconf 77' lang='lat' dir='ltr'><strong>Spectabant.</strong></span> <span class='ocrx_word' id='word_1_272' title='bbox 1003 2940 1217 2994; x_wconf 86' lang='lat' dir='ltr'><strong>Etenim</strong></span> <span class='ocrx_word' id='word_1_273' title='bbox 1253 2943 1298 2996; x_wconf 90' lang='lat' dir='ltr'><strong>si</strong></span> <span class='ocrx_word' id='word_1_274' title='bbox 1322 2944 1470 2998; x_wconf 89' lang='lat' dir='ltr'><strong>intus</strong></span> <span class='ocrx_word' id='word_1_275' title='bbox 1494 2945 1767 3000; x_wconf 88' lang='lat' dir='ltr'><strong>allocutus</strong></span> <span class='ocrx_word' id='word_1_276' title='bbox 1814 2961 1936 3001; x_wconf 90' lang='lat' dir='ltr'><strong>eam</strong></span> <span class='ocrx_word' id='word_1_277' title='bbox 1963 2963 2052 3002; x_wconf 83' lang='lat' dir='ltr'><strong>es-</strong></span> 
     </span>
    </p>
   </div>
   <div class='ocr_carea' id='block_1_44' title="bbox 473 3023 2052 3106">
    <p class='ocr_par' dir='ltr' id='par_1_44' title="bbox 473 3023 2052 3106">
     <span class='ocr_line' id='line_1_44' title="bbox 473 3023 2052 3106; baseline 0.008 -26"><span class='ocrx_word' id='word_1_278' title='bbox 473 3034 556 3080; x_wconf 87' lang='lat' dir='ltr'><strong>set</strong></span> <span class='ocrx_word' id='word_1_279' title='bbox 585 3023 826 3092; x_wconf 69' lang='lat' dir='ltr'><strong>Gabric-l,</strong></span> <span class='ocrx_word' id='word_1_280' title='bbox 861 3031 1167 3100; x_wconf 88' lang='lat' dir='ltr'><strong>periculum</strong></span> <span class='ocrx_word' id='word_1_281' title='bbox 1226 3033 1603 3103; x_wconf 80' lang='lat' dir='ltr'><strong>impendebat,</strong></span> <span class='ocrx_word' id='word_1_282' title='bbox 1635 3052 1702 3090; x_wconf 91' lang='lat' dir='ltr'><strong>ne</strong></span> <span class='ocrx_word' id='word_1_283' title='bbox 1737 3037 2052 3106; x_wconf 82' lang='lat' dir='ltr'><strong>(perturba-</strong></span> 
     </span>
    </p>
   </div>
   <div class='ocr_carea' id='block_1_45' title="bbox 2152 1932 3725 2004">
    <p class='ocr_par' dir='ltr' id='par_1_45' title="bbox 2152 1932 3725 2004">
     <span class='ocr_line' id='line_1_45' title="bbox 2152 1932 3725 2004; baseline -0.001 -18"><span class='ocrx_word' id='word_1_284' title='bbox 2152 1951 2251 2002; x_wconf 93' lang='grc' dir='ltr'><strong>μεν</strong></span> <span class='ocrx_word' id='word_1_285' title='bbox 2284 1934 2449 1999; x_wconf 81' lang='grc' dir='ltr'>ὀξέως</span> <span class='ocrx_word' id='word_1_286' title='bbox 2479 1935 3107 2004; x_wconf 73' lang='grc' dir='ltr'>ἁντιλαμϐἀνεσθαι,καὶ</span> <span class='ocrx_word' id='word_1_287' title='bbox 3135 1935 3480 2004; x_wconf 78' lang='grc' dir='ltr'><strong>σφοδροτάτῳ</strong></span> <span class='ocrx_word' id='word_1_288' title='bbox 3506 1932 3725 2000; x_wconf 83' lang='grc' dir='ltr'>δείματι</span> 
     </span>
    </p>
   </div>
   <div class='ocr_carea' id='block_1_46' title="bbox 2149 2023 3724 2096">
    <p class='ocr_par' dir='ltr' id='par_1_46' title="bbox 2149 2023 3724 2096">
     <span class='ocr_line' id='line_1_46' title="bbox 2149 2023 3724 2096; baseline -0.004 -16"><span class='ocrx_word' id='word_1_289' title='bbox 2149 2028 2522 2096; x_wconf 76' lang='grc' dir='ltr'><strong>συνεχόμενοι,</strong></span> <span class='ocrx_word' id='word_1_290' title='bbox 2590 2027 2990 2096; x_wconf 82' lang='grc' dir='ltr'>περιδονεῖσθαι</span> <span class='ocrx_word' id='word_1_291' title='bbox 3046 2024 3421 2095; x_wconf 75' lang='grc' dir='ltr'><strong>πανταχόθεν·</strong></span> <span class='ocrx_word' id='word_1_292' title='bbox 3461 2023 3724 2086; x_wconf 77' lang='grc' dir='ltr'>πολλάκις</span> 
     </span>
    </p>
   </div>
   <div class='ocr_carea' id='block_1_47' title="bbox 2149 2115 3728 2188">
    <p class='ocr_par' dir='ltr' id='par_1_47' title="bbox 2149 2115 3728 2188">
     <span class='ocr_line' id='line_1_47' title="bbox 2149 2115 3728 2188; baseline -0.003 -18"><span class='ocrx_word' id='word_1_293' title='bbox 2149 2118 2205 2170; x_wconf 83' lang='grc' dir='ltr'>δὲ</span> <span class='ocrx_word' id='word_1_294' title='bbox 2246 2117 2342 2171; x_wconf 81' lang='grc' dir='ltr'><strong>καὶ</strong></span> <span class='ocrx_word' id='word_1_295' title='bbox 2380 2117 2486 2170; x_wconf 79' lang='grc' dir='ltr'>ὑπὸ</span> <span class='ocrx_word' id='word_1_296' title='bbox 2516 2118 2756 2184; x_wconf 81' lang='grc' dir='ltr'><strong>ἀγωνίας</strong></span> <span class='ocrx_word' id='word_1_297' title='bbox 2791 2117 3263 2188; x_wconf 78' lang='grc' dir='ltr'>πολιορκούμενοι,</span> <span class='ocrx_word' id='word_1_298' title='bbox 3310 2115 3445 2184; x_wconf 76' lang='grc' dir='ltr'>πρὸς</span> <span class='ocrx_word' id='word_1_299' title='bbox 3473 2116 3539 2169; x_wconf 83' lang='grc' dir='ltr'>τὰ</span> <span class='ocrx_word' id='word_1_300' title='bbox 3568 2115 3728 2178; x_wconf 79' lang='grc' dir='ltr'>ἐκτὸς</span> 
     </span>
    </p>
   </div>
   <div class='ocr_carea' id='block_1_48' title="bbox 2151 2207 3728 2281">
    <p class='ocr_par' dir='ltr' id='par_1_48' title="bbox 2151 2207 3728 2281">
     <span class='ocr_line' id='line_1_48' title="bbox 2151 2207 3728 2281; baseline -0.003 -17"><span class='ocrx_word' id='word_1_301' title='bbox 2151 2210 2296 2264; x_wconf 80' lang='grc' dir='ltr'>θέειν</span> <span class='ocrx_word' id='word_1_302' title='bbox 2340 2211 2401 2263; x_wconf 86' lang='grc' dir='ltr'><strong>τὸ</strong></span> <span class='ocrx_word' id='word_1_303' title='bbox 2433 2211 2648 2281; x_wconf 74' lang='grc' dir='ltr'>συμϐὰν</span> <span class='ocrx_word' id='word_1_304' title='bbox 2680 2211 2954 2264; x_wconf 78' lang='grc' dir='ltr'>ἐκκλίνειν</span> <span class='ocrx_word' id='word_1_305' title='bbox 3001 2209 3367 2279; x_wconf 78' lang='grc' dir='ltr'>πειρώμενοι·</span> <span class='ocrx_word' id='word_1_306' title='bbox 3401 2208 3638 2277; x_wconf 81' lang='grc' dir='ltr'>ὁπηνίκα</span> <span class='ocrx_word' id='word_1_307' title='bbox 3670 2207 3728 2260; x_wconf 72' lang='grc' dir='ltr'>δὶ</span> 
     </span>
    </p>
   </div>
   <div class='ocr_carea' id='block_1_49' title="bbox 2151 2292 3726 2368">
    <p class='ocr_par' dir='ltr' id='par_1_49' title="bbox 2151 2292 3726 2368">
     <span class='ocr_line' id='line_1_49' title="bbox 2151 2292 3726 2368; baseline -0.005 -16"><span class='ocrx_word' id='word_1_308' title='bbox 2151 2302 2261 2362; x_wconf 84' lang='grc' dir='ltr'>τοῖς</span> <span class='ocrx_word' id='word_1_309' title='bbox 2284 2299 2484 2366; x_wconf 79' lang='grc' dir='ltr'>ἔξωθεν</span> <span class='ocrx_word' id='word_1_310' title='bbox 2505 2300 3102 2368; x_wconf 79' lang='grc' dir='ltr'>συναναστρεφομὲνοις</span> <span class='ocrx_word' id='word_1_311' title='bbox 3120 2295 3400 2366; x_wconf 78' lang='grc' dir='ltr'>ὲπισυμϐῇ</span> <span class='ocrx_word' id='word_1_312' title='bbox 3419 2312 3472 2348; x_wconf 90' lang='grc' dir='ltr'><strong>τι</strong></span> <span class='ocrx_word' id='word_1_313' title='bbox 3485 2292 3726 2347; x_wconf 76' lang='grc' dir='ltr'>τοιοῦτον</span> 
     </span>
    </p>
   </div>
   <div class='ocr_carea' id='block_1_50' title="bbox 2149 2385 3724 2462">
    <p class='ocr_par' dir='ltr' id='par_1_50' title="bbox 2149 2385 3724 2462">
     <span class='ocr_line' id='line_1_50' title="bbox 2149 2385 3724 2462; baseline -0.006 -16"><span class='ocrx_word' id='word_1_314' title='bbox 2149 2393 2304 2461; x_wconf 79' lang='grc' dir='ltr'>ἡμῖν,</span> <span class='ocrx_word' id='word_1_315' title='bbox 2337 2391 2438 2446; x_wconf 82' lang='grc' dir='ltr'><strong>κᾶν</strong></span> <span class='ocrx_word' id='word_1_316' title='bbox 2463 2391 2692 2461; x_wconf 80' lang='grc' dir='ltr'>σφοδρὸν</span> <span class='ocrx_word' id='word_1_317' title='bbox 2731 2391 2868 2462; x_wconf 81' lang='grc' dir='ltr'>τύχῃ</span> <span class='ocrx_word' id='word_1_318' title='bbox 2903 2391 2996 2443; x_wconf 79' lang='grc' dir='ltr'>καὶ</span> <span class='ocrx_word' id='word_1_319' title='bbox 3043 2389 3303 2458; x_wconf 78' lang='grc' dir='ltr'><strong>ἐξαπίνης</strong></span> <span class='ocrx_word' id='word_1_320' title='bbox 3353 2385 3724 2455; x_wconf 82' lang='grc' dir='ltr'>συνενεχθείη,</span> 
     </span>
    </p>
   </div>
   <div class='ocr_carea' id='block_1_51' title="bbox 2155 2478 3728 2555">
    <p class='ocr_par' dir='ltr' id='par_1_51' title="bbox 2155 2478 3728 2555">
     <span class='ocr_line' id='line_1_51' title="bbox 2155 2478 3728 2555; baseline -0.005 -18"><span class='ocrx_word' id='word_1_321' title='bbox 2155 2487 2538 2555; x_wconf 81' lang='grc' dir='ltr'>μετριωτέρως</span> <span class='ocrx_word' id='word_1_322' title='bbox 2574 2485 2672 2554; x_wconf 78' lang='grc' dir='ltr'>τὴν</span> <span class='ocrx_word' id='word_1_323' title='bbox 2724 2485 3068 2551; x_wconf 53' lang='grc' dir='ltr'>κατάπληξιν</span> <span class='ocrx_word' id='word_1_324' title='bbox 3103 2485 3364 2553; x_wconf 84' lang='grc' dir='ltr'>φέρομεν,</span> <span class='ocrx_word' id='word_1_325' title='bbox 3399 2483 3495 2550; x_wconf 81' lang='grc' dir='ltr'><strong>τῆς</strong></span> <span class='ocrx_word' id='word_1_326' title='bbox 3531 2478 3728 2547; x_wconf 79' lang='grc' dir='ltr'>αἰσθή-</span> 
     </span>
    </p>
   </div>
   <div class='ocr_carea' id='block_1_52' title="bbox 2155 2571 3731 2645">
    <p class='ocr_par' dir='ltr' id='par_1_52' title="bbox 2155 2571 3731 2645">
     <span class='ocr_line' id='line_1_52' title="bbox 2155 2571 3731 2645; baseline -0.005 -15"><span class='ocrx_word' id='word_1_327' title='bbox 2155 2595 2292 2639; x_wconf 86' lang='grc' dir='ltr'>σεως</span> <span class='ocrx_word' id='word_1_328' title='bbox 2341 2576 2596 2630; x_wconf 77' lang='grc' dir='ltr'>ἐντεῦθεν</span> <span class='ocrx_word' id='word_1_329' title='bbox 2620 2579 2705 2640; x_wconf 85' lang='grc' dir='ltr'><strong>είς</strong></span> <span class='ocrx_word' id='word_1_330' title='bbox 2743 2576 2918 2630; x_wconf 83' lang='grc' dir='ltr'>πλείω</span> <span class='ocrx_word' id='word_1_331' title='bbox 2955 2574 3342 2645; x_wconf 75' lang='grc' dir='ltr'>μεριζομένης,</span> <span class='ocrx_word' id='word_1_332' title='bbox 3373 2574 3467 2625; x_wconf 78' lang='grc' dir='ltr'>καὶ</span> <span class='ocrx_word' id='word_1_333' title='bbox 3523 2571 3597 2642; x_wconf 81' lang='grc' dir='ltr'>μὴ</span> <span class='ocrx_word' id='word_1_334' title='bbox 3627 2587 3731 2640; x_wconf 87' lang='grc' dir='ltr'>χα-</span> 
     </span>
    </p>
   </div>
   <div class='ocr_carea' id='block_1_53' title="bbox 2153 2662 3730 2740">
    <p class='ocr_par' dir='ltr' id='par_1_53' title="bbox 2153 2662 3730 2740">
     <span class='ocr_line' id='line_1_53' title="bbox 2153 2662 3730 2740; baseline -0.004 -18"><span class='ocrx_word' id='word_1_335' title='bbox 2153 2669 2334 2733; x_wconf 87' lang='grc' dir='ltr'>λεπῶς</span> <span class='ocrx_word' id='word_1_336' title='bbox 2365 2672 2462 2731; x_wconf 84' lang='grc' dir='ltr'>τὰς</span> <span class='ocrx_word' id='word_1_337' title='bbox 2507 2669 2761 2740; x_wconf 83' lang='grc' dir='ltr'>θροήσεις</span> <span class='ocrx_word' id='word_1_338' title='bbox 2792 2669 3088 2739; x_wconf 79' lang='grc' dir='ltr'>δεχομένης</span> <span class='ocrx_word' id='word_1_339' title='bbox 3112 2685 3127 2698; x_wconf 85' lang='grc'><strong>·</strong></span> <span class='ocrx_word' id='word_1_340' title='bbox 3182 2667 3322 2720; x_wconf 76' lang='grc' dir='ltr'>οὕτω</span> <span class='ocrx_word' id='word_1_341' title='bbox 3353 2665 3447 2718; x_wconf 69' lang='grc' dir='ltr'>καὶ</span> <span class='ocrx_word' id='word_1_342' title='bbox 3481 2667 3549 2716; x_wconf 69' lang='grc' dir='ltr'>τὰ</span> <span class='ocrx_word' id='word_1_343' title='bbox 3589 2662 3730 2716; x_wconf 78' lang='grc' dir='ltr'>κατὰ</span> 
     </span>
    </p>
   </div>
   <div class='ocr_carea' id='block_1_54' title="bbox 2153 2757 3730 2833">
    <p class='ocr_par' dir='ltr' id='par_1_54' title="bbox 2153 2757 3730 2833">
     <span class='ocr_line' id='line_1_54' title="bbox 2153 2757 3730 2833; baseline -0.007 -16"><span class='ocrx_word' id='word_1_344' title='bbox 2153 2764 2246 2817; x_wconf 72' lang='grc' dir='ltr'>τὸν</span> <span class='ocrx_word' id='word_1_345' title='bbox 2295 2762 2696 2832; x_wconf 82' lang='grc' dir='ltr'>εὐαγγελισμὸν</span> <span class='ocrx_word' id='word_1_346' title='bbox 2755 2761 3086 2833; x_wconf 78' lang='grc' dir='ltr'>ᾡκονομήθη</span> <span class='ocrx_word' id='word_1_347' title='bbox 3135 2759 3237 2829; x_wconf 81' lang='grc' dir='ltr'>τῆς</span> <span class='ocrx_word' id='word_1_348' title='bbox 3265 2757 3529 2826; x_wconf 72' lang='grc' dir='ltr'>ἀμιάντου</span> <span class='ocrx_word' id='word_1_349' title='bbox 3585 2757 3730 2824; x_wconf 81' lang='grc' dir='ltr'>Παρ-</span> 
     </span>
    </p>
   </div>
   <div class='ocr_carea' id='block_1_55' title="bbox 2155 2849 3728 2924">
    <p class='ocr_par' dir='ltr' id='par_1_55' title="bbox 2155 2849 3728 2924">
     <span class='ocr_line' id='line_1_55' title="bbox 2155 2849 3728 2924; baseline -0.006 -16"><span class='ocrx_word' id='word_1_350' title='bbox 2155 2855 2333 2908; x_wconf 81' lang='grc' dir='ltr'>θένου.</span> <span class='ocrx_word' id='word_1_351' title='bbox 2365 2857 2426 2908; x_wconf 76' lang='lat' dir='ltr'><strong>El</strong></span> <span class='ocrx_word' id='word_1_352' title='bbox 2455 2855 2552 2924; x_wconf 78' lang='grc' dir='ltr'>μὲν</span> <span class='ocrx_word' id='word_1_353' title='bbox 2583 2856 2692 2924; x_wconf 66' lang='grc' dir='ltr'><strong>γὰρ</strong></span> <span class='ocrx_word' id='word_1_354' title='bbox 2719 2853 2866 2907; x_wconf 73' lang='grc' dir='ltr'>ἔνδον</span> <span class='ocrx_word' id='word_1_355' title='bbox 2893 2855 2922 2906; x_wconf 83' lang='grc' dir='ltr'>ὁ</span> <span class='ocrx_word' id='word_1_356' title='bbox 2942 2852 3184 2922; x_wconf 79' lang='grc' dir='ltr'>Γαϐριὴλ</span> <span class='ocrx_word' id='word_1_357' title='bbox 3211 2849 3384 2920; x_wconf 81' lang='grc' dir='ltr'>ταύτῃ</span> <span class='ocrx_word' id='word_1_358' title='bbox 3415 2851 3728 2918; x_wconf 81' lang='grc' dir='ltr'>προσεῖπεν,</span> 
     </span>
    </p>
   </div>
   <div class='ocr_carea' id='block_1_56' title="bbox 2156 2941 3726 3018">
    <p class='ocr_par' dir='ltr' id='par_1_56' title="bbox 2156 2941 3726 3018">
     <span class='ocr_line' id='line_1_56' title="bbox 2156 2941 3726 3018; baseline -0.004 -18"><span class='ocrx_word' id='word_1_359' title='bbox 2156 2947 2368 3017; x_wconf 83' lang='grc' dir='ltr'><strong>ἀνάγκη</strong></span> <span class='ocrx_word' id='word_1_360' title='bbox 2414 2948 2553 3018; x_wconf 87' lang='grc' dir='ltr'>πρὸς</span> <span class='ocrx_word' id='word_1_361' title='bbox 2591 2947 2661 3000; x_wconf 79' lang='grc' dir='ltr'>τὰ</span> <span class='ocrx_word' id='word_1_362' title='bbox 2709 2949 2862 3007; x_wconf 72' lang='grc' dir='ltr'>ἐκτὸς</span> <span class='ocrx_word' id='word_1_363' title='bbox 2914 2946 3202 2998; x_wconf 78' lang='grc' dir='ltr'>συνελᾶσαι</span> <span class='ocrx_word' id='word_1_364' title='bbox 3240 2944 3400 2996; x_wconf 84' lang='grc' dir='ltr'>αὑτὸν</span> <span class='ocrx_word' id='word_1_365' title='bbox 3462 2941 3726 3010; x_wconf 81' lang='grc' dir='ltr'>ὑπῆρχεν.</span> 
     </span>
    </p>
   </div>
   <div class='ocr_carea' id='block_1_57' title="bbox 2167 3032 3732 3108">
    <p class='ocr_par' dir='ltr' id='par_1_57' title="bbox 2167 3032 3732 3108">
     <span class='ocr_line' id='line_1_57' title="bbox 2167 3032 3732 3108; baseline -0.008 -15"><span class='ocrx_word' id='word_1_366' title='bbox 2167 3039 2386 3108; x_wconf 78' lang='grc' dir='ltr'>Ἐπειδὴ</span> <span class='ocrx_word' id='word_1_367' title='bbox 2443 3039 2502 3092; x_wconf 82' lang='grc' dir='ltr'>δὲ</span> <span class='ocrx_word' id='word_1_368' title='bbox 2555 3039 2662 3104; x_wconf 73' lang='grc' dir='ltr'>ἔξω</span> <span class='ocrx_word' id='word_1_369' title='bbox 2716 3055 2820 3091; x_wconf 89' lang='grc' dir='ltr'><strong>που</strong></span> <span class='ocrx_word' id='word_1_370' title='bbox 2874 3037 2974 3106; x_wconf 79' lang='grc' dir='ltr'>τῆς</span> <span class='ocrx_word' id='word_1_371' title='bbox 3022 3037 3199 3099; x_wconf 75' lang='grc' dir='ltr'>οἰκίας</span> <span class='ocrx_word' id='word_1_372' title='bbox 3230 3035 3587 3105; x_wconf 76' lang='grc' dir='ltr'>ὑπερφανεὶς,</span> <span class='ocrx_word' id='word_1_373' title='bbox 3639 3032 3732 3082; x_wconf 81' lang='grc' dir='ltr'>τὸν</span> 
     </span>
    </p>
   </div>
   <div class='ocr_carea' id='block_1_58' title="bbox 476 3116 2051 3232">
    <p class='ocr_par' dir='ltr' id='par_1_58' title="bbox 476 3116 2051 3232">
     <span class='ocr_line' id='line_1_58' title="bbox 476 3116 2051 3197; baseline 0.008 -27"><span class='ocrx_word' id='word_1_374' title='bbox 476 3116 648 3188; x_wconf 88' lang='lat' dir='ltr'><strong>tione)</strong></span> <span class='ocrx_word' id='word_1_375' title='bbox 683 3119 827 3173; x_wconf 89' lang='lat' dir='ltr'><strong>foras</strong></span> <span class='ocrx_word' id='word_1_376' title='bbox 853 3136 974 3175; x_wconf 90' lang='lat' dir='ltr'><strong>eam</strong></span> <span class='ocrx_word' id='word_1_377' title='bbox 1023 3125 1396 3194; x_wconf 86' lang='lat' dir='ltr'><strong>compelleret.</strong></span> <span class='ocrx_word' id='word_1_378' title='bbox 1430 3128 1500 3180; x_wconf 86' lang='lat' dir='ltr'><strong>At</strong></span> <span class='ocrx_word' id='word_1_379' title='bbox 1525 3137 1814 3197; x_wconf 84' lang='lat' dir='ltr'><strong>postquam</strong></span> <span class='ocrx_word' id='word_1_380' title='bbox 1849 3128 2051 3183; x_wconf 84' lang='lat' dir='ltr'><strong>alicubi</strong></span> 
     </span>
     <span class='ocr_line' id='line_1_59' title="bbox 480 3208 2021 3232; baseline 0.008 -9"><span class='ocrx_word' id='word_1_381' title='bbox 480 3220 622 3232; x_wconf 50' lang='lat'><strong>-____</strong></span> <span class='ocrx_word' id='word_1_382' title='bbox 666 3208 880 3232; x_wconf 47' lang='grc' dir='ltr'>,ιμωμ</span> <span class='ocrx_word' id='word_1_383' title='bbox 1173 3231 1178 3232; x_wconf 23' lang='grc' dir='ltr'><strong>ί</strong></span> <span class='ocrx_word' id='word_1_384' title='bbox 1283 3217 1294 3232; x_wconf 95' lang='grc'><strong>.</strong></span> <span class='ocrx_word' id='word_1_385' title='bbox 1345 3227 1354 3232; x_wconf 88' lang='grc'><strong>.</strong></span> <span class='ocrx_word' id='word_1_386' title='bbox 1455 3217 1468 3232; x_wconf 94' lang='grc'><strong>.</strong></span> <span class='ocrx_word' id='word_1_387' title='bbox 1746 3219 1830 3232; x_wconf 66' lang='grc' dir='ltr'>ι...</span> <span class='ocrx_word' id='word_1_388' title='bbox 2014 3230 2021 3232; x_wconf 82' lang='grc'><strong>.</strong></span> 
     </span>
    </p>
   </div>
   <div class='ocr_carea' id='block_1_59' title="bbox 2158 3116 3734 3232">
    <p class='ocr_par' dir='ltr' id='par_1_59' title="bbox 2162 3125 3734 3232">
     <span class='ocr_line' id='line_1_60' title="bbox 2162 3125 3734 3232; baseline -0.007 -46"><span class='ocrx_word' id='word_1_389' title='bbox 2162 3133 2451 3203; x_wconf 80' lang='grc' dir='ltr'>ἀσπασμὸν</span> <span class='ocrx_word' id='word_1_390' title='bbox 2482 3130 2914 3204; x_wconf 76' lang='grc' dir='ltr'>προσεκήρυξεν,</span> <span class='ocrx_word' id='word_1_391' title='bbox 2940 3131 3084 3184; x_wconf 75' lang='grc' dir='ltr'>ἔνδον</span> <span class='ocrx_word' id='word_1_392' title='bbox 3117 3129 3285 3200; x_wconf 83' lang='grc' dir='ltr'>αὑτὴν</span> <span class='ocrx_word' id='word_1_393' title='bbox 3314 3126 3615 3232; x_wconf 43' lang='grc' dir='ltr'>συνὼθησεί</span> <span class='ocrx_word' id='word_1_394' title='bbox 3637 3125 3734 3176; x_wconf 77' lang='grc' dir='ltr'>καὶ</span> 
     </span>
    </p>
   </div>
   <div class='ocr_carea' id='block_1_60' title="bbox 431 3208 2050 3285">
    <p class='ocr_par' dir='ltr' id='par_1_60' title="bbox 431 3208 2050 3285">
     <span class='ocr_line' id='line_1_61' title="bbox 431 3208 2050 3285; baseline 0.006 -20"><span class='ocrx_word' id='word_1_395' title='bbox 431 3250 436 3254; x_wconf 91' lang='grc'><strong>-</strong></span> <span class='ocrx_word' id='word_1_396' title='bbox 475 3220 627 3265; x_wconf 78' lang='lat' dir='ltr'><strong>extra</strong></span> <span class='ocrx_word' id='word_1_397' title='bbox 661 3208 884 3265; x_wconf 89' lang='lat' dir='ltr'><strong>domum</strong></span> <span class='ocrx_word' id='word_1_398' title='bbox 918 3223 1190 3284; x_wconf 88' lang='lat' dir='ltr'><strong>apparens</strong></span> <span class='ocrx_word' id='word_1_399' title='bbox 1219 3217 1509 3272; x_wconf 84' lang='lat' dir='ltr'><strong>salutando</strong></span> <span class='ocrx_word' id='word_1_400' title='bbox 1535 3235 1654 3272; x_wconf 87' lang='lat' dir='ltr'><strong>eam</strong></span> <span class='ocrx_word' id='word_1_401' title='bbox 1705 3219 1906 3274; x_wconf 77' lang='lat' dir='ltr'><strong>allatus</strong></span> <span class='ocrx_word' id='word_1_402' title='bbox 1944 3230 2050 3285; x_wconf 87' lang='lat' dir='ltr'><strong>est,</strong></span> 
     </span>
    </p>
   </div>
   <div class='ocr_carea' id='block_1_61' title="bbox 471 3303 2057 3384">
    <p class='ocr_par' dir='ltr' id='par_1_61' title="bbox 471 3303 2057 3384">
     <span class='ocr_line' id='line_1_62' title="bbox 471 3303 2057 3384; baseline 0.008 -28"><span class='ocrx_word' id='word_1_403' title='bbox 471 3303 583 3369; x_wconf 86' lang='lat' dir='ltr'><strong>jam</strong></span> <span class='ocrx_word' id='word_1_404' title='bbox 623 3303 773 3361; x_wconf 87' lang='lat' dir='ltr'><strong>intus</strong></span> <span class='ocrx_word' id='word_1_405' title='bbox 806 3322 926 3360; x_wconf 88' lang='lat' dir='ltr'><strong>eam</strong></span> <span class='ocrx_word' id='word_1_406' title='bbox 978 3310 1264 3379; x_wconf 89' lang='lat' dir='ltr'><strong>compulit,</strong></span> <span class='ocrx_word' id='word_1_407' title='bbox 1297 3321 1353 3366; x_wconf 90' lang='lat' dir='ltr'><strong>et</strong></span> <span class='ocrx_word' id='word_1_408' title='bbox 1378 3312 1452 3366; x_wconf 91' lang='lat' dir='ltr'><strong>ibi</strong></span> <span class='ocrx_word' id='word_1_409' title='bbox 1484 3313 1660 3383; x_wconf 87' lang='lat' dir='ltr'><strong>ipsam</strong></span> <span class='ocrx_word' id='word_1_410' title='bbox 1713 3313 1780 3368; x_wconf 86' lang='lat' dir='ltr'><strong>ad</strong></span> <span class='ocrx_word' id='word_1_411' title='bbox 1835 3330 1898 3368; x_wconf 84' lang='lat' dir='ltr'><strong>ea</strong></span> <span class='ocrx_word' id='word_1_412' title='bbox 1935 3331 2057 3384; x_wconf 65' lang='lat' dir='ltr'><strong>quae</strong></span> 
     </span>
    </p>
   </div>
   <div class='ocr_carea' id='block_1_62' title="bbox 479 3389 2056 3477">
    <p class='ocr_par' dir='ltr' id='par_1_62' title="bbox 479 3389 2056 3477">
     <span class='ocr_line' id='line_1_63' title="bbox 479 3389 2056 3477; baseline 0.007 -26"><span class='ocrx_word' id='word_1_413' title='bbox 479 3389 712 3452; x_wconf 84' lang='lat' dir='ltr'><strong>dicenda</strong></span> <span class='ocrx_word' id='word_1_414' title='bbox 744 3410 925 3465; x_wconf 90' lang='lat' dir='ltr'><strong>erant,</strong></span> <span class='ocrx_word' id='word_1_415' title='bbox 964 3417 1158 3458; x_wconf 89' lang='lat' dir='ltr'><strong>secure</strong></span> <span class='ocrx_word' id='word_1_416' title='bbox 1188 3405 1485 3470; x_wconf 89' lang='lat' dir='ltr'><strong>continuit,</strong></span> <span class='ocrx_word' id='word_1_417' title='bbox 1517 3406 1722 3477; x_wconf 90' lang='lat' dir='ltr'><strong>quippe</strong></span> <span class='ocrx_word' id='word_1_418' title='bbox 1786 3423 1908 3477; x_wconf 76' lang='lat' dir='ltr'><strong>qua:</strong></span> <span class='ocrx_word' id='word_1_419' title='bbox 1947 3423 2056 3462; x_wconf 90' lang='lat' dir='ltr'><strong>non</strong></span> 
     </span>
    </p>
   </div>
   <div class='ocr_carea' id='block_1_63' title="bbox 477 3488 1882 3560">
    <p class='ocr_par' dir='ltr' id='par_1_63' title="bbox 477 3488 1882 3560">
     <span class='ocr_line' id='line_1_64' title="bbox 477 3488 1882 3560; baseline 0.009 -18"><span class='ocrx_word' id='word_1_420' title='bbox 477 3488 707 3545; x_wconf 84' lang='lat' dir='ltr'><strong>haberet</strong></span> <span class='ocrx_word' id='word_1_421' title='bbox 738 3506 847 3560; x_wconf 90' lang='lat' dir='ltr'><strong>quo</strong></span> <span class='ocrx_word' id='word_1_422' title='bbox 876 3493 1015 3548; x_wconf 85' lang='lat' dir='ltr'><strong>forte</strong></span> <span class='ocrx_word' id='word_1_423' title='bbox 1046 3495 1117 3550; x_wconf 92' lang='lat' dir='ltr'><strong>ob</strong></span> <span class='ocrx_word' id='word_1_424' title='bbox 1151 3497 1518 3552; x_wconf 89' lang='lat' dir='ltr'><strong>turbationem</strong></span> <span class='ocrx_word' id='word_1_425' title='bbox 1550 3499 1882 3554; x_wconf 87' lang='lat' dir='ltr'><strong>declinaret.</strong></span> 
     </span>
    </p>
   </div>
   <div class='ocr_carea' id='block_1_64' title="bbox 549 3573 2060 3661">
    <p class='ocr_par' dir='ltr' id='par_1_64' title="bbox 549 3573 2060 3661">
     <span class='ocr_line' id='line_1_65' title="bbox 549 3573 2060 3661; baseline 0.007 -25"><span class='ocrx_word' id='word_1_426' title='bbox 549 3573 644 3638; x_wconf 80' lang='lat' dir='ltr'><strong>1x.</strong></span> <span class='ocrx_word' id='word_1_427' title='bbox 673 3581 966 3652; x_wconf 87' lang='lat' dir='ltr'><strong>Postquam</strong></span> <span class='ocrx_word' id='word_1_428' title='bbox 989 3586 1152 3655; x_wconf 86' lang='lat' dir='ltr'><strong>igitur</strong></span> <span class='ocrx_word' id='word_1_429' title='bbox 1170 3589 1516 3658; x_wconf 84' lang='lat' dir='ltr'><strong>providentia</strong></span> <span class='ocrx_word' id='word_1_430' title='bbox 1539 3578 1708 3653; x_wconf 83' lang='lat' dir='ltr'><strong>illius,</strong></span> <span class='ocrx_word' id='word_1_431' title='bbox 1743 3591 1836 3659; x_wconf 89' lang='lat' dir='ltr'><strong>qui</strong></span> <span class='ocrx_word' id='word_1_432' title='bbox 1860 3602 2060 3661; x_wconf 79' lang='lat' dir='ltr'><strong>myste-</strong></span> 
     </span>
    </p>
   </div>
   <div class='ocr_carea' id='block_1_65' title="bbox 483 3671 2058 3750">
    <p class='ocr_par' dir='ltr' id='par_1_65' title="bbox 483 3671 2058 3750">
     <span class='ocr_line' id='line_1_66' title="bbox 483 3671 2058 3750; baseline 0.007 -26"><span class='ocrx_word' id='word_1_433' title='bbox 483 3671 626 3725; x_wconf 88' lang='lat' dir='ltr'><strong>rium</strong></span> <span class='ocrx_word' id='word_1_434' title='bbox 681 3687 847 3741; x_wconf 74' lang='grc' dir='ltr'>(ψει-θ</span> <span class='ocrx_word' id='word_1_435' title='bbox 904 3678 1236 3744; x_wconf 88' lang='lat' dir='ltr'><strong>complebat,</strong></span> <span class='ocrx_word' id='word_1_436' title='bbox 1297 3696 1327 3732; x_wconf 92' lang='lat' dir='ltr'><strong>e</strong></span> <span class='ocrx_word' id='word_1_437' title='bbox 1365 3679 1702 3733; x_wconf 81' lang='lat' dir='ltr'><strong>domuncula</strong></span> <span class='ocrx_word' id='word_1_438' title='bbox 1761 3697 2058 3750; x_wconf 86' lang='lat' dir='ltr'><strong>parumper</strong></span> 
     </span>
    </p>
   </div>
   <div class='ocr_carea' id='block_1_66' title="bbox 482 3766 2062 3840">
    <p class='ocr_par' dir='ltr' id='par_1_66' title="bbox 482 3766 2062 3840">
     <span class='ocr_line' id='line_1_67' title="bbox 482 3766 2062 3840; baseline 0.009 -27"><span class='ocrx_word' id='word_1_439' title='bbox 482 3777 700 3830; x_wconf 86' lang='lat' dir='ltr'><strong>egressa</strong></span> <span class='ocrx_word' id='word_1_440' title='bbox 722 3773 806 3816; x_wconf 89' lang='lat' dir='ltr'><strong>est</strong></span> <span class='ocrx_word' id='word_1_441' title='bbox 832 3766 1037 3836; x_wconf 88' lang='lat' dir='ltr'><strong>(Virgo)</strong></span> <span class='ocrx_word' id='word_1_442' title='bbox 1071 3770 1138 3822; x_wconf 87' lang='lat' dir='ltr'><strong>ad</strong></span> <span class='ocrx_word' id='word_1_443' title='bbox 1181 3786 1398 3838; x_wconf 85' lang='lat' dir='ltr'><strong>aquam,</strong></span> <span class='ocrx_word' id='word_1_444' title='bbox 1427 3783 1592 3840; x_wconf 90' lang='lat' dir='ltr'><strong>prout</strong></span> <span class='ocrx_word' id='word_1_445' title='bbox 1655 3773 1885 3827; x_wconf 86' lang='lat' dir='ltr'><strong>historia</strong></span> <span class='ocrx_word' id='word_1_446' title='bbox 1933 3792 2062 3830; x_wconf 87' lang='lat' dir='ltr'><strong>nar-</strong></span> 
     </span>
    </p>
   </div>
   <div class='ocr_carea' id='block_1_67' title="bbox 483 3852 2059 3934">
    <p class='ocr_par' dir='ltr' id='par_1_67' title="bbox 483 3852 2059 3934">
     <span class='ocr_line' id='line_1_68' title="bbox 483 3852 2059 3934; baseline 0.007 -27"><span class='ocrx_word' id='word_1_447' title='bbox 483 3861 590 3918; x_wconf 84' lang='lat' dir='ltr'><strong>rat,</strong></span> <span class='ocrx_word' id='word_1_448' title='bbox 614 3852 996 3921; x_wconf 86' lang='lat' dir='ltr'><strong>hauriendam,</strong></span> <span class='ocrx_word' id='word_1_449' title='bbox 1022 3866 1078 3912; x_wconf 88' lang='lat' dir='ltr'><strong>et</strong></span> <span class='ocrx_word' id='word_1_450' title='bbox 1114 3860 1366 3927; x_wconf 87' lang='lat' dir='ltr'><strong>pervenit</strong></span> <span class='ocrx_word' id='word_1_451' title='bbox 1413 3862 1479 3914; x_wconf 89' lang='lat' dir='ltr'><strong>ad</strong></span> <span class='ocrx_word' id='word_1_452' title='bbox 1505 3861 1710 3916; x_wconf 82' lang='lat' dir='ltr'><strong>fontem</strong></span> <span class='ocrx_word' id='word_1_453' title='bbox 1767 3865 1882 3933; x_wconf 88' lang='lat' dir='ltr'><strong>(qui</strong></span> <span class='ocrx_word' id='word_1_454' title='bbox 1933 3867 2059 3934; x_wconf 91' lang='lat' dir='ltr'><strong>qni-</strong></span> 
     </span>
    </p>
   </div>
   <div class='ocr_carea' id='block_1_68' title="bbox 483 3944 2060 4024">
    <p class='ocr_par' dir='ltr' id='par_1_68' title="bbox 483 3944 2060 4024">
     <span class='ocr_line' id='line_1_69' title="bbox 483 3944 2060 4024; baseline 0.011 -27"><span class='ocrx_word' id='word_1_455' title='bbox 483 3944 608 3998; x_wconf 87' lang='lat' dir='ltr'><strong>dem</strong></span> <span class='ocrx_word' id='word_1_456' title='bbox 645 3945 952 4017; x_wconf 84' lang='lat' dir='ltr'><strong>symbolum</strong></span> <span class='ocrx_word' id='word_1_457' title='bbox 987 3961 1107 4004; x_wconf 89' lang='lat' dir='ltr'><strong>erat</strong></span> <span class='ocrx_word' id='word_1_458' title='bbox 1144 3953 1408 4023; x_wconf 79' lang='lat' dir='ltr'><strong>mystcrii,</strong></span> <span class='ocrx_word' id='word_1_459' title='bbox 1443 3963 1498 4007; x_wconf 87' lang='lat' dir='ltr'><strong>et</strong></span> <span class='ocrx_word' id='word_1_460' title='bbox 1532 3970 1728 4024; x_wconf 89' lang='lat' dir='ltr'><strong>aquam</strong></span> <span class='ocrx_word' id='word_1_461' title='bbox 1776 3957 2060 4013; x_wconf 87' lang='lat' dir='ltr'><strong>immorta-</strong></span> 
     </span>
    </p>
   </div>
   <div class='ocr_carea' id='block_1_69' title="bbox 482 4029 2063 4118">
    <p class='ocr_par' dir='ltr' id='par_1_69' title="bbox 482 4029 2063 4118">
     <span class='ocr_line' id='line_1_70' title="bbox 482 4029 2063 4118; baseline 0.009 -26"><span class='ocrx_word' id='word_1_462' title='bbox 482 4037 591 4092; x_wconf 88' lang='lat' dir='ltr'><strong>lem</strong></span> <span class='ocrx_word' id='word_1_463' title='bbox 643 4029 1056 4113; x_wconf 86' lang='lat' dir='ltr'><strong>adumbrabat).</strong></span> <span class='ocrx_word' id='word_1_464' title='bbox 1095 4052 1227 4099; x_wconf 92' lang='lat' dir='ltr'><strong>tunc</strong></span> <span class='ocrx_word' id='word_1_465' title='bbox 1287 4047 1676 4118; x_wconf 86' lang='lat' dir='ltr'><strong>archangelus,</strong></span> <span class='ocrx_word' id='word_1_466' title='bbox 1702 4049 1949 4106; x_wconf 87' lang='lat' dir='ltr'><strong>nondum</strong></span> <span class='ocrx_word' id='word_1_467' title='bbox 1983 4053 2063 4107; x_wconf 84' lang='lat' dir='ltr'><strong>vi-</strong></span> 
     </span>
    </p>
   </div>
   <div class='ocr_carea' id='block_1_70' title="bbox 485 4131 1562 4205">
    <p class='ocr_par' dir='ltr' id='par_1_70' title="bbox 485 4131 1562 4205">
     <span class='ocr_line' id='line_1_71' title="bbox 485 4131 1562 4205; baseline 0.007 -18"><span class='ocrx_word' id='word_1_468' title='bbox 485 4131 726 4187; x_wconf 87' lang='lat' dir='ltr'><strong>dendum</strong></span> <span class='ocrx_word' id='word_1_469' title='bbox 761 4149 817 4189; x_wconf 90' lang='lat' dir='ltr'><strong>se</strong></span> <span class='ocrx_word' id='word_1_470' title='bbox 851 4136 1124 4205; x_wconf 84' lang='lat' dir='ltr'><strong>praebens,</strong></span> <span class='ocrx_word' id='word_1_471' title='bbox 1159 4154 1318 4194; x_wconf 89' lang='lat' dir='ltr'><strong>voces</strong></span> <span class='ocrx_word' id='word_1_472' title='bbox 1345 4139 1562 4195; x_wconf 83' lang='lat' dir='ltr'><strong>ell‘udit.</strong></span> 
     </span>
    </p>
   </div>
   <div class='ocr_carea' id='block_1_71' title="bbox 557 4225 2060 4305">
    <p class='ocr_par' dir='ltr' id='par_1_71' title="bbox 557 4225 2060 4305">
     <span class='ocr_line' id='line_1_72' title="bbox 557 4225 2060 4305; baseline 0.008 -27"><span class='ocrx_word' id='word_1_473' title='bbox 557 4225 652 4278; x_wconf 90' lang='lat' dir='ltr'><strong>llla</strong></span> <span class='ocrx_word' id='word_1_474' title='bbox 683 4238 865 4303; x_wconf 84' lang='lat' dir='ltr'><strong>autem</strong></span> <span class='ocrx_word' id='word_1_475' title='bbox 895 4229 962 4283; x_wconf 89' lang='lat' dir='ltr'><strong>ad</strong></span> <span class='ocrx_word' id='word_1_476' title='bbox 1003 4230 1152 4286; x_wconf 87' lang='lat' dir='ltr'><strong>vocis</strong></span> <span class='ocrx_word' id='word_1_477' title='bbox 1183 4231 1345 4300; x_wconf 68' lang='lat' dir='ltr'><strong>llUJUS</strong></span> <span class='ocrx_word' id='word_1_478' title='bbox 1391 4233 1694 4288; x_wconf 89' lang='lat' dir='ltr'><strong>novitatetu</strong></span> <span class='ocrx_word' id='word_1_479' title='bbox 1743 4235 2060 4305; x_wconf 86' lang='lat' dir='ltr'><strong>perterrita,</strong></span> 
     </span>
    </p>
   </div>
   <div class='ocr_carea' id='block_1_72' title="bbox 486 4315 2064 4393">
    <p class='ocr_par' dir='ltr' id='par_1_72' title="bbox 486 4315 2064 4393">
     <span class='ocr_line' id='line_1_73' title="bbox 486 4315 2064 4393; baseline 0.009 -25"><span class='ocrx_word' id='word_1_480' title='bbox 486 4315 780 4372; x_wconf 79' lang='lat' dir='ltr'><strong>formidine</strong></span> <span class='ocrx_word' id='word_1_481' title='bbox 803 4330 1070 4390; x_wconf 88' lang='lat' dir='ltr'><strong>occupata</strong></span> <span class='ocrx_word' id='word_1_482' title='bbox 1098 4329 1156 4377; x_wconf 85' lang='lat' dir='ltr'><strong>et</strong></span> <span class='ocrx_word' id='word_1_483' title='bbox 1200 4339 1427 4393; x_wconf 87' lang='lat' dir='ltr'><strong>pavore,</strong></span> <span class='ocrx_word' id='word_1_484' title='bbox 1451 4324 1507 4378; x_wconf 87' lang='lat' dir='ltr'><strong>in</strong></span> <span class='ocrx_word' id='word_1_485' title='bbox 1542 4325 1807 4380; x_wconf 87' lang='lat' dir='ltr'><strong>interiora</strong></span> <span class='ocrx_word' id='word_1_486' title='bbox 1864 4327 2064 4382; x_wconf 81' lang='lat' dir='ltr'><strong>domus</strong></span> 
     </span>
    </p>
   </div>
   <div class='ocr_carea' id='block_1_73' title="bbox 487 4409 2062 4489">
    <p class='ocr_par' dir='ltr' id='par_1_73' title="bbox 487 4409 2062 4489">
     <span class='ocr_line' id='line_1_74' title="bbox 487 4409 2062 4489; baseline 0.007 -28"><span class='ocrx_word' id='word_1_487' title='bbox 487 4422 546 4462; x_wconf 90' lang='lat' dir='ltr'><strong>se</strong></span> <span class='ocrx_word' id='word_1_488' title='bbox 571 4409 796 4478; x_wconf 85' lang='lat' dir='ltr'><strong>recepit.</strong></span> <span class='ocrx_word' id='word_1_489' title='bbox 835 4411 1129 4483; x_wconf 87' lang='lat' dir='ltr'><strong>Postquam</strong></span> <span class='ocrx_word' id='word_1_490' title='bbox 1167 4431 1318 4479; x_wconf 90' lang='lat' dir='ltr'><strong>vero,</strong></span> <span class='ocrx_word' id='word_1_491' title='bbox 1350 4416 1515 4471; x_wconf 89' lang='lat' dir='ltr'><strong>corde</strong></span> <span class='ocrx_word' id='word_1_492' title='bbox 1539 4417 1844 4473; x_wconf 81' lang='lat' dir='ltr'><strong>etiamnum</strong></span> <span class='ocrx_word' id='word_1_493' title='bbox 1879 4418 2062 4489; x_wconf 85' lang='lat' dir='ltr'><strong>palpi-</strong></span> 
     </span>
    </p>
   </div>
   <div class='ocr_carea' id='block_1_74' title="bbox 2160 3215 3738 3294">
    <p class='ocr_par' dir='ltr' id='par_1_74' title="bbox 2160 3215 3738 3294">
     <span class='ocr_line' id='line_1_75' title="bbox 2160 3215 3738 3294; baseline -0.008 -15"><span class='ocrx_word' id='word_1_494' title='bbox 2160 3225 2416 3294; x_wconf 80' lang='grc' dir='ltr'>ἀσφαλῶς</span> <span class='ocrx_word' id='word_1_495' title='bbox 2447 3223 2582 3292; x_wconf 80' lang='grc' dir='ltr'>πρὸς</span> <span class='ocrx_word' id='word_1_496' title='bbox 2609 3225 2675 3278; x_wconf 76' lang='grc' dir='ltr'>τὰ</span> <span class='ocrx_word' id='word_1_497' title='bbox 2716 3223 3089 3294; x_wconf 80' lang='grc' dir='ltr'>λεχθησόμενα</span> <span class='ocrx_word' id='word_1_498' title='bbox 3118 3222 3427 3292; x_wconf 80' lang='grc' dir='ltr'>ὲπήρεισεν,</span> <span class='ocrx_word' id='word_1_499' title='bbox 3457 3218 3557 3270; x_wconf 85' lang='grc' dir='ltr'><strong>οὑκ</strong></span> <span class='ocrx_word' id='word_1_500' title='bbox 3583 3215 3738 3285; x_wconf 77' lang='grc' dir='ltr'>ἐχου-</span> 
     </span>
    </p>
   </div>
   <div class='ocr_carea' id='block_1_75' title="bbox 2162 3311 3173 3390">
    <p class='ocr_par' dir='ltr' id='par_1_75' title="bbox 2162 3311 3173 3390">
     <span class='ocr_line' id='line_1_76' title="bbox 2162 3311 3173 3390; baseline -0.004 -16"><span class='ocrx_word' id='word_1_501' title='bbox 2162 3339 2262 3374; x_wconf 88' lang='grc' dir='ltr'><strong>σαν</strong></span> <span class='ocrx_word' id='word_1_502' title='bbox 2293 3320 2416 3373; x_wconf 85' lang='grc' dir='ltr'>ὅποι</span> <span class='ocrx_word' id='word_1_503' title='bbox 2448 3321 2515 3390; x_wconf 71' lang='grc' dir='ltr'>τῇ</span> <span class='ocrx_word' id='word_1_504' title='bbox 2550 3319 2764 3388; x_wconf 72' lang='grc' dir='ltr'>ἀγωνία</span> <span class='ocrx_word' id='word_1_505' title='bbox 2795 3311 3173 3388; x_wconf 70' lang='grc' dir='ltr'>παρεκκλίνοι.</span> 
     </span>
    </p>
   </div>
   <div class='ocr_carea' id='block_1_76' title="bbox 2231 3585 3736 3661">
    <p class='ocr_par' dir='ltr' id='par_1_76' title="bbox 2231 3585 3736 3661">
     <span class='ocr_line' id='line_1_77' title="bbox 2231 3585 3736 3661; baseline -0.009 -13"><span class='ocrx_word' id='word_1_506' title='bbox 2231 3593 2311 3648; x_wconf 79' lang='grc' dir='ltr'><strong>ϐ’.</strong></span> <span class='ocrx_word' id='word_1_507' title='bbox 2359 3593 2514 3646; x_wconf 74' lang='grc' dir='ltr'>Ἐπεὶ</span> <span class='ocrx_word' id='word_1_508' title='bbox 2561 3606 2654 3646; x_wconf 88' lang='grc' dir='ltr'><strong>ουν</strong></span> <span class='ocrx_word' id='word_1_509' title='bbox 2682 3589 2997 3661; x_wconf 67' lang='grc' dir='ltr'>προμηθείᾳ</span> <span class='ocrx_word' id='word_1_510' title='bbox 3029 3587 3122 3642; x_wconf 80' lang='grc' dir='ltr'>τοῦ</span> <span class='ocrx_word' id='word_1_511' title='bbox 3149 3586 3210 3641; x_wconf 75' lang='grc' dir='ltr'>τὸ</span> <span class='ocrx_word' id='word_1_512' title='bbox 3257 3586 3560 3658; x_wconf 80' lang='grc' dir='ltr'>μυστήριον</span> <span class='ocrx_word' id='word_1_513' title='bbox 3585 3585 3736 3653; x_wconf 75' lang='grc' dir='ltr'>ἐνερ-</span> 
     </span>
    </p>
   </div>
   <div class='ocr_carea' id='block_1_77' title="bbox 2161 3676 3732 3774">
    <p class='ocr_par' dir='ltr' id='par_1_77' title="bbox 2161 3676 3732 3774">
     <span class='ocr_line' id='line_1_78' title="bbox 2161 3676 3732 3774; baseline -0.009 -35"><span class='ocrx_word' id='word_1_514' title='bbox 2161 3686 2405 3755; x_wconf 77' lang='grc' dir='ltr'>γοῦντος,</span> <span class='ocrx_word' id='word_1_515' title='bbox 2433 3684 2700 3754; x_wconf 82' lang='grc' dir='ltr'>ὑπεξῆλθε</span> <span class='ocrx_word' id='word_1_516' title='bbox 2726 3682 2818 3736; x_wconf 80' lang='grc' dir='ltr'>τοῦ</span> <span class='ocrx_word' id='word_1_517' title='bbox 2847 3681 3148 3751; x_wconf 83' lang='grc' dir='ltr'>δωματίου,</span> <span class='ocrx_word' id='word_1_518' title='bbox 3171 3679 3312 3733; x_wconf 65' lang='grc' dir='ltr'>κατὰ</span> <span class='ocrx_word' id='word_1_519' title='bbox 3344 3680 3442 3745; x_wconf 81' lang='grc' dir='ltr'>τὴν</span> <span class='ocrx_word' id='word_1_520' title='bbox 3468 3676 3732 3774; x_wconf 63' lang='grc' dir='ltr'>ἱστρρίαν,</span> 
     </span>
    </p>
   </div>
   <div class='ocr_carea' id='block_1_78' title="bbox 2162 3767 3734 3846">
    <p class='ocr_par' dir='ltr' id='par_1_78' title="bbox 2162 3767 3734 3846">
     <span class='ocr_line' id='line_1_79' title="bbox 2162 3767 3734 3846; baseline -0.007 -16"><span class='ocrx_word' id='word_1_521' title='bbox 2162 3775 2544 3846; x_wconf 82' lang='grc' dir='ltr'>ὑδρεύσασθαι,</span> <span class='ocrx_word' id='word_1_522' title='bbox 2583 3777 2676 3828; x_wconf 79' lang='grc' dir='ltr'>καὶ</span> <span class='ocrx_word' id='word_1_523' title='bbox 2705 3776 2805 3845; x_wconf 83' lang='grc' dir='ltr'>τὴν</span> <span class='ocrx_word' id='word_1_524' title='bbox 2839 3773 3019 3844; x_wconf 82' lang='grc' dir='ltr'>πηγὴν</span> <span class='ocrx_word' id='word_1_525' title='bbox 3044 3771 3398 3841; x_wconf 79' lang='grc' dir='ltr'>κατείληφεν,</span> <span class='ocrx_word' id='word_1_526' title='bbox 3442 3767 3563 3840; x_wconf 74' lang='grc' dir='ltr'>ἥτις</span> <span class='ocrx_word' id='word_1_527' title='bbox 3595 3767 3734 3837; x_wconf 73' lang='grc' dir='ltr'>σύμ-</span> 
     </span>
    </p>
   </div>
   <div class='ocr_carea' id='block_1_79' title="bbox 2162 3863 3737 3939">
    <p class='ocr_par' dir='ltr' id='par_1_79' title="bbox 2162 3863 3737 3939">
     <span class='ocr_line' id='line_1_80' title="bbox 2162 3863 3737 3939; baseline -0.006 -17"><span class='ocrx_word' id='word_1_528' title='bbox 2162 3870 2317 3923; x_wconf 77' lang='grc' dir='ltr'>ϐολον</span> <span class='ocrx_word' id='word_1_529' title='bbox 2340 3865 2407 3939; x_wconf 76' lang='grc' dir='ltr'>ἦν</span> <span class='ocrx_word' id='word_1_530' title='bbox 2428 3869 2522 3922; x_wconf 81' lang='grc' dir='ltr'>τοῦ</span> <span class='ocrx_word' id='word_1_531' title='bbox 2562 3867 2884 3938; x_wconf 88' lang='grc' dir='ltr'>μυστηρίου,</span> <span class='ocrx_word' id='word_1_532' title='bbox 2907 3867 2969 3919; x_wconf 76' lang='grc' dir='ltr'>τὸ</span> <span class='ocrx_word' id='word_1_533' title='bbox 2998 3865 3269 3920; x_wconf 83' lang='grc' dir='ltr'>ἀθάνατον</span> <span class='ocrx_word' id='word_1_534' title='bbox 3298 3864 3442 3933; x_wconf 75' lang='grc' dir='ltr'>ὕδωρ</span> <span class='ocrx_word' id='word_1_535' title='bbox 3475 3863 3737 3926; x_wconf 74' lang='grc' dir='ltr'>ἐξεικονί-</span> 
     </span>
    </p>
   </div>
   <div class='ocr_carea' id='block_1_80' title="bbox 2163 3948 3739 4030">
    <p class='ocr_par' dir='ltr' id='par_1_80' title="bbox 2163 3948 3739 4030">
     <span class='ocr_line' id='line_1_81' title="bbox 2163 3948 3739 4030; baseline -0.006 -17"><span class='ocrx_word' id='word_1_536' title='bbox 2163 3964 2350 4026; x_wconf 68' lang='lat' dir='ltr'><strong>(eaea,</strong></span> <span class='ocrx_word' id='word_1_537' title='bbox 2381 3961 2479 4030; x_wconf 76' lang='grc' dir='ltr'>τὴν</span> <span class='ocrx_word' id='word_1_538' title='bbox 2506 3959 2605 4027; x_wconf 83' lang='grc' dir='ltr'><strong>μὲν</strong></span> <span class='ocrx_word' id='word_1_539' title='bbox 2639 3959 2823 4030; x_wconf 75' lang='grc' dir='ltr'>φωνὴν</span> <span class='ocrx_word' id='word_1_540' title='bbox 2851 3959 2878 4010; x_wconf 81' lang='grc' dir='ltr'>ὁ</span> <span class='ocrx_word' id='word_1_541' title='bbox 2904 3957 3247 4030; x_wconf 75' lang='grc' dir='ltr'>ἀρχάγγελος</span> <span class='ocrx_word' id='word_1_542' title='bbox 3276 3955 3524 4026; x_wconf 71' lang='grc' dir='ltr'>ἀφίησιν,</span> <span class='ocrx_word' id='word_1_543' title='bbox 3556 3952 3636 4006; x_wconf 74' lang='grc' dir='ltr'>ἔτι</span> <span class='ocrx_word' id='word_1_544' title='bbox 3662 3948 3739 4021; x_wconf 79' lang='grc' dir='ltr'>μὴ</span> 
     </span>
    </p>
   </div>
   <div class='ocr_carea' id='block_1_81' title="bbox 2163 4050 2535 4122">
    <p class='ocr_par' dir='ltr' id='par_1_81' title="bbox 2163 4050 2535 4122">
     <span class='ocr_line' id='line_1_82' title="bbox 2163 4050 2535 4122; baseline 0.005 -18"><span class='ocrx_word' id='word_1_545' title='bbox 2163 4054 2407 4122; x_wconf 81' lang='grc' dir='ltr'>ἐκφανὴς</span> <span class='ocrx_word' id='word_1_546' title='bbox 2441 4050 2535 4107; x_wconf 82' lang='grc' dir='ltr'>ὧν.</span> 
     </span>
    </p>
   </div>
   <div class='ocr_carea' id='block_1_82' title="bbox 2247 4224 3737 4296">
    <p class='ocr_par' dir='ltr' id='par_1_82' title="bbox 2247 4224 3737 4296">
     <span class='ocr_line' id='line_1_83' title="bbox 2247 4224 3737 4296; baseline -0.004 -17"><span class='ocrx_word' id='word_1_547' title='bbox 2247 4226 2314 4280; x_wconf 82' lang='grc' dir='ltr'><strong>ἸΙ</strong></span> <span class='ocrx_word' id='word_1_548' title='bbox 2339 4225 2393 4278; x_wconf 73' lang='grc' dir='ltr'>δὲ</span> <span class='ocrx_word' id='word_1_549' title='bbox 2431 4224 2507 4294; x_wconf 81' lang='grc' dir='ltr'><strong>τῷ</strong></span> <span class='ocrx_word' id='word_1_550' title='bbox 2535 4224 2668 4294; x_wconf 79' lang='grc' dir='ltr'>ξένῳ</span> <span class='ocrx_word' id='word_1_551' title='bbox 2697 4227 2903 4295; x_wconf 78' lang='grc' dir='ltr'>ταύτης</span> <span class='ocrx_word' id='word_1_552' title='bbox 2951 4226 3389 4293; x_wconf 77' lang='grc' dir='ltr'>καταπλαγεῖσα,</span> <span class='ocrx_word' id='word_1_553' title='bbox 3419 4225 3517 4277; x_wconf 76' lang='grc' dir='ltr'><strong>σὺν</strong></span> <span class='ocrx_word' id='word_1_554' title='bbox 3545 4224 3737 4296; x_wconf 69' lang='grc' dir='ltr'>τρόμῳ</span> 
     </span>
    </p>
   </div>
   <div class='ocr_carea' id='block_1_83' title="bbox 2164 4313 3736 4388">
    <p class='ocr_par' dir='ltr' id='par_1_83' title="bbox 2164 4313 3736 4388">
     <span class='ocr_line' id='line_1_84' title="bbox 2164 4313 3736 4388; baseline -0.004 -16"><span class='ocrx_word' id='word_1_555' title='bbox 2164 4319 2258 4372; x_wconf 80' lang='grc' dir='ltr'>καὶ</span> <span class='ocrx_word' id='word_1_556' title='bbox 2295 4320 2507 4388; x_wconf 71' lang='grc' dir='ltr'>ταραχῇ</span> <span class='ocrx_word' id='word_1_557' title='bbox 2559 4316 2696 4388; x_wconf 69' lang='grc' dir='ltr'>πρὸς</span> <span class='ocrx_word' id='word_1_558' title='bbox 2724 4321 2834 4381; x_wconf 82' lang='grc' dir='ltr'>τοῖς</span> <span class='ocrx_word' id='word_1_559' title='bbox 2865 4317 3013 4372; x_wconf 75' lang='grc' dir='ltr'>ἔνδον</span> <span class='ocrx_word' id='word_1_560' title='bbox 3067 4317 3283 4388; x_wconf 81' lang='grc' dir='ltr'>ἐχώρει.</span> <span class='ocrx_word' id='word_1_561' title='bbox 3329 4313 3440 4370; x_wconf 72' lang='grc' dir='ltr'>καὶ</span> <span class='ocrx_word' id='word_1_562' title='bbox 3473 4316 3594 4368; x_wconf 73' lang='grc' dir='ltr'>ἐπεὶ</span> <span class='ocrx_word' id='word_1_563' title='bbox 3641 4314 3736 4367; x_wconf 75' lang='grc' dir='ltr'>τοῦ</span> 
     </span>
    </p>
   </div>
   <div class='ocr_carea' id='block_1_84' title="bbox 2165 4411 3742 4486">
    <p class='ocr_par' dir='ltr' id='par_1_84' title="bbox 2165 4411 3742 4486">
     <span class='ocr_line' id='line_1_85' title="bbox 2165 4411 3742 4486; baseline -0.001 -22"><span class='ocrx_word' id='word_1_564' title='bbox 2165 4413 2328 4482; x_wconf 77' lang='grc' dir='ltr'>ἔργου</span> <span class='ocrx_word' id='word_1_565' title='bbox 2379 4411 2578 4482; x_wconf 73' lang='grc' dir='ltr'>εἴχετο,</span> <span class='ocrx_word' id='word_1_566' title='bbox 2625 4413 2725 4482; x_wconf 67' lang='grc' dir='ltr'>ἤδη</span> <span class='ocrx_word' id='word_1_567' title='bbox 2757 4413 2856 4482; x_wconf 75' lang='grc' dir='ltr'>τῆς</span> <span class='ocrx_word' id='word_1_568' title='bbox 2908 4413 3138 4486; x_wconf 85' lang='grc' dir='ltr'>καρδίας</span> <span class='ocrx_word' id='word_1_569' title='bbox 3169 4412 3598 4483; x_wconf 82' lang='grc' dir='ltr'>κραδαινο-μένης</span> <span class='ocrx_word' id='word_1_570' title='bbox 3646 4415 3742 4464; x_wconf 67' lang='grc' dir='ltr'><strong>καὶ</strong></span> 
     </span>
    </p>
   </div>
   <div class='ocr_carea' id='block_1_85' title="bbox 487 4499 2051 4579">
    <p class='ocr_par' dir='ltr' id='par_1_85' title="bbox 487 4499 2051 4579">
     <span class='ocr_line' id='line_1_86' title="bbox 487 4499 2051 4579; baseline 0.009 -29"><span class='ocrx_word' id='word_1_571' title='bbox 487 4504 637 4552; x_wconf 91' lang='lat' dir='ltr'><strong>tante</strong></span> <span class='ocrx_word' id='word_1_572' title='bbox 661 4499 979 4570; x_wconf 85' lang='lat' dir='ltr'><strong>crebrisque</strong></span> <span class='ocrx_word' id='word_1_573' title='bbox 1016 4505 1256 4560; x_wconf 89' lang='lat' dir='ltr'><strong>motibus</strong></span> <span class='ocrx_word' id='word_1_574' title='bbox 1283 4505 1560 4575; x_wconf 88' lang='lat' dir='ltr'><strong>pulsante,</strong></span> <span class='ocrx_word' id='word_1_575' title='bbox 1621 4523 1686 4562; x_wconf 90' lang='lat' dir='ltr'><strong>ac</strong></span> <span class='ocrx_word' id='word_1_576' title='bbox 1741 4509 1899 4579; x_wconf 83' lang='lat' dir='ltr'><strong>genis</strong></span> <span class='ocrx_word' id='word_1_577' title='bbox 1945 4510 2051 4579; x_wconf 87' lang='lat' dir='ltr'><strong>pal-</strong></span> 
     </span>
    </p>
   </div>
   <div class='ocr_carea' id='block_1_86' title="bbox 2158 4499 3740 4579">
    <p class='ocr_par' dir='ltr' id='par_1_86' title="bbox 2167 4501 3740 4574">
     <span class='ocr_line' id='line_1_87' title="bbox 2167 4501 3740 4574; baseline -0.002 -19"><span class='ocrx_word' id='word_1_578' title='bbox 2167 4504 2407 4572; x_wconf 80' lang='grc' dir='ltr'>συνεχῶς</span> <span class='ocrx_word' id='word_1_579' title='bbox 2438 4503 2845 4574; x_wconf 76' lang='grc' dir='ltr'>πατασσούσης,</span> <span class='ocrx_word' id='word_1_580' title='bbox 2880 4503 2978 4572; x_wconf 82' lang='grc' dir='ltr'>τῆς</span> <span class='ocrx_word' id='word_1_581' title='bbox 3021 4519 3080 4556; x_wconf 87' lang='grc' dir='ltr'><strong>τε</strong></span> <span class='ocrx_word' id='word_1_582' title='bbox 3112 4503 3422 4574; x_wconf 80' lang='grc' dir='ltr'>ὠχρότητος</span> <span class='ocrx_word' id='word_1_583' title='bbox 3460 4501 3558 4565; x_wconf 80' lang='grc' dir='ltr'>τὰς</span> <span class='ocrx_word' id='word_1_584' title='bbox 3591 4517 3740 4568; x_wconf 87' lang='grc' dir='ltr'>παρ-</span> 
     </span>
    </p>
   </div>
   <div class='ocr_carea' id='block_1_87' title="bbox 488 4589 2060 4665">
    <p class='ocr_par' dir='ltr' id='par_1_87' title="bbox 488 4589 2060 4665">
     <span class='ocr_line' id='line_1_88' title="bbox 488 4589 2060 4665; baseline 0.01 -24"><span class='ocrx_word' id='word_1_585' title='bbox 488 4589 601 4644; x_wconf 90' lang='lat' dir='ltr'><strong>lore</strong></span> <span class='ocrx_word' id='word_1_586' title='bbox 625 4590 870 4657; x_wconf 78' lang='lat' dir='ltr'><strong>sutl‘usis,</strong></span> <span class='ocrx_word' id='word_1_587' title='bbox 901 4595 1223 4665; x_wconf 88' lang='lat' dir='ltr'><strong>cunctisque</strong></span> <span class='ocrx_word' id='word_1_588' title='bbox 1249 4598 1483 4652; x_wconf 89' lang='lat' dir='ltr'><strong>artubus</strong></span> <span class='ocrx_word' id='word_1_589' title='bbox 1539 4599 1902 4654; x_wconf 84' lang='lat' dir='ltr'><strong>vehementer</strong></span> <span class='ocrx_word' id='word_1_590' title='bbox 1926 4615 2060 4655; x_wconf 84' lang='lat' dir='ltr'><strong>con-</strong></span> 
     </span>
    </p>
   </div>
   <div class='ocr_carea' id='block_1_88' title="bbox 489 4681 2061 4760">
    <p class='ocr_par' dir='ltr' id='par_1_88' title="bbox 489 4681 2061 4760">
     <span class='ocr_line' id='line_1_89' title="bbox 489 4681 2061 4760; baseline 0.008 -26"><span class='ocrx_word' id='word_1_591' title='bbox 489 4681 952 4748; x_wconf 88' lang='lat' dir='ltr'><strong>tremiscentibus,</strong></span> <span class='ocrx_word' id='word_1_592' title='bbox 986 4687 1142 4754; x_wconf 91' lang='lat' dir='ltr'><strong>operi</strong></span> <span class='ocrx_word' id='word_1_593' title='bbox 1201 4687 1410 4742; x_wconf 89' lang='lat' dir='ltr'><strong>intenta</strong></span> <span class='ocrx_word' id='word_1_594' title='bbox 1465 4699 1624 4755; x_wconf 89' lang='lat' dir='ltr'><strong>erat;</strong></span> <span class='ocrx_word' id='word_1_595' title='bbox 1675 4688 2061 4760; x_wconf 68' lang='lat' dir='ltr'><strong>superruenti-</strong></span> 
     </span>
    </p>
   </div>
   <div class='ocr_carea' id='block_1_89' title="bbox 486 4771 2064 4854">
    <p class='ocr_par' dir='ltr' id='par_1_89' title="bbox 486 4771 2064 4854">
     <span class='ocr_line' id='line_1_90' title="bbox 486 4771 2064 4854; baseline 0.009 -30"><span class='ocrx_word' id='word_1_596' title='bbox 486 4771 618 4828; x_wconf 68' lang='lat' dir='ltr'><strong>litia:</strong></span> <span class='ocrx_word' id='word_1_597' title='bbox 671 4774 869 4830; x_wconf 90' lang='lat' dir='ltr'><strong>ductor</strong></span> <span class='ocrx_word' id='word_1_598' title='bbox 915 4776 1293 4830; x_wconf 88' lang='lat' dir='ltr'><strong>inhumanam</strong></span> <span class='ocrx_word' id='word_1_599' title='bbox 1363 4795 1484 4835; x_wconf 89' lang='lat' dir='ltr'><strong>sese</strong></span> <span class='ocrx_word' id='word_1_600' title='bbox 1532 4781 1772 4851; x_wconf 88' lang='lat' dir='ltr'><strong>speciem</strong></span> <span class='ocrx_word' id='word_1_601' title='bbox 1821 4783 2064 4854; x_wconf 82' lang='lat' dir='ltr'><strong>conﬁgu-</strong></span> 
     </span>
    </p>
   </div>
   <div class='ocr_carea' id='block_1_90' title="bbox 490 4866 2064 4938">
    <p class='ocr_par' dir='ltr' id='par_1_90' title="bbox 490 4866 2064 4938">
     <span class='ocr_line' id='line_1_91' title="bbox 490 4866 2064 4938; baseline 0.007 -22"><span class='ocrx_word' id='word_1_602' title='bbox 490 4879 615 4918; x_wconf 87' lang='lat' dir='ltr'><strong>raus</strong></span> <span class='ocrx_word' id='word_1_603' title='bbox 643 4879 672 4918; x_wconf 91' lang='lat' dir='ltr'><strong>e</strong></span> <span class='ocrx_word' id='word_1_604' title='bbox 699 4866 865 4934; x_wconf 87' lang='lat' dir='ltr'><strong>janua</strong></span> <span class='ocrx_word' id='word_1_605' title='bbox 889 4866 941 4920; x_wconf 92' lang='lat' dir='ltr'><strong>in</strong></span> <span class='ocrx_word' id='word_1_606' title='bbox 971 4877 1330 4938; x_wconf 88' lang='lat' dir='ltr'><strong>conspectum</strong></span> <span class='ocrx_word' id='word_1_607' title='bbox 1362 4869 1441 4924; x_wconf 91' lang='lat' dir='ltr'><strong>illi</strong></span> <span class='ocrx_word' id='word_1_608' title='bbox 1473 4887 1531 4924; x_wconf 88' lang='lat' dir='ltr'><strong>se</strong></span> <span class='ocrx_word' id='word_1_609' title='bbox 1563 4871 1854 4928; x_wconf 84' lang='lat' dir='ltr'><strong>manifeste</strong></span> <span class='ocrx_word' id='word_1_610' title='bbox 1905 4873 2064 4928; x_wconf 81' lang='lat' dir='ltr'><strong>exbi-</strong></span> 
     </span>
    </p>
   </div>
   <div class='ocr_carea' id='block_1_91' title="bbox 489 4953 2067 5032">
    <p class='ocr_par' dir='ltr' id='par_1_91' title="bbox 489 4953 2067 5032">
     <span class='ocr_line' id='line_1_92' title="bbox 489 4953 2067 5032; baseline 0.009 -25"><span class='ocrx_word' id='word_1_611' title='bbox 489 4953 700 5012; x_wconf 85' lang='lat' dir='ltr'><strong>bet:ct</strong></span> <span class='ocrx_word' id='word_1_612' title='bbox 728 4965 856 5012; x_wconf 88' lang='lat' dir='ltr'><strong>tunc</strong></span> <span class='ocrx_word' id='word_1_613' title='bbox 905 4959 1119 5013; x_wconf 88' lang='lat' dir='ltr'><strong>beatam</strong></span> <span class='ocrx_word' id='word_1_614' title='bbox 1172 4959 1321 5014; x_wconf 90' lang='lat' dir='ltr'><strong>illam</strong></span> <span class='ocrx_word' id='word_1_615' title='bbox 1381 4978 1568 5016; x_wconf 89' lang='lat' dir='ltr'><strong>vocem</strong></span> <span class='ocrx_word' id='word_1_616' title='bbox 1622 4965 1885 5032; x_wconf 87' lang='lat' dir='ltr'><strong>protulit;</strong></span> <span class='ocrx_word' id='word_1_617' title='bbox 1935 4974 2067 5021; x_wconf 91' lang='lat' dir='ltr'><strong>tunc</strong></span> 
     </span>
    </p>
   </div>
   <div class='ocr_carea' id='block_1_92' title="bbox 489 5047 2066 5120">
    <p class='ocr_par' dir='ltr' id='par_1_92' title="bbox 489 5047 2066 5120">
     <span class='ocr_line' id='line_1_93' title="bbox 489 5047 2066 5120; baseline 0.007 -21"><span class='ocrx_word' id='word_1_618' title='bbox 489 5047 768 5116; x_wconf 86' lang='lat' dir='ltr'><strong>gaudium,</strong></span> <span class='ocrx_word' id='word_1_619' title='bbox 797 5049 942 5118; x_wconf 87' lang='lat' dir='ltr'><strong>quod</strong></span> <span class='ocrx_word' id='word_1_620' title='bbox 965 5065 1184 5105; x_wconf 91' lang='lat' dir='ltr'><strong>omnem</strong></span> <span class='ocrx_word' id='word_1_621' title='bbox 1232 5063 1460 5120; x_wconf 87' lang='lat' dir='ltr'><strong>superat</strong></span> <span class='ocrx_word' id='word_1_622' title='bbox 1494 5054 1859 5119; x_wconf 88' lang='lat' dir='ltr'><strong>intellectum,</strong></span> <span class='ocrx_word' id='word_1_623' title='bbox 1886 5071 2066 5110; x_wconf 87' lang='lat' dir='ltr'><strong>enun-</strong></span> 
     </span>
    </p>
   </div>
   <div class='ocr_carea' id='block_1_93' title="bbox 493 5139 2066 5206">
    <p class='ocr_par' dir='ltr' id='par_1_93' title="bbox 493 5139 2066 5206">
     <span class='ocr_line' id='line_1_94' title="bbox 493 5139 2066 5206; baseline 0.006 -13"><span class='ocrx_word' id='word_1_624' title='bbox 493 5139 680 5206; x_wconf 90' lang='lat' dir='ltr'><strong>tiavit;</strong></span> <span class='ocrx_word' id='word_1_625' title='bbox 708 5150 837 5196; x_wconf 91' lang='lat' dir='ltr'><strong>tunc</strong></span> <span class='ocrx_word' id='word_1_626' title='bbox 852 5142 1158 5199; x_wconf 75' lang='lat' dir='ltr'><strong>benedicta:</strong></span> <span class='ocrx_word' id='word_1_627' title='bbox 1179 5143 1375 5198; x_wconf 77' lang='lat' dir='ltr'><strong>indixit</strong></span> <span class='ocrx_word' id='word_1_628' title='bbox 1405 5145 1869 5203; x_wconf 88' lang='lat' dir='ltr'><strong>benedictionem.</strong></span> <span class='ocrx_word' id='word_1_629' title='bbox 1891 5149 2066 5204; x_wconf 79' lang='lat' dir='ltr'><strong>Verba</strong></span> 
     </span>
    </p>
   </div>
   <div class='ocr_carea' id='block_1_94' title="bbox 491 5237 2064 5310">
    <p class='ocr_par' dir='ltr' id='par_1_94' title="bbox 491 5237 2064 5310">
     <span class='ocr_line' id='line_1_95' title="bbox 491 5237 2064 5310; baseline 0.006 -24"><span class='ocrx_word' id='word_1_630' title='bbox 491 5242 674 5288; x_wconf 85' lang='lat' dir='ltr'><strong>autem</strong></span> <span class='ocrx_word' id='word_1_631' title='bbox 731 5244 894 5289; x_wconf 64' lang='lat' dir='ltr'><strong>tanta:</strong></span> <span class='ocrx_word' id='word_1_632' title='bbox 948 5237 1152 5291; x_wconf 62' lang='lat' dir='ltr'><strong>la&#39;titia:</strong></span> <span class='ocrx_word' id='word_1_633' title='bbox 1219 5238 1380 5307; x_wconf 89' lang='lat' dir='ltr'><strong>plena</strong></span> <span class='ocrx_word' id='word_1_634' title='bbox 1455 5239 1725 5310; x_wconf 85' lang='lat' dir='ltr'><strong>ejusmodi</strong></span> <span class='ocrx_word' id='word_1_635' title='bbox 1794 5239 2064 5295; x_wconf 86' lang='lat' dir='ltr'><strong>fuerunt:</strong></span> 
     </span>
    </p>
   </div>
   <div class='ocr_carea' id='block_1_95' title="bbox 493 5325 1612 5396">
    <p class='ocr_par' dir='ltr' id='par_1_95' title="bbox 493 5325 1612 5396">
     <span class='ocr_line' id='line_1_96' title="bbox 493 5325 1612 5396; baseline 0.003 -16"><span class='ocrx_word' id='word_1_636' title='bbox 493 5326 618 5385; x_wconf 78' lang='lat' dir='ltr'><strong>Ave,</strong></span> <span class='ocrx_word' id='word_1_637' title='bbox 642 5328 818 5396; x_wconf 76' lang='lat' dir='ltr'><strong>gratia</strong></span> <span class='ocrx_word' id='word_1_638' title='bbox 842 5325 1036 5396; x_wconf 80' lang='lat' dir='ltr'><strong>plena;</strong></span> <span class='ocrx_word' id='word_1_639' title='bbox 1072 5329 1327 5384; x_wconf 78' lang='lat' dir='ltr'><strong>Dominus</strong></span> <span class='ocrx_word' id='word_1_640' title='bbox 1358 5340 1524 5383; x_wconf 84' lang='lat' dir='ltr'><strong>tecum</strong></span> <span class='ocrx_word' id='word_1_641' title='bbox 1545 5330 1612 5383; x_wconf 79' lang='grc'>⁸⁸.</span> 
     </span>
    </p>
   </div>
   <div class='ocr_carea' id='block_1_96' title="bbox 567 5416 2074 5494">
    <p class='ocr_par' dir='ltr' id='par_1_96' title="bbox 567 5416 2074 5494">
     <span class='ocr_line' id='line_1_97' title="bbox 567 5416 2074 5494; baseline 0.01 -26"><span class='ocrx_word' id='word_1_642' title='bbox 567 5416 636 5469; x_wconf 79' lang='grc' dir='ltr'><strong>Χ.</strong></span> <span class='ocrx_word' id='word_1_643' title='bbox 674 5417 846 5472; x_wconf 80' lang='lat' dir='ltr'><strong>Ovox</strong></span> <span class='ocrx_word' id='word_1_644' title='bbox 897 5418 1139 5475; x_wconf 91' lang='lat' dir='ltr'><strong>indolem</strong></span> <span class='ocrx_word' id='word_1_645' title='bbox 1193 5421 1800 5491; x_wconf 68' lang='lat' dir='ltr'><strong>reparationishumaui</strong></span> <span class='ocrx_word' id='word_1_646' title='bbox 1857 5427 2074 5494; x_wconf 85' lang='lat' dir='ltr'><strong>generis</strong></span> 
     </span>
    </p>
   </div>
   <div class='ocr_carea' id='block_1_97' title="bbox 501 5507 2076 5585">
    <p class='ocr_par' dir='ltr' id='par_1_97' title="bbox 501 5507 2076 5585">
     <span class='ocr_line' id='line_1_98' title="bbox 501 5507 2076 5585; baseline 0.009 -25"><span class='ocrx_word' id='word_1_647' title='bbox 501 5507 648 5570; x_wconf 75' lang='lat' dir='ltr'><strong>clare</strong></span> <span class='ocrx_word' id='word_1_648' title='bbox 675 5511 1066 5567; x_wconf 82' lang='lat' dir='ltr'><strong>manifestans!</strong></span> <span class='ocrx_word' id='word_1_649' title='bbox 1105 5513 1364 5580; x_wconf 69' lang='lat' dir='ltr'><strong>Quaenam</strong></span> <span class='ocrx_word' id='word_1_650' title='bbox 1414 5529 1480 5568; x_wconf 80' lang='lat' dir='ltr'><strong>ex</strong></span> <span class='ocrx_word' id='word_1_651' title='bbox 1507 5515 1947 5585; x_wconf 86' lang='lat' dir='ltr'><strong>intelligibilibus</strong></span> <span class='ocrx_word' id='word_1_652' title='bbox 1973 5536 2076 5574; x_wconf 76' lang='lat' dir='ltr'><strong>na-</strong></span> 
     </span>
    </p>
   </div>
   <div class='ocr_carea' id='block_1_98' title="bbox 501 5599 2071 5674">
    <p class='ocr_par' dir='ltr' id='par_1_98' title="bbox 501 5599 2071 5674">
     <span class='ocr_line' id='line_1_99' title="bbox 501 5599 2071 5674; baseline 0.011 -24"><span class='ocrx_word' id='word_1_653' title='bbox 501 5599 646 5654; x_wconf 84' lang='lat' dir='ltr'><strong>turis</strong></span> <span class='ocrx_word' id='word_1_654' title='bbox 683 5609 887 5657; x_wconf 89' lang='lat' dir='ltr'><strong>tantam</strong></span> <span class='ocrx_word' id='word_1_655' title='bbox 931 5603 1162 5674; x_wconf 88' lang='lat' dir='ltr'><strong>gloriam</strong></span> <span class='ocrx_word' id='word_1_656' title='bbox 1194 5607 1402 5660; x_wconf 62' lang='lat' dir='ltr'><strong>sortitae</strong></span> <span class='ocrx_word' id='word_1_657' title='bbox 1437 5606 1608 5661; x_wconf 86' lang='lat' dir='ltr'><strong>sunt?</strong></span> <span class='ocrx_word' id='word_1_658' title='bbox 1641 5606 1898 5673; x_wconf 59' lang='lat' dir='ltr'><strong>Quaenam</strong></span> <span class='ocrx_word' id='word_1_659' title='bbox 1957 5611 2071 5668; x_wconf 70' lang='lat' dir='ltr'><strong>sive</strong></span> 
     </span>
    </p>
   </div>
   <div class='ocr_carea' id='block_1_99' title="bbox 577 5783 930 5857">
    <p class='ocr_par' dir='ltr' id='par_1_99' title="bbox 577 5783 930 5857">
     <span class='ocr_line' id='line_1_100' title="bbox 577 5783 930 5857; baseline 0.008 -16"><span class='ocrx_word' id='word_1_660' title='bbox 577 5784 617 5816; x_wconf 73' lang='lat'><strong>&quot;</strong></span> <span class='ocrx_word' id='word_1_661' title='bbox 641 5783 930 5857; x_wconf 78' lang='lat' dir='ltr'><strong>Luc.t,28.</strong></span> 
     </span>
    </p>
   </div>
   <div class='ocr_carea' id='block_1_100' title="bbox 2167 4593 3741 4666">
    <p class='ocr_par' dir='ltr' id='par_1_100' title="bbox 2167 4593 3741 4666">
     <span class='ocr_line' id='line_1_101' title="bbox 2167 4593 3741 4666; baseline -0.002 -20"><span class='ocrx_word' id='word_1_662' title='bbox 2167 4595 2284 4657; x_wconf 78' lang='grc' dir='ltr'>ειὰς</span> <span class='ocrx_word' id='word_1_663' title='bbox 2315 4595 2760 4666; x_wconf 71' lang='grc' dir='ltr'>ὑπο-γραφούσης,</span> <span class='ocrx_word' id='word_1_664' title='bbox 2802 4596 2894 4648; x_wconf 76' lang='grc' dir='ltr'><strong>καὶ</strong></span> <span class='ocrx_word' id='word_1_665' title='bbox 2939 4595 3157 4648; x_wconf 76' lang='grc' dir='ltr'>πάντων</span> <span class='ocrx_word' id='word_1_666' title='bbox 3187 4595 3294 4648; x_wconf 85' lang='grc' dir='ltr'>τῶν</span> <span class='ocrx_word' id='word_1_667' title='bbox 3321 4593 3500 4664; x_wconf 87' lang='grc' dir='ltr'>μελῶν</span> <span class='ocrx_word' id='word_1_668' title='bbox 3527 4595 3741 4661; x_wconf 75' lang='grc' dir='ltr'>ἐναγω-</span> 
     </span>
    </p>
   </div>
   <div class='ocr_carea' id='block_1_101' title="bbox 2169 4687 3739 4760">
    <p class='ocr_par' dir='ltr' id='par_1_101' title="bbox 2169 4687 3739 4760">
     <span class='ocr_line' id='line_1_102' title="bbox 2169 4687 3739 4760; baseline 0 -21"><span class='ocrx_word' id='word_1_669' title='bbox 2169 4687 2296 4748; x_wconf 74' lang='grc' dir='ltr'>νίως</span> <span class='ocrx_word' id='word_1_670' title='bbox 2327 4689 2638 4742; x_wconf 81' lang='grc' dir='ltr'>παλλόντων</span> <span class='ocrx_word' id='word_1_671' title='bbox 2663 4705 2676 4719; x_wconf 73' lang='grc'><strong><em>⁸</em></strong></span> <span class='ocrx_word' id='word_1_672' title='bbox 2730 4691 2922 4741; x_wconf 73' lang='grc' dir='ltr'>ἑαυτὸν</span> <span class='ocrx_word' id='word_1_673' title='bbox 2957 4691 3094 4759; x_wconf 73' lang='grc' dir='ltr'><strong>πρῦς</strong></span> <span class='ocrx_word' id='word_1_674' title='bbox 3124 4690 3184 4742; x_wconf 79' lang='grc' dir='ltr'>τὸ</span> <span class='ocrx_word' id='word_1_675' title='bbox 3235 4689 3574 4760; x_wconf 82' lang='grc' dir='ltr'>ἀνθρώπινον</span> <span class='ocrx_word' id='word_1_676' title='bbox 3606 4704 3739 4756; x_wconf 81' lang='grc' dir='ltr'>σχη-</span> 
     </span>
    </p>
   </div>
   <div class='ocr_carea' id='block_1_102' title="bbox 2174 4777 3742 4849">
    <p class='ocr_par' dir='ltr' id='par_1_102' title="bbox 2174 4777 3742 4849">
     <span class='ocr_line' id='line_1_103' title="bbox 2174 4777 3742 4849; baseline -0.002 -19"><span class='ocrx_word' id='word_1_677' title='bbox 2174 4781 2406 4849; x_wconf 83' lang='grc' dir='ltr'>ματίσας</span> <span class='ocrx_word' id='word_1_678' title='bbox 2428 4783 2456 4830; x_wconf 90' lang='grc' dir='ltr'>ὀ</span> <span class='ocrx_word' id='word_1_679' title='bbox 2482 4780 2920 4849; x_wconf 70' lang='grc' dir='ltr'>ἀρχιστράτηγος</span> <span class='ocrx_word' id='word_1_680' title='bbox 2953 4777 3113 4846; x_wconf 71' lang='grc' dir='ltr'>εἶδος,</span> <span class='ocrx_word' id='word_1_681' title='bbox 3154 4780 3402 4844; x_wconf 77' lang='grc' dir='ltr'>ὲνωπίως</span> <span class='ocrx_word' id='word_1_682' title='bbox 3429 4780 3537 4832; x_wconf 76' lang='grc' dir='ltr'><strong>ἀπὸ</strong></span> <span class='ocrx_word' id='word_1_683' title='bbox 3569 4778 3742 4847; x_wconf 55' lang='lat' dir='ltr'><strong>(lupa;</strong></span> 
     </span>
    </p>
   </div>
   <div class='ocr_carea' id='block_1_103' title="bbox 2171 4871 3742 4944">
    <p class='ocr_par' dir='ltr' id='par_1_103' title="bbox 2171 4871 3742 4944">
     <span class='ocr_line' id='line_1_104' title="bbox 2171 4871 3742 4944; baseline -0.004 -19"><span class='ocrx_word' id='word_1_684' title='bbox 2171 4874 2306 4941; x_wconf 80' lang='grc' dir='ltr'>αὑτῇ</span> <span class='ocrx_word' id='word_1_685' title='bbox 2343 4875 2703 4942; x_wconf 72' lang='grc' dir='ltr'>προιραίνεται</span> <span class='ocrx_word' id='word_1_686' title='bbox 2727 4891 2740 4903; x_wconf 74' lang='grc' dir='ltr'><strong>ο</strong></span> <span class='ocrx_word' id='word_1_687' title='bbox 2792 4875 2885 4926; x_wconf 77' lang='grc' dir='ltr'><strong>καὶ</strong></span> <span class='ocrx_word' id='word_1_688' title='bbox 2913 4875 3033 4926; x_wconf 84' lang='grc' dir='ltr'>τότε</span> <span class='ocrx_word' id='word_1_689' title='bbox 3089 4873 3185 4944; x_wconf 75' lang='grc' dir='ltr'><strong>τὴν</strong></span> <span class='ocrx_word' id='word_1_690' title='bbox 3219 4872 3497 4942; x_wconf 82' lang='grc' dir='ltr'>μακαρίαν</span> <span class='ocrx_word' id='word_1_691' title='bbox 3524 4871 3742 4938; x_wconf 75' lang='grc' dir='ltr'>εκείνην</span> 
     </span>
    </p>
   </div>
   <div class='ocr_carea' id='block_1_104' title="bbox 2169 4964 3741 5034">
    <p class='ocr_par' dir='ltr' id='par_1_104' title="bbox 2169 4964 3741 5034">
     <span class='ocr_line' id='line_1_105' title="bbox 2169 4964 3741 5034; baseline -0.007 -13"><span class='ocrx_word' id='word_1_692' title='bbox 2169 4964 2403 5034; x_wconf 80' lang='grc' dir='ltr'>ὲνήχησε</span> <span class='ocrx_word' id='word_1_693' title='bbox 2432 4965 2616 5033; x_wconf 78' lang='grc' dir='ltr'>φωνήν</span> <span class='ocrx_word' id='word_1_694' title='bbox 2643 4981 2654 4994; x_wconf 75' lang='grc' dir='ltr'><strong>ο</strong></span> <span class='ocrx_word' id='word_1_695' title='bbox 2685 4965 2804 5016; x_wconf 73' lang='grc' dir='ltr'>τότε</span> <span class='ocrx_word' id='word_1_696' title='bbox 2841 4965 2939 5034; x_wconf 81' lang='grc' dir='ltr'>τὴν</span> <span class='ocrx_word' id='word_1_697' title='bbox 2968 4965 3109 5033; x_wconf 78' lang='grc' dir='ltr'>ὑπὲρ</span> <span class='ocrx_word' id='word_1_698' title='bbox 3134 4964 3342 5017; x_wconf 74' lang='grc' dir='ltr'>ἔννοιαν</span> <span class='ocrx_word' id='word_1_699' title='bbox 3368 4965 3604 5032; x_wconf 76' lang='grc' dir='ltr'>ἐμήνυσε</span> <span class='ocrx_word' id='word_1_700' title='bbox 3641 4980 3741 5030; x_wconf 67' lang='grc' dir='ltr'>χα-</span> 
     </span>
    </p>
   </div>
   <div class='ocr_carea' id='block_1_105' title="bbox 2175 5046 3743 5129">
    <p class='ocr_par' dir='ltr' id='par_1_105' title="bbox 2175 5046 3743 5129">
     <span class='ocr_line' id='line_1_106' title="bbox 2175 5046 3743 5129; baseline -0.004 -20"><span class='ocrx_word' id='word_1_701' title='bbox 2175 5059 2304 5128; x_wconf 68' lang='grc' dir='ltr'><strong>ρᾶιψ</strong></span> <span class='ocrx_word' id='word_1_702' title='bbox 2343 5058 2464 5109; x_wconf 89' lang='grc' dir='ltr'>τότε</span> <span class='ocrx_word' id='word_1_703' title='bbox 2506 5061 2570 5128; x_wconf 77' lang='grc' dir='ltr'>τῇ</span> <span class='ocrx_word' id='word_1_704' title='bbox 2607 5057 2950 5129; x_wconf 81' lang='grc' dir='ltr'>εὑλογημὲνῃ</span> <span class='ocrx_word' id='word_1_705' title='bbox 3000 5057 3097 5128; x_wconf 77' lang='grc' dir='ltr'><strong>τὴν</strong></span> <span class='ocrx_word' id='word_1_706' title='bbox 3153 5056 3402 5124; x_wconf 80' lang='grc' dir='ltr'>εὐλογίαν</span> <span class='ocrx_word' id='word_1_707' title='bbox 3451 5046 3743 5123; x_wconf 73' lang='grc' dir='ltr'>ἐκήρυξεν.</span> 
     </span>
    </p>
   </div>
   <div class='ocr_carea' id='block_1_106' title="bbox 2185 5145 3747 5220">
    <p class='ocr_par' dir='ltr' id='par_1_106' title="bbox 2185 5145 3747 5220">
     <span class='ocr_line' id='line_1_107' title="bbox 2185 5145 3747 5220; baseline -0.004 -19"><span class='ocrx_word' id='word_1_708' title='bbox 2185 5150 2248 5201; x_wconf 79' lang='grc' dir='ltr'><strong>Ἠ</strong></span> <span class='ocrx_word' id='word_1_709' title='bbox 2271 5149 2325 5201; x_wconf 83' lang='grc' dir='ltr'>δὲ</span> <span class='ocrx_word' id='word_1_710' title='bbox 2352 5148 2461 5202; x_wconf 81' lang='grc' dir='ltr'>τῶν</span> <span class='ocrx_word' id='word_1_711' title='bbox 2495 5151 2758 5218; x_wconf 76' lang='grc' dir='ltr'>ῥημάτων</span> <span class='ocrx_word' id='word_1_712' title='bbox 2792 5149 3099 5220; x_wconf 74' lang='grc' dir='ltr'>εὐφροσύνη</span> <span class='ocrx_word' id='word_1_713' title='bbox 3143 5149 3332 5202; x_wconf 79' lang='grc' dir='ltr'>τοῦτον</span> <span class='ocrx_word' id='word_1_714' title='bbox 3369 5149 3483 5216; x_wconf 74' lang='grc' dir='ltr'>ἔχει</span> <span class='ocrx_word' id='word_1_715' title='bbox 3535 5147 3627 5196; x_wconf 73' lang='grc' dir='ltr'><strong>τὸν</strong></span> <span class='ocrx_word' id='word_1_716' title='bbox 3655 5145 3747 5195; x_wconf 77' lang='grc' dir='ltr'>λό-</span> 
     </span>
    </p>
   </div>
   <div class='ocr_carea' id='block_1_107' title="bbox 2174 5237 3676 5310">
    <p class='ocr_par' dir='ltr' id='par_1_107' title="bbox 2174 5237 3676 5310">
     <span class='ocr_line' id='line_1_108' title="bbox 2174 5237 3676 5310; baseline -0.005 -16"><span class='ocrx_word' id='word_1_717' title='bbox 2174 5257 2267 5309; x_wconf 87' lang='grc' dir='ltr'><strong>γον</strong></span> <span class='ocrx_word' id='word_1_718' title='bbox 2289 5258 2305 5273; x_wconf 78' lang='grc'><em>’</em></span> <span class='ocrx_word' id='word_1_719' title='bbox 2340 5240 2536 5309; x_wconf 78' lang='grc' dir='ltr'>Χαῖρε,</span> <span class='ocrx_word' id='word_1_720' title='bbox 2566 5241 3025 5310; x_wconf 77' lang='grc' dir='ltr'>κεχαριτωμένη,</span> <span class='ocrx_word' id='word_1_721' title='bbox 3055 5245 3086 5295; x_wconf 89' lang='grc' dir='ltr'><em>ὀ</em></span> <span class='ocrx_word' id='word_1_722' title='bbox 3121 5241 3336 5308; x_wconf 77' lang='grc' dir='ltr'>Κύριος</span> <span class='ocrx_word' id='word_1_723' title='bbox 3353 5239 3502 5308; x_wconf 76' lang='grc' dir='ltr'>μετὰ</span> <span class='ocrx_word' id='word_1_724' title='bbox 3539 5237 3676 5291; x_wconf 87' lang='grc' dir='ltr'>σοῦ.</span> 
     </span>
    </p>
   </div>
   <div class='ocr_carea' id='block_1_108' title="bbox 2246 5422 3746 5496">
    <p class='ocr_par' dir='ltr' id='par_1_108' title="bbox 2246 5422 3746 5496">
     <span class='ocr_line' id='line_1_109' title="bbox 2246 5422 3746 5496; baseline -0.007 -16"><span class='ocrx_word' id='word_1_725' title='bbox 2246 5429 2302 5481; x_wconf 89' lang='lat' dir='ltr'><strong>l&#39;.</strong></span> <span class='ocrx_word' id='word_1_726' title='bbox 2341 5427 2404 5479; x_wconf 87' lang='grc' dir='ltr'>Ὢ</span> <span class='ocrx_word' id='word_1_727' title='bbox 2431 5425 2614 5496; x_wconf 79' lang='grc' dir='ltr'>φωνῆς</span> <span class='ocrx_word' id='word_1_728' title='bbox 2659 5427 2758 5496; x_wconf 82' lang='grc' dir='ltr'>τῆς</span> <span class='ocrx_word' id='word_1_729' title='bbox 2787 5425 2881 5478; x_wconf 83' lang='grc' dir='ltr'>τοῦ</span> <span class='ocrx_word' id='word_1_730' title='bbox 2928 5424 3120 5493; x_wconf 80' lang='grc' dir='ltr'>γένους</span> <span class='ocrx_word' id='word_1_731' title='bbox 3153 5424 3508 5484; x_wconf 82' lang='grc' dir='ltr'>ἀναπλάσεως</span> <span class='ocrx_word' id='word_1_732' title='bbox 3541 5422 3746 5490; x_wconf 78' lang='grc' dir='ltr'>ἐμφαι-</span> 
     </span>
    </p>
   </div>
   <div class='ocr_carea' id='block_1_109' title="bbox 2173 5511 3747 5587">
    <p class='ocr_par' dir='ltr' id='par_1_109' title="bbox 2173 5511 3747 5587">
     <span class='ocr_line' id='line_1_110' title="bbox 2173 5511 3747 5587; baseline -0.007 -15"><span class='ocrx_word' id='word_1_733' title='bbox 2173 5519 2372 5587; x_wconf 78' lang='grc' dir='ltr'>νοὺσης</span> <span class='ocrx_word' id='word_1_734' title='bbox 2403 5517 2495 5570; x_wconf 80' lang='grc' dir='ltr'><strong>τὸν</strong></span> <span class='ocrx_word' id='word_1_735' title='bbox 2542 5517 2761 5587; x_wconf 83' lang='grc' dir='ltr'>τρόπον.</span> <span class='ocrx_word' id='word_1_736' title='bbox 2813 5518 2969 5570; x_wconf 80' lang='grc' dir='ltr'>Ποῖαι</span> <span class='ocrx_word' id='word_1_737' title='bbox 3016 5517 3201 5586; x_wconf 62' lang='lat' dir='ltr'><strong>vespa).</strong></span> <span class='ocrx_word' id='word_1_738' title='bbox 3253 5515 3443 5583; x_wconf 73' lang='grc' dir='ltr'>φύσεις</span> <span class='ocrx_word' id='word_1_739' title='bbox 3488 5511 3747 5578; x_wconf 71' lang='grc' dir='ltr'>τοιαύτην</span> 
     </span>
    </p>
   </div>
   <div class='ocr_carea' id='block_1_110' title="bbox 2173 5603 3749 5682">
    <p class='ocr_par' dir='ltr' id='par_1_110' title="bbox 2173 5603 3749 5682">
     <span class='ocr_line' id='line_1_111' title="bbox 2173 5603 3749 5682; baseline -0.006 -17"><span class='ocrx_word' id='word_1_740' title='bbox 2173 5609 2636 5682; x_wconf 82' lang='grc' dir='ltr'>ἀπεκληρώσαντο</span> <span class='ocrx_word' id='word_1_741' title='bbox 2686 5610 2882 5677; x_wconf 76' lang='grc' dir='ltr'>δόξαν;</span> <span class='ocrx_word' id='word_1_742' title='bbox 2943 5614 3088 5663; x_wconf 87' lang='grc' dir='ltr'>ποῖαι</span> <span class='ocrx_word' id='word_1_743' title='bbox 3150 5605 3469 5677; x_wconf 66' lang='grc' dir='ltr'>χερουϐικαί</span> <span class='ocrx_word' id='word_1_744' title='bbox 3534 5621 3594 5657; x_wconf 82' lang='grc' dir='ltr'><strong>τε</strong></span> <span class='ocrx_word' id='word_1_745' title='bbox 3651 5603 3749 5656; x_wconf 78' lang='grc' dir='ltr'>καὶ</span> 
     </span>
    </p>
   </div>
  </div>
