4122 6212
463 241 561 305 6ll

1233 240 1517 301 ORATIO
1553 239 1633 299 IN
1671 236 2365 299 ANNUNTIATIONEM
2415 242 2519 303 SS.
2564 242 2937 305 DEIPARJE.

3612 253 3723 318 642

463 349 763 422 σεραφικαὶ
814 350 1079 417 Δυνάμεις
1114 352 1179 421 τῇ
1210 349 1532 419 καταλλήλῳ
1567 347 1931 418 ὲδοξὶσθησαν
1962 364 2045 399 τι-

2153 347 2467 405 ειιοτυιιὶοιυ
2500 352 2614 406 sive
2648 354 2953 423 scraphirze
2998 356 3237 413 Virtutes
3286 359 3453 414 simili
3509 361 3719 419 honore

465 447 581 514 pii;
617 443 764 503 τίνες
792 441 980 510 Θρόνοι
1012 441 1104 495 καὶ
1138 441 1476 512 κυριότητες
1517 440 1777 509 τοιαύτης
1811 439 2043 507 μετέλα-

465 554 558 611 κον
608 535 707 603 τῆς
753 516 941 599 ἀξίάςς
993 534 1157 588 τίνων
1199 534 1607 603 πολυομμάτων
1656 533 2043 602 λαμπρότητες

463 625 712 679 τοιοῦτον
777 626 1164 695 ἀπολάμπουτι
1221 628 1376 695 φὼςς
1432 627 1600 679 ποίων
1674 627 1884 696 ’Δρχῶν
1950 627 2043 678 καὶ

475 714 766 780 Ἐξουσιῶν
792 714 1207 784 μεγαλειότητες
1240 716 1317 777 είς
1344 714 1596 768 τοσοῦτον
1629 714 1762 783 ὕψος
1793 714 2042 787 ἐπήρθη-

466 826 585 870 σαν,
618 809 700 871 είς
728 808 851 860 ὅσον
877 808 1014 877 αὑτὴ
1049 808 1413 878 ἁνεϐιϐἀσοης
1449 809 1607 879 μόνη,
1646 809 1807 862 αὐτὸν
1834 810 2042 861 ἐκεῖνον

467 901 634 968 σαρκὶ
679 896 771 950 τὸν
819 899 1164 969 Δημιουργὸν
1196 900 1452 953 ἁπάντων
1501 903 1592 953 καὶ
1652 901 1855 987 Κύριον
1905 901 2040 952 ἁπη-

463 990 715 1058 κυήσασα
741 1006 755 1053 ;
793 989 857 1040 Ὢ
892 989 998 1041 τῶν
1027 990 1134 1043 σῶν
1186 986 1493 1059 μεγαλείων
1519 991 1531 1043 l
1564 990 1607 1045 ὦ
1632 986 1739 1044 τῶν
1784 991 1925 1061 ὑπὲρ
1954 992 2042 1043 ἒν-

464 1083 615 1136 νοιάν
679 1100 774 1136 σου
823 1082 1201 1153 διιρημάτωνι
1259 1085 1455 1152 Χαῖρε,
1498 1085 1961 1155 κεχαριτωμένη,
2009 1087 2041 1138 ὁ

466 1164 679 1240 Κύριος
703 1171 854 1243 μετὰ
887 1166 1026 1229 σοῦ.
1064 1176 1187 1240 Πῶς
1222 1177 1296 1247 μὴ
1320 1178 1486 1247 φρίξῃ
1511 1177 1834 1248 προσϐαλὼν
1861 1178 1890 1229 ὁ
1915 1175 2041 1239 νοῦς

465 1268 543 1335 τῷ
582 1267 821 1336 Θαύματι
849 1284 863 1335 ;
896 1269 1015 1331 Ilii);
1043 1269 1117 1339 μὴ
1142 1272 1268 1333 τοὺς
1301 1271 1535 1333 οἰκείους
1562 1272 1719 1340 ὅρους
1761 1270 1918 1340 ἐκϐῇ,
1950 1270 2041 1320 καὶ

467 1358 565 1428 τῆς
593 1359 870 1429 ἐνεργείας
903 1361 1159 1415 ἁπάντων
1197 1363 1528 1434 ἀποπαυοῇς
1574 1364 1892 1431 Ἀσώματος
1953 1363 2041 1429 ἐξ·

468 1452 653 1521 ηχείτο
680 1448 852 1520 φωνὴ,
889 1453 984 1504 καὶ
1012 1454 1040 1506 ὁ
1068 1451 1161 1519 τοῦ
1193 1452 1326 1507 Θεοῦ
1357 1454 1763 1524 ἀσχημάτιστος
1793 1455 1921 1519 Υἱὸς
1944 1456 2042 1528 τὴν

470 1543 787 1613 σωματικὴν
818 1542 1083 1597 ὑπεδύετο
1117 1545 1278 1613 φύσιν
1298 1561 1313 1576 ο
1350 1545 1505 1614 λόγος
1544 1546 1699 1616 ψιλὸς
1730 1549 2043 1619 προήρχετο

468 1632 564 1701 τὴν
580 1634 753 1702 χαρὰν
779 1634 1314 1705 προσφθεγγόμενος.
1343 1645 1435 1693 καὶ
1467 1641 1494 1692 ὀ
1522 1638 1845 1712 ύπερούσιος
1869 1641 2041 1711 Λόγος
2073 1678 2117 1739 Β

465 1723 564 1792 τὴν
593 1724 687 1793 τῆς
717 1726 917 1797 σαρκὸς
944 1727 1252 1799 ὲμοριθοῦτο
1273 1727 1581 1800 παχύτητα.

539 1993 641 2047 IA'.
669 1993 777 2046 Καὶ
812 1993 935 2062 ὅρα,
990 1993 1265 2067 ἀγαπητὲ,
1308 1998 1367 2051 τὸ
1401 2000 1460 2051 ὲν
1499 2001 1611 2065 τοῖς
1650 1999 1847 2064 τύποις
1879 2002 2041 2059 σεϐά-

467 2098 646 2151 σμιον.
690 2082 930 2135 Ἀνωοεν
975 2086 1476 2153 προκατεϐάλλοντο
1512 2088 1605 2142 τοῦ
1649 2092 1951 2162 μυστηρίου
1976 2093 2044 2148 τὰ

469 2172 735 2240 σύμϐολα,
762 2175 854 2226 καὶ
880 2176 1127 2243 φρικώδη
1174 2178 1347 2231 ταῦτα
1383 2181 1874 2253 σκιαγραιρούμενα
1906 2183 2044 2238 καο-

470 2263 653 2317 ίστατο
675 2305 690 2329 ,
723 2266 782 2319 οὗ
812 2269 970 2335 μόνον
998 2272 1109 2330 τοῖς
1148 2274 1695 2342 μυσταγωγουμένοις
1715 2276 2045 2347 προφήταις,

465 2355 601 2409 ἀλλὰ
631 2358 721 2409 καὶ
746 2358 929 2419 αὐτοῖς
948 2361 1053 2421 τοῖ,
1086 2359 1262 2428 ἁγίοις
1286 2354 1570 2431 ἀγγέλοις·
1602 2364 1697 2418 καὶ
1730 2366 1829 2436 οὐχ
1858 2363 2044 2431 ἁπλῶς

467 2448 743 2517 ἀγγέλοις,
786 2450 921 2504 ἀλλὰ
978 2454 1091 2514 τοῖς
1149 2452 1245 2523 τὴν
1307 2455 1569 2509 ἀνωτάτω
1621 2455 1775 2521 τάξιν
1816 2457 2043 2528 λαχοῦσι

469 2542 715 2611 σεραφίμ
735 2560 748 2573 ·
786 2545 879 2597 καὶ
910 2545 1094 2608 αὐτοῖς
1124 2548 1231 2615 γὰρ
1256 2547 1486 2617 φοϐερὸς
1512 2551 1540 2601 ὁ
1567 2549 1758 2614 τύπος,
1788 2549 1881 2603 καὶ
1905 2551 2042 2603 ἀκα-

468 2629 743 2703 τάληπτος
779 2633 811 2702 ή
855 2636 1192 2704 σκιαγραφέα
1225 2638 1460 2706 προσῆν,
1499 2637 1616 2702 πῶς
1647 2639 1740 2691 καὶ
1784 2639 1892 2692 τίνι
1916 2640 2042 2709 τρό-

468 2739 575 2791 πῳ,
615 2722 752 2774 αὐτὰ
790 2723 856 2775 τὰ
889 2726 1205 2794 προυςητεκᾶ
1230 2727 1642 2799 διερμηνεύσειε
1669 2729 1846 2799 λόγια.
1879 2731 2043 2798 Λέγει

466 2813 596 2881 γάρ’
639 2815 742 2866 It'ul
780 2814 1121 2883 ἀπεστάλη,
1158 2820 1322 2887 φησὶ,
1351 2820 1504 2888 πρός
1524 2837 1601 2888 με
1628 2819 1699 2873 ἓν
1729 2817 1848 2873 τῶν
1873 2836 2046 2889 cepa-

466 2908 575 2972 ,ρίμ
600 2921 611 2933 ·
644 2907 736 2959 καὶ
765 2906 833 2959 ἐν
860 2904 927 2974 τῇ
960 2908 1106 2975 χειρὶ
1136 2904 1300 2978 εἶχεν
1324 2910 1592 2979 ἄνθρακα
1618 2912 1830 2982 art-pec,
1869 2912 1943 2967 ὃν
1974 2914 2044 2967 ἐν

2146 447 2273 490 sunt
2302 439 2722 494 cundeeuratm?
2754 444 2985 508 Quinam
3013 445 3224 500 Throui
3247 464 3344 503 seu
3381 450 3719 507 Dominatio—

2145 543 2243 583 nes
2280 538 2440 585 tanta:
2471 531 2753 601 dignitatis
2807 537 3107 605 participes
3165 540 3348 595 eﬂeeti
3381 544 3548 597 sunt?
3581 542 3718 609 Qui-

2145 634 2269 673 nam
2298 619 2722 676 multoculorum
2769 626 3133 693 (angelorum)
3202 630 3531 698 splendores
3571 640 3719 687 tanta

2143 710 2269 769 luce
2322 713 2597 767 emicant?
2656 713 2899 783 Quorum
2968 718 3085 772 sive
3144 720 3553 791 l‘rincipatuum
3606 725 3723 781 sive

2150 803 2489 859 Potestatum
2552 806 2957 875 magnificentia
3002 809 3067 862 ad
3125 819 3337 865 tantum
3381 814 3726 871 celsitudinis

2141 902 2332 948 evecta
2362 902 2469 957 est,
2502 895 2569 948 ad
2601 908 2860 965 quantam
2893 899 3008 968 ipsa
3049 901 3164 954 sola
3192 904 3431 963 exaltata
3487 920 3568 970 es,
3600 920 3729 975 quae

2141 982 2397 1038 eumdem
2430 984 2583 1039 illum
2612 987 2998 1042 universorum
3033 990 3379 1046 conditorem
3419 1009 3485 1048 ac
3533 995 3727 1055 Domi,-

2144 1089 2274 1127 nmu
2298 1090 2462 1130 carne
2510 1076 2760 1132 indutum
2788 1079 2843 1132 in
2877 1089 3037 1134 utero
3057 1083 3282 1150 gestasti
3307 1082 3331 1135 ?
3359 1081 3403 1136 0
3454 1084 3727 1155 magnalia

2145 1165 2272 1219 tua!
2301 1180 2334 1219 ο
2372 1182 2599 1221 munera
2631 1183 2798 1238 super
2828 1184 3047 1224 omnem
3099 1181 3317 1241 captum
3356 1172 3455 1227 tibi
3481 1174 3678 1227 collata
3704 1175 3718 1226 ι
3748 1244 3755 1247 γ

2147 1257 2269 1317 Ave.
2298 1257 2475 1326 gratia
2495 1256 2691 1328 plena;
2726 1258 2977 1314 Dominus
3001 1268 3190 1316 tecum.
3242 1262 3346 1328 Qui
3404 1273 3720 1334 portentum

2142 1347 2499 1403 considerans
2552 1338 2780 1404 animus
2842 1365 2952 1404 non
2996 1352 3386 1406 exhorrescat?
3436 1352 3723 1419 Quomodo

2143 1452 2253 1491 non
2284 1447 2438 1493 extra
2465 1452 2525 1492 se
2555 1439 2821 1507 rapiatur,
2847 1440 3168 1511 viribusque
3205 1443 3425 1512 penitus
3453 1443 3724 1505 deﬁciat?

2143 1525 2436 1581 lnsonabat
2463 1542 2569 1582 vox
2620 1528 2968 1598 incorporea,
3018 1539 3075 1585 et
3117 1546 3438 1602 corpoream
3471 1542 3722 1588 naturam

2144 1614 2240 1670 Dei
2275 1615 2467 1683 Filius,
2499 1618 2681 1673 omnis
2732 1635 2828 1689 per
2857 1636 2917 1675 se
2966 1621 3151 1692 ﬁgurm
3192 1637 3406 1689 exsors,
3460 1623 3727 1690 subibat;

2146 1723 2379 1762 vacuum
2412 1710 2641 1779 praeibat
2678 1712 2935 1775 verbum.
2964 1714 3227 1785 gaudium
3276 1714 3635 1782 denuntians,
3666 1726 3725 1771 et

2143 1798 2385 1855 Verbum
2411 1800 2942 1869 supersubstantiale
2986 1805 3329 1865 materialem
3384 1808 3568 1864 carnis
3605 1808 3724 1863 for-

2142 1906 2287 1946 mam
2316 1893 2657 1951 assumebat.

2214 1982 2306 2037 XI.
2341 1984 2410 2039 Et
2440 1984 2590 2049 vide.
2627 2000 2659 2039 ο
2709 1985 3090 2052 dilectissime,
3126 2003 3292 2059 quam
3349 1999 3578 2058 augusta
3635 1992 3723 2047 vel

2144 2071 2201 2126 in
2238 2072 2370 2139 ipsis
2401 2071 2590 2144 ﬁguris
2617 2075 2719 2130 ista
2759 2086 3085 2146 appareant.
3132 2077 3369 2133 leitus
3414 2088 3632 2135 ostensa
3668 2082 3723 2135 in

2143 2175 2495 2222 antecessum
2529 2174 2659 2221 sunt
2689 2168 2935 2238 mysterii
2980 2168 3147 2238 hujus
3179 2169 3459 2241 symbola;
3485 2185 3549 2224 ac
3595 2171 3725 2227 licet

2144 2256 2358 2312 umbris
2421 2258 2755 2328 quibusdam
2823 2261 3208 2315 tantummodo
3259 2261 3722 2328 delinearentur.

2145 2349 2429 2406 tremenda
2466 2360 2650 2407 tamen
2681 2353 2799 2407 hate
2852 2353 2970 2408 visa
3000 2362 3129 2408 sunt
3156 2368 3266 2408 non
3289 2354 3454 2409 modo
3484 2356 3727 2426 prophe-

2146 2442 2215 2496 tis
2239 2443 2553 2499 divinorum
2596 2458 2926 2499 arcanorum
2952 2445 3208 2510 consciis,
3245 2462 3436 2501 verum
3492 2456 3549 2502 et
3591 2448 3733 2519 ipsis

2144 2535 2349 2590 sanctis
2379 2534 2627 2606 angelis;
2659 2535 2771 2590 imo
2801 2551 2911 2591 non
2955 2536 3164 2607 angelis
3194 2537 3598 2603 tantummodo,
3626 2540 3731 2595 sed

2144 2625 2311 2680 etiam
2337 2625 2648 2696 Seraphim,
2671 2625 2916 2681 omnium
2949 2625 3318 2680 celsissimum
3352 2627 3600 2681 ordinem
3632 2625 3727 2681 ob-

2145 2717 2486 2772 tinentibus:
2522 2732 2647 2772 nam
2684 2728 2740 2773 et
2767 2718 2919 2772 hisce
2950 2727 3159 2773 terrore
3190 2718 3388 2788 plenus
3423 2716 3726 2773 exsistebat

2146 2820 2326 2881 typus,
2355 2820 2411 2865 et
2444 2809 3015 2881 incomprehensibilis
3041 2820 3161 2867 erat
3182 2811 3553 2877 adumbratio,
3585 2825 3727 2881 quo.

2145 2905 2331 2970 modo,
2367 2920 2541 2976 quave
2612 2904 2847 2969 ratione,
2878 2903 2992 2975 ipsa
3048 2902 3371 2974 prophetica
3421 2903 3718 2974 explanent

466 2992 540 3061 τῇ
580 2996 775 3048 λαόίδι
829 2997 1046 3050 ἐλαϐεν
1104 2998 1224 3053 ἀπὸ
1253 3001 1361 3055 τοῦ
1405 3005 1883 3073 θυσιαστηρίου’
1941 3004 2039 3057 καὶ

2147 3002 2384 3059 oracula.
2418 3001 2679 3071 luquiunt
2708 3000 2856 3079 epim
2891 3019 2904 3054 :
2942 3000 3008 3055 Et
3039 3001 3225 3055 missus
3245 3008 3320 3054 est
3346 3000 3417 3055 ad
3450 3015 3529 3055 me
3577 3014 3716 3054 unus

467 3082 667 3152 ἥψατο
735 3086 842 3139 τοῦ
908 3090 1210 3158 στόματός
1261 3109 1415 3160 μου,
1472 3091 1569 3145 καὶ
1633 3088 1830 3146 εἶπεν
1891 3092 2036 3147 Ἰδοὺ

467 3177 667 3246 ἥψατο
708 3178 827 3233 τῶν
851 3181 1100 3248 χειλέων
1121 3197 1258 3247 σου,
1282 3185 1376 3238 καὶ
1408 3185 1622 3251 ἀφελεῖ
1647 3186 1755 3256 τὰς
1786 3188 2040 3256 ἀνομίας

468 3288 583 3325 σου
616 3272 712 3325 καὶ
742 3272 1032 3342 ἁμαρτίας
1059 3276 1481 3344 περικαθαριεῑ.

539 3453 694 3514 Τίνος
720 3454 877 3522 χάριν
900 3452 961 3505 ού
1000 3456 1179 3524 γυμνῇ
1210 3458 1278 3526 τῇ
1311 3455 1747 3530 σχηματισθείσῃ
1780 3461 1925 3529 χειρὶ
1951 3461 2042 3515 τοῦ

472 3542 743 3611 ἄνθρακος
774 3542 833 3595 τὸ
865 3546 1137 3613 σεραφεὶμ.
1190 3547 1638 3617 περιδράσσεται,
1691 3550 1827 3605 ἀλλὰ
1855 3555 1922 3623 τῇ
1946 3553 2041 3605 λα-

470 3635 579 3686 ϐἰδι
615 3635 917 3703 χρώμενον,
974 3634 1164 3707 ὥσπερ
1214 3637 1359 3700 τινὸς
1396 3637 1735 3695 ἀναλωτικοῦ
1784 3644 1954 3715 πυρὸς
1982 3646 2042 3699 τὸ

471 3727 727 3779 nuer
759 3724 1228 3794 διωθεῖταιςὌτι
1273 3729 1335 3782 οὐ
1371 3729 1534 3801 μόν.ν
1564 3734 1661 3803 τὴν
1694 3733 1788 3785 τοῦ
1835 3752 2044 3808 μυστη-

454 3814 590 3890 ’ρίου
628 3820 956 3888 κατανόησιν
1010 3819 1386 3889 ἀμηχανοῦσιν
1437 3824 1494 3875 αἱ
1545 3825 1732 3894 νοεραὶ
1759 3825 2037 3896 δυνάμεις,

467 3911 603 3964 ἀλλὰ
635 3913 727 3963 καὶ
781 3910 879 3981 τὴν
909 3910 1074 3964 αὑτοῦ
1122 3912 1401 3965 διακονίαν
1433 3914 1899 3986 ὲγχειριζόμεναι,
1940 3921 2042 3973 οὐκ

470 4004 536 4056 ἂν
588 4003 945 4074 ἐξαρκέσειαν
987 4004 1123 4074 πρὸς
1178 4004 1566 4077 λειτουργίαν,
1623 4010 1908 4079 μὴάύτοῦ
1946 4013 2041 4068 τοῦ

469 4096 741 4148 Δεσπότου
780 4095 1258 4165 συνεφαπτομένου
1305 4097 1552 4161 ταύταις.
1595 4100 1769 4153 Τοῦτο
1797 4103 1907 4173 γὰρ
1953 4104 2043 4157 διὰ

466 4188 567 4255 τῆς
590 4186 804 4248 λαείδος
838 4186 1114 4256 δηλοῦται,
1142 4188 1204 4240 τὸ
1254 4182 1365 4242 οἷον
1398 4192 1543 4262 χειρί
1580 4207 1686 4244 τινι
1723 4195 2042 4263 συνεπαμῦ-

469 4296 581 4331 νειν
615 4280 808 4341 αὑταῖς
841 4277 902 4330 τὸ
947 4278 1111 4342 οεῖον,
1144 4280 1239 4331 καὶ
1268 4278 1330 4332 τὸ
1376 4283 1663 4347 ἄπεκτον,
1696 4286 1933 4354 φορητὸν
1974 4288 2040 4358 τῇ

2146 3095 2209 3149 de
2238 3094 2540 3163 Seraphim.
2567 3094 2714 3146 et'in
2756 3108 2918 3147 manu
2972 3092 3191 3147 habebat
3226 3091 3503 3145 carbonem
3566 3091 3735 3161 ignis,

2146 3199 2298 3253 quem
2336 3183 2531 3253 forcipe
2570 3180 2767 3234 tulerat
2792 3181 2853 3234 de
2874 3179 3078 3234 altari:
3111 3190 3160 3234 et
3212 3182 3383 3248 tetig’t
3432 3196 3486 3234 os
3526 3196 3727 3243 meum.

2148 3283 2199 3327 et
2233 3275 2362 3328 disi:
2392 3290 2409 3327 :
2440 3273 2572 3327 Ecce
2608 3274 2771 3342 tetigit
2799 3272 2940 3325 labia
2963 3280 3078 3336 tua,
3102 3281 3150 3324 et
3184 3270 3390 3339 auferet
3421 3270 3726 3340 iniquitates

2149 3374 2290 3425 tuus,
2319 3374 2368 3417 et
2396 3371 2606 3432 peccata
2638 3362 2910 3417 mundabit
2943 3360 3075 3428 (49).

2220 3455 2335 3521 Qua
2364 3455 2432 3508 de
2456 3469 2623 3509 causa
2651 3451 2937 3522 Serapbim
2992 3468 3101 3506 non
3136 3450 3281 3505 nuda
3302 3451 3392 3505 illa
3428 3450 3731 3522 eymbolira

2150 3563 2313 3601 manu
2336 3545 2631 3602 carbonem
2654 3543 2968 3615 prehendit,
3014 3542 3111 3598 sed
3142 3542 3312 3598 veluti
3344 3542 3461 3615 ‘qui
3518 3556 3723 3598 cursu-

2149 3639 2354 3695 mentis
2400 3636 2706 3709 eujuspiam
2763 3635 2904 3708 ignis
2956 3636 3214 3690 ardorem
3271 3643 3480 3696 caveat,
3514 3633 3725 3702 forcipe

2150 3730 2363 3787 utitur?
2417 3728 2554 3796 Quia
2613 3742 2810 3797 nempe
2869 3727 3267 3782 intellectuales
3335 3725 3440 3782 illae
3484 3723 3729 3780 Virtutes

2148 3838 2258 3877 non
2321 3820 2485 3875 modo
2526 3820 2593 3875 ad
2648 3820 2895 3891 mysterii
2936 3820 3357 3888 intelligentiam
3414 3819 3728 3891 pertingere

2152 3931 2260 3969 non
2289 3914 2493 3977 valent,
2527 3912 2621 3967 sed
2658 3920 2919 3982 praeterea
2946 3928 3014 3968 ne
3036 3914 3100 3967 ad
3125 3912 3447 3967 famulatum
3478 3912 3731 3985 quidem~

2148 4006 2279 4061 dum
2330 4003 2697 4059 ministerium
2749 4002 3104 4072 suscipiunt,
3159 4017 3318 4073 pares
3371 4002 3571 4067 forent,
3617 4001 3726 4056 nisi

2149 4113 2308 4167 opem
2340 4111 2494 4151 suam
2519 4096 2599 4149 eis
2624 4094 2888 4148 Dominus
2924 4094 3039 4161 ipse
3073 4094 3370 4148 conferret.
3417 4093 3532 4147 Hoc
3576 4095 3727 4147 enim

2150 4205 2249 4259 per
2266 4187 2528 4257 forcipem
2553 4184 2913 4255 signiﬁcatur,
2930 4184 3172 4238 divinam
3195 4184 3453 4239 virtutem
3483 4185 3721 4254 quadam

2150 4278 2321 4334 veluti
2343 4292 2506 4331 manu
2542 4284 2740 4345 pra-sto
2764 4275 2870 4329 illis
2893 4290 3035 4340 esse,
3062 4289 3128 4330 ac
3175 4274 3422 4330 bonitate
3479 4289 3578 4331 sua
3608 4272 3726 4329 etii-

467 4371 645 4440 οξκείᾳ
700 4371 874 4421 ποιεῖν
930 4371 1358 4437 συγκαταϐἀσει.
1402 4373 1467 4425 Ὃ
1528 4374 1625 4427 καὶ
1675 4377 2046 4447 καταπλήττει

2153 4386 2301 4435 cere,
2334 4378 2396 4425 ut
2427 4368 2495 4423 ab
2518 4368 2586 4423 iis
2619 4366 2748 4422 ferri
2780 4365 2913 4421 illud
2946 4368 3143 4435 possit,
3164 4366 3312 4447 quod
3357 4367 3491 4422 ferri
3537 4382 3638 4436 per
3667 4381 3729 4421 se

467 4463 566 4534 τὴν
588 4464 850 4529 διάνοιαν,
879 4464 973 4515 καὶ
1000 4461 1093 4513 τὸν
1128 4462 1391 4533 λογισμὸν
1413 4462 1712 4533 ἐξίστησιν,
1743 4471 1824 4532 εις
1852 4472 1913 4522 τὸ
1946 4470 2045 4523 πέ-

476 4574 574 4630 ρας
606 4555 960 4608 εἰσϐάλλοδτα
1008 4552 1101 4606 τοῦ
1136 4554 1461 4626 μυστηρίου,
1510 4556 1628 4621 πῶς
1666 4560 1784 4613 ἐκεῖ
1818 4562 1919 4631 μὲν
1948 4580 2045 4616 τυ-

472 4649 743 4717 πούμενον
774 4646 1039 4719 φλογερὸν
1093 4646 1193 4716 μὲν
1219 4640 1289 4718 ἦν
1328 4650 1439 4710 τοῖς
1482 4650 1747 4721 σεραφὶμ,
1807 4653 2045 4708 ἐνταῦθα

472 4743 529 4796 δὲ
596 4740 1003 4813 περατούμενον
1061 4742 1118 4792 ὲν
1171 4742 1238 4810 τῇ
1295 4739 1579 4811 Παρθένῳ,
1639 4743 2052 4812 ἀκατάιρὶεκτον

471 4834 678 4903 ταύτην
706 4832 999 4901 ἐφύλαξεν
1038 4832 1154 4885 ἐκεῖ
1179 4833 1207 4884 ὁ
1228 4830 1398 4895 τύπος
1432 4832 1660 4902 φοϐερὸς
1688 4836 1797 4897 toi;
1827 4838 2052 4907 ἀσωμά-

474 4945 586 4990 τοις
617 4926 912 4990 ἐδείκνυτο,
940 4925 1185 4978 ’ἐνταῦῡα
1219 4925 1254 4994 ἡ
1294 4923 1522 4995 ἀλήθεια
1553 4925 1830 4990 ούσιωδῶς
1856 4930 2052 4999 ὲνσκη-

470 5017 693 5073 νώσασα
722 5019 781 5081 ὲξ
818 5020 986 5087 αὐτῆς
1031 5018 1131 5088 μὲν
1158 5017 1219 5070 τὸ
1253 5017 1524 5087 ἡμέτερον
1554 5019 1914 5089 περιεϐάλετο
1943 5021 2049 5091 φύ-

476 5128 646 5182 ραμα,
676 5111 960 5178 ἁλώϐητον
1012 5109 1069 5163 δὲ
1120 5110 1324 5181 ταύτην
1354 5110 1496 5181 ὑπὲρ
1547 5109 1711 5179 φύσιν
1741 5112 2007 5183 ἐτήρησεν
2027 5130 2043 5145 ο

470 5204 588 5256 ικιεί
624 5203 656 5273 ὴ
690 5200 931 5271 φλογερὰ
985 5199 1147 5270 φύσις
1174 5204 1241 5271 τῇ
1295 5200 1472 5254 λαϐίδι
1506 5200 1598 5253 τὸν
1646 5200 1894 5272 ἄνθρακα
1937 5204 2047 5257 ἀπὸ

469 5293 564 5348 τοῦ
593 5294 980 5364 θυσιαστηρίου
1011 5292 1219 5357 ἔλαϐεν,
1251 5291 1389 5363 αὕτη
1419 5292 1475 5346 δὲ
1498 5290 1560 5344 τὸ
1588 5290 1700 5363 πῦρ
1730 5294 1825 5362 τῆς
1854 5293 2045 5366 θεότη-

469 5403 562 5451 τος
588 5391 644 5439 sv
669 5388 837 5457 ἑαυτῇ
873 5386 1169 5455 δεξαμένη,
1200 5385 1261 5439 ού
1295 5384 1668 5455 κατεφλέχθη,
1698 5384 1814 5438 ἀλλ’
1864 5386 2048 5453 ἐδοξά-

548 5522 657 5591 (49ὶ
688 5520 794 5574 lsa.
827 5536 900 5578 τι.
925 5521 956 5571 6
989 5536 1102 5575 sec.
1137 5518 1300 5573 LXX.
1324 5520 1592 5591 vulgatus
1636 5519 1800 5588 paulo
1829 5520 1991 5577 aliter
2024 5542 2037 5577 :

471 5588 563 5646 Et
590 5591 782 5645 volavit
832 5591 903 5643 ad
942 5607 1025 5643 me
1072 5607 1204 5642 unus
1256 5591 1318 5642 (lc
1370 5588 1670 5652 Serapltim,
1706 5591 1837 5643 etin
1879 5609 2041 5647 manu

470 5664 581 5723 eius
615 5658 870 5723 calculus,
907 5677 1059 5725 quem
1096 5661 1289 5727 [arripe
1342 5659 1535 5711 tulerat
1573 5661 1636 5711 de
1664 5658 1825 5713 altari
1857 5677 1873 5713 :
1900 5671 2040 5714 etle-

2155 4462 2367 4532 nequit.
2397 4459 2663 4525 Quocirca
2715 4467 2772 4512 et
2834 4457 3154 4528 percellitur
3202 4473 3356 4513 mens
3398 4469 3646 4529 stupore,
3672 4468 3730 4513 et

2155 4552 2604 4624 hatretldcﬁciens
2623 4550 2989 4614 ratiocinatio,
3008 4564 3130 4620 qua:
3154 4549 3221 4605 ad
3252 4550 3455 4604 exitum
3481 4549 3725 4622 mysterii

2154 4643 2518 4717 progrediens
2546 4641 2867 4713 perpendat,
2898 4656 3009 4712 quo
3039 4648 3198 4710 pacto
3225 4638 3301 4693 ibi
3331 4639 3553 4708 quidem
3577 4653 3727 4693 mere

2152 4756 2252 4811 per
2282 4748 2465 4811 typum
2497 4736 2884 4792 adumbratum
2940 4734 3133 4789 ardore
3159 4749 3258 4789 suo
3292 4734 3442 4803 ipsos
3496 4742 3728 4789 terreret

2151 4830 2586 4902 Seraphim;ltic
2637 4845 2769 4883 vero
2826 4842 2994 4897 opere
3050 4828 3104 4881 in
3162 4827 3386 4896 Virgine
3440 4817 3724 4896 impletum

2149 4926 2292 4982 hanc
2321 4923 2721 4980 incumbust
2750 4920 3053 4975 servaverit
3090 4936 3105 4973 :
3135 4918 3413 4988 quomodo
3436 4916 3511 4972 ibi
3543 4916 3724 4973 terri-

2150 5018 2277 5073 bilis
2305 5014 2631 5072 substantiis
2661 5012 3006 5082 incorporeis
3069 5019 3362 5082 appareret
3392 5010 3603 5081 ﬁgura;
3633 5009 3725 5063 hic

2154 5120 2339 5165 autem
2360 5106 2797 5163 substantialiter
2826 5106 3012 5162 sedem
3042 5103 3298 5159 habuerit
3319 5102 3437 5172 ipsa
3470 5102 3683 5158 Veritas
3702 5140 3718 5162 .

2152 5212 2210 5257 et
2236 5210 2482 5256 nostram
2521 5199 2745 5270 quidem
2776 5213 3012 5253 massam
3038 5212 3105 5252 ex
3127 5211 3192 5252 ea
3224 5195 3602 5266 (assumptam)
3625 5192 3724 5248 in-

2153 5294 2357 5357 duerit,
2391 5293 2564 5361 ipsam
2615 5299 2797 5345 tamen
2856 5288 2997 5343 miro
3030 5304 3195 5360 supra
3243 5294 3497 5342 naturam
3560 5284 3726 5341 modo

2155 5388 2416 5443 intactam
2448 5382 2817 5438 custodiverit
2850 5399 2865 5436 :
2892 5383 3171 5451 quomodo
3197 5381 3272 5437 ibi
3331 5389 3527 5435 natura
3552 5377 3725 5449 ignita

2155 5524 2269 5592 tigil
2297 5539 2352 5576 os
2377 5537 2571 5580 meum.
2606 5528 2654 5572 et
2689 5519 2858 5573 dixit:
2894 5517 3023 5572 Ecce
3053 5520 3217 5585 tctiqit
3240 5521 3333 5573 hoc
3363 5518 3499 5572 labia
3532 5525 3724 5592 tua,_et

2149 5588 2419 5661 auferetur
2446 5592 2698 5661 iniquitas
2755 5599 2866 5656 tua,
2897 5599 2944 5643 et
2968 5600 3237 5659 peccatum
3266 5596 3413 5641 tuam
3452 5588 3726 5642 mumlabi—

2147 5671 2256 5716 tur.
