4122 6212
364 243 475 306 643

1662 222 1919 285 JACOBt
1967 216 2315 279 MONAClIl

3519 200 3627 264 64$

365 353 669 410 carbonem
700 349 772 403 de
809 345 965 401 altari
1020 341 1227 409 forcipe
1276 334 1570 405 sumpserit
1597 353 1612 400 ;
1639 334 1761 389 hth
1814 346 1981 392 vero,

2085 328 2177 398 θη,
2207 328 2307 380 οὐκ
2338 324 2636 397 ἐχωνεύθη,
2661 325 2777 377 ἀλλ’
2808 325 3158 395 ἐμεγαλύνθη
3190 327 3222 396 ἡ
3248 325 3359 379 τῶν
3388 340 3636 397 σεραφομ

367 442 677 503 divinitatis
706 442 885 509 ignem
937 437 991 489 in
1022 448 1080 487 se
1137 428 1443 499 excipiens,
1500 442 1611 480 non
1661 425 1945 479 combusta

369 537 465 594 sed
495 534 793 609 glorifirata
826 530 917 591 sit,
941 539 1121 595 neque
1142 521 1433 591 licmefacta
1467 519 1563 574 sed
1602 517 1947 588 magniﬁcam

372 607 540 683 fuerit
569 625 772 694 (Virgo)
809 619 898 673 illa
940 615 1074 684 ipsis
1102 611 1390 680 Seraphim
1429 607 1744 680 gloriosior,
1788 620 1949 660 sanc-

374 720 480 773 tior
501 714 824 777 Cherubim,
861 711 1055 780 igneus
1082 706 1314 759 thronus
1346 710 1563 755 natura:
1620 699 1790 764 illius,
1825 711 1948 767 quas

375 809 507 862 ferri
542 806 753 871 nequit,
791 816 990 858 currus
1020 799 1110 852 ille
1137 796 1422 850 llaunneus
1453 806 1517 846 ac
1555 790 1947 853 lucidissimus,

372 897 571 953 omium
605 894 738 950 illud
788 894 932 963 quod
987 889 1216 960 iustitia:
1278 884 1449 938 solem
1487 881 1648 936 nobis
1697 880 1950 951 praebuit,

373 987 590 1056 forceps
619 1001 741 1055 quae
777 982 1156 1053 purillt-auletn
1182 989 1347 1046 atque
1383 973 1782 1027 illuminantem
1828 987 1951 1026 car-o

374 1079 573 1135 bouem
625 1073 1017 1148 apprehendit,
1048 1088 1146 1143 per
1198 1090 1362 1143 quam
1414 1072 1506 1125 ille
1538 1082 1807 1123 accensus
1870 1077 1953 1119 est

2054 420 2381 490 τιμιωτέρα,
2402 420 2436 489 ἡ
2464 418 2741 489 ἀγιωτέρα
2766 418 2877 471 τῶν
2905 420 3192 489 χερουϐὶμ,
3229 422 3258 473 ὀ
3292 423 3518 494 πύρινος
3538 427 3635 493 τῆς

2055 514 2324 565 ἁστέκτου
2369 511 2586 580 φύσεως
2621 510 2832 580 θρόνος,
2861 512 2922 565 τὸ
2951 513 3216 583 φλογερὸν
3228 516 3347 569 ικαὶ
3378 518 3639 588 πολύφωο

2056 624 2148 660 τον
2178 606 2386 676 ὄχημα,
2417 606 2446 657 ὀ
2474 604 2567 656 τὸν
2599 607 2699 675 τῆς
2744 607 3089 675 δεκαιοσύνης
3139 608 3293 675 ἥλιον
3346 613 3639 676 ἀνατείλας

2044 702 2190 770 ,ἡμῖν
2221 701 2472 771 οὐρανὸς.
2508 703 2539 771 ἡ
2572 701 2728 765 λαϐὶς
2762 702 2795 770 ἡ
2848 702 2939 754 τὸν
2988 702 3364 774 καθαρτήριον
3398 708 3493 759 καὶ
3528 725 3642 777 φω-

2057 793 2298 846 τιστοιδν
2328 794 2607 864 κομίσασα
2638 794 2909 865 ἇιθρακα,
2937 794 3006 848 δι’
3054 791 3121 866 ἦς
3158 800 3217 850 τὺ
3271 798 3645 869 δαπανητικὸν

2056 888 2155 954 τῆς
2178 885 2454 955 ἁμαρτίας
2486 885 2701 957 ἀνήφθη
2728 886 2866 956 πῦρ,
2897 887 2965 939 δι’
2993 882 3061 960 ἦς
3089 890 3147 941 ἐν
3172 888 3390 959 μεθέξει
3419 891 3645 961 γενόμε-

2058 994 2138 1029 νοι
2181 977 2393 1041 τούτου,
2430 979 2532 1048 τῆς
2560 997 2620 1032 τε
2679 980 2986 1050 μοχθηρίας
3034 982 3497 1054 ἀπεσμήχθημεν,
3550 990 3642 1037 καὶ

2060 1070 2195 1139 πρὸς
2228 1069 2328 1140 τὴν
2357 1070 2506 1123 Θείαν
2537 1070 2700 1139 φύσιν
2743 1073 3287 1144 μετεσκευάσθημεν.

374 1170 537 1240 Ignis,
565 1171 659 1241 qui
707 1167 946 1223 destruit
972 1176 1189 1230 peccata
1229 1163 1371 1233 (50),
1405 1176 1506 1231 per
1565 1173 1730 1230 quam
1793 1156 1959 1226 hujus
2016 1158 2156 1227 ignis
2211 1161 2510 1232 participes
2534 1161 2718 1217 ellecti
2772 1172 2829 1216 ct
2888 1164 3171 1219 emundati
3229 1181 3423 1220 sumus
3471 1182 3502 1221 a
3551 1181 3646 1221 ne-

373 1264 643 1335 quitia,et
663 1262 716 1315 in
754 1260 992 1313 divinant
1032 1266 1277 1311 naturam
1308 1253 1701 1309 transformati.

450 1350 569 1405 XII.
602 1349 831 1411 Verum,
880 1357 1173 1416 antequam
1220 1342 1663 1413 progrediamur,
1697 1356 1798 1411 par
1851 1347 1957 1400 est,

375 1454 435 1499 ut
465 1444 568 1497 hoc
593 1442 715 1496 loco
771 1439 1141 1509 inquiramus,
1189 1433 1472 1505 quomodo
1526 1449 1594 1488 ex
1642 1430 1962 1500 archangeli

376 1545 603 1605 aspectu
634 1529 1150 1586 immaculatissima
1194 1529 1285 1582 illa
1339 1534 1551 1581 tantum
1587 1525 1794 1594 ceperit
1846 1523 1961 1578 for-

377 1626 622 1686 midinis.
653 1639 778 1677 cum
814 1632 999 1676 tamen
1027 1619 1283 1674 familiari
1346 1619 1424 1672 uti
1457 1619 1780 1686 angelorum
1830 1630 1960 1669 eon-
1999 1654 2038 1708 Β

384 1715 679 1771 suetudine
712 1714 766 1767 in
804 1711 1007 1781 templo
1032 1720 1194 1765 antea
1246 1710 1451 1765 soleret
1482 1725 1495 1762 :
1532 1709 1695 1775 cujus
1739 1706 1966 1776 quidem

380 1804 744 1859 dubitationis
799 1817 1017 1872 mquam
1044 1809 1129 1854 est
1160 1809 1221 1854 ut
1254 1799 1494 1870 aliquam
1533 1798 1758 1853 all‘eram
1820 1797 1969 1852 solu-

388 1898 629 1950 tionem.
680 1894 793 1949 Cur
838 1893 1023 1962 itaque
1058 1891 1352 1962 perterrita
1398 1891 1514 1960 ipsa
1551 1899 1635 1945 est
1665 1905 1729 1945 ac
1754 1899 1970 1960 pertur-

382 1990 651 2051 bata,eur
692 1986 761 2042 ad
820 1984 1001 2057 angeli
1053 1996 1336 2055 aspectum
1385 2000 1587 2055 anceps
1642 1984 1972 2040 lluetuavit?

380 2080 520 2147 Quia
550 2081 667 2151 ipse
708 2081 921 2136 scilicet
971 2093 1151 2146 neque
1202 2077 1520 2132 mandatum
1564 2077 1738 2140 illius,
1787 2094 1817 2132 a
1858 2092 1971 2149 quo

384 2173 589 2226 missus
626 2174 829 2238 fuerat,
856 2187 1037 2242 neque
1077 2186 1279 2225 nomen
1338 2184 1498 2224 suum
1535 2168 1971 2238 dignitatemque

385 2263 663 2333 pmpriam
690 2264 973 2318 indicavit.
1010 2263 1077 2316 Et
1110 2276 1240 2316 sane
1273 2262 1410 2331 ipse,
1444 2271 1738 2330 antequam
1784 2277 1813 2315 a
1866 2261 1972 2315 Za-

386 2357 576 2411 charia
623 2357 1077 2425 interrogaretur,
1124 2368 1515 2424 praeoccupans
1546 2354 1682 2408 dicit
1724 2354 1814 2408 ⁸⁹ε
1860 2353 1973 2425 Ego

385 2466 503 2504 sum
524 2449 757 2516 Gabriel,
786 2451 874 2517 qui
913 2456 1027 2501 asto
1061 2457 1186 2502 ante
1214 2446 1399 2501 Deum.
1428 2446 1492 2500 Et
1530 2446 1757 2502 Michael
1786 2446 1851 2503 ad
1881 2448 1975 2503 Je-

388 2556 511 2594 sum
539 2541 711 2594 illium
763 2541 911 2595 Nave
942 2558 957 2593 :
992 2539 1103 2609 Ego
1123 2555 1243 2591 sum
1297 2554 1538 2609 prnceps
1571 2539 1831 2592 exercitus
1870 2539 1976 2593 Do-

391 2633 522 2686 mini
553 2632 622 2685 δ’.
648 2632 714 2686 Et
741 2630 970 2686 Creator
996 2630 1062 2684 ad
1082 2629 1301 2701 Moysen
1337 2648 1351 2683 :
1382 2630 1491 2700 Ego
1524 2646 1642 2684 sum
1662 2632 1885 2701 quisum
1906 2632 1972 2684 δι.

460 2720 572 2776 Cur
597 2722 761 2791 igitur
792 2720 984 2793 (lices)
1033 2719 1257 2775 Gabriel
1288 2719 1426 2773 nihil
1464 2718 1569 2773 tale
1603 2720 1695 2774 hic
1741 2735 1977 2790 praemo-

342 2803 353 2813 “
393 2812 552 2869 nuit?
600 2811 766 2866 Plane
799 2812 926 2881 quia
976 2811 1364 2881 alloquebatur
1412 2824 1558 2877 eam,
1598 2826 1720 2880 qua:
1772 2811 1964 2865 omnia

394 2904 567 2975 probe
597 2912 841 2959 noverat.
876 2902 1068 2973 Neque
1101 2904 1249 2957 enim
1280 2918 1408 2957 cum
1436 2902 1660 2966 latebat,
1691 2902 1974 2973 perspica-

2137 1341 2237 1395 IB'.
2290 1342 2429 1395 Ἀλλ’
2464 1344 2701 1397 ἐνταῦθα
2733 1347 3005 1417 προσήκει
3044 1348 3265 1418 πρῶτον
3294 1348 3650 1421 διαπορῆσαι,

2066 1434 2179 1497 πῶς
2209 1436 2370 1508 εἰπερ
2399 1438 2456 1488 ἐν
2481 1437 2591 1489 έθει
2615 1433 2683 1509 ἦν
2715 1440 2747 1510 ἡ
2782 1440 3128 1509 πανάμωμος
3158 1441 3460 1514 ἀγγελικῆς
3525 1460 3652 1497 συν-

2065 1527 2284 1597 ομιλξας
2309 1530 2408 1597 τῆς
2438 1529 2630 1600 πρώην
2657 1531 2714 1582 ὲν
2732 1529 2807 1600 τῷ
2836 1531 2949 1601 ναῷ
2989 1533 3389 1603 γεγενημένης,
3407 1533 3653 1605 φοϐερῶς

2066 1621 2265 1691 ἡνεγκε
2294 1622 2395 1694 τὴν
2416 1623 2510 1676 τοῦ
2546 1624 2891 1693 ἀρχαγγέλου
2916 1626 3045 1678 θέαν
3073 1642 3087 1655 ο
3117 1618 3179 1678 οὗ
3209 1625 3309 1697 τὴν
3338 1626 3494 1680 λύσιν
3523 1628 3656 1680 ἀνθ-

2071 1716 2409 1786 υποφέροντα
2444 1718 2715 1771 ποεείςθαι
2746 1719 2921 1783 ἄξιον.
2983 1719 3084 1772 Διά
3115 1719 3166 1772 τι
3198 1721 3653 1789 καταπληττομέ-

2069 1825 2167 1878 νης
2193 1808 2393 1879 ταύτης
2413 1809 2509 1862 καὶ
2533 1812 2968 1883 ταραττομένης,
2997 1814 3089 1865 καὶ
3122 1812 3491 1885 διαπορούσης
3517 1814 3655 1884 πρδς

2069 1897 2162 1949 τὸν
2190 1897 2423 1966 ὀφθέντα
2449 1916 2464 1962 ;
2498 1899 2620 1952 Ὅτι
2648 1899 2771 1952 οὔτε
2802 1900 2862 1952 τὸ
2881 1900 2975 1953 τοῦ
3004 1900 3326 1971 πέμψαντος
3351 1902 3659 1972 ἀπαραίτη-

2070 2005 2164 2042 τον
2228 1991 2411 2053 αὐτὸς,
2443 1989 2565 2043 οὔτε
2614 1991 2677 2044 τὸ
2724 1993 2925 2045 οἰκεῖον
2975 1993 3216 2059 ἐδίδαξεν
3259 1992 3431 2063 ὄνομα
3462 1994 3559 2046 σὺν
3591 1996 3657 2062 τῇ

2073 2082 2219 2154 ἀξίᾳ.
2277 2084 2383 2135 Καὶ
2435 2087 2545 2152 γὰρ
2595 2082 2758 2146 αὐτὸς
2811 2082 3209 2153 πυνθανομένῳ
3269 2081 3348 2152 τῷ
3409 2083 3659 2154 Ζαχαρία

2074 2173 2427 2244 προέφησεν·
2491 2171 2636 2240 Ἐγώ
2682 2176 2801 2242 ειμι
2845 2171 3135 2241 Γαϐριὴλ,
3189 2175 3223 2227 ὁ
3266 2172 3662 2241 παρεστηκὼς

2072 2262 2331 2317 ἐνώπιον
2378 2262 2486 2317 τοῦ
2519 2260 2690 2318 Θεοῦ.
2744 2262 2857 2315 Καὶ
2891 2262 3113 2333 Μιχαὴλ
3150 2263 3286 2334 πρὸς
3315 2264 3408 2317 τὸν
3450 2263 3663 2334 Ἰησοῦν

2076 2354 2171 2409 τοῦ
2201 2354 2359 2423 Ναυῆ
2380 2370 2393 2384 ο
2444 2353 2591 2424 Ἐγώ
2616 2356 2732 2423 εἰμι
2761 2356 2795 2407 ὁ
2830 2353 3314 2425 ἀρχιστράτηγος
3352 2353 3665 2424 δυνάμεως

2078 2449 2320 2515 Κυρίου.
2359 2448 2469 2502 Καὶ
2497 2447 2661 2521 αὐτὸς
2688 2447 3034 2519 Δημιουργὸς
3065 2447 3204 2518 πρὸς
3249 2448 3344 2501 τὸν
3383 2447 3625 2503 Μωυσέα
3646 2463 3662 2478 ο

2092 2535 2234 2608 Ἐγώ
2253 2538 2371 2605 ειμι
2393 2539 2427 2590 ὁ
2458 2535 2560 2590 ὢν.

2156 2713 2313 2775 Τίνος
2329 2713 2422 2767 οὖν
2440 2715 2602 2784 χάριν
2618 2713 2716 2785 τὴν
2731 2713 2988 2782 τοιαύτην
3003 2714 3064 2767 οὐ
3082 2714 3375 2785 παρήγαγε
3393 2711 3669 2767 κάνταῦθα

2084 2809 2113 2860 ὸ
2152 2806 2391 2878 Γαϐριὴλ
2429 2806 2818 2873 διδασκαλίαν;
2875 2802 3131 2877 Εθδηλον,
3180 2806 3257 2870 ὡς
3293 2808 3671 2876 συνεγνωκυῖα

2084 2899 2486 2969 διαλεγόμενος.
2519 2899 2629 2953 Καὶ
2669 2900 2779 2967 γὰρ
2808 2901 2986 2963 συνεὶς
3016 2900 3077 2953 τὺ
3093 2899 3352 2965 ὀξύτατον
3378 2899 3476 2969 τῆς
3498 2899 3671 2970 ὑπερ-

395 2997 677 3054 cissimum
708 2994 916 3066 Virgini
950 2994 1373 3064 sapientissimae
1426 2994 1707 3065 ingenium
1758 2996 1976 3063 inesse;

2088 2995 2279 3063 σόφου,
2334 2994 2428 3048 καὶ
2454 2995 2538 3047 ὅτι.
2568 2996 2630 3047 τὸ
2659 2993 3016 3064 προδιδαχθὲν
3049 2993 3321 3065 εὐστόχως
3355 2994 3672 3065 ἐχαρακτή-

394 3088 741 3159 etquoniam
792 3098 1075 3157 assumpta
1129 3086 1304 3139 forma
1338 3094 1465 3154 apte
1511 3100 1611 3154 per
1641 3100 1699 3140 se
1733 3101 1819 3150 ea,
1858 3101 1982 3156 quas

396 3189 556 3235 antea
591 3181 736 3236 dicta
766 3191 918 3244 sunt,
951 3177 1424 3249 pra-monstrabat.
1458 3193 1566 3231 non
1600 3179 1698 3232 abs
1725 3193 1783 3233 re
1813 3178 1981 3234 verba

397 3274 469 3332 de
496 3275 584 3330 his
616 3273 797 3330 facere
829 3274 1205 3345 praetermisit.

467 3369 559 3433 Δι,
609 3367 790 3438 inquit
845 3367 1287 3437 quispiam,cur,
1318 3381 1386 3421 eo
1439 3366 1580 3431 viso,
1624 3365 1843 3421 turbata
1874 3373 1983 3431 est,

397 3467 456 3513 et
485 3472 687 3529 pavore
722 3457 1007 3528 perculsa?
1030 3456 1167 3522 Quia
1203 3470 1401 3525 nempe
1436 3455 1491 3509 in
1525 3469 1767 3524 paupere
1816 3462 1983 3521 tecto,

402 3550 494 3604 ubi
520 3566 550 3605 a
582 3549 861 3605 consortio
890 3550 1156 3619 cujusvis,
1189 3548 1283 3617 qui
1326 3546 1568 3616 speciem
1620 3546 1864 3602 hominis
1898 3562 1984 3602 re-

400 3643 593 3705 ferret,
621 3640 958 3705 abstinebat,
1017 3639 1359 3709 peregrinam
1410 3638 1478 3693 ad
1517 3653 1576 3693 se
1611 3638 1843 3693 formam
1893 3654 1986 3693 ac-

402 3733 638 3788 cessisse
671 3730 915 3786 videbat.
944 3730 1079 3784 Nam
1116 3730 1160 3783 si
1192 3729 1374 3783 adhuc
1401 3728 1640 3798 degissct
1673 3729 1726 3782 in
1761 3729 1987 3797 templo,

404 3841 536 3881 sane
589 3833 704 3878 tum
741 3839 808 3878 ex
847 3823 969 3878 loco
1023 3830 1139 3875 tum
1195 3836 1261 3875 ex
1301 3836 1539 3891 congrua
1605 3820 1993 3890 adjunctorum

406 3917 620 3973 ratione
645 3916 973 3987 iudicasset,
1005 3916 1152 3969 haud
1189 3916 1388 3969 mirum
1423 3930 1565 3978 esse,
1597 3914 1745 3985 quod
1778 3916 1992 3971 coutin-

407 4012 590 4083 gebat.
627 4010 734 4067 Sed
766 4025 892 4065 cum
924 4012 1100 4064 miran
1125 4015 1229 4062 lam
1272 4008 1413 4062 hanc
1456 4008 1690 4078 speciem
1729 3998 1993 4066 inusitata

410 4119 474 4158 ac
504 4103 793 4173 peregrina
819 4103 1159 4172 loquentem,
1181 4100 1236 4154 in
1267 4099 1460 4153 humili
1492 4111 1738 4155 cerneret
1759 4100 1997 4156 donum-

410 4196 556 4258 cula.
613 4195 706 4249 ubi
774 4197 857 4249 vel
909 4204 1266 4264 cognatorum
1330 4193 1658 4247 familiarem
1711 4194 1994 4250 devitabat

2091 3103 2207 3157 ρισε
2240 3087 2450 3158 σχῆμα,
2488 3086 2740 3157 παρῆκεν
2778 3087 3006 3150 εἰκότως
3051 3085 3113 3140 τὸ
3165 3088 3303 3158 πρὸς
3335 3086 3500 3140 τοῦτο
3525 3086 3672 3140 διευ-

2091 3178 2295 3235 θύνειν.

2177 3360 2338 3415 Ἀλλὰ
2360 3360 2449 3415 διὰ
2466 3360 2541 3430 τί,
2557 3362 2742 3432 φησὶν,
2762 3360 3074 3433 ἐθορυδεῖτο
3096 3362 3190 3416 καὶ
3208 3360 3674 3432 ἐκπεπληγμένοις

2092 3455 2231 3524 πρὸς
2258 3456 2352 3508 τὸν
2382 3455 2614 3524 ὀφθέντα
2657 3454 2892 3508 διέκειτο
2917 3471 2932 3520 ;
2965 3455 3089 3508 Ὀτι
3139 3455 3301 3520 ξένην
3329 3453 3479 3523 ἑώρα
3508 3454 3566 3505 ὲν
3592 3453 3672 3506 οι-

2094 3549 2220 3619 κεία
2254 3550 2487 3619 πενιχρᾷ
2519 3548 2734 3619 μορφὴν
2764 3548 2902 3620 αὐτῇ
2937 3545 3408 3611 συνεισελθοὼαν,
3438 3547 3495 3598 ὲν
3521 3539 3675 3618 ᾖτῆς

2095 3639 2207 3693 τῶν
2239 3640 2505 3709 ὁμοειδῶν
2558 3639 2862 3711 ἀνθρώπων
2908 3639 3228 3710 συνομιλιας
3270 3639 3566 3709 ὲστερεῖτο.
3615 3636 3677 3690 Ei

2101 3733 2200 3802 μὲν
2229 3733 2336 3798 γαρ
2368 3733 2426 3786 ὲν
2458 3732 2537 3803 τῷ
2580 3732 2691 3804 ναῷ
2723 3729 2792 3804 ἦν
2837 3732 2939 3795 ἔτι,
2994 3731 3379 3801 συνελογίσατο
3412 3730 3480 3784 ἂν
3527 3729 3591 3782 ἐκ
3618 3745 3679 3781 τε

2096 3824 2191 3876 τοῦ
2224 3825 2390 3897 τᾴπου
2426 3827 2520 3877 καὶ
2568 3825 2665 3895 τῆς
2710 3809 2819 3878 τῶν
2854 3826 3198 3896 πραγμάτων
3221 3821 3563 3885 ἀκολουθίας,
3602 3820 3679 3891 μὴ

2103 3914 2254 3981 ξένον
2283 3912 2422 3970 εἶναι
2452 3918 2514 3970 τὸ
2541 3917 2861 3987 συμϐαῖνον.
2906 3919 3128 3989 Ἐπειδὴ
3153 3920 3209 3973 δὲ
3243 3923 3303 3972 ὲν
3336 3919 3547 3973 εὐτελεῖ
3581 3920 3684 3972 δω-

2106 4009 2286 4079 ματίῳ
2310 4007 2626 4079 θαυμαστὸν
2653 4009 2880 4062 ἔϐλεπεν
2904 4004 3068 4075 εἶδος,
3088 4011 3253 4064 καινᾶ
3278 4012 3372 4064 καὶ
3399 4009 3680 4081 παράδοξι

2106 4100 2333 4171 μηνῦον,
2369 4101 2428 4153 ἐν
2470 4095 2515 4169 ᾧ
2566 4103 2663 4172 τὴν
2696 4101 2804 4154 τῶν
2832 4102 3122 4173 ὁμοφύλων
3159 4104 3545 4174 συνδιατρϐην
3575 4104 3677 4155 ἀπ-

2103 4193 2418 4261 εστρέφετο.
2441 4193 2668 4255 εἰκότως
2698 4196 3077 4266 ταραττομένη
3107 4196 3207 4267 τὴν
3229 4196 3537 4267 κατ’ἁρχὰς
3566 4197 3683 4249 διὰ·

412 4283 895 4349 consuetudinem,
935 4284 1133 4338 merito
1181 4282 1248 4336 ad
1290 4281 1438 4337 illius
1494 4290 1797 4353 aspectum,
1841 4293 1898 4339 ut
1927 4285 1981 4341 al

2104 4284 2250 4348 λέξιν
2278 4285 2515 4337 ἐποιεῖτο
2542 4284 2678 4355 πρὶς
2712 4285 2803 4338 τὸν
2829 4286 3087 4356 ὀφθέντα.
3124 4288 3285 4341 Ἀλλὰ
3326 4290 3433 4357 γὰρ
3461 4288 3557 4340 καὶ
3587 4287 3686 4354 τὴν

414 4375 575 4429 initio
624 4374 886 4437 diximus,
916 4374 1263 4429 turbabatur.
1296 4373 1365 4426 Et
1393 4373 1614 4442 quidem
1646 4389 1769 4427 cum
1806 4376 1998 4443 pueri-

415 4465 522 4521 Eem
549 4473 763 4521 :etatcm
796 4466 851 4520 in
888 4466 1093 4535 templo
1120 4473 1328 4534 ageret.
1381 4463 1532 4517 nullo
1566 4468 1845 4518 enimvero
1877 4480 2000 4520 cum

419 4568 629 4613 terrore
677 4558 814 4612 mira
851 4558 927 4611 illi
961 4555 1379 4626 contingebant,
1409 4567 1532 4607 cum
1566 4556 1870 4622 generatim
1908 4571 2005 4626 per

419 4668 538 4707 eam
564 4660 781 4708 aetatem
809 4648 883 4707 ita
922 4652 1062 4706 ferat
1088 4649 1377 4703 hominum
1405 4656 1604 4700 natura
1630 4663 1644 4713 ;
1670 4655 1835 4716 atque
1857 4648 2007 4703 insu-

420 4761 519 4817 per
544 4761 849 4817 congruum
876 4754 1018 4809 erat,
1040 4753 1100 4799 ut
1132 4741 1436 4804 humiliori,
1455 4756 1518 4796 ac
1541 4756 1689 4795 nunc
1719 4756 2003 4812 appareat,

2110 4376 2373 4446 παιδικὴν
2407 4377 2465 4428 ὲν
2490 4376 2566 4446 τῷ
2596 4377 2708 4447 ναῷ
2744 4378 2957 4447 ἡλικίαν
2983 4379 3216 4450 ἀγούσῃ,
3254 4380 3315 4432 οὐ
3346 4378 3594 4450 φοὸερῶς
3618 4394 3685 4430 τα

2109 4469 2321 4539 μεγαλα
2352 4470 2687 4532 συνέῦαινεν,
2719 4472 2861 4525 οὕτω
2892 4471 2988 4540 τῆς
3033 4472 3252 4541 φύσεως
3298 4474 3355 4525 ἐν
3390 4472 3583 4540 ἐκείνῳ
3611 4467 3686 4537 τῷ

2107 4563 2284 4631 κρίνῳ
2333 4561 2684 4631 διακειμένης
2732 4562 3001 4614 καθόλου’
3042 4564 3135 4615 καὶ
3188 4561 3354 4615 πάλιν
3388 4561 3536 4624 εἰκὸς
3588 4560 3688 4629 μὲν

2111 4655 2393 4725 ὑφειμένη)
2448 4662 2690 4724 σχήματι
2752 4655 2907 4725 παρὰ
2942 4654 3048 4708 ’τὸν
3105 4657 3364 4725 φανέντα,
3414 4658 3442 4708 ὀ
3496 4654 3687 4724 πρώην

2105 4748 2476 4818 ὀπτανόμενος
2525 4749 2661 4819 αὐτῇ
2697 4749 2991 4817 συνωμξλει
3014 4764 3028 4779 ο
3081 4750 3244 4811 αὐτὸς
3280 4748 3337 4801 δὲ
3374 4746 3564 4816 ἐπειδὴ
3591 4744 3689 4814 τὴν

422 4840 606 4909 specie
645 4850 776 4896 tunc
822 4849 1171 4902 cerneretur,
1212 4835 1436 4906 quando
1487 4833 1833 4890 familiariter
1879 4850 1981 4891 cun

2108 4840 2201 4893 τοῦ
2230 4841 2503 4893 Δεσπότου
2534 4841 2850 4910 κατεμήνυε
2878 4841 3205 4911 παρουςεαν,
3237 4839 3452 4909 καὶτῆς
3483 4836 3692 4907 βασιλι-

421 4932 539 5001 ipsa
562 4933 922 5000 versabatur;
945 4933 1317 5003 augustiorem
1352 4944 1483 4983 vero
1501 4944 1563 4982 ac
1586 4928 2007 4998 mirabiliorem,

497 5072 540 5103 ³⁸
569 5071 706 5127 Luc.
730 5088 769 5137 ι,
805 5070 890 5127 l9.

501 5230 613 5300 (50)
650 5231 901 5285 Postulat
930 5230 1010 5284 rei
1042 5236 1262 5288 natura,
1294 5236 1354 5280 ut
1402 5226 1491 5280 hic
1522 5242 1629 5300 non
1681 5227 1862 5295 aliqua
1905 5226 2005 5300 ho-

431 5297 638 5353 minum
672 5300 1062 5370 quorumdam,
1093 5302 1187 5352 scil
1236 5301 1410 5370 totius
1443 5297 1893 5370 mundipeccala
1922 5297 2007 5349 in-

433 5367 747 5439 telligantur
779 5387 792 5423 :
823 5380 904 5423 est
925 5371 1071 5422 enim
1098 5383 1282 5422 sermo
1310 5367 1377 5421 de
1404 5370 1624 5437 generis
1648 5367 1871 5439 humani
1920 5381 2011 5419 re-

434 5437 772 5508 demptione.
829 5440 998 5494 Maria
1066 5454 1199 5491 vero
1260 5439 1553 5491 exhibetur
1625 5454 1753 5508 ceu,
1794 5437 2013 5504 f0reeps

436 5507 616 5577 ignem
648 5512 801 5565 illum
834 5508 1275 5578 apprehendens,
1300 5523 1411 5577 quo
1458 5507 2006 5578 peccatagabsuman-

435 5576 543 5633 tur.
580 5591 634 5635 et
666 5581 829 5635 simul
849 5576 916 5633 ea
942 5580 1124 5633 nitens
1157 5578 1468 5636 nobilitate.
1500 5592 1621 5644 quae
1650 5576 1876 5645 gloriam
1909 5577 2010 5629 Se-

433 5652 647 5722 raphun
678 5662 733 5707 et
779 5651 1076 5706 Cherubin)
1114 5649 1457 5703 sanctitatem
1490 5650 1695 5711 vincat,
1727 5657 1888 5717 atque
1923 5661 2013 5700 su-

989 5070 1033 5102 ⁸ο
1062 5046 1322 5127 Judic.v.
1348 5067 1432 5122 14.
1511 5066 1554 5097 ⁶¹
1601 5066 1777 5121 Exod.
1809 5083 1893 5130 ιιι,
1939 5068 2030 5123 Η.

2112 4933 2214 5001 κῆς
2266 4933 2597 5003 προέτρεχεν
2651 4932 2967 5002 ἐπιδημίας,
3028 4930 3455 5001 βασιλικώτερον
3507 4927 3693 4996 σχῆία

2107 5227 2561 5282 blimissimorum
2602 5228 2909 5297 Spirituum
2945 5238 3163 5297 captum
3194 5228 3564 5283 transcendat.
3595 5228 3694 5283 At—

2108 5302 2202 5367 qui
2233 5298 2349 5351 haec
2377 5312 2408 5350 e
2440 5298 2708 5368 diametro
2754 5307 3066 5368 repugnant
3116 5299 3427 5368 hypothesi,
3455 5315 3577 5368 qtae
3602 5298 3700 5352 fin-

2111 5316 2202 5367 qul
2234 5316 2349 5351 naec
2377 5316 2408 5350 e
2440 5316 2708 5350 diametro
2754 5316 3066 5367 repugnant
3116 5316 3148 5353 ιι
3193 5316 3427 5368 ροιιιοει,
3455 5316 3577 5368 quae
3602 5316 3697 5352 nn-

2111 5377 2226 5437 gat,
2259 5374 2500 5435 peccata,
2531 5370 2655 5437 igne
2681 5367 2775 5420 illo
2823 5367 3125 5433 exurenda,
3149 5316 3363 5437 {irgini
3386 5368 3697 5422 communia

2113 5454 2240 5490 cum
2305 5438 2427 5493 aiiis
2478 5440 2669 5491 fuisse.
2729 5439 2938 5491 Rursus
2990 5454 3122 5508 ergo
3171 5453 3230 5492 se
3264 5439 3450 5506 prodit
3502 5447 3698 5508 sponte

2119 5508 2398 5631 doctrina,
2426 5510 2633 5562 nullam
2675 5524 2914 5577 unquam
2941 5509 3153 5578 Virgini
3179 5508 3461 5563 inhatsisse
3492 5508 3698 5578 peccati

2120 5592 2275 5631 maeu
2304 5592 2409 5630 am.

2120 5592 2409 5631 maculam.
