4130 6202
372 228 481 292 645

1148 221 1437 283 ORATIO
1474 220 1556 281 IN
1596 213 2301 279 ANNUNTIA'I'IONEM
2346 217 2450 282 SS.
2491 217 2868 280 DEIPARE.

3549 218 3656 285 6&6

373 363 472 400 και
508 341 955 412 υαυμαστότερον
1003 338 1374 406 ὲπεδείκνυτο,
1415 339 1597 393 πᾶσαν
1633 336 1819 392 ίκανὺν
1869 338 1961 409 ltu-

2068 328 2449 401 aptioremque
2474 332 2543 386 ad
2570 333 2788 387 animos
2840 308 3492 402 quoque-percelleudos
3537 334 3655 392 for-

367 437 584 506 πλολςαι
616 433 880 487 διάνοιαν.

450 697 553 754 II".
608 697 758 767 Αὐτὴ
802 696 858 750 δὲ
892 697 955 750 οὐ
985 696 1074 751 διὰ
1114 698 1295 762 τοῦτο,
1329 698 1417 752 διά
1447 699 1504 753 δὲ
1550 698 1611 751 τὸ
1640 699 1827 752 καινὸν
1854 700 1964 752 τῶν

377 789 688 861 λεγομένων
718 789 818 860 τὴν
846 789 1190 858 κατάπληξιν
1214 790 1470 843 ἐνεποίει.
1501 789 1592 842 Διδ
1623 791 1715 844 καὶ
1742 793 1769 845 ὁ
1800 793 1928 862 ἀρχι

379 883 687 952 στράτηγος
716 884 855 935 κατὰ
880 881 1051 953 βραχὺ
1076 880 1136 934 τὸ
1168 882 1480 952 ἀπόρρητον
1510 882 1840 953 ἀπογυμνοῖ,
1868 884 1963 937 καί

376 991 509 1044 φησι
541 974 683 1042 πρδς
714 972 885 1042 αὑτήν
913 986 927 1000 ·
966 971 1127 1027 Ἰδοὺ
1154 972 1455 1040 συλλήψῃ
1494 972 1565 1025 ἐν
1596 974 1834 1042 γαστρὶ,
1861 973 1961 1027 καί

379 1066 519 1141 τέξῃ
544 1068 703 1127 υίὸν,
735 1066 832 1119 καί
857 1063 1142 1128 καλέσεις
1164 1064 1231 1117 τὸ
1250 1065 1439 1134 ὄνομα
1465 1065 1654 1119 αὑτοῦ
1695 1066 1961 1133 Ἰησοῦν.

372 1157 563 1226 οὗτὸς
593 1161 766 1214 ἔσται
787 1158 1001 1228 μέγας,
1036 1158 1134 1212 καί
1165 1157 1298 1225 Υἱὸς
1334 1159 1631 1228 Ὑψίστου
1656 1158 1961 1227 κληθήσε·

377 1267 501 1305 ται·
556 1252 655 1305 καί
685 1252 863 1305 δώσει
895 1248 1059 1316 αὺτῷ
1112 1252 1329 1318 Κύριος
1372 1254 1405 1305 d
1439 1252 1583 1317 Θεὸς
1611 1252 1720 1305 τὸν
1747 1253 1965 1320 θρόνον

378 1343 560 1397 Δαϐὶδ
598 1342 704 1397 τοῦ
732 1345 956 1411 πατρὸς
996 1343 1186 1397 αὑτοῦ
1208 1359 1221 1372 ·
1269 1344 1331 1396 τὸ
1377 1344 1518 1397 κατὰ
1554 1344 1735 1415 σάρκα
1764 1344 1960 1413 λέγων.

387 1435 654 1504 Ἀρχεται
701 1433 952 1487 ἐντεῦθεν
986 1434 1086 1505 ἥδη
1127 1434 1522 1507 παραγυμνοῦν
1569 1437 1636 1490 τά
1678 1436 1779 1506 τῆς
1830 1455 1955 1508 προ·

383 1525 638 1596 φητείας,
670 1526 750 1589 είς
792 1526 1017 1597 μνήμην
1059 1528 1270 1595 ὲνάγων
1300 1526 1411 1580 τῶν
1441 1527 1574 1595 περὶ
1601 1527 1794 1582 τούτου
1828 1546 1958 1601 προι

382 1613 759 1686 κηρυξάντων.
794 1617 1036 1669 Ποιείται
1070 1616 1128 1670 δὲ
1165 1618 1266 1689 τὴν
1309 1618 1484 1689 ἀρχὴν
1532 1620 1597 1672 ἐκ
1636 1618 1731 1673 τοῦ
1761 1636 1965 1692 γνωρι-

384 1706 637 1778 μωτέρου
670 1708 875 1779 μᾶλλον
923 1710 1019 1764 καὶ
1049 1686 1529 1780 οἰκειοτέρουηκαὶ
1571 1713 1661 1767 διά
1712 1686 1965 1768 τουτο-τὸ
1994 1686 2038 1746 Β

378 1799 696 1864 ἀξιόπιστον
724 1800 941 1872 ἔχοντος
981 1803 1074 1857 τοῦ
1110 1804 1298 1872 Δαὸὶδ,
1335 1798 1398 1859 οὗ
1447 1805 1542 1859 καὶ
1570 1806 1687 1860 υίδν
1715 1808 1807 1860 τὸν
1839 1825 1964 1881 τεχο

380 1888 684 1960 θησόμενον
745 1891 939 1960 εἰπὼν,
996 1895 1098 1965 τῆς
1150 1897 1473 1965 συγγενείας
1509 1897 1813 1968 ὑπέμνησε,
1872 1901 1966 1954 καὶ

378 1979 479 2049 τῆς
528 1979 625 2034 τοῦ
680 1982 1032 2055 προπάτορος
1095 1985 1440 2058 προφητείας
1492 1985 1554 2040 τὸ
1605 1986 1967 2059 ἀδιάψευστον

379 2071 405 2124 ὲ
413 2072 679 2144 μήνυσεν.
1245 2140 1251 2144 ι
1884 2080 1893 2085 ’

454 2250 553 2308 ῐΔ’.
606 2253 768 2310 Οὕτω
827 2258 1009 2313 τοίνυν
1055 2262 1088 2333 ή
1136 2264 1530 2336 πανακήρατος
1570 2266 1965 2338 μεγαλοψύχως

383 2344 484 2413 μὶν
528 2346 721 2401 ὑπεῖκε
772 2348 853 2420 τῷ
894 2354 1208 2423 πράγματι,
1242 2358 1339 2409 καὶ
1380 2357 1479 2410 οὐκ
1512 2358 1733 2427 ἠπίστει
1772 2359 1851 2430 τῷ
1877 2360 1966 2412 λέ-

381 2454 535 2504 γοντι
557 2454 574 2470 ο
628 2443 728 2510 τὴν
764 2444 1025 2498 ὑπόνοιαν
1065 2447 1122 2500 δὲ
1157 2448 1257 2518 τῆς
1299 2452 1435 2519 πρὸς
1479 2451 1647 2522 ἄνδρα
1679 2454 1967 2517 κοινωνίας

381 2528 715 2603 διεκρούετο,
745 2535 932 2605 σχεδὸν
956 2538 1046 2590 διά
1072 2539 1171 2608 τῆς
1206 2542 1518 2608 ἀντιλογίας
1553 2542 1695 2596 οὕτω
1726 2545 1965 2614 φθεγγο-

386 2622 528 2693 μένη
548 2640 564 2654 ο
593 2624 689 2689 Τίς
722 2628 787 2679 ἐκ
816 2629 911 2682 τοῦ
941 2631 1188 2685 τοιούτου
1223 2651 1315 2704 μοι
1339 2636 1500 2689 τόκου
1541 2640 1966 2711 περιγενήσεται

382 2715 547 2783 ὃόξ-ι;
574 2718 626 2771 τί
657 2722 898 2776 συνοίσει
925 2724 1150 2795 κέρδος;
1189 2727 1307 2781 Κᾶν
1329 2729 1548 2800 ἁπάσης
1572 2732 1966 2805 περιδράξηται

383 2806 483 2897 τῆς
534 2808 636 2878 γῆς
685 2813 716 2865 ὁ
763 2813 824 2878 ἐξ
860 2815 996 2886 ὲμοῦ
1041 2817 1384 2888 τικτόμενος,
1433 2820 1545 2889 ἐγὼ
1599 2823 1657 2877 δὲ
1709 2826 1837 2889 τοὺς
1867 2827 1966 2897 τῆς

384 2896 606 2964 ἁγνείας
660 2902 971 2977 θησαυροὺς
1026 2908 1394 2981 ἀποσυληθῶς
1452 2913 1547 2977 Τίς
1590 2915 1622 2984 ἡ
1672 2915 1881 2987 δνησις,
1916 2896 1965 2971 εἰ

2068 434 2212 473 malli
2246 419 2363 490 ipse
2397 429 2731 483 assumeret,
2757 435 2882 474 cum
2922 419 3270 476 Dominieum
3324 425 3657 491 praenuntia-

2066 509 2161 563 bat
2188 510 2510 571 adventum.
2533 520 2589 566 et
2615 511 2726 583 regi
2748 511 2861 582 jam
2892 513 3211 567 adventanti
3234 513 3378 569 viam
3414 530 3656 585 praecur-

2067 616 2194 655 rens
2223 602 2451 671 parabat
2479 603 2615 669 (51).

2138 694 2276 751 XIII.
2306 696 2508 751 Verum
2539 699 2655 768 ipsa
2684 714 2794 754 non
2812 699 2950 754 adeo
2978 699 3049 753 ob
3074 715 3193 754 eam
3214 716 3462 765 causam,
3485 718 3652 772 quam

2065 796 2293 854 propter
2344 787 2645 842 novitatem
2689 804 2906 856 eorum,
2934 806 3057 860 qtue
3090 791 3441 857 dicebantur,
3466 793 3655 848 animo

2064 873 2388 943 angebatur.
2413 874 2685 940 Quocirca
2714 887 2770 931 et
2799 880 3043 933 ctelest‘s
3086 879 3177 933 ille
3222 881 3503 937 exercitus
3550 883 3654 937 du-

2065 974 2185 1020 ctor
2238 964 2521 1022 ineﬂ‘abile
2579 968 2909 1037 mysterium
2966 970 3156 1039 paucis
3206 974 3434 1039 revelat,
3468 982 3524 1028 ct
3572 976 3656 1030 sic

2064 1071 2186 1110 eam
2234 1056 2440 1112 affatur
2485 1059 2530 1089 “
2560 1077 2572 1113 :
2602 1059 2746 1138 Ecce
2779 1063 3037 1132 concipias
3079 1064 3133 1116 iu
3178 1073 3348 1131 utero,
3380 1074 3429 1120 et
3479 1069 3657 1138 paries

2063 1149 2261 1217 filium,
2294 1160 2341 1203 et
2374 1151 2577 1217 vocabis
2607 1134 2796 1207 nomon
2824 1155 2936 1226 ejus
2988 1152 3193 1210 Jcsum.
3241 1156 3337 1211 Hic
3383 1160 3481 1212 erit
3533 1178 3652 1214 ma-

2064 1258 2219 1312 gnus,
2243 1254 2294 1295 et
2314 1240 2456 1309 ﬁlius
2489 1243 2745 1298 Altissimi
2777 1246 3079 1311 vocabitur;
3108 1258 3154 1301 et
3184 1249 3328 1302 dabit
3362 1249 3445 1304 illi
3478 1250 3655 1305 Domi.

2065 1350 2163 1387 nus
2206 1333 2352 1388 Deus
2396 1334 2573 1388 sedem
2608 1334 2779 1389 David
2810 1339 2981 1406 patris
3009 1338 3121 1408 ejus
3154 1354 3172 1392 :
3200 1348 3255 1394 et
3285 1340 3401 1395 hac
3430 1341 3652 1411 quidem

2067 1423 2143 1488 id,
2173 1425 2319 1493 quod
2353 1424 2419 1479 ad
2448 1439 2668 1479 carnem
2700 1434 2930 1496 spectat,
2956 1442 3240 1483 enarrans.
3271 1429 3467 1500 Incipit
3496 1431 3656 1487 exin-

2065 1516 2134 1572 de
2178 1516 2290 1587 jam
2336 1531 2402 1572 ea
2442 1517 2713 1581 revelare,
2764 1534 2887 1588 quae
2919 1519 2987 1573 ad
3041 1521 3300 1575 vat?ciii'a
3352 1523 3651 1592 pertim-nt,

2068 1610 2123 1664 in
2154 1611 2476 1665 memoriam
2506 1610 2630 1664 illos
2666 1625 2955 1676 revocans,
2982 1611 3076 1680 qui
3117 1612 3344 1678 hujusce
3389 1614 3468 1669 rei
3510 1629 3655 1684 pra:-

2066 1717 2234 1758 cones
2281 1702 2643 1769 exstiterant;
2699 1700 2918 1756 initium
2965 1712 3150 1757 autem
3201 1704 3356 1759 ducit
3395 1707 3580 1775 potius
3621 1721 3656 1762 a

2066 1797 2239 1865 magis
2294 1805 2451 1858 noto,
2481 1794 2766 1865 magisque
2822 1795 3071 1865 proprio,
3099 1807 3264 1866 atque
3318 1797 3456 1852 adeo
3492 1798 3654 1867 plane

2068 1885 2174 1941 ﬁde
2197 1885 2383 1957 digno,
2402 1901 2433 1940 a
2464 1884 2669 1940 Davide
2692 1885 2929 1950 scilicet,
2951 1888 3111 1957 cujus
3132 1892 3298 1942 etiam
3320 1904 3445 1943 cum
3479 1889 3651 1943 lilium

2066 1974 2296 2031 dixisset
2352 1990 2504 2041 eum,
2548 1975 2643 2046 qui
2680 1975 2998 2031 nasciturus
3031 1985 3172 2042 erat,
3219 1986 3273 2032 et
3309 1979 3655 2048 cognationis

2066 2067 2403 2123 mentionem
2442 2066 2595 2133 iecit,
2623 2076 2679 2122 et
2712 2066 3019 2138 prophetia:
3050 2069 3420 2139 progenitoris
3455 2070 3688 2126 verita-'

2066 2174 2177 2219 tem
2216 2161 2537 2217 declaravit.

2138 2276 2279 2333 XIV.
2325 2277 2466 2331 Tum
2506 2275 2730 2331 demum
2766 2274 2954 2345 itaque
2990 2273 3369 2330 illibatissima
3404 2274 3497 2331 illa
3537 2275 3654 2347 (52)

2065 2372 2146 2426 rei
2187 2369 2550 2441 suscipiendae
2590 2375 2781 2439 parata
2831 2377 2975 2433 erat,
3015 2382 3199 2437 neque
3250 2368 3428 2439 angeli
3467 2369 3656 2425 verbis

2066 2462 2415 2519 detrectabat
2469 2460 2663 2526 ﬁdem;
2700 2474 2892 2515 verum
2929 2475 2961 2515 a
3009 2459 3448 2525 consuetudine,
3485 2476 3652 2531 quam

2067 2552 2316 2609 futuram
2365 2552 2775 2622 suspicabatur,
2817 2551 2924 2606 viri
2980 2551 3203 2621 penitus
3236 2551 3655 2619 abhorrens,cx

2067 2646 2303 2702 adverso
2367 2644 2486 2699 haec
2557 2644 2733 2699 ferme
2820 2640 3468 2712 reponebat:Quaenam
3519 2642 3654 2696 mihi

2067 2746 2193 2810 post
2249 2736 2521 2810 ejusmodi
2558 2744 2775 2806 partum
2827 2733 3037 2805 reliqua
3096 2733 3208 2788 erit
3263 2732 3655 2802 gloriaiouid

2066 2827 2205 2883 lucri
2240 2826 2333 2881 hic
2361 2824 2630 2890 conferet,
2657 2823 2900 2895 quando,
2942 2831 3067 2879 utut
3104 2822 3428 2878 universum
3464 2823 3656 2878 orbem

2069 2920 2117 2974 is
2153 2919 2402 2973 obtineat
2435 2916 2530 2988 qui
2569 2933 2634 2972 es
2686 2931 2774 2973 me
2824 2915 3095 2981 nascitur,
3125 2929 3227 2986 ego
3264 2921 3448 2969 tamen
3492 2915 3659 2970 casti-

388 2989 573 3094 pjrr'qp
735 2995 1002 3065 βασιλέως
1047 3000 1329 3072 κληθείην,
1375 3004 1474 3073 τὴν
1505 3005 1562 3058 δὲ
1591 3010 1961 3081 προσηγορίαν

2071 3010 2200 3066 tatis
2228 3009 2469 3065 thesauri
2500 3010 2771 3080 jacturam
2800 3007 3021 3078 patiar?
3049 3005 3180 3074 Qua:
3203 3005 3435 3073 utilitas,
3461 3007 3506 3060 si
3537 3022 3656 3061 ma-

383 3084 484 3151 τῆς
514 3084 790 3154 παρθένου
814 3087 1110 3159 ζημιωοιῖη
1145 3094 1318 3147 Κενόν
1348 3112 1439 3164 μοι
1467 3096 1528 3148 τὸ
1557 3097 1655 3162 τῆς
1685 3097 1962 3166 βασιλείας

386 3170 624 3244 ἀξίωμα.
648 3177 812 3230 Οὐδὲν
838 3181 946 3251 γάρ
967 3199 1057 3250 μοι
1078 3183 1187 3235 τῶν
1215 3184 1386 3237 ὄντων
1411 3185 1741 3257 τιμιώτερον
1767 3192 1962 3263 ἐκρίθη

387 3265 483 3317 καὶ
509 3266 797 3337 ἠγαπήθη,
829 3270 903 3334 ὡς
948 3273 1008 3326 τὸ
1056 3275 1155 3345 τῆς
1189 3277 1564 3349 καθαρότητος
1597 3281 1818 3351 ἀξίωμα
1838 3298 1853 3313 ο
1902 3284 1964 3336 οὐ

388 3352 666 3422 βασιλείας
694 3359 952 3433 διάδημα.
984 3365 1045 3417 οὐ
1079 3368 1403 3429 δυναστείας
1430 3371 1658 3437 κράτος,
1683 3374 1743 3425 οὐ
1777 3375 1969 3441 σεμνό-

386 3463 486 3517 της
514 3450 774 3519 πλούτου,
809 3455 870 3507 οὐ
901 3456 1060 3528 δόξης
1098 3460 1447 3529 περιφάνεια,
1483 3464 1581 3534 οὐχ
1613 3467 1640 3516 ὁ
1686 3465 1965 3535 περίγειος

384 3536 538 3606 οὗτος
578 3544 817 3615 κόσμος,
870 3550 992 3603 οὐδὲ
1037 3551 1066 3603 δ
1123 3554 1460 3624 περικαλλὴς
1512 3556 1676 3617 αὐτὸς
1736 3558 1967 3626 οὐρανὸς

390 3641 825 3705 συνεισενεγκεῖν
860 3659 914 3694 τι
945 3642 1260 3713 δυνήσεται,
1301 3646 1375 3716 μὴ
1405 3650 1520 3708 ταῖς
1557 3648 1725 3716 αὐτῆς
1769 3649 1968 3716 ἐγκαλ-

384 3720 737 3798 λωπιζομένῃ
751 3728 1123 3803 λαμπρότησι.
1144 3736 1291 3789 Μίαν
1319 3736 1598 3807 βασιλείαν
1619 3739 1964 3807 ἀσπάζομαι,

382 3812 489 3883 τὴν
522 3814 617 3885 τῆς
646 3820 1004 3891 σωφρῡσύνης
1049 3823 1240 3890 ἀξίαν·
1277 3824 1377 3880 ἕνα
1411 3828 1735 3898 περίκειμαι
1765 3835 1968 3899 στέφα-

383 3921 499 3968 νον,
536 3908 596 3959 τὸ
650 3913 1014 3981 περίϐλεπτον
1061 3917 1159 3987 τῆς
1207 3918 1507 3987 παρθενίας
1552 3919 1819 3991 διάδημαο
1871 3923 1966 3977 ἕνα

386 3998 665 4070 κέκτημαι
708 4004 965 4071 πλοῦτον,
1012 4007 1106 4062 τὸν
1147 4009 1205 4062 ἐν
1247 4009 1445 4081 ἁγνείᾳ
1491 4010 1964 4081 οησαυρισθέντα’

384 4082 466 4152 εἷς
488 4091 717 4163 οὐρανός
744 4113 836 4166 μοι
860 4099 1175 4171 τετίμηται,
1206 4103 1239 4171 ή
1261 4104 1381 4165 ταῖς
1410 4102 1521 4156 τῶν
1546 4105 1756 4173 ἀρετῶν
1782 4107 1965 4161 ἀκτῖσι

384 4182 789 4259 φαιδρυνομένη
864 4191 1104 4244 διάνοια*
1174 4193 1367 4247 τούτου
1426 4195 1966 4268 καταλαμπρύνομαι

381 4276 506 4335 ταῖς
548 4276 786 4344 αἰγλαις,
819 4280 1012 4335 τούτου
1044 4285 1450 4356 συνεπαίρομαι
1477 4286 1556 4356 τῷ
1593 4287 1739 4356 ὕψει,
1772 4289 1965 4342 τούτου

2070 3115 2153 3158 ter
2186 3101 2409 3172 quidem
2444 3100 2663 3155 audiam
2698 3100 2866 3170 regis,
2896 3110 2951 3155 at
2977 3098 3208 3171 virginis
3244 3114 3450 3153 nomen
3486 3099 3655 3152 amit-

2070 3193 2212 3247 tam?
2239 3191 2450 3245 Vanum
2490 3190 2621 3261 quid
2653 3190 2791 3244 mihi
2834 3189 3076 3260 dignitas
3128 3197 3216 3244 est
3265 3189 3434 3260 regia.
3455 3189 3651 3260 Neque

2066 3284 2214 3339 enim
2246 3283 2526 3352 quidpiam
2558 3297 2627 3335 ex
2665 3280 2927 3334 omnibus
2972 3280 3328 3335 exstantibus
3357 3280 3661 3350 pretiosius

2067 3373 2206 3428 mihi
2238 3372 2481 3435 ducitur,
2514 3380 2612 3426 aut
2659 3370 2943 3440 quidpiam
2975 3371 3151 3441 magis
3184 3370 3456 3440 diligitur,
3489 3386 3656 3439 quam

2068 3465 2246 3519 honos
2286 3463 2580 3532 puritatis:
2608 3478 2718 3516 non
2753 3462 2933 3533 regale
2963 3461 3369 3523 diadema.non
3412 3470 3659 3531 potestas

2069 3555 2309 3626 imperii,
2335 3571 2447 3610 non
2493 3553 2818 3624 splendidus
2845 3553 3164 3609 divitiarum
3199 3563 3518 3623 apparatus,
3543 3570 3656 3608 non

2069 3646 2361 3703 celebritas
2389 3646 2650 3709 nominis,
2674 3660 2785 3699 non
2839 3652 3097 3701 terrenus
3130 3645 3223 3701 hic
3257 3645 3520 3709 mundus,
3559 3660 3631 3699 ne

2068 3756 2178 3811 que
2232 3740 2413 3811 ipsum
2470 3739 2677 3794 coelum
2731 3738 3162 3809 pulcherrimum
3216 3738 3476 3809 prodesse
3524 3738 3660 3793 mihi

2067 3832 2351 3904 quidpiam
2388 3831 2612 3900 poterit,
2641 3829 2687 3884 si
2720 3829 2983 3900 puritatis
3011 3829 3403 3900 splendoribus
3428 3844 3538 3883 non
3569 3846 3659 3883 re-

2070 3924 2300 3978 niteam.
2330 3922 2577 3992 Regnum
2619 3937 2794 3976 unum
2829 3921 2885 3975 in
2916 3921 3128 3976 deliciis
3158 3931 3241 3976 est
3265 3921 3420 3980 mihi.
3444 3921 3660 3989 pudici-

2069 4016 2158 4069 tia:
2208 4014 2448 4083 dignitas
2479 4030 2492 4066 :
2528 4028 2639 4067 uno
2681 4011 2947 4067 redimior
2985 4020 3156 4073 serto,
3200 4011 3504 4080 conspicuo
3538 4012 3654 4063 vir.

2068 4105 2311 4176 giuitatis
2358 4104 2701 4158 diademate:
2730 4119 2867 4157 unas
2914 4102 3091 4156 habeo
3140 4102 3385 4166 divitias,
3416 4117 3538 4171 qua:
3591 4102 3649 4156 in

2068 4196 2324 4265 puritatis
2357 4194 2616 4248 thesauro
2647 4202 2778 4246 sunt
2802 4192 3056 4260 reposita:
3084 4207 3098 4244 :
3125 4206 3297 4244 unum
3346 4190 3480 4245 mihi
3540 4205 3660 4246 cm-

2069 4288 2180 4342 lum
2227 4288 2281 4340 in
2328 4284 2507 4354 pretio
2557 4292 2662 4347 est,
2698 4284 2919 4337 animus
2970 4283 3239 4337 virtutum
3281 4282 3450 4337 radiis
3482 4281 3657 4338 reful-

383 4363 455 4415 τὰ
484 4366 657 4437 κάλλη
694 4371 844 4423 ποθῶ
867 4388 881 4402 ⁸
919 4367 1073 4436 οὗτος
1104 4375 1198 4428 καὶ
1243 4375 1381 4446 πρὸς
1419 4376 1514 4429 τὸν
1569 4359 1846 4449 ὁρώμενον
1872 4382 1965 4433 ἀν-

2075 4395 2210 4452 gens
2242 4396 2256 4433 :
2291 4378 2455 4447 hujus
2480 4375 2870 4445 splendoribus
2904 4374 3187 4437 nobiliter,
3220 4376 3386 4447 hujus
3425 4376 3655 4431 celsitu-

386 4453 532 4522 ἀγει,
578 4461 673 4510 καὶ
719 4460 859 4533 ὑπὲρ
894 4464 985 4517 τὸν
1017 4466 1296 4535 ὁρώμενον
1326 4469 1615 4539 ἀναφέρει.
1659 4469 1730 4523 Σὺ
1769 4472 1824 4525 δὲ
1855 4473 1966 4525 εἴτε

387 4549 470 4610 εἰς
491 4549 654 4603 αὑτὸν
679 4551 772 4606 τὸν
796 4555 1026 4626 οὐρανὸν
1051 4558 1274 4623 ἀνάγειν
1300 4561 1657 4636 εὐαγγελίζη,
1687 4565 1796 4617 εἴτε
1824 4566 1965 4627 ὑπὲρ

386 4638 489 4706 την
539 4641 702 4707 φύσιν
755 4646 855 4709 τὰς
908 4647 1157 4717 εὐλογίας
1195 4648 1469 4719 κομίζεις.
1523 4653 1621 4724 τὴν
1669 4653 1819 4720 ἅπαξ
1850 4655 1969 4724 Θεῷ

389 4732 823 4803 καθιερωθείσάν
861 4756 964 4809 μου
1015 4740 1243 4811 γνώμην
1289 4742 1472 4811 λόγοις
1515 4744 1871 4809 θωπευτικοίς
1901 4750 1963 4803 οὐ

390 4825 725 4900 μεταὸάλῃς,
790 4829 853 4882 οὐ
898 4833 1020 4895 ταῖς
1052 4832 1340 4901 μεγίσταις
1373 4852 1468 4887 σου
1514 4835 1789 4903 δελεάσεις
1833 4842 1966 4894 ὑπο·

388 4914 658 4984 σχέσεσιν,
689 4920 751 4972 οὐ
780 4922 857 4993 τῷ
883 4922 1088 4994 ἡδίστῳ
1106 4925 1205 4995 τῆς
1240 4927 1426 4998 φωνῆς
1457 4944 1554 4982 σου
1584 4931 1676 4984 τὸν
1705 4930 1967 5002 λογισμὸν

456 5033 501 5062 δ’
541 5033 677 5091 Luc.
700 5053 739 5102 l,
764 5039 858 5093 5|.

467 5152 574 5226 (Si)
598 5153 1139 5226 llajestatem,quam
1169 5156 1387 5212 Gabriel
1421 5152 1746 5226 mysterium
1783 5172 1966 5209 ,ηραν-

385 5225 556 5278 nandi
596 5224 761 5278 Verbi
810 5224 1162 5280 nuntiaturus
1194 5228 1396 5293 induit,
1422 5224 1807 5295 ct'quemdam
1841 5227 1969 5281 inde

385 5303 593 5348 sancta:
624 5295 831 5364 Virgini
858 5311 1117 5364 pavorem
1150 5297 1430 5353 incussum
1465 5297 1545 5350 sic
1574 5295 1753 5348 innuit
1781 5307 1836 5351 et
1864 5297 1971 5349 lio-

386 5379 563 5416 mauze
614 5364 872 5419 Ecclesiae
918 5365 1167 5420 Ollicium
1226 5367 1280 5421 in
1316 5367 1565 5422 secundo
1618 5368 1970 5432 responsurio

384 5432 687 5506 Dominicze
720 5452 731 5487 ι
763 5436 1049 5506 Adventus
1087 5454 1100 5490 :
1136 5436 1325 5491 Missus
1376 5446 1450 5491 est
1485 5433 1707 5506 Gabriel
1751 5437 1972 5506 angelus

387 5504 459 5576 ad
505 5502 735 5558 Marium
761 5505 1026 5576 Virginem
1067 5505 1675 5576 desponsatumlosepli,
1716 5502 1970 5560 uuniians

386 5574 435 5623 ei
483 5575 692 5648 verbum
721 5593 734 5629 :
761 5586 809 5648 et
856 5574 1155 5646 expavescit
1219 5576 1373 5648 Virgo
1417 5582 1481 5631 de
1527 5575 1743 5631 luuiine.
1788 5577 1963 5631 Etiam

389 5652 618 5699 sanctus
659 5644 984 5702 Ambrosius
1018 5648 1190 5702 sensit
1242 5644 1517 5718 Virginem
1545 5648 1617 5701 ob
1647 5664 1711 5704 ea
1747 5657 1963 5719 pertur-

2072 4478 2201 4533 dine
2229 4475 2454 4539 elI‘eror,
2476 4474 2642 4544 hujus
2670 4471 3028 4542 pulchritudo
3063 4471 3197 4525 mihi
3227 4471 3380 4526 cordi
3408 4480 3495 4527 est
3526 4487 3541 4524 :
3569 4471 3663 4526 hic

2074 4579 2131 4626 et
2162 4568 2229 4624 ad
2253 4566 2471 4623 visibile
2492 4580 2578 4620 me
2602 4563 2801 4620 caelum
2831 4564 3040 4627 evehit,
3067 4564 3201 4633 quin
3233 4574 3289 4618 et
3316 4578 3481 4631 super
3512 4561 3659 4616 istud

2072 4659 2293 4716 visibile
2325 4673 2411 4712 me
2441 4655 2677 4712 extollit.
2706 4653 2786 4707 Tu
2816 4662 3020 4714 autem.
3041 4654 3156 4708 sive
3186 4653 3253 4709 ad
3291 4654 3441 4723 ipsos
3488 4650 3661 4706 caelos

2074 4766 2427 4808 ascensuram
2472 4762 2559 4803 me
2612 4746 2786 4801 fauste
2819 4746 3136 4806 annunties,
3164 4745 3282 4798 sive
3320 4741 3661 4798 benedictio-

2082 4860 2180 4900 nes
2221 4843 2421 4899 aderas
2478 4848 2687 4894 natura:
2728 4837 2979 4891 ordinem
3027 4837 3377 4901 excedentes,
3417 4842 3659 4891 mentem

2076 4951 2283 5003 meam,
2305 4934 2362 4990 in
2394 4933 2778 4988 holocaustum
2806 4930 2919 4985 Deo
2944 4930 3115 4986 semel
3147 4930 3413 4992 oblatam,
3439 4942 3550 4983 non
3585 4925 3663 4980 di-

2068 5160 2279 5224 batam,
2308 5177 2430 5230 quae
2467 5161 2626 5224 vidit,
2657 5176 2721 5215 ac
2750 5161 2925 5216 sancti
2957 5160 3120 5215 Lucae
3156 5160 3325 5214 verba
3359 5159 3432 5213 ita
3462 5160 3661 5214 recitat

2070 5233 2146 5299 (in
2170 5231 2420 5302 Luc.lib.
2450 5248 2487 5293 ι,
2508 5249 2564 5286 n.
2587 5234 2643 5295 8)
2672 5250 2684 5285 :
2711 5232 2839 5302 Ipsa
2864 5239 3043 5285 autem
3071 5239 3128 5283 ut
3165 5231 3289 5284 vidit
3335 5247 3475 5294 eum,
3519 5241 3663 5285 mota

2068 5310 2146 5354 est
2192 5302 2246 5353 in
2303 5301 2527 5355 introitu
2581 5301 2917 5371 ejus.Aliam
2978 5311 3159 5355 tamen
3190 5302 3407 5369 pavoris
3437 5316 3659 5355 causam

2072 5372 2338 5439 assignat,
2387 5370 2678 5426 subdens:
2714 5370 2999 5437 Trepidare
3051 5373 3315 5441 virginum
3360 5380 3454 5433 est,
3498 5379 3548 5423 et
3594 5370 3664 5424 ad

2074 5457 2252 5494 omnes
2288 5444 2385 5495 viri
2408 5443 2677 5511 ingressus
2700 5456 2912 5509 pavere.

2150 5512 2262 5582 (52)
2325 5512 2517 5576 Audis,
2567 5512 2791 5566 Mariam
2833 5511 3223 5575 illibatissimw,
3252 5513 3349 5577 τῆς
3408 5529 3659 5582 πανακη-

2078 5582 2263 5652 ράτου,
2290 5582 2654 5653 appellatione
2679 5584 3118 5640 antonomastice
3152 5583 3480 5652 nuncupari.
