4122 6212
349 340 463 406 649

1106 332 1400 393 ORATIO
1446 334 1523 393 IN
1562 328 2263 391 ANNUNTIATIONEBI
2299 329 2402 389 SS.
2452 328 2843 389 DEIPAILE.

3510 335 3617 395 650

348 459 505 529 ὅμως
544 450 667 523 ἐμοὶ
709 447 883 503 δεινὸν
934 443 1092 500 τοῦτο
1140 448 1235 501 καὶ
1274 446 1622 517 παρανομίας
1671 445 1934 514 μᾶλλονῆ

2053 443 2166 494 ἓιυει
2193 444 2378 494 suavis
2392 444 2574 511 gaudii
2607 442 2779 495 melos
2802 441 3411 510 prornas;,lim'rendtttn
3437 455 3619 503 tamen

351 548 607 616 εὐλογίας
640 542 897 615 πρόξενον
928 541 1260 595 ὐπονοεῖται.
1290 540 1352 593 Ei
1387 539 1486 609 μὲν
1507 534 1602 592 οὖν
1632 536 1803 607 καινῴ
1833 554 1936 588 τινι

351 641 545 715 τρόπῳ
575 638 637 691 τὸ
667 634 880 689 τοιοῦτο
916 632 1309 699 καταγγέλλεις
1348 630 1748 700 συμϐήσεσθαι,
1790 629 1937 692 εἰκὸς

354 729 576 795 ὐπεῖξαί
622 743 689 796 με
724 724 803 795 τῷ
841 725 1006 793 λόγῳ,
1055 722 1149 775 καὶ
1183 724 1249 791 τῇ
1302 720 1629 791 καινοτομίᾳ
1680 721 1940 789 προσχεῖν

353 824 592 892 ἀνάγκη.
629 820 689 872 Εἰ
724 818 780 871 δὲ
809 818 959 886 νόμῳ
1005 815 1266 884 συζυγίας
1312 815 1345 886 ἢ
1391 813 1692 883 συναφείας
1724 829 1940 882 προμη-

353 915 501 977 νύεις
554 912 778 965 ἔσεσθαι
823 910 912 961 τδν
960 909 1142 969 τόκον,
1174 908 1353 974 ἄπαγε
1406 909 1503 975 τῆς
1552 904 1937 975 παρανομίαςο

358 1007 567 1059 παῦσαι
614 1005 712 1071 τῆς
752 1003 1011 1061 ἀτοπίαςο
1074 999 1148 1068 μὴ
1195 998 1401 1068 φθέγξῃ
1446 1002 1574 1068 περὶ
1603 997 1828 1051 τούτου⁸
1864 994 1939 1066 μὴ

360 1099 606 1169 προσθῇς
637 1097 716 1148 ἔτι
749 1093 997 1147 κακῶσαι
1037 1094 1136 1162 τὴν
1168 1093 1468 1163 ἀπείρατον
1499 1093 1698 1153 κακίας
1736 1091 1936 1158 ψυχήν.

356 1190 421 1242 Τί
448 1192 515 1258 τῇ
538 1187 683 1257 χαρᾷ
713 1186 1092 1255 περιέχρωσας
1126 1180 1222 1253 τὴν
1276 1182 1453 1253 ἀράν;
1513 1181 1578 1233 Τί
1611 1180 1677 1250 τῇ
1718 1178 1942 1248 εὐλογίᾳ

357 1280 459 1349 τὴν
491 1279 705 1332 ἀδικίαν
733 1276 1132 1341 συνεσκίασαςς
1161 1275 1227 1326 Τί
1254 1274 1333 1343 τῷ
1366 1275 1655 1343 περιχαρεῖ
1679 1272 1822 1341 λόγῳ
1850 1270 1941 1323 τὸν

360 1370 512 1425 δόλον
539 1370 932 1439 εὐμόρφωσαςς
971 1368 1036 1419 Τί
1070 1366 1147 1436 τῷ
1183 1367 1451 1436 εὐπρεπεῖ
1478 1383 1572 1417 σου
1607 1365 1849 1433 σχήματι
1879 1362 1943 1414 τὸ

361 1458 613 1525 ἀπρεπὲς
677 1455 1074 1526 περικρύπτεις
1132 1457 1555 1524 τεχνούργημας
1630 1453 1939 1523 ’Υποχώρει

363 1547 709 1616 παρενοχλῶν
735 1563 747 1576 ·
778 1548 879 1600 οὐκ
913 1546 1167 1615 εὐλογίαν
1194 1546 1498 1617 προξενεῖς,
1530 1546 1667 1600 ἀλλὰ
1698 1562 1945 1616 παρανο-

369 1641 499 1706 μίαν
532 1642 749 1709 εὲσηγῇ.
795 1641 870 1691 Οὐ
910 1639 1163 1702 τοιαύτας
1192 1638 1302 1707 ἐγὼ
1333 1639 1410 1710 τῷ
1449 1630 1695 1709 Δεσπὸτῃ
1730 1638 1942 1691 καθυπ-

2044 534 2096 587 id
2131 534 2263 586 mihi
2296 544 2475 597 sonat,
2515 546 2569 589 et
2590 535 2851 605 flagitium
2883 534 3057 601 magis
3086 550 3248 603 quam
3277 535 3622 594 benedictio-

2043 641 2169 679 nem
2222 627 2498 681 adducere
2558 626 2795 681 videtur.
2852 625 2907 681 Si
2964 629 3146 695 itaque
3192 644 3335 680 novo
3385 630 3623 699 quodam

2043 720 2207 774 modo
2244 721 2349 774 tale
2372 719 2504 789 quid
2539 729 2866 772 eventurum
2904 719 3265 787 significares,
3318 737 3623 792 congruum

2042 830 2173 868 sane
2192 814 2353 874 foret,
2374 822 2434 866 ut
2454 812 2637 866 verbis
2661 813 2769 867 tuis
2785 812 3215 881 acquiescercm,
3243 815 3622 887 rationemque

2042 904 2302 959 haberem
2361 906 2486 957 novi
2558 909 2742 975 operis
2797 914 3095 973 Oporteret.
3155 907 3226 959 At
3258 907 3301 960 si
3356 919 3624 964 consueto

2040 996 2285 1066 conjugii
2349 995 2547 1050 ordine
2591 996 2840 1050 futurum
2896 996 3097 1051 indicis
3145 1008 3386 1066 partum,
3454 1018 3625 1072 apage

2042 1089 2383 1158 nequitiam:
2420 1104 2572 1143 cessa
2601 1089 2671 1143 ab
2692 1090 2962 1159 ejusmodi
2988 1090 3272 1146 facinore:
3306 1109 3375 1147 ne
3397 1095 3625 1148 verbum

2042 1194 2106 1232 ea
2138 1179 2206 1232 de
2247 1195 2303 1233 re
2334 1178 2505 1233 fat-ias
2533 1197 2546 1233 :
2598 1196 2665 1234 ne
2694 1196 2891 1249 pergas
2918 1182 3107 1234 animat
3138 1182 3485 1252 rnaliexperti
3512 1184 3626 1253 (54)

2043 1271 2246 1324 malum
2301 1271 2623 1341 prepinare.
2679 1270 2821 1337 Quid
2853 1274 3037 1341 gaudii
3093 1275 3374 1330 coloribus
3406 1278 3629 1330 maledi-

2044 1355 2492 1418 ctionemfucasti
2511 1364 2534 1415 ?
2556 1361 2697 1429 Quid
2732 1350 3081 1433 iniquitatem
3113 1368 3369 1438 obtegisti
3398 1369 3631 1424 benedi-

2044 1458 2246 1511 ctionis
2305 1454 2465 1510 velo?
2530 1456 2669 1521 Quid
2744 1457 2999 1511 blandam
3056 1458 3184 1512 dolo
3238 1462 3478 1529 speciem
3530 1479 3629 1533 per

2038 1549 2319 1621 jucundos
2357 1566 2647 1605 sermones
2691 1550 2995 1605 allinxisti?
3018 1552 3158 1618 Quid
3199 1555 3488 1610 indecoras
3533 1558 3633 1610 dc-

2045 1658 2179 1697 coro
2215 1652 2443 1711 aspectu
2476 1652 2570 1696 tuo
2604 1643 2832 1699 insidias
2859 1645 3196 1700 abscondis?
3224 1647 3303 1702 Ne
3334 1649 3476 1702 ultra
3509 1663 3631 1703 mo-

364 1731 604 1799 εσχὸμην
638 1729 913 1800 συνθήκας
935 1747 947 1760 ο
974 1730 1095 1783 οὐδὲ
1116 1730 1317 1793 ταύτας
1347 1732 1552 1794 ἐκεῖνος
1584 1732 1707 1784 ἀντὶ
1738 1730 1944 1784 τούτων

2053 1735 2221 1788 lestus
2252 1735 2329 1788 sis
2366 1752 2379 1786 :
2408 1750 2517 1787 non
2549 1734 2997 1789 benedictionem
3039 1739 3276 1805 profers,
3305 1738 3399 1793 sed
3448 1740 3632 1794 scelus

364 1825 687 1894 προσίεται·
736 1825 985 1895 καθαρὰν
1011 1826 1211 1894 ἑαυτὴν
1243 1824 1318 1894 τῷ
1352 1824 1580 1894 καθαρῷ
1607 1824 1939 1894 ἀναθεμένη,

2053 1823 2290 1877 inducis.
2336 1823 2458 1878 Non
2515 1823 2615 1879 ista
2648 1839 2748 1894 ego
2780 1841 2908 1879 cum
2962 1827 3191 1881 Domino
3218 1836 3374 1896 pacta
3425 1843 3633 1883 vovens

365 1919 510 1969 σῶαν
540 1918 639 1987 τὴν
669 1917 972 1986 ἀφιέρωσιν
993 1916 1071 1986 τῷ
1102 1917 1351 1989 Δεσπότῃ
1384 1934 1486 1986 μου
1516 1918 1702 1987 τηρεῖν
1737 1919 1816 1979 είς
1848 1916 1946 1969 πέ-

367 2026 463 2078 ρας
492 1996 775 2062 ὲθέσπισα.
811 2009 905 2071 Σὺ,
948 2009 1144 2079 Κύριε,
1188 2010 1217 2061 6
1256 2010 1353 2079 τῆς
1396 2010 1537 2079 ἐμῆς
1574 2008 1943 2079 καθαρότητος

365 2100 581 2171 ἔφορος,
635 2104 692 2153 ἐν
744 2101 821 2170 τῷ
870 2103 1103 2175 ,παρόντι
1162 2103 1504 2172 μεσίτευσον.
1563 2103 1634 2154 Σὺ
1693 2102 1804 2173 γὰρ
1832 2099 1882 2155 εί
1918 2104 1948 2156 6

364 2194 772 2257 ἁπλανέστατος
824 2194 1036 2264 μάρτυς
1096 2195 1197 2263 τῆς
1268 2197 1327 2248 ἐν
1386 2196 1511 2264 ἐμοὶ
1559 2195 1945 2265 κρυπτομένης

365 2286 619 2353 ἁγνείας·
663 2286 726 2339 σὺ
759 2282 814 2339 εἴ
850 2286 1008 2356 μόνος
1040 2288 1068 2338 6
1097 2286 1195 2357 τὴν
1226 2286 1515 2339 ἀνόθευτόν
1560 2303 1662 2355 μου
1694 2285 1959 2356 καθορῶν

364 2377 629 2442 διάθεσιν,
662 2370 706 2445 ᾧ
743 2378 964 2447 ἐφάπαξ
1003 2377 1208 2448 ταύτην
1244 2376 1580 2446 ἀναθεμένη,
1615 2377 1948 2430 ἀνεπίϐατον

368 2468 537 2524 εἰσέτι
576 2471 756 2538 λόγοις
800 2471 1159 2534 θωπευτικοῖς
1193 2472 1513 2541 διετήρησα,
1547 2472 1608 2523 οὐ
1640 2471 1800 2541 μόνον
1824 2471 1947 2524 τού-

365 2579 474 2615 των
503 2564 954 2635 ἀλλοτριουμένη,
986 2565 1122 2618 ἀλλά
1160 2565 1255 2617 καὶ
1304 2569 1485 2633 πάντη
1524 2564 1632 2617 τῶν
1687 2564 1947 2618 τοιούτων

369 2656 721 2724 ἐνθυμήσεων
770 2655 1179 2726 καθαρεύουσα.
1227 2656 1318 2728 Μὴ
1355 2656 1462 2726 δῷς
1512 2652 1627 2720 οὖν,
1667 2657 1948 2727 ἀπατηλὸν

367 2747 612 2802 εἰσδῦναι
635 2749 792 2818 λόγον
819 2752 876 2801 ἐν
901 2754 968 2820 τῇ
999 2749 1396 2820 καθιερωθείσῃ
1433 2767 1514 2802 σοι
1537 2748 1744 2820 διανοίᾳ
1765 2765 1777 2779 ’
1816 2749 1951 2818 μηδὲ

369 2841 592 2911 ἀηθέσιν
620 2842 950 2913 ὲνηχηθῆναι
977 2845 1218 2913 ῥήμασιν
1243 2842 1410 2915 ἐάσῃς
1433 2843 1533 2911 τὴν
1554 2841 1951 2911 ἀνατιθεμένην

370 2949 453 2985 σοι
479 2933 669 3003 ἀκοήν*
699 2936 773 3002 μὴ
796 2933 965 2985 δίοδον
990 2932 1285 3001 ἐπιϐουλῆς
1313 2936 1377 3003 τῇ
1406 2932 1587 3000 ἁθιγεῖ
1606 2934 1700 2987 καὶ
1725 2932 1951 3002 ἀκράτῳ

372 3023 695 3095 σωφροσύνῃ
714 3026 1147 3096 παραχωρήσῃς.
1168 3025 1374 3092 Φάνηθι
1392 3022 1708 3092 ἱπαμύνων,
1727 3024 1756 3075 6
1775 3022 1950 3076 πάντα

372 3115 723 3171 κατοπτεύων
746 3132 759 3145 ·
787 3116 937 3185 ἁγὼν
972 3115 1082 3185 γὰρ
1112 3113 1453 3182 ἑκατέρωθεν
1485 3115 1806 3186 πρόκειται’
1853 3116 1949 3167 καὶ

368 3206 433 3259 τὸ
460 3205 733 3258 πιστεύειν
757 3206 1040 3276 ἐπίφοϐον,
1067 3206 1160 3259 καὶ
1179 3206 1240 3259 τὸ
1272 3207 1573 3258 διαπιστεῖν
1590 3203 1949 3257 ἐπικίνδυνον.

382 3297 697 3369 Ἀμφότερα
722 3299 853 3369 γοῦν
881 3301 938 3351 ὲν
962 3298 1046 3369 τῷ
1066 3300 1294 3368 παρόντι
1320 3296 1640 3367 καθορᾶται.
1662 3296 1734 3348 Τὸ
1754 3295 1863 3367 γάρ
1885 3295 1950 3363 δὴ

375 3390 605 3460 μέγεθος
633 3392 741 3445 τῶν
769 3391 1077 3460 λεγομένων
1105 3388 1469 3459 ἀμφιδάλλειν
1498 3386 1913 3456 παρασκευάζει
1936 3403 1948 3415 ·

372 3483 466 3535 καὶ
484 3484 540 3535 τε
553 3483 646 3535 τοῦ
661 3483 909 3550 λέγοντος
926 3481 1000 3550 μὴ
1011 3481 1286 3543 διστάζειν
1298 3477 1733 3547 παρακελεύεται
1746 3475 1847 3543 σχῆ
1857 3491 1949 3543 μα·

376 3575 558 3645 πάσης
576 3576 686 3643 γὰρ
702 3574 867 3626 τοῦτο
886 3572 1127 3642 καθαρὸν
1145 3569 1395 3639 φαίνεται
1415 3569 1643 3637 πλάνης,
1667 3567 1836 3636 μηδὲν
1856 3584 1952 3636 ση-

373 3669 529 3737 μεῖον
545 3666 759 3732 ἀπάτης
785 3664 1208 3734 ἐπιφερόμενον.
1242 3661 1405 3740 Ἀλλά
1431 3661 1536 3732 μὴν
1557 3660 1652 3714 καὶ
1672 3660 1824 3724 ξένον
1858 3659 1951 3712 τοῦ

368 3758 713 3827 ἀνθρωπείου
744 3760 991 3826 πέφυκεν
1012 3756 1187 3817 εἴδους
1209 3772 1226 3788 ο
1254 3753 1545 3823 ἀγγελικδν
1569 3751 1949 3822 προϐαλλόμε-

368 3866 461 3901 νον
491 3848 580 3899 τὸν
609 3848 956 3919 χαρακτῆρα,
983 3847 1128 3900 ἔοικε
1157 3848 1272 3909 τοῖς
1297 3845 1558 3907 πολλάκις
1586 3862 1676 3914 μοι
1702 3846 1950 3912 φανεῖσιν

370 3941 429 3992 ὲν
459 3940 537 4007 τῷ
565 3939 678 4008 ναῷ
728 3956 855 3992 σου·
914 3941 964 3992 εί
1016 3939 1112 3992 καὶ
1156 3938 1590 4009 παραδοξότερον
1638 3937 1951 4004 περίκειται

373 4031 605 4095 κάλλος,
652 4033 700 4084 εἰ
742 4034 835 4085 καὶ
875 4032 1265 4103 λαμπροτέραν
1313 4030 1686 4083 ἐπιδείκνυται
1722 4028 1874 4093 θέαν,
1924 4031 1953 4082 6

373 4126 577 4189 γλυκὺς
605 4118 761 4187 οὗτος
789 4128 853 4195 τῇ
879 4124 1000 4195 ὥρᾳ
1030 4126 1123 4177 καὶ
1148 4127 1258 4186 τοῖς
1284 4123 1740 4195 προσφθέγμασιν
1765 4121 1951 4190 ἡδίων.

2050 1915 2180 1968 inivi
2204 1931 2218 1978 ;
2252 1929 2433 1984 neque
2460 1915 2579 1985 ipse
2604 1916 2846 1971 vicissim
2872 1934 2983 1987 pra:
3018 1918 3194 1986 pactis
3222 1920 3326 1972 ista
3357 1919 3628 1979 admittit.

2050 2008 2462 2063 lmmaculatam
2498 2008 2857 2064 Immaculato
2898 2010 3011 2077 (55)
3049 2026 3135 2064 me
3188 2011 3363 2081 ipsam
3398 2013 3576 2069 obtuli
3613 2030 3629 2067 :

2050 2109 2107 2154 et
2140 2100 2478 2154 oblationem
2532 2101 2766 2155 Domino
2819 2116 2941 2155 meo
2994 2118 3167 2171 usque
3196 2103 3265 2157 ad
3317 2102 3481 2158 ﬁnem
3506 2104 3634 2160 vita

2050 2192 2312 2245 intactam
2369 2208 2455 2246 me
2506 2201 2853 2251 servaturam
2912 2193 3164 2263 religiose
3214 2195 3507 2265 spopondi.
3549 2195 3632 2249 Tu

2064 2284 2316 2347 Domine,
2354 2284 2631 2353 inspector
2659 2284 2917 2353 puritatis
2949 2301 3106 2348 mete,
3141 2294 3195 2339 tu
3224 2286 3389 2341 modo
3416 2287 3525 2342 buc
3549 2289 3635 2342 in-

2051 2377 2293 2430 tercede.
2322 2376 2643 2430 Recondita:
2668 2376 2816 2430 enim
2836 2376 2889 2429 in
2918 2391 3005 2430 me
3031 2378 3364 2433 innocentia:
3393 2389 3449 2432 tu
3474 2380 3633 2434 testis

2067 2483 2129 2521 es
2161 2469 2274 2521 falli
2322 2469 2541 2523 nescius
2573 2487 2585 2521 :
2614 2469 2859 2522 animum
2910 2484 3091 2522 meum
3143 2469 3525 2539 incorruptum
3574 2480 3631 2523 tu

2053 2560 2204 2614 solus
2236 2576 2296 2615 es
2323 2561 2417 2631 qui
2451 2562 2740 2624 intuearis,
2778 2562 2867 2616 cui
2906 2564 3075 2616 semel
3107 2579 3233 2618 eum
3273 2580 3631 2627 consecrans,

2054 2652 2394 2707 inaccessum
2415 2654 2524 2707 huc
2543 2670 2715 2723 usque
2739 2655 2924 2709 verbis
2944 2657 3321 2711 assentatoriis
3337 2659 3632 2724 custodivi,

2053 2760 2163 2799 non
2218 2747 2381 2799 modo
2413 2746 2482 2799 ab
2529 2747 2681 2800 hisce
2717 2748 3047 2813 abhorrens,
3104 2765 3294 2803 verum
3349 2752 3515 2805 etiam
3566 2752 3636 2804 ab

2052 2836 2323 2908 ejusmodi
2361 2822 2795 2907 cogitationibus
2831 2856 3061 2911 prorsus
3106 2841 3332 2897 munda.
3387 2842 3467 2897 Ne
3503 2859 3631 2913 per-

2053 2933 2240 2987 mittas
2276 2932 2463 3000 igitur,
2509 2941 2567 2987 ut
2602 2935 2669 2988 ad
2712 2942 2950 2989 mentem
2989 2934 3088 2989 tibi
3132 2936 3368 2990 dicatam
3410 2936 3638 2992 dolosus

2052 3041 2238 3080 sermo
2286 3027 2499 3082 aditum
2544 3028 2821 3095 inveniat;
2856 3045 3034 3101 neque
3064 3031 3233 3094 sinas,
3269 3037 3329 3086 ut
3362 3031 3430 3085 ad
3474 3046 3637 3086 aures

1978 3156 2022 3213 ο
2057 3118 2154 3172 tibi
2181 3134 2363 3175 sacras
2387 3121 2740 3175 insolentium
2775 3123 3072 3176 verborum
3108 3137 3279 3176 sonus
3310 3122 3593 3177 deferatur
3621 3166 3635 3187 ,

2055 3226 2124 3264 ne
2151 3212 2398 3280 patiaris,
2436 3222 2495 3265 ut
2518 3213 2585 3266 ad
2614 3216 2872 3267 intactam
2906 3213 3288 3281 illibatamque
3312 3212 3637 3283 pudicitiam

2058 3316 2314 3356 accessus
2346 3304 2494 3356 nllus
2522 3303 2741 3357 insidiis
2772 3312 2975 3367 pateat.
3010 3302 3144 3357 Veni
3179 3303 3233 3355 in
3267 3304 3556 3368 auxilium,
3583 3315 3638 3358 tu

2057 3392 2149 3460 qui
2168 3394 2349 3445 omnia
2368 3394 2559 3446 vides:
2590 3395 2848 3463 utrinque
2865 3395 3011 3448 enim
3032 3408 3117 3448 me
3137 3394 3401 3462 angustiae
3418 3404 3640 3462 tenent;

2056 3494 2110 3536 et
2128 3499 2214 3536 res
2231 3494 2308 3537 est
2326 3485 2480 3552 plena
2497 3483 2804 3539 formidinis
2816 3485 3063 3551 credere,
3080 3501 3188 3539 non
3209 3484 3438 3541 credere
3457 3496 3640 3542 autem

2061 3577 2220 3646 plena
2250 3577 2504 3646 periculi.
2536 3576 2593 3630 ln
2614 3591 2857 3647 prmsens
2886 3587 3035 3633 certe
3054 3585 3348 3648 utrumque
3370 3579 3640 3634 cernitur.

2060 3669 2196 3723 Nam
2229 3668 2296 3723 ad
2329 3669 2716 3739 ambigendum
2747 3669 2878 3725 hinc
2908 3669 3121 3725 inducit
3152 3685 3346 3727 eorum
3377 3671 3643 3743 gravitas,

2061 3777 2182 3830 qua:
2212 3762 2503 3829 dicuntur;
2552 3764 2679 3821 inde
2712 3782 2847 3822 vero
2888 3766 3145 3823 dubitare
3200 3783 3311 3823 non
3367 3769 3503 3824 sinit
3557 3770 3643 3824 lo-

2058 3856 2281 3924 quentis
2295 3857 2506 3926 species
2532 3876 2544 3911 :
2562 3859 2743 3913 omnis
2758 3859 2905 3914 enim
2919 3860 3028 3914 doli
3048 3860 3166 3915 haec
3182 3868 3380 3929 expers
3401 3860 3642 3920 videtur.

2060 3958 2164 3998 nec
2195 3944 2365 3999 ullum
2397 3945 2625 4003 fallacia:
2670 3949 2878 4016 praebet
2925 3949 3210 4005 indicium.
3241 3948 3347 4003 Sed
3397 3957 3455 4004 et
3485 3948 3651 4018 quid-

2063 4035 2208 4104 piam
2230 4035 2391 4104 plane
2421 4034 2474 4089 in
2498 4051 2568 4090 eo
2593 4037 2775 4091 elucet
2809 4036 2878 4091 ab
2909 4035 3153 4091 hominis
3174 4035 3349 4090 forma
3366 4036 3645 4102 alienum;

2066 4123 2369 4192 angelicam
2405 4124 2598 4192 objicit
2640 4126 2903 4195 speciem,
2951 4132 3009 4179 et
3040 4124 3239 4179 similis
3284 4124 3354 4179 iis
3408 4124 3651 4197 videtur,

374 4218 466 4289 q'ni
494 4234 636 4289 saepe
665 4210 797 4271 milii
821 4218 873 4271 in
905 4216 1108 4285 templo
1137 4224 1232 4270 tuo
1255 4230 1523 4286 apparere
1538 4213 1820 4280 solebant;
1840 4213 1944 4267 nisi
1972 4214 2120 4282 quod
2160 4214 2486 4269 mirabiliori
2512 4216 2605 4270 hic
2653 4216 2885 4286 refulget
2913 4215 3348 4285 pulchritudine,
3386 4224 3442 4273 et
3477 4228 3654 4272 venus

373 4324 517 4370 state
551 4315 851 4385 jucundus,
878 4322 934 4368 et
977 4311 1201 4367 suavior
1231 4311 1466 4381 eloquiis
1496 4310 1924 4381 splendidiorem
1960 4317 2242 4379 aspectum
2268 4309 2571 4377 pra-sefert.

450 4408 558 4459 lll'.
588 4406 775 4459 Ταῦτα
817 4402 912 4459 οὖν
947 4405 1045 4473 τῆς
1079 4403 1361 4474 ἀκηράτου
1409 4402 1695 4471 Παρθένου
1728 4401 1949 4469 διαλογι·

2143 4397 2307 4452 XVlI.
2343 4397 2482 4452 Cum
2517 4397 2703 4467 itaque
2736 4398 3123 4454 intemeratam
3154 4398 3434 4471 Virginem
3460 4406 3650 4456 secum

375 4497 611 4568 ζομένης
663 4501 865 4563 συνιεὶς
904 4500 932 4552 6
982 4497 1163 4569 κήρυξ
1193 4499 1293 4567 τῆς
1338 4497 1618 4569 ἀληθείας,
1649 4496 1679 4548 6
1722 4494 1966 4566 μηνυτὴς

375 4592 477 4658 τῆς
506 4590 805 4660 σωτηρίας,
837 4593 865 4644 6
895 4591 995 4660 τῆς
1032 4591 1210 4660 χαρᾶς
1246 4589 1403 4660 ἡμῶν
1453 4588 1736 4657 πρόξενος,
1769 4587 1798 4638 6
1848 4601 1967 4637 ποι-

379 4684 526 4746 κίλος
564 4685 657 4737 τοῦ
695 4683 957 4754 μυστικοῦ
995 4683 1243 4754 θαλάμου
1269 4683 1588 4752 κοσμήτωρ,
1620 4683 1648 4734 6
1674 4680 1772 4748 τῆς
1797 4676 1962 4731 ἀσπί·

380 4778 475 4829 λου
506 4780 835 4849 περιστερᾶς
868 4777 1260 4847 νυμφοστόλος,
1302 4775 1499 4847 μικρὸν
1547 4774 1731 4836 ἐνδοὺς
1762 4770 1962 4844 πρότε-

383 4884 497 4938 ρον,
532 4869 840 4932 ἀκολούθως
868 4870 1066 4936 ἐπάγει
1087 4868 1179 4921 τὸν
1205 4869 1388 4936 λόγον,
1418 4867 1514 4920 καὶ
1531 4864 1649 4918 λύει
1675 4863 1768 4917 τὸν
1799 4862 1964 4932 φόϐον

379 4965 446 5031 τῇ
478 4962 773 5028 ἀποφάΰει,
826 4963 1030 5029 λέγων’
1071 4960 1313 5028 Πνεῦμα
1361 4958 1535 5028 ἄτιον
1569 4955 1964 5009 ἐπελεύσεται

381 5052 481 5104 ἐπὶ
515 5054 607 5116 σὲ,
642 5054 741 5106 καὶ
777 5053 1031 5122 δύναμις
1075 5052 1371 5119 ’Υψίστου
1407 5046 1744 5104 ἐπισκιάσει
1774 5060 1893 5100 σοι.

460 5210 505 5244 ⁸³
541 5208 675 5263 Luc.
730 5226 769 5272 ι,
792 5208 883 5263 55.

457 5348 569 5427 (54)
600 5344 835 5404 Pulchre
857 5349 1107 5427 conditio
1136 5350 1334 5427 anima:
1358 5356 1568 5427 sanctae
1591 5343 1831 5427 Virginis
1861 5358 1959 5398 ex-

383 5417 635 5484 hibetur,
687 5431 745 5473 ut
783 5423 990 5488 peccati
1042 5420 1181 5473 labis
1224 5419 1407 5472 nescia
1433 5417 1619 5481 fuerit,
1662 5417 1958 5488 ἀπείρατος

386 5496 588 5553 κακίας
615 5485 796 5560 illum.
824 5490 1114 5543 Verissime
1145 5489 1293 5542 enim
1326 5488 1668 5560 teterrimum
1702 5485 1805 5560 hoc
1836 5499 1957 5560 rna-

388 5564 503 5616 lum
554 5554 645 5614 illa
686 5554 794 5614 non
829 5570 912 5613 est
946 5569 1196 5628 experta,
1249 5574 1371 5626 qua:
1420 5559 1505 5612 vel
1544 5554 1953 5628 haereditarium

387 5635 589 5687 malum
621 5630 881 5699 singulari
910 5631 1002 5682 Dei
1023 5627 1298 5699 beneficio
1315 5627 1606 5699 devitavit.

466 5704 574 5768 (ὃὸ)
600 5694 891 5770 Aptissime
910 5699 1263 5752 Immaculata
1285 5698 1447 5770 Maria
1466 5713 1589 5750 cum
1611 5694 1965 5770 Immaculata

389 5767 624 5827 Dommo
647 5767 801 5843 juxta
829 5775 1113 5823 confertur
1148 5783 1257 5836 quo
1289 5767 1536 5821 innuitur
1577 5769 1732 5823 alteri
1758 5781 1822 5820 ex
1848 5780 1971 5834 gra-

719 5866 995 5925 ΡΑτιιοι..
1029 5864 1146 5922 Gn.
1182 5861 1473 5924 CXXVII.

2071 4489 2187 4544 haec
2218 4491 2577 4545 disserentem
2610 4490 2948 4560 perspiceret
3001 4491 3095 4547 ille
3132 4492 3385 4547 veritatis
3444 4508 3647 4562 praeco,

2071 4580 2305 4634 nuntius
2334 4580 2549 4647 salutis,
2598 4582 2783 4652 gaudii
2806 4582 2981 4637 nostri
3013 4583 3290 4647 minister,
3345 4584 3651 4643 industrius

2068 4675 2283 4746 mystici
2304 4675 2528 4739 thalami
2542 4675 2860 4740 adornator,
2882 4677 3246 4733 immaculata:
3264 4675 3649 4750 columbae(56)

2072 4768 2514 4839 paranympbus,
2577 4777 2870 4838 postquam
2917 4767 3201 4839 paulisper
3250 4771 3407 4839 prius
3456 4767 3647 4835 cessit,

2070 4860 2485 4916 accommodato
2524 4874 2780 4915 sermone
2809 4874 2931 4914 eam
2978 4859 3201 4925 affatur,
3228 4874 3294 4915 ac
3319 4857 3506 4913 Verbis
3537 4858 3652 4913 suis

2068 4953 2324 5007 timorem
2359 4951 2622 5021 dispellit,
2655 4951 2912 5021 inquiens
2937 4968 2950 5004 :
2975 4950 3202 5021 Spiritus
3224 4950 3452 5005 Sanctus
3468 4967 3652 5021 super-

2072 5047 2242 5099 veniet
2281 5045 2336 5097 in
2366 5052 2438 5111 te,
2468 5052 2516 5097 et
2541 5045 2711 5099 virtus
2725 5042 2984 5097 Altissimi
3008 5042 3336 5097 obumbrabit
3362 5041 3452 5096 tibi
3474 5040 3545 5094 ".

2073 5342 2164 5397 tiae
2203 5341 2494 5411 privilegio
2533 5341 2586 5395 id
2620 5339 2888 5411 tributum
2929 5340 3124 5405 fuisse,
3145 5340 3293 5411 quod
3310 5340 3469 5395 alteri
3497 5355 3652 5396 com-

2069 5410 2217 5481 petit
2257 5410 2471 5467 naturte
2534 5410 2850 5481 conditione
2880 5449 2895 5478 ,
2939 5412 3121 5466 omnis
3164 5410 3393 5468 scilicet
3441 5412 3651 5481 peccati

2067 5480 2371 5537 absentiam
2406 5480 2799 5536 omnimodam.

2151 5554 2261 5621 (56)
2296 5552 2478 5607 llabes
2507 5554 2836 5621 sententiam
2877 5552 3024 5607 illam
3072 5568 3353 5608 sacrorum
3390 5549 3654 5621 Cantico-

2077 5639 2196 5678 rum
2227 5626 2300 5693 (ν,
2347 5621 2451 5687 2)ι
2507 5620 2759 5677 Columba
2809 5640 2948 5690 mea,
2999 5623 3349 5678 immaculata
3397 5637 3534 5687 mea,
3584 5620 3653 5674 de

2077 5694 2238 5748 Maria
2265 5693 2487 5747 dictam.

3252 5845 3324 5907 21
