4122 6212
500 258 597 319 οδι

501 461 569 516 ad
599 462 783 516 carnis
807 467 926 530 ejus
965 459 1406 513 eﬂ'ormationem
1450 462 1875 527 interveniente,
1910 463 1957 516 is
1990 463 2076 515 in-

498 553 843 615 cantabitur,
894 551 987 619 qui
1050 549 1316 604 ineﬂ'abili
1367 552 1532 605 modo
1580 553 1634 606 in
1679 564 1730 608 te
1782 553 2072 608 inhabitat.

497 645 665 705 Nihil,
708 644 907 713 inquit,
957 641 1027 696 ad
1053 656 1140 705 ea,
1198 658 1321 712 qua:
1361 643 1517 698 nefas
1563 644 1675 698 sint
1710 645 1835 705 tibi,
1866 654 2077 714 spectat

495 752 677 793 sermo
706 751 892 801 meus;
932 750 1112 806 neque
1139 734 1207 788 ad
1259 735 1642 790 incutiendum
1699 749 1931 800 metum,
1979 736 2074 790 sed

497 831 563 883 ad
596 827 996 885 conferendum
1032 827 1300 899 gaudium
1352 827 1499 882 veni.
1536 827 1760 882 Partum
1807 827 2076 882 denuntio

499 936 607 975 non
652 921 895 976 humana
950 920 1185 984 ratione,
1220 920 1314 973 sed
1346 919 1537 973 divino
1565 930 1622 973 et
1650 918 1913 973 inellabili
1943 932 2077 972 con-

494 1013 617 1068 silio
647 1013 713 1067 ad
748 1028 889 1082 opus
921 1012 1308 1067 deducendum
1344 1028 1363 1064 ς
1393 1026 1534 1064 nova
1560 1011 1669 1064 erit
1693 1009 2076 1079 conceptionis

494 1106 655 1170 ratio,
722 1120 926 1158 novum
976 1113 1033 1157 et
1085 1102 1155 1156 ab
1207 1102 1294 1166 iis,
1353 1117 1475 1170 qua:
1518 1100 1801 1158 formidas.
1837 1100 2073 1155 liberum

493 1196 773 1266 puerperii
809 1211 1002 1267 genus.
1052 1194 1206 1249 Meus
1250 1209 1383 1249 vero
1413 1202 1670 1262 aSpectus
1718 1208 1838 1248 eam
1892 1193 2074 1248 admi-

492 1288 779 1342 nistrantis
827 1286 1060 1342 exhibet
1093 1287 1471 1349 serenitatem,
1515 1301 1637 1353 quae
1675 1292 1732 1339 et
1762 1284 2073 1354 quemlibet

491 1380 730 1447 depellat
773 1388 1066 1442 terrorem,
1110 1387 1166 1433 et
1220 1378 1287 1432 ad
1346 1392 1486 1447 opus
1514 1376 1765 1431 futurum
1823 1376 2070 1431 animum

488 1472 686 1541 erigat.

561 1563 631 1616 Et
654 1579 788 1629 ecce,
821 1562 1028 1626 subdit,
1053 1561 1324 1616 Elisabetli
1341 1570 1563 1632 cognata
1589 1571 1703 1627 tua,
1729 1570 1776 1614 et
1800 1562 1915 1631 ipsa
1945 1576 2068 1615 con-

490 1658 625 1724 cepit
641 1653 813 1720 ﬁlium
829 1657 883 1709 in
902 1665 1164 1709 senectute
1190 1671 1290 1709 sua
1320 1654 1385 1708 “.
1414 1654 1607 1709 Exitus
1627 1668 1843 1718 eorum,
1869 1653 2067 1723 inquit,

1816 261 2080 321 JACOBI
2116 262 2466 323 MONACHI

571 367 652 423 Ex
698 383 888 424 sancto
913 367 1143 437 Spiritu,
1183 367 1377 436 inquit,
1404 377 1460 422 et
1492 384 1559 422 ex
1597 378 1669 434 te,
1716 372 1938 425 nemine
1966 370 2075 425 alio
2104 379 2150 434 Α

3638 278 3753 338 03?.

2261 374 2355 426 Ἐκ
2414 374 2729 445 Πνεῦματος
2764 377 2939 445 ἁγίου,
2988 381 3141 449 φησὶ,
3188 383 3281 435 καὶ
3314 384 3378 436 ὲκ
3411 385 3506 439 σοῦ
3542 403 3762 457 σαρκωο

2181 466 2409 537 θήσεται
2449 471 2477 521 ὁ
2507 471 2839 541 ἀπορρήτως
2885 475 2943 526 ὲν
2988 474 3069 526 σοὶ
3110 477 3496 546 κατασκηνῶν,
3535 483 3762 550 μηδενὸς

2180 559 2372 627 ἐτέρου
2405 559 2539 631 πρὸς
2564 564 2664 629 τὴν
2696 563 2794 632 τῆς
2819 563 3022 634 σαρκὸς
3054 568 3222 619 αὐτοῦ
3257 570 3764 643 παραλαμϐανομέο

2182 667 2274 702 νου
2305 650 2589 707 σύστασιν.
2623 654 2815 719 Οὐδὲν,
2844 657 3000 725 φησὶ,
3024 658 3135 711 τῶν
3168 660 3646 732 ἀπηγορευμένων
3675 683 3759 717 σοι

2179 741 2551 813 καταμηνύω·
2584 743 2707 795 οὐδὲ
2755 745 3016 813 πτοῆσαι,
3053 748 3255 816 μᾶλλον
3299 750 3355 802 δὲ
3388 755 3762 824 lupam-etin:

2178 834 2437 902 ἐλήλυθα.
2455 835 2570 887 Οὐκ
2591 836 2914 907 ἀνθρωπίνῳ
2947 839 3081 909 ὅρῳ,
3107 840 3237 910 θείῳ
3254 842 3309 894 δὲ
3336 843 3431 895 καὶ
3461 848 3762 917 ἀπορῥήτῳ

2180 925 2483 995 βουλήματι
2538 928 2881 994 ἐνεργεῖσθαι
2938 932 3030 985 τὸν
3082 933 3242 985 τόκον
3294 937 3759 1007 εὖαγγελίζομαι’

2178 1018 2360 1080 καινὴ
2394 1020 2421 1069 ὀ
2470 1023 2569 1087 τῆς
2596 1018 2911 1087 συλλήψεως
2937 1021 3157 1090 τρόπος,
3185 1021 3310 1091 ξένη
3344 1025 3443 1093 τῆ-
3475 1024 3688 1096 λοχείας
3724 1031 3759 1096 ἡ

2175 1110 2323 1176 ὠδὶς,
2359 1111 2454 1163 καὶ
2492 1112 2599 1163 τῶν
2631 1113 2910 1181 ὲπιφόδων
2940 1131 3023 1165 σοι
3054 1116 3477 1185 ἁπηλλαγμένη.
3512 1119 3621 1170 Καὶ
3656 1118 3760 1170 θέα

2179 1219 2271 1272 μοι
2303 1204 2361 1254 τὸ
2413 1205 2688 1274 προσηνὲς
2733 1205 2827 1258 τοῦ
2872 1207 3217 1277 λειτουργοῦ,
3269 1209 3386 1272 πῶς
3417 1211 3478 1262 τὸ
3524 1210 3757 1281 ⁹ςοόερὸν

2174 1293 2406 1359 ἀπωθεῖ,
2446 1296 2540 1347 καὶ
2573 1296 2710 1367 πρὸς
2734 1297 2796 1349 τὺ
2827 1297 3020 1367 μέλλον
3053 1298 3325 1369 summa.

2242 1567 2352 1621 Καὶ
2404 1566 2556 1633 ἰδοὺ,
2587 1567 2775 1637 φησὶν,
2826 1568 3145 1623 Ἐλισάὄετ
3171 1569 3210 1636 ή
3247 1569 3556 1641 συγγενής
3605 1586 3749 1635 σου,

2172 1657 2273 1710 καὶ
2304 1657 2459 1725 αὑτὴ
2488 1656 2895 1727 συνειληφυῒιι
2944 1659 3081 1712 υἱὸν
3108 1659 3179 1712 ἐν
3218 1659 3385 1729 γήρει
3413 1660 3491 1729 (a)
3529 1659 3750 1729 αὐτῆς.

488 1720 612 1816 qua:
649 1748 955 1817 signiﬁcata
987 1758 1117 1804 sunt
1147 1748 1269 1810 tibi,
1325 1747 1615 1801 indubium
1673 1720 2061 1816 argumentum

2172 1747 2284 1817 Τῆς
2310 1748 2404 1801 τοῦ
2444 1720 2797 1817 μηνυθέντος,
2828 1748 3017 1817 φησὶν,
3061 1720 3342 1811 ἐκϐάσεως
3374 1720 3750 1820 ἀναμφίὸολόν

488 1837 629 1891 habe
666 1837 1000 1892 Elisabethae
1028 1847 1380 1907 conceptum.
1420 1836 1611 1905 Neque
1647 1837 1797 1889 enim
1850 1850 2059 1890 novum

436 1916 447 1933 “
489 1930 594 1982 hoc
639 1930 952 2000 prodigium
983 1931 1135 1985 solus
1184 1930 1304 1999 ipse
1334 1937 1633 1992 contestor,
1660 1928 1755 1997 qui
1787 1943 1818 1981 a
1852 1937 2067 1983 naturae

489 2031 594 2076 tuae
616 2021 935 2077 conditione
961 2024 1195 2077 maxime
1220 2021 1388 2085 disto,
1418 2020 1514 2075 sed
1543 2019 1708 2095 fausti
1727 2020 1908 2072 nuntii
1927 2034 2064 2073 eon-

493 2113 863 2167 tirmationem
902 2113 1072 2166 etiam
1116 2112 1186 2167 ab
1216 2112 1306 2167 illa
1339 2125 1582 2180 superno
1611 2109 1818 2180 Spiritu
1865 2109 2065 2175 amata,

2167 1842 2323 1912 δέχου
2351 1843 2578 1912 σημεῖον
2618 1840 2716 1911 τὴν
2757 1840 3045 1896 Ἐλισάὸετ
3072 1842 3397 1913 κυοφορίαν.
3433 1844 3511 1896 Οὐ
3538 1843 3652 1914 γὰρ
3682 1843 3750 1915 δὴ

2171 1933 2334 2004 μόνος
2358 1933 2490 2002 ἐγὼ,
2521 1936 2550 1986 ό
2579 1935 2834 1988 πλεῖστον
2867 1934 2966 2004 τῆς
2995 1934 3139 1987 κατὰ
3190 1936 3251 1987 σὲ
3301 1933 3607 2004 διεστηκὼς
3642 1936 3741 2004 (pti-

2169 2040 2329 2087 σεως,
2360 2025 2423 2077 τὸ
2455 2024 2605 2089 ξένον
2649 2025 2809 2078 τοῦτο
2860 2026 3241 2093 καταγγέλλω,
3287 2025 3424 2079 ἀλλὰ
3470 2025 3569 2079 καὶ
3611 2027 3743 2097 παρ’

2167 2115 2340 2184 αὐτῆς
2360 2114 2510 2187 δέξῃ,
2545 2115 2754 2170 ἄνωθεν
2784 2116 3190 2187 ὲμπνεομένης,
3227 2116 3328 2187 τὴν
3362 2118 3473 2171 τῶν
3501 2120 3738 2188 εὐαγγεο

486 2218 542 2260 et
571 2221 601 2260 a
645 2206 1005 2269 senescentis,
1055 2221 1176 2275 quis
1211 2220 1279 2260 ne
1307 2206 1362 2259 in
1397 2204 1789 2275 cogitationem
1839 2204 2061 2273 quidem

2166 2206 2296 2260 λίων
2320 2207 2635 2275 βεϐαίωσιν,
2662 2209 2756 2261 καὶ
2779 2211 2844 2261 ὲκ
2862 2208 2958 2262 τοῦ
2995 2209 3146 2274 ξένου
3170 2212 3328 2264 τόκου
3354 2211 3455 2280 τῆς
3477 2212 3738 2282 γηραιᾶς,

485 2296 852 2365 suscipienda:
880 2296 1056 2366 prolis
1074 2306 1324 2361 venerat,
1359 2296 1579 2350 insueto
1610 2303 1769 2365 partu
1799 2295 2061 2365 accipies.

2164 2295 2232 2370 ἧς
2260 2299 2383 2354 οὐδὲ
2408 2302 2489 2363 εἰς
2517 2300 2729 2353 ἔννοιαν
2758 2300 2917 2368 λόγος
2949 2295 3083 2371 ἦλθε
3113 2302 3483 2366 παιδοποιίας.

558 2387 751 2443 Χνιιι.
813 2388 905 2443 Sic
941 2386 1111 2457 igitur
1166 2387 1276 2440 dux
1334 2400 1610 2455 supernus
1660 2386 2061 2440 lucidissimum

2236 2389 2344 2445 ΠΥ.
2368 2390 2527 2444 Οὕτω
2547 2390 2728 2444 τοίνυν
2751 2392 2780 2445 ό
2809 2392 3251 2464 ἀρχιστράτηγος
3278 2394 3379 2463 τὴν
3406 2394 3613 2464 ὀλοφαῆ
3639 2395 3737 2464 τῆς

489 2479 729 2548 Virginis
760 2479 1003 2532 animum
1054 2476 1241 2547 erigit,
1287 2485 1345 2531 et
1393 2492 1563 2546 super
1611 2478 1781 2531 caelos
1829 2476 2061 2532 sublime

2167 2483 2451 2553 Παρθένου
2486 2483 2731 2536 διάνοιαν
2790 2484 3153 2553 μετεωρίσας,
3191 2484 3454 2552 ὑπεράνω
3484 2485 3592 2537 τῶν
3643 2486 3737 2539 οὐ·

484 2571 772 2625 constituit
801 2587 815 2625 :
847 2569 1205 2639 quamobrem
1229 2577 1285 2623 et
1315 2584 1439 2624 eam
1471 2577 1626 2638 parat
1652 2568 1722 2622 ad
1754 2568 2061 2638 obsequen-

2169 2573 2346 2645 ρανῶν
2381 2575 2595 2645 ἵστησι·
2621 2574 2702 2627 διὸ
2725 2575 2823 2627 σὺν
2847 2576 3145 2645 ἀπορρήτῳ
3169 2577 3316 2646 χαρᾷ
3345 2575 3425 2645 τῷ
3449 2577 3738 2648 μυστηρίῳ

483 2662 615 2717 dum
656 2664 919 2733 mysterio
964 2677 1087 2716 cuin
1146 2660 1413 2716 ineffabili
1457 2660 1696 2731 gaudio;
1754 2676 1866 2715 non
1906 2662 2061 2731 quasi

2166 2662 2586 2734 παρεσκεύασεν
2636 2663 2904 2727 ὑπείκειν,
2947 2664 3068 2717 οὐδὲ
3104 2664 3297 2735 πρώην
3327 2665 3489 2717 τοῦτο
3531 2682 3741 2736 παραι-

487 2754 639 2823 prius
664 2755 780 2822 ipsa
812 2754 1101 2817 abnueret,
1148 2752 1245 2807 sed
1279 2753 1410 2822 quia
1453 2753 1522 2806 de
1576 2753 1655 2806 rei
1688 2752 1853 2807 modo
1884 2753 2061 2822 inqui-

2163 2756 2460 2825 τουμένην,
2496 2755 2633 2809 ἀλλὰ
2659 2756 2754 2809 τὸν
2800 2756 3005 2827 τρόπον
3045 2756 3484 2826 πυνθανομένην.
3521 2759 3598 2811 Οὐ
3629 2759 3739 2830 γάρ

486 2844 659 2898 rebat.
687 2845 804 2899 Non
834 2859 963 2913 ergo
1000 2844 1162 2897 [idem
1192 2844 1280 2908 iis,
1302 2859 1424 2911 quae
1447 2843 1790 2910 dicebantur,
1810 2844 2061 2914 negabat,

2162 2849 2275 2910 τοῖς
2296 2847 2612 2918 λεγομένοις
2629 2848 2873 2916 ἠπίστει,
2897 2847 3035 2900 ἀλλὰ
3056 2851 3157 2915 τὴν
3201 2849 3385 2901 αἰτίαν
3417 2850 3737 2917 ὲπολυπρα·

483 2933 580 2987 sed
608 2947 830 2988 causam
869 2931 1236 3001 investigabat
1268 2931 1597 3002 diligenter;
1642 2948 1824 3002 neque
1863 2934 2056 2988 detre-

2163 2940 2354 3009 γμόνει
2383 2956 2397 2970 ·
2432 2939 2527 2993 καὶ
2564 2940 2627 2992 οὐ
2659 2939 2752 2993 τὸν
2781 2940 2942 2993 τόκον
2968 2944 3287 3013 παρῃτεῖτο,
3321 2940 3409 2994 τὸν
3453 2942 3508 2996 δὲ
3536 2943 3737 3013 τρόπον

483 3024 665 3079 ctabat
691 3033 932 3094 partum,
968 3022 1065 3078 sed
1087 3022 1356 3077 rationem
1380 3023 1613 3093 (partus)
1647 3024 2052 3079 sciscitabatur.

2160 3028 2567 3084 διεπυνθάνετο.
2599 3030 2766 3084 Ὅθεν
2796 3031 2857 3084 τὸ
2886 3009 3117 3103 φοϐερὸν
3148 3035 3287 3104 αὐτῇ
3310 3034 3408 3087 καὶ
3441 3009 3737 3104 ἠπορημέ-

483 3114 694 3168 Exinde
730 3114 881 3184 quod
911 3115 989 3168 illi
1023 3113 1333 3184 trepidandi
1364 3122 1527 3182 atque
1547 3116 1861 3185 ambigendi
1889 3131 2058 3170 causa

2162 3137 2272 3184 νον,
2304 3120 2549 3182 πλείονος
2577 3118 2678 3191 ὕλη
2725 3122 2900 3191 χαρᾶς
2927 3121 3006 3191 τῷ
3056 3123 3405 3194 χαριτοφόρῳ
3450 3123 3737 3176 συνέϐαινε

482 3205 791 3269 exstiterat,
855 3204 1081 3276 majoris
1148 3214 1535 3273 argumentum
1596 3207 1782 3276 gaudii
1844 3210 2059 3273 nuntio,

480 3297 667 3366 gratia:
696 3296 1046 3360 administro,
1098 3295 1291 3360 liebat;
1327 3312 1453 3349 nam
1498 3312 1609 3366 quo
1641 3298 1880 3367 graviori
1906 3298 2053 3353 illam

478 3403 679 3458 angore
700 3402 762 3442 ea
794 3387 863 3441 de
881 3401 1047 3442 causa
1071 3401 1317 3456 pressant
1348 3386 1521 3441 fuisse
1551 3395 1801 3452 noverat,
1844 3402 1913 3443 eo
1943 3403 2061 3441 ma-

478 3477 734 3532 nilestius
757 3478 1058 3546 puritatem
1092 3478 1241 3531 illius
1276 3477 1669 3546 perspiciebat.

549 3567 822 3633 Quocirca
859 3568 1206 3636 Evangelista
1247 3576 1304 3622 et
1336 3571 1664 3622 sententiam
1720 3570 1921 3633 verbis.
1948 3571 2059 3625 imo

478 3658 645 3713 verba
671 3660 807 3727 ipsa,
832 3660 1016 3727 prouti
1037 3660 1249 3728 prolata
1273 3670 1421 3724 sunt,
1446 3661 1738 3729 expressit,
1763 3661 2018 3730 inquiens
2043 3680 2055 3714 :

480 3750 629 3802 Dixit
651 3759 828 3803 autem
869 3749 1051 3804 Maria
1081 3753 1158 3815 ‘7;
1203 3750 1336 3804 illud
1370 3751 1627 3806 videlicet
1654 3766 1852 3805 nomen
1886 3768 1916 3806 a
1949 3752 2059 3808 Deo

478 3843 845 3906 nominatum,
880 3841 1236 3912 compellatio
1264 3844 1476 3897 veritati
1513 3844 1874 3913 respondens,
1920 3859 2057 3914 gau-

479 3935 629 3989 dium
657 3935 994 4005 perinsigne,
1027 3935 1260 3990 summis
1290 3934 1553 3990 laudibus
1589 3934 1920 3990 celebranda
1944 3936 2058 4004 glo-

477 4028 579 4088 ria,
610 4027 796 4098 lingua
826 4026 1093 4082 divinitus
1122 4035 1289 4089 mota,
1326 4041 1389 4080 os
1416 4025 1857 4089 veracissimum,
1909 4024 2054 4080 labia

474 4119 574 4175 Dei
599 4118 887 4175 scientiam
924 4118 1223 4183 manantia,
1265 4118 1538 4173 ditissima
1566 4118 1849 4187 sapientiae
1872 4116 2055 4185 copia,

474 4226 793 4268 sermonum
820 4212 1137 4278 thesaurus,
1170 4211 1562 4266 charismatum
1588 4211 2050 4281 promptuarium,

475 4303 720 4376 cognitio
749 4303 1117 4368 lucidissima,
1137 4312 1347 4359 natura:
1370 4304 1797 4373 magnificentia,
1838 4302 2051 4357 inconi-

477 4397 876 4471 prehensibilis
923 4397 1150 4452 humani
1191 4396 1411 4467 generis
1438 4396 1695 4461 altitudo;
1728 4405 2048 4451 sanctorum

476 4489 798 4561 angelorum
831 4487 1110 4560 gloriatio,
1142 4486 1489 4543 nobilissima
1522 4496 1901 4541 creaturarum
1927 4501 2050 4540 om-

474 4585 627 4639 nium
676 4583 883 4638 oblatio
907 4582 1043 4653 (57),
1087 4581 1257 4634 totius
1283 4578 1540 4633 humana).
1591 4578 1813 4633 familiae
1857 4579 2051 4650 apolo-

474 4680 560 4745 gia
592 4675 728 4746 (58),
751 4674 883 4745 quid
912 4673 1086 4727 dixit?
1118 4670 1379 4737 Quaenam
1421 4671 1586 4726 beata
1634 4671 1804 4725 verba
1854 4670 2055 4726 ell‘udit

559 4769 606 4802 “
638 4768 776 4823 Luc.
794 4783 834 4829 t,
856 4766 946 4821 56.
1028 4764 1070 4797 "
1095 4762 1230 4819 Luc.
1257 4780 1294 4829 ι,
1316 4763 1406 4819 38.

549 4883 663 4953 ‘57)
694 4883 750 4936 Si
800 4881 984 4956 Maria:
1010 4879 1254 4956 conditio
1275 4877 1548 4956 ejusmodi
1581 4886 1687 4956 est,
1739 4884 1799 4956 ut
1823 4884 2044 4956 creatu-

472 4948 657 5008 rarum
700 4955 1032 5006 uniVersitas
1081 4952 1218 5005 nihil
1274 4948 1326 5004 in
1362 4965 1419 5002 se
1469 4948 1691 5018 dignius
1744 4948 2040 5018 invenerit,

470 5026 615 5094 quod
659 5023 767 5077 Deo
789 5038 887 5076 ceu
917 5024 1122 5094 donum
1145 5037 1209 5094 ac
1235 5016 1569 5094 sacriticiutit
1611 5016 1862 5094 oil‘erret,
1893 5017 2043 5094 nulla

474 5085 718 5165 érgogilli
768 5092 1125 5165 vetminima
1175 5089 1423 5165 labecula
1475 5087 1759 5165 inhaesisse
1809 5085 2043 5164 dicenda

470 5159 746 5235 esicutit
795 5162 941 5217 enim
988 5162 1201 5235 puritas
1249 5159 1597 5235 immaculata
1650 5159 1723 5210 sit
1756 5159 2041 5235 potissima

468 5234 737 5293 conditio.
758 5249 863 5302 qua
880 5227 1117 5301 acceptae
1141 5232 1251 5286 Deo
1278 5231 1470 5302 hostiae
1487 5242 1606 5282 esse
1633 5227 1864 5302 possint,
1888 5227 2041 5294 quiso

471 5306 614 5375 piam
654 5296 836 5375 potius
874 5318 905 5356 e
931 5296 1215 5375 stt—pernis
1267 5296 1911 5375 spiritibusnullasane
1940 5311 2038 5375 un-

470 5365 632 5442 quam
654 5365 787 5427 'tabe
837 5365 1096 5434 imdatus,
1136 5365 1312 5442 quatn'
1348 5369 1478 5442 Δάαι
1522 5368 1652 5442 tilia,
1686 5374 1913 5435 paterna
1942 5365 2042 5419 fte-

475 5438 645 5501 ditate
677 5443 809 5514 olim
849 5443 1044 5511 turpis,
1070 5438 1181 5494 Deo
1214 5440 1533 5514 olferendus
1556 5438 1892 5514 visuscsset.
1994 5503 2005 5514 .

538 5515 650 5584 (58)
672 5512 869 5573 Causa.
898 5506 1019 5581 qua:
1052 5527 1174 5565 vere
1215 5513 1383 5564 totius
1424 5510 1678 5562 humanae
1713 5506 1932 5559 familia:
1961 5506 2035 5558 sit

2160 3211 2493 3283 λειτουργῷ⁹
2524 3213 2619 3267 καὶ
2646 3213 2781 3283 ὅσην
2810 3212 2912 3283 τὴν
2942 3215 3185 3281 ἀγωνίαν
3216 3215 3390 3284 αὐτῆς
3436 3215 3527 3268 διὰ
3564 3214 3731 3268 τοῦτο

2161 3304 2429 3369 κατενόει,
2464 3304 2664 3375 μᾶλλον
2697 3305 2797 3374 τὴν
2820 3304 3171 3375 καθαρότητα
3195 3307 3415 3360 ἐνενόει.

2232 3574 2398 3626 Ὅθεν
2431 3576 2529 3643 τήν
2578 3591 2637 3626 τε
2667 3574 2893 3643 γνώμην
2938 3575 3335 3642 εὐαγγελιστὴς
3357 3578 3470 3637 τοῖς
3500 3576 3735 3645 ῥήμασι,

2160 3663 2255 3715 καὶ
2286 3664 2448 3729 αὐτὰ,
2478 3663 2551 3726 ὡς
2575 3666 2911 3735 ἐρρήθησαν,
2940 3665 3199 3733 ἐδήλωσε.
3229 3667 3412 3733 φήσας
3433 3681 3449 3697 ⁸
3486 3663 3636 3719 Εῖπε
3665 3666 3739 3719 δὲ
3836 3724 3859 3735 ἱ

2159 3753 2423 3823 Μαριὰμ,
2450 3755 2484 3822 ἡ
2511 3753 2763 3813 θεόθετος
2790 3753 3009 3822 κλῆσις,
3040 3755 3073 3823 ἠ
3106 3753 3429 3824 φερώνυμος
3454 3772 3737 3825 προσηγο·

2163 3844 2274 3916 ρία,
2311 3845 2345 3913 ἡ
2367 3842 2723 3913 πολυώνυμος
2755 3847 2924 3915 χαρὰ,
2953 3846 2987 3914 ἡ
3018 3845 3399 3915 πολυθμνητος
3425 3845 3731 3914 δοξολογία.

2158 3936 2535 4006 ήθεοκίνητος
2580 3936 2828 4002 γλῶσσα,
2886 3937 2951 3989 τὸ
2998 3937 3363 4007 ἀδιάψευστον
3425 3938 3627 4008 στόμα,
3661 3939 3735 3990 τά

2155 4028 2255 4099 τὴν
2289 4028 2570 4097 θεολογίαν
2591 4029 2931 4097 κυπρίζοντα
2961 4029 3137 4100 χείλη,
3167 4032 3195 4083 ό
3223 4030 3323 4097 τῆς
3349 4030 3543 4097 σοφίας
3573 4029 3738 4080 πλοῦ-

2156 4138 2267 4185 τος,
2306 4123 2333 4173 ὁ
2356 4120 2629 4191 θησαυρὸς
2656 4120 2765 4173 τῶν
2790 4119 3009 4188 λόγωνς,
3040 4120 3105 4173 τὸ
3145 4124 3382 4190 ταμεῖον
3418 4121 3531 4174 τῶν
3574 4138 3736 4192 χαριο

2158 4213 2405 4283 σμάτων,
2461 4214 2494 4282 ἡ
2537 4210 2857 4279 πολύφωτος
2900 4211 3132 4281 γνῶσις,
3173 4213 3236 4266 τὸ
3282 4214 3569 4282 μεγαλεῖον
3629 4212 3729 4280 τῆς

2157 4304 2395 4373 φύσεως,
2435 4303 2497 4355 τὸ
2527 4302 2901 4372 ἀκατανόητον
2938 4300 3033 4353 τοῦ
3057 4302 3246 4369 γένους
3281 4302 3437 4371 ὕψος,
3478 4303 3542 4355 τὸ
3592 4318 3732 4372 σεμ-

2080 4359 2127 4416 D
2153 4359 2432 4466 νολόγημα
2478 4396 2588 4448 τῶν
2634 4359 2806 4462 ἁγίων
2856 4359 3128 4461 ἀγγέλων,
3167 4359 3242 4446 τὸ⁷
3285 4359 3589 4465 ὺπέρντιμον
3631 4359 3731 4463 ἐἰς

2153 4488 2380 4551 κτίσεως
2413 4486 2691 4559 ἀνάθημα,
2721 4487 2755 4557 ἡ
2787 4486 2969 4557 πάσης
2992 4485 3094 4554 τῆς
3115 4484 3468 4554 ἀνθρωπίνης
3507 4485 3730 4553 φύσεως

2152 4579 2441 4648 ἀπολογία,
2469 4579 2523 4632 τί
2549 4574 2704 4641 εἶπες
2734 4579 2776 4630 Τ
2784 4578 2869 4630 ίνα
2895 4576 3170 4646 μακάριον
3193 4564 3531 4646 ὲξηρειῗξατο
3566 4576 3726 4644 λόγον

2155 4668 2214 4722 τὸ
2259 4667 2714 4739 πολυθαύμαστον
2759 4666 2870 4719 τῶν
2915 4667 3166 4736 ἀγγέλων
3199 4668 3485 4738 διήγημα;
3542 4666 3723 4732 Ἰδοὺ,

2157 4877 2398 4948 propria,
2430 4877 2578 4948 nulla
2608 4886 2692 4930 est
2746 4887 3106 4948 praeterquam
3139 4876 3298 4947 primi
3338 4876 3579 4946 parentis
3606 4876 3723 4944 lap-
3780 4930 3787 4936 ,

2152 4962 2268 5008 sus.
2295 4947 2346 5000 vi
2375 4947 2531 5016 cujus
2564 4962 2757 5001 omnes
2773 4947 2838 4999 ad
2860 4947 3028 5001 unum
3050 4950 3171 5017 ejus
3207 4949 3408 5015 posteri
3434 4958 3587 5000 reatu
3621 4956 3729 4999 on-

2151 5017 2326 5071 stricti
2364 5025 2639 5087 tenentur.
2668 5018 2831 5084 Atqui
2867 5026 3057 5087 suapte
3092 5028 3289 5071 natura
3336 5030 3426 5068 res
3462 5018 3725 5083 postulat,

2155 5094 2214 5139 ut
2262 5089 2354 5153 qui
2389 5086 2649 5156 apologire
2693 5103 2791 5154 pro
2833 5087 2956 5141 aliis
3002 5103 3204 5140 munus
3242 5086 3379 5145 obit,
3411 5101 3604 5156 exsors
3653 5097 3727 5138 Sil

2150 5170 2345 5226 eorum
2380 5155 2565 5210 reatus
2599 5173 2612 5209 :
2654 5157 2909 5226 quocirca
2938 5158 3099 5225 paulo
3131 5156 3271 5209 infra
3310 5157 3453 5209 idem
3480 5155 3727 5226 .lacobus

2151 5223 2448 5279 humanum
2481 5223 2709 5295 genuse
2739 5223 2990 5280 criminis
3023 5227 3106 5280 sui
3140 5227 3350 5294 pudore
3386 5225 3724 5278 taciturnum

2148 5295 2433 5367 describit.
2461 5298 2581 5367 Non
2620 5308 2917 5367 potuerunt
2954 5297 3239 5367 igiturhic
3277 5305 3465 5367 partes
3516 5295 3725 5348 beatis-

2146 5365 2297 5418 siniae
2345 5365 2554 5435 Virgini
2593 5366 2844 5429 attribui,
2870 5365 3056 5421 nisi'si
3089 5365 3159 5420 ab
3194 5381 3260 5420 eo
3282 5365 3522 5420 'crimine
3558 5378 3745 5435 pror-.

2147 5449 2241 5488 sus
2275 5435 2455 5489 aliena
2490 5438 2604 5505 ipsa
2640 5436 2959 5490 haberetur.

454 5645 460 5652 ’
534 5627 622 5698 ίςα)
653 5627 840 5698 scilic.
872 5639 972 5695 pro
1003 5628 1190 5698 ﬁmi:
1225 5632 1280 5698 et
1328 5638 1503 5698 eam“
1544 5620 1765 5698 quidem
1816 5618 2108 5698 lectionem
2146 5614 2485 5671 retinendam
2538 5630 2658 5673 esse
2718 5630 2785 5671 ex
2829 5629 2962 5672 mss.
3007 5613 3170 5670 codd.
3232 5612 3341 5670 (ide
3389 5617 3729 5669 censuerunt

470 5691 636 5759 etiam
674 5691 988 5753 Fridericus
1016 5691 1365 5759 de'hiatthzci,
1393 5703 1449 5747 et
1475 5693 1645 5746 David
1671 5691 1895 5746 Schnlz.
