4122 6212
345 309 451 370 653

1118 311 1402 372 ORATIO
1446 313 1524 371 ΙΝ
1566 310 2259 373 Α’ΝΝΠΝΤὶΑΤΙΟΝΕΜ
2298 312 2402 373 SS.
2447 313 2819 372 DEll’AﬂxE.

3499 320 3603 383 εει

350 426 543 496 φησὶν,
577 426 823 494 ἡδούλη
846 426 1089 493 Kvpc'ov,
1126 428 1358 496 γένοιτό
1377 446 1477 498 μοι
1509 429 1659 484 κατὰ
1689 431 1752 481 τὸ
1766 422 1934 497 ῥῆμά

2036 406 2525 499 ειυρεηάἰεείιιιύιη
2559 428 2693 483 illud
2720 429 3040 499 angelorum
3073 432 3425 489 encomium?
3457 434 3611 501 Ecce,

343 534 483 572 σου.

415 691 518 748 ΙΘ’.
559 693 923 763 Ἐσκίρτησαν
962 712 1132 749 πασαι
1164 698 1350 768 νοεραὶ
1396 698 1667 767 Δυνάμεις
1720 698 1927 768 ταύτην

346 785 729 840 ὲνωτισθείσαι
760 787 859 858 τὴν
891 790 1080 859 φωνήν
1101 805 1115 820 ·
1149 788 1519 860 ἠγαλλιάσατο
1549 790 1758 843 ἀνωθεν
1789 792 1817 843 6
1845 791 1927 842 οὐ·

348 878 546 947 ρανὸς,
571 879 668 930 καὶ
702 879 760 930 αἱ
811 879 1033 949 νεφέλαι
1070 880 1277 951 ταύτην
1309 880 1385 944 ὼς
1435 882 1782 952 εὐφροσύνης
1821 884 1924 935 ὐπ-

342 970 596 1035 εδέξαντο
625 969 848 1039 δρόσον·
874 973 1111 1045 ἡγιάσθη
1136 975 1200 1043 τῇ
1225 975 1482 1044 ὲνηχήσει
1507 975 1712 1045 ταύτης
1735 978 1762 1029 6
1792 976 1859 1045 di;
1869 992 1921 1047 ρ,

344 1064 441 1116 καὶ
486 1066 513 1115 ὁ
551 1063 778 1133 σύμπας
810 1065 1208 1136 κατελλάμφθη
1239 1068 1447 1135 κόσμος
1470 1086 1484 1099 ο
1512 1068 1589 1131 ὡς
1629 1068 1926 1138 ἀστραπῆς

340 1153 514 1221 αὐτῆς
545 1153 956 1225 διαδραμούσης
979 1156 1049 1208 τά
1073 1156 1313 1227 πέρατα,
1344 1157 1793 1229 τηλαυγεστὲρας
1823 1159 1922 1224 τὰς

349 1245 638 1313 ροδοειδεῖς
688 1247 919 1310 ἀκτῖνας
951 1249 980 1300 6
1026 1248 1181 1318 ἥλιος
1227 1248 1513 1304 ἀπέδωκε·
1547 1251 1643 1305 καὶ
1700 1253 1728 1305 ό
1765 1252 1926 1322 χορὸς

254 1334 269 1341 ”
345 1338 456 1391 τῶν
487 1339 735 1408 ἀστέρων
766 1339 1153 1411 διαυγέστερον
1200 1341 1262 1394 τὸ
1298 1342 1496 1406 κάλλος
1525 1344 1801 1409 ὑπέδειξε.
1838 1347 1925 1396 Δι-

347 1430 580 1499 ηνοίχθη
607 1431 674 1483 τὰ
698 1426 814 1485 ὦτα
842 1432 942 1500 τῆς
966 1433 1314 1507 ἀνθρωπίνης
1348 1437 1588 1505 φύσεως,
1629 1439 1721 1489 καὶ
1764 1438 1796 1508 ἠ
1824 1438 1923 1505 τῆς

348 1520 715 1589 παραϐάσεως
785 1524 1003 1592 ἀφωνία
1070 1529 1151 1589 είς
1234 1528 1515 1599 εὐφημίαν
1580 1530 1921 1602 μετεποιήὼ]

346 1613 496 1667 τότε.

415 1704 512 1767 Τίς
538 1703 645 1758 τῶν
679 1705 925 1771 δ.καίων,
959 1710 1040 1773 είς
1069 1709 1294 1780 μείζονα
1333 1713 1433 1780 τῆς
1456 1714 1667 1777 οἰκείας
1711 1716 1913 1768 καλού-

2035 520 2237 589 inquit,
2273 518 2475 574 ancilla
2502 518 2737 582 Domini,
2772 518 2870 587 ﬁat
2906 518 3032 573 milii
3060 521 3349 577 secundum
3403 525 3616 579 verbum

2035 623 2204 665 tuum.

2093 703 2228 758 XIX.
2244 703 2456 760 Gaudio
2471 704 3204 761 exsultaveruntPotestates
3217 705 3619 763 intellectuales

2031 812 2243 859 omnes,
2268 797 2359 850 ubi
2391 812 2494 851 vox
2528 797 2629 851 ista
2670 797 2735 851 ad
2769 812 2933 851 aures
2960 796 3067 850 illis
3099 797 3275 852 delata
3304 810 3420 854 est:
3451 801 3616 854 lwlati

2031 896 2161 939 sunt
2209 885 2331 939 cmli
2382 885 2641 954 deettper.
2682 893 2737 940 et
2787 885 2961 940 nubes
3002 887 3149 942 hunc
3202 888 3371 941 veluti
3415 890 3618 944 lmtitin:

2031 992 2215 1031 rorem
2258 987 2622 1041 susceperunt
2651 994 2665 1042 ;
2694 977 2847 1031 vocis
2876 978 3051 1047 hujus
3085 977 3268 1033 sonitu
3301 982 3611 1035 sanctiticao

2034 1074 2121 1119 tus
2150 1074 2233 1118 est
2267 1081 2381 1129 aer,
2410 1075 2465 1120 et
2495 1075 2643 1120 totus
2670 1081 2810 1120 nova
2842 1066 2964 1122 luce
3001 1067 3241 1122 mundus
3273 1070 3485 1124 refulsit
3510 1087 3522 1131 ;
3551 1087 3615 1125 ea

2031 1155 2097 1208 ad
2127 1166 2404 1209 evtremos
2438 1170 2611 1225 usque
2645 1154 2781 1211 ﬁnes
2812 1156 2984 1211 instar
3015 1156 3245 1228 fulguris
3262 1158 3614 1217 decurrentv.

2030 1261 2220 1301 roseos
2250 1248 2433 1301 radios
2479 1262 2609 1301 suos
2644 1248 2723 1301 sol
2761 1248 3003 1303 reddidit
3040 1250 3416 1317 micantiores,
3442 1262 3497 1305 et
3529 1252 3615 1305 ni-

2031 1339 2286 1393 tidiorem
2311 1339 2784 1409 pulchritudinem
2808 1355 3009 1394 corona
3029 1341 3272 1396 siderum
3292 1344 3609 1414 explicavit.

2030 1432 2205 1486 Aures
2233 1440 2434 1502 aperta:
2464 1442 2595 1487 sunt
2625 1432 2852 1487 humani
2887 1434 3126 1502 generis,
3155 1443 3211 1489 et
3245 1447 3397 1491 muta
3431 1439 3550 1508 ejus
3582 1454 3613 1493 e

2030 1523 2487 1592 praevaricatione
2522 1525 2876 1581 taciturnitas
2905 1533 3035 1579 tunc
3071 1526 3126 1579 in
3170 1525 3402 1582 faustam
3435 1530 3618 1585 accla-

2030 1611 2326 1665 mationem
2362 1628 2518 1667 versa
2552 1624 2656 1669 est.
2918 1624 2922 1629 ’

2100 1700 2236 1767 Quis
2270 1718 2513 1772 unquam
2550 1720 2580 1759 e
2601 1704 2788 1775 justis,
2817 1705 2883 1759 ad
2915 1705 3158 1761 honores
3185 1718 3415 1763 vocatus
3447 1709 3615 1764 meri~

348 1813 513 1866 μενος
540 1798 722 1866 ἀξίας,
764 1801 1010 1855 τοιοῦτον
1036 1806 1293 1874 ἐπαφῆκε
1317 1805 1517 1873 λόγον;
1551 1807 1683 1860 Ποία
1717 1808 1923 1878 πεπληο

2030 1793 2098 1848 tis
2125 1794 2364 1863 propriis
2388 1795 2650 1864 potiores,
2675 1797 2727 1850 in
2754 1797 3026 1867 ejusmodi
3060 1801 3390 1853 sententiam
3418 1816 3616 1870 proru-

349 1892 741 1960 ροφορημένως
784 1892 994 1948 διάνοια
1040 1897 1167 1967 περὶ
1208 1896 1314 1949 τῶν
1363 1900 1642 1969 ἐσομένων
1696 1900 1920 1967 ἀγαθῶν

344 1981 674 2046 διατεθεῖσα,
739 1987 1219 2056 συντετριμμένως
1257 1987 1403 2041 οὕτω
1447 1990 1545 2060 τὴν
1582 1990 1762 2043 αὐτῶν
1809 1990 1923 2044 ἐπί-

343 2072 499 2136 ταξιν
521 2073 792 2141 manu“;
841 2075 899 2129 '0
935 2077 1378 2149 ἀρχιστράτηγος
1408 2081 1669 2151 ὑπεράνω
1691 2081 1803 2134 τῶν
1834 2083 1924 2135 οὐ-

349 2166 527 2238 ρανῶν
552 2168 760 2237 ταύτην
792 2169 1070 2241 ἀνήγαγεν
1099 2190 1113 2205 ο
1135 2175 1168 2243 ἡ
1200 2173 1257 2227 δὲ
1285 2176 1384 2245 τὴν
1404 2175 1602 2246 γηῖνην
1630 2175 1922 2230 διάπλασιν

345 2259 681 2331 προθεμένη,
702 2261 800 2332 τὴν
822 2264 1178 2333 εὐχαριστίαν
1205 2266 1500 2321 ἀνέτεινεν.
1539 2267 1778 2330 Ἐκεῖνος
1802 2270 1923 2330 ταῖς

345 2350 705 2420 ἐπαγγελίαις
730 2355 839 2408 τῶν
869 2356 1153 2427 Χερουϐὶμ
1182 2358 1280 2411 καὶ
1315 2358 1594 2430 Σεραφὶμ,
1623 2360 1843 2430 Θρόνων
1861 2377 1922 2413 τε

346 2445 442 2496 καὶ
483 2446 858 2516 Κυριοτήτων,
899 2448 1108 2520 ταύτην
1143 2450 1585 2522 ὐπερανέθηκεν·
1636 2454 1669 2522 ὴ
1697 2452 1776 2515 δὲ,
1825 2452 1922 2521 τῆς

344 2534 554 2598 οίκείας
600 2536 701 2588 οὐκ
775 2537 1101 2606 ὲπιληθεῖσα
1162 2539 1403 2607 φύσεως,
1456 2542 1556 2612 τὴν
1600 2541 1922 2595 δεσποτείαν

347 2627 638 2695 ἐκήρυττε,
702 2627 795 2682 καὶ
832 2629 930 2699 τὴν
978 2628 1225 2683 δουλείαν
1270 2632 1615 2700 διωμολόγει.
1684 2633 1923 2696 Ἐκεῖνος

343 2721 747 2793 ὲκλελεγμένην
769 2722 940 2793 αὐτὴν
964 2725 1045 2787 εἰς
1072 2724 1174 2795 τὴν
1196 2722 1290 2777 τοῦ
1345 2726 1650 2795 μυστηρίου
1696 2742 1924 2795 προεπι-

347 2812 599 2867 στώσατο
626 2814 977 2886 λειτουργίαν
1003 2833 1018 2846 '
1050 2817 1082 2886 ἡ
1114 2816 1171 2869 δὲ
1194 2817 1327 2887 εὐχῇ
1355 2816 1417 2869 τὺ
1442 2818 1618 2887 πέρας
1648 2819 1921 2890 ἐπιζητεῖ,

345 2905 441 2956 καὶ
475 2906 574 2975 την
603 2906 962 2978 εὐχαριστίαν
991 2908 1086 2960 τοῦ
1116 2907 1407 2979 μέλλοντος
1444 2911 1542 2965 σύν
1572 2910 1754 2980 ἱκεσίᾳ⁵
1786 2927 1923 2980 προ-

346 2994 638 3050 ϐάλλεται·
707 2997 853 3051 Ἰδοὺ
896 2999 932 3067 ἠ
977 2997 1170 3067 δούλη
1220 3000 1460 3069 Κυρίου,
1523 3000 1760 3069 γένοιτό
1820 3018 1921 3071 μοι

347 3089 498 3142 κατὰ
524 3089 589 3142 τὸ
611 3087 776 3159 ῥῆμά
807 3106 947 3145 σου.

2021 1885 2194 1954 pisset
2221 1884 2244 1937 ?
2273 1886 2409 1952 Quis
2457 1887 2696 1953 animus,
2719 1887 2788 1941 de
2826 1889 3029 1943 futuris
3075 1890 3238 1946 bonis
3269 1893 3473 1947 certior
3497 1893 3610 1947 fac-

2024 1986 2131 2043 tus,
2157 1987 2267 2034 tam
2312 1981 2561 2037 modeste
2605 1982 3011 2037 assecutionem
3056 2000 3247 2039 eorum
3297 1996 3610 2056 exspectas-

2021 2072 2147 2126 set?
2167 2072 2457 2142 Agminum
2487 2090 2850 2143 supernorum
2877 2074 3075 2130 ductor
3099 2089 3264 2146 supra
3291 2078 3461 2134 caelos
3485 2093 3605 2132 eam

2021 2163 2339 2230 extulerat;
2366 2166 2483 2234 ipsa
2514 2181 2665 2222 vero.
2702 2176 2974 2221 terrenam
3025 2182 3136 2236 pra:
3180 2170 3354 2223 oculis
3400 2168 3610 2226 habehs

2022 2254 2419 2319 conditionem,
2471 2256 2523 2311 in
2596 2259 2896 2328 gratiarum
2966 2261 3213 2316 actiones
3277 2260 3607 2318 effunditur.

2024 2346 2200 2417 Supra
2244 2347 2544 2403 Cherubim
2592 2365 2657 2404 ac
2704 2351 3019 2421 Seraphim,
3051 2368 3216 2423 supra
3249 2352 3502 2409 Thronos
3547 2370 3611 2409 ac

2025 2436 2445 2494 Dominationes
2491 2441 2889 2510 promissorum
2936 2444 3150 2499 ratione
3184 2444 3273 2499 ille
3320 2460 3439 2499 eam
3489 2461 3615 2499 cve-

2024 2538 2177 2583 xerat
2203 2547 2218 2596 ;
2248 2540 2304 2584 at
2336 2529 2473 2601 ipsa.
2509 2534 2742 2603 proprias
2769 2534 2914 2588 haud
2952 2535 3121 2590 oblita
3166 2546 3399 2597 naturae,
3429 2537 3612 2608 (divi—

2026 2620 2182 2685 num)
2211 2622 2588 2690 proclamabat
2618 2624 2948 2687 dominium,
2980 2640 3247 2694 suamque
3287 2627 3609 2681 servitutem

2024 2709 2409 2779 proﬁtebatur.
2456 2713 2588 2767 Data
2633 2714 2723 2768 ille
2778 2712 2885 2768 ﬁde
2930 2714 3330 2778 declaraverat,
3374 2716 3606 2769 electam

2025 2798 2199 2868 ipsam
2234 2800 2303 2855 ad
2334 2801 2757 2857 ministrandum
2786 2805 3048 2875 mysterio
3080 2806 3248 2862 fuisse
3275 2824 3292 2872 ;
3338 2808 3452 2863 haec
3480 2823 3612 2862 vero

2025 2891 2284 2947 effectum
2318 2894 2638 2964 rogabunda
2680 2899 2879 2965 poscit,
2904 2906 2959 2952 et
2991 2899 3155 2953 simul
3184 2916 3308 2955 cum
3351 2901 3611 2972 precibus

2025 2998 2241 3059 gratum
2273 2988 2342 3043 de
2372 2991 2658 3046 eventuris
2682 2992 2927 3047 animum
2957 3001 3226 3050 testatur:
3256 2995 3386 3051 Ecce
3410 2997 3610 3053 ancilla

2035 3080 2264 3145 Domini,
2283 3082 2382 3149 ﬁat
2415 3084 2539 3137 mihi
2565 3086 2854 3139 secundum
2881 3088 3094 3141 verbum
3122 3097 3290 3143 tuum.

414 3178 500 3235 κ’.
538 3145 779 3253 ὀἰέρᾶς
822 3184 1007 3255 φωνῆς
1044 3184 1273 3238 αὐτόθεν
1331 3184 1392 3237 τδ
1427 3184 1777 3254 μεγαλοφυὲς
1816 3183 1917 3252 τῆς

2094 3172 2213 3228 XX.
2240 3174 2284 3228 0
2318 3190 2509 3230 vocem
2539 3188 2848 3247 augustam,
2874 3196 2998 3249 qua:
3030 3182 3232 3235 mentis
3264 3181 3608 3236 nobilitatem

347 3272 574 3343 γνώμης
625 3272 927 3343 δηλούσηςε
965 3275 1029 3326 Ὢ
1074 3274 1466 3339 ταπεινώσεως
1526 3274 1829 3345 ὑπερϐολὴ,
1862 3276 1919 3326 ὲν

344 3365 586 3436 τοσούτῳ
614 3365 998 3436 θεωρουμένης
1039 3366 1196 3435 iii/sil
1231 3367 1374 3437 Ὅρα
1407 3368 1508 3435 τὴν
1546 3366 1918 3433 ἀκατανόητόν

346 3474 404 3513 τε
434 3457 529 3511 καὶ
552 3456 1010 3528 ὐπερθαύμαστον
1041 3459 1294 3526 ἀγγέλοις
1327 3458 1422 3511 καὶ
1448 3455 1765 3525 ἀνθρώποις
1792 3456 1920 3521 ἀρε-

347 3547 483 3617 τήνί
520 3549 635 3600 Οὐκ
665 3547 914 3599 ὲδίστασε
948 3548 1084 3616 πρὸς
1120 3546 1181 3597 τὸ
1232 3544 1539 3615 παράδοξον
1573 3544 1665 3595 τοῦ
1716 3543 1878 3607 λόγου
1901 3555 1914 3570 °

344 3642 448 3694 οὐκ
501 3640 884 3708 ἀπεκρούσατο
940 3641 1007 3709 τῇ
1041 3636 1347 3707 ἀμφιϐολίᾳ
1400 3635 1497 3707 τὴν
1545 3635 1916 3703 ἐπαγγελίαν·

342 3734 448 3785 οὐκ
486 3730 734 3799 ἀπέφυγε
765 3729 826 3781 τὸ
852 3730 940 3782 τοῦ
968 3728 1315 3799 καινοφανῶς
1338 3728 1597 3797 ὀφθέντος
1631 3729 1920 3798 καταπλη-

345 3823 536 3878 κτικὸν
564 3819 734 3887 εἶδος*
772 3824 833 3877 οὐ
886 3823 1020 3895 πρὸς
1049 3823 1109 3876 τὸ
1162 3823 1480 3894 ἀπόρρητον
1507 3823 1775 3877 ἀπιδοῦσα
1826 3823 1918 3875 τοῦ

350 3917 681 3987 μυστηρίου,
707 3917 782 3978 ὡς
834 3917 1096 3985 ἀμήχανα
1145 3916 1739 3987 κατεπαγγελλομένῳ,
1773 3917 1919 3969 ἀντι-

350 4010 587 4077 κατέστη
618 4008 693 4078 τῷ
724 4009 924 4079 κήρυκι
956 4026 968 4038 ·
1000 4010 1058 4062 οὐ
1098 4010 1380 4081 προέτεινε
1411 4010 1480 4063 τὰ
1508 4011 1607 4077 τῆς
1641 4009 1915 4080 μικροψυ-

350 4104 470 4171 χίας
494 4104 717 4172 ρήματα
741 4116 756 4133 °
785 4103 919 4155 ἀλλὰ
948 4104 1076 4167 τοὺς
1126 4103 1345 4171 λόγους,
1382 4103 1458 4167 ὼς
1507 4104 1671 4174 ἔργον
1720 4105 1815 4158 καὶ
1846 4103 1921 4166 ὡς

351 4195 456 4249 ὑπὸ
501 4196 706 4263 Κυρίου
739 4195 1032 4265 λεχθέντας
1095 4197 1490 4267 μεγαλοψύχως
1533 4198 1827 4265 δεξαμένη,
1861 4197 1921 4247 τὸ

350 4287 501 4353 ξένον
547 4289 645 4357 τῆς
697 4287 1046 4359 ἀνθρωπίνης
1108 4289 1502 4359 ταπεινότητος
1565 4289 1920 4360 ἁνῳκισμέιῃ

348 4382 672 4449 προαιρέσει
707 4378 1026 4450 παρέδειξεν
1063 4381 1121 4431 ὲν
1169 4379 1361 4449 ἑαυτῇ.
1423 4380 1488 4431 Ἥ
1522 4378 1630 4449 γὰρ
1679 4376 1919 4431 δοκοῦσα

2021 3279 2216 3337 sponte
2244 3271 2656 3325 manifestath
2680 3271 3008 3325 humilitatis
3030 3274 3085 3326 in
3105 3281 3252 3325 tanta
3277 3273 3609 3328 celsitudine

2021 3361 2308 3414 emicantis
2330 3375 2614 3415 excessum
2640 3363 2653 3415 l
2676 3362 2807 3415 Vide
2835 3362 3115 3426 virtutem,
3135 3377 3297 3429 quam
3323 3378 3498 3431 neque
3516 3379 3615 3418 an-

2022 3448 2124 3518 geli
2154 3465 2332 3517 neque
2357 3450 2610 3506 homines
2637 3460 2731 3505 aut
2753 3460 2936 3505 mente
2968 3454 3187 3521 assequi
3230 3462 3324 3506 aut
3359 3469 3457 3521 pro
3498 3470 3608 3508 me-

2023 3539 2128 3593 rito
2159 3540 2347 3593 mirari
2378 3543 2619 3611 queant!
2658 3542 2775 3597 Non
2807 3543 3019 3597 nutavit
3054 3543 3118 3596 ad
3159 3544 3427 3598 sermonis
3459 3545 3612 3599 inso-

2019 3632 2246 3687 lentiam
2271 3650 2287 3700 ;
2314 3648 2423 3687 non
2464 3648 2584 3688 eam
2619 3636 2837 3704 impulit
2881 3635 3156 3690 dubitatio
3186 3636 3251 3689 ad
3309 3639 3610 3693 recusanda

2021 3724 2291 3794 promissa
2322 3742 2335 3793 ;
2364 3740 2471 3779 non
2502 3725 2911 3781 formidandum
2947 3727 3085 3799 ejus,
3114 3728 3206 3797 qui
3245 3744 3383 3782 nova
3428 3731 3611 3799 specie

2021 3817 2297 3885 apparuit,
2348 3826 2632 3887 aspectum
2684 3818 2935 3888 aufugit;
2970 3836 3100 3878 non.
3129 3817 3274 3888 quod
3333 3821 3610 3875 ineffabile

2022 3907 2078 3963 in
2126 3909 2387 3979 mysterio
2426 3919 2593 3976 esset,
2639 3911 2965 3980 respiciens,
3015 3913 3250 3981 pymconi
3301 3913 3454 3982 quasi
3507 3915 3611 3967 im-

2023 4001 2307 4069 possibilia
2348 4002 2625 4056 nuntianti
2670 4003 2922 4071 restitit;
2977 4020 3086 4057 non
3143 4006 3610 4075 pusillanimitatis

2023 4092 2193 4145 verba
2272 4093 2612 4162 praetendit;
2655 4095 2752 4149 sed
2830 4095 3252 4164 magnanimiter
3324 4112 3611 4151 sermones

2024 4197 2180 4250 teque
2220 4192 2404 4238 certos
2448 4184 2680 4248 habens,
2709 4199 2774 4238 ac
2802 4185 2847 4239 si
2880 4186 2933 4239 in
2968 4200 3110 4255 opus
3138 4186 3362 4242 deducti
3400 4200 3605 4250 essent.

2024 4284 2081 4329 et
2113 4283 2369 4344 tanquam
2397 4290 2426 4329 a
2459 4276 2694 4329 Domino
2722 4277 2963 4344 prolatos
2993 4279 3293 4347 excipiens,
3322 4297 3422 4349 per
3453 4284 3611 4336 inau~

2025 4366 2195 4422 ditam
2246 4367 2394 4420 illam
2428 4367 2757 4421 electionem
2806 4369 3118 4440 prodigium
3153 4371 3477 4428 humilitatis
3508 4374 3607 4428 hu-

348 4470 674 4540 διαπόρησις
728 4470 829 4522 οὐκ
856 4470 1162 4538 ἀντιλογίας
1194 4465 1283 4541 ἦν,
1326 4469 1462 4522 ἀλλά
1506 4469 1920 4541 πυνθανομένης

2028 4470 2201 4511 manae
2229 4456 2284 4510 in
2309 4470 2366 4510 se
2393 4455 2509 4525 ipsa
2539 4455 2957 4513 demonstravit.
2977 4459 3113 4513 Nam
3141 4477 3261 4530 quae
3285 4462 3458 4517 videri
3488 4479 3611 4533 pos.

348 4562 440 4614 τὸν
469 4561 690 4630 τρόπον,
728 4560 820 4613 καὶ
848 4563 943 4631 τῆς
974 4560 1196 4630 ἁγνείας
1243 4562 1696 4631 ὐπερμαχούσης.
1725 4560 1824 4613 Διά
1857 4561 1923 4631 δὴ

347 4652 509 4705 τοῦτο
530 4654 620 4705 τὸν
644 4654 1022 4724 άνέκφραστον
1053 4653 1209 4706 τόκον
1236 4654 1705 4719 ἀκούσασα,οὐδὲν
1734 4670 1926 4725 περαι-

347 4739 783 4814 τὲρωδιηθέχθη·
810 4743 925 4797 ἀλλ’
940 4744 1117 4813 ἠπίως
1137 4744 1228 4797 τὸν
1243 4745 1400 4812 λόγον
1423 4745 1718 4815 δεξαμένη,
1746 4745 1924 4798 πίστει

350 4834 543 4905 βεϐαίᾳ
566 4836 666 4906 τὴν
694 4836 878 4888 πίστιν
908 4836 1357 4906 συνεισῳκίσατο,
1404 4839 1583 4889 καίτοι
1616 4837 1735 4889 τότε
1784 4837 1923 4906 μάλα

348 4927 441 4979 λον
488 4922 556 4997 ἦν
605 4927 898 4981 ἀκόλουθον
970 4928 1272 4998 ὲπαπορείν
1341 4926 1420 4997 τῷ
1501 4927 1925 4995 καταγγέλλοντι

348 5017 601 5082 τοιῶσδε,
654 5020 749 5070 καὶ
794 5019 861 5071 ὲκ
914 5015 1235 5086 Πνεύματος
1269 5018 1454 5084 ἀγίου,
1490 5016 1586 5070 καὶ
1620 5016 1778 5087 ξένην
1823 5017 1924 5086 τὴν

354 5108 622 5178 σύλληψιν
670 5109 1067 5179 βεδαιουμένῳ’
1106 5109 1170 5160 Τί
1204 5109 1364 5161 τοῦτο
1404 5110 1655 5179 μηνύεις,
1689 5110 1719 5162 6
1752 5125 1925 5179 προσ-

351 5198 774 5269 διαλεγόμενοςς
836 5197 1144 5268 Ἀλλότριον
1187 5198 1290 5267 τῆς
1323 5197 1539 5265 φύσεως
1585 5200 1782 5269 εἰσηγῇ
1834 5199 1924 5252 τὸν

350 5291 531 5354 τόκον,
589 5289 715 5354 ξένα
752 5291 934 5358 πάσης
969 5291 1141 5359 ἀκοῆς
1182 5291 1490 5360 προτείνεις
1540 5289 1608 5342 τὰ
1660 5293 1879 5359 ῥήματα
1906 5306 1920 5320 ·

350 5381 756 5452 ἀναλαϐόμενος
791 5382 1009 5445 ἑαυτὸν,
1063 5384 1131 5435 τά
1184 5381 1283 5451 τῆς
1335 5381 1657 5445 ἀκολουθίας
1714 5384 1921 5449 κατάγ-

350 5474 511 5544 γελλε
536 5490 551 5504 °
585 5474 861 5544 ἐμόλεψον
889 5476 972 5537 είς
1002 5473 1278 5543 προτέρας
1312 5473 1534 5541 γενεάς,
1574 5474 1849 5543 ἐννόησον,
1873 5471 1928 5525 εἴ

349 5585 404 5620 τι
443 5566 691 5621 τοιοῦτον
712 5569 771 5619 ἐν
794 5566 1024 5629 ταύταις
1073 5565 1354 5635 ὲνηργήθη
1384 5583 1397 5597 ο
1429 5565 1587 5628 σύνες
1639 5564 1919 5632 ἀσφαλῶς,

351 5662 400 5713 εί
432 5662 601 5731 μέχρι
642 5660 747 5714 κᾶν
797 5660 971 5730 ψιλῶν
1030 5659 1294 5730 ῥημάτων
1344 5661 1372 5713 6
1409 5657 1581 5722 οὓτως
1616 5656 1754 5727 ἔχων
1786 5656 1922 5709 ὠνό-

354 5768 558 5823 μασται
588 5751 746 5817 τόκος
766 5768 781 5784 ·
809 5750 1096 5823 κατάμαθε
1119 5749 1299 5804 τοίνυν
1331 5748 1755 5821 διερευνώμενος
1778 5765 1790 5778 ⁸
1827 5748 1922 5802 καὶ

2026 4558 2112 4605 set
2154 4547 2447 4613 haesitatio,
2476 4562 2586 4602 non
2616 4548 2687 4602 ad
2716 4550 3228 4629 contradicendum,
3254 4552 3350 4608 sed
3387 4554 3452 4607 ad
3488 4571 3608 4607 mo-

2028 4640 2160 4695 dum
2216 4639 2638 4706 sciscitandum,
2663 4649 2830 4711 atque
2883 4641 2949 4697 ad
3002 4643 3265 4698 tuendam
3312 4646 3608 4714 puritate-nt

2027 4733 2331 4803 spectabat.
2363 4732 2542 4800 Quare
2585 4750 2709 4790 cum
2739 4735 2946 4790 certior
2976 4737 3043 4791 de
3079 4736 3345 4791 ineﬂ'abili
3394 4724 3623 4791 ratione'

2026 4839 2218 4898 partus
2266 4829 2407 4884 facta
2454 4839 2623 4893 esset,
2653 4831 2729 4884 nil
2778 4846 2910 4887 sane
2954 4832 3170 4887 distulit
3213 4832 3606 4899 ulterius;sed

2026 4930 2314 4976 mansuete
2363 4935 2528 4975 aures
2560 4924 2804 4978 sermoni
2843 4924 3117 4992 praebens,
3142 4924 3297 4978 firma
3326 4924 3455 4987 fide,
3486 4942 3608 4994 qum

2026 5010 2372 5076 dicebantur,
2415 5027 2516 5066 ceu
2560 5026 2692 5067 vera
2741 5015 2981 5084 excepit,
3026 5031 3367 5085 quanquam.
3413 5019 3607 5070 nuntio

2025 5103 2311 5174 ejusmodi
2354 5104 2640 5174 loquente,
2689 5115 2746 5160 et
2799 5107 3219 5176 conceptionem
3270 5123 3339 5162 ex
3390 5107 3600 5178 Spiritu

2026 5204 2217 5251 saneto
2261 5211 2570 5265 novamque
2600 5195 2717 5251 fore
2750 5197 3074 5263 aiiirmante,
3112 5199 3283 5269 magis
3314 5208 3444 5255 tunc
3477 5215 3604 5269 pro-

2026 5302 2155 5340 num
2203 5295 2352 5342 esset
2402 5286 2781 5342 addubitando
2833 5289 2949 5343 ilth
3002 5288 3174 5345 ferme
3230 5290 3604 5359 respondere:

2024 5379 2293 5444 Quidnam
2324 5378 2467 5432 istud
2500 5388 2605 5441 est,
2633 5380 2778 5447 quod
2826 5380 2970 5433 inter
3014 5381 3355 5449 loquendum
3397 5396 3609 5434 memo—

2027 5471 2240 5524 ras?ln
2288 5472 2527 5526 medium
2575 5472 2806 5527 adducis
2850 5482 3065 5544 partum
3094 5489 3124 5527 a
3167 5483 3376 5527 natura!
3412 5473 3608 5528 ordine

2025 5566 2264 5619 alienum
2296 5583 2308 5616 :
2337 5565 2509 5618 verba
2540 5564 2789 5631 cujusvis
2834 5565 3063 5618 auribus
3100 5563 3317 5619 insueta
3352 5564 3604 5633 profers:

2025 5656 2113 5710 fac
2165 5657 2409 5710 animum
2458 5656 2733 5722 advertas,
2759 5665 2816 5710 et
2848 5672 3063 5723 narres,
3086 5674 3209 5727 quae
3240 5666 3608 5711 consentanea

2026 5747 2348 5803 videantur:
2373 5758 2632 5803 converte
2656 5749 2845 5804 oculos
2872 5747 2938 5803 ad
2971 5748 3275 5819 prmteritas
3297 5744 3606 5820 generatio-
