4130 6202
499 261 604 323 655

1790 253 1822 313 J
1833 252 2046 310 .-\COB[
2088 251 2142 309 M
2152 253 2428 312 UNACI-Il

3642 261 3748 325 656

497 388 614 434 nes,
645 369 848 438 cogita,
875 386 940 422 an
978 383 1076 436 per
1121 379 1308 419 earum
1346 365 1637 420 decursum
1671 365 1953 436 quidpiam
1996 365 2073 418 si-

2181 366 2352 432 εῐμέν
2387 366 2630 419 τοιοῦτον
2664 369 2728 419 ἐκ
2775 368 3245 438 παραδειγμάτων
3294 369 3548 440 ἑφεύροις
3596 389 3751 440 γεγε-

498 462 624 516 mile
649 459 850 514 factum
883 458 1047 512 fuerit
1075 475 1086 510 :
1116 457 1200 511 fac
1230 467 1376 512 recte
1404 455 1565 521 scias,
1593 473 1658 511 an
1686 457 1876 510 saltem
1904 460 2072 511 verbo

498 565 658 610 tenus
732 548 1116 622 hujuscemodi
1188 549 1379 619 paruis
1437 550 1702 604 hactenus
1756 549 2072 602 ﬂOll'IlttalllS

493 645 662 700 fuerit
690 666 702 699 :
739 645 820 697 fac
849 657 1014 711 porro
1039 641 1372 696 sciscitando
1413 641 1669 696 addisces
1691 659 1703 694 :
1723 649 1777 695 et
1801 640 2069 710 siquidem

493 737 670 791 allatis
694 733 957 803 exemplis
1005 735 1108 789 tale
1155 733 1361 803 aliquid
1392 735 1594 788 factum
1640 735 1940 799 inveneris,
1983 733 2070 786 di-

494 829 625 890 cito,
647 836 701 881 et
723 825 921 897 dignus
948 826 1041 895 qui
1067 825 1405 890 admittatur,
1433 841 1614 880 sermo
1644 829 1772 888 erit,
1800 841 1975 894 neque
2004 825 2070 878 de

497 937 554 974 re
588 920 693 974 erit
724 919 1110 990 ambigendum
1141 936 1154 984 ;
1194 919 1238 973 si
1271 935 1402 973 vero
1451 918 1581 988 quid
1616 918 1792 972 simile
1829 919 2070 972 indicare

494 1031 600 1067 non
634 1015 780 1066 vales
810 1015 1010 1083 (neque
1036 1014 1181 1067 enim
1215 1012 1267 1065 id
1303 1027 1540 1080 unquam
1575 1013 1748 1064 visum
1778 1010 1907 1079 est),
1937 1009 2070 1079 quid

492 1105 696 1159 frustra
725 1121 892 1159 vanas
925 1105 1164 1160 effundis
1197 1105 1399 1158 voces?
1434 1103 1576 1169 Quid
1609 1104 1840 1158 invicem
1873 1103 2076 1158 discre-

493 1198 679 1266 pantia
727 1183 1015 1266 loqueris?
1062 1196 1250 1250 Profer
1295 1205 1443 1250 certa
1491 1195 1661 1248 futuri
1711 1203 1943 1249 eventus
1987 1211 2076 1248 ar-

495 1298 755 1358 gumenta
783 1306 796 1351 ;
823 1288 1006 1357 prazbe
1037 1287 1236 1342 indicia
1274 1288 1351 1341 rei
1379 1297 1502 1356 apte
1531 1286 1943 1356 respondentia.
1965 1286 2078 1342 Un-

497 1380 694 1434 denam
745 1389 899 1434 certo
942 1379 1213 1443 noverim,
1241 1388 1291 1433 te
1339 1379 1594 1432 nuntitun
1623 1378 1870 1432 veritatis
1905 1377 2072 1431 adve-

499 1473 694 1527 nisse?
735 1471 1129 1542 Magnasunt,
1181 1487 1302 1540 quae
1355 1470 1704 1540 proclames;
1753 1481 1809 1524 et
1875 1469 2074 1523 validis

2179 460 2435 528 νημένον,
2494 459 2637 521 είπὲ,
2693 460 2786 511 καὶ
2843 461 2869 511 6
2927 461 3083 529 λόγος
3147 461 3502 528 ἀποδεκτέος,
3560 467 3753 518 καὶτὸ

2180 551 2414 620 πρᾶγμα
2441 552 2541 604 οὐκ
2573 549 2877 620 ἀμφίϐολον
2896 567 2910 581 ο
2940 554 2987 604 εί
3020 553 3075 605 δὲ
3099 553 3159 604 τὸ
3201 552 3312 606 ἴσον
3343 555 3444 606 οὐκ
3467 554 3613 623 ἔχεις
3635 557 3752 607 ἐπει

2179 643 2372 708 δεῖξαι,
2406 644 2526 696 οὐδὲ
2563 645 2671 713 γὰρ
2705 643 2865 716 ὤφθη
2900 645 3054 708 ποτὲ,
3089 645 3143 698 τί
3174 647 3358 716 μάτην
3383 649 3751 714 κενοφωνεῖςς

2181 736 2243 786 Τί
2273 737 2339 788 τὰ
2364 735 2657 805 άσύμϐατα
2688 737 3084 805 καταγγέλλεις
3110 754 3124 802 ;
3160 739 3293 790 Εἰπὲ
3331 737 3428 791 τοῦ
3474 740 3754 807 ἀποϐησο-

2183 828 2343 897 μένου
2385 830 2662 900 τεκμήρια
2683 845 2697 860 ·
2729 829 2819 892 δὸς
2851 830 3078 899 σημείου
3105 829 3488 900 παραπλήσια.
3520 832 3678 884 Κατὰ
3699 831 3751 882 τί

2179 919 2482 989 γνώσομαι,
2515 921 2596 974 ὃτι
2643 921 2888 992 μηνυτὴς
2919 922 3178 991 ἀληθείας
3235 922 3542 993 έλήλυθας;
3594 924 3752 992 Μέγα

2178 1012 2239 1064 τὸ
2261 1012 2350 1065 διὰ
2382 1011 2472 1064 σοῦ
2507 1013 2947 1084 κηρυττόμενονσ
2980 1014 3176 1068 οὐκοῦν
3209 1018 3303 1066 καὶ
3347 1015 3600 1084 μεγάλων
3641 1015 3746 1068 δεῖ·

2173 1120 2264 1154 ται
2299 1102 2408 1155 τῶν
2455 1103 2797 1174 τεκμηρίων,
2830 1105 3187 1174 καταλλήλων
3223 1105 3331 1157 τῶν
3365 1107 3751 1176 παραδειγμά-

2174 1211 2303 1248 των.
2339 1196 2411 1246 Οὐ
2448 1195 2554 1266 χρὴ
2595 1197 2694 1265 τὴν
2723 1196 2897 1266 ἀκοὴν
2932 1197 3058 1266 εξκῆ
3104 1197 3502 1265 φενακίσαντα,
3529 1197 3753 1252 ἀκινδὺ-

2173 1304 2280 1350 νως
2314 1289 2368 1338 ὲν
2406 1287 2582 1360 ταύτῃ
2613 1290 2738 1352 τοὺς
2783 1289 3057 1352 τοιούτους
3079 1289 3488 1356 ἐγκαταθέσθαι
3529 1290 3750 1357 λόγουςο

2173 1379 2252 1432 δεῖ
2280 1397 2402 1432 τινα
2434 1381 2568 1451 πρὸς
2604 1380 2900 1450 βεϐαίωσιν
2931 1381 3026 1435 τοῦ
3064 1383 3225 1449 λόγου
3259 1384 3628 1452 παραγαγεῖν,
3669 1384 3755 1435 ἵνα

2172 1469 2240 1522 τά
2271 1470 2372 1538 τῆς
2404 1471 2641 1534 πίστεως
2673 1472 2733 1524 τὸ
2758 1471 2998 1540 ἀσφαλὲς
3018 1471 3152 1536 ἔξει.

496 1567 665 1638 igitur
710 1566 1068 1637 argumentis,
1101 1574 1157 1619 et
1204 1564 1591 1618 consentaneis
1642 1563 1908 1633 exemplis
1935 1578 2076 1633 opus
2115 1563 2340 1618 habent.
2402 1565 2521 1619 Non
2575 1567 2733 1621 decet
2767 1577 2973 1622 temere
3026 1568 3252 1622 auribus
3324 1567 3572 1631 illudere,
3606 1568 3756 1638 ejus-

497 1661 643 1715 modi
675 1676 955 1717 sermones
985 1661 1052 1715 iis
1075 1661 1212 1715 citra
1239 1660 1673 1716 controversiam
1720 1659 2095 1730 imponendo:
2140 1669 2198 1714 ut
2247 1661 2364 1715 sine
2436 1662 2684 1731 periculo
2719 1677 2900 1717 sermo
2936 1662 3097 1717 fidem
3151 1661 3417 1727 inveniat,
3448 1673 3662 1731 oportet
3698 1671 3756 1715 ut

495 1754 562 1807 ad
594 1770 719 1808 eum
749 1754 1184 1809 confirmandum
1220 1754 1502 1824 quidpiam
1537 1753 1888 1826 adiungatur.

568 1852 767 1905 Verum
804 1851 942 1905 nihil
994 1851 1266 1921 ejusmodi
1317 1851 1682 1907 illibatissima
1728 1852 1816 1906 illa
1854 1853 2076 1923 objccit.
2113 1862 2152 1914 Β

498 1945 632 2004 Nam
684 1946 788 2000 fide
835 1945 1099 2000 inetiabili
1141 1945 1216 2006 id.
1263 1945 1409 2014 quod
1464 1945 1570 2000 sibi
1622 1945 2077 2007 annuntiabatur,

496 2039 816 2102 admittens,
863 2053 973 2092 non
1023 2052 1182 2092 secus
1219 2053 1281 2091 ac
1316 2037 1358 2091 si
1391 2038 1496 2108 iam
1531 2053 1698 2107 opere
1745 2037 2077 2104 completum

496 2140 664 2195 esset,
698 2146 796 2200 pro
840 2139 993 2184 certo
1045 2129 1239 2183 habuit
1268 2146 1283 2194 ;
1308 2145 1372 2183 ac
1408 2139 1700 2200 propterea
1753 2128 2076 2198 respondit:

501 2222 634 2274 Ecce
683 2219 886 2275 ancilla
923 2220 1155 2285 Domini,
1189 2220 1286 2289 ﬁat
1336 2221 1466 2274 mihi
1521 2221 1810 2275 secundum
1865 2221 2079 2274 verbum

497 2325 682 2379 tuum;
704 2331 767 2369 ac
797 2314 842 2369 si
873 2314 1122 2368 diceret:
1155 2323 1210 2368 tu
1241 2314 1465 2384 quidem
1498 2314 1870 2368 ministerium
1926 2323 2078 2368 tuum

502 2405 570 2458 ad
604 2403 1018 2474 exsequendum
1050 2405 1368 2474 mysterium
1398 2403 1684 2474 explevisti
1720 2421 1732 2457 :
1765 2419 1866 2475 ego
1895 2415 2077 2459 autem

499 2507 751 2568 prompta
809 2497 1093 2551 voluntate
1137 2505 1302 2565 atque
1339 2495 1526 2550 animo
1575 2495 1915 2565 obsequente
1973 2479 2075 2565 ipsi

495 2588 772 2644 deservire
802 2603 923 2643 sum
952 2586 1320 2656 paratissima.

567 2678 708 2732 XXI.
737 2679 1030 2747 Postquam
1062 2685 1245 2730 autem
1288 2691 1388 2730 suo
1418 2676 1564 2730 circa
1601 2675 1920 2746 mysterium
1957 2691 2077 2728 mu-

497 2785 627 2823 nere
665 2784 917 2838 superna:
955 2767 1162 2821 militia‘
1198 2766 1394 2821 ductor
1452 2767 1775 2836 perfunctus
1821 2774 1926 2832 cst,
1961 2782 2076 2836 my-

496 2861 806 2930 sticutnque
841 2860 1110 2914 concinne
1145 2859 1442 2913 thalamum
1486 2858 1834 2928 pneparavit,
1864 2859 1930 2912 ad
1965 2875 2076 2914 ca:—

498 2953 667 3008 lestes
721 2953 921 3006 choros
982 2965 1244 3005 reversus
1297 2959 1402 3005 est.
1453 2949 1756 3020 Propterea
1811 2949 2080 3002 divinitus

497 3043 711 3097 afllatus
771 3041 1118 3111 Evangelista
1177 3040 1414 3110 inquit:
1465 3040 1528 3092 Et
1601 3040 1834 3094 discessit
1888 3041 1951 3093 ab
2015 3057 2077 3093 ca

498 3134 720 3206 angelus
741 3135 806 3189 δε.
1246 3131 1255 3141 ’

2270 1849 2411 1902 Ἀλλ’
2446 1848 2599 1902 οὐδὲν
2641 1848 2884 1902 τοιοῦτον
2921 1850 2951 1919 ἡ
2990 1853 3378 1919 πανακήρατος
3420 1851 3752 1918 προέτεινε-ι.

2195 1941 2410 2009 ’Λφάτῳ
2446 1940 2556 2008 γὰρ
2588 1940 2648 1990 τὸ
2709 1938 2948 2008 μηνυθὲν
2995 1936 3265 2007 δεξαμένη
3297 1939 3501 1999 πίστει,
3549 1938 3621 1999 ὡς
3651 1940 3753 2008 ῆίῖη

2183 2032 2622 2102 πεπληρωμένον
2680 2029 2843 2082 τοῦτο
2927 2029 3190 2099 κατέσχε·
3245 2027 3326 2080 διὸ
3386 2028 3481 2081 καὶ
3525 2027 3749 2096 ἔλεγεν·

2194 2125 2340 2182 Ἰδοὺ
2364 2125 2401 2191 ἡ
2437 2123 2628 2192 δούλη
2653 2108 2896 2190 Κὺρίου,
2922 2121 3155 2191 γένοιτό
3188 2138 3292 2190 μοι
3319 2125 3473 2175 κατὰ
3504 2121 3570 2175 τὸ
3589 2119 3756 2190 ῥῆμά

2181 2234 2295 2272 σου
2320 2233 2335 2249 ο
2370 2217 2432 2268 σὺ
2471 2215 2589 2285 μὲν,
2625 2217 2814 2285 φησὶν,
2845 2215 2946 2285 τὴν
2978 2213 3072 2267 τοῦ
3120 2214 3426 2283 μυστηρίου
3479 2212 3756 2267 διακονίαν

2181 2310 2434 2373 έτέλεσας
2455 2326 2468 2340 ·
2504 2309 2614 2376 ἐγὼ
2640 2308 2695 2360 δὲ
2727 2307 3235 2378 παρασκευασμένῃ
3270 2303 3466 2376 γνώμῃ
3502 2306 3599 2358 καὶ
3627 2321 3750 2358 συν-

2180 2404 2462 2474 τεταμένῃ
2480 2402 2630 2472 ψυχῇ
2664 2401 2920 2455 ὑπείκειν
2948 2400 3126 2470 τούτῳ
3157 2399 3507 2470 έτοιμοτέρα.

2251 2663 2380 2716 KA'.
2428 2663 2642 2733 Ἐπειδὴ
2687 2663 2744 2716 δὲ
2789 2663 2884 2734 τὴν
2915 2663 3008 2716 τοῦ
3063 2663 3366 2736 μυστηρίου
3412 2664 3688 2720 διακονίαν
3727 2668 3759 2720 6

2181 2755 2618 2826 ἀρχιστράτηγος
2651 2754 2886 2818 ἐτέλεσε,
2913 2755 3004 2806 καὶ
3033 2755 3129 2823 τὴν
3165 2755 3432 2826 μυστικὴν
3461 2758 3755 2826 κατήρτισε

2183 2851 2447 2914 παστάδα,
2481 2851 2615 2919 πρὸς
2641 2853 2740 2912 τὰς
2769 2849 3056 2919 οὐρανίους
3086 2851 3196 2902 ἵετο
3217 2849 3456 2918 χορείας.
3481 2849 3572 2902 Διό
3593 2865 3755 2916 φησιν

2179 2943 2205 2994 6
2240 2941 2525 3006 θεσπέσιος
2550 2940 2945 3010 εὑαγγελιστής
2971 2956 2986 2974 ·
3011 2940 3122 2995 Καὶ
3143 2941 3419 3007 ἀπῆλθεν
3439 2940 3540 2994 ἀπ’
3568 2937 3758 3006 αὐτῆς

2179 3032 2211 3082 0'
2241 3030 2511 3099 ἅγγελος.

570 3229 641 3281 At
673 3242 806 3282 vero
854 3242 962 3296 qua
1002 3225 1070 3280 de
1128 3238 1292 3280 causa
1346 3223 1657 3294 archangeli
1706 3223 1772 3277 ad
1823 3238 1941 3277 eam
1991 3223 2073 3276 in-

2252 3208 2408 3270 Τίνος
2440 3207 2494 3260 δὲ
2541 3207 2698 3276 χάριν
2731 3206 2933 3259 εἴσοδον
2966 3205 3065 3274 τὴν
3095 3204 3187 3258 τοῦ
3219 3201 3562 3275 ἀρχαγγέλου
3590 3221 3760 3276 προσ-

495 3334 743 3391 gressum
797 3317 1200 3390 signiﬁcantius
1248 3317 1518 3386 expressit
1545 3319 1566 3369 ?
1594 3315 1726 3370 dicit
1759 3316 1907 3369 enim
1943 3315 2074 3369 :ln-

494 3428 699 3482 grcssus
725 3412 942 3478 angelus
971 3411 1040 3463 ad
1074 3426 1193 3464 eam
1223 3409 1353 3461 dixit
1385 3408 1426 3439 ⁸⁸
1458 3425 1469 3460 :
1503 3406 1590 3460 hic
1621 3421 1751 3461 vero
1796 3421 2074 3461 recessam

495 3503 612 3558 solo
639 3501 831 3565 verbo,
863 3502 1114 3564 discessit,
1140 3498 1439 3554 indicavit?
1457 3497 1902 3552 Consentaneum
1927 3498 2074 3552 enim

493 3603 630 3655 crat,
661 3601 720 3645 ut
746 3607 869 3644 eum
901 3593 1206 3660 ingressum
1237 3600 1535 3651 narrasset,
1565 3605 1824 3660 egressus
1855 3605 2075 3658 quoque

495 3683 833 3738 mentionem
859 3681 1086 3735 faceret.
1105 3681 1216 3735 Cur
1248 3681 1417 3750 igitur
1442 3680 1651 3733 dictum
1680 3689 1784 3743 est,
1803 3681 2031 3734 discessit
2055 3681 2076 3732 ?

495 3774 947 3845 Sapientissimus
985 3787 1180 3842 nempe
1218 3771 1395 3826 Lucas
1432 3771 1599 3825 verba
1648 3771 1726 3825 rei
1765 3787 2076 3826 accommo-

495 3867 622 3922 data
672 3866 845 3921 voluit
885 3865 1170 3919 adhibere.
1197 3865 1332 3919 Nam
1384 3865 1640 3933 princeps
1685 3863 1916 3930 militize,
1948 3880 2074 3920 cum

496 3960 736 4030 primum
792 3957 1063 4021 introivit,
1115 3956 1189 4010 ita
1248 3954 1607 4024 semetipsum
1659 3957 1989 4026 composuit,
2017 3967 2077 4013 ut

498 4052 842 4125 ingrediendi
889 4051 1133 4113 modum,
1159 4051 1253 4121 qui
1290 4058 1590 4104 consuetus
1617 4059 1700 4104 est
1734 4050 2072 4118 hominibus,

498 4146 828 4210 imitaretur,
857 4159 926 4198 ne
974 4143 1438 4198 vehementiorem
1489 4141 1704 4196 scilicet
1751 4142 2073 4213 trepidatio-

495 4252 622 4290 nem
655 4239 945 4290 incuteret.
981 4233 1084 4289 Ubi
1123 4249 1253 4289 vero
1283 4233 1464 4287 omnia
1495 4233 1561 4286 ad
1591 4234 1751 4288 finem
1785 4235 2072 4304 perducta,

495 4327 854 4395 animumque
911 4325 1149 4394 Virginis
1219 4325 1534 4389 sublimius,
1589 4341 1750 4394 quam
1807 4328 2075 4382 naturalis

495 4421 739 4475 conditio
773 4419 934 4483 ferat,
962 4420 1235 4472 elevatum
1273 4417 1585 4487 conspexit,
1622 4419 1899 4487 propriam
1935 4419 2072 4474 sibi-

494 4529 599 4581 que
639 4521 1064 4566 cunsentaneam
1107 4514 1368 4564 virtutem
1413 4519 1602 4578 aperte
1637 4510 1900 4564 exseruit.
1939 4512 2072 4565 Pro-

495 4603 622 4656 inde
646 4602 870 4656 avolans
893 4601 962 4655 ab
987 4601 1135 4655 illius
1147 4600 1325 4653 oculis
1347 4601 1400 4653 in
1418 4614 1544 4652 aera
1569 4615 1668 4668 pro
1687 4609 1878 4653 natura
1900 4616 1998 4655 sua
2016 4615 2074 4656 se

493 4694 710 4754 extulit,
739 4703 795 4748 et
843 4693 895 4747 in
954 4691 1126 4746 emlos
1175 4705 1433 4746 reversus
1489 4701 1684 4755 εει,οο
1731 4691 1869 4760 ipso,
1895 4691 2074 4760 qualis

496 4786 609 4854 ipse
660 4784 820 4849 foret,
864 4784 1276 4847 demonstrans,
1325 4791 1381 4835 et
1437 4780 1536 4846 illi,
1573 4795 1694 4850 quae
1736 4782 2074 4839 consistebat

496 4883 736 4943 immota,
769 4878 1064 4932 firmiorem
1093 4875 1454 4930 constantiam
1489 4875 1716 4930 addens.

568 4973 731 5027 XXII.
761 4971 805 5026 Ο
835 4969 1053 5026 Gabriel
1079 4971 1092 5022 Ξ
1131 4983 1296 5039 quam
1326 4969 1528 5022 bonum
1559 4968 1740 5036 nobis,
1769 4987 1800 5023 ο
1825 4971 2065 5032 Gabriel.

495 5083 658 5136 quam
693 5066 898 5120 bonutn
934 5063 1190 5117 nuntium
1228 5069 1322 5114 tuo
1365 5059 1606 5115 adventu
1654 5062 1818 5116 all'ers
1849 5064 1861 5115 l
1895 5063 2066 5128 Quam

492 5157 692 5212 eximia
761 5155 1028 5209 beneficia
1090 5153 1418 5206 denuntiare
1473 5153 1728 5206 venisti!
1795 5152 2067 5218 Quantum

493 5250 776 5316 gaudium,
809 5246 1028 5316 qualem
1067 5245 1311 5299 lzetitiam
1339 5246 1351 5297 !
1405 5243 1504 5298 Abi
1535 5243 1786 5307 feliciter,
1821 5247 2068 5314 splendi-

493 5343 754 5396 dissimus
777 5338 960 5409 gaudii
990 5337 1162 5390 nostri
1193 5351 1400 5407 auspex
1425 5375 1437 5394 ,
1458 5336 1781 5390 ’lmtissimus
1822 5339 2066 5406 mysterii

497 5447 697 5500 praeco,
734 5430 1044 5485 communis
1099 5429 1306 5498 legatus
1347 5426 1564 5488 ltetitiae.
1597 5441 1924 5481 arcanorum
1961 5430 2063 5481 ini-

495 5523 679 5584 tiator,
713 5519 1140 5592 dispensationis
1169 5519 1436 5574 minister.
1474 5519 1598 5583 Abi,
1623 5522 1885 5573 annuntia
1912 5524 2061 5577 ccelis

563 5702 609 5737 “
658 5705 791 5764 Luc.
818 5721 856 5777 ι,
887 5658 977 5762 $8.
1055 5700 1100 5738 ⁸³
1149 5703 1284 5757 Luc.
1321 5717 1358 5766 ι,
1391 5700 1483 5755 28.

2180 3305 2332 3354 εἶπεν
2382 3301 2711 3370 ἐμφάνειανς
2753 3299 3059 3354 Εἰσελθὼν
3109 3298 3240 3370 γὰρ,
3277 3299 3432 3366 φησὶ,
3475 3298 3622 3365 πρὸς
3650 3302 3760 3353 αὐ·

2179 3393 2312 3460 τὴν,
2360 3393 2562 3445 εἶπεν·
2612 3391 2843 3445 ἐνταῦθα
2880 3391 2936 3443 δὲ
2989 3390 3085 3460 τὴν
3136 3392 3340 3459 ἄφιξιν,
3399 3391 3477 3462 τῷ
3523 3389 3758 3458 ἀπῆλθε

2179 3486 2469 3555 διεσήμανε
2520 3485 2765 3555 ρήματι;
2809 3482 3124 3536 Ἀκόλουθον
3171 3484 3276 3552 γὰρ
3318 3477 3386 3554 ἦν
3431 3484 3521 3535 τὸν
3555 3482 3756 3535 εἴσοδον

2180 3578 2462 3646 εἰρηκότα,
2495 3578 2587 3628 καὶ
2627 3576 2806 3640 ἐξόδου
2844 3575 3171 3646 μεμνῆσθαι.
3214 3575 3402 3627 Διάτί
3436 3572 3527 3627 οὖν
3555 3575 3757 3644 ὲρῤέθη

2178 3667 2236 3719 τὸ
2275 3665 2551 3733 ἀπῆλθε;
2595 3665 2999 3736 Συμϐαίνοντας
3035 3669 3146 3726 τοῖς
3192 3664 3484 3734 πράγμασι
3517 3663 3641 3727 τοὺς
3670 3663 3758 3715 λό-

2178 3776 2308 3826 γους
2345 3761 2372 3812 6
2419 3760 2731 3827 σοφώτατος
2787 3756 3088 3809 διετύπωσε
3135 3756 3371 3816 Λουκᾶς.
3429 3754 3586 3807 Οὕτω
3646 3754 3755 3824 γάρ

2177 3850 2370 3902 ἑαυτὸν
2421 3850 2659 3902 εἰσιόντα
2711 3850 2977 3918 πρότερον
3028 3849 3056 3900 6
3112 3847 3550 3918 ἀρχιστράτηγος
3593 3849 3758 3918 ἐσχη-

2181 3943 2429 4013 μάτισεν,
2467 3942 2541 4005 ὡς
2569 3941 2634 3994 ἂν
2670 3940 3062 4010 παραπλησίαν
3094 3941 3416 4010 ποιούμενος
3446 3938 3756 4010 ἀνθρώποις

2177 4033 2274 4104 τὴν
2301 4033 2525 4094 εἴσοδον.
2559 4034 2633 4102 μὴ
2660 4031 3024 4104 σφοδροτέραν
3064 4033 3340 4102 ἐμποιήσῃ
3367 4031 3463 4102 τὴν
3491 4031 3750 4101 ἀγωνίαν.

2190 4125 2408 4196 Ἐπειδὴ
2452 4111 2507 4176 δὲ
2542 4125 2601 4176 τὸ
2633 4124 2742 4176 πᾶν
2782 4125 3192 4195 άπηρτισμένον
3240 4124 3475 4185 κατεῖδε.
3520 4125 3614 4178 καὶ
3657 4123 3754 4193 τὴν

2178 4217 2277 4286 τῆς
2321 4216 2599 4286 Παρθένου
2659 4215 2899 4269 διάνοιαν
2953 4216 3293 4286 ὑψηλοτέραν
3355 4215 3454 4282 τῆς
3514 4214 3754 4283 φυσικῆς

2178 4309 2498 4370 ἀκολουθίας
2528 4310 2924 4378 γεγενημένην,
2949 4310 3046 4380 τὴν
3067 4309 3273 4362 οἰκείαν
3303 4309 3394 4362 καὶ
3420 4307 3755 4376 κατάλληλον

2177 4401 2327 4470 αὐτῷ
2363 4399 2796 4470 παρεγύμνωσεν
2838 4401 3139 4470 ἐνέργειαν.
3175 4400 3266 4452 Διὸ
3311 4402 3374 4452 ὲκ
3411 4401 3519 4451 τῶν
3550 4398 3754 4467 ταύτης

2179 4492 2428 4555 ἀποπτάς
2468 4491 2782 4562 ὀφθαλμῶν,
2829 4492 2904 4561 τῷ
2962 4491 3359 4562 μετεωροπόρῳ
3399 4493 3495 4559 τῆς
3539 4489 3755 4558 φύσεως

2179 4585 2259 4644 είς
2287 4583 2549 4652 οὐρανοὺς
2583 4584 2877 4653 ἀνέδραμε.
2909 4583 3082 4652 τούτῳ
3129 4582 3227 4652 μὲν
3256 4581 3316 4634 τὸ
3359 4581 3486 4634 ἴδιον
3515 4581 3752 4643 δεικνὺς,

2178 4673 2530 4744 βεϐαιοτέραν
2557 4675 2612 4727 δὲ
2639 4676 2908 4730 καθιστῶν
2939 4676 3035 4746 τὴν
3059 4676 3352 4745 ἱδρυμένην
3380 4673 3751 4743 ἀμεταθέτως.

2248 4969 2372 5022 KB'.
2416 4963 2484 5018 Ὦ
2517 4965 2793 5035 Γαϐριήλί
2831 4957 2941 5016 οἷον
2985 4964 3134 5030 ἡμῖν,
3178 4961 3440 5031 Γαϐριὴλ,
3471 4979 3499 5014 ο
3526 4978 3585 5013 ον
3621 4961 3753 5028 ἡμῖν

2170 5061 2322 5126 ἦκει;
2383 5059 2624 5127 κομίζων
2670 5057 2730 5108 τὸ
2791 5054 3108 5121 εὐαγγέλιον
3150 5055 3161 5105 ε
3226 5054 3356 5114 Οἶας
3407 5053 3609 5122 ἡλυθας
3655 5053 3753 5114 τάς

2172 5151 2491 5220 εὐεργεσίας
2518 5147 3008 5216 ἐταγγελλόμενοςῐ
3055 5148 3188 5213 ὅσην
3209 5146 3306 5214 τὴν
3336 5145 3529 5214 χαρὰν,
3559 5144 3754 5214 ἡλίκην

2170 5247 2267 5313 τὴν
2307 5242 2690 5312 εὐφροσύνηνί
2733 5239 2922 5292 Ἀπιθι
2962 5238 3163 5300 καλῶς,
3200 5239 3227 5288 6
3257 5236 3356 5304 τῆς
3383 5235 3541 5304 ἡμῶν
3577 5237 3755 5304 χαράς

2172 5337 2526 5406 ςαιδρότατος
2575 5333 2994 5403 λαμπαδοῦχος,
3054 5333 3082 5382 ὁ
3131 5327 3614 5399 χαρμονικὼτατος
3655 5326 3753 5378 τοῦ

2177 5429 2480 5498 μυστηρίου
2509 5426 2702 5496 κήρυξ,
2727 5428 2754 5478 6
2778 5425 2874 5492 τῆς
2906 5423 3088 5490 κοινῆς
3119 5421 3457 5492 εὺῇροσύνης
3483 5418 3750 5479 διάκονος.

2173 5526 2197 5573 ὁ
2242 5522 2448 5590 μύστης
2489 5520 2598 5571 τῶν
2650 5519 3003 5586 ριπορῤητων,
3056 5516 3084 5566 ὁ
3136 5515 3232 5583 τῆς
3288 5511 3600 5582 οἰκονομίας
3640 5507 3754 5562 Xst-
