4122 6212
397 311 497 367 Iib'i

1134 307 1416 364 OBA'LiO
1457 308 1535 363 1N
1578 306 2267 368 ANNUNTIATIONEM
2301 308 2406 368 SS.
2445 308 2814 369 DEIPARIE.

3542 313 3648 377 638

394 414 646 482 τουργός.
693 414 820 495 Ἴθι,
866 416 979 476 τοῖς
1020 415 1293 483 οὐρανίοις
1345 417 1683 487 ἀπάγγειλον
1733 420 1830 491 τὴν
1879 420 1973 475 τοῦ

2094 420 2204 476 :mli
2230 421 2404 476 nostri
2447 422 2673 492 gloriam
2707 439 2721 475 :
2768 420 2879 488 abi,
2920 436 3117 477 enarra
3156 421 3495 495 tabernaculi
3537 442 3655 482 am-

400 506 671 575 ἡμετὲρου
695 494 925 573 ούρανοῦ
950 504 1108 569 δόξαν
1134 522 1147 535 ·
1178 506 1272 572 τοι,
1300 507 1367 561 τὰ
1396 506 1498 577 τῆς
1521 508 1977 579 εύρυχωροτέρας

400 599 494 650 καὶ
522 595 855 667 τιμιωτέρας
883 596 1063 650 αὐτῶν
1100 598 1356 668 διήγησαι
1399 598 1610 669 σκηνῆς
1653 599 1935 671 παράδοξα
1960 619 1974 634 ·

398 688 521 741 εἰπὲ
549 688 670 751 ταῖς
716 687 830 757 ἀνω
876 690 1179 760 στρατιαῖς,
1226 691 1397 763 ὅνπερ
1442 692 1499 745 ἐν
1550 692 1689 763 αὐτῇ
1730 692 1977 757 κατεῖδες

400 781 628 835 πλοῦτον
652 796 667 811 ο
717 782 951 849 λάλησον
1000 782 1223 852 Θρόνοις
1265 784 1360 837 καὶ
1412 785 1713 857 Κυριότησι
1764 786 1826 840 τὸ
1877 788 1977 856 τῆς

400 872 690 943 βασιλικῆς
718 873 988 945 καθέδρας
1030 874 1349 945 ὑπέρτιμον,
1385 876 1448 928 τὸ
1490 876 1716 947 πύρινον
1749 880 1848 948 τῆς
1882 877 1976 930 τοῦ

397 963 556 1031 λόγου
589 964 921 1033 σαρκώσεως
947 965 1154 1037 ὄχημα,
1195 965 1293 1038 τὴν
1332 967 1721 1037 πολυόμματον
1744 967 1837 1021 τοῦ
1868 988 1975 1038 μυ-

400 1052 621 1121 στηρίου
647 1054 925 1125 διόπτραν,
950 1056 1049 1124 τὴν
1079 1054 1393 1126 πολύφωτον
1422 1058 1691 1122 παστάδα,
1718 1060 1786 1130 ἢν
1809 1061 1975 1129 ἐνυμ-

402 1144 746 1209 φοττὸλισας,
788 1146 853 1215 ἢν
892 1147 1281 1210 κατεποίκιλας
1315 1148 1392 1217 τῷ
1434 1149 1770 1220 κηρύγματι,
1815 1146 1883 1224 ἧς
1909 1151 1978 1204 τὰ

401 1234 544 1305 ὑπὲρ
588 1235 751 1302 φύσιν
782 1235 1102 1306 ἐθαύμασας
1154 1239 1330 1294 καλά’
1377 1241 1618 1310 μήνυσον
1661 1243 1846 1306 αὐτοῖς
1876 1243 1977 1313 τὴν

403 1326 808 1395 ἀνερμήνευτον
844 1328 937 1381 τοῦ
968 1328 1207 1383 Κτίστου
1255 1331 1504 1402 Μητέρα,
1543 1333 1643 1402 τὴν
1670 1334 1769 1397 τὰς
1795 1333 1978 1388 αὐτῶν

384 1416 836 1493 ,ὑπερϐαίνουσαν
865 1419 1100 1488 νοήσεις,
1131 1422 1232 1492 τὴν
1265 1423 1753 1495 καταπλήττουσαν
1783 1424 1978 1489 αὐτοὺς

404 1509 463 1558 ἐν
495 1506 572 1576 τῷ
602 1507 747 1577 τόκῳ
765 1524 779 1538 ο
800 1495 1077 1579 τράνωοον
1102 1512 1171 1563 τὰ
1200 1511 1402 1584 ταύτης
1428 1515 1713 1583 μεγαλεῖα,
1740 1517 1977 1586 κήρυξον

404 1594 503 1663 τὴν
526 1594 683 1665 ἡμῶν
710 1596 779 1648 δι’
817 1598 989 1667 αὐτῆς
1025 1600 1345 1671 ἀνάκλησιν,
1389 1604 1488 1672 τὴν
1522 1603 1679 1675 ξένην
1706 1592 1978 1673 καταλλα-

402 1687 526 1755 γὴν,
556 1688 656 1754 τὴν
681 1687 970 1757 σύμφωνον
1003 1692 1185 1756 αὐτοῖς
1212 1693 1691 1766 κροτηθησομένην
1718 1703 1937 1769 χορείαν
1957 1714 1974 1729 ’

2079 514 2273 584 plioris
2307 514 2441 582 ipsis
2473 530 2537 569 ac
2572 515 2917 585 pretiosioris
2940 523 3196 585 portenta
3225 534 3238 571 :
3273 533 3411 595 quas
3450 518 3505 572 in
3538 519 3658 590 ipso

2079 604 2302 660 divitias
2345 605 2683 675 suspexeris,
2737 605 2917 677 dicito
2955 607 3212 676 supernis
3266 607 3604 664 exercitibus
3640 626 3655 664 :

2081 697 2287 763 revela,
2317 697 2530 766 explica
2561 697 2802 752 'I‘hronis
2834 706 2891 752 et
2918 698 3398 754 nominationibus
3419 700 3659 755 celsissi-

2079 803 2199 845 mos
2254 789 2388 857 regii
2443 788 2625 843 throni
2659 788 2919 853 honores,
2974 789 3204 858 ignitum
3261 791 3659 845 incarnationis

2080 876 2241 932 Verbi
2262 893 2506 941 currum,
2521 878 2878 933 multocnlum
2896 879 3139 949 mysterii
3160 880 3466 949 speculum,
3488 880 3660 934 thala-

2078 985 2228 1023 mum
2265 968 2718 1035 nitentissimum,
2749 985 2911 1039 quem
2936 970 3005 1024 ad
3040 969 3315 1039 Sponsum
3349 973 3657 1041 suscipien-

2085 1060 2219 1115 dum
2268 1062 2611 1130 prmparasti,
2656 1076 2821 1135 quem
2872 1063 3148 1133 praeconio
3196 1070 3291 1116 tuo
3348 1063 3654 1123 exornasti.

2081 1152 2241 1221 cujus
2264 1150 2780 1223 prmtergredientes
2810 1159 3064 1205 naturam
3122 1150 3511 1219 pra'rogativas
3555 1153 3656 1205 oh-

2081 1240 2379 1309 stnpuisti:
2408 1256 2571 1294 narra
2607 1239 2716 1294 illis
2741 1239 2809 1294 de
2842 1239 3105 1294 ineﬁ‘abili
3132 1239 3413 1296 Creatoris
3461 1239 3655 1303 Matre,

2080 1347 2200 1401 qua:
2226 1330 2620 1401 intelligentiae
2647 1347 2839 1387 eorum
2888 1342 3203 1402 exsuperat,
3231 1349 3352 1401 qum
3371 1342 3528 1402 partu
3557 1347 3659 1386 suo

2076 1437 2135 1480 et
2169 1426 2317 1496 ipsos
2356 1433 2582 1493 stupore
2608 1423 2894 1492 percellit:
2929 1422 3147 1477 declara
3182 1424 3345 1493 hujus
3369 1423 3656 1494 magnalia,

2080 1517 2358 1586 proclama
2391 1526 2658 1579 nostram,
2701 1516 2816 1585 ipsa
2854 1515 3199 1580 mediatrice,
3236 1516 3659 1585 reparationem,

2081 1608 2525 1677 insperatumque
2567 1605 3108 1667 reconciliationem.
3150 1614 3206 1659 et
3239 1604 3495 1659 choream
3533 1619 3664 1658 eon-

2080 1709 2216 1749 sono
2244 1711 2368 1749 cum
2405 1695 2541 1765 ipsis
2574 1695 2767 1766 plausu
2798 1695 3251 1761 instaurandum:
3303 1695 3587 1764 eloquere,
3630 1710 3664 1745 ο

402 1776 546 1841 εἰπὲ,
580 1777 794 1833 ποθεινέ
824 1782 917 1833 καὶ
956 1782 1053 1851 τῆς
1085 1784 1242 1854 ήμῶν
1268 1786 1439 1855 χαρᾶς
1472 1786 1720 1853 κοινωνὲ,
1750 1788 1809 1841 ὲν
1837 1788 1977 1842 τίσιν

2094 1783 2283 1839 iilecte
2325 1799 2388 1839 ac
2428 1785 2603 1839 nostri
2657 1784 2840 1855 gaudii
2877 1800 3127 1849 consors,
3185 1784 3516 1854 quibusnam
3569 1798 3665 1836 eos

404 1867 604 1932 αὐτοὺς
634 1869 1086 1942 πλεονεκτοῦμεν,
1116 1877 1175 1928 ἐν
1204 1875 1307 1928 τίνι
1338 1875 1437 1949 τὴν
1460 1876 1594 1946 πρὸς
1613 1878 1808 1942 αὐτοὺς
1832 1883 1978 1951 mp.

406 1960 601 2028 ῥησίαν
631 1963 971 2034 ἐσχήκαμεν,
1006 1968 1064 2019 ἐν
1100 1966 1208 2018 τίνι
1251 1969 1660 2037 σεμνυνόμενοι,
1696 1970 1974 2038 ἐγκαλλω-

403 2050 677 2119 πζόμεθα
705 2068 721 2085 ⁸
752 2054 1008 2125 κήρυξον,
1058 2059 1239 2111 ὁποῖον
1279 2058 1648 2130 ὴνθοφόρησεν
1693 2062 1725 2129 ὴ
1765 2060 1979 2131 ἀνθρω-

404 2141 538 2195 πεία
567 2142 989 2215 φύσιςκκαρπὺν,
1028 2140 1140 2199 οἷον
1168 2146 1258 2201 τὸν
1287 2147 1517 2202 πλοῦτον
1541 2149 1839 2220 ἀπέθηκεν,
1867 2145 1980 2204 οἷον

405 2230 678 2303 θησαυρὸν
708 2235 1093 2305 ἐταμιεύσατο.
1128 2238 1285 2292 Οὕτω
1316 2240 1618 2312 κηρύττων,
1653 2243 1979 2311 συνευφραί-

404 2340 498 2376 νου
536 2328 605 2398 τῇ
643 2327 800 2396 ἡμῶν
837 2330 1083 2401 σωτηρίᾳ
1110 2346 1124 2359 ·
1182 2332 1362 2386 κοινὸν
1401 2333 1539 2404 ἡγοῦ
1584 2333 1643 2386 τὸ
1672 2334 1773 2403 τῆς
1805 2338 1978 2406 χαρᾶς

406 2420 787 2491 ἀναφαίρετον.
837 2424 947 2476 Καὶ
983 2425 1090 2495 γὰρ
1130 2425 1228 2494 τῆς
1264 2425 1467 2497 ταύτης
1513 2427 1673 2498 μόνος
1717 2428 1978 2483 κεκοινώ-

406 2508 580 2583 νηκας
628 2512 1006 2585 λειτουργίας·
1060 2516 1378 2587 συγχαίρεις
1414 2516 1534 2586 μὲν,
1580 2519 1823 2588 οἴδαμεν,
1858 2521 1981 2583 ταῖς

406 2607 522 2661 ἄνω
559 2610 837 2678 στρατιαῖς
864 2608 951 2663 διὰ
993 2609 1181 2664 τοῦτο·
1231 2611 1346 2664 ἀλλ’
1383 2610 1663 2682 ἐξαίρετον
1689 2615 1850 2683 ἡμεῖς
1882 2615 1980 2686 τὴν

409 2698 586 2769 χαρὰν
615 2701 1008 2772 ἐπιζητοῦμεν,
1040 2702 1108 2774 ἠν
1145 2701 1410 2757 διακονῶν
1448 2706 1727 2772 ἐπεδείξω,
1760 2708 1827 2778 ἦν
1857 2706 1980 2761 ἐϐε-

408 2788 653 2855 6αίωσας
683 2795 795 2857 τοῖς
832 2794 1121 2865 πράγμασι
1147 2814 1162 2827 ·
1187 2799 1390 2865 ταύτην
1422 2798 1693 2867 ἀμείωτον
1722 2798 1983 2870 αἰτοῦμεν

411 2883 802 2957 διατηρεῖσθαι,
842 2886 927 2941 ῖνα
974 2888 1042 2942 τὰ
1070 2889 1169 2960 τῆς
1208 2891 1341 2960 πρὸς
1388 2890 1446 2943 σὲ
1483 2889 1797 2961 παρρησίας
1826 2891 1984 2961 ἡμῶν

416 2975 491 3047 μὴ
527 2978 881 3049 ἀποκλείηται
903 2981 1284 3051 γνωρίσματα,
1312 2983 1399 3035 ἵνα
1424 2983 1484 3035 τὸ
1517 2982 1740 3054 θαῤῥεῖν
1767 2983 1985 3053 ἔχοντες

2087 1876 2270 1930 titulis
2305 1891 2407 1931 nos
2438 1877 2745 1943 vincamus,
2794 1876 2953 1945 cujus
2994 1876 3164 1947 gratia
3214 1892 3339 1933 cum
3394 1875 3502 1930 illis
3537 1889 3668 1944 aga-

2086 1984 2209 2023 mus
2231 1967 2483 2036 ﬁdenter,
2516 1983 2624 2037 qua
2657 1968 2726 2022 de
2750 1983 2917 2025 causa
2949 1967 3272 2038 gloriemur,
3303 1981 3367 2021 ac
3386 1965 3664 2035 superbia-

2085 2076 2241 2114 mus:
2274 2060 2526 2123 enuntia,
2552 2061 2768 2129 qualem
2790 2060 3028 2114 fructum
3054 2059 3296 2113 humana
3317 2069 3508 2113 natura
3533 2073 3664 2127 pro-

2083 2151 2476 2222 germinaverit
2504 2152 2638 2223 (59),
2668 2162 2900 2222 quantas
2923 2152 3028 2208 sibi
3051 2150 3388 2222 congesserit
3416 2149 3657 2212 divitias,

2080 2258 2244 2312 quam
2287 2242 2614 2298 immensum
2663 2244 2763 2299 sibi
2817 2252 2996 2299 servet
3035 2242 3354 2298 thesaurum
3405 2241 3659 2296 recondi-

2082 2342 2217 2388 tum.
2238 2335 2374 2390 Dum
2404 2335 2504 2389 ista
2530 2336 2815 2406 praedicas,
2846 2336 3133 2390 nobiscum
3163 2334 3230 2390 de
3262 2341 3449 2388 nostra
3475 2333 3655 2388 salute

2083 2426 2354 2481 collaztare
2387 2445 2400 2478 :
2440 2442 2690 2481 securam
2732 2427 2899 2497 hujus
2923 2427 3107 2494 gaudii
3134 2425 3538 2497 possessionem
3563 2440 3664 2480 ceu

2085 2533 2430 2573 communem
2458 2516 2730 2573 existima.
2756 2518 2974 2572 Etenim
3017 2527 3071 2572 tu
3113 2518 3264 2573 solus
3292 2518 3396 2593 hoc
3420 2516 3669 2571 ministe-

2085 2610 2227 2667 rium
2273 2611 2503 2665 sortitus
2556 2626 2650 2675 es;
2719 2611 2822 2664 hac
2871 2610 2941 2667 de
2986 2626 3174 2673 causa,
3209 2611 3484 2677 novimus,
3540 2625 3664 2665 cum

2088 2701 2406 2759 coelestibus
2453 2700 2794 2757 exercitibus
2844 2702 3194 2774 congaudes;
3241 2701 3338 2759 sed
3389 2701 3666 2773 singulare

2088 2792 2223 2847 illud
2260 2793 2543 2864 gaudium,
2590 2794 2735 2864 quod
2762 2810 2861 2848 ceu
2917 2794 3128 2865 legatus
3182 2793 3450 2856 indixisti,
3511 2792 3669 2863 cujus

2087 2885 2251 2959 ﬁdem
2284 2886 2443 2943 factis
2483 2887 2847 2951 confirmasti,
2878 2888 3041 2943 nobis
3057 2896 3141 2942 est
3171 2886 3226 2941 in
3257 2885 3573 2952 desiderio;
3606 2895 3669 2938 ut

2087 2977 2195 3034 hoc
2234 2978 2504 3047 integrum
2541 2980 2705 3035 nobis
2733 2989 3005 3039 servetur.
3028 2978 3398 3048 deposcimus,
3435 2993 3504 3033 ne
3568 2992 3669 3032 no-

412 3067 503 3122 διά
528 3070 707 3137 τοῦτο,
743 3073 920 3126 κοινὸν
970 3072 1255 3144 ἐξιλαστήν
1308 3090 1367 3127 σε
1404 3074 1540 3145 πρός
1569 3091 1628 3127 τε
1659 3073 1751 3126 τὸν
1776 3075 1986 3129 Δεσπό-

2094 3076 2218 3142 slva:
2268 3069 2323 3122 in
2387 3085 2439 3124 te
2501 3069 2716 3125 ﬁduciae
2761 3078 3084 3140 argumenta
3137 3070 3669 3140 praecludantur;ut

413 3174 516 3229 την
561 3160 657 3215 καὶ
704 3162 838 3233 πρὸς
892 3163 1059 3234 αὐτὴν
1111 3165 1269 3234 ἡμῶν
1304 3164 1403 3234 τὴν
1450 3167 1623 3236 χαρὰν
1665 3164 1989 3234 προϐαλλοί-

421 3251 581 3320 μεθα.

488 3437 615 3494 ΚΓ.
661 3439 822 3503 Ἀλλ’,
852 3432 897 3491 ὧ
931 3438 1107 3490 κοινὸν
1145 3436 1478 3505 ἀγαλλίαμα,
1500 3430 1545 3489 ὦ
1581 3435 1858 3506 παρῤησία
1897 3435 1991 3499 τοῦ

418 3531 633 3596 γένους,
675 3529 766 3580 τὸν
800 3524 1040 3578 τοιοῦτον
1086 3525 1420 3594 προσιεμένη
1469 3524 1655 3586 πόθον,
1708 3527 1827 3586 ταῖς
1873 3526 1993 3588 σαῖς

419 3617 764 3688 εὐεργεσίαις
794 3614 1044 3685 ἀμείϐου.
1078 3613 1270 3684 Ἡμεῖς
1293 3614 1474 3667 τοίνυν
1501 3614 1551 3667 ei
1578 3613 1713 3681 πρὸς
1739 3613 1995 3667 τοσοῦτον

423 3706 833 3776 ἀναδραμόντες
872 3704 1025 3775 ὕψος,
1067 3704 1165 3756 καὶ
1217 3703 1305 3757 διὰ
1358 3702 1452 3757 σοῦ
1496 3704 1595 3775 τὴν
1628 3702 1736 3757 τῶν
1774 3703 1995 3771 ἀγαθῶν

423 3797 968 3866 καταπλουτήσαντες
1038 3795 1334 3864 ἀφθονίαν,
1406 3796 1573 3866 μηδὲν
1634 3795 1849 3866 ἔχοντες
1915 3797 1995 3859 είς

421 3889 657 3961 ἀμοιδὴν
688 3887 1050 3959 προϐαλέσθαι
1078 3886 1301 3949 τούτων,
1334 3890 1482 3958 ὅμως
1512 3886 1763 3951 τοιαύτας
1790 3904 1870 3940 σοι
1897 3889 1995 3951 τάς

424 3982 702 4052 εὐφημίας
734 3979 1122 4051 διαπλέκομεν.

494 4072 691 4141 Χαῖρε,
719 4071 817 4141 τῆς
864 4068 1267 4134 καταπτώσεως
1315 4069 1541 4143 ήμῶνή
1589 4071 1995 4142 ἐπανόρθωσις·

426 4166 608 4236 χαῖρε,
633 4161 703 4216 δι’
724 4158 792 4235 ἦς
818 4163 953 4234 πρὸς
978 4161 1039 4216 τὸ
1066 4163 1167 4231 τῆς
1198 4161 1455 4231 γνώσεως
1482 4163 1801 4234 ἀνήχθημεν
1827 4163 1960 4233 ὕψος
1978 4181 1993 4197 ο

424 4261 606 4328 χαῖρε,
658 4254 1023 4326 ὑπερκείμενα
1073 4255 1291 4325 ούρανέ,
1340 4255 1409 4309 δι’
1464 4249 1524 4310 οὗ
1572 4256 1683 4310 τῶν
1734 4258 2001 4329 οὐρανίων

429 4349 864 4421 κατατρυφῶμεν
892 4347 1183 4417 θησαυρῶν
1207 4363 1222 4377 ο
1256 4350 1437 4417 χαῖρε,
1471 4347 1781 4417 βασίλισσα,
1827 4350 1897 4403 δι’
1933 4344 2003 4422 ἦς

428 4444 562 4513 ἡμῖν
586 4445 619 4511 ἡ
647 4442 922 4512 ἀκήρατος
949 4441 1142 4512 ἠνοίγη
1171 4440 1414 4511 βασιλεία
1432 4458 1446 4471 ·
1474 4444 1651 4511 χαῖρε,
1677 4443 1774 4512 τῆς
1795 4443 2004 4508 ἀνθρω-

432 4538 594 4605 πίνης
626 4535 844 4604 φύσεως
888 4536 921 4603 ἡ
965 4534 1228 4603 εύφορία·
1260 4537 1439 4604 χαῖρε,
1487 4534 1586 4603 τῆς
1641 4534 1751 4587 τῶν
1785 4536 2005 4603 ἀγαθῶν

436 4627 706 4697 μεθέξεως
734 4628 769 4697 ἡ
798 4624 1027 4694 ἀφθονία
1051 4641 1066 4656 ο
1094 4627 1273 4696 χαῖρε,
1295 4628 1324 4679 ὁ
1351 4626 1623 4697 θησαυρὸς
1648 4629 1675 4680 6
1702 4625 1968 4696 ἀσύλητος
1986 4642 2001 4657 ⁸

433 4722 613 4790 χαῖρε,
648 4719 676 4771 6
710 4717 939 4781 πλοῦτος
968 4716 996 4768 6
1029 4716 1388 4786 ἀναφαίρετος
1411 4733 1426 4747 ·
1460 4718 1638 4789 χαῖρε,
1673 4717 1844 4789 τροφὴ
1873 4719 2004 4775 ἁδα-

436 4813 679 4881 πάνητε·
710 4811 888 4880 χαῖρε,
932 4807 1112 4878 τρυφὴ
1162 4806 1495 4877 ἀνεκλάλητε
1524 4823 1538 4837 °
1579 4808 1758 4877 χαῖρε,
1807 4805 2007 4877 βρῶσις

438 4902 630 4967 ἀείζωε
655 4916 667 4931 ⁰
698 4904 876 4972 χαῖρε,
905 4898 1055 4968 πόμα
1084 4898 1342 4966 νηφάλιον
1368 4915 1383 4930 ο
1408 4900 1439 4968 η
1484 4897 1761 4966 διῲωμένη
1802 4898 2009 4964 ἔφεσις,

441 4997 475 5063 ὴ
510 4989 821 5060 ὲπιθυμητὴ
858 4987 1093 5059 μέθεξις,
1145 4987 1205 5040 τὸ
1252 4989 1480 5055 ταμεῖον
1527 4986 1635 5039 τῶν
1672 4987 1914 5053 ἀγαθῶν,
1951 4987 2011 5039 τὸ

439 5085 745 5148 διαιωνίζον
797 5080 1144 5151 ἐντρύφημα,
1186 5081 1220 5148 ἡ
1272 5079 1630 5149 ἀτελεύτητος
1682 5078 2010 5147 εὐφροσύνη,

439 5174 501 5225 τὸ
532 5171 779 5243 διηνεκὲς
808 5167 1153 5238 Χριστιανῶν
1204 5167 1538 5237 ἀγαλλίαμα,
1574 5169 1607 5238 ἡ
1639 5167 2013 5236 πολυπόθητος

439 5268 549 5321 τῶν
586 5282 642 5318 σε
671 5263 977 5320 ποθούντων
1007 5263 1170 5335 χαρά.
1204 5261 1420 5324 Ταύτας
1451 5278 1544 5315 σου
1576 5261 1674 5324 τὰς
1695 5260 2014 5331 εὐεργεσίας

513 5384 626 5451 (59)
651 5384 768 5440 Jam
803 5382 936 5437 alias
966 5381 1306 5441 advertimus
1336 5380 1565 5451 (ingnot.
1609 5381 1679 5451 ad
1707 5381 1736 5451 §
1766 5380 1833 5435 ιθ
1857 5380 2007 5435 Orat.

442 5449 838 5524 Petri‘Argivi,
892 5460 1034 5524 part.
1068 5467 1105 5513 ι,
1156 5449 1478 5524 pag.__I5_6),
1518 5449 1730 5513 bonum
1769 5451 2008 5505 fructum

446 5532 579 5578 tunc
624 5519 756 5577 vcr'o
779 5519 1015 5593 quodam
1048 5519 1212 5593 sensu
1243 5519 1408 5573 tribui
1437 5528 1648 5593 natura:
1671 5535 1852 5589 posse,
1885 5534 2010 5593 cum

448 5594 625 5648 bonus
662 5609 692 5646 a
721 5588 817 5647 sua
846 5591 1057 5661 origine
1078 5589 1291 5661 fructus
1315 5588 1582 5661 exstiterit
1622 5607 1635 5641 :
1668 5588 1830 5645 Secns
1862 5591 2009 5661 enim

446 5663 677 5717 eﬁ‘ectns
702 5662 922 5731 quidem
942 5658 1155 5731 deinde
1180 5659 1355 5712 bonus
1380 5658 1484 5712 dici
1520 5668 1738 5731 posset;
1764 5667 1837 5731 at,
1862 5660 2011 5731 quod

449 5733 517 5786 ad
565 5729 817 5787 naturam
854 5729 1250 5800 producentem
1304 5737 1536 5797 spectat,
1583 5729 1759 5782 malus
1792 5730 1859 5783 ab
1897 5729 2014 5797 ipsa

2091 3166 2380 3227 propterea
2427 3159 2660 3216 fidenter
2693 3161 3038 3225 accedentes,
3079 3176 3429 3219 communem
3459 3170 3511 3215 te
3537 3176 3667 3229 pro-

2091 3250 2403 3318 pitiatorem
2456 3251 2602 3320 apud
2655 3251 2944 3305 Dominum
3007 3261 3064 3306 et
3092 3251 3238 3319 apud
3298 3250 3433 3304 illud
3488 3251 3665 3321 ipsum

2092 3341 2350 3409 gaudium
2383 3350 2632 3394 nostrum
2680 3341 2928 3411 proferre
2950 3341 3246 3409 possimus.

2164 3427 2354 3481 XXIII.
2391 3428 2471 3482 Tu
2522 3445 2675 3496 vero,
2717 3445 2750 3483 ο
2795 3429 3109 3497 communis
3144 3428 3391 3483 omnium
3432 3429 3673 3487 exsulta-

2098 3518 2193 3585 tio,
2225 3534 2257 3573 ο
2280 3520 2497 3590 generis
2529 3521 2751 3576 humani
2783 3521 3003 3585 ﬁducia,
3055 3520 3369 3591 hujnsmodi
3412 3520 3669 3577 affectum

2096 3620 2306 3683 gratum
2361 3612 2570 3667 habens
2608 3613 2691 3668 fac
2724 3612 2900 3682 ipsum
2944 3612 3227 3668 beneﬁciis
3277 3612 3386 3667 tuis
3431 3611 3670 3668 vicissim

2096 3705 2363 3760 cumules.
2401 3705 2481 3761 Ad
2515 3715 2720 3761 tantam
2755 3707 2937 3776 itaque
2966 3707 3141 3762 evecti
3173 3707 3580 3772 celsitudinem,
3610 3723 3675 3763 ac

2096 3796 2368 3851 bonorum
2402 3798 2557 3868 copia
2589 3814 2689 3868 per
2735 3806 2786 3853 te
2814 3798 3158 3869 locupletati,
3198 3814 3324 3854 cum
3354 3799 3493 3853 nihil
3529 3815 3674 3869 prae-

2099 3899 2185 3947 sto
2215 3887 2374 3942 nobis
2405 3888 2495 3951 sit,
2530 3904 2639 3958 quo
2670 3904 2856 3959 parem
2888 3904 2989 3959 pro
3024 3890 3110 3944 his
3140 3888 3368 3960 gratiam
3406 3888 3675 3961 rependa-

2100 3994 2243 4044 inus,
2268 3980 2431 4053 hasce
2450 3980 2805 4034 nihilominus
2832 3980 2927 4034 tibi
2952 3979 3127 4032 laudis
3144 3962 3381 4033 coronas
3410 3978 3675 4032 teximns.

2169 4068 2305 4133 Ave,
2333 4068 2505 4123 ruinae
2532 4078 2731 4124 nostra:
2754 4067 3028 4138 reparatio
3052 4068 3162 4138 (60)
3189 4084 3202 4120 :
3235 4082 3356 4132 ave,
3389 4084 3486 4137 per
3510 4084 3673 4136 quam

2101 4160 2168 4227 ad
2214 4160 2494 4235 sapientiae
2539 4160 2937 4216 sublimitatem
2987 4160 3199 4215 reducti
3256 4176 3446 4216 sumus
3490 4178 3503 4214 :
3553 4176 3677 4227 ave,

2102 4254 2301 4309 omium
2338 4252 2490 4307 ccelis
2529 4252 2860 4323 praecelsius,
2887 4268 2986 4324 per
3031 4251 3179 4322 quod
3202 4253 3517 4310 cmlestibus
3565 4253 3683 4308 the-

2104 4345 2283 4399 sauris
2311 4343 2644 4413 perfruimur
2671 4360 2684 4397 :
2708 4358 2827 4407 ave,
2847 4358 2880 4398 ο
2900 4342 3108 4412 regina.
3135 4359 3233 4412 per
3259 4360 3420 4413 quam
3453 4360 3678 4413 regnum

2113 4435 2468 4505 corruptione
2491 4434 2729 4488 liberum
2756 4433 2919 4489 nobis
2945 4442 3199 4504 apertum
3228 4445 3311 4489 est
3340 4451 3353 4488 :
3380 4451 3499 4500 ave,
3524 4451 3558 4489 o
3582 4450 3683 4489 na-

2115 4536 2258 4580 turae
2284 4527 2537 4579 humana:
2571 4524 2799 4579 ubertas
2829 4543 2841 4578 :
2870 4540 2991 4590 ave,
3023 4540 3056 4578 o
3085 4524 3375 4579 abundans
3414 4528 3680 4589 bonorum

2111 4617 2461 4689 participatio
2498 4636 2510 4670 :
2549 4632 2671 4682 ave,
2711 4618 3002 4672 thesaurus
3036 4617 3332 4683 inviolatus
3378 4635 3391 4670 :
3436 4630 3555 4677 ave,
3601 4615 3688 4669 di-

2110 4711 2367 4764 vitiarum
2400 4710 2680 4777 epulentia
2702 4708 3029 4778 direptionis
3052 4708 3231 4772 nescia
3257 4726 3271 4761 :
3299 4723 3420 4769 ave,
3452 4707 3684 4769 aliamn-

2112 4810 2228 4855 tum
2269 4801 2586 4856 iudeﬁciens
2624 4819 2637 4853 :
2679 4815 2801 4865 ave,
2834 4799 3095 4854 delicium
3120 4799 3488 4871 inenarrabile
3524 4814 3685 4863 :ave,

2114 4893 2271 4947 cibus
2288 4909 2505 4962 semper
2530 4893 2722 4947 vivens
2744 4908 2757 4944 :
2780 4907 2902 4953 ave,
2930 4901 3093 4960 potus
3111 4891 3427 4953 sobrietatis
3445 4906 3643 4961 parens
3672 4911 3684 4944 :

2113 5000 2234 5047 ave,
2264 4985 2560 5039 vehemens
2588 4984 2834 5038 omnium
2865 4983 3218 5047 desiderium,
3247 4971 3535 5052 concupita
3565 4999 3689 5053 par-

2112 5077 2377 5145 ticipatio,
2418 5076 2686 5131 bonorum
2764 5075 3244 5145 promptuarinm,
3321 5066 3693 5128 oblectamen-

2121 5178 2236 5222 tum
2289 5182 2568 5237 nunquam
2622 5168 2957 5238 elanguens,
3006 5167 3193 5221 laetitia
3225 5167 3436 5221 nullum
3480 5166 3693 5233 habens

2129 5259 2315 5324 ﬁnem,
2340 5260 2485 5328 jngis
2525 5258 2961 5323 Christianorum
2991 5258 3301 5321 exsultatio,
3331 5256 3689 5312 desideratis-

2114 5377 2393 5461 prodiisse
2437 5377 2741 5457 diceretur.
2773 5376 2929 5456 Quod
2980 5375 3688 5461 ergo‘eximium.t‘rjtctum

2112 5444 2313 5515 Statura
2344 5447 2545 5518 dicitur
2569 5444 3129 5518 ‘progerminas‘sefid
3158 5447 3348 5518 exigit,
3375 5454 3437 5499 ut
3459 5444 3631 5518 Maria
3662 5461 3696 5498 a

2120 5518 2420 5587 suaipsius
2444 5514 2654 5587 origine
2685 5514 2920 5571 eximius
2949 5514 3472 5587 fructupsrprz'edicari
3502 5524 3688 5587 queat.

2195 5586 2315 5657 (60),
2358 5584 2739 5657 Atqni'ruinaz
2775 5587 3069 5657 reparatio.
3092 5584 3189 5657 uti
3214 5593 3389 5657 patet,
3415 5584 3470 5638 in
3499 5585 3691 5640 eadem

2124 5653 2490 5727 rni'na'jacens
2520 5656 2673 5711 nullo
2697 5653 2859 5727 modo
2889 5656 3101 5727 censeri
3126 5653 3323 5727 potest.
3354 5653 3483 5727 Qua:
3506 5662 3693 5709 autem

2122 5729 2209 5781 hic
2251 5734 2337 5780 est
2368 5726 2528 5780 ruina
2557 5736 2763 5791 nostra,
2798 5726 2901 5780 nisi
2938 5723 3201 5793 Iap‘susin
3226 5723 3475 5787 Adamn?
