4130 6202
510 347 614 415 659

1774 359 2033 420 I.\COBI
2075 362 2423 427 MONACIH

3671 376 3780 439 (60

514 458 714 518 simum
750 471 801 517 te
838 463 1272 519 desiderantium
1305 467 1588 537 gaudium.
1618 468 1734 524 Tua
1764 471 1881 527 haec
1911 472 2086 529 bene~

2208 482 2503 548 ἱμειὼτους
2546 483 2841 557 εὐδόκησον
2892 486 3316 559 συντηρηοῆναι.
3367 489 3552 554 Δεῖξον
3588 488 3654 561 δὴ
3686 492 3772 544 καὶ

517 553 657 619 licia,
703 553 787 608 fac
823 552 1109 617 benevole,
1157 566 1217 611 ut
1251 558 1384 613 nihil
1437 561 1727 625 imminuta
1761 578 2095 621 conserven-

517 654 625 700 tur.
669 646 723 700 ln
756 644 861 701 hoc
902 662 1121 716 quoque
1152 651 1501 720 amplissimae
1528 655 1716 724 gratiae
1749 664 1855 709 tua:
1887 671 2094 724 praero-

513 738 745 807 gativam
799 737 1026 791 ostende
1079 755 1093 803 ;
1127 732 1355 809 peFinde
1381 744 1526 797 enim
1555 753 1660 809 est,
1695 744 1962 800 beneficia
1996 762 2095 816 per

517 835 567 880 le
602 826 763 882 nobis
808 829 872 882 ad
910 827 1288 886 defensionem
1321 844 1565 889 nostram
1603 836 1864 901 conferri,
1897 844 1953 890 et
1982 838 2093 907 jam

514 921 708 976 collata
760 922 959 978 intacta
1000 928 1289 991 custodiri,
1334 930 1389 983 in
1427 931 1650 987 Christo
1691 931 1830 987 Jesu'
1866 932 2095 989 Domino

517 1021 725 1078 nostro,
754 1015 840 1069 cui
870 1016 1043 1085 gloria
1072 1018 1126 1070 iu
1159 1020 1372 1074 saecula.
1401 1020 1593 1076 Amen.

1126 1154 1383 1210 ORATIO
1426 1155 1485 1211 V.

514 1257 578 1315 In
608 1259 775 1317 illud:
802 1283 819 1314 ι
853 1267 1155 1338 Exsurgens
1177 1278 1353 1323 autem
1378 1270 1548 1325 Maria
1569 1274 1622 1325 in
1645 1273 1823 1327 diebus
1841 1275 1944 1329 illis
1970 1276 2098 1330 abiit

733 1354 784 1407 in
810 1365 1062 1410 montana
1085 1374 1203 1410 cum
1239 1360 1576 1426 festinatione
1597 1362 1665 1427 '°,
1706 1380 1723 1413 ι
1762 1371 1872 1417 elc.

590 1525 627 1579 1.
692 1526 1015 1597 Quicunque
1077 1529 1390 1585 vehementi
1447 1548 1660 1597 eormn,
1713 1550 1854 1604 quos
1901 1535 2099 1591 charos

520 1616 743 1681 habent,
781 1621 979 1675 affectu
1012 1622 1287 1687 feruntur,
1323 1624 1650 1695 illorumque
1676 1642 1851 1697 usque
1887 1645 2098 1685 memo-

518 1724 607 1764 res
630 1725 750 1766 esse
780 1712 1121 1781 discupinnt,
1148 1730 1257 1768 non
1289 1715 1463 1769 solum
1495 1717 1788 1787 imaginem
1811 1734 2000 1774 eorum
2040 1719 2094 1773 in

2195 572 2254 623 ἐν
2277 570 2453 639 τούτῳ
2468 572 2535 625 τὰ
2554 574 2651 642 τῆς
2673 573 2909 641 ἀφθόνου
2932 592 3024 628 σου
3055 578 3281 646 χάριτος
3304 577 3600 651 πλεονεκτή
3612 598 3781 649 ματα·

2199 660 2314 715 ἴσον
2358 663 2467 732 γάρ
2498 666 2666 726 ἐστιν,
2719 667 2801 730 εἰς
2844 666 3131 738 ἀντίληψιν
3175 667 3237 722 τὺ
3270 669 3359 723 διὰ
3405 668 3498 725 σοῦ
3533 689 3776 744 παραγε-

2196 753 2383 808 νέσθαι
2410 756 2632 822 ταύτας,
2667 759 2761 812 καὶ
2794 761 3254 831 παραγενομένας
3297 762 3562 833 ἀκεραίας
3586 765 3780 834 διαφυ-

2197 845 2510 913 λάττεσθαι,
2552 852 2610 903 ἐν
2644 851 2866 922 Χριστῷ
2913 852 3084 922 Ἰησοῦ
3116 852 3193 924 τῷ
3227 855 3416 927 Κυρίῳ
3453 856 3632 928 ἡμῶν,
3664 852 3708 926 ᾧ
3745 859 3777 927 ἡ

2198 939 2325 1003 δόξα
2352 942 2431 1005 είς
2459 943 2584 1006 τοὺς
2618 942 2844 1007 αἰῶνας.
2889 945 3085 1015 Ἀμήν.

2836 1163 3053 1215 ΛΟΓΟΣ
3090 1164 3161 1215 ιζ’.

2203 1278 2303 1339 Εἰς
2341 1277 2427 1337 τὸ,
2473 1294 2489 1324 ι
2529 1275 2864 1330 Ἀναστᾶσα
2897 1276 2966 1328 δὲ
3002 1275 3235 1344 Μαριὰμ
3269 1275 3341 1326 ἐν
3373 1274 3502 1339 ταῖς
3536 1272 3776 1342 ἡμέραις

2270 1346 2550 1411 ἐκείναις.
2580 1346 2875 1414 ἐπορεύθη
2898 1349 2984 1412 εἰς
3003 1345 3121 1414 τὴν
3146 1344 3390 1412 ὀρεινὴν
3408 1347 3560 1413 μετὰ
3589 1362 3776 1398 σπου-

2272 1414 2404 1483 δῆς,
2438 1436 2456 1466 ι
2503 1433 2556 1471 κ.
2588 1434 2635 1469 τ.
2668 1415 2716 1469 λ.

2270 1532 2347 1584 A'.
2379 1530 2441 1581 Οἱ
2497 1530 2701 1598 σφόδρα
2748 1527 2858 1582 τῶν
2898 1530 3192 1599 ἐρωμένων
3247 1531 3431 1592 αὐτοῖς
3479 1531 3776 1599 ἐφιέμενοι,

2201 1624 2292 1676 καὶ
2325 1623 2391 1692 τῇ
2421 1621 2626 1674 τούτων
2657 1623 2848 1692 μνήμῃ
2894 1624 3134 1675 συνεῖναι
3177 1621 3442 1692 διηνεκῶς
3470 1620 3777 1686 ποθοῦντες,

2199 1715 2261 1768 οὐ
2305 1715 2466 1783 μόνον
2522 1715 2579 1766 ἐν
2633 1712 2843 1783 διανοίᾳ
2894 1714 2994 1784 τὴν
3040 1714 3222 1767 αὐτῶν
3268 1713 3601 1768 ἀνατυποῦσι
3631 1714 3776 1773 θέαν,

520 1808 705 1854 tuente
739 1800 842 1853 sibi
876 1800 1156 1872 ellingunt,
1185 1811 1242 1858 et
1276 1814 1595 1874 conceptam
1628 1806 1811 1861 animo
1852 1809 2091 1878 speciem

2208 1804 2297 1858 καὶ
2344 1804 2595 1871 καθάπερ
2646 1806 2703 1855 ὲν
2758 1804 2945 1856 πίνακι
2994 1803 3054 1855 τὸ
3105 1804 3513 1873 φανταζόμενον
3568 1805 3778 1857 ἀνιστο-

518 1892 690 1944 veluti
732 1892 785 1945 in
834 1894 1016 1946 tabula
1052 1911 1370 1963 expressam
1416 1898 1717 1961 intuentes,
1755 1908 2095 1955 venustatem

520 1980 665 2052 ejus,
699 1998 863 2052 quem
909 1983 1166 2054 diligunt,
1198 1988 1265 2041 ad
1312 1990 1493 2043 vivum
1520 1990 1622 2043 sibi
1662 2001 2094 2060 repraesentant;

520 2071 616 2124 sed
643 2071 869 2141 insuper
891 2074 934 2127 si
963 2073 1094 2142 quid
1119 2076 1364 2144 praeclari
1395 2077 1462 2131 de
1494 2078 1623 2143 illis,
1652 2080 1695 2134 si
1724 2095 1860 2149 quas
1903 2095 2094 2134 eorum

518 2177 606 2217 res
663 2163 812 2217 laeta;
881 2164 990 2235 jam
1041 2167 1337 2229 audierint,
1367 2185 1542 2236 eaque
1592 2172 1873 2225 memoria:
1914 2171 2093 2226 defixa

518 2255 886 2317 servaverint,
951 2257 1051 2311 ista
1075 2274 1292 2328 quoque
1347 2262 1533 2315 animo
1581 2263 1751 2317 veluti
1794 2264 2090 2333 amplexati

520 2362 739 2417 semper
762 2348 1195 2419 circumquaque
1214 2366 1400 2406 secum
1425 2352 1628 2408 ferunt.
1646 2355 1775 2409 Inde
1800 2357 1944 2409 enim
1967 2356 2104 2424 ipsis

518 2455 649 2494 sane
670 2439 1011 2496 uberrimum
1040 2444 1323 2513 percipere
1354 2445 1481 2500 licet
1503 2448 1799 2515 voluptatis
1831 2446 2093 2509 fructum,

518 2531 760 2598 quando,
816 2532 948 2588 licet
1002 2535 1126 2588 illos
1166 2550 1352 2590 secum
1396 2536 1599 2590 habere
1650 2538 1939 2606 loquentes
1990 2555 2099 2593 non

520 2623 751 2689 possint,
802 2625 1044 2694 ipsorqu
1082 2627 1275 2681 saltem
1330 2627 1497 2681 verba
1529 2643 1696 2697 penes
1730 2644 1787 2682 se
1824 2628 2098 2695 retinent;

518 2710 687 2781 iitq‘ue
732 2726 1045 2785 propterea,
1092 2727 1152 2772 ut
1184 2733 1377 2786 magna
1421 2734 1546 2773 cum
1593 2719 1871 2788 voluptate
1896 2718 2103 2788 jugiter

2202 1897 2423 1969 ροῦντες
2471 1894 2632 1959 εἶδος,
2679 1896 2778 1965 τὴν
2816 1894 2906 1948 τοῦ
2959 1896 3297 1966 ποθουμένου
3339 1895 3777 1966 διαζωγραφοῦσι

2199 1990 2559 2059 λαμπρότητα
2585 2004 2599 2017 ο
2628 1988 2765 2041 ἀλλὰ
2794 1988 2889 2039 καὶ
2913 1986 2969 2039 εἴ
2993 2005 3045 2039 τι
3066 1989 3315 2053 γενναῖον
3346 1988 3440 2040 καὶ
3461 1986 3776 2058 περιχαιρὲς

2202 2082 2382 2140 αὐτοῖς
2418 2079 2651 2151 ἐρρήθη,
2681 2079 2777 2131 καὶ
2811 2080 3005 2151 μνήμῃ
3036 2077 3306 2149 φυλαχθὲν
3340 2077 3660 2148 διετηρήθη,
3689 2077 3779 2129 καὶ

2202 2173 2361 2225 τοῦτο
2386 2170 2868 2241 κατασπαζόμενοι
2912 2173 2999 2225 ἀεὶ
3032 2174 3338 2240 πανταχόσε
3370 2171 3776 2239 περιφέρονται.

2207 2265 2366 2318 Ἔστι
2393 2266 2500 2334 γὰρ
2531 2265 2586 2316 δὲ
2639 2261 2940 2315 κάντεῦθεν
2985 2262 3243 2331 πλείστην
3282 2262 3414 2331 ὅσην
3456 2260 3652 2322 αὐτοὺς
3684 2258 3780 2327 τὴν

2205 2358 2399 2426 ἡδονὴν
2430 2354 2797 2425 καρποῦσθαι,
2831 2356 2959 2416 τοὺς
2990 2355 3182 2422 λόγους
3207 2354 3325 2405 ἀντὶ
3348 2352 3456 2405 τῶν
3485 2351 3782 2421 εἰρηκότων

2207 2449 2537 2517 κατέχοντας
2558 2462 2572 2476 ·
2613 2446 2691 2498 διὸ
2724 2446 2820 2497 καὶ
2864 2444 3248 2513 συνηδομένοις
3280 2443 3461 2504 αὐτοῖς
3496 2439 3783 2509 συμϐαίνει

2207 2538 2306 2607 τὴν
2345 2537 2525 2591 αὐτῶν
2557 2535 2854 2600 ἀνάπτυξιν
2889 2533 3155 2604 διηνεκῶς
3188 2532 3477 2596 ποιεῖσθαι,
3507 2529 3642 2600 όμοῦ
3683 2529 3782 2599 μὲν

2209 2626 2778 2695 ἑγκαλλωπιζομένοις
2813 2627 3020 2691 αὐτοῖς,
3068 2628 3203 2694 ὁμου
3237 2624 3294 2678 δὲ
3343 2626 3436 2677 καὶ
3465 2623 3525 2676 τὸ
3561 2622 3783 2693 φίλτρον

2206 2717 2466 2782 ἁναζωπυ
2476 2717 2568 2788 ροῦ
2580 2735 2628 2769 σι
2654 2714 2761 2771 τῶν
2791 2717 2945 2786 φιλου
2954 2716 3153 2783 μένων.

517 2822 581 2859 εει
630 2818 812 2863 mente
859 2812 1136 2875 evolvant,
1182 2811 1342 2865 simul
1372 2813 1632 2867 videlicet
1661 2811 1729 2868 de
1799 2809 1993 2866 iisdem
2030 2811 2136 2868 sibi
2177 2811 2478 2882 placentes,
2534 2811 2808 2880 simulque
2857 2825 3016 2864 suum
3083 2823 3210 2879 erga
3253 2808 3486 2863 dilectos
3541 2819 3781 2862 amorem

521 2912 665 2951 novo
699 2913 918 2969 semper
955 2901 1078 2971 igne
1117 2902 1496 2957 incendentes.

590 2990 730 3046 Cum
776 2992 964 3061 itaque
993 2992 1211 3047 aﬂectio
1239 3010 1367 3065 erga
1396 3010 1482 3059 ea,
1506 3010 1628 3064 qua:
1651 2994 1857 3065 alioqui
1879 3004 1935 3051 et
1958 2996 2099 3049 ﬂuxa

2292 2992 2448 3045 Ἐπεὶ
2474 3006 2567 3044 ουν
2599 2990 2630 3060 ἡ
2663 2987 2772 3042 τῶν
2798 2985 3109 3040 σκεδαστῶν
3134 3002 3195 3037 τε
3224 2985 3319 3037 καὶ
3346 2984 3475 3053 ῥᾷον
3497 2977 3783 3047 διαλυομέ-

521 3095 650 3137 sunt
683 3091 739 3137 et
768 3092 875 3137 tam
913 3084 1075 3139 facile
1112 3084 1395 3140 intereunt
1425 3126 1439 3151 ,
1477 3102 1586 3140 non
1630 3088 1803 3157 possit
1834 3087 2101 3158 ejusmodi

2211 3102 2318 3140 νων
2350 3085 2532 3153 σχέσις
2562 3081 2750 3134 τοῦτον
2780 3078 2926 3149 ἔχειν
2953 3076 3427 3146 καταναγκάζεται
3448 3074 3537 3126 τὸν
3561 3070 3780 3142 τρόπον,

519 3176 766 3231 ιιώίιιιιιι
798 3192 907 3230 non
943 3176 1207 3232 inducere
1237 3195 1251 3245 ;
1289 3188 1557 3248 quantum
1593 3179 1877 3234 enimvero
1903 3179 2106 3235 amoris

430 3294 437 3299 -
520 3270 572 3320 vi
599 3269 823 3339 astringi
854 3284 949 3323 eos
994 3269 1295 3338 continget,
1343 3271 1435 3341 qui
1468 3271 1763 3341 purissimo
1787 3270 1932 3325 illius
1955 3270 2105 3325 omni

519 3359 683 3415 laude
715 3359 1045 3430 dignissima:
1076 3359 1350 3413 desiderio
1396 3376 1492 3414 cor
1538 3361 1784 3414 saucium
1820 3358 2105 3414 habeant?

524 3452 677 3508 lotus
705 3453 851 3507 enim
897 3452 1131 3522 ﬂagrant
1157 3451 1471 3506 dilectionis
1500 3452 1645 3523 igne,
1672 3452 1766 3522 qui
1798 3463 1855 3507 et
1880 3451 1949 3507 ad
1980 3465 2101 3506 eam

517 3545 726 3614 jugiter
770 3544 1271 3611 contemplandam,
1300 3553 1355 3598 et
1395 3542 1462 3597 ad
1496 3544 1742 3614 ejusdem
1778 3544 1924 3598 dicta
1977 3558 2104 3612 per-

527 3641 779 3687 amantcr
841 3632 1028 3685 animo
1083 3634 1384 3686 evolvenda
1424 3634 1548 3689 illos
1575 3635 1799 3691 excitat.
1851 3633 2105 3700 Quando-

526 3724 747 3792 quidem
770 3737 901 3791 ergo
927 3737 1274 3776 communem
1305 3724 1465 3778 nobis
1486 3727 1745 3781 omnibus
1775 3726 2104 3780 laudabilem

530 3816 678 3867 hunc
722 3812 976 3866 allectum
1011 3814 1190 3866 inesse
1227 3813 1489 3878 arbitror,
1528 3830 1686 3870 sensa
1713 3831 1956 3886 quoque,
1983 3833 2105 3886 quae

527 3907 672 3959 circa
714 3905 948 3975 idipsum
997 3904 1352 3969 oboriuntur,
1382 3908 1696 3961 communia
1740 3906 1970 3963 dicenda
1992 3909 2110 3963 exi.

527 3997 711 4052 stimo.
739 3995 894 4063 Quod
921 3996 965 4051 si
990 3996 1045 4051 in
1075 3997 1257 4051 verbis
1286 3999 1590 4070 (Virginis),
1618 4017 1739 4069 quae
1800 4016 1911 4070 pra:
1934 4001 2108 4054 mani-

530 4091 936 4156 hushabemus,
967 4092 1249 4162 quidpiam
1275 4092 1417 4148 ferte
1446 4106 1720 4159 occurrat,
1744 4093 1889 4163 quod
1921 4094 2105 4147 minus

528 4182 927 4237 convenienter
950 4198 980 4236 a
1003 4184 1192 4253 regina
1221 4193 1410 4239 nostra
1442 4185 1552 4255 (6|)
1583 4185 1791 4240 dictum
1820 4185 2103 4251 videatur;

530 4275 765 4327 Inuitum
796 4273 1047 4341 profecto
1076 4274 1307 4340 laboris,
1337 4277 1571 4333 multum
1602 4278 1896 4349 diligentiae
1920 4278 1975 4332 in
2004 4278 2112 4334 illis

532 4362 928 4432 investigandis
953 4365 1334 4435 impendamus
1357 4384 1582 4424 necesse
1603 4378 1707 4433 est,
1732 4367 1903 4438 probe
1928 4368 2111 4423 scien-

2215 3181 2388 3249 πόσην
2413 3177 2637 3239 εἰκότως
2664 3177 2776 3239 τοῖς
2804 3173 2882 3243 τῷ
2907 3173 3281 3244 καθαρωτάτῳ
3303 3167 3662 3237 τετρωμένοις
3684 3164 3784 3233 τῆς

2215 3270 2573 3339 πανυμνὴτου
2630 3266 2778 3336 πόθῳ
2817 3263 3207 3333 προσγίνεσθαι
3243 3260 3528 3330 συμϐαίνει
3568 3257 3668 3328 τὴν
3692 3272 3785 3306 τυο

2215 3362 2471 3433 ραννίδα;
2509 3357 2699 3412 Ἔνδον
2743 3359 2840 3427 μὲν
2867 3356 3050 3424 έχουσι
3087 3354 3148 3407 τὸ
3179 3353 3290 3421 πῦρ
3327 3352 3426 3419 τῆς
3452 3349 3784 3417 ἀγαπήσεως

2212 3454 2538 3523 ἀναφλέγον,
2579 3451 2751 3519 αὑτήν
2804 3465 2863 3500 τε
2914 3446 3205 3508 διαπαντος
3261 3442 3644 3513 προσϐλέπειν,
3690 3439 3786 3491 καὶ

2211 3544 2497 3603 ἀσπασίως
2545 3545 2613 3594 τὰ
2670 3540 2879 3608 ταύτης
2936 3538 3305 3591 ἀναπτύσσειν
3353 3534 3530 3602 λόγια.
3596 3529 3784 3583 Kmva

2211 3640 2391 3693 τοίνυν
2420 3638 2478 3689 τὸ
2509 3634 2790 3689 ἐπαινετὸν
2830 3633 2983 3685 τοῦτο
3028 3630 3201 3692 πάθος
3245 3628 3566 3696 ἡγούμενος,
3603 3620 3783 3682 κοινὰς,

2211 3726 2365 3799 οἶμαι
2405 3727 2499 3781 καὶ
2547 3728 2643 3789 τὰς
2701 3726 2829 3793 περὶ
2884 3721 3015 3775 αὐτὸ
3069 3719 3462 3788 συνισταμένας
3491 3712 3787 3783 ὑπολήψεις

2212 3819 2669 3892 διομολογεῖσθαι.
2700 3817 2808 3870 Καὶ
2836 3817 2884 3868 εἰ
2916 3816 3014 3884 μέν
3043 3832 3094 3866 τι
3122 3813 3226 3865 τῶν
3253 3809 3546 3881 παρέργως
3573 3802 3786 3858 δοκούν-

2213 3928 2324 3963 των
2367 3906 2621 3979 είρῆσθαι
2675 3908 2740 3976 τῇ
2799 3903 3027 3974 βασιλίδι
3068 3905 3132 3955 τα
3182 3903 3239 3953 ὲν
3290 3900 3475 3969 χερσὶν
3522 3893 3785 3964 ἐτύγχανε

2213 4002 2366 4069 λόγια
2415 3998 2522 4052 ἔδει
2574 3998 2743 4051 πολὺν
2798 3995 2895 4064 μὲν
2945 3995 3037 4046 τὸν
3086 3992 3293 4060 ἀγῶνα,
3342 3987 3542 4056 πολλὴν
3586 3985 3642 4037 δὲ
3689 3982 3787 4052 τὴν

2213 4091 2448 4160 σπουδὴν
2496 4092 2576 4153 εἰς
2608 4090 2709 4156 τὴν
2741 4088 2920 4139 αὐτῶν
2956 4082 3359 4138 ἐπιδείκνυσθαι
3400 4079 3649 4150 ἔρευναν,
3688 4091 3787 4126 σα-

2213 4185 2328 4256 φῶς
2365 4183 2595 4245 εἰδότας,
2647 4180 2722 4242 ὡς
2779 4178 3056 4249 πάρεργον
3112 4175 3209 4243 μὲν
3260 4172 3412 4226 οὐδὲν
3458 4171 3588 4238 παρ’
3625 4167 3786 4235 αὐτῇ,

2217 4280 2396 4330 πάντα
2421 4275 2476 4327 δὲ
2521 4273 2619 4339 τῆς
2659 4272 2876 4341 χάριτός
2921 4272 3069 4321 ἐστιν
3104 4265 3528 4334 ἀποφθέγματα,
3565 4261 3657 4313 καὶ
3688 4257 3787 4323 τῆς

2220 4368 2401 4438 ἰσχύος
2439 4364 2535 4418 τοῦ
2568 4363 2882 4432 [Ινεύματος
2924 4362 3297 4431 ἐνεργήματα.

534 4468 639 4518 tes,
674 4457 813 4512 nihil
847 4473 977 4513 sane
1001 4459 1069 4513 ab
1100 4462 1215 4530 ipsa
1240 4462 1538 4531 prolatum,
1573 4463 1717 4534 quod
1783 4467 1880 4518 abs
1902 4478 1959 4519 re
1988 4471 2154 4530 esset,
2186 4464 2282 4520 sed
2319 4462 2503 4518 omnia
2569 4462 2691 4531 ejus
2731 4460 2894 4514 eﬂata
2930 4456 3116 4529 gratiae
3145 4455 3299 4524 plena
3334 4466 3475 4514 esse,
3515 4458 3571 4505 et
3607 4463 3638 4502 e
3677 4447 3791 4500 vir-

533 4558 650 4604 tute
680 4552 855 4605 sancti
886 4551 1125 4620 Spiritus
1144 4554 1348 4609 elicita.

598 4639 666 4696 Il.
705 4642 839 4696 Cum
896 4651 1075 4698 autem
1113 4646 1377 4699 doctrina:
1411 4645 1576 4716 hujus
1628 4649 1770 4701 ratio
1817 4645 2110 4716 quodlibet

534 4731 754 4788 dicendi
802 4743 1185 4803 argumentum
1224 4738 1595 4804 transcendat,
1649 4747 1706 4794 et
1740 4739 1900 4793 bouis
1927 4738 2111 4793 omni-

536 4826 641 4880 bus
662 4825 953 4889 redundet,
972 4841 1092 4895 quze
1116 4827 1347 4883 salutem
1375 4829 1536 4884 nobis
1553 4830 1887 4893 concilient;
1909 4838 2115 4899 quanto

534 4931 644 4971 non
689 4915 990 4972 aﬂiciemur
1013 4918 1370 4984 detrimento,
1408 4920 1452 4975 si
1485 4936 1756 4991 magnam,
1784 4937 1904 4990 qua:
1922 4936 1988 4975 ex
2021 4920 2111 4973 illa

537 5008 780 5078 proﬂuit,
814 5010 1117 5066 utilitatem
1146 5010 1530 5083 negligamus?
1567 5012 1855 5078 Quomodo
1883 5026 1969 5073 ea,
1995 5025 2116 5078 qua:

604 5132 650 5163 ‘°
682 5131 820 5187 Luc.
851 5149 889 5197 ι,
913 5131 1003 5187 59.

612 5270 724 5336 (6|)
758 5268 1020 5339 Spectant
1044 5267 1159 5321 hrcc
1190 5267 1255 5320 ad
1276 5267 1631 5339 colloquium,
1665 5264 1810 5335 quod
1836 5265 2101 5319 interces-

537 5342 676 5395 sisse
698 5337 949 5392 nonnulli
996 5338 1270 5391 tinxerunt
1306 5337 1589 5406 Deiparam
1646 5339 1789 5391 inter
1835 5343 1890 5388 et
1936 5349 2103 5403 spon—

541 5425 663 5463 sum
689 5410 809 5477 ejus
836 5407 1157 5477 Josephum,
1199 5408 1419 5475 quando
1446 5410 1535 5460 hic
1582 5413 1947 5475 przegnantcm
1983 5419 2101 5477 eam

543 5472 772 5532 invenit.
823 5472 1120 5531 Fatendum
1149 5472 1234 5529 est
1278 5477 1447 5543 enim,
1498 5472 1794 5545 scriptores
1832 5472 2099 5543 quosdam

543 5549 597 5601 in
639 5547 895 5617 alloquiis
947 5546 1097 5623 hisce
1150 5547 1397 5623 lettendis
1432 5560 1553 5623 __su_o
1586 5544 1829 5623 ipsornm
1884 5544 2103 5623 ingenio

544 5620 725 5687 potius
757 5614 919 5686 quam
956 5619 1033 5687 rei
1064 5615 1525 5687 verisimilitudini
1583 5614 1841 5687 serviissc
1871 5653 1884 5673 ,
1921 5623 1978 5687 et
2017 5614 2099 5687 in:

546 5682 758 5741 terdum
779 5682 887 5741 non
902 5685 1229 5740 satisdecori
1254 5693 1349 5737 aut
1365 5693 1564 5737 santh
1583 5683 1819 5752 Virginis
1839 5692 1934 5736 aut
1958 5682 2005 5752 ι»
2025 5682 2100 5735 ali

538 5755 763 5826 Iosephi
839 5757 1202 5828 prospexisse.
1253 5754 1537 5823 Quizlpiam
1593 5751 1859 5823 cjuStttodi
1913 5751 2099 5805 \i.!ere

2284 4640 2357 4693 B'.
2401 4638 2552 4690 Ἐπεὶ
2589 4635 2644 4688 δὲ
2691 4633 2870 4700 πάσης
2914 4635 3012 4701 μὲν
3050 4629 3361 4690 ὑποθέσεως
3408 4626 3631 4695 ὲεῇρται
3680 4624 3792 4674 τῶν

2215 4732 2408 4799 λόγων,
2459 4728 2675 4779 πάντων
2717 4724 2773 4775 δὲ
2809 4724 2916 4774 τῶν
2952 4723 3051 4791 τῆς
3081 4719 3357 4787 σωτηρίας
3382 4714 3542 4785 ἡμῶν
3571 4710 3790 4778 ἀγαθῶν

2216 4820 2492 4893 πλήρηςή
2538 4815 2789 4886 παροῦσα
2819 4812 3128 4881 καθέστηκε
3177 4807 3516 4865 διδασκαλία,
3573 4803 3688 4866 πῶς
3726 4802 3792 4855 ἂν

2215 4911 2701 4982 καταμελήσαντες
2729 4904 2788 4958 τὸ
2816 4902 3195 4983 μεγαλωφελὲς
3220 4898 3426 4968 ταύτης
3452 4896 3793 4966 ζημιωθείη·

2218 5022 2354 5077 μεν;
2393 5001 2515 5065 Πῶς
2554 5000 2611 5053 δὲ
2656 4997 2731 5068 μὴ
2761 4994 3255 5067 περιπτυσσόμενοι
3299 4991 3367 5044 τὰ
3400 4990 3670 5061 εἰρημένα
3693 4988 3793 5056 τῆς

2210 5264 2340 5321 licet
2365 5276 2419 5321 et
2442 5266 2494 5319 in
2518 5264 2753 5335 quadam
2782 5262 2973 5317 incerti
2997 5260 3241 5335 auctoris
3257 5257 3480 5335 homilia
3501 5260 3555 5313 in
3573 5255 3794 5311 Annuu-

2211 5338 2487 5389 tiatiouem
2536 5329 2800 5403 beiparw.
2843 5348 2964 5402 qua
2987 5331 3081 5403 edi
3116 5330 3404 5403 consuevit
3449 5329 3591 5382 inter
3626 5339 3792 5403 opera

2214 5404 2270 5459 S.
2326 5406 2483 5474 Joan.
2538 5394 2917 5474 Chrysostomi
2951 5400 3133 5474 __(edit.
3177 5397 3407 5474 _Montf_.
3476 5409 3606 5453 tom.
3676 5394 3790 5474 lx.

2212 5490 2336 5544 pag.
2382 5473 2542 5552 Sil);
2589 5465 2719 5526 du'm
2751 5474 2898 5552 enim
2947 5465 3133 5552 Virgo
3160 5468 3497 5552 describitur
3529 5465 3788 5552 angelum

2211 5538 2311 5598 ceu
2339 5538 2686 5598 seductorem
2719 5541 3012 5609 repellens,
3052 5538 3360 5609 interralia,
3396 5549 3456 5591 ut
3476 5538 3543 5591 ad
3572 5545 3792 5590 mature

2211 5612 2530 5683 fugiendum
2562 5613 2709 5665 hunc
2736 5608 3000 5683 impellat.
3033 5608 3319 5664 inducitur
3347 5609 3560 5671 dicens,
3589 5620 3792 5663 senem,

2206 5681 2505 5752 Joscphum
2534 5696 2752 5752 nempe,
2780 5695 2887 5736 esse
2909 5681 3223 5751 zelotypum.
