4122 6212
442 361 543 425 661

1260 361 1543 428 ORAT!O
1577 370 1656 430 IN
1689 370 1791 431 SS.
1835 372 2187 432 ΠΕΙΡΑΠΕ
2227 373 2796 436 VlSITATiONEM.

3581 380 3688 445 662

445 478 599 540 θείας
647 476 862 546 ἐκείνης
906 481 1401 552 κατατρυφήσομεν
1433 484 1693 565 μνήμης;
1727 484 1831 539 Τὸν
1864 487 2027 540 ἀοίδι-

2140 488 2279 543 dicta
2311 488 2538 551 fuerint,
2569 504 2785 542 summo
2819 504 2943 542 cum
2985 487 3183 544 aﬁ'ectu
3215 464 3571 557 excipientes,
3596 504 3704 543 non

448 589 547 639 μον
579 569 1063 640 ὑπερεκκαύσομεν
1090 571 1292 639 πόθον;
1323 574 1432 642 Τῆς
1470 576 1871 646 καθαρωτάτης
1899 577 2020 646 ἡδο.

445 664 544 729 νῆς
572 660 1082 730 καταπολαύσομεν,
1110 665 1261 728 ὅπως
1284 666 1552 735 στέφανον
1576 667 1675 737 μὲν
1703 670 2024 739 καυχήσεως

443 753 570 816 τοὺς
603 751 815 818 λόγους,
850 750 1081 805 πλοῦτον
1121 753 1176 807 δὲ
1229 755 1496 823 πολυτελῆ
1548 756 1616 809 τά
1648 757 1894 829 νοήματα
1924 758 2024 828 θη-

447 840 826 910 σαυρίσαντες,
854 841 1023 912 αὐτὴν
1049 843 1266 914 ἐκείνην
1295 846 1354 896 ἐν
1374 848 1491 907 ταῖς
1528 845 1777 916 καρδίαις
1808 864 2025 900 συνεισ-

444 931 783 1002 οικισὼμεθα
824 932 921 1003 τὴν
973 934 1336 999 ἀναφαίρετον
1363 937 1648 1005 ἀφθονίαν,
1673 939 1762 992 τὴν
1796 938 2026 992 πλοῦτον

446 1023 542 1091 τῆς
574 1020 734 1093 ἡμῶν
777 1023 1070 1092 σωτηρίας,
1116 1025 1177 1076 rb
1218 1026 1585 1098 πολυτίμητον
1626 1031 1932 1101 κειμήλιον,
1965 1031 2025 1084 rb

446 1115 673 1182 ταμεῖον
705 1115 806 1184 τῆς
836 1117 1174 1185 Δεσπιτικῆς
1221 1119 1555 1187 οἰκονομίας,
1612 1120 1702 1174 τὸν
1748 1121 2027 1194 Θησαυρὸν

448 1209 557 1260 τῶν
587 1208 925 1277 ἀποκρύφων
967 1212 1208 1277 ἀγαθῶν,
1239 1212 1330 1265 τὸν
1374 1214 1639 1283 στέφανον
1675 1217 1773 1281 τῆς
1814 1216 2026 1288 ἀνθρω-

458 1301 709 1370 πότητος,
738 1301 799 1353 rb
841 1302 1273 1373 ὲγκαλλὼπισμα
1301 1305 1403 1374 τῆς
1435 1307 1685 1374 φύσεωςς
1716 1308 1889 1361 Ὅπου
1919 1309 2027 1380 γὰρ

461 1395 493 1461 ἡ
523 1392 723 1461 ταύτης
752 1392 1012 1461 διηνεκῶς
1042 1396 1385 1450 ὲναπόκειται
1413 1399 1626 1467 μνήμη,
1646 1386 1768 1451 ἐκεῖ
1792 1400 2029 1469 ἀναμφι-

453 1485 620 1545 ϐόλως
674 1488 769 1538 καὶ
821 1489 853 1556 ἡ
914 1487 1119 1556 ταύτης
1168 1490 1268 1544 οὐκ
1326 1490 1681 1546 ἀπολείπεται
1736 1494 2025 1562 παρουσία.

464 1576 891 1647 Ἑναποθὼμεθα
919 1580 1100 1633 τοίνυν
1130 1581 1187 1633 ὲν
1218 1585 1339 1645 ταῖς
1380 1583 1581 1655 ψυχαῖς
1618 1570 1774 1655 ἡμῶν
1799 1586 2029 1657 ταύτην,

451 1669 509 1718 ἐν
532 1669 744 1731 ἑαυτοῖς
773 1671 861 1722 τὸν
890 1671 1256 1742 πολυτίμητον
1281 1677 1707 1746 ταμιευσώμεθα
1733 1677 2028 1749 θησαυρὸν,

450 1760 927 1829 ὲμπορευσώμεθα
990 1763 1080 1815 τὸν
1137 1765 1238 1833 τῆς
1296 1767 1489 1836 σοφίας
1548 1768 1716 1838 αὐτῆς
1775 1768 2028 1833 πλοῦτον,

450 1850 745 1904 κάντεῦθεν
793 1852 853 1905 rb
903 1856 1373 1923 περισπούδαστον
1414 1860 1865 1929 συναθροίσαντες
1901 1861 2033 1930 κέρ-

449 1940 558 2003 δος,
590 1942 961 2013 διανείμωμεν
994 1950 1103 2010 τοῖς
1138 1947 1457 2016 ἐπιζητοῦσι
1492 1950 1592 2020 τὴν
1626 1951 1768 2002 κατά
1800 1950 2029 2018 δύναμιν

450 2033 753 2089 διακονίαν.
810 2038 1062 2091 Ποικῖλον
1118 2041 1227 2111 γὰρ
1279 2040 1343 2112 δὴ
1396 2041 1552 2095 τοῦτο
1592 2042 1684 2094 καὶ
1721 2041 2029 2106 πολυτελὲς,

450 2127 547 2177 καὶ
579 2127 887 2195 κρείττονος
918 2131 1013 2199 τῆς
1048 2135 1457 2204 ἑμπορεύσεως.

2126 580 2561 651 jucundabimur
2583 580 2783 639 divinae
2811 579 2959 634 illius
2983 580 3285 634 memoria?
3306 578 3593 645 Quomodo
3615 595 3711 635 no-

2130 672 2398 726 bilissima
2428 672 2483 725 in
2513 671 2672 724 nobis
2703 686 2866 740 supra
2917 671 3140 725 modum
3188 686 3299 725 non
3348 670 3707 726 incendemus

2130 761 2440 816 desideria?
2492 760 2777 827 Quomodo
2833 779 2941 817 non
3004 763 3297 830 purissima
3358 764 3709 833 perl’ruemur

2132 854 2433 923 voluptate,
2465 861 2525 907 ut
2548 869 2673 909 cum
2705 854 2869 925 (ejus)
2905 855 3070 909 verba
3114 854 3338 924 quidem
3389 870 3491 909 ceu
3543 869 3707 908 coro-

2134 960 2258 998 nam
2289 945 2498 1015 gloriaa.
2542 961 2700 1001 sensa
2734 962 2866 1001 vero
2912 963 3013 1003 ceu
3050 947 3350 1017 pretiosam
3398 963 3585 1017 gazam
3620 947 3706 999 in-

2133 1046 2249 1091 star
2295 1039 2537 1093 thesauri
2591 1039 2999 1108 eollegerimus,
3065 1040 3212 1093 illam
3245 1039 3417 1108 ipsam
3460 1053 3705 1107 quoque.

2135 1142 2256 1196 quae
2285 1129 2564 1198 opulentia
2593 1138 2678 1183 est
2704 1129 2868 1199 diripi
2900 1129 3088 1184 nescia
3109 1130 3242 1199 (6‘2),
3283 1129 3489 1183 divitiae
3513 1130 3709 1183 salutis

2133 1228 2358 1284 nostrai,
2406 1220 2705 1287 pretiosum
2768 1236 2992 1288 prorsus
3046 1220 3348 1283 cimelinm,
3408 1220 3709 1274 Dominica:

2134 1310 2560 1379 dispensationis
2587 1316 3047 1381 promptuarium,
3082 1328 3408 1367 arcanorum
3437 1314 3705 1367 bonorum

2137 1403 2447 1466 thesaurus,
2479 1402 2837 1458 immanitatis
2871 1413 3102 1465 scrtum,
3152 1414 3359 1458 natura:
3391 1414 3590 1457 nostra:
3616 1419 3705 1455 or.

2136 1502 2474 1556 namentum,
2509 1492 2562 1545 in
2598 1493 2862 1546 cordibus
2889 1493 3092 1547 nostris
3120 1493 3496 1546 inhabitatum
3536 1493 3710 1545 intro-

2135 1581 2576 1638 ducamus?Ubi
2628 1583 2775 1637 enim
2820 1582 2971 1636 illius
2995 1582 3200 1653 jugiter
3248 1582 3392 1636 inest
3417 1582 3705 1638 memoria.

2136 1670 2212 1725 ibi
2242 1670 2409 1725 dubio
2446 1671 2634 1741 procul
2668 1687 2848 1741 neque
2878 1673 3053 1741 ipsius
3082 1672 3433 1727 desideratur
3470 1688 3710 1741 praesen-

2138 1763 2233 1817 tia.
2270 1763 2403 1817 Eam
2437 1763 2619 1833 itaque
2669 1764 3008 1819 collocemus
3052 1766 3106 1819 in
3152 1766 3352 1820 animis
3384 1764 3616 1829 nostris;
3653 1763 3705 1815 in

2135 1854 2298 1909 nobis
2328 1854 2463 1924 ipsis
2487 1855 2946 1924 pretiosissimum
2978 1856 3129 1909 hunc
3163 1856 3481 1910 thesaurum
3518 1872 3710 1910 recon-

2139 1944 2369 2012 damus;
2408 1944 2633 1999 divitias
2663 1945 2946 2014 sapientia:
2988 1946 3183 2015 ipsius,
3226 1947 3481 2000 eximiam
3518 1946 3710 2015 utique

2140 2049 2401 2101 mercem,
2435 2034 2830 2105 importemus;
2862 2044 3066 2101 etcum
3090 2036 3217 2089 inde
3240 2037 3486 2090 studiose
3513 2037 3707 2106 exqui-

2140 2132 2306 2187 situm
2353 2132 2568 2187 lucrum
2609 2132 3112 2202 corrogaverimus,
3168 2133 3256 2196 iis,
3293 2132 3389 2200 qui
3436 2139 3707 2201 quarunt,

454 2216 821 2272 ministerium
862 2237 959 2289 pro
1005 2222 1217 2278 viribus
1262 2225 1591 2280 tribuamus.
1625 2226 1842 2281 Varium
1916 2223 2063 2279 enim
2108 2224 2213 2279 hoc
2239 2234 2342 2290 est,
2374 2235 2430 2279 et
2489 2225 2799 2295 multiplex,
2824 2235 2990 2293 atque
3020 2224 3284 2294 optimam
3331 2223 3498 2278 habet
3546 2236 3713 2292 nego-

454 2308 754 2364 tiatiouem.

526 2398 599 2452 1".
641 2401 801 2470 Ἀρτι
826 2404 923 2473 μὲν
954 2400 1046 2458 οῦν
1090 2405 1189 2475 τὴν
1233 2407 1373 2478 ὑπὲρ
1405 2407 1615 2462 ἔννοιαν
1653 2412 1827 2481 χαράν
1867 2412 1898 2480 ἠ
1939 2409 2038 2478 τῆς

455 2489 629 2558 χαρᾶς
664 2492 811 2544 αἰτία
861 2494 1152 2565 δεξαμένη,
1199 2498 1345 2568 ἔργῳ
1379 2499 1435 2552 δὲ
1466 2500 1542 2569 τῷ
1575 2501 1871 2573 ἀπορρήτῳ
1900 2504 2034 2555 καθα

458 2596 594 2632 υπου
606 2580 811 2652 ργοῦσα
833 2587 1138 2658 μυστηρίῳ,
1155 2588 1382 2643 ἔσπευδε
1409 2592 1500 2645 καὶ
1524 2591 1631 2643 τῶν
1644 2593 2036 2661 τῆςἙλισάϐετ

460 2677 517 2725 ἐν
563 2676 912 2751 πληροφορίᾳ
959 2682 1296 2750 καταστῆναι
1349 2683 1662 2752 θαυμάτων.
1732 2684 1870 2737 Ἀλλ’
1914 2684 2037 2738 ἐπεὶ

463 2766 848 2839 σχολαιοτέραν
902 2771 1001 2841 τὴν
1066 2772 1163 2825 σὺν
1217 2774 1355 2844 αὐτῇ
1420 2774 1705 2846 διατριϐὴν
1757 2775 2035 2846 ἐκεκρίκει

463 2859 828 2931 ποιήσασθαι,
874 2861 941 2914 τὰ
1001 2862 1098 2931 τὴν
1148 2850 1627 2936 ὲπιθυμίανβύτῇ
1682 2867 2037 2937 διατέμνοντα

464 2951 864 3020 προευμαρίζει
896 2955 1135 3024 πρῶτον,
1158 2957 1232 3021 ὡς
1259 2957 1325 3011 ἂν
1358 2958 1432 3030 μὴ
1450 2961 1571 3021 ταῖς
1598 2959 1778 3013 αὐτῶν
1808 2959 2039 3026 ἐννοίαις

463 3042 818 3113 ἐπειγομένη,
873 3045 1162 3116 διαμάρτοι
1213 3049 1289 3119 τῷ
1338 3050 1496 3121 τάχει
1538 3052 1631 3105 τοῦ
1681 3054 2040 3123 προτεθέντος

466 3132 690 3185 σκοποῦ.
757 3134 963 3188 Ἐκεῖνο
1019 3137 1076 3190 δὲ
1139 3141 1339 3206 μᾶλλον
1390 3141 1497 3194 τῶν
1548 3143 1863 3214 ἀναγκαίων
1900 3144 2038 3214 αὐτῇ

466 3225 847 3294 κατεφαίνετο,
882 3228 940 3280 rb
968 3232 1078 3291 τοῖς
1116 3231 1321 3302 ἱερεῦσι
1357 3237 1782 3305 προηγουμένως
1811 3235 2043 3289 ἀποδοῦ-

466 3332 554 3368 ναι
578 3317 638 3370 rb
666 3318 810 3388 ἱερδν
840 3319 1019 3390 ἔργον.
1048 3322 1242 3390 Σαφῶς
1268 3324 1379 3395 γάρ
1407 3327 1464 3378 ἒν
1494 3326 1661 3396 ἑαυτῇ
1691 3325 2040 3396 λογιζομένη,

464 3408 734 3479 διέκρινεν
761 3410 933 3476 οὕτως
960 3429 974 3441 ’
1007 3415 1083 3475 ὡς
1112 3415 1271 3483 εἴπερ
1313 3414 1386 3485 μὴ
1430 3414 1589 3468 τοῦτο
1631 3416 2038 3486 διοικονομηθῇ,

467 3502 683 3574 ἀνάγκῃ
730 3503 825 3557 δύο
867 3505 1306 3572 κατεπειγόντων
1351 3508 1478 3575 περὶ
1519 3509 1575 3558 r‘.
1626 3506 1683 3558 ἓν
1722 3507 2044 3577 διαμαρτεῖν

470 3593 812 3661 συμϐήσεται
839 3610 853 3626 ο
892 3593 951 3646 rb
985 3595 1085 3662 μὲν
1108 3596 1215 3664 γὰρ
1247 3596 1336 3646 ἐπὶ
1359 3598 1603 3650 κίνδυνον
1627 3598 1947 3651 ἑπαπειλεῖ·
1983 3600 2046 3653 rb

468 3682 526 3732 δὲ
558 3681 654 3752 τὴν
675 3683 978 3752 ἀποτυχίαν
1008 3685 1327 3740 διαϐεϐαιοῖ.
1363 3688 1423 3740 Εἰ
1460 3690 1557 3758 μὲν
1586 3690 1695 3760 γὰρ
1721 3691 1751 3760 ή
1778 3690 1914 3760 πρὸς
1943 3690 2044 3761 τὴν

469 3773 762 3840 συγγενίδα
820 3776 1189 3846 καθηγήσοιτο
1254 3780 1450 3849 πορεία
1521 3782 1884 3852 χρονιωτέραν
1944 3783 2042 3852 τὴν

467 3864 751 3936 διάσκεψιν
782 3868 1109 3933 ἀπαιτοῦσα,
1148 3872 1179 3941 ή
1219 3871 1314 3924 τοῦ
1362 3874 1419 3924 ἐν
1458 3875 1645 3943 χερσὶν
1683 3876 1843 3945 ἔργον
1876 3876 2045 3946 ἀργία

468 3957 546 4017 εξς
568 3956 900 4028 ἀναζήτησιν
929 3960 1053 4023 τοὺς
1080 3961 1245 4030 ἱερεῖς
1275 3963 1597 4032 διανίστησι.
1630 3965 1721 4018 Διὸ
1753 3965 1915 4019 πολὺν
1946 3966 2044 4035 μὲν

468 4047 561 4101 τὸν
595 4047 823 4117 θόρυϐον
859 4052 916 4103 ὲν
956 4053 1021 4122 τῇ
1058 4051 1228 4122 οἰκίᾳ,
1267 4054 1468 4121 πολλὴν
1502 4055 1558 4107 δὲ
1586 4054 1685 4125 τὴν
1723 4054 1953 4126 ἔρευναν
1986 4058 2044 4108 ἐν

466 4138 547 4207 τῷ
575 4140 720 4205 γένει
768 4141 1103 4212 ποιήσοιντο,
1151 4144 1433 4210 πλείσταις
1469 4147 1524 4199 δὲ
1562 4149 1683 4209 ταῖς
1731 4148 2045 4218 κωμῳδίαις

469 4229 559 4281 τὸν
594 4232 825 4301 γέροντα
872 4232 1162 4305 μᾶλλον,ῆ
1211 4236 1311 4306 ἐμὲ
1363 4239 1816 4309 καταντλήσουσι.
1859 4240 1924 4292 Τί
1981 4241 2043 4293 οὐ

468 4321 722 4389 λέγοντες
750 4340 764 4387 ;
807 4325 862 4377 τί
887 4325 943 4379 δὲ
973 4326 1034 4381 οὐ
1076 4327 1457 4399 βουλευόμενοι
1501 4330 1610 4384 τῶν
1641 4332 1901 4387 τοιούτων
1930 4334 2045 4385 ἑπιο

469 4416 790 4486 χειρήσαιεν
823 4422 1213 4491 σκωμμάτων;
1253 4422 1416 4493 Ὅρα,
1466 4425 1721 4495 φήσουσι,
1766 4443 2044 4498 καταφρο-

2210 2405 2298 2459 ΙΙΙ.
2331 2404 2451 2458 Mox
2507 2404 2692 2473 itaque
2731 2404 2819 2457 illa
2860 2404 3046 2474 gaudii
3076 2403 3248 2457 nostri
3291 2402 3529 2467 auctrix,
3584 2416 3709 2456 eum

2137 2496 2418 2568 gaudium,
2452 2495 2599 2563 quod
2655 2511 2876 2551 omnem
2907 2510 3129 2549 sensum
3175 2502 3491 2563 exsuperat,
3550 2495 3606 2547 in
3654 2508 3712 2546 se

2124 2588 2460 2658 excepisset,
2495 2595 2553 2642 et
2600 2586 2863 2641 inetl'abili
2915 2586 3176 2657 mysterio
3210 2589 3321 2656 jam
3366 2600 3535 2655 opere
3567 2600 3712 2653 pra:—

2134 2689 2302 2733 staret
2335 2678 2706 2733 ministerium
2744 2694 2931 2742 suum,
2959 2681 3029 2732 de
3079 2678 3407 2732 Elisabctlue
3449 2685 3714 2745 praeterea

2134 2771 2409 2841 portentis
2433 2786 2617 2825 coram
2658 2770 2867 2825 certior
2919 2769 3039 2823 ﬁeri
3087 2769 3402 2839 exoptabat.
3432 2767 3541 2823 Sed
3576 2782 3715 2837 quo-

2136 2864 2283 2917 niam
2308 2862 2616 2932 longiorem
2642 2861 2788 2931 apud
2826 2862 2972 2915 illam
3009 2862 3189 2916 facere
3246 2875 3457 2916 moram
3504 2859 3719 2913 conslia
3800 2906 3817 2921 ,

2137 2966 2349 3021 tuerat;
2384 2956 2451 3009 ab
2474 2954 2562 3017 iis,
2589 2970 2710 3023 quae
2732 2954 2976 3009 studium
2998 2969 3159 3009 suum
3186 2953 3292 3007 alio
3310 2950 3714 3013 distrahebant,

2138 3049 2191 3103 in
2228 3058 2578 3103 antecessum
2642 3063 2701 3101 se
2749 3046 2996 3117 expedit,
3058 3062 3126 3101 ne
3164 3043 3479 3116 huiusmodi
3527 3055 3717 3113 pressa

2142 3141 2293 3195 curis
2343 3151 2566 3208 propter
2610 3140 2834 3194 nimiam
2874 3139 3282 3194 festinationem
3352 3154 3381 3190 a
3435 3134 3718 3205 pr0posito

2069 3202 2115 3260 ϐ
2150 3233 2254 3287 sibi
2285 3202 2459 3301 scopo
2478 3232 2781 3288 excideret.
2843 3232 2983 3285 Illud
3016 3246 3180 3300 porro
3213 3245 3323 3297 pra:
3356 3202 3587 3296 reliquis
3617 3242 3716 3280 ne-

2145 3325 2446 3379 cessarium
2477 3324 2579 3392 ipsi
2610 3322 2922 3382 videbatur,
2958 3329 3018 3373 ut
3052 3318 3439 3373 sacerdotibus
3494 3332 3714 3372 sacrum

2146 3416 2448 3485 (purpur-.e)
2508 3429 2649 3481 opus
2728 3412 2840 3482 (65)
2892 3412 3047 3481 prius
3102 3411 3367 3464 traderet.
3424 3407 3716 3477 Sapienter

2145 3504 2317 3568 enim,
2344 3519 2530 3557 secum
2576 3504 2688 3572 ipsa
2724 3516 2840 3556 rem
2874 3500 3245 3570 perpendens,
3287 3500 3363 3554 ita
3418 3498 3717 3553 ratiocina-

2147 3596 2311 3650 batur
2374 3615 2386 3650 :
2430 3591 2543 3648 Nisi
2590 3594 2904 3648 consultum
2943 3592 3074 3647 huic
3119 3591 3198 3647 rei
3238 3590 3428 3653 fuerit,
3490 3603 3719 3659 prorsus

2146 3690 2446 3760 continget,
2475 3699 2534 3743 ut
2565 3704 2689 3743 cum
2726 3688 2851 3741 bina
2890 3694 3140 3756 urgeant,
3175 3684 3357 3756 quoad
3390 3682 3718 3739 alterutrum

2148 3784 2287 3838 hami
2332 3792 2477 3836 recte
2503 3782 2633 3835 mihi
2669 3797 2756 3835 res
2779 3780 2942 3836 cedat
2975 3796 2988 3834 :
3019 3779 3285 3849 etutique
3314 3785 3411 3832 aut
3430 3777 3719 3832 molestum

2148 3875 2495 3930 subeundum
2529 3873 2976 3936 discrimencrit,
3019 3882 3117 3927 aut
3155 3879 3306 3926 certe
3328 3868 3588 3939 explendi
3626 3867 3723 3923 de-

2149 3966 2335 4021 siderii
2369 3967 2475 4020 mei
2518 3981 2643 4035 spes
2674 3965 2855 4020 omnis
2900 3974 2983 4019 est
3029 3962 3360 4034 abjicicnda.
3394 3960 3461 4014 Et
3510 3975 3642 4015 sane
3664 3958 3720 4043 _si

2150 4057 2215 4111 ad
2244 4066 2528 4127 cognatam
2557 4057 2711 4125 prius
2737 4056 3079 4126 proﬁciscar,
3109 4053 3258 4123 quod
3282 4053 3476 4120 utique
3503 4050 3722 4104 diutur-

2147 4147 2335 4202 niorcs
2356 4163 2516 4201 curas
2534 4147 2726 4217 exigit,
2758 4145 3037 4201 cunctatio
3061 4142 3358 4200 exhibendi
3385 4157 3546 4212 opus.
3574 4140 3722 4211 quod

2149 4255 2261 4310 pra:
2304 4239 2560 4293 manibus
2593 4239 2788 4300 habeo,
2818 4238 2884 4291 ad
2940 4236 3375 4307 perquirendum
3432 4235 3500 4290 de
3539 4249 3607 4289 eo
3631 4248 3725 4288 sa-

2150 4329 2404 4385 cerdotes
2452 4329 2817 4399 pcrmovebit.
2863 4329 3012 4383 lland
3064 4328 3374 4383 mediocres
3422 4335 3719 4398 propterea

2152 4422 2345 4477 turbas
2367 4421 2512 4476 domi
2540 4421 2886 4483 excitabant,
2910 4421 3055 4475 inter
3081 4427 3345 4489 cognatos
3378 4418 3613 4473 sollicite
3641 4418 3724 4471 in-

469 4506 678 4575 νήσεως
706 4510 1008 4580 ὑπερϐολήν
1029 4529 1041 4542 ·
1068 4513 1170 4581 ὅρα
1191 4514 1290 4583 τὴν
1316 4515 1425 4567 τῶν
1452 4514 1613 4569 θείων
1647 4517 2037 4587 παραγγελμά·

2151 4515 2349 4586 dagare
2381 4515 2696 4577 instituent,
2716 4520 2881 4583 atque
2916 4513 3132 4568 acerbis
3162 4512 3514 4568 sermonibus
3533 4523 3720 4565 senem

469 4616 575 4651 των
606 4601 944 4672 ἐπιλήσμονα
970 4605 1196 4677 γνώμην
1226 4606 1321 4660 τοῦ
1356 4609 1585 4680 Ἰωσήφο
1613 4610 1714 4680 ὅρα
1738 4609 2046 4681 πρεσϐύτου

454 4692 725 4775 *νεανικὴν
752 4693 956 4763 τόλμαν
978 4712 991 4726 ·
1023 4696 1122 4767 τῆν
1164 4697 1257 4751 τοῦ
1288 4699 1426 4752 Θεοῦ
1461 4703 1681 4770 παρεῖδε
1712 4702 1892 4770 ψῆφον
1921 4717 1935 4731 ·
1968 4703 2049 4766 είς

467 4783 621 4836 οὐδὲν
661 4786 722 4839 τό
751 4788 1132 4859 φοϐερώτατον
1170 4792 1286 4844 τῶν
1328 4793 1711 4863 ἠπειλημένων
1751 4794 1931 4848 ἔθετο·
1967 4794 2047 4847 διὸ

467 4878 533 4945 τῇ
586 4875 712 4929 καθ’
762 4880 954 4933 ἑαυτὸν
1002 4880 1180 4951 πλάνῃ
1230 4883 1329 4949 τῆς
1374 4883 1469 4936 τοῦ
1516 4884 1652 4938 Θεοῦ
1695 4885 2043 4954 κατημέλησε

469 4968 967 5040 παρακαταθήκης.
1022 4970 1132 5024 Ποῦ
1188 4972 1285 5025 νῦν
1336 4975 1486 5026 ἐστιν
1538 4977 1571 5044 ἡ
1628 4974 2044 5046 θαλαμευομένη

468 5058 785 5129 Παρθένοςς
817 5062 926 5115 Ποῦ
974 5063 1033 5115 τὸ
1065 5065 1394 5118 Δεσποτικὸν
1448 5065 1707 5137 ἀνάθημα
1755 5066 2043 5137 περιάγεη

470 5150 595 5213 Πῶς
623 5151 955 5221 ἀμφοτέροις
980 5155 1041 5206 rb
1066 5154 1210 5223 ἱερὸν
1240 5155 1400 5223 ἔργον
1436 5156 1763 5226 παρωράθη,
1791 5158 1885 5211 καὶ
1909 5156 2047 5228 λήθῃ

469 5240 539 5292 τὰ
575 5243 997 5312 προδιδαχθέντα
1026 5245 1430 5316 παρεπέμφθη;
1473 5247 1779 5319 Ἀλλότριον
1808 5249 1916 5301 τῶν
1944 5267 2049 5301 πα-

470 5331 660 5403 τρῴων
690 5334 837 5403 ἠθῶν
869 5335 929 5389 rb
958 5335 1236 5407 τόλμημα,
1267 5336 1415 5402 ξένος
1442 5339 1469 5390 ό
1492 5340 1692 5410 τρόπος
1717 5342 1807 5394 καὶ
1841 5340 2046 5410 παρθε-

477 5426 627 5495 νικῆς
644 5426 938 5495 ἀσφαλείας
964 5428 1055 5481 καὶ
1077 5428 1451 5498 πρεσϐυτικῆς
1472 5430 1808 5499 ἐπιμελείας.
1829 5430 2046 5484 Τούτων

548 5630 661 5697 (ϐ’ὶ)
693 5632 927 5700 Prorsus
953 5630 1169 5700 egregie
1199 5630 1360 5700 diripi
1387 5645 1557 5683 nescia
1595 5628 1759 5699 Virgo
1809 5630 2035 5694 dicitur,

471 5716 637 5772 quam
669 5700 809 5772 latro
844 5698 1103 5772 internus
1124 5698 1357 5767 praedari
1393 5698 1963 5772 nunquamjtotuerit.

547 5771 660 5840 (65)
700 5770 889 5825 Velum
915 5769 1125 5824 scilicet
1152 5783 1515 5839 purpureum,
1550 5768 1698 5837 quod
1745 5770 2041 5825 tcxendum

2152 4608 2347 4678 magis,
2372 4623 2533 4677 quam
2556 4622 2666 4672 me,
2687 4606 3064 4677 cxagitabunt.
3092 4604 3235 4671 Quid
3263 4620 3430 4673 porro
3456 4619 3566 4657 non
3595 4610 3726 4656 sunt

2150 4699 2396 4754 dicturi?
2437 4700 2568 4767 Qua:
2602 4707 2787 4755 autem
2824 4699 3057 4755 consilia
3094 4714 3203 4752 non
3250 4694 3583 4768 agitabunt?
3614 4694 3726 4749 llu-

2141 4794 2385 4864 jusmodi
2444 4793 2609 4847 simul
2666 4792 2919 4847 dicteriis
2970 4790 3395 4845 conviciantes:
3447 4787 3594 4853 vide,
3634 4787 3720 4839 in-

2147 4886 2363 4954 quient,
2396 4885 2689 4954 despectus
2736 4897 3025 4938 excessum
3060 4882 3224 4936 :vide
3265 4881 3579 4935 divinarum
3607 4878 3728 4948 jus-

2150 4978 2367 5031 sionum
2415 4976 2745 5031 obliviosam
2790 4974 3018 5045 Joscphi
3062 4983 3302 5029 mentem
3367 4971 3534 5027 :vide
3577 4969 3727 5025 senis

2145 5066 2445 5137 iuvenilem
2509 5082 2763 5122 ausum:
2830 5065 3175 5134 contemptui
3248 5063 3403 5117 ducit
3473 5062 3724 5115 divimnn

2150 5156 2437 5211 decretum
2501 5175 2513 5210 :
2549 5156 2786 5211 maxime
2841 5154 3159 5211 tremendas
3193 5140 3371 5209 minas
3413 5169 3513 5223 pro
3550 5152 3727 5207 nihilo

2156 5248 2320 5303 habet
2353 5266 2366 5301 :
2394 5258 2686 5319 preptcrca
2708 5264 2775 5302 ex
2807 5247 3027 5317 propria
3056 5246 3219 5316 culpa
3243 5248 3298 5301 in
3322 5245 3596 5301 servando
3625 5244 3723 5300 Dei

2156 5340 2408 5412 deposito
2448 5341 2694 5395 incnrius
2714 5340 2837 5394 fuit.
2870 5339 2971 5396 Ubi
2998 5354 3145 5394 nunc
3174 5349 3261 5395 est
3291 5338 3481 5410 Virgo,
3506 5353 3628 5409 quae
3662 5352 3723 5392 se

2155 5430 2299 5486 intra
2356 5431 2595 5501 parietes
2646 5430 3009 5486 continebat?
3058 5430 3179 5497 Quo
3224 5430 3483 5486 circumit
3516 5429 3722 5483 donum

2146 5636 2201 5709 in
2232 5653 2390 5709 usum
2426 5637 2612 5709 templi
2634 5637 2843 5709 _sortita
2882 5635 3082 5692 fuerat.
3120 5638 3277 5700 Vide,
3310 5656 3431 5709 qum
3462 5642 3529 5696 de
3568 5657 3627 5694 ca
3659 5654 3721 5696 re

2146 5706 2202 5761 in
2236 5706 2561 5763 Praefatione
2583 5707 2905 5764 adnotatum
2939 5717 3027 5765 est
3060 5722 3187 5778 sup.
3216 5706 3341 5779 pagi
3369 5710 3495 5763 471.
