4130 6202
386 248 494 315 665

387 453 649 515 ἀνεκίνει,
683 452 804 516 πῶς
842 452 910 505 ἂν
947 453 1026 525 τῷ
1079 456 1216 526 ἱερεῖ
1251 458 1582 529 ὁμιλήσειεψ
1618 464 1714 532 οὐχ
1752 463 1829 529 ὡς
1863 464 1969 516 τῶν

387 543 510 596 κατ’
543 544 715 615 αὐτὴν
744 545 1045 610 ἀγνώστων
1081 547 1253 601 ὄντων
1297 551 1466 621 αὐτῷ,
1498 553 1620 606 οὐδὲ
1662 556 1769 624 γὰρ
1807 554 1968 608 τοῦτο

385 636 663 690 διεσκόπει
698 638 730 706 ἡ
792 638 973 707 πάσης
1016 640 1332 706 ἐπιδείξεως
1368 644 1606 715 καθαρά-
1640 645 1755 698 άλλ’
1781 647 1966 715 ἐπειδὴ

388 727 521 795 ξεν-ε)
556 728 1045 797 προσδιαλέγεσθαι
1078 733 1345 803 μέλλουσα
1375 731 1461 805 ἦν,
1506 738 1645 790 αἰδοῖ
1678 738 1772 791 τοῦ
1804 740 1964 791 ἀσυν-

389 820 554 890 ήθους
605 821 1069 878 κατεκαλύπτετο.
1115 823 1180 877 Ἥ
1215 826 1322 897 γὰρ
1362 827 1426 897 δὴ
1454 828 1561 880 τῶν
1588 830 1768 882 καλῶν
1801 832 1970 899 αὐτῆς

390 916 553 983 πεῖρα
587 956 601 979 ,
654 915 717 968 οὐ
757 919 870 979 τοῖς
929 918 1384 989 προτεθεαμένοις
1439 923 1531 976 καὶ
1582 924 1965 995 χρονικωτὲρᾳ

391 1006 582 1074 σκέψει
618 1010 727 1058 τῶν
756 1011 1301 1081 μετεντυγχανόντων
1342 1014 1546 1083 μᾶλλον
1591 1015 1969 1083 προσεγίνετο,

390 1097 527 1148 ἀλλὰ
556 1098 651 1150 καὶ
683 1102 796 1162 τοῖς
843 1100 1021 1163 ἄλλοις
1063 1104 1201 1175 ἀκοῇ
1236 1105 1808 1174 προκατελαμϐἀνετο·
1832 1106 1972 1159 οὕτω

387 1184 454 1255 δὴ
492 1187 912 1254 προσϐάλλουσα
959 1192 1070 1253 τοῖς
1100 1194 1300 1263 ὁρῶσιν
1338 1196 1370 1264 ἠ
1404 1194 1497 1247 τοῦ
1525 1194 1677 1264 ἡλίου
1708 1213 1971 1264 φωτεινο-

389 1276 525 1346 τέρα
559 1280 778 1348 νεφέλη,
817 1283 952 1334 πᾶσι
1002 1284 1102 1352 μὲν
1154 1286 1526 1357 ἁκατανὸητος
1577 1286 1814 1357 διέμενε,
1843 1288 1974 1340 δυσ-

391 1366 669 1439 θεώρητος
720 1372 773 1423 δὲ
814 1374 926 1436 τοῖς
985 1377 1180 1429 νεωστὶ
1233 1379 1798 1448 προσεντυγχάνουσιν
1833 1378 1972 1449 αὐτῇ

391 1462 510 1522 ταῖς
545 1463 642 1532 τῆς
675 1463 897 1531 χάριτος
936 1465 1156 1532 αἴγλαις
1195 1468 1517 1525 καθίστατο.

1200 256 1482 319 ORATIO
1523 261 1605 322 IN
1645 262 1745 323 SS.
1808 264 2157 325 DEIPAR.E
2202 268 2770 333 VlSlTATlONEM.

460 356 632 413 Τοῦτο
657 359 836 413 τοίνυν
864 362 896 431 ἡ
921 361 1293 432 ἀπειρόκακος
1335 370 1650 433 συνκθοούσα,
1677 371 1973 441 λογισμοὺς
2018 384 2049 435 λ

3542 281 3647 342 666

2157 377 2267 430 lloc
2300 377 2485 448 itaque
2518 397 2640 435 eum
2674 393 2863 438 nosset
2898 385 2989 449 illa
3015 383 3261 456 cujusvis
3290 386 3514 445 malitia
3541 405 3648 444 ne-

2077 466 2188 520 scia
2214 468 2347 537 (69),
2401 486 2588 525 secum
2625 474 2740 543 ipsa
2799 477 3110 546 reputabat,
3153 494 3390 546 quanam
3434 479 3648 537 ratione

2075 560 2419 625 sacerdotem
2471 557 2775 619 alloc'utura
2825 577 3005 632 esset;
3049 583 3159 623 non
3222 569 3369 638 quod
3414 585 3536 639 quae
3578 570 3650 625 ad

2076 649 2247 720 ipsam
2296 653 2667 722 pertinebant.
2708 658 3041 726 incomperta
3074 658 3161 714 isti
3210 661 3391 713 lorent
3421 677 3436 725 ;
3468 675 3649 730 neque

2075 743 2220 796 enim
2258 744 2325 800 de
2352 745 2456 800 hoc
2486 748 2718 805 sollicita
2752 760 2865 803 erat
2895 766 3030 819 pura
3058 752 3153 804 illa
3181 751 3249 805 ab
3281 751 3431 806 omni
3463 761 3652 808 osten-

2080 835 2320 899 tatione;
2351 838 2447 891 sed
2487 854 2611 892 cum
2643 841 2888 903 ignotum
2932 820 3213 896 hominem
3245 843 3449 920 alloqui
3481 859 3643 914 opor-

2080 934 2240 990 teret,
2282 927 2357 981 rei
2403 928 2643 995 insolitas
2702 933 3038 987 verecundia
3083 934 3528 989 sulfundebatur.
3584 935 3652 989 Et

2078 1030 2207 1070 sane
2233 1019 2376 1085 quod
2405 1019 2471 1072 ad
2507 1021 2764 1088 praeclara
2798 1022 2919 1092 ejus
2947 1024 3385 1092 introspicienda
3410 1031 3646 1093 spectat,

2080 1124 2186 1163 nou
2214 1109 2386 1181 magis
2419 1126 2482 1165 ea
2521 1122 2803 1181 comperta
2858 1114 2935 1168 illi
2980 1115 3281 1177 habebant,
3321 1116 3417 1184 qui
3474 1116 3652 1170 oculis

2078 1216 2197 1255 eam
2231 1212 2649 1270 conspexerant,
2683 1214 2737 1259 ct
2774 1206 3009 1275 longiori
3042 1205 3383 1274 inspectione
3405 1198 3651 1261 contem-

2078 1291 2206 1361 plati
2240 1291 2481 1355 fuerant,
2518 1309 2682 1362 quam
2718 1305 2775 1349 et
2800 1294 2891 1348 alii
2924 1312 2991 1348 ex
3018 1296 3212 1365 auditu
3248 1296 3601 1366 perciperent
3632 1313 3647 1351 :

2079 1393 2245 1453 atque
2287 1385 2360 1439 ita
2386 1384 2516 1441 dum
2551 1387 2730 1443 nubes
2755 1388 2847 1444 illa
2876 1389 2992 1449 sole
3027 1387 3264 1443 lucidior
3294 1388 3351 1443 in
3380 1397 3655 1443 contuen-

2082 1475 2216 1529 tium
2244 1489 2528 1546 aspectum
2552 1480 2783 1546 veniret,
2814 1481 3058 1549 cujusvis
3096 1480 3320 1549 quidem
3350 1480 3651 1535 intellectui

389 1556 643 1610 manebat
671 1557 966 1625 impervia;
1003 1560 1072 1614 ab
1095 1561 1161 1614 iis
1188 1578 1339 1629 vero,
1373 1563 1468 1633 qui
1499 1563 1677 1635 primo
1706 1565 1762 1619 in
1825 1566 1999 1637 ipsam
2040 1567 2374 1637 inciderent,
2445 1588 2514 1627 ne
2540 1576 2813 1643 aspectari
2842 1576 3066 1645 quidem
3093 1576 3165 1630 ob
3192 1564 3497 1630 emiCantes
3531 1587 3655 1643 gra-

392 1651 481 1704 tiae
511 1649 753 1720 fulgeres
782 1650 941 1708 facile
969 1665 1203 1725 poterat.

459 1750 551 1815 εἶ’.
573 1750 764 1821 Τούτῳ
792 1752 890 1820 μὲν
917 1752 995 1821 τῷ
1018 1752 1205 1823 τρόπῳ
1230 1755 1329 1824 τὴν
1348 1754 1444 1807 τοῦ
1466 1757 1758 1826 προσόντος
1784 1758 1977 1828 ἱερέως

2154 1758 2245 1813 Vl.
2278 1759 2394 1813 Hac
2429 1758 2613 1826 itaque
2662 1760 2874 1813 ratione
2908 1760 2976 1813 ad
3009 1759 3320 1827 proximum
3352 1757 3656 1813 sacerdotis

388 1840 767 1913 ἐδυσχέραινεν
815 1843 1031 1926 ὁμιλίαν
1058 1861 1072 1875 ’
1124 1845 1277 1913 ὅμως
1344 1845 1401 1899 δὲ
1440 1847 1518 1917 τῷ
1561 1847 1978 1902 συνευδοκοῦντμι

391 1935 489 1986 καὶ
521 1933 599 2003 τῷ
650 1934 712 1986 τὸ
747 1936 1051 2006 μυστήριον
1096 1938 1410 2007 ὲνεργούντι
1454 1940 1574 2009 Θεῷ
1622 1942 1750 2006 τοὺς
1786 1943 1977 2011 λόγους

389 2025 758 2096 ἁνατιθεμένη
789 2068 804 2090 ,
849 2026 995 2080 οὕτω
1046 2030 1489 2100 προσδιελέγετο·
1546 2035 1620 2087 Σύ
1654 2075 1669 2099 ,
1707 2035 1977 2097 Δέσποτα,

390 2116 651 2185 λέγουσα,
683 2108 758 2182 ὥς
790 2120 1020 2173 καὶτῶν
1045 2121 1146 2193 ἤδη
1183 2122 1508 2191 φθασάντων
1538 2126 1617 2188 είς
1655 2126 1753 2196 ἐμὲ
1781 2126 1840 2178 τὸ
1880 2126 1980 2179 πέ-

393 2224 493 2279 ρας
542 2209 908 2280 ἁγαθωτέρως
955 2212 1395 2283 διῳκονόμησας,
1447 2217 1870 2285 ἀκατάγνωστόν
1920 2235 1978 2271 τε

389 2300 491 2369 τὴν
533 2303 737 2355 οἰκέτιν
796 2321 890 2356 σου
923 2305 1270 2377 διετήρησας,
1313 2310 1405 2361 καὶ
1451 2309 1510 2361 τὸ
1556 2309 1648 2362 τοῦ
1692 2310 1979 2379 μέλλοντος

392 2394 725 2448 δυσάκιυστον
780 2396 1099 2450 ἐποπτεύων
1165 2398 1487 2464 διευθύνοις.
1546 2402 1656 2470 Τῆς
1711 2403 1811 2471 σῆς
1866 2402 1977 2471 γὰρ

392 2482 521 2536 ὄντα
561 2485 904 2555 προμηθείας
946 2487 1220 2557 ἑκάτερα,
1258 2487 1454 2555 Κύριε,
1494 2491 1598 2543 ὐπὸ
1650 2489 1745 2545 σοῦ
1801 2509 1979 2562 παρα-

393 2573 558 2640 δόξως
580 2576 1047 2648 ἀποπληροῦνται.
1077 2578 1236 2648 ξένην
1268 2580 1461 2650 ἔχοντα
1488 2583 1581 2635 καὶ
1611 2585 1712 2653 τὴν
1740 2582 1976 2654 ὕπαρξιν

397 2669 493 2722 καὶ
526 2670 627 2740 τὴν
674 2669 921 2724 ἔκϐασιν.
986 2671 1083 2734 Τίς
1116 2672 1247 2742 γὰρ,
1284 2666 1328 2725 ὦ
1371 2674 1680 2746 Δημιουργέ
1714 2693 1837 2747 μου,
1869 2676 1979 2729 τῶν

396 2764 892 2833 προγεγενημένων
925 2763 1169 2824 δικαίων.
1203 2766 1465 2819 τοιούτων
1517 2775 1610 2823 καὶ
1643 2768 1978 2841 τηλικούτων

395 2851 628 2920 ἠξίωται
689 2854 799 2905 τῶν
862 2852 1129 2923 δωρεῶν;
1183 2855 1281 2923 Τίς
1326 2855 1660 2925 κατάὶληλον
1712 2858 1832 2928 ἐμοὶ
1882 2855 1980 2929 τὴν

401 2945 565 3015 μέχρι
596 2943 698 3013 τῆς
727 2943 1011 3014 παρούσης
1055 2945 1118 2997 ὲκ
1156 2944 1391 3015 βρέφους
1425 2946 1700 3017 διαγωγὴν
1730 2944 1975 3016 ἐκληρὼυ

400 3052 572 3102 σατο;
608 3035 705 3099 Τίς
735 3037 1090 3107 πατριαρχῶν
1139 3039 1410 3107 κατήκοος
1456 3040 1856 3110 παραπὶησίως
1886 3039 1979 3105 γέ-

397 3216 778 3286 ἧνωτίσθησαν
810 3218 1178 3286 ἐπαγγελίας;
1208 3221 1467 3287 Μεγάλαις
1501 3239 1590 3291 μοι
1614 3221 1755 3274 δοκῶ
1782 3223 1876 3274 καὶ
1904 3221 1982 3291 τῷ

397 3310 547 3375 γένει
584 3310 683 3374 τὰς
731 3310 1051 3382 εὐεργεσίας
1104 3328 1200 3364 σου
1244 3311 1657 3382 περιγίνεσθαι,
1711 3312 1978 3369 Δέσποτα.

400 3402 556 3466 ξένας
595 3402 696 3465 τὰς
731 3401 961 3471 δωρεὰς,
1002 3404 1295 3471 καινότερα
1335 3404 1401 3455 τὰ
1432 3404 1585 3473 τέλησ
1628 3407 1720 3455 καῖ
1751 3403 1856 3473 γὰρ
1890 3402 1981 3454 καὶ

396 3492 469 3545 τὰ
497 3492 755 3562 προοίμια
788 3494 972 3549 καινά.
1012 3492 1077 3546 Τί
1107 3492 1174 3547 ἂν
1209 3495 1335 3564 περὶ
1364 3495 1581 3546 πάντων
1616 3494 1822 3546 τούτων
1857 3494 1984 3546 ἀντ-

397 3581 660 3651 αποδοίην
694 3599 799 3645 σοι,
847 3584 1057 3654 Κύριε;
1100 3584 1295 3645 Ποίους
1342 3583 1798 3655 εὐχαριστηρίους
1820 3585 1982 3652 ὲφευυ

405 3673 675 3744 ρίσκουσα
728 3676 922 3742 λόγους
956 3717 971 3742 ,
1022 3676 1331 3747 ἀμείψομαί
1391 3694 1450 3730 σε
1500 3677 1593 3731 τὸν
1640 3677 1979 3747 εὐεργέτην;

414 3767 549 3823 Ἰδοὺ
581 3767 708 3837 γὰρ,
744 3768 941 3839 Κύριε,
966 3767 1046 3839 τῷ
1070 3769 1147 3840 σῷ
1178 3769 1481 3839 πειθομένη
1521 3770 1833 3840 μυστηρίῳ,
1865 3772 1978 3831 τοῖς

400 3862 868 3931 προκηρυχθείσιν
900 3862 1180 3932 ἐφέπομαι
1214 3862 1560 3934 πράγμασιν.

402 3953 747 4008 retribuam?
768 3955 900 4022 Quae
926 3956 1094 4011 verba
1119 3957 1364 4026 reperire
1386 3974 1603 4028 queam,

2080 1851 2416 1921 colloquium
2443 1850 2840 1914 addubitabat;
2868 1850 3033 1907 simul
3061 1866 3195 1904 vero
3234 1851 3302 1904 ad
3327 1851 3519 1911 Deum,
3553 1852 3649 1918 qui
3742 1838 3759 1845 “

2083 1945 2139 1999 in
2169 1944 2259 1998 illa
2280 1943 2386 1998 sibi
2417 1942 2820 2011 complaeebat.
2847 1958 2913 1996 ac
2932 1942 3253 2012 mysterium
3295 1940 3654 2008 operabatur,

2082 2050 2394 2091 sermonem
2427 2036 2667 2106 erigens,
2702 2036 2790 2089 his
2831 2049 2957 2090 eum
3004 2034 3168 2088 dictis
3199 2033 3472 2087 aliabatur
3506 2050 3518 2084 :
3548 2032 3654 2095 Tu,

2082 2126 2347 2187 Domine,
2401 2126 2729 2195 inquiebat,
2785 2124 3251 2195 quemadmodum
3298 2139 3359 2176 ea
3416 2136 3658 2190 quoque,

2082 2232 2203 2285 quae
2228 2215 2281 2269 in
2313 2231 2396 2269 me
2428 2216 2648 2284 impleta
2672 2217 2782 2284 jam
2831 2224 2981 2274 sunt,
3009 2214 3076 2269 ad
3112 2229 3436 2283 prosperum
3494 2210 3656 2269 liuent

2084 2323 2185 2377 pro
2218 2321 2430 2360 summa
2473 2315 2563 2359 tua
2608 2306 2852 2360 bonitate
2892 2305 3240 2375 perduxisti.
3288 2306 3658 2373 ancillamque

2084 2408 2231 2452 tuam
2261 2398 2488 2455 servasti
2520 2398 2958 2470 irreprehensam
3004 2397 3138 2466 (7.0),
3188 2398 3305 2467 pari
3334 2397 3522 2451 itidem
3560 2396 3660 2450 be—
3712 2462 3718 2467 _

2082 2491 2374 2562 nignitate.
2406 2491 2674 2562 quidquid
2706 2490 2865 2545 ardui
2894 2490 3022 2543 dein
3048 2491 3235 2553 instet,
3278 2487 3660 2549 considerans,

2084 2580 2167 2634 fac
2197 2597 2283 2634 me
2319 2579 2544 2647 dirigas.
2577 2578 2714 2633 Cum
2740 2578 2886 2632 enim
2914 2578 2985 2632 ad
3020 2577 3425 2647 providentiam
3466 2588 3614 2631 tuam
3643 2616 3659 2636 .

2082 2687 2114 2725 ο
2146 2673 2393 2735 Domine,
2419 2681 2649 2740 utraque
2680 2679 2948 2741 spectent,
2977 2671 3076 2725 abs
3111 2681 3161 2724 te
3195 2679 3395 2740 praeter
3437 2668 3657 2739 Opinio-

2082 2780 2207 2833 nem
2245 2765 2468 2833 habent,
2498 2774 2560 2818 ut
2592 2764 2791 2817 mirum
2826 2763 3164 2833 principium
3193 2763 3350 2833 juxta
3382 2777 3447 2816 ac
3500 2761 3666 2815 tinem

2082 2858 2402 2917 sortiantur.
2427 2857 2561 2925 Quis
2590 2858 2758 2922 enim,
2797 2872 2830 2912 ο
2877 2856 3102 2913 Creator
3151 2872 3326 2925 meus,
3357 2857 3482 2926 quis
3533 2855 3671 2913 antis

2081 2966 2315 3019 quorum
2340 2951 2616 3021 justorum
2646 2950 2872 3013 talibus,
2925 2959 3145 3020 tamque
3195 2948 3473 3020 praeclaris
3503 2947 3663 3003 donis

2084 3042 2283 3113 dignus
2314 3058 2556 3113 unquam
2580 3052 2664 3097 est
2695 3042 2953 3097 habitus?
2995 3041 3132 3109 Quis
3166 3056 3287 3099 eam
3317 3039 3549 3097 sortitus
3581 3048 3667 3094 est

396 3143 555 3194 γονεν
588 3127 937 3197 ὑποσχέσεων
993 3128 1291 3193 τοιούτωνς
1345 3130 1502 3193 Τίνος
1554 3126 1674 3198 ,ὦτα
1723 3131 1982 3194 τοιαύτας
2011 3106 2051 3159 C

2090 3134 2213 3187 vitae
2248 3133 2540 3196 rationem,
2572 3147 2695 3201 quae
2726 3148 2851 3187 cum
2896 3133 3007 3185 vita
3062 3147 3204 3195 mea,
3238 3130 3307 3184 ab
3334 3128 3563 3184 infantia
3597 3126 3666 3180 ad

2092 3232 2416 3295 praesentem
2447 3239 2619 3293 usque
2650 3224 2822 3289 diem,
2855 3223 3166 3291 comparari
3203 3221 3404 3290 queat?
3443 3218 3667 3275 Cuinaln

2091 3317 2530 3385 patriarcharum
2562 3314 2818 3370 similiter
2847 3313 3098 3382 contigit,
3129 3322 3189 3366 ut
3218 3322 3325 3365 tam
3361 3312 3537 3379 ampla
3563 3309 3668 3363 sibi

2091 3404 2578 3476 proponerentur?
2607 3404 2907 3474 Cujusnam
2964 3418 3130 3458 aures
3173 3402 3493 3472 huiusmodi
3536 3418 3664 3470 pro-

2079 3497 2384 3552 'missioncs
2410 3496 2789 3566 exceperunt?
2826 3495 3098 3567 Ingentia,
3127 3512 3161 3551 ο
3212 3495 3463 3559 Domine,
3511 3495 3666 3556 mihi,

2089 3601 2145 3645 et
2171 3590 2359 3657 generi
2394 3605 2516 3643 meo
2548 3588 2645 3643 abs
2676 3598 2726 3643 te
2773 3590 2951 3657 parari
2995 3587 3161 3644 video
3188 3586 3476 3650 beneﬁcia,
3521 3586 3665 3641 dona

2090 3684 2487 3754 peregrina,et
2525 3698 2649 3752 quae
2706 3682 2775 3736 ad
2815 3683 3022 3749 exitum
3081 3683 3244 3752 plane
3297 3695 3502 3735 novum
3546 3694 3670 3746 per-

2089 3778 2321 3848 tingant,
2356 3776 2560 3847 quippe
2607 3791 2845 3846 quorum
2877 3785 2933 3831 et
2968 3776 3274 3847 primordia
3326 3774 3490 3845 plane
3538 3780 3668 3827 sunt

2088 3866 2360 3921 inaudita.
2393 3865 2536 3933 Quid
2579 3866 2679 3922 tibi
2727 3882 2823 3937 pro
2876 3866 3029 3922 hisce
3071 3868 3351 3926 omnibus,
3414 3864 3666 3929 Domine,

1686 3969 1747 4013 ut
1784 3962 2112 4029 promcritas
2169 3962 2374 4032 gratias
2410 3976 2564 4032 agam
2594 4001 2608 4025 ,
2655 3961 2943 4030 vicemque
2987 3961 3087 4014 tibi
3135 3957 3477 4014 benefactori
3546 3970 3669 4009 meo

403 4050 742 4118 rependam?
788 4052 929 4106 Ecce
994 4067 1192 4122 nempe
1253 4054 1384 4115 tuis,
1444 4054 1710 4115 Domine.
1769 4057 1988 4109 arcanis
2012 4056 2172 4110 ﬁdem
2218 4057 2451 4122 habens,
2477 4057 2566 4119 iis,
2586 4072 2707 4124 quae
2725 4053 3094 4126 praenuntiata
3122 4049 3591 4113 sunt,assentior.

477 4144 551 4195 Z'.
597 4141 752 4194 Ἐπεὶ
791 4144 972 4196 τοίνυν
1022 4146 1472 4214 προσεγγίσασαν
1517 4147 1685 4215 αὐτὴν
1728 4149 1756 4200 ὁ
1801 4148 1985 4217 ἱερεὺς

403 4235 619 4287 κατεῖδε
656 4275 670 4293 ,
728 4237 989 4301 τοιαύτας
1049 4240 1397 4309 προμυηθεὶς
1462 4241 1561 4303 τὰς
1606 4242 1986 4309 εὐχαριστίας,

402 4327 621 4398 διεξῄει·
649 4330 713 4380 Ὠ
743 4329 849 4381 τῶν
891 4329 1283 4399 ὀφθησομένων
1319 4348 1411 4402 μοι
1448 4332 1691 4401 τήμερον
1723 4332 1941 4398 ἀγαθῶν
1968 4332 1980 4384 !

409 4418 476 4468 ’Ὠ
515 4420 881 4489 χαριεστάτης
938 4422 1174 4492 ἡμέρας,
1217 4423 1340 4492 ἥτις
1391 4421 1491 4492 τὴν
1535 4422 1792 4489 τοιαύτην
1857 4437 1987 4472 συν-

404 4509 639 4578 ήνεγκεν
674 4512 1051 4582 εὐφροσύνηνί
1082 4516 1146 4567 Ὢ
1176 4514 1473 4584 ἐπιδημίας
1499 4513 1559 4565 τὸ
1587 4513 1727 4583 ὑπὲρ
1758 4515 1865 4566 πᾶν
1897 4530 1987 4565 κο-

413 4602 681 4674 μιζούσης
741 4605 943 4660 καλύνῑ
987 4607 1051 4659 Ὢ
1102 4606 1373 4677 Παρθένε,
1427 4605 1616 4676 ἡλίκον
1666 4607 1727 4657 τὸ
1768 4606 1895 4676 περὶ
1929 4607 1987 4658 σὲ

404 4775 515 4815 non
548 4758 924 4830 aliumifuisse
953 4775 1117 4828 quam
1150 4759 1498 4830 Zachariam,
1530 4768 1740 4830 patrem
1803 4757 1980 4830 sancti

407 4829 797 4891 Praecursoris.
823 4827 1090 4898 illumque
1117 4846 1180 4883 ea
1227 4827 1811 4884 occasioneeiloctum
1841 4827 1985 4898 divi-

406 4902 561 4970 nitus
598 4900 771 4970 fuisse
795 4899 863 4954 de
899 4897 1073 4954 beata:
1105 4900 1345 4970 Virginis
1370 4900 1737 4970 magnalibus.
1893 4897 1907 4912 “

480 4969 590 5032 (εδει)
624 4969 753 5024 Haec
790 4985 1010 5039 quoque
1043 4969 1293 5038 pluribus
1316 4971 1439 5023 aliis
1481 4969 1730 5025 addenda
1765 4979 1849 5024 est
1880 4986 1983 5026 no-

405 5039 892 5103 menclationibus,
938 5039 1142 5109 quibus
1184 5039 1344 5107 Virgo
1392 5041 1619 5108 Deipara
1673 5040 1982 5093 exornaba-

406 5122 519 5165 tur.
547 5111 606 5165 Et
647 5110 747 5162 ista
778 5110 1001 5179 quidem
1040 5110 1454 5179 (ἀπειρόκακος)
1479 5112 1584 5163 vim
1612 5122 1839 5176 prorsus
1867 5125 1985 5175 ma-

404 5182 580 5250 jorem
616 5179 787 5234 habet
819 5179 885 5232 ad
924 5180 1295 5234 omnimodant
1343 5183 1464 5249 ejus
1507 5181 1800 5250 puritatem
1840 5181 1987 5235 cele-

474 5250 697 5315 andam,
735 5265 899 5318 quam
933 5250 1117 5319 plures
1142 5251 1283 5315 aliae,
1313 5252 1545 5320 ἄμωμος
1575 5266 1625 5304 v.
1657 5265 1740 5318 gr.
1777 5250 1984 5318 ἀμίαν-

408 5338 521 5383 τος,
556 5321 869 5390 ἄμεμπτος,
898 5320 1221 5387 ἁμόλυντος,
1254 5319 1483 5383 ἄσπιλος
1506 5329 1561 5373 ct
1585 5331 1687 5374 eaet
1735 5336 1749 5383 ;
1774 5323 1978 5390 quippe

407 5406 706 5460 quasnam
745 5389 988 5445 habeant
1033 5390 1345 5460 veritatem.
1404 5390 1530 5444 lic.'t
1565 5390 1620 5452 ii,
1658 5390 1724 5443 de
1775 5389 1980 5457 quibus

408 5458 805 5530 praedicantur.
838 5469 1026 5527 turpes
1057 5459 1111 5530 in
1156 5470 1500 5530 antecessum
1544 5460 1778 5530 maculis
1811 5461 1983 5514 exsti-

409 5528 577 5599 terint
610 5529 745 5596 (vid.
781 5529 970 5599 Ephes.
1003 5546 1039 5593 ι,
1070 5528 1124 5592 ὦ,
1155 5528 1355 5585 Coloss.
1391 5546 1426 5588 l,
1462 5531 1551 5587 Ἡ.
1589 5542 1644 5583 et
1669 5528 1875 5584 Suicer.
1915 5531 1982 5587 atl

409 5616 494 5653 vv.
528 5600 912 5670 ipspmoget
964 5600 1220 5669 ἄμωμος)
1254 5616 1377 5652 cum
1417 5611 1598 5653 tamen
1659 5615 1823 5655 neruo
1857 5616 1986 5655 vere

408 5665 913 5737 ἀπειρόκακοςῖἰίεἱ
940 5665 1123 5739 queat,
1159 5672 1250 5739 qui
1280 5672 1359 5725 vel
1387 5671 1553 5724 semel
1587 5669 1705 5723 labe
1734 5671 1986 5741 qiurpiam

2167 4148 2279 4203 VII.
2332 4147 2468 4201 Cum
2507 4149 2719 4217 {itaque
2786 4146 3138 4200 accedentem
3195 4146 3343 4198 illam
3409 4140 3669 4199 sacerdos

2093 4237 2494 4306 conspexisset,
2542 4237 2597 4290 in
2634 4237 2933 4306 gratiarum
2976 4235 3222 4290 actiones
3262 4242 3443 4289 mente
3473 4232 3673 4286 divini-

2097 4338 2184 4382 tus
2217 4329 2488 4383 illustrata
2518 4330 2599 4385 sic
2627 4327 2953 4397 erumpebat
2980 4344 2993 4379 :
3025 4324 3068 4380 0
3114 4328 3293 4394 qualia
3336 4326 3511 4380 oculis
3537 4324 3674 4378 meis

2099 4420 2366 4475 hodierna
2422 4420 2512 4473 die
2563 4419 2987 4490 contemplanda
3029 4428 3159 4472 sunt
3220 4419 3395 4472 boual
3446 4416 3490 4473 Ο
3528 4416 3672 4470 diem

2098 4511 2517 4574 faustissimam,
2575 4527 2698 4579 qua:
2760 4520 2970 4565 tantam
3033 4510 3280 4565 latlitiam
3341 4507 3572 4561 obtulitl
3630 4504 3675 4558 0

2101 4605 2426 4667 adventum,
2457 4603 2551 4673 qui
2595 4603 2805 4658 bonum
2839 4619 3008 4674 super
3042 4618 3206 4667 omne
3256 4601 3463 4655 bonum
3498 4597 3677 4652 addu~

2084 4755 2320 4812 infectus
2347 4758 2534 4813 inierit.
2564 4758 2722 4825 Quod
2775 4771 2907 4811 vero
2941 4757 3105 4826 Virgo
3146 4757 3378 4825 Deipara
3430 4755 3537 4826 hac
3573 4756 3673 4824 τῆς

2081 4831 2459 4897 ἁπειροκέικου
2509 4828 2878 4897 appellatione
2930 4825 3366 4882 antonomastice
3410 4825 3668 4897 designe-

2084 4908 2190 4959 tur,
2220 4894 2290 4951 ‘id
2325 4908 2516 4968 aperte
2550 4894 2779 4954 indicat.
2835 4898 3209 4968 omnimodam
3260 4897 3399 4968 hanc
3425 4894 3670 4968 Virginis

2083 4964 2378 5037 puritatem
2416 4969 2683 5039 peculiari
2723 4967 2961 5037 quodam
2998 4967 3207 5021 honore
3232 4966 3437 5035 suspici
3463 4981 3492 5017 a
3528 4964 3668 5020 lide-

2089 5039 2237 5093 libus
2273 5042 2651 5095 consuevisse.

2156 5109 2269 5173 (70)
2302 5109 2435 5163 Mire
2470 5110 2586 5164 hare
2628 5106 3210 5177 congruuntcumiis
3242 5108 3387 5177 i'quae
3421 5104 3670 5177 Isidorus

2086 5178 2597 5233 Thessalonicensis
2629 5175 2815 5236 habet.
2854 5177 2907 5229 in
2962 5175 3189 5230 bomilia
3221 5175 3292 5230 de
3338 5176 3396 5229 S.
3418 5175 3667 5245 Deipara:

2083 5249 2386 5303 Nativitate
2425 5249 2473 5319 (§
2530 5248 2618 5311 16,
2665 5248 2798 5319 Sup.
2847 5255 3221 5319 part._t.ppag.
3261 5245 3669 5319 255).?roclw
3732 5278 3751 5295 κ.

2090 5328 2202 5373 mat
2232 5320 2381 5374 enim
2412 5316 2679 5379 Isidorus,
2702 5318 2964 5370 ‘sortitam
2991 5317 3285 5383 Deiparam
3314 5316 3337 5370 l‘
3342 5317 3488 5371 uisse
3514 5329 3677 5370 com-

2090 5405 2311 5444 munem
2346 5390 2628 5443 hominum
2659 5387 3033 5440 conditionem
3065 5387 3118 5437 in
3147 5388 3229 5456 iis,
3263 5403 3384 5456 qui:
3428 5404 3458 5438 τι
3496 5401 3689 5456 repre-.

2089 5458 2335 5514 licmione
2373 5462 2601 5523 absunt;
2655 5456 2899 5513 Jacobus
2931 5470 3063 5509 γε·το
3119 5455 3394 5527 Virginem
3459 5455 3673 5510 inducit

2092 5530 2297 5596 gratias
2334 5529 2445 5584 Deo
2485 5540 2758 5598 agentem.
2792 5527 2936 5595 quod
2980 5526 3261 5598 semetab
3284 5529 3357 5581 iis
3387 5526 3667 5588 omnibus,

2093 5614 2216 5665 quae
2251 5596 2670 5667 reprehensioni
2707 5599 2818 5654 sint
2865 5596 3125 5664 obnoxia,
3178 5597 3447 5670 integram
3484 5610 3671 5651 serva-

2094 5679 2255 5724 verit.
