4130 6202
482 294 584 358 667

1738 296 1993 357 JACOBI
2035 297 2384 357 MONACH—l

3617 289 3724 351 668

478 412 589 465 cit!
619 410 894 477 Quantum
933 413 985 466 in
1019 419 1091 476 te,
1122 429 1154 466 0
1181 414 1368 482 Virgo,
1404 411 1753 474 miraculum,
1782 421 2047 480 quantum

2176 408 2360 479 ιαῦμα,
2389 408 2512 462 ὅσον
2550 406 2611 460 τὸ
2663 407 2789 479 περὶ
2841 405 2900 459 σὲ
2957 406 3285 476 μυστήριονὲ
3333 404 3726 474 ’Λκατανὸητυν

487 504 541 555 in
581 512 632 556 te
666 502 800 556 latet
831 504 1180 572 mysterium!
1229 502 1459 557 ()mnem
1507 502 1695 572 utique
1728 500 1930 556 mentis
1958 516 2052 556 ca-

483 603 659 662 ptum,
697 604 754 646 et
781 608 998 647 omnem
1040 596 1148 647 vim
1198 596 1472 649 sermonis
1513 594 1751 658 excedit,
1783 608 1846 648 ac
1883 608 2052 662 super

484 698 701 736 onmem
731 683 949 738 dicendi
994 685 1306 740 facultatem
1349 687 1631 740 extollitur
1661 686 1794 756 (Ἠ).
1844 685 2056 752 Quibus

484 789 611 842 ergo
662 783 714 828 te
759 789 1001 845 congrue
1050 777 1320 845 excipiam
1369 778 1592 831 verbis?
1627 777 1964 843 Quibusnam
2000 786 2052 829 te

485 866 905 933 gratulabundis
936 869 1164 923 vocibus
1194 870 1542 938 compellem.
1581 883 1761 939 quove
1811 867 2056 938 gaudens

487 956 695 1009 honore
751 959 1087 1025 prosequar?
1134 958 1308 1025 Quam
1365 960 1461 1012 tibi
1515 969 1640 1028 apte
1692 958 2054 1013 reverentiam

486 1044 806 1099 exhibebo?
833 1045 1111 1112 Quosnam
1156 1051 1457 1119 excogitem
1499 1050 1614 1104 oris
1656 1064 1820 1103 sonos
1849 1048 2063 1102 suavis-

487 1136 676 1196 simus.
728 1147 787 1191 ut
822 1138 888 1191 ad
935 1139 1319 1194 suavissimum
1357 1151 1637 1209 aspectum
1672 1150 1826 1194 tuum
1875 1139 2057 1208 eloqui

489 1229 770 1283 instituant
792 1231 814 1282 ?
836 1230 1156 1285 Sermonem
1187 1234 1359 1286 vincit
1383 1233 1707 1287 miraculum
1738 1232 2062 1302 :prtecludit

491 1319 730 1388 linguam
787 1322 866 1376 rei
922 1324 1159 1390 novitas,
1215 1339 1284 1378 ne
1330 1325 1398 1379 de
1435 1325 1521 1388 iis,
1571 1339 1692 1392 quae
1740 1324 1795 1377 in
1847 1331 1899 1377 te
1934 1330 2063 1376 sunt

491 1412 843 1477 abscondita,
886 1414 1198 1484 disceptare
1248 1416 1637 1486 aggred’atur;
1672 1414 1737 1469 ad
1771 1414 1886 1468 haec
1916 1414 2059 1467 enim

494 1517 563 1554 ne
595 1520 764 1572 prope
791 1505 1014 1573 quidem
1045 1505 1310 1560 accedere
1342 1505 1600 1575 praeﬁdit.
1622 1506 1716 1559 sed
1739 1521 1801 1559 ea
1828 1515 2060 1571 tantum,

492 1608 615 1658 qua:
641 1602 691 1648 te
720 1597 1105 1658 circumstant,
1130 1598 1492 1667 contemplari
1512 1608 1567 1651 et
1596 1613 1859 1652 enarrare
1893 1613 2061 1666 exop-

496 1688 594 1733 rat.
626 1681 748 1738 Hzec
777 1685 955 1754 palam
985 1685 1292 1741 incﬂ‘abiles
1320 1687 1539 1742 divitias
1585 1694 1706 1741 tuas
1734 1687 2063 1748 ostendunt;

2159 500 2267 570 ἄρα
2295 497 2391 553 καὶ
2416 498 2696 569 ἄφραστον
2741 498 2839 552 καὶ
2892 497 3072 568 πάσης
3111 496 3420 568 διηγήσεως
3446 494 3725 549 ἐπέκεινα.

2160 592 2344 654 Ποίοις
2393 610 2454 645 σε
2489 592 2670 646 τοίνυν
2727 594 2840 654 τοῖς
2887 590 3228 661 προσήκουσι
3283 587 3613 658 δεξιώσομαι
3642 587 3730 639 λό-

2162 700 2315 751 γοις;
2375 683 2511 737 Τίνα
2568 682 2844 754 περιχαρῆ
2899 698 2983 734 σοι
3053 677 3469 748 προφθέγξομαι
3528 678 3729 746 τιμήνς

2162 774 2322 828 Ποῖόν
2392 791 2475 826 σοι
2526 773 2803 843 ἁρμοδίως
2874 770 3204 824 διατυπὼσω
3252 770 3313 822 τὸ
3369 768 3569 834 σέϐας;
3602 768 3733 820 Τίνα

2163 864 2576 935 προσλαλοῦσαν
2630 864 2891 934 ήδύτερον
2941 864 3234 932 ἐπινοήσας
3288 863 3504 932 φωνὴν,
3546 864 3610 930 τῇ
3667 862 3733 930 σῇ

2163 960 2479 1030 γλυκυτὲιτῃ
2502 959 2787 1027 προσείπω
2817 956 2915 1027 θέᾳ
2938 975 2954 1023 ;
2982 957 3125 1027 Νικᾷ
3148 956 3205 1008 τὸ
3233 955 3418 1026 θαῦμα
3446 952 3733 1019 τὸνλόγον·

2163 1051 2355 1118 δεσμεῖ
2386 1048 2487 1118 τὴν
2519 1047 2765 1116 γλῶτταν
2793 1049 2854 1099 τὸ
2880 1046 3049 1111 ξένον,
3080 1047 3141 1099 ού
3173 1045 3281 1098 τῶν
3310 1045 3368 1097 ὲν
3391 1044 3473 1096 σοὶ
3496 1057 3737 1112 κρυπτο-

2171 1141 2345 1209 μένων
2375 1141 2730 1210 πειρωμὲνην
2762 1139 3007 1207 ἔρευναν
3038 1136 3249 1199 τούτοις
3282 1135 3390 1205 γὰρ
3413 1135 3534 1187 οὐδὲ
3568 1149 3740 1202 προσ-

2176 1230 2358 1283 ϐαλεῖν
2395 1231 2605 1301 τολμᾷ,
2636 1230 2703 1282 τὰ
2732 1229 2789 1281 δὲ
2841 1229 2968 1298 περὶ
3029 1229 3089 1281 σὲ
3139 1230 3422 1280 κατανοεῖν
3474 1228 3567 1277 καὶ
3610 1225 3740 1292 ἀγο-

2174 1318 2356 1392 ρεύειν
2418 1322 2624 1374 ἐθέλειν
2681 1321 2862 1386 μόνον.
2915 1318 3104 1371 Ταῦτά
3159 1335 3251 1369 σου
3294 1317 3383 1370 τδν
3431 1316 3741 1388 ἀπόρρητον

2171 1413 2428 1481 ἐμφαίνει
2453 1410 2705 1464 πλοῦτον·
2737 1410 2911 1463 ταῦτα
2944 1411 3034 1462 τὸν
3068 1409 3495 1474 ἑναποκείμενον
3533 1423 3743 1474 τεκμη-

2176 1508 2279 1573 ριοί
2341 1521 2432 1557 σου
2480 1504 2789 1573 θησαυρόν·
2823 1504 2885 1555 ἐκ
2923 1501 3031 1555 τῶν
3093 1501 3197 1564 ἔξω
3255 1499 3743 1566 καταπληττόντων

2172 1594 2269 1664 τὴν
2294 1595 2445 1648 ἔνδον
2468 1595 2786 1665 ἀμηχανίαν
2819 1592 3243 1663 διασκοποῦμαι·
3270 1594 3333 1644 ὲκ
3352 1591 3460 1643 τῶν
3490 1590 3744 1661 ἀμυδρῶς

2173 1686 2468 1755 ὁρωμένων
2535 1689 2635 1755 τὴν
2684 1685 2908 1756 ἀφανῶς
2942 1684 3328 1755 ἀπορουμένην
3364 1683 3612 1736 κατανοῶ
3645 1700 3746 1751 μα-

499 1771 615 1826 haec
647 1774 964 1830 thesaurum
994 1777 1046 1830 in
1101 1787 1152 1832 te
1196 1780 1539 1834 reconditum
1583 1779 1965 1837 manifestam;
2000 1794 2066 1831 ex

2176 1797 2243 1832 κα
2254 1779 2499 1849 ριότητα.

492 1868 885 1931 exterioribus,
931 1886 1052 1939 quae
1092 1878 1316 1941 stupore
1368 1871 1701 1941 pereellunt,
1739 1871 2062 1925 immensam
2104 1870 2428 1925 interiorum
2470 1870 2902 1943 magnitudinem
2964 1870 3207 1941 percipio
3235 1870 3420 1935 exiis,
3455 1886 3575 1940 qum
3612 1867 3745 1923 sub-

496 1959 733 2014 obscure
765 1972 1088 2024 cernuntur.
1133 1978 1361 2032 prorsus
1391 1964 1650 2018 latentem
1688 1962 2068 2017 animadverto
2107 1960 2447 2018 beatitatem.

566 2075 699 2128 Vill.
764 2073 809 2129 0
849 2077 1067 2143 generis
1114 2079 1287 2131 uoSIri
1344 2079 1656 2134 fecunditas
1698 2079 1842 2148 (72)!
1892 2078 2066 2145 Quam

497 2166 819 2221 exuberanti
871 2168 1050 2223 fructu
1103 2171 1337 2224 ditatum
1388 2171 1523 2226 illud
1573 2173 1691 2226 est!
1746 2171 2070 2227 Fertilitatis

500 2252 815 2324 bujusmodi
855 2256 1200 2312 nobilissimo
1224 2260 1472 2330 germine
1505 2260 1817 2329 pracelsam
1850 2263 2071 2331 angelo-

501 2359 622 2398 rum
672 2355 922 2399 naturam
968 2349 1256 2416 superavit
1310 2350 1441 2419 (75).
1495 2350 1853 2420 Propaginem
1910 2352 2068 2405 istam

499 2440 744 2495 extendit
772 2457 947 2510 usque
975 2441 1041 2495 ad
1092 2459 1262 2507 mare,
1294 2455 1348 2497 et
1374 2459 1546 2513 usque
1580 2444 1646 2497 ad
1679 2448 1877 2498 coelum
1910 2459 2070 2498 suum

500 2528 675 2597 ipsius
700 2531 978 2599 palmitem
1012 2533 1227 2597 extulit,
1255 2534 1421 2587 vitem
1445 2535 1589 2587 illam
1619 2534 1831 2588 scilicet
1853 2533 2071 2589 fruetus

501 2620 622 2672 sine
674 2620 995 2691 irrigatione
1044 2622 1380 2693 gignentem,
1414 2634 1605 2679 sancto
1641 2626 1848 2694 Spiritu
1883 2627 2074 2680 fecun-

501 2712 704 2775 datam.
735 2718 921 2785 gratia:
954 2717 1205 2772 ubertate
1248 2718 1572 2788 saginatam,
1606 2734 1883 2773 racemum
1919 2721 2073 2774 nullo

507 2814 787 2872 praeeunte
827 2808 977 2862 cultu
1026 2808 1317 2876 ferentem,
1356 2826 1387 2866 e
1432 2827 1543 2880 quo
1567 2812 1801 2879 dulcedo
1842 2812 2075 2869 distillat

508 2896 953 2965 immortalitatis,
1004 2916 1034 2955 e
1092 2917 1201 2970 quo
1234 2902 1473 2973 mystica:
1513 2904 1714 2959 laetitia:
1748 2915 1963 2961 torrens
1995 2907 2077 2961 ef-

507 2984 778 3051 funditur,
819 3005 849 3044 e
900 3005 1010 3059 quo
1061 2992 1301 3047 salutare
1331 2993 1586 3063 poculum
1622 2995 1905 3064 impletum
1954 3013 2076 3053 om-

505 3093 624 3142 nes,
677 3082 772 3148 qui
831 3097 896 3136 ex
955 3098 1022 3136 eo
1084 3083 1297 3138 bibant.
1359 3086 1793 3156 ineorruptionis
1848 3104 2075 3145 munere

508 3168 724 3225 ditabit.

578 3278 621 3333 Ο
652 3282 857 3349 planta,
902 3284 1025 3338 cmli
1058 3301 1297 3340 convexa
1343 3288 1639 3359 attingens,
1692 3307 1812 3359 quae
1852 3306 1982 3347 sane
2021 3299 2077 3348 et

2250 2079 2330 2130 H'.
2370 2079 2435 2131 Ὢ
2486 2084 2591 2149 τῆς
2641 2079 2735 2133 τοῦ
2795 2080 2987 2148 γένους
3034 2078 3332 2148 εὐφορίαςί
3368 2079 3460 2141 Εἰς
3504 2078 3625 2131 ὅσον
3660 2078 3749 2131 τὸν

2181 2170 2390 2237 καρπὸν
2420 2170 2778 2225 ἐπλεόνασενί
2819 2171 3025 2242 ’Υπερῇ
3038 2188 3093 2241 ρε
3133 2171 3234 2240 τὴν
3260 2169 3368 2223 τῶν
3391 2170 3641 2238 ἀγγέλων
3670 2172 3751 2222 εύ-

2179 2261 2515 2333 θυνουμένην
2551 2263 2711 2330 φύσιν
2754 2262 2832 2332 τῷ
2879 2264 3212 2332 μεγαλοερυεῖ
3243 2264 3343 2331 τῆς
3374 2263 3751 2332 καρπθφρρίας

2177 2353 2378 2423 ταύτης
2410 2355 2775 2424 βλαστήματι.
2823 2355 3088 2419 Ἐξέτεινε
3123 2358 3223 2426 τὴν
3265 2354 3596 2425 παραφυὰδα
3624 2357 3753 2408 ταύ-

2178 2460 2279 2513 την
2302 2444 2408 2506 ἕως
2439 2442 2736 2513 θαλάσσης,
2768 2445 2862 2495 καὶ
2894 2443 3002 2506 ἓως
3032 2443 3268 2511 οὐρανοῦ
3317 2443 3377 2496 τὸ
3417 2442 3614 2511 ἑαυτῆς
3660 2444 3753 2494 ἀν-

2181 2535 2347 2588 έδωκε
2386 2535 2594 2605 κλῆμα,
2624 2535 2720 2606 τὴν
2753 2538 3063 2598 ἀποτίστως
3089 2535 3333 2604 φύουσαν
3361 2533 3625 2603 ἄμπελον,
3655 2533 3752 2600 τὴν

2180 2629 2257 2699 τῷ
2290 2629 2431 2698 ἁγίῳ
2465 2629 2742 2698 Πνεύματι
2796 2625 3215 2698 πυκαζομένην,
3254 2628 3353 2697 τὴν
3394 2625 3751 2695 πιαινομένην

2180 2721 2247 2788 τῇ
2285 2719 2491 2788 χάριτι,
2519 2719 2619 2788 τὴν
2663 2719 2753 2770 τὸν
2787 2716 3143 2788 ἀγεώργητον
3180 2708 3635 2787 καρποφοροῦσαν
3665 2713 3753 2783 βό-

2182 2827 2337 2881 τρυν,
2362 2812 2421 2875 ἐξ
2461 2808 2523 2865 οὗ
2554 2811 2614 2865 τδ
2642 2813 2740 2877 τῆς
2785 2811 3085 2873 ἀθανασίας
3114 2808 3466 2862 ἁποθλίόεται
3502 2804 3753 2874 γλεῦκος,

2181 2904 2276 2973 ἀφ’
2310 2900 2370 2959 οὗ
2396 2903 2455 2957 τὸ
2486 2905 2586 2974 τῆς
2632 2905 2906 2974 μυστικῆς
2932 2901 3277 2973 εὐφροσύνης
3311 2900 3605 2971 προχέεται
3645 2901 3753 2967 ρεῖ-

2184 2997 2334 3067 θρον,
2385 2998 2444 3064 ἐξ
2474 2991 2644 3067 οὗπερ
2691 2998 2718 3050 ὁ
2776 2997 3044 3067 σωτήριος
3084 2994 3458 3066 πληρούμενος
3512 2991 3753 3063 κρατὴρ,

2185 3090 2492 3160 ἀφθαρσίας
2521 3089 2648 3153 τοὺς
2680 3089 3007 3167 μεθέξοντας
3041 3089 3339 3159 ἐμπλήσει.

2258 3292 2322 3344 Ὢ
2382 3291 2555 3361 φυτοῦ
2609 3290 2719 3345 τῶν
2766 3289 3037 3360 οὐρανίων
3076 3288 3281 3358 ἀψίδων
3330 3287 3753 3358 ἐξικνουμένου,

508 3372 660 3440 ipsos
704 3377 872 3431 caelos
917 3380 1417 3449 praetergredietur,
1472 3353 1528 3434 et
1561 3353 1833 3439 universis
1874 3383 2073 3440 intelli-

2176 3358 2320 3457 ’ὅπερ
2345 3353 2542 3449 αύτούς
2564 3401 2624 3436 τε
2655 3353 2978 3453 παρελασει,
3011 3382 3106 3435 καὶ
3127 3353 3324 3443 πάσας
3369 3353 3564 3450 νοερᾶς
3592 3378 3755 3445 ὑπερ·

509 3463 767 3531 gentibus
788 3467 1087 3523 virtutibus
1115 3470 1407 3526 sublimius
1435 3474 1789 3530 ascendeth
1819 3476 2075 3530 umbrosa

505 3555 695 3617 arbor,
743 3574 864 3625 quae
906 3561 1221 3614 universam
1276 3572 1527 3615 naturam
1577 3566 1902 3620 rationalem
1948 3582 2081 3620 con-

510 3646 648 3698 texit
677 3647 813 3714 (7i),
840 3656 896 3700 et
924 3662 1090 3716 super
1125 3666 1368 3716 omnem,
1398 3668 1519 3722 quae
1545 3655 1847 3724 excogitari
1884 3657 2077 3725 possit,

511 3737 855 3791 altitudinem
904 3746 988 3791 est
1018 3748 1240 3806 evecta;
1275 3757 1305 3795 e
1353 3759 1457 3813 qua
1486 3746 1761 3814 plantator
1796 3749 2081 3806 recondito

514 3828 674 3894 plane
710 3828 872 3883 modo
912 3831 1080 3886 veluti
1121 3848 1151 3886 e
1201 3844 1386 3889 monte
1432 3852 1727 3893 nemoroso
1759 3841 1993 3907 orietur,
2024 3851 2081 3897 et

515 3920 713 3989 figuras
740 3918 793 3975 in
825 3922 1012 3986 finem,
1063 3926 1129 3981 ad
1165 3942 1328 3996 quem
1379 3929 1632 3993 tendunt,
1677 3932 1925 3987 veritatis
1952 3950 2083 3989 con-

515 4013 727 4078 trahet;
764 4015 922 4084 cujus
945 4016 1039 4084 qui
1075 4019 1412 4087 pereipietur
1437 4020 1670 4086 fruetus,
1697 4025 1955 4080 omnibus
1987 4029 2082 4079 (le-

511 4108 862 4174 gnstantibus
929 4109 1251 4165 alimentum
1321 4112 1752 4169 immortalitatis
1825 4119 2076 4173 exsistet.

512 4198 768 4261 Quinam,
798 4213 831 4253 ο
867 4200 1054 4269 Virgo,
1084 4203 1382 4273 excogitari
1411 4215 1615 4274 queant
1644 4221 1952 4275 sermones,
1987 4212 2080 4279 qui

514 4291 856 4357 magnalibus
886 4293 995 4346 tuis
1025 4296 1367 4363 congruant?
1400 4297 1530 4363 Quae
1555 4315 1694 4353 nova
1721 4316 1879 4355 sensa
1918 4302 2084 4355 rebus

515 4378 647 4445 ipsis
674 4380 1008 4449 respondere
1054 4386 1298 4453 possint?
1328 4386 1458 4452 Quae
1494 4388 1729 4443 inveniri
1766 4390 1956 4444 laudes
1986 4406 2082 4460 po-

515 4478 699 4525 terunt
729 4474 795 4528 ad
820 4490 1034 4542 eorum,
1078 4480 1170 4547 qui
1217 4488 1267 4534 te
1291 4492 1619 4550 genuerunt,
1652 4481 1823 4536 decus
1848 4482 2082 4536 efferen-

513 4563 678 4618 dum?
696 4569 735 4618 Ο
756 4567 942 4622 felices
965 4570 1054 4623 lali
1075 4572 1227 4638 prole
1248 4580 1503 4640 parentes
1523 4575 1536 4626 ι
1561 4573 1937 4638 ofecunditas,
1960 4589 2081 4644 qua:

511 4658 804 4728 cujuslibet
834 4671 1030 4715 creata:
1066 4661 1344 4717 felicitatis
1379 4665 1779 4719 assecutionem
1822 4665 2075 4733 superati
2112 4683 2155 4737 ο

582 4750 699 4804 iluc
725 4752 891 4820 igitur
919 4768 1038 4823 age,
1067 4770 1188 4823 qua:
1210 4755 1322 4809 sola
1350 4771 1519 4826 prope
1544 4757 1610 4811 ad
1638 4757 1808 4812 Deum
1839 4757 2077 4821 accedis.

589 4916 699 4982 (7f)
732 4914 909 4970 llabes
934 4916 1417 4972 familiarissimam
1442 4917 1539 4972 SS.
1574 4918 1827 4972 Patribus
1853 4927 2080 4971 senten-

519 4984 670 5045 tiam,
699 5002 1039 5055 quaecunque
1066 4987 1131 5039 ad
1166 4987 1443 5057 Virginem
1469 4988 1753 5057 Deiparam
1778 4988 2077 5056 pertinent,

517 5057 701 5107 omnia
740 5057 913 5109 instar
942 5056 1191 5109 miraculi
1233 5056 1503 5121 habenda,
1540 5068 1598 5110 ut
1631 5073 1823 5111 eorum
1854 5057 2083 5111 celsitu-

518 5122 711 5196 dinem
741 5141 919 5193 neque
972 5140 1128 5196 utens
1158 5125 1472 5195 cogitando,
1512 5142 1690 5196 neque
1726 5128 1908 5196 lingua
1964 5126 2077 5179 dis-

518 5193 752 5247 serendo
779 5194 994 5261 assequi
1023 5210 1085 5248 ea
1116 5193 1308 5262 possit.

592 5263 703 5331 (72)
736 5264 1018 5316 Consonat
1056 5264 1169 5316 bwc
1201 5264 1472 5317 sententia
1501 5279 1625 5317 eum
1656 5265 1744 5325 iis,
1772 5280 1892 5332 qua:
1920 5282 1953 5318 α
1985 5266 2086 5319 Pe-

523 5342 610 5384 tm
657 5333 926 5399 Argorum
977 5332 1241 5400 episc0po
1285 5335 1449 5387 statui
1493 5336 1730 5388 vidimus
1762 5335 1816 5386 in
1858 5334 2085 5388 humilia

521 5404 574 5454 in
624 5400 863 5473 Deiparw
912 5402 1392 5473 conceptionemf§
1430 5406 1514 5467 10,
1551 5413 1692 5459 nart.
1741 5421 1775 5466 ι,
1821 5420 1873 5471 p.
1920 5405 2081 5469 136);

524 5469 836 5524 sterilitatis
885 5469 1083 5539 nempe
1137 5469 1525 5527 malediciione
1577 5469 1921 5527 laboraverat
1980 5475 2085 5526 hu-

524 5553 683 5611 mana
715 5546 932 5611 natura,
978 5555 1265 5611 quousque
1312 5543 1531 5596 Mariam
1580 5544 1806 5611 gignens
1864 5544 2079 5597 tandem

524 5606 786 5680 fructum
813 5608 924 5663 Deo
967 5606 1191 5680 dignum
1254 5613 1503 5679 protulit.
1552 5606 1688 5665 Hine
1746 5614 1908 5680 paulo
1942 5613 2079 5667 infra

523 5676 707 5730 videas
754 5676 899 5747 licet,
957 5676 1193 5751 Virginis
1242 5676 1496 5750 parentes
1574 5676 1803 5738 laudari.
1862 5693 1919 5737 ut
1982 5685 2073 5736 tali

2184 3478 2412 3547 ϐήσεται
2444 3476 2736 3544 δυνάμειςῑ
2784 3475 2847 3527 Ὢ
2873 3473 3175 3527 κατασκίου
3202 3472 3421 3542 δένδρου
3450 3470 3544 3524 τοῦ
3574 3471 3755 3523 πᾶσαν

2166 3569 2406 3639 κλογικὴν
2440 3567 2925 3637 κατακαλύψαντος
2975 3565 3138 3633 φύσιν
3165 3603 3179 3623 .
3216 3564 3313 3617 καὶ
3347 3562 3549 3625 παντὸς
3586 3561 3755 3630 15mp-

2183 3659 2441 3729 αρθέντος
2468 3660 2762 3729 νοουμένου
2786 3657 3114 3729 ὑψώματοςῑ
3151 3655 3214 3720 ἐξ
3251 3651 3421 3724 οὗπερ
3457 3657 3485 3707 ὁ
3522 3670 3757 3721 φυτουρ-

2183 3751 2278 3818 γὸς
2308 3750 2386 3821 τῷ
2418 3748 2927 3818 συγκεκαλυμμένῳ
2954 3746 3163 3816 τρόπῳ,
3191 3744 3266 3808 ὼς
3294 3746 3357 3797 ὲκ
3388 3742 3577 3806 δασέος
3597 3743 3755 3812 ὄρους

2185 3845 2457 3907 ἀνατελεῖ,
2496 3843 2593 3896 καὶ
2629 3832 2878 3895 συστελεί
2930 3841 3058 3900 τοὺς
3113 3838 3325 3901 τύπους
3373 3839 3451 3898 είς
3480 3837 3579 3904 τὴν
3624 3835 3758 3904 ἁλη·

2185 3934 2333 3996 θείας
2369 3934 2738 4005 κατάπαυσιν·
2777 3925 2837 3985 οὗ
2871 3928 3429 4000 μεταληφθησόμενος
3479 3928 3509 3980 ὁ
3542 3926 3756 3997 καρπὸς

2183 4027 2482 4089 ἀθανασίας
2516 4025 2687 4098 τροφή
2713 4027 2825 4087 τοῖς
2860 4022 3182 4094 μεθέξουσιν
3223 4022 3546 4090 ὀφθήσεται.
3578 4020 3755 4082 Τίνες,

2183 4115 2228 4173 ὦ
2256 4117 2522 4189 Παρθένε,
2547 4118 2658 4180 τοῖς
2696 4114 3009 4183 μεγαλείοις
3041 4132 3137 4167 σου
3164 4114 3505 4174 συνοίσοντες
3533 4113 3753 4179 ἐπινοη-

2186 4210 2326 4263 θείεν
2353 4208 2533 4275 λόγοι;
2566 4207 2724 4259 Ποῖαι
2756 4203 3250 4273 καινοτομούμεναι
3288 4203 3400 4263 τοῖς
3433 4199 3756 4269 πράγμασιν

2183 4298 2534 4367 ἀμιλληθεῖεν
2573 4297 2809 4362 ἐννοιαι;
2872 4294 3030 4358 Τίνες
3077 4294 3371 4363 ἐγκωμίων
3430 4290 3752 4360 ἐφευρέσεις

2183 4392 2244 4443 τὸ
2278 4390 2385 4442 τῶν
2419 4389 2800 4459 γεννησάντων
2827 4405 2886 4440 σε
2907 4386 3311 4456 διαγορεύσειεν
3336 4384 3490 4445 κλέος
3513 4400 3528 4448 ;
3563 4382 3627 4434 Ὢ
3655 4381 3755 4448 τῆς

2138 4476 2142 4481 “
2184 4481 2395 4535 τούτων
2450 4482 2773 4544 εὐτεκνίαςί
2824 4480 2870 4532 ὣ
2913 4477 3218 4541 εὐπαιδίας,
3253 4476 3434 4546 πάσης
3482 4472 3757 4544 γεννητῆς

2185 4573 2587 4646 ύπεραρθείσης
2621 4571 2933 4642 ὲπιτυχίαςί

2265 4756 2459 4827 Δεῦρο,
2486 4757 2667 4809 τοίνυν
2719 4756 2753 4824 ή
2792 4753 2928 4824 μόνη
2975 4751 3202 4822 πλησίον
3240 4748 3398 4813 Θεοῦ,
3446 4749 3480 4816 ἡ
3535 4745 3614 4816 τῷ
3656 4744 3753 4799 τοῦ

2185 4920 2338 4987 prole
2365 4917 2732 4979 beatissimos,
2758 4932 2819 4970 ac
2847 4915 2997 4969 nulla
3017 4913 3150 4969 satis
3180 4911 3341 4987 laude
3369 4908 3754 4987 celebrandos.

2259 4991 2371 5059 (75)
2404 4991 2628 5059 Auctor,
2656 4987 2742 5059 Διιιί
2776 4995 2944 5059 patet:
2984 5001 3094 5038 non
3130 4982 3422 5059 modo-pro
3465 4991 3620 5035 certo
3651 4981 3754 5034 ha-

2186 5052 2300 5131 bet,
2337 5052 2883 5131 Deiparamfruebnn
2914 5056 3024 5108 Deo
3052 5062 3265 5131 gratum
3293 5052 3752 5131 fuisseenortam,

2188 5130 2282 5182 sed
2314 5146 2341 5182 a
2379 5121 2551 5196 prima
2585 5127 2674 5180 illa
2706 5127 2915 5195 origine
2942 5140 3038 5196 sua
3059 5121 3243 5193 w(quod
3275 5121 3756 5196 σει-ηοωίὶεείψο-

2187 5213 2321 5272 ηιηιΔ
2341 5189 2721 5272 theologorum
2743 5189 2964 5256 scitum)
2998 5189 3479 5272 tam'prmclarisa
3516 5189 3625 5244 Deo
3653 5189 3754 5270 ilo-

2185 5269 2271 5322 nis
2299 5268 2469 5321 fuisse
2510 5262 2853 5325 exornatam.
2884 5274 2945 5319 ut
2975 5279 3042 5317 ex
3075 5273 3204 5317 tunc
3233 5262 3553 5315 coelestibus
3587 5262 3752 5330 spiri-

2185 5338 2336 5391 tibus
2355 5338 2514 5403 longe
2546 5335 2903 5404 praecelleret.
3204 5343 3208 5347 '

2256 5408 2367 5472 (74)
2426 5399 2764 5459 Describitur
2828 5418 3023 5471 nempe
3060 5402 3223 5470 Virgo
3267 5415 3365 5453 ceu
3414 5399 3596 5472 arbor,
3629 5412 3751 5467 qua:

2187 5469 2503 5546 languidum
2540 5469 3044 5550 humanunrgenus
3073 5469 3265 5550 umbra
3296 5486 3394 5523 sua
3424 5469 3661 5550 reﬁciat}
3685 5482 3751 5521 cx

2189 5538 2307 5612 qua
2334 5555 2526 5612 sponte
2566 5541 2810 5611 profluit,
2849 5538 2988 5596 lianc
3030 5543 3281 5594 arborem
3313 5538 3589 5592 communi
3635 5538 3753 5612 lan-

2186 5606 2377 5683 guore'
2408 5606 2620 5667 cense-ti
2655 5629 2760 5665 non
2798 5626 2955 5682 posse
3007 5612 3580 5683 laborantem,_atqne
3614 5606 3752 5664 adeo

2190 5678 2447 5754 primaevo
2481 5683 2613 5738 vitio
2644 5678 2941 5738 immunem
2968 5696 3089 5738 esse
3121 5678 3516 5733 aiiirmandam.
