4122 6212
416 317 523 378 663

1218 322 1500 385 ORATIO
1541 326 1624 388 ΙΝ
1657 328 1758 389 SS.
1807 326 2163 389 DElPAR/E
2208 328 2775 396 VISITATIONEM.

3572 341 3675 403 6'70

420 438 727 509 μυστηρίου
768 437 1151 508 διαλάμπουσα
1185 442 1397 508 κάλλει,
1441 444 1473 513 ἡ
1512 444 1653 515 ὑπὲρ
1682 447 1865 499 πᾶσαν
1900 462 1999 515 μυ-

2104 459 2226 514 qtue
2268 448 2512 516 mysterii
2546 449 2839 518 splendore
2891 449 3147 519 remiges,
3192 466 3312 520 quzc
3356 466 3524 522 super
3564 469 3674 508 um-

419 532 652 603 ρεψικὴν
709 531 962 595 εὐωδίαν,
1010 532 1110 603 τὴν
1159 532 1256 587 τοῦ
1303 534 1620 605 [πνεύματος
1665 537 1995 591 διαπνέουσα

416 620 716 692 μυρωδίαν·
754 617 820 693 ἦς
852 622 1016 692 ἡτῶν
1046 624 1147 693 τῆς
1182 611 1554 697 καθαρότητος
1597 627 1828 697 ἱματίων
1851 629 1994 700 ὀσμὴ

417 715 598 766 πᾶσαν
646 712 974 780 καταθέλξει
1004 716 1204 787 νοητὴν
1264 717 1542 788 αἴσθησιν,
1593 714 1659 790 ἧς
1696 720 1993 775 ὀπίσωτοῦ

419 806 591 874 μύρου
639 806 947 875 θυγατέρες
1016 807 1357 879 δραμοῦνται
1401 811 1691 879 βασιλέως,
1742 810 1887 881 λέγω
1930 814 1995 885 δὴ

414 899 605 967 ψυχαὶ,
642 899 704 951 τὸ
734 899 1048 971 ἀρχέτυπον
1091 902 1185 954 καὶ
1216 901 1497 972 βασιλικὸν
1532 900 1670 968 εἶδος
1700 905 1997 974 διαφυλάτ-

414 1008 626 1044 τουσαι.
661 990 832 1060 Δεῦρο
863 992 1003 1061 καλὴ
1032 995 1065 1061 ἡ
1097 993 1265 1047 πάλαι
1309 997 1625 1067 καλουμένη
1649 1038 1661 1062 ,
1690 994 1757 1070 ἦς
1808 999 1997 1052 ἐπιθυ-

421 1081 609 1150 μητῶς
654 1084 688 1153 ἠ
733 1084 1012 1152 παρουσία
1059 1086 1333 1147 ποθεῖται,
1394 1088 1460 1159 ἣν
1504 1090 1714 1144 ἄνωθεν
1758 1094 1784 1143 ὁ
1838 1091 1998 1160 χορὸς

415 1175 524 1225 τῶν
554 1173 853 1245 προφητῶν
899 1176 1272 1240 ἐπικαλεῖται,
1306 1181 1373 1249 ἣν
1403 1182 1432 1248 ἡ
1466 1180 1576 1233 τῶν
1623 1182 1847 1235 δικαίων
1880 1184 1999 1235 ἐπι·

418 1265 576 1335 ζητεῖ
609 1268 903 1335 συμφωνία
940 1271 1339 1340 περιχαρῶς,ή
1381 1272 1804 1342 προελπισθετσα
1828 1274 1995 1342 χαρὰ,

418 1358 452 1425 ἡ
486 1357 929 1428 προκηρυχθεῖσα
977 1361 1237 1430 θυμηδία.
1290 1363 1447 1414 Ποίαι
1504 1367 1829 1433 περιχαρεῖς
1861 1365 1998 1433 ὁμι-

417 1449 535 1501 λίαι
598 1450 698 1518 τὴν
742 1451 842 1519 σὴν
891 1455 1409 1522 πρςῦπαντήσουσιν
1458 1455 1790 1526 ὲπιδημίαν;
1843 1457 2000 1510 Πᾶσα

416 1541 530 1594 τῶν
559 1543 968 1611 ἐπινοουμένων
999 1549 1134 1615 τιμὴ
1173 1549 1410 1599 κατόπιν
1433 1550 1531 1614 τῆς
1573 1550 1877 1621 ύπερτίμου
1904 1567 1998 1603 σου

422 1634 841 1703 μεγαλειότητος
872 1636 1112 1706 ἔρχεται,
1157 1639 1220 1689 ἐκ
1250 1640 1344 1692 τοῦ
1377 1642 1652 1693 Δεσπὸτου
1706 1642 1869 1709 μόνου
1900 1642 1999 1712 τὴν

418 1731 541 1782 κατ’
577 1728 737 1794 ἀξίαν
783 1730 1162 1802 κληρουμένης
1185 1733 1361 1800 δόξαν.

488 1996 567 2052 Θ⁹.
609 1998 766 2053 Οὕτω
814 2000 993 2053 τοίνυν
1049 2001 1329 2071 ἐγγυτέρω
1352 2005 1416 2072 τῇ
1453 2002 1682 2072 βασιλίδι
1732 2007 1999 2079 γενομένῃ

419 2094 849 2161 προῦπαντήσας
894 2096 921 2146 ὁ
961 2095 1160 2165 ἱερεὺς,
1217 2097 1280 2147 ἐκ
1332 2094 1442 2147 τῶν
1494 2096 1665 2165 αὐτῆς
1716 2097 2002 2168 ἄχραντων

417 2183 638 2253 χειρῶν,
697 2185 846 2254 φόϐῳ
893 2187 985 2238 καὶ
1035 2188 1181 2258 χαρᾷ
1234 2188 1335 2258 τὴν
1380 2189 1748 2257 εἰργασμένην
1785 2190 2002 2260 δέχεται

418 2276 725 2345 πορφύραν,
787 2279 856 2346 ἢν
902 2278 966 2345 δὴ
1004 2282 1527 2351 περιπτυσσόμενος,
1568 2284 1714 2347 είκδς
1778 2284 2002 2337 τοιαῦτα

422 2368 759 2437 προσεφώνει
780 2385 795 2401 ·

498 2458 561 2511 ’Ὠ
591 2459 756 2529 ἔργου
777 2462 1059 2526 τοιαύταις
1088 2465 1503 2536 ἀπηρτισμένου
1521 2472 1639 2534 ταῖς
1659 2471 1998 2540 ἐμμελείαιςί

424 2549 470 2605 ὣ
503 2554 994 2624 καταπετάσματος
1039 2558 1138 2626 τὴν
1176 2559 1269 2612 τοῦ
1301 2560 1434 2613 Θεοῦ
1467 2563 1674 2634 σκηνὴν
1712 2564 1895 2635 ἔριθον
1922 2567 2002 2630 εἰς

425 2649 523 2713 τὴν
559 2649 766 2700 οἰκείαν
805 2651 1204 2720 παρειληφότος
1241 2653 1534 2708 σύστασινῐ
1573 2657 1636 2708 Τί
1671 2657 1913 2709 τοιοῦτον
1945 2659 2003 2710 ἐν

425 2738 503 2807 τῷ
540 2740 873 2810 περιωνύμῳ
932 2743 1103 2811 τούτῳ
1158 2743 1273 2813 ναῷ
1306 2745 1534 2815 ἀνετέθη
1581 2747 1794 2817 τίμιον;
1846 2751 2004 2803 Ποῖον

424 2829 567 2883 οὔτω
622 2833 1064 2904 καθηγιασμένον
1114 2840 1396 2908 κειμήλιον
1421 2839 1481 2890 ὲν
1530 2841 1594 2910 τῇ
1652 2841 1784 2911 ἁγία
1829 2841 2004 2915 ταύτῃ

427 2922 736 2996 καθιερώθη
786 2930 999 2998 σκηνῇ;
1055 2930 1223 2984 Τοῦτο
1280 2932 1481 2994 παντὸς
1559 2935 2001 3007 καλλιερήματος

429 3016 776 3087 σεμνότερον,
839 3019 998 3073 τοῦτο
1055 3023 1236 3094 πάσης
1278 3025 1470 3089 θυσίας
1504 3025 1811 3097 ἱερώτερον,
1844 3030 2003 3082 τοῦτο

2098 556 2224 595 nem
2253 552 2665 612 unguentorum
2694 543 3048 614 flagrantiam
3081 546 3471 608 suavissimum
3505 548 3678 601 exha—

2096 632 2178 686 las
2232 634 2460 687 odorem
2514 636 2764 704 spiritus,
2829 636 2989 705 cujus
3053 635 3404 697 vestimenta,
3466 640 3679 706 puritas

2098 727 2332 791 scilicet,
2364 728 2667 796 spiritalem
2698 727 2943 782 omnium
2974 743 3196 782 sensum
3229 728 3584 791 demulcebit,
3622 730 3674 783 in

2098 818 2256 887 cujus
2285 828 2691 887 unguentorum
2723 819 2950 874 odorem
2986 830 3212 875 current
3248 820 3372 875 tilia:
3405 822 3550 891 regis
3573 823 3673 885 ‘°‘,

2100 909 2297 962 anima:
2347 907 2592 978 inquam,
2641 925 2762 978 quas
2810 912 3162 982 arcbctypam
3197 912 3513 982 regiamque
3552 928 3677 982 spc-

2099 1000 2239 1054 ciem
2293 1001 2635 1055 custodiunt.
2684 1003 2844 1066 Veni,
2877 1018 2998 1072 qua:
3044 1004 3176 1057 olim
3221 1005 3451 1073 pulchra
3481 1018 3542 1058 es
3578 1019 3676 1057 vo-

2101 1104 2219 1147 cata
2258 1092 2395 1161 (75),
2431 1094 2589 1162 cujus
2620 1094 2889 1148 adventus
2916 1095 3131 1148 ardenti
3162 1093 3440 1149 desiderio
3470 1110 3677 1149 concu-

2102 1185 2353 1253 piscitur,
2378 1199 2542 1253 quam
2567 1185 2776 1255 jamdiu
2805 1186 2999 1239 invitat
3026 1186 3417 1256 pmphetarum
3450 1188 3674 1250 chorus,

2101 1292 2263 1345 quam
2323 1277 2596 1347 iustorum
2670 1278 2974 1333 concordes
3043 1294 3205 1332 voces
3278 1293 3469 1348 magna
3552 1295 3675 1331 cum

2100 1370 2289 1425 laetitia
2345 1372 2662 1440 exquirunt,
2707 1386 2829 1440 quze
2871 1369 3131 1441 gaudium
3181 1372 3290 1441 jam
3337 1378 3495 1424 antea
3555 1384 3679 1436 Spo-

2103 1472 2482 1532 ratum,qu:e
2543 1462 2862 1532 iucunditas
2924 1463 3034 1532 jam
3106 1462 3236 1515 olim
3311 1462 3674 1532 prmnuntiata

2102 1554 2323 1609 exsistis
2362 1553 2497 1624 (76).
2546 1552 2803 1619 Qumnam
2852 1551 3133 1605 laetissima
3179 1551 3419 1619 alloquia
3465 1553 3672 1604 adven-

2106 1656 2220 1699 tum
2256 1656 2410 1700 tuum
2445 1645 2624 1714 primo
2670 1643 2989 1712 excipient?
3017 1643 3344 1711 Quicunque
3382 1642 3680 1711 excogitari

2106 1741 2277 1810 possit
2304 1740 2482 1815 honps
2515 1738 2653 1792 infra
2690 1748 2835 1793 tuam
2861 1739 3009 1808 jacet
3040 1735 3525 1807 magnificentiam.
3559 1750 3680 1805 qme

2107 1834 2313 1888 honore
2355 1832 2603 1901 quolibet
2639 1830 2953 1900 praecelsior
3002 1839 3107 1891 est,
3142 1837 3197 1883 el
3228 1844 3257 1882 a
3292 1828 3411 1882 solo
3448 1828 3682 1883 Domino

2102 1925 2355 1995 gloriam,
2386 1939 2493 1993 qua
2516 1922 2677 1993 (ligna
2714 1930 2821 1986 est,
2856 1921 3216 1975 naneiscitur.

2172 2015 2263 2069 lx.
2313 2014 2405 2070 Sic
2449 2014 2615 2083 igitur
2680 2012 2901 2083 Regium
2955 2014 3059 2081 iam
3115 2013 3343 2081 prepius
3396 2006 3679 2065 accedenti

2105 2106 2362 2163 sacerdos
2398 2120 2719 2165 occurrens,
2753 2121 2816 2157 ex
2854 2103 3406 2172 immaculatisipsius
3432 2101 3683 2155 manibus

2105 2216 2229 2256 cum
2264 2200 2460 2254 timore
2509 2207 2564 2252 et
2610 2197 2811 2267 gaudio
2856 2196 3190 2251 elaboratam
3226 2195 3427 2265 accipit
3467 2209 3679 2264 purpu-

2106 2307 2259 2353 ram;
2294 2306 2455 2358 quam
2492 2292 2681 2357 utique
2718 2304 2841 2342 cum
2876 2287 3159 2357 amplexus
3191 2295 3427 2348 teneret,
3460 2285 3557 2339 has
3586 2298 3685 2337 vo-

2106 2400 2218 2449 ces,
2249 2384 2330 2438 uti
2357 2383 2581 2437 crcdcrc
2617 2382 2696 2434 fas
2723 2392 2826 2439 ρει,
2858 2379 3178 2434 εἰΐυηιὶοὺτιι
3207 2397 3220 2432 :

2175 2476 2220 2532 Ο
2275 2491 2433 2545 opus,
2475 2476 2612 2528 mira
2665 2473 3041 2528 concinnitate
3089 2481 3145 2525 et
3196 2470 3463 2540 elegantia
3506 2468 3683 2539 perfe-

2108 2569 2290 2625 ctum!
2350 2566 2394 2621 0
2454 2566 2723 2629 velamen,
2773 2564 2920 2633 quod
2980 2570 3211 2619 textum
3259 2578 3369 2617 sua:
3429 2560 3680 2631 opiﬁcem

2106 2660 2362 2715 sortitum
2413 2667 2500 2713 est
2542 2659 2723 2727 ipsum
2761 2657 2858 2712 Dei
2897 2655 3318 2711 tabernaculum
3356 2655 3496 2723 (τηε
3539 2650 3679 2718 Quid

2106 2766 2351 2822 unquam
2390 2760 2498 2804 tam
2526 2752 2830 2819 pretiosum
2866 2749 2920 2801 in
2952 2746 3317 2801 celeberrimo
3350 2743 3456 2798 hoc
3481 2743 3683 2811 templo

2106 2844 2417 2899 dedicatum
2470 2841 2586 2895 est?
2625 2839 2883 2906 Quaenam
2926 2837 3064 2892 adeo
3103 2846 3291 2891 sancta
3347 2832 3592 2903 supellex
3628 2831 3682 2884 in

2108 2946 2297 2992 sancto
2334 2935 2441 2989 hoc
2481 2934 2838 2988 tabernaculo
2867 2931 3049 2986 oblata
3085 2944 3327 3000 unquam
3367 2925 3506 2981 fuit?
3540 2924 3685 2991 Qua-

2106 3030 2245 3086 libet
2278 3030 2384 3083 hoc
2432 3028 2656 3082 victima
2691 3025 3067 3081 venerabilius
3110 3032 3215 3087 est,
3248 3023 3352 3075 hoc
3380 3020 3573 3090 quovis
3599 3033 3687 3072 sa-

427 3113 742 3181 προσφορᾶς
800 3112 1020 3184 ἀπάσης
1070 3116 1598 3189 εύπροσδεκτότερον
1632 3161 1648 3186 ,
1710 3123 1851 3192 ὑπὲρ
1899 3126 2001 3196 τὴν

2108 3121 2323 3177 criticio
2376 3118 2642 3179 sanctius,
2709 3118 2816 3172 hoc
2876 3130 3204 3187 quacunque
3262 3113 3539 3169 oblatione
3596 3126 3683 3165 ac-

429 3200 593 3253 Ἀσελ
645 3204 921 3276 ἀπαρχὴν,
972 3208 1109 3277 ὑπὲρ
1168 3210 1267 3277 τὴν
1312 3210 1561 3281 ’Δεραὰμ
1613 3213 1998 3279 ὁλοκαύτωσιν,

425 3292 563 3364 ὑπὲρ
590 3293 736 3349 ἅπαν
804 3299 1177 3370 ὁλοκάρπωμα
1233 3302 1478 3357 δικαίων.
1517 3304 1582 3354 Ὃ
1640 3304 1750 3372 γὰρ
1803 3307 2000 3359 ἐκεῖνοι

424 3386 718 3451 τυποῦντες
748 3391 1071 3460 προέφερον,
1107 3393 1200 3444 νῦν
1233 3393 1552 3464 παραδόξως
1585 3394 1908 3463 τελούμενον
1943 3399 2001 3451 ἐν

421 3478 485 3547 τῇ
538 3480 867 3549 παναμώμῳ
920 3484 1365 3553 προσκομιζούσῃ
1412 3484 1571 3536 τοῦτο
1629 3488 1998 3540 κατανοείται.

495 3742 549 3797 l'.
599 3745 784 3799 Ταῦτα
837 3747 1152 3815 προσειπὼν
1217 3751 1639 3819 μεγαλοφώνως,
1703 3755 1771 3807 τά
1830 3756 2002 3824 αὐτῆς

419 3839 726 3909 ἀνεκήρυξε
763 3841 1047 3907 μεγαλεῖα·
1089 3845 1159 3895 ’Ὠ
1195 3844 1430 3914 Μαριάμ
1445 3845 1466 3897 .'
1502 3845 1839 3914 ἐμεγάλυνε
1880 3851 2000 3903 Κύ-

415 3949 545 3997 ριος
580 3935 613 3985 ό
654 3933 799 3999 Θεὸς
832 3934 897 3988 τὸ
929 3934 1119 4003 ὄνομά
1158 3951 1297 4000 σου,
1340 3938 1440 3990 καὶ
1478 3938 1595 4009 ἔσῃ
1619 3942 1999 4011 εὐλογημένη

418 4023 488 4075 ἐν
515 4023 735 4090 πάσαις
792 4025 923 4091 ταῖς
952 4028 1202 4093 γενεαῖς.
1263 4030 1651 4099 Θαυμάζοντος
1704 4035 1801 4087 καὶ
1824 4051 1967 4089 κατα
1986 4066 1997 4075 -

421 4114 796 4185 πληττομένου
848 4118 904 4169 τὸ
944 4120 1117 4188 ῥῆμα,
1176 4120 1534 4190 ἐξισταμένου
1600 4124 1696 4177 καὶ
1756 4129 1893 4198 πρὸς
1940 4128 1999 4181 τὸ

419 4208 732 4277 ἀπόρρητον
763 4210 1194 4278 ἀμηχανοῦντος.
1228 4212 1417 4284 Τούτῳ
1437 4216 1545 4285 γὰρ
1566 4215 1840 4287 εἰώθαμεν
1860 4219 1994 4273 ἀποο

423 4300 642 4369 ροῦντες
681 4302 759 4372 τῷ
812 4303 1174 4375 θαυμαστικῷ
1201 4309 1503 4377 κεχρῆσθαι
1538 4314 1917 4382 προσρήματι.

2108 3215 2352 3282 ceptius,
2409 3227 2577 3281 super
2629 3210 2816 3265 Abelis
2856 3208 3150 3279 primitias,
3192 3222 3361 3275 super
3388 3202 3682 3257 Abrahami

2108 3307 2519 3365 holocaustum,
2563 3318 2735 3371 super
2783 3300 3072 3368 quodlibet
3118 3298 3187 3351 ab
3226 3296 3390 3367 iustis
3438 3296 3681 3348 oblatum

2106 3412 2137 3450 e
2178 3395 2435 3464 frugibus
2485 3407 2688 3446 munus
2728 3390 2969 3444 excellit.
3027 3388 3183 3452 Quod
3224 3386 3372 3440 enim
3402 3400 3501 3453 per
3536 3384 3683 3453 ejus-

2108 3485 2257 3540 modi
2311 3483 2622 3538 oblationes
2669 3481 2745 3534 illi
2790 3478 3217 3550 praesignabant,
3266 3489 3414 3529 nunc
3465 3472 3689 3531 mirabi-

2107 3576 2239 3630 liter
2270 3573 2581 3644 peil'ectum
2618 3571 2673 3625 in
2708 3568 3075 3624 illibatissima
3099 3567 3224 3631 ista,
3251 3565 3432 3619 velum
3470 3563 3573 3616 hoc
3603 3560 3682 3615 af-

2103 3671 2342 3732 ferente,
2373 3666 2733 3735 conspicitur.

2176 3764 2245 3819 Χ.
2300 3762 2422 3817 Ιιευο
2458 3758 2724 3827 (Simeon)
2765 3757 2907 3811 elata
2962 3768 3095 3809 voce
3135 3751 3406 3823 profatus,
3445 3747 3682 3819 Virginis

2105 3857 2234 3912 dein
2264 3853 2530 3925 magnalia
2559 3850 2845 3906 celebrare
2875 3847 3148 3902 instituit:
3170 3844 3213 3900 Ο
3236 3843 3455 3897 Maria!
3480 3842 3683 3911 magni-

2102 3950 2282 4018 ﬁcavit
2324 3947 2575 4001 Dominus
2615 3943 2752 3997 Deus
2779 3956 2966 3995 nomen
2991 3950 3162 4001 tuum,
3197 3945 3246 3989 et
3278 3938 3378 3989 eris
3409 3934 3677 3986 benedicta

2105 4045 2160 4095 in
2198 4041 2436 4106 omnibus
2474 4033 2918 4108 generationibus.
2945 4029 3084 4084 Haec
3130 4026 3456 4082 demirantis
3484 4035 3541 4080 et
3570 4036 3686 4078 stu-

2107 4148 2242 4204 pore
2284 4129 2525 4201 perculsi
2562 4136 2690 4181 sunt
2722 4123 2913 4185 verba,
2949 4119 3195 4174 hominis
3228 4118 3322 4187 qui
3352 4134 3461 4187 prae
3490 4115 3684 4169 ineffa-

2104 4226 2201 4282 bili
2234 4230 2489 4294 porteuto
2512 4219 2603 4274 vix
2631 4230 2858 4285 compos
2897 4223 2985 4268 est
3012 4213 3121 4269 sui.
3155 4220 3212 4265 et
3245 4217 3428 4264 mente
3469 4208 3683 4262 deﬁxus

2104 4319 2295 4393 hauet.
2320 4314 2477 4369 Tunc
2497 4311 2647 4368 enim
2681 4305 3012 4363 mirabunda
3049 4302 3320 4373 ejusmodi
3347 4302 3682 4356 allocutione

2106 4391 2198 4463 uti
2215 4407 2478 4469 solemus,
2504 4417 2629 4457 cum
2659 4399 2831 4454 veluti
2859 4396 3081 4452 attoniti
3110 4391 3576 4463 obstupescimus.

491 4482 577 4542 Ὦ.
611 4484 796 4551 φησὶν,
818 4480 908 4537 οἷα
938 4488 1006 4538 τὰ
1036 4488 1162 4556 περὶ
1193 4488 1251 4539 σὲ
1273 4489 1569 4561 τελουμενα
1596 4492 1609 4544 ε
1644 4491 2005 4561 Ἐμεγάλυνε

2181 4497 2226 4553 Ο
2256 4497 2462 4567 qualia.
2491 4491 2693 4563 inquit,
2728 4491 2783 4545 in
2820 4499 2873 4544 te
2905 4485 3294 4555 complentur!
3321 4482 3684 4554 Magni/ienuit

419 4573 637 4642 Κύριος
671 4579 703 4628 ό
735 4576 882 4641 Θεὸς
907 4578 976 4630 τὸ
1017 4577 1205 4646 ὄνομά
1252 4597 1368 4634 σου
1393 4595 1408 4610 ⁶
1459 4582 1810 4653 ὑπερύψωσε,
1845 4586 1997 4656 φησὶ,

417 4664 519 4735 τὴν
542 4665 700 4730 δόξαν
727 4682 846 4719 σουο
874 4667 1060 4737 πάσης
1083 4670 1320 4738 ἀοράτου
1348 4688 1407 4724 τε
1436 4674 1530 4725 καὶ
1556 4674 1762 4745 ὁρατῆς
1795 4678 2001 4747 ταύτην

421 4754 785 4825 ύπερεόίΰασε
838 4758 1090 4820 κτίσεως,
1137 4759 1490 4831 ἐξῃρημένην
1543 4763 1748 4834 ταύτην
1782 4764 1882 4835 τῆς
1905 4768 2001 4819 ἁν-

424 4847 704 4918 θρωπίνης
754 4848 1059 4915 ἀνέδειξεν,
1099 4852 1435 4922 ἀσύγκριτον
1462 4855 1529 4924 τῇ
1561 4855 1829 4925 ἀγγελικῇ
1898 4874 1999 4910 πε-

424 4939 618 5010 ποίηκε
648 4954 663 4971 ο
723 4940 865 5010 μέγα
894 4943 990 4995 καὶ
1028 4942 1322 5011 λεγόμενον
1353 4944 1504 5016 πάσῃ
1555 4947 1717 5016 νοερᾷ
1751 4947 1910 5013 φύσει
1943 4949 2003 5002 τὸ

420 5029 514 5082 σὺν
541 5030 949 5086 κατεσκεύασεν
981 5033 1174 5099 ὅνοματ
1201 5034 1342 5104 μέγα
1367 5035 1525 5089 τοῦτο
1550 5038 1607 5090 ἑν
1642 5039 1695 5090 Ἀ
1709 5044 1866 5111 ρχαίς
1905 5044 2002 5095 καὶ

433 5121 750 5188 Ἐξουσίαις,
782 5124 924 5194 μέγα
942 5128 998 5178 ἐν
1027 5125 1246 5196 Θρόνοις
1271 5127 1363 5179 καὶ
1382 5128 1703 5200 Κυριότησι,
1736 5134 1880 5202 μέγα
1911 5138 2003 5190 καὶ

421 5214 670 5268 ποθεινὸν
694 5218 752 5269 ἐν
777 5217 855 5287 τῷ
878 5218 1067 5288 οἰκείῳ
1085 5217 1253 5285 γένει’
1276 5217 1368 5270 καὶ
1399 5220 1831 5292 οὐκ,Ἐδὸξασεν,
1860 5229 1987 5300 ἔφη,

489 5372 536 5403 ’⁰
558 5375 573 5391 ⁴
600 5373 740 5430 Cant
780 5394 820 5442 ι,
848 5377 903 5432 3.

488 5534 603 5601 (75)
640 5535 848 5590 Auctor
882 5535 1170 5593 manifeste
1208 5538 1405 5594 alludit
1433 5541 1499 5595 ad
1537 5542 1669 5596 illud
1720 5541 1982 5598 Cantico-

418 5620 539 5657 rum
568 5606 780 5679 (cap._I,_
814 5621 868 5658 γ.
909 5607 997 5675 Η)
1022 5625 1035 5659 :
1066 5607 1199 5661 Ecce
1228 5618 1285 5662 tu
1318 5608 1539 5679 pulchra
1561 5628 1634 5679 es,
1658 5614 1832 5666 amica
1851 5629 1987 5677 mea,

414 5689 533 5727 ecce
555 5682 611 5726 tu
638 5674 858 5742 pulchra
889 5692 963 5728 es.

485 5743 600 5813 (76)
638 5743 771 5800 Vide
804 5754 1149 5803 constantem
1204 5748 1425 5804 Patrum
1474 5753 1829 5815 sententiam,
1870 5754 1990 5821 plu-

2116 4592 2370 4646 Dominus
2398 4588 2537 4641 Deus
2563 4601 2752 4639 nomen
2777 4591 2965 4647 tuum;
2998 4576 3449 4649 superexaltavit,
3485 4573 3682 4641 inquit,

2109 4678 2339 4748 gloriam
2374 4683 2558 4739 tuam;
2593 4672 2736 4725 hanc
2760 4684 2928 4738 super
2956 4674 3239 4720 creaturas
3268 4675 3459 4715 omnes
3489 4658 3686 4712 invisi-

2111 4771 2424 4840 bilesjuxta
2458 4782 2522 4820 ac
2553 4762 2804 4818 visibiles
2824 4759 3057 4824 extulit;
3090 4758 3234 4811 hanc
3264 4752 3410 4807 onmi
3448 4752 3686 4805 humana

2109 4862 2284 4935 gloria
2317 4857 2559 4914 ostendit
2586 4853 2992 4915 sublimiorem,
3027 4851 3165 4903 hanc
3204 4844 3449 4915 angelica
3478 4843 3689 4896 incom-

2109 4931 2432 5025 parabiliter
2461 4948 2753 5003 celsiorem
2783 4941 3002 5006 eﬁ‘ecit;
3037 4951 3294 5007 magnum
3325 4943 3381 4989 et
3414 4931 3688 4986 universis

2110 5042 2552 5115 intelligibilibus
2578 5039 2792 5094 naturis
2832 5031 3247 5105 prmdicandum
3288 5042 3488 5081 nomen
3526 5034 3684 5079 tuum

2114 5137 2390 5198 reddidit;
2448 5147 2705 5204 magnum
2754 5130 2899 5184 idem
2947 5129 3002 5181 in
3045 5122 3453 5193 Principatibus
3494 5129 3549 5176 et
3581 5122 3685 5173 Po-

2100 5231 2415 5295 testatibus,
2447 5242 2700 5297 magnum
2747 5223 2800 5277 in
2833 5218 3070 5275 Thronis
3092 5228 3146 5271 et
3186 5214 3662 5271 Dominationibus

2093 5544 2233 5599 rima
2303 5545 2356 5598 in
2408 5560 2484 5599 ss.
2553 5544 2741 5599 Bibliis
2790 5553 3097 5599 recurrere,
3152 5552 3274 5606 qua:
3331 5534 3399 5590 de
3449 5532 3676 5601 Virgine

2099 5616 2334 5685 Deipara
2364 5614 2590 5685 intelligi
2632 5615 2856 5669 debent.

2172 5670 2283 5749 ('77)
2336 5670 2616 5753 Virginem:
2672 5699 2869 5753 nempe
2929 5679 3413 5753 lieiparan|,_qu:e
3471 5670 3670 5743 passim

2097 5745 2241 5823 apud
2269 5745 2464 5810 Patres
2498 5745 2815 5824 appellatur
2850 5752 2941 5806 Dci
2967 5745 3390 5803 tabernaculum.
