4122 6212
448 290 552 357 671

1697 226 1973 353 'JACOBI
2010 285 2359 351 MONACHI

3611 285 3720 349 C72

454 421 711 477 magnum
746 413 804 461 et
837 402 1205 459 desiderabile
1245 402 1300 456 in
1349 409 1443 456 tuo
1486 400 1771 457 hominum
1809 414 2022 469 genere,

2144 398 2283 463 ἀλλ’,
2328 396 2753 467 Ἐμεγάλυνεν,
2818 396 2892 459 ὡς
2945 395 3037 452 τοῦ
3093 396 3584 469 ἀνακεχωρηκότας
3618 398 3720 465 τῆς

452 500 520 556 Et
548 498 768 569 quidem
795 512 901 551 non
926 495 1083 557 dixit,
1108 492 1465 555 Gloriﬁcavit,
1500 493 1618 559 sed,
1640 490 2029 563 Magni/ienuit,

2142 490 2300 554 ἀξίας
2336 492 2429 543 καὶ
2460 488 2553 542 τοῦ
2577 488 2984 557 ἁνερμηνεύτου
3008 489 3413 559 σημαινομένου
3443 487 3716 549 ἐντεῦθεν.

454 606 713 664 tanquam
762 594 807 646 si
865 590 1065 646 exinde
1120 588 1550 659 significaretur,
1607 587 1882 659 ejusmodi
1928 587 2034 645 hoc
2073 600 2277 643 nomen
2344 601 2489 651 esse,
2532 584 2680 655 quod
2728 585 2833 640 nec
2893 599 2991 655 pro
3033 585 3230 643 merito
3279 583 3566 649 aestimari,
3616 599 3716 640 nec

458 689 569 742 ulla
600 685 813 738 ratione
837 682 1099 751 explicari
1130 682 1324 751 pos’sit.

525 779 618 833 XI.
666 776 838 842 Quale
883 792 1049 847 porro
1079 785 1163 830 est
1210 776 1314 829 hoc
1346 791 1568 837 nomen,
1615 782 1725 828 tam
1774 771 2025 843 prmclari

452 870 637 941 gaudii
672 883 888 938 parens,
943 869 1091 937 quod
1128 868 1392 923 Dominus
1431 869 1578 922 Deus
1626 862 2030 935 magniﬁcavit?

452 963 753 1028 Quamnam
785 960 951 1027 hujus
970 958 1209 1027 Virginis
1231 958 1658 1027 appellationem
1683 966 1833 1010 tanta
1857 954 2030 1024 gloria

451 1054 600 1108 Deus
639 1051 983 1105 cumulavit?
1034 1051 1174 1104 Num
1224 1049 1506 1119 propriam
1558 1064 1623 1102 ac
1660 1045 2027 1117 personalem,

450 1158 572 1200 eam
602 1143 838 1208 scilicet,
866 1158 988 1211 qua:
1020 1142 1166 1196 illam
1201 1143 1269 1196 ab
1307 1141 1537 1210 reliquis
1568 1139 1815 1208 ejusdem
1858 1152 2030 1207 gene-

452 1235 535 1289 ris
583 1241 640 1286 et
684 1248 919 1287 numero
949 1240 1007 1286 et
1043 1230 1418 1302 singularibus
1448 1226 1885 1299 proprietatibus
1912 1224 2027 1278 dis-

2207 764 2310 821 Μ’.
2350 767 2510 833 Ποῖον
2553 764 2625 817 δὲ.
2642 767 2741 834 τῆς
2808 764 3166 833 πολυωνύμου
3209 766 3387 834 χαρᾶς
3412 765 3714 838 ὲμεγὰλυνε

2132 857 2332 924 Κύριος
2359 859 2387 909 ὁ
2415 856 2546 919 Θεὸς
2614 855 2815 925 ὅνομας
2852 857 3021 911 Ποίαν
3072 856 3280 927 ταύτης
3341 856 3713 928 ὑπερεδὸξασε

2134 949 2548 1019 προσηγορίανς
2606 945 2755 1018 ’Δρα
2808 949 2905 1019 τὴν
2951 949 3148 1020 κυρίαν
3180 952 3278 1004 καὶ
3321 950 3711 1023 ὑποστατικὴν,

2133 1040 2227 1093 καὶ
2256 1040 2355 1109 τὴν
2380 1039 2490 1092 τῶν
2519 1039 2783 1110 ὁμοειδῶν
2830 1040 3054 1111 ἀριθμῷ
3094 1041 3190 1094 καὶ
3247 1041 3477 1111 ἰδιότησι
3530 1042 3717 1108 διαφέ-

2135 1147 2357 1200 ρουσαν,
2387 1131 2417 1200 ἢ
2446 1131 2541 1201 τὴν
2568 1131 2757 1201 κοινὴν
2782 1133 2875 1185 καὶ
2904 1131 3108 1202 είδικὴν
3137 1133 3231 1187 καὶ
3257 1134 3423 1187 πᾶσιν
3437 1134 3713 1203 ὀμοτίμως

2131 1224 2244 1285 τοῖς
2268 1222 2431 1276 αὑτοῦ
2464 1223 2893 1293 μεταδιδομένην
2923 1224 3135 1289 εἶδουςς
3170 1224 3444 1294 Οὐδεμίαν
3472 1225 3618 1278 δοκεῖ
3646 1228 3710 1295 τῇ

452 1324 653 1390 Cernit,
709 1340 782 1378 an
836 1338 971 1379 vero
1028 1336 1378 1377 communem
1433 1336 1497 1376 ac
1539 1319 1857 1390 specialem.
1910 1331 2022 1385 qum

2135 1314 2366 1386 ἀληθείᾳ
2410 1314 2523 1367 τῶν
2554 1318 2814 1368 τοιούτων
2854 1315 3124 1386 κλήσεων,
3173 1317 3461 1387 ἐμφαίνειν
3520 1316 3715 1370 ἐνταῦ-

453 1413 666 1470 scilicet
682 1412 800 1483 pari
835 1413 1044 1466 ratione
1062 1409 1578 1481 omnibusejusdem
1598 1408 1800 1477 speciei
1830 1405 2031 1460 indivi-

452 1506 581 1560 duis
613 1504 1088 1560 communicatur?
1117 1503 1333 1558 Nullam
1378 1516 1569 1571 reapse
1609 1502 1805 1556 barum
1840 1500 2030 1570 appel-

451 1595 719 1653 lationum
774 1594 993 1648 videtur
1038 1594 1130 1648 hic
1179 1608 1364 1648 sermo
1403 1592 1665 1657 innucre;
1716 1604 2030 1659 quanquam

2134 1405 2202 1459 θα
2258 1406 2346 1460 τὸν
2405 1406 2601 1475 λόγον,
2677 1406 2778 1461 κᾶν
2844 1412 2910 1478 τῇ
2990 1408 3358 1480 δεδοξασμένῃ
3425 1408 3711 1472 συνεδοξά-

2677 1406 2778 1461 κᾶν
2844 1412 2910 1478 τῇ

2137 1499 2341 1567 σθησαν
2368 1514 2387 1532 ο
2439 1499 2555 1551 ἀλλ’
2611 1500 2728 1551 ἐνὸν
2780 1500 3041 1569 πρότερον
3069 1502 3263 1564 εἰπεῖν,
3316 1502 3469 1554 ποῖον
3524 1500 3589 1566 δὴ
3633 1501 3719 1553 λε-

2137 1591 2372 1661 γόμενον
2407 1591 2503 1643 καὶ
2536 1590 2971 1661 μεγαλυνόμενον
2998 1592 3170 1663 ὄνομα
3216 1591 3311 1646 τοῦ
3366 1591 3715 1663 Δημιουργοῦ

451 1694 509 1740 et
552 1684 692 1749 istae,
739 1685 1040 1757 gloriﬁcata
1076 1685 1188 1748 illa,
1238 1684 1401 1739 simul
1450 1683 1876 1752 conglorilicatae
1917 1680 2022 1735 fue-

2137 1685 2361 1747 νοεῖται,
2423 1684 2557 1752 ὅπερ
2607 1681 2826 1737 αἰώνιον
2875 1684 3089 1737 τίθεται
3146 1684 3241 1737 καὶ
3293 1685 3449 1752 ἅγιον
3504 1683 3718 1753 θαυμα-

452 1776 588 1833 rint.
626 1775 733 1831 Sed
773 1776 938 1830 liceat
979 1777 1335 1845 praemittere,
1391 1773 1699 1844 cujusniodi
1745 1772 1877 1828 illud
1931 1771 2024 1837 sit,

455 1866 603 1938 quod
636 1877 691 1920 et
740 1865 1132 1921 celebrandum
1169 1874 1226 1919 et
1259 1864 1723 1936 magniﬁcandum
1763 1861 2026 1932 intelligi-

451 1965 565 2021 tur,
607 1956 887 2012 Creatoris
924 1971 1147 2020 nomen,
1183 1956 1329 2026 quod
1363 1971 1494 2010 sane
1524 1965 1581 2009 et
1623 1964 1889 2009 aeternum
1921 1962 2026 2020 est,

446 2058 508 2103 et
535 2057 790 2103 sanctum
822 2058 879 2104 et
916 2047 1263 2112 admirabile,
1294 2055 1350 2102 et
1393 2048 1449 2100 in
1480 2046 1740 2101 omnibus
1767 2045 2027 2116 gentibus

449 2139 736 2202 terribile;
769 2139 962 2195 eadem
1008 2139 1208 2194 deinde
1246 2139 1457 2197 ratione
1508 2148 1564 2194 et
1615 2139 1682 2193 de
1721 2138 2027 2208 prteclaris-

442 2231 574 2291 simi
606 2231 780 2286 nostri
816 2232 1002 2302 gaudii
1035 2232 1258 2287 nomine
1283 2240 1547 2286 statuere.
1591 2231 1659 2284 Et
1688 2247 1819 2286 sane
1859 2231 2022 2300 quid-

447 2324 584 2395 quid
629 2318 879 2378 divinum
914 2333 1022 2389 est,
1071 2340 1195 2378 cum
1254 2339 1357 2378 nec
1402 2333 1583 2378 mente
1628 2323 2026 2392 comprehendi

448 2431 555 2472 nec
586 2415 771 2470 verbis
802 2415 987 2471 efferri
1023 2423 1211 2484 queat.
1257 2416 1431 2477 nullo,
1463 2416 1543 2470 uti
1595 2424 1768 2485 patet,
1801 2418 2027 2472 nomine

447 2508 745 2579 significari
794 2516 993 2579 potest,
1040 2509 1248 2564 nullam
1296 2507 1680 2579 appellationis
1720 2508 2028 2577 impositio-

446 2615 572 2655 nem
603 2600 810 2655 subire.
848 2599 1139 2666 Quodnam
1178 2602 1345 2671 igitur
1368 2609 1452 2655 est
1475 2602 1596 2671 ejus
1627 2616 1853 2662 nomen,
1877 2600 2024 2671 quod

446 2692 697 2746 omnium
731 2707 827 2748 ore
861 2692 1238 2763 gloriﬁcatur?
1276 2693 1387 2747 Aut
1416 2693 1712 2756 undenam,
1756 2700 1817 2745 ut
1845 2691 2023 2761 impo-

446 2792 696 2849 neretur,
723 2784 980 2855 accepit?
1011 2784 1177 2841 Plane
1196 2785 1440 2841 fatentur
1475 2785 1637 2839 simul
1669 2798 1884 2846 omnes,
1918 2783 2026 2838 hoc

448 2892 651 2933 nomen
675 2889 798 2930 esse
829 2875 1007 2932 Deus:
1040 2877 1148 2933 hoc
1178 2877 1327 2931 illius
1357 2884 1414 2932 et
1442 2877 1728 2947 proprium
1764 2887 1820 2931 et
1846 2877 2023 2931 solum

445 2984 567 3025 esse
601 2970 869 3025 creditur.
914 2969 1031 3025 Etsi
1071 2968 1221 3023 enim
1275 2970 1461 3039 plures
1498 2968 1684 3022 divina
1734 2968 2024 3039 Scriptura

2135 1775 2259 1829 στόν
2293 1793 2350 1828 τε
2374 1775 2468 1827 καὶ
2503 1773 2733 1845 φοϐερὸν
2765 1777 2823 1827 ὲν
2848 1778 2981 1828 πᾶσι
3006 1779 3119 1838 τοῖς
3147 1774 3382 1839 ἔθνεσιν,
3431 1772 3533 1828 εἷθ’
3578 1775 3718 1828 οὕτω

2132 1867 2385 1936 καὶπερὶ
2422 1865 2522 1934 τῆς
2572 1864 2929 1935 πολυωνύμου
2986 1867 3164 1935 χαρᾶς
3209 1864 3507 1918 διαλαϐεῖν.
3550 1863 3717 1932 Δῆλον

2132 1958 2241 2029 γὰρ
2279 1956 2354 2020 ὡς
2385 1957 2446 2009 τδ
2482 1957 2624 2010 θεῖον
2682 1956 3058 2029 ἀκατανόητόν
3104 1974 3164 2011 τε
3195 1955 3257 2011 ὃν
3303 1957 3403 2010 καὶ
3452 1956 3715 2028 ἄρρητον,

2131 2051 2577 2120 ἀκατονόμαστον
2638 2051 2809 2122 μένει,
2838 2051 2939 2122 τὴν
2996 2051 3106 2104 τῶν
3148 2050 3400 2119 κλήσεων
3440 2049 3516 2118 μὴ
3547 2065 3718 2115 7:903-

2133 2145 2348 2214 ιέμενον
2369 2144 2539 2197 θέσιν.
2572 2144 2729 2196 Ποῖον
2748 2139 2840 2196 οὖν
2859 2143 3010 2195 ἐστιν
3026 2141 3054 2194 δ
3074 2140 3527 2210 πολυθρυλλήτως
3547 2137 3714 2193 αὑτοῦ

2130 2232 2411 2300 δοξάζεται
2481 2235 2690 2304 ὅνομα;
2741 2234 2848 2287 Καὶ
2903 2232 3066 2286 πόθεν
3123 2231 3417 2292 τοῦτο’τὰς
3455 2230 3714 2299 ἀφορμὰς

2129 2330 2229 2399 τῆς
2259 2328 2558 2391 ἐπιθέσεως
2605 2327 2837 2396 εἴληφες
2895 2325 3122 2387 Πάντως
3158 2321 3610 2391 συνομολογεῖται
3632 2321 3714 2383 τὸ,

2133 2422 2280 2487 Θεός
2302 2435 2314 2448 ·
2350 2421 2378 2473 ὃ
2413 2420 2508 2473 καὶ
2534 2420 2739 2488 κυρίως
2767 2417 2932 2471 αὐτοῦ
2960 2417 3053 2469 καὶ
3094 2415 3270 2485 μόνως
3292 2410 3433 2471 εἶναι
3464 2412 3715 2466 πιστεύει

2129 2524 2242 2563 ται.
2277 2508 2335 2559 Ei
2369 2506 2475 2576 γὰρ
2530 2507 2627 2560 καὶ
2673 2504 2923 2568 πλείονας
2957 2506 2989 2574 ἡ
3026 2505 3143 2557 θεία
3180 2504 3371 2574 Γραφὴ
3416 2502 3718 2573 κατονομά-

2129 2598 2209 2663 ζει
2246 2598 2428 2662 θεοὺς,
2487 2598 2620 2651 ἀλλὰ
2682 2597 2789 2651 τῶν
2842 2597 2940 2664 μὲν
2993 2596 3095 2649 οὐκ
3146 2596 3318 2649 ὅντων
3345 2596 3420 2659 ὡς
3453 2595 3625 2650 ὄντων
3654 2596 3715 2647 τὸ

2130 2688 2408 2756 ἀπατηλὸν
2480 2687 2806 2759 στηλιτεύε-ι.
2836 2686 3001 2753 Οὕτω
3038 2687 3147 2758 γὰρ
3180 2689 3246 2740 ἐκ
3276 2687 3371 2740 τοῦ
3405 2689 3716 2758 διευκρινη-

2131 2779 2315 2841 οέντος
2357 2778 2492 2843 νόει,
2521 2779 2617 2837 καὶ
2662 2779 2720 2831 τὸ
2752 2778 2849 2857 τῆς
2880 2778 3162 2849 Παρθένου
3199 2780 3546 2851 σαφεστάτην
3570 2780 3715 2849 ἔχειν

2131 2878 2229 2943 τὴν
2279 2873 2519 2942 εὕρεσιν.
2573 2875 2638 2927 Ὃ
2667 2874 2777 2943 γὰρ
2833 2876 2952 2927 ἐκεῖ
2986 2875 3086 2946 τὴν
3134 2875 3281 2929 Θεοῦ
3342 2874 3714 2945 προσηγορίαν

2130 2964 2577 3037 μεγαλυνομένην
2645 2964 2868 3029 ἔδειξεν,
2896 2966 3133 3022 ἐνταῦθα
3177 2968 3242 3036 τῇ
3288 2965 3603 3036 καταλλήλῳ
3636 2984 3715 3018 τι-

445 3059 582 3115 deos
612 3061 894 3125 nominat;
940 3067 997 3115 at
1029 3059 1098 3114 de
1146 3059 1301 3129 ipsis,
1343 3058 1436 3129 qui
1475 3059 1656 3128 reipsa
1691 3059 1830 3113 nihil
1868 3069 2019 3124 sunt,

2130 3059 2359 3129 μωμένῃ
2387 3058 2539 3141 Gri-En,
2561 3057 2660 3127 τὴν
2693 3057 2793 3124 τῆς
2823 3058 3115 3112 Θεοτόκου
3145 3057 3543 3132 καθυποφαίνει
3575 3056 3710 3124 κλῆ-

447 3160 709 3220 tanquam
742 3151 787 3206 si
819 3149 1029 3221 aliquid
1061 3159 1267 3213 essent,
1302 3148 1370 3204 ad
1401 3150 1724 3204 eorumdem
1754 3151 2022 3207 fallaciam

451 3238 891 3311 redarguendam
939 3239 1205 3308 loquitur.
1253 3237 1347 3294 Sic
1398 3238 1583 3308 itaque
1631 3254 1696 3295 ex
1733 3241 1838 3296 hoc
1881 3243 2021 3316 ipso,

446 3332 598 3403 quod
627 3349 757 3389 sane
787 3333 892 3389 rite
926 3332 1241 3388 discussum
1267 3341 1372 3399 est,
1407 3332 1672 3404 intellige.
1707 3342 1763 3387 et
1785 3334 2026 3405 Virginis

445 3439 650 3487 nomen
701 3425 863 3496 plane
916 3425 1205 3496 perspicue
1255 3426 1596 3497 deprehendi
1637 3443 1815 3496 posse.
1865 3428 2024 3494 Quod

443 3516 590 3570 enim
635 3516 710 3571 ibi
741 3516 1010 3582 ostendit,
1043 3518 1497 3587 magniﬁcandam
1529 3534 1651 3573 esse
1698 3520 2018 3588 appellatio-

442 3621 569 3659 nem
608 3606 727 3668 Dei,
773 3606 865 3661 hic
910 3608 1281 3676 respondente
1325 3608 1553 3663 honoris
1581 3610 1751 3680 gloria
1781 3611 2023 3679 appella-

446 3696 652 3750 tionem
677 3696 862 3752 innuit
892 3695 1160 3767 Deiparw.
1192 3697 1305 3754 Hoc
1338 3699 1610 3768 siquidem
1655 3701 1834 3754 solum
1875 3701 2023 3756 illius

2130 3167 2234 3201 σιν.
2290 3147 2461 3200 Τοῦτο
2493 3150 2603 3216 γὰρ
2639 3146 2777 3218 αὐτῇ
2832 3147 3008 3216 μόνως
3035 3146 3231 3217 δνομα,
3284 3146 3444 3200 τοῦτο
3475 3146 3704 3217 κυρίως,

2126 3239 2282 3291 τοῦτο
2342 3237 2556 3307 ἀληθῶς
2575 3253 2590 3268 ο
2622 3236 2783 3290 τοῦτο
2818 3238 3116 3308 μεγαλύνει
3145 3241 3177 3307 ἡ
3201 3239 3376 3301 κτίσις
3404 3257 3415 3267 °
3441 3239 3599 3307 uino
3625 3239 3715 3291 δο-

2129 3332 2380 3400 ξέιζοντες
2411 3329 2869 3399 ὑπερευλογοῦσιν
2906 3331 3206 3399 ἄνθρωπον
3244 3331 3402 3386 τοῦτο
3424 3333 3481 3385 ὲν
3512 3332 3715 3394 πάσαις

2126 3428 2224 3476 οὐκ
2270 3422 2567 3493 ὠνομάσθη
2622 3424 2744 3486 ταῖς
2786 3425 3035 3489 γενεαῐς’
3092 3424 3253 3477 τοῦτο
3315 3425 3486 3495 μόνης
3537 3424 3712 3494 αὐτῆς

2130 3516 2444 3577 ἱδιαίτατον,
2483 3512 2675 3585 ὥσπερ
2709 3514 2872 3584 μόνου
2893 3513 2990 3567 τοῦ
3028 3514 3379 3587 Δημιουργοῢ
3433 3516 3516 3581 τὸ,
3548 3515 3711 3581 Θεός.

2131 3606 2241 3660 Καὶ
2278 3604 2421 3658 οὕτω
2447 3605 2546 3674 μὲν
2576 3605 2704 3675 περὶ
2735 3605 2941 3658 τούτων
2966 3605 3227 3675 ἁρμόδιον
3260 3606 3532 3674 ἡγεῖσθαι.
3576 3608 3714 3659 Και-

2132 3698 2225 3771 ρδς
2255 3697 2312 3748 δὲ
2338 3697 2471 3766 ἡμῖν
2495 3695 2590 3748 ἐπὶ
2631 3695 2729 3765 τὴν
2762 3695 3006 3768 ἱστορίαν
3035 3695 3392 3767 ἀναδραμεῖν.

439 3803 663 3852 nomen,
719 3789 824 3845 hoc
885 3792 1191 3861 proprium,
1248 3793 1353 3846 hoc
1419 3808 1645 3857 verum;
1706 3794 1812 3848 hoc
1876 3795 2145 3849 universa:
2195 3796 2464 3852 creaturae
2510 3786 2891 3859 magnificam;
2956 3788 3061 3843 hoc
3106 3787 3359 3844 homines
3408 3789 3713 3860 gloriﬁcant

440 3896 510 3936 ac
549 3898 714 3953 supra
745 3885 969 3942 modum
1002 3886 1374 3953 benedicunt;
1409 3891 1512 3942 hoc
1564 3889 1619 3941 in
1651 3888 1912 3943 omnibus
1960 3897 2119 3943 antea
2186 3883 2638 3958 generationibus
2704 3883 3051 3951 inauditum;
3107 3885 3213 3941 hoc
3275 3886 3423 3942 illius
3470 3896 3714 3943 tantum-

446 3976 610 4033 modo
667 3981 952 4049 proprium
1009 3981 1238 4039 omnino
1289 3987 1400 4047 est,

1492 3981 1958 4050 quemadmodum
2011 3990 2066 4035 et
2109 3980 2273 4035 unius
2314 3975 2593 4032 Creatoris
2634 3976 2914 4046 proprium
2980 3987 3065 4032 est
3096 3992 3299 4045 nomen
3326 3977 3490 4036 Deus.
3532 3981 3601 4036 Et
3633 3982 3715 4038 sic

441 4072 668 4142 quidem
704 4074 773 4129 de
814 4075 902 4130 his
944 4075 1264 4130 existimare
1294 4090 1600 4145 congruum
1634 4074 1822 4131 fuerit.
1864 4078 2021 4132 Nunc
2064 4082 2450 4145 verotcmpus
2483 4071 2551 4126 ad
2585 4071 2870 4127 historiam
2909 4088 3014 4128 nos
3041 4073 3267 4130 reverti.

514 4164 634 4219 XII.
657 4165 843 4235 lnquit
876 4167 1019 4222 enim
1054 4185 1067 4219 :
1092 4166 1505 4235 ExsurgensMa
1517 4170 1595 4222 ria
1620 4170 1670 4222 in
1693 4169 1868 4225 diebus
1892 4171 2018 4233 illis,

436 4251 568 4306 abiit
594 4254 650 4305 in
683 4261 941 4307 montana
971 4270 1089 4308 cum
1122 4254 1457 4324 festinatione
1480 4255 1546 4307 ⁸¹.
1580 4256 1715 4312 Vide
1746 4261 2018 4313 narratio-

442 4357 576 4397 num
618 4344 1075 4410 consonantiam;
1107 4358 1215 4401 non
1244 4344 1391 4417 cnim
1424 4348 1740 4421 evangelica
1771 4350 2019 4406 narratio

2196 4168 2298 4221 IB'.
2369 4160 2715 4218 Ἀναστᾶσα
2760 4163 2891 4233 γὰρ,
2951 4169 3128 4235 φησὶ,
3188 4165 3423 4235 Μαριὰμ
3466 4168 3538 4221 ἐν
3585 4169 3712 4235 ταῖς

2127 4256 2374 4335 ἡμέραις
2426 4255 2666 4320 ταύταις
2696 4255 2995 4325 ἐπορεύθη
3017 4260 3106 4323 εις
3131 4256 3247 4327 τὴν
3282 4257 3525 4327 ὀρεινὴν
3558 4263 3713 4329 μετὰ

2125 4346 2425 4415 σπουδῆς.
2480 4346 2625 4415 Ὅρα
2682 4347 2782 4414 τὴν
2835 4348 3158 4418 συμφωνίαν
3211 4351 3320 4402 τῶν
3371 4350 3707 4422 διηγήσεων·

438 4433 597 4495 dixit,
633 4435 818 4491 eadem
860 4435 964 4500 die,
1006 4446 1102 4492 aut
1136 4446 1250 4507 post
1283 4438 1421 4503 diem
1467 4439 1717 4503 alteram,
1763 4449 1861 4505 aut
1904 4441 2015 4506 alia

2129 4441 2186 4494 οὐ
2217 4439 2324 4515 γὰρ
2353 4439 2549 4504 αὐτὴν
2582 4438 2685 4509 ἔφη
2733 4438 2847 4507 τὴν
2880 4439 3134 4512 ἡμέραν,
3165 4442 3198 4511 ἢ
3215 4440 3368 4510 μετὰ
3394 4442 3709 4511 δευτέραν,

433 4527 692 4599 quapiam
724 4542 788 4581 ex
822 4529 1186 4596 sequentibus,
1225 4528 1321 4583 scd
1364 4530 1417 4603 in
1445 4530 1622 4591 diebus
1650 4531 1779 4593 illis,
1805 4548 1902 4602 per
1934 4533 2018 4586 in-

438 4616 728 4673 deﬁnitum
770 4618 984 4687 scilicet
1033 4627 1249 4689 tempus
1286 4621 1545 4683 innucns,
1591 4622 1814 4677 Mariam
1869 4624 2017 4678 domi

438 4708 670 4764 instanti
708 4725 876 4781 opere
914 4710 1085 4765 fuisse
1131 4713 1443 4779 necessario
1496 4713 1819 4779 detentam:
1870 4715 2016 4785 quod

436 4801 661 4868 quidem
701 4802 807 4857 alia
865 4802 1096 4857 historia
1147 4806 1437 4863 manifesto
1490 4808 1681 4871 tradit,
1736 4807 1800 4861 ad
1849 4807 2016 4879 perli-

2125 4532 2218 4589 καὶ
2252 4531 2366 4599 τὴν
2386 4529 2651 4605 καθεξῆς
2677 4530 2940 4603 ἐκείνης,
2976 4534 3092 4587 ἀλλ’
3121 4536 3179 4587 ἐν
3212 4537 3481 4603 ταύταις,
3509 4539 3585 4609 τῷ
3610 4539 3709 4591 ἀοι

2128 4625 2297 4695 ρίστῳ
2325 4623 2419 4677 τοῦ
2447 4625 2639 4696 χρόνου
2670 4624 2731 4676 τὸ
2754 4625 2853 4695 τῆς
2877 4626 3221 4697 κατεχούσης
3244 4628 3511 4697 ἐργασίας
3533 4631 3708 4697 ἀναγ-

2123 4720 2279 4770 καῖον
2301 4720 2334 4787 ὴ
2373 4716 2466 4771 τοῦ
2490 4716 2816 4785 εὐαγγελίου
2854 4719 3198 4789 σημαίνουσα
3222 4738 3236 4751 ·
3264 4720 3403 4790 ὅπερ
3431 4722 3464 4789 η
3494 4720 3707 4791 ίστορία

2121 4807 2208 4860 διὰ
2240 4805 2335 4859 τοῦ
2361 4805 2764 4877 συμπληρῶσαι
2791 4806 2852 4875 τὸ
2877 4806 3041 4878 ἔργον
3063 4809 3366 4878 ἐδήλωσεν·
3405 4809 3544 4864 ὥστε
3577 4827 3708 4879 σφο-

436 4889 694 4945 ciendum
741 4891 893 4963 (.veli)
923 4908 1063 4960 opus
1096 4892 1145 4946 id
1174 4894 1380 4963 factum
1411 4895 1613 4961 fuisse;
1660 4898 1798 4953 adeo
1832 4907 1893 4953 ut
1921 4913 2015 4951 ve-

2129 4896 2353 4971 Βροτέρᾳ
2393 4897 2494 4965 μὲν
2543 4897 2807 4966 ἠπείγετο
2850 4898 3047 4970 γνώμῃ
3103 4898 3238 4969 πρὸς
3262 4898 3361 4970 τὴν
3395 4899 3701 4962 Ἐλισάὃετ,

441 4981 861 5045 hcmentissimo
916 4983 1140 5051 quidem
1189 4985 1469 5041 desiderio
1508 4988 1574 5043 ad
1626 4988 2015 5061 (invisendam)

442 5072 724 5128 Elisabeth
761 5073 1181 5145 impelleretur;
1216 5080 1429 5137 ratione
1471 5089 1677 5144 tamen,
1709 5096 1872 5150 quam
1919 5098 2018 5137 an-

438 5174 523 5218 tea
569 5165 832 5231 diximus,
891 5167 1251 5226 detineretur.
1299 5171 1541 5242 Utraque
1592 5187 1726 5228 vero
1778 5173 2011 5228 historia

436 5258 602 5311 simul
638 5260 942 5328 composita
980 5261 1195 5324 edocet,
1234 5263 1381 5318 illam
1419 5276 1530 5320 tum
1566 5266 1631 5321 ad
1664 5268 2012 5323 sacerdotem

438 5357 555 5399 tum
586 5346 653 5400 ad
700 5357 986 5418 cognatam
1014 5352 1206 5407 eodem
1240 5369 1298 5408 se
1348 5354 1543 5410 itinera
1577 5357 1899 5418 contulisse,
1928 5359 2010 5411 vi-

436 5437 639 5492 delicet
677 5439 748 5494 ab
784 5440 997 5498 :edibus
1024 5444 1252 5515 Josepbi
1293 5446 1361 5501 ad
1411 5447 1774 5511 sacerdotem,
1810 5449 1878 5502 ab
1911 5448 2014 5503 isto

441 5542 575 5581 vero
602 5528 669 5582 ad
702 5530 927 5586 domum
954 5534 1251 5591 Zachariae.
1285 5536 1552 5603 Quocirca
1581 5539 1809 5593 historia
1839 5539 1972 5594 dicit
1998 5556 2011 5591 ε

2122 4987 2405 5059 κατείχετο
2431 4986 2489 5041 δὲ
2519 4986 2597 5058 τῷ
2635 4987 3054 5059 προλελεγμένῳ
3078 4989 3288 5059 τρόπῳ.
3308 4989 3454 5045 Μίαν
3485 4990 3544 5047 δὲ
3569 4992 3704 5062 πρός

2122 5100 2181 5135 τε
2206 5082 2299 5135 τὸν
2355 5080 2505 5151 ίερὲα
2562 5082 2660 5136 καὶ
2714 5082 2852 5152 πρὸς
2885 5082 2984 5153 τὴν
3044 5082 3340 5150 συγγενίδα
3368 5084 3468 5153 τὴν
3519 5083 3703 5151 ἄφιξιν

2123 5172 2361 5242 ἑκατέρα
2392 5173 2852 5241 καθυποδείκνυσι
2885 5175 3073 5245 γραφή
3104 5192 3117 5204 ·
3147 5176 3257 5241 ἀπὸ
3297 5176 3398 5260 μὲν
3437 5176 3531 5228 τοῦ
3558 5178 3707 5247 om}.

2128 5280 2294 5335 ματος
2333 5264 2532 5334 Ἰωσὴφ
2558 5264 2695 5336 πρὸς
2747 5266 2838 5319 τὸν
2884 5265 3055 5336 ἱερέα,
3092 5266 3200 5320 ἀπὸ
3227 5266 3282 5320 δὲ
3322 5265 3511 5319 τούτου
3566 5266 3701 5336 πρὸς

2122 5360 2211 5411 τὸν
2241 5354 2389 5411 οἷκον
2411 5356 2704 5425 Ζαχαρίου.
2735 5355 2827 5408 Διό
2861 5374 3027 5427 φησιν
3059 5359 3091 5426 ή
3124 5357 3335 5429 ἱστορία
3360 5374 3372 5388 ·
3406 5359 3606 5426 Χαρὰν
3633 5360 3702 5411 δὲ

2123 5449 2399 5504 λαϐοῦσα
2426 5446 2682 5516 Μαριὰμ,
2714 5448 2894 5517 ἀπῄει
2913 5449 3063 5517 πρὸς
3075 5450 3191 5518 τὴν
3211 5449 3544 5521 συγγενίδα
3597 5452 3701 5504 αὺ-

2123 5559 2248 5609 της.

440 5618 708 5674 Gaudium
740 5632 917 5678 autem
942 5643 1061 5681 cum
1094 5631 1406 5699 percepisset
1441 5630 1643 5697 Maria,
1676 5633 2019 5701 pro]'cctu~cst
2060 5635 2128 5688 ad
2149 5646 2427 5703 cognatam
2456 5648 2624 5685 suam.

509 5735 554 5769 ⁵¹
581 5734 714 5813 Luc.
737 5753 773 5802 ι,
798 5737 887 5790 59.
