4130 6202
433 232 549 295 673'

1241 232 1522 291 ORATIO
1560 233 1638 292 IN
1681 235 1787 295 SS.
1831 237 2184 299 DEIPARA‘I
2222 240 2796 302 VISITATIONEM.

3572 251 3681 316 6Ίὶ

505 346 732 416 Ἐχαιρε
785 343 884 406 τάς
927 344 1251 415 συμφώνους
1302 349 1626 419 λογιζομένη
1657 353 2018 423 προρρήσεις.

2194 354 2477 412 Gaudebat
2508 371 2677 427 porro
2701 356 3007 412 concordes
3039 370 3228 411 secum
3263 370 3525 429 reputans
3554 378 3697 433 pra:-

443 440 659 509 Ἐπειδὴ
691 440 798 509 γὰρ
826 441 892 510 τῇ
917 439 1011 493 τοῦ
1072 440 1265 510 ίερέως
1294 442 1559 513 ἀσυνήθει
1602 442 1861 512 διαλέξει,
1885 446 2017 515 πρὶν

431 534 488 588 ἐν
504 532 691 602 ὄψεσιν
712 531 970 602 ὀφθῆναι,
1004 534 1073 586 τὰ
1094 535 1193 603 τῆς
1217 535 1535 606 παρρησίας
1567 536 1844 608 ἀφῄρητο,
1875 538 2016 609 ὑπὲρ

431 624 621 679 ἐλπίδα
649 623 707 676 δέ
758 624 964 694 ταύτης
1028 624 1305 689 ἀπώνατο,
1352 629 1418 696 τῇ
1472 628 1626 696 παρὰ
1688 629 2018 697 προσδοκίαν

431 713 652 782 ἔχαιρεν
673 714 930 783 ἐπιτυχία
948 729 963 743 ο
1001 712 1034 783 ἢ
1061 715 1261 783 μᾶλλον
1285 715 1493 784 ταύτην
1521 716 1805 787 εἰληφέναι
1841 720 2017 790 χαράν

433 807 462 858 ό
493 806 651 872 λόγος
695 804 1021 870 αἰνίττεται,
1065 805 1164 876 τὴν
1215 807 1385 876 μόνην
1422 807 1591 871 ὅντως
1631 809 1830 880 χαράν,
1861 806 2016 884 καὶῇ

435 899 573 968 μόνῃ
618 898 895 968 συνήδετο,
926 899 995 967 ἦν
1051 899 1224 969 μόνην
1273 900 1480 965 ἐπόθει,
1514 904 1608 956 καὶ
1637 903 1704 973 ἢν
1735 921 2019 973 σωματου-

434 991 608 1059 μένην
639 988 792 1042 ἔνδον
826 992 1074 1060 κατεῖχε,
1104 990 1196 1043 τὸν
1228 992 1556 1063 ύπερούσιον
1583 995 1778 1062 Λόγον,
1800 995 1894 1047 τὸν
1917 997 2017 1066 τῆς

432 1082 610 1150 χαράς
654 1082 962 1152 φυτουργὸν
989 1121 1004 1143 ,
1057 1081 1148 1134 τὸν
1196 1081 1293 1152 τῆς
1339 1084 1727 1151 ἀγαλλιάσεως
1788 1086 2013 1157 ταμίαν,

433 1172 495 1224 τὸ
527 1172 904 1244 ύπερπόθητον
964 1172 1184 1238 κάλλος,
1208 1175 1266 1227 τὸ
1300 1176 1504 1248 ύπερδν
1558 1179 1760 1248 ὡραῖον
1817 1180 2017 1247 ἐγκαλ-

434 1261 713 1331 λώπισμα,
760 1262 820 1315 τὸ
868 1263 1031 1332 μόνον
1088 1264 1312 1335 ὀρεκτὸν
1349 1265 1687 1337 ἀγαλλίαμα,
1719 1268 1819 1339 τὴν
1874 1270 2017 1339 ὑπὲρ

436 1350 623 1418 ἔφεσιν
649 1352 859 1422 ἡδονὴν,
890 1352 989 1423 τὴν
1019 1352 1315 1425 ἀκόρεστον
1342 1357 1658 1428 γλυκύτητα
1691 1399 1706 1423 ,
1740 1360 1839 1430 τὴν
1885 1360 2013 1428 ἀλη-

446 1463 579 1499 κτον
617 1445 930 1517 ἐπιθυμίαν,
964 1447 1057 1501 τὸν
1081 1449 1291 1516 ἑφετοῖς
1312 1448 1514 1520 ἔρωτος
1538 1451 1907 1524 τιτρώσκοντα
1935 1453 2020 1523 βέ-

436 1535 575 1589 λεσι.
630 1536 828 1590 Τοῦτον
869 1540 1372 1609 ὴκεχαριτωμένη
1432 1540 1697 1607 λαὸοὖσα,
1737 1543 1838 1613 τὴν
1874 1542 2018 1614 ὑπὲρ

437 1626 643 1679 ἔννοιαν
672 1626 861 1698 ἔχαιρε
894 1629 1090 1700 χαράν.

2121 447 2414 503 dictiones.
2449 446 2586 533 cum
2632 450 2780 502 enim
2817 449 2888 502 ob
2924 450 3201 503 insuetum
3254 466 3380 505 cum
3412 456 3698 511 sacerdote

2120 537 2462 607 colloquium
2494 554 2714 593 omnem
2748 539 2897 593 fandi
2934 540 3243 595 libertatem
3282 543 3366 596 vel
3400 553 3696 615 antequam

2121 631 2175 684 in
2208 643 2567 701 conspectum
2602 632 2751 686 illius
2785 633 3021 697 veniret,
3054 635 3351 699 amisisset,
3397 638 3539 693 hanc
3565 648 3697 694 vero

2119 734 2283 788 supra
2312 736 2465 789 spem
2506 721 2705 774 deinde
2748 731 2902 775 nacta
2951 732 3115 788 esset,
3156 724 3540 794 inexspectato
3576 740 3700 783 suc-

2120 826 2278 865 cessu
2309 811 2628 879 laetabatur;
2659 828 2754 867 seu
2789 814 2973 882 potius
2999 816 3257 885 gaudium
3290 818 3422 873 illud
3465 821 3698 875 historia

2122 900 2331 957 indicat
2375 904 2629 972 adeptam
2678 917 2802 959 eam
2846 918 2989 968 esse,
3038 906 3183 974 quod
3241 908 3417 963 solum
3457 924 3586 965 vere
3615 922 3700 965 est

2121 992 2407 1062 gaudium,
2454 1002 2511 1048 et
2556 1010 2666 1063 quo
2699 995 2818 1049 solo
2864 996 3266 1061 delectabatur,
3330 1002 3477 1069 quod
3519 1003 3695 1057 solum

2121 1083 2490 1154 discnpiebat,
2528 1095 2585 1140 et
2631 1091 2777 1155 quod
2805 1103 2968 1142 carne
2994 1088 3105 1158 jam
3145 1088 3399 1144 indutum
3445 1093 3585 1146 intra
3621 1110 3699 1147 Sl-

2120 1192 2252 1231 num
2286 1191 2446 1230 suum
2474 1178 2744 1246 gestabat,
2779 1180 3310 1248 supersubstantiale
3340 1198 3537 1252 nempe
3564 1184 3699 1238 Ver-

2122 1269 2274 1332 bum,
2321 1269 2560 1339 primum
2608 1271 2794 1340 gaudii
2832 1282 3134 1335 auctorem.
3172 1274 3371 1329 laetitia:
3408 1273 3700 1344 dispensa~

2122 1370 2323 1424 torem,
2375 1361 2845 1431 pulchritudinem
2875 1373 2999 1418 vota
3027 1364 3288 1432 qualibet
3314 1367 3697 1430 excedentem,

2120 1458 2506 1504 ornamentum
2532 1451 2785 1519 quamvis
2820 1460 3165 1506 venustatem
3193 1452 3446 1519 vincens,
3479 1455 3698 1509 unicazn

2120 1541 2482 1610 appetendam
2528 1542 2977 1606 exsultationem,
3022 1543 3364 1611 voluptatem
3401 1552 3563 1599 omne
3600 1545 3699 1599 de-

2123 1632 2389 1686 siderium
2425 1642 2801 1702 superantem,
2847 1632 3196 1688 dulcedinem
3244 1649 3368 1703 quae
3415 1650 3696 1704 nunquam

440 1718 753 1776 satietatem
795 1720 978 1788 affert,
1024 1725 1210 1794 jugem
1257 1724 1570 1781 ardentium
1622 1737 1878 1783 votorum
1930 1741 2182 1796 scopum,
2224 1726 2317 1794 qui
2371 1726 2644 1794 exoptatis
2695 1725 2898 1781 amoris
2941 1727 3140 1797 jaculis
3196 1728 3411 1783 animos
3461 1729 3692 1784 sauciat.

432 1812 593 1896 Hunc
620 1827 746 1866 cum
787 1813 845 1867 in
875 1829 935 1873 se
963 1816 1270 1886 excepisset
1318 1816 1410 1872 illa
1455 1821 1629 1889 gratia
1664 1820 1844 1890 plena,
1873 1819 2094 1890 gaudio,
2136 1817 2281 1887 quod
2314 1817 2516 1872 mentis
2544 1817 2883 1872 transcendit
2916 1826 3162 1886 captum,
3207 1818 3539 1874 exsultabat.

505 1904 603 1959 Il".
641 1907 983 1965 Ἀναστᾶσα
1012 1908 1099 1972 δὲ,
1141 1909 1298 1979 φησὶ,
1324 1909 1560 1980 Μαριὰμ
1604 1911 1672 1965 ἐν
1709 1912 1837 1977 ταῖς
1872 1911 2007 1980 ἠμέ-

2182 1908 2321 1963 Xlll.
2370 1909 2672 1979 Exsurgens
2713 1917 2918 1985 putem,
2972 1909 3172 1978 inquit,
3208 1908 3387 1965 Maria
3422 1912 3476 1965 iu
3519 1913 3699 1970 diebus

429 2015 568 2068 ραις
596 2002 859 2066 ταύταις.
892 2002 1060 2056 Πόθεν
1104 2001 1305 2071 ἀνέστη
1336 2003 1400 2055 τὸ
1438 2004 1775 2073 ἀμετάθετον
1828 2005 2016 2076 στήρι-

437 2108 577 2177 γμα,
609 2093 641 2159 ἡ
675 2086 972 2156 ἀσάλευτος
1006 2091 1182 2158 πόλις,
1215 2094 1274 2146 τὸ
1314 2093 1414 2164 τῆς
1446 2096 1669 2163 ἁγνείας
1709 2096 2013 2167 ἑδραίωμα,

441 2181 473 2247 ὴ
507 2178 663 2249 βάσις
692 2180 785 2259 τοῦ
822 2181 1164 2252 ἀνθρωπείου
1182 2182 1396 2250 γένους,
1432 2190 1493 2236 τὸ
1528 2186 1621 2239 τοῦ
1675 2187 2019 2255 προπάτορος

437 2262 690 2344 ἔρεισμα,
713 2276 741 2327 ὁ
771 2277 867 2345 τῆς
903 2276 1259 2339 ἀναστάσεως
1292 2276 1568 2343 θεμέλιος,
1591 2279 1624 2347 ἡ
1655 2280 1862 2348 κρηπὶς
1918 2281 2017 2344 τῆς

439 2364 814 2435 ἀνακλήσεως,
845 2367 878 2435 ἡ
919 2365 1049 2438 ῥίζα
1085 2366 1183 2441 τῆς
1222 2370 1418 2439 χαρᾶς,
1454 2370 1488 2439 ἡ
1522 2370 1750 2441 ἀπαρχὴ
1782 2370 1880 2437 τῆς
1912 2369 2016 2437 φύ-

442 2473 601 2523 σεως,
642 2457 704 2509 τὸ
739 2459 941 2528 τεῖχος,
979 2459 1037 2511 ἐν
1064 2451 1107 2526 ᾧ
1149 2459 1221 2511 τά
1275 2459 1377 2530 τῆς
1418 2459 1577 2531 ⁴ημῶν
1615 2459 2015 2530 ἐπῳκοδομήθη

440 2552 716 2621 σωτηρίας
756 2551 1100 2627 ἐρείσματα;
1152 2551 1325 2607 Πόθεν
1371 2553 1555 2607 τοίνυν
1603 2553 1853 2623 ἀνέστης
1923 2553 2019 2605 Ἐκ

442 2640 536 2694 τοῦ
566 2643 863 2714 οἰκήματος
907 2642 1132 2713 Ἰωσὴφ,
1178 2647 1237 2698 ἐν
1271 2638 1423 2716 ᾧπερ
1484 2646 1904 2716 ἀμετακινήτως
1950 2647 2017 2715 τῇ

444 2735 612 2803 ἀρετῇ
648 2737 1009 2813 προσήδρευε.
1051 2726 1161 2790 Καὶ
1198 2737 1287 2791 διά
1314 2739 1368 2791 τί
1413 2739 1513 2809 μὴ,
1571 2737 1853 2807 Ἐξῆλθεν,
1887 2737 2018 2806 ἐφη.

440 2824 583 2890 ἀλλ’,
606 2816 884 2893 Ἀνέστης
920 2826 1031 2897 Τὴν
1062 2828 1283 2897 διηνεκῆ
1314 2828 1407 2881 καὶ
1429 2827 1666 2898 ἔμμονον
1682 2827 1855 2898 αὐτῆς
1887 2829 2020 2896 ἠσυ-

442 2913 563 2985 χὶαν
593 2916 620 2967 ό
658 2917 969 2986 σοφώτατος
1003 2918 1401 2989 εύαγγελιστὴς
1440 2919 1527 2974 διὰ
1558 2917 1749 2973 τούτου
1772 2918 2017 2989 ᾐνίξατο.

441 3004 552 3063 *λέν
597 3008 706 3081 γὰρ
739 3009 928 3082 ὥσπερ
968 3012 1287 3087 ἡδρασμένη
1324 3012 1420 3066 καὶ
1456 3012 1798 3082 ἀμετάθετος
1842 3013 1900 3066 ἐν
1942 3012 2022 3083 τῷ

442 3092 541 3170 τῆς
587 3101 869 3171 ὑπομονῆς
932 3100 1024 3153 καὶ
1070 3102 1361 3171 ἁγιότητος
1407 3103 1691 3171 πεπηγυῖα
1741 3098 1977 3169 θεμελίῳ
2005 3116 2045 3177 χ

450 3193 585 3265 μηδέ
622 3194 682 3246 τὸ
718 3194 880 3264 τυχὸν
919 3192 1046 3246 ἄνευ
1067 3194 1165 3264 τῆς
1198 3192 1524 3264 ἐπειγούσης
1556 3193 1803 3262 ἀνάγκης
1831 3192 1893 3244 ἐκ
1924 3189 2017 3243 τοῦ

447 3286 851 3355 καθεστηκότος
881 3284 1308 3356 μεταδαίνουσα.

518 3462 614 3519 ΙΔ¹.
649 3462 798 3533 Αὕτη
828 3465 1008 3517 τοίνυν
1034 3462 1066 3535 ἠ
1105 3462 1362 3533 καθάπερ
1388 3466 1446 3517 ἐν
1492 3464 1710 3529 ἀδύτοις
1739 3467 1797 3520 ἐν
1822 3466 1901 3537 τῷ
1946 3466 2025 3519 ol-

450 3559 656 3627 κήματι
688 3555 1068 3627 κρυπτομένη,
1111 3556 1251 3626 πρὸς
1277 3555 1368 3609 τὸν
1402 3555 1554 3627 ἱερέα
1589 3555 1685 3609 καὶ
1733 3558 1872 3627 πρὸς
1924 3558 2024 3627 τὴν

374 3668 379 3672 ·
450 3649 666 3718 ὀρεινὴν
709 3648 910 3718 σπουδῇ
948 3649 1264 3718 συνέτρεχε,
1297 3649 1527 3701 τοιαῦτα
1562 3650 1703 3718 τάχα
1745 3649 2023 3717 διεξιοῦσα

455 3738 536 3808 τῷ
566 3738 707 3807 λόγῳ
730 3754 745 3768 ·
781 3735 948 3804 Ἐγὼ,
978 3736 1165 3807 φησιν,
1194 3731 1238 3791 ὦ
1264 3739 1615 3808 Δέσποτα,τῇ
1655 3741 1721 3810 σῇ
1752 3739 2027 3811 κυὸερνωο

454 3828 591 3900 μένη
636 3828 820 3899 χάριτι
852 3828 1014 3898 μέχρι
1045 3827 1143 3899 τῆς
1174 3828 1462 3900 παρούσης
1507 3829 1729 3900 ἡλικίας
1763 3828 1859 3882 καὶ
1895 3828 2026 3900 χρό-

450 3941 544 3976 νου
572 3923 666 3975 τού
700 3919 1019 3989 ἐνεστῶτος,
1044 3923 1107 3974 ἐκ
1122 3922 1341 3974 πάντων
1364 3920 1609 3991 ἐμαυτὴν
1633 3920 1866 3991 ἐπέσχον
1894 3920 2023 3986 τῶν,

451 4016 551 4068 ὅσα
572 4012 661 4067 διὰ
684 4012 794 4065 τῶν
830 4012 1143 4082 αἰσθήσεων
1182 4009 1516 4063 ἐπινοθεύειν
1540 4010 1753 4078 πέφυκε
1790 4008 1889 4080 τὴν
1932 4009 2024 4061 τοῦ

454 4105 549 4157 νοῦ
580 4101 952 4172 καθαρότητα.
981 4099 1312 4170 Ὀφθαλμοῖς
1332 4100 1430 4170 μὲν
1454 4100 1551 4170 τὴν
1576 4099 1683 4153 τῶν
1711 4098 2026 4166 ἀναγκαίων

455 4196 742 4265 ἀντίληψιν
771 4194 1001 4266 μετρίαν
1020 4192 1422 4263 ἐπιτρέπουσα,
1452 4194 1515 4244 τὸ
1544 4192 1883 4263 θεωρητικὸν
1931 4192 2029 4243 αὑ·-

454 4291 564 4342 τῶν
605 4288 753 4342 anu
800 4288 939 4359 πρὸς
983 4286 1084 4357 τὴν
1126 4285 1225 4356 σὴν
1263 4284 1556 4355 ἀνήρτησα
1605 4284 2025 4355 μεγαλειότητα.

455 4379 723 4451 Καθαράν
776 4379 832 4432 δέ
870 4378 967 4433 καὶ
1014 4379 1295 4447 ἀνέπαφον
1338 4376 1670 4446 διατηροῦσα
1707 4378 1805 4446 τὴν
1834 4375 2025 4445 ἀκοὴν,

455 4472 749 4543 ἐμξάσεων
795 4470 954 4523 θείων
980 4468 1346 4541 ἀκροατήριον
1371 4467 1579 4540 ταύτην
1615 4468 2027 4537 παρεσκεύασα.

457 4564 625 4632 Χείλη
670 4578 731 4614 τε
781 4562 877 4614 καὶ
903 4558 1155 4628 γλῶτταν
1189 4559 1269 4623 είς
1300 4557 1400 4628 τὴν
1419 4556 1528 4629 ,σὴν
1564 4556 1875 4624 δοξολογίαν
1922 4558 2030 4609 ἀπ-

458 4652 786 4724 ασχολοῢσα,
817 4651 919 4723 τὴν
957 4650 1252 4720 ἀσώματον
1306 4650 1365 4703 ἐν
1397 4648 1613 4719 σώματι
1663 4648 2027 4719 παρεζήλωσα

460 4744 646 4814 φύσιν.
695 4740 820 4796 Ὑπ’
871 4739 1085 4804 οὐδενὸς
1131 4737 1241 4790 τῶν
1293 4738 1575 4808 παρόντων
1632 4736 1723 4790 τὸν
1773 4735 2032 4805 λογισμὸν

459 4833 858 4906 παρετράπην·
891 4831 1027 4901 πρὸς
1059 4830 1169 4899 γὰρ
1194 4829 1294 4898 τὴν
1334 4828 1434 4898 σὴν
1464 4827 1635 4897 μόνην
1668 4825 2031 4897 ἀπησχόλησα

457 4923 651 4976 τοῦτον
731 4921 965 4992 μελέτην
998 4960 1014 4985 ,
1067 4917 1308 4989 δργανον
1377 4915 1622 4986 ἐμαυτὴν
1676 4915 2033 4983 ύμνολογικὶν

458 5013 867 5079 κατεσκεύασα,
923 5013 1156 5085 ὄργανον
1195 5009 1544 5082 ἡρμοσμένον
1594 5007 1670 5079 τῷ
1728 5008 2031 5077 Πνεύματι,

460 5111 695 5181 ὃργινον
748 5109 851 5180 τῆς
911 5096 1289 5177 καθαρότητος
1344 5103 1573 5176 ἐνηχοῦν
1634 5103 1920 5173 μελῳδίαν,
1975 5104 2038 5157 τὸ

459 5200 572 5254 τῶν
606 5200 788 5254 acim
833 5199 1133 5269 Δυνάμεων
1177 5197 1612 5266 ἀνακρουόμενον
1645 5192 1818 5267 ᾆσμα,
1851 5198 1917 5266 τῇ
1948 5213 2034 5265 χε-

464 5291 693 5363 ρουσικῇ
763 5290 1044 5361 δοξολογίςι
1116 5284 1626 5358 συμφθεγγόμενος).
1707 5287 2035 5356 Ἀκόρεστον

539 5450 904 5532 (ῖελΡιιιτεε
1075 5444 1256 5532 habes.
1282 5440 1604 5526 sententias,
1633 5446 2032 5532 quae_n_ullatus

468 5517 814 5591 permittunt,
850 5527 912 5591 ut
949 5518 1111 5588 Virgo
1164 5517 1412 5591 Deipara
1442 5517 1699 5591 primaevo
1752 5517 2032 5570 laborasse

467 5587 603 5643 vitio
624 5590 991 5644 existimetur.
1023 5587 1307 5654 Quomodo
1327 5587 1473 5640 enim
1491 5587 1871 5641 fulcimentum
1889 5596 2036 5641 esset

469 5660 609 5731 lapsi
634 5660 797 5731 primi
818 5657 1085 5730 parentis,
1120 5656 1165 5713 si
1192 5666 1246 5711 et
1276 5657 1391 5725 ipsa
1418 5657 1567 5725 lapsa
1596 5658 1649 5709 in
1689 5655 1884 5711 eodem
1924 5657 2035 5710 hu:-

2123 2001 2258 2056 illis.
2288 2001 2573 2057 Undenam
2595 2002 2906 2056 exsurrexit
2949 2001 3236 2056 immotum
3268 2001 3403 2057 illud
3434 1992 3698 2069 fulcrum,

2125 2093 2325 2148 civitas
2354 2094 2704 2155 inconcussa,
2739 2093 3066 2148 innocentiae
3091 2093 3520 2162 firmamentum,
3553 2096 3702 2153 basis

2124 2185 2354 2241 humani
2389 2185 2824 2257 generis,'primi
2856 2187 3035 2257 gentis
3069 2196 3271 2241 nostra:
3320 2190 3568 2257 parentis
3591 2189 3702 2244 ful-

2121 2279 2446 2344 cimentum,
2473 2292 2629 2333 nova:
2658 2276 2957 2332 erectionis
2990 2277 3450 2342 sustentaculum,
3484 2290 3703 2348 repara-

2119 2372 2354 2428 rationis
2386 2370 2633 2426 omnium
2667 2370 3082 2424 fundamentum
3118 2367 3255 2438 (78),
3284 2369 3468 2439 gaudii
3517 2368 3697 2434 radix,

2120 2474 2334 2518 naturae
2357 2463 2529 2517 totius
2556 2461 2834 2531 primitiae,
2858 2474 3050 2514 murus
3072 2500 3086 2524 ,
3112 2475 3279 2529 super
3308 2474 3470 2527 quem
3502 2457 3698 2514 intedi-

2123 2554 2284 2610 ﬁcata
2316 2553 2510 2609 salutis
2539 2561 2741 2608 nostra:
2787 2534 3021 2605 ﬁrmitas
3062 2549 3350 2604 innititur?
3377 2548 3529 2606 Unde
3571 2562 3705 2620 ergo

2121 2642 2482 2699 exsurrexit?
2511 2642 2590 2696 Ex
2644 2640 2869 2710 Josephi
2924 2641 3109 2701 domo,
3156 2639 3209 2693 in
3273 2654 3381 2709 qua
3423 2654 3555 2694 sane
3604 2655 3703 2694 sua

2121 2736 2300 2805 ipsam
2355 2734 2536 2787 virtus
2589 2732 3034 2787 constantissime
3084 2730 3391 2784 detinebat.
3451 2732 3521 2785 At
3573 2742 3705 2784 vero

2120 2843 2285 2897 quam
2312 2826 2383 2882 ob
2418 2841 2535 2881 rem
2591 2841 2702 2880 non
2731 2824 2891 2891 dixit,
2926 2824 3158 2894 Egressa
3211 2832 3316 2888 est,
3352 2824 3473 2886 Sed,
3504 2822 3706 2877 Exsur-

2122 2920 2256 2973 rexit
2277 2921 2301 2974 ?
2323 2918 2513 2989 Jugem
2546 2917 2760 2973 scilicet
2789 2925 2846 2971 et
2892 2920 3238 2971 constantem
3273 2914 3420 2968 illius
3461 2912 3704 2982 quietem

2125 3010 2564 3081 sapientissimus
2589 3009 2926 3079 evangelista
2953 3023 3052 3078 per
3106 3007 3223 3061 hze'c
3262 3004 3574 3075 signiﬁcare
3610 3019 3708 3058 vo-

2122 3103 2245 3157 luit.
2283 3101 2416 3156 Nam
2448 3101 2690 3155 stabilita
2718 3098 3128 3169 quodammodo
3169 3106 3226 3152 et
3257 3097 3482 3150 immota
3532 3107 3705 3165 super

2124 3192 2541 3246 fundamentum
2574 3189 2855 3259 patientiae
2887 3195 2944 3242 et
2970 3187 3281 3241 sanctitatis
3305 3184 3481 3239 defixa
3518 3185 3705 3239 consi-

2047 3262 2091 3319 θ
2124 3284 2335 3345 stebat;
2369 3298 2549 3351 neque
2598 3281 2828 3334 forsitan
2862 3279 2998 3333 citra
3032 3277 3405 3346 impellentem
3467 3275 3706 3330 necessi-

2127 3384 2292 3429 tatem
2323 3376 2392 3428 ab
2419 3374 2671 3428 instituto
2701 3386 2800 3426 suo
2828 3368 3166 3424 discedebat.

2205 3467 2346 3523 XIV.
2371 3465 2504 3533 Quae
2529 3451 2662 3535 erg‘o
2695 3465 2747 3517 in
2781 3462 3062 3518 domicilio
3093 3476 3195 3516 suo
3222 3460 3393 3516 veluti
3426 3460 3481 3517 in
3532 3477 3709 3517 sacra-

2125 3559 2210 3614 rio
2246 3557 2567 3614 abscondita
2616 3557 2829 3611 solebat
2884 3568 3130 3618 manere,
3161 3552 3229 3608 ad
3262 3554 3604 3610 sacerdotem
3649 3560 3708 3611 et

2128 3652 2182 3706 in
2219 3662 2476 3706 montana
2514 3664 2641 3704 cum
2689 3646 3044 3703 festinatione
3084 3661 3144 3701 se
3186 3646 3529 3709 conferebat,
3556 3647 3708 3702 hisce

2126 3741 2285 3796 facile
2313 3738 2544 3794 vocibus
2592 3739 2763 3794 Deum
2795 3738 3084 3808 alloquens
3119 3757 3134 3793 :
3167 3739 3302 3807 Ego,
3326 3737 3634 3807 inquiebat,
3672 3753 3706 3793 ο

2127 3833 2382 3894 Domine,
2419 3842 2507 3886 tua
2536 3842 2624 3884 me
2663 3830 2835 3900 gratia
2863 3829 3233 3899 gubernante,
3266 3826 3333 3882 ad
3361 3827 3501 3882 hanc
3536 3840 3708 3897 usque

2126 3906 2343 3981 aetatem
2385 3933 2441 3979 et
2484 3923 2553 3977 ad
2617 3931 2944 3991 praesentem
3011 3920 3158 3975 diem
3209 3919 3278 3973 ab
3336 3918 3404 3973 iis
3452 3920 3711 3974 omnibus

2130 4032 2217 4070 me
2267 4014 2563 4075 custodivi.
2593 4027 2955 4082 quascumque
2994 4011 3061 4066 ad
3119 4009 3574 4078 corrumpendani
3612 4026 3711 4080 per

2129 4120 2324 4160 sensus
2373 4105 2666 4174 puritatem
2729 4101 2930 4155 mentis
2982 4108 3113 4153 sunt
3160 4097 3378 4153 idonea.
3425 4098 3494 4153 Et
3532 4099 3712 4153 oculis

2129 4197 2351 4266 quidem
2381 4193 2749 4249 concedebant
2784 4199 2863 4257 ut,
2897 4190 2987 4244 ubi
3014 4204 3156 4258 opus
3183 4196 3350 4256 esset,
3375 4194 3710 4254 cernerent,-

2129 4288 2227 4343 sed
2269 4294 2695 4356 quantacunque
2755 4281 2977 4337 videndi
3028 4282 3111 4336 vis
3166 4282 3366 4347 inerat,
3427 4289 3595 4336 totam
3640 4282 3710 4335 ad

2132 4375 2598 4448 magnificentiam
2633 4383 2780 4427 tuam
2815 4369 3293 4441 contemplandam
3324 4370 3499 4425 erexi.
3535 4370 3713 4424 Aures

2129 4478 2298 4536 porro
2325 4479 2491 4533 puras
2518 4460 2869 4531 illibatasque
2908 4474 3158 4523 servans,
3188 4464 3410 4529 paratas
3437 4458 3711 4513 habebam

2136 4559 2203 4614 ad
2241 4556 2551 4612 divinarum
2599 4568 2784 4608 rerum
2840 4550 3263 4623 explicationem
3308 4549 3711 4620 excipiendam.

2138 4650 2276 4707 Tum
2299 4649 2442 4704 labia
2471 4659 2585 4703 tum
2615 4647 2855 4718 linguam
2899 4646 2953 4700 in
2984 4655 3037 4701 te
3072 4643 3436 4701 collaudando
3485 4642 3709 4698 assidue

2132 4757 2421 4807 exercens,
2452 4741 2810 4809 incorporeas
2866 4748 3092 4793 naturas
3138 4737 3193 4791 in
3242 4744 3474 4806 carpore
3519 4732 3714 4788 stude-

2133 4836 2262 4890 bam
2319 4832 2586 4888 :emulari.
2622 4829 2783 4884 Nulla
2832 4828 3074 4898 unquam
3130 4830 3474 4882 terrenarum
3527 4823 3716 4879 rerum

2136 4932 2317 4982 meam
2352 4939 2383 4977 a
2438 4928 2488 4977 te
2530 4924 2766 4976 mentem
2815 4919 3013 4973 avertit
3047 4936 3061 4973 :
3097 4917 3164 4971 ad
3215 4932 3378 4971 unam
3424 4918 3572 4970 enim
3632 4916 3716 4969 tui

2136 5013 2654 5085 contemplationem
2700 5010 2908 5081 iugiter
2947 5023 3068 5064 eam
3114 5007 3401 5063 intendere
3429 5006 3713 5072 'consuevi,

2142 5121 2410 5178 organum
2442 5103 2825 5171 memetipsam
2860 5102 3129 5156 exhibens
3166 5099 3275 5153 tuis
3331 5098 3591 5153 laudibus
3632 5110 3719 5152 rc-

2143 5200 2345 5253 sonan's
2376 5236 2390 5260 ,
2442 5190 2708 5264 organum
2755 5207 2786 5245 a
2826 5201 3019 5245 sancto
3072 5186 3281 5261 Spiritu
3340 5190 3409 5245 ad
3446 5203 3723 5258 supernas

2142 5288 2459 5344 harmonias
2486 5295 2752 5356 aptatum,
2776 5286 3044 5355 organum
3073 5282 3427 5338 suavissimus
3460 5281 3725 5352 puritatis

2131 5444 2288 5500 rebat
2311 5443 2473 5498 luto?
2495 5440 2781 5509 Quomodo
2807 5454 2953 5494 nova:
2973 5441 3250 5495 erectionis
3270 5437 3720 5499 sustentaculum.

2132 5516 2178 5569 si
2210 5531 2336 5569 cum
2377 5514 2500 5567 alris
2535 5513 2771 5583 jacebat,
2807 5521 2864 5564 et
2904 5524 3029 5583 cum
3084 5510 3211 5583 aliis
3248 5518 3369 5583 erat
3416 5510 3723 5583 erigenda?L

2136 5584 2422 5651 Quomodo
2481 5576 2862 5652 reparationisr
2888 5582 3123 5652 omnium
3154 5576 3609 5652 ‘fundpmentt'tm,
3668 5576 3717 5631 si

2137 5650 2419 5710 communi
2449 5650 2696 5708 omnium
2721 5651 3108 5707 involvebatur
3135 5650 3339 5706 ruina?
