4130 6202
411 244 518 307 675

1670 230 1930 294 JACOBI
1974 230 2316 291 MCNACHI

3556 229 3660 290 676

413 358 716 410 concentus
773 347 1083 409 modulans,
1143 342 1288 412 quod
1340 343 1644 396 cmlesiinm
1707 344 1981 397 Virtutum

2106 342 2284 411 ἱχουσα
2321 338 2418 407 τὴν
2458 336 2666 406 ἔφεσιν,
2712 335 2947 406 ἄληκτον
2975 335 3275 406 διετήρησα
3304 335 3402 401 τὴν
3434 333 3659 399 αῖνεσιν,

413 442 645 510 canticis
700 437 1013 508 respondet,
1064 436 1209 505 quod
1272 434 1586 489 cherubicis
1639 435 1825 503 glorias
1882 444 1987 489 tua:

413 534 752 592 carminibus
782 526 1046 584 concinit.
1081 526 1382 582 lusatiabili
1415 526 1494 581 tui
1525 527 1727 581 ardens
1767 526 1985 581 deside—

416 630 521 691 rio,
587 624 963 679 indesinenter
1012 635 1315 690 prosequor
1380 619 1753 672 laudationem
1807 620 1988 683 tuam;

414 731 601 773 amore
646 713 724 767 lui
786 728 882 767 cor
932 710 1180 765 saucium
1229 709 1379 762 intus
1433 722 1650 777 gerens,
1702 708 1754 760 iu
1818 707 1987 762 verba

414 807 616 859 amoris
668 802 1005 855 incessanter
1060 812 1310 867 erumpe.
1346 796 1446 851 llic
1492 812 1647 851 amor
1691 797 1823 850 inihi
1861 812 1987 852 cum

414 908 643 963 corpore
689 891 988 949 succrevit,
1032 890 1121 942 hic
1170 904 1294 941 eum
1342 897 1526 940 meme
1559 886 1835 941 adolevit:
1863 901 1986 940 cum

416 987 518 1039 hoc
554 984 717 1037 simul
771 981 1064 1051 congenita
1098 978 1278 1032 anima
1328 992 1447 1031 mea
1482 976 1592 1043 ('79)
1634 977 1989 1047 iiymnodiam

418 1073 705 1130 intermitti
734 1072 973 1126 nesciam
1009 1069 1261 1138 pertexit.
1301 1067 1417 1120 Lux
1438 1068 1583 1120 enim
1623 1083 1703 1133 es,
1729 1067 1987 1131 Domine;

416 1172 511 1230 lux
572 1166 939 1234 undequaque
998 1162 1364 1225 suavissima;
1428 1159 1523 1213 lux
1574 1159 1712 1213 citra
1770 1174 1991 1214 omnem

417 1257 891 1327 comparationem
931 1251 1349 1315 desiderabilis;
1390 1250 1481 1303 lux
1509 1265 1629 1318 quae
1678 1250 1816 1304 citra
1854 1260 1993 1304 tem-

418 1364 614 1420 porum
693 1346 870 1417 spatia
930 1344 1300 1413 intelligitur;
1357 1342 1455 1396 lux
1531 1356 1652 1410 qua)
1728 1340 1993 1410 temporis

420 1441 637 1494 vicibus
694 1454 814 1491 non.
867 1436 1170 1498 subditur;
1226 1434 1318 1486 lux
1370 1432 1422 1485 in
1495 1432 1808 1486 innocentia
1872 1448 1992 1486 mea

420 1535 727 1604 refulgens;
760 1533 849 1585 lux
896 1530 1140 1599 dirigens
1172 1542 1396 1597 gressus
1447 1542 1635 1592 meos;
1679 1527 1792 1591 lux,
1827 1542 1991 1596 quam

422 1640 517 1694 per
540 1620 923 1677 admirandum
954 1619 1105 1672 illum
1142 1615 1396 1670 nuntium
1426 1616 1479 1668 in
1513 1631 1599 1669 me
1632 1618 1822 1685 excepi
1855 1616 1990 1685 (80),

2088 433 2237 484 ενδον
2276 431 2367 484 τὸν
2406 430 2498 484 σὺν
2545 430 2920 499 ἐπιφερομένη
2965 428 3151 493 πόθον,
3192 426 3558 492 ἀδιαλείπτως
3596 432 3664 483 τὰ

2089 524 2187 589 τῆς
2213 522 2377 576 αὐτοῦ
2419 522 2640 593 ἀγάπης
2658 520 3037 591 προὸάλλομαι
3064 520 3308 590 ῥήματα.
3338 515 3505 582 Οὗτος
3524 536 3663 572 συν-

2086 614 2298 684 quam
2343 612 2423 683 τῷ
2458 612 2695 682 σώματι,
2729 606 2886 674 οὗτος
2949 610 3294 679 συνακμάζει
3330 610 3397 680 τῇ
3431 609 3660 678 διανοίᾳ,

2084 705 2259 773 τούτῳ
2282 703 2475 774 ἡψυχὴ
2503 702 2893 773 προσφυομένη
2926 701 3026 771 τὴν
3049 700 3475 754 ἀκατάπαυστον
3505 699 3668 768 ὑμνο-

2086 796 2272 864 λογίαν
2320 796 2624 849 διαπλέκει.
2678 793 2798 856 Φῶς
2833 796 2941 864 γὰρ
2980 789 3050 856 εἴ,
3102 791 3369 856 Δέσποτα,
3436 792 3552 859 φῶς
3608 793 3668 842 τὸ

2095 889 2269 958 μόνως
2295 888 2663 957 γλυκύτατον·
2690 888 2806 957 φῶς
2839 886 2900 939 τὸ
2925 884 3273 954 ἁσυγκρίτως
3298 882 3665 951 ποθούμενονο

2093 978 2207 1045 φῶς
2246 980 2307 1030 τὸ
2337 978 2582 1048 ἀχρόνως
2608 977 2899 1046 νοούμενον
2928 992 2941 1005 ·
2976 974 3089 1044 φῶς
3121 972 3180 1025 τὸ
3229 974 3302 1049 μὴ
3338 972 3667 1041 τεμνόμενον

2092 1072 2268 1139 χρόνῳ
2289 1086 2301 1097 ·
2324 1068 2440 1137 φῶς
2469 1071 2530 1121 τδ
2555 1068 2915 1136 καταλάμπον
2947 1068 3003 1119 ὲν
3034 1068 3099 1137 τῇ
3142 1050 3337 1133 ἁγνείᾳ
3369 1080 3473 1132 μου
3499 1078 3514 1092 °
3550 1063 3666 1131 φῶς

2090 1163 2152 1214 τὸ
2178 1161 2511 1216 κατευθῦνον
2531 1160 2630 1224 τὰς
2644 1159 2796 1223 ὁδούς
2823 1176 2922 1229 μου
2944 1175 2957 1186 ·
2981 1159 3096 1227 φῶς
3121 1157 3257 1227 ὅπερ
3288 1156 3377 1210 διὰ
3425 1156 3535 1208 τῶν
3564 1174 3669 1207 πα-

2096 1252 2339 1321 ραδόξων
2373 1251 2708 1321 μηνυμάτων
2740 1247 3115 1319 ὑπεδεξάμην,
3150 1248 3287 1316 ὅπερ
3322 1245 3409 1298 διὰ
3443 1248 3543 1315 τῆς
3570 1261 3670 1313 χαι

2093 1346 2195 1415 ρᾶς
2243 1343 2747 1413 κατεπλουτίσθηνο
2797 1342 2858 1395 τὸ
2912 1340 3112 1403 παντὸς
3165 1339 3422 1415 ἐπέκεινα
3467 1337 3673 1405 γλυκα-

2094 1433 2339 1503 agmine
2376 1435 2558 1504 πάσης
2597 1432 2976 1502 φωτοφοινείας
3019 1430 3228 1484 αἴτιον
3269 1426 3428 1481 τοῦτο
3466 1425 3561 1479 νῦν
3598 1424 3672 1488 ὼς

2092 1526 2287 1595 λύχνον
2337 1524 2669 1593 κατέχουσα,
2720 1524 2814 1575 καὶ
2870 1521 2946 1584 ὡς
2997 1520 3412 1589 ἀσφαλέστατον
3456 1515 3674 1585 φύλακα

2095 1619 2356 1689 φέρουσα,
2400 1619 2536 1686 πρὸς
2564 1614 2852 1685 ἀσυνήθεις
2886 1613 3176 1682 στέλλομαι
3203 1609 3455 1681 πορείας.

421 1731 528 1784 qua
558 1714 730 1768 multo
774 1726 896 1765 cum
922 1707 1122 1778 gaudio
1152 1707 1485 1776 locupletata
1513 1722 1666 1771 sum;
1739 1723 1860 1776 qute
1902 1724 2122 1763 omnem
2185 1709 2357 1764 vincit
2393 1705 2765 1769 dulcedinem,
2835 1719 2957 1772 qua:
3013 1700 3258 1771 cujusvis
3315 1694 3674 1754 illuminatio-

423 1810 511 1862 nis
534 1809 689 1878 origo
714 1816 833 1870 est;
864 1804 1006 1857 hanc
1035 1803 1197 1856 modo
1226 1816 1325 1857 ceu
1357 1801 1664 1871 lampadem
1698 1814 1893 1859 tenens
1921 1844 1935 1868 ,
1971 1814 2028 1858 et
2063 1820 2163 1859 ceu
2219 1801 2599 1860 ﬁdelissimum
2635 1799 2922 1857 custodem
2975 1811 3188 1852 mecum
3222 1794 3452 1860 habens,
3493 1793 3674 1848 insue-

426 1902 496 1954 tis
543 1915 629 1953 me
658 1900 951 1955 itineribus
982 1902 1289 1956 committo.

492 1992 607 2047 XV.
658 1992 901 2048 Cernere
929 2009 1060 2065 ergo
1090 2003 1221 2049 tunc
1246 2005 1367 2049 erat
1420 1996 1822 2050 immaculatum
1858 1997 2003 2050 illam
2034 2001 2081 2060 Β

419 2084 595 2138 eloco
623 2084 677 2137 in
713 2083 895 2137 locum
932 2093 1331 2147 transeuntem,
1357 2094 1412 2138 et
1435 2085 1551 2155 jugi
1589 2086 1804 2139 incessu
1841 2101 1998 2155 gres-

421 2191 516 2232 sus
564 2178 968 2241 alternantem,
1031 2177 1451 2247 subjectumque
1509 2177 1686 2231 solum
1755 2176 2000 2247 vestigiis

422 2271 538 2325 suis
571 2269 810 2338 puritate
841 2268 1289 2339 perluudentem.
1323 2268 1367 2323 Ο
1395 2278 1539 2323 terra
1594 2268 1707 2333 illa,
1740 2284 1861 2337 qua:
1893 2270 1999 2322 im-

423 2375 609 2429 pressa
644 2359 1069 2428 purissimoruin
1115 2359 1265 2414 illius
1295 2374 1605 2429 ,gressuum
1638 2360 1791 2429 signa
1839 2373 2001 2413 exce-

424 2449 537 2519 pitl
589 2448 633 2504 Ο
675 2449 800 2520 quis
848 2450 1159 2518 expeditam
1208 2449 1341 2503 mihi
1388 2450 1531 2503 viam
1587 2450 1657 2503 ad
1689 2449 2001 2504 veneranda

426 2543 515 2596 illa
550 2542 668 2596 ioca
724 2541 1165 2610 praebeat?Quis
1218 2543 1353 2595 mihi
1413 2543 1619 2596 tribuat
1675 2553 1885 2596 tantum
1923 2543 2001 2595 vi-

426 2634 590 2697 rium,
618 2643 676 2687 ut
705 2635 837 2687 illuc
857 2634 1140 2704 appelletis
1165 2634 1500 2689 desiderium
1522 2650 1702 2689 meum
1728 2636 2000 2704 expleam,

429 2734 490 2779 nt
519 2735 718 2778 terram
774 2724 922 2778 illam
963 2725 1274 2787 deosculer,
1308 2742 1472 2794 quam
1507 2727 2002 2780 immaculalissimi

429 2816 506 2870 illi
559 2815 724 2883 pedes
768 2817 1144 2879 calcaverunt,
1182 2816 1239 2870 in
1293 2832 1399 2886 qua
1445 2815 1801 2871 illibatissimi
1856 2817 2005 2871 illius

429 2905 675 2961 incessus
694 2907 881 2961 relicta
913 2916 1044 2962 sunt
1073 2908 1302 2977 vestigia
1331 2908 1567 2978 (81)?Ut
1602 2910 1828 2962 humum
1854 2910 2006 2963 illam

428 2998 871 3067 apprehendens,
900 3006 956 3052 et
989 2999 1165 3052 oculis
1195 3007 1250 3053 et
1277 3000 1361 3054 ori
1404 3014 1699 3069 apponam,
1739 3015 2003 3069 meosque

429 3101 623 3144 Sensus
665 3102 857 3141 omnes
921 3088 1301 3153 sanetiﬁcem,
1353 3088 1714 3159 eamdemque
1772 3090 1829 3145 in
1880 3091 2004 3145 sinu

429 3193 553 3233 meo
585 3192 684 3232 ceu
714 3179 1179 3248 pretiosissimum
1212 3180 1532 3234 thesaurum
1566 3182 1902 3236 recondam?

517 3268 658 3330 XVI.
683 3269 825 3326 Ecce
851 3270 996 3325 enim
1018 3282 1285 3326 creaturm
1307 3288 1497 3329 omnes
1535 3273 1611 3326 illi
1637 3289 1734 3342 per
1764 3274 2005 3328 medium

2185 1995 2283 2047 IE'.
2313 1989 2424 2047 Ἦν
2448 1990 2629 2044 τοίνυν
2652 1988 2772 2041 τότε
2802 1985 3042 2056 καθορᾷν
3072 1982 3271 2045 τόπους
3317 1980 3679 2051 μεταμείὸου-

2099 2105 2199 2140 σαν
2236 2087 2334 2155 τὴν
2370 2085 2660 2153 ἄχραντον,
2692 2080 2891 2147 συνεχῆ
2918 2092 2976 2129 τε
3005 2072 3409 2145 μεταποιοῦσαν
3432 2073 3671 2142 βήματα,

2098 2180 2193 2232 καὶ
2226 2180 2339 2239 τοῖς
2394 2174 2596 2236 οἰκείος
2628 2172 2689 2225 τὸ
2725 2171 2921 2238 ἔδαφος
2969 2165 3405 2233 καθαγνίζουσαν
3452 2165 3672 2233 ἴχνεσιν.

2102 2271 2166 2322 Ὢ
2185 2270 2286 2339 γῆς
2315 2266 2555 2337 ἐκείνης,
2582 2266 2707 2335 ἥτις
2732 2264 2842 2316 τῶν
2884 2259 3134 2332 ἀμὼμων
3166 2259 3336 2327 αὐτῆς
3362 2257 3525 2327 ίχνῶν
3552 2259 3676 2320 τοὺς

2099 2362 2305 2423 τύπους
2359 2358 2609 2426 tatem!
2661 2355 2708 2410 ὦ
2754 2357 2835 2417 τίς
2896 2356 2962 2407 ἂν
3025 2350 3304 2407 ἀκώλυτόν
3358 2368 3447 2421 μοι
3503 2350 3677 2419 παρά-

2102 2471 2220 2524 σχοι
2249 2452 2347 2523 τὴν
2400 2454 2478 2514 εἰς
2515 2450 2760 2511 ἐκείνους
2792 2449 2918 2511 τοὺς
2955 2445 3287 2515 σεϐασμίους
3339 2446 3540 2506 τόπους
3576 2442 3677 2510 ἄφ-

2104 2528 2241 2610 ιξιν;
2268 2544 2365 2606 Τίς
2395 2542 2459 2596 ἄν
2494 2560 2583 2612 μοι
2605 2540 2721 2611 δοίη
2751 2538 3073 2610 περιουσίαν
3088 2537 3395 2605 δυνάμεως,
3426 2534 3566 2586 ὥστε
3612 2532 3678 2584 τὰ

2102 2636 2281 2686 ἐκεῖσε
2300 2632 2655 2702 κατειληφότι
2674 2629 2773 2699 τῆς
2792 2629 3092 2699 ἐπιθυμίας
3114 2626 3517 2697 ἐμφορηθῆναι,
3537 2623 3677 2677 ὥστε

2101 2729 2201 2798 τὴν
2225 2726 2329 2795 γῆν
2359 2724 2573 2794 εκείνην
2591 2720 3046 2792 περιπτύξασθαι,
3079 2720 3163 2789 ἐφ’
3184 2720 3252 2790 ἢν
3282 2720 3330 2772 oi
3366 2719 3675 2788 πανάχραν-

2105 2836 2186 2872 τοι
2222 2820 2381 2881 πόδες
2431 2816 2709 2887 ἐπέϐησαν
2765 2817 2989 2877 ἐκεῖνοι,
3025 2814 3111 2883 ἐφ’
3154 2809 3222 2886 ἧς
3254 2812 3321 2866 τὰ
3364 2810 3679 2865 πανάσπιλα

2103 2910 2546 2981 διεσημάνθησαν
2611 2907 2873 2978 βήματας
2932 2908 3093 2960 Ὥστε
3149 2907 3242 2958 τὸν
3282 2904 3411 2976 χοῦν
3475 2905 3680 2963 ἐκεῖνον

2105 3002 2515 3072 ἀναλεξαμένῳ,
2546 2999 2848 3071 ὀφθαλμοῖς
2870 2997 3140 3051 ἐπιθεῖναι
3178 2996 3276 3050 καὶ
3303 2997 3555 3067 στόματι,
3586 2994 3682 3048 καὶ

2103 3097 2287 3157 πᾶσαν
2321 3093 2579 3162 αἴσθησιν
2619 3091 2979 3159 καθαγιάσαι,
3013 3091 3106 3142 καὶ
3128 3088 3204 3153 ὠς
3237 3086 3536 3158 πολύτιμον
3584 3085 3682 3157 θην

2111 3186 2312 3255 σαυρδν
2343 3182 2799 3252 ὲγκολπώσασθαι
2832 3179 3044 3235 τοῦτον.

2181 3278 2279 3330 1Ζ’.
2328 3276 2459 3329 Ἰδοὺ
2488 3276 2596 3345 γὰρ
2624 3271 3008 3343 μεσοπορούσῃ
3033 3270 3208 3342 ταύτῃ
3236 3271 3269 3340 ὴ
3296 3268 3478 3331 κτίσις
3531 3270 3683 3322 πᾶσα

432 3361 979 3431 ιτιιιιεουηιὶκοῠγίοω
1008 3364 1176 3418 veluti
1196 3376 1571 3431 oecurrentes,
1589 3367 2007 3436 gratulabundis

2108 3367 2544 3441 προῦπαντῶσα,
2585 3368 2696 3429 τοῖς
2740 3363 3120 3437 χαριστηρίοις
3172 3362 3680 3435 προσεπιδεξιοῦται

430 3451 678 3520 latisque
708 3453 855 3507 illam
886 3455 1114 3510 vocibus
1144 3458 1446 3526 excipiunt.
1489 3458 1557 3511 Et
1589 3468 1735 3512 terra
1766 3458 2012 3527 quidem,

436 3545 942 3613 tanquamlproprio
974 3544 1028 3597 in
1049 3546 1240 3612 primis
1277 3552 1522 3617 germine
1562 3551 1907 3618 superbiens,
1942 3550 2017 3604 ita

438 3633 845 3702 propemodum
894 3636 1208 3690 exclamat:
1258 3639 1338 3691 En
1393 3640 1773 3694 lloridisszmus
1830 3656 2018 3694 ramus

437 3737 776 3782 mcus;eece
840 3723 1142 3780 fertilitatis
1196 3742 1332 3781 mea:
1378 3728 1613 3794 fructus,
1642 3731 2016 3785 exuberantes

438 3812 701 3867 ubertatis
742 3829 877 3869 mea:
935 3815 1160 3880 divitiae,
1204 3818 1475 3874 ubertatis
1521 3829 1577 3874 et
1621 3820 2021 3877 benedictionis

435 3903 819 3959 fecundissima
845 3905 1100 3962 feracitas
1127 3908 1263 3979 (82),
1289 3926 1385 3979 per
1411 3927 1575 3979 quam
1605 3928 1635 3966 a
1662 3912 2013 3970 damnatione

440 3998 651 4052 ferendi
681 4000 869 4068 spinas
902 4001 1131 4070 eripiar,
1174 4018 1273 4071 per
1303 4019 1467 4072 quam
1503 4020 1531 4059 a
1562 4007 1894 4061 tributorum
1926 4023 2020 4063 as-

442 4089 986 4155 peritateliberabor.
1014 4092 1132 4161 Ipsa
1152 4103 1239 4148 est
1260 4095 1467 4150 oblatio
1500 4112 1640 4162 mea,
1673 4114 1770 4168 per
1793 4114 1956 4168 quam
1986 4114 2016 4154 a

439 4182 668 4235 maculis
683 4182 961 4252 abstergar
981 4192 1038 4238 et
1058 4186 1363 4239 mundabor
1388 4187 1726 4258 (85),;etqure
1742 4188 2015 4244 idolorum

441 4271 726 4326 nidoribus
753 4283 879 4327 ante
910 4273 1138 4343 polluta,
1160 4284 1215 4329 et
1252 4275 1436 4345 impiis
1473 4278 1711 4331 lavacris
1739 4279 2010 4332 contami-

2111 3462 2309 3529 λόγοις.
2362 3460 2437 3528 Γῆ
2489 3458 2607 3528 μὲν,
2640 3457 2714 3517 ὡς
2768 3454 2956 3526 οἰκείῳ
3004 3456 3237 3525 πρώτως
3307 3453 3681 3524 τεμνυνομὲνη

2114 3552 2454 3622 βλαστήματι
2482 3588 2497 3612 ,
2542 3547 2770 3601 τοιαῦτα
2824 3545 3009 3616 σχεδὸν
3075 3546 3396 3598 ἐπιϐοᾶταιο
3444 3542 3575 3596 Ἰδοὺ
3623 3542 3686 3595 τὸ

2112 3642 2481 3712 ἁνθηρότατόν
2566 3657 2668 3715 μου
2722 3638 3007 3709 στέλεχος·
3073 3637 3181 3690 ίδοίδ
3252 3640 3352 3705 τῆς
3424 3636 3685 3706 εὐφορίας

2117 3750 2219 3804 μου
2250 3735 2277 3786 ό
2311 3732 2545 3803 καρπὸς,
2569 3734 2596 3784 ὁ
2628 3731 2860 3799 ἄφθονος
2890 3728 2990 3799 τῆς
3033 3731 3174 3798 ἐμῆς
3222 3728 3476 3798 εὐθηνίας
3520 3724 3684 3779 πλοῦ-

2113 3837 2241 3885 τος,
2293 3822 2325 3891 ἡ
2392 3821 2489 3890 τῆς
2535 3818 2791 3888 εὐθηνίας
2849 3822 2946 3871 καὶ
3001 3817 3256 3885 εὐλογίας
3294 3816 3725 3886 καρποφορίαμ

2113 3913 2181 3966 δι’
2217 3909 2283 3984 ἧς
2309 3912 2407 3982 τῆς
2429 3911 2539 3963 τῶν
2568 3910 2821 3964 ἀκανθῶν
2863 3909 3327 3979 ἀπαλλαγήσομαι
3353 3907 3676 3974 καταδίκης,

2112 4006 2176 4058 δι’
2201 4001 2267 4074 ἦς
2300 4004 2400 4073 τῆς
2428 3996 2836 4073 τῶν’τριὸόλων
2859 4001 3370 4072 ὲλευθερωθήσομαι
3413 3996 3688 4067 τραχύτη-

2112 4113 2222 4160 τος.
2258 4096 2407 4165 Αὕτη
2433 4095 2581 4162 ἐστὶν
2633 4095 2665 4162 ή
2714 4094 2823 4163 ἐμὴ
2862 4094 3170 4163 προσφορὰ,
3206 4093 3272 4144 δι’
3332 4086 3400 4158 ἧς
3437 4090 3689 4158 ἀποσμη·

2119 4188 2390 4259 χθήσομαί
2408 4204 2464 4239 τε
2478 4188 2570 4238 καὶ
2592 4185 3091 4256 καθαρισθήσομαι,
3112 4185 3197 4237 καὶ
3219 4183 3491 4252 μυστικῆς
3509 4181 3691 4234 θυσια-

2123 4283 2341 4349 στήριον
2368 4277 2696 4348 χρηματίσω
2735 4275 2928 4338 θυσίας
2951 4292 2964 4307 ⁸
2986 4279 3019 4345 ἠ
3046 4278 3165 4338 ταῖς
3200 4275 3505 4335 είδωλικοίς
3540 4287 3691 4342 μιαι-

513 4454 636 4525 (Ἶθ)
659 4450 807 4525 Nihil
837 4465 969 4525 sane
998 4451 1315 4521 pmclarius
1334 4454 1401 4525 ad
1445 4455 1791 4510 sanctitatem
1822 4456 2014 4524 primae
2047 4467 2092 4525 υ
2120 4463 2441 4525 sostomum,
2482 4454 2574 4509 ubi
2617 4455 2809 4511 scribit
2840 4454 2918 4524 (in
2954 4452 3041 4525 l’s.
3074 4452 3163 4519 49,
3193 4468 3249 4506 n.
3295 4454 3386 4518 1):
3428 4451 3535 4505 Nec
3573 4456 3689 4524 ipsa

442 4521 642 4594 origini
666 4521 903 4591 Virginis
938 4536 1176 4594 ceteram
1202 4524 1601 4594 praedicandam
1629 4525 1737 4579 diei
1764 4521 2010 4593 poterat:

445 4598 491 4649 si
539 4591 698 4647 enim
740 4606 864 4644 cum
924 4591 1409 4644 vehementissimo
1471 4592 1567 4647 Dei
1624 4591 1809 4648 amore
1858 4594 2017 4648 beata

448 4664 693 4731 Deipara:
726 4660 906 4713 anima
941 4661 1232 4728 congenita
1264 4668 1384 4725 est,
1412 4660 1760 4731 divinamque
1782 4664 2019 4717 eharita-

447 4742 556 4787 tcm
603 4746 711 4785 non
754 4745 911 4800 secus
939 4744 1002 4783 ac
1039 4745 1107 4783 ex
1142 4732 1420 4784 communi
1469 4732 1846 4800 theologorum
1891 4748 2017 4785 seu-

450 4803 620 4856 tentia
681 4799 911 4869 angelici
973 4800 1200 4867 spiritus
1245 4810 1300 4853 et
1335 4802 1496 4869 primi
1550 4799 1827 4870 parentes,
1855 4803 2018 4856 simul

447 4886 573 4925 cum
633 4881 827 4941 natura
881 4870 1124 4941 accepit;
1184 4883 1402 4938 semper
1457 4887 1587 4941 ergo
1654 4881 1842 4925 sancta
1888 4873 2017 4936 l'uit,

448 4954 775 5012 semperque
807 4939 917 5012 Deo
941 4938 1340 5012 dilectissima;
1371 4955 1474 5012 nec
1520 4938 1795 4996 tartareus
1834 4952 2019 5012 tyran-

452 5008 729 5082 nus'hane
757 5008 997 5061 animam
1047 5008 1156 5062 sibi
1192 5009 1323 5062 olim
1363 5009 1533 5065 fuisse
1556 5012 1765 5076 sedem,
1815 5008 2021 5082 jactare

485 5079 727 5151 uperbus
761 5085 959 5151 potest,

536 5150 646 5220 (80)
678 5148 802 5201 Haec
840 5148 1029 5220 verba,
1058 5153 1120 5199 ut
1147 5153 1300 5220 puto,
1327 5147 1397 5201 ab
1442 5147 1651 5204 Isidoro
1677 5149 1759 5205 vel
1808 5149 2020 5220 incogi-

457 5228 606 5273 tante
630 5218 882 5289 extorsit
924 5219 1237 5289 communis
1269 5220 1516 5289 omnium
1572 5221 1867 5278 sententia.
1900 5218 2021 5289 qua:

452 5303 564 5341 non
593 5287 754 5341 modo
787 5294 937 5340 tenet
975 5286 1222 5338 divinum
1275 5286 1510 5342 Verbum
1562 5286 1933 5343 incarnatum'
1957 5305 2022 5342 ex

453 5364 583 5429 tunc
606 5356 795 5429 fuisse,
823 5369 946 5429 cuni
984 5354 1116 5429 illud
1141 5355 1620 5429 interGabrielem
1652 5375 1717 5412 ac
1744 5359 2021 5429 Virginem

454 5427 790 5494 colloquium
851 5423 1178 5488 habebatur,
1209 5428 1304 5480 sed
1356 5429 1436 5481 uti
1478 5439 1689 5482 certum
1744 5423 1930 5489 hab'et,
1970 5428 2025 5481 id

451 5497 621 5547 beata:
657 5495 1170 5567 Deiparteignotnin
1210 5512 1317 5549 non
1357 5498 1605 5550 fuisse.A
1660 5514 1765 5566 qua
1804 5499 2024 5567 quidem

451 5567 744 5636 sententia,
786 5565 1102 5636 utrvidiinus
1128 5574 1273 5635 (sup.
1309 5567 1446 5634 §IV,
1468 5583 1587 5636 pag.
1616 5565 1742 5633 479)
1769 5565 2020 5622 discessi-

451 5648 538 5689 sse
557 5635 760 5688 Auctor
784 5635 1022 5700 videtur,
1059 5648 1108 5690 et
1143 5638 1274 5691 huic
1305 5635 1581 5705 pneiwsse
1617 5638 1822 5693 dixeris
1852 5638 2023 5708 Chry-

2129 4524 2308 4593 Virgo,
2345 4540 2462 4593 qua:
2513 4542 2632 4579 eum
2680 4536 2828 4579 utero
2859 4524 3114 4593 gestabat,
3163 4530 3381 4576 noverat
3430 4539 3689 4577 arcanum

2120 4592 2374 4664 mysterii.
2395 4594 2527 4647 ῠύδὲ
2554 4597 2689 4663 αὑτὴ
2709 4598 2741 4663 ὴ
2774 4592 3118 4665 κυοφοροῦσα
3148 4593 3423 4662 Παρθένος
3446 4592 3563 4662 ᾔδει
3593 4595 3688 4648 τοῦ

2124 4666 2427 4734 μυστηρίου
2451 4664 2511 4714 τὸ
2538 4666 2872 4734 ἀπόρρητον.

2184 4730 2560 4804 (diiVidesis,
2592 4730 2868 4804 quomodo
2894 4731 3271 4802 praerogativa,
3305 4730 3689 4804 qure‘maxime

2123 4803 2176 4855 in
2210 4800 2428 4871 Virgine
2455 4800 2719 4866 enitebat,
2761 4800 2924 4871 atque
2951 4800 3089 4855 adeo
3115 4816 3223 4867 prie
3254 4800 3481 4871 reliquis
3502 4802 3690 4854 obser-

2120 4870 2353 4925 vabatur
2380 4873 2621 4927 ﬁdelium
2665 4870 2964 4936 mentibus,
2994 4887 3197 4940 easque
3231 4870 3569 4940 percellebat
3594 4886 3690 4924 ve-

2125 4941 2432 5007 hementer,
2456 4945 2666 5011 paritas
2698 4951 2781 4996 est
2814 4944 2904 4998 illa
2948 4941 3399 5011 singularissima,
3423 4954 3546 5009 qua:
3575 4942 3691 4994 cir-

2124 5010 2459 5068 cumstantia
2486 5014 2669 5066 omnia
2694 5012 2863 5066 veluti
2897 5010 3293 5065 sanctiﬁcabat.

2205 5082 2315 5150 (8‘2)
2350 5082 2528 5136 Habes
2561 5084 2669 5143 hic,
2699 5081 2828 5150 quid
2859 5082 2932 5134 sit
2957 5081 3233 5141 feracitas,
3273 5080 3342 5135 de
3392 5095 3499 5150 qua
3541 5094 3689 5137 terra

2124 5152 2241 5223 hagc
2273 5158 2456 5221 nostra
2477 5152 2760 5223 gloriatur.
2787 5151 3135 5223 Quaenempe
3149 5152 3297 5223 nihil
3327 5160 3690 5223 praeterquam

2127 5221 2315 5291 spinas
2353 5235 2419 5274 ac
2464 5222 2696 5276 tribulos
2730 5222 2979 5284 dederat,
3010 5221 3232 5275 tandem
3274 5221 3689 5277 timidissimum

2128 5304 2339 5344 ramum
2369 5292 2617 5358 protulit,
2647 5306 2771 5346 cum
2798 5291 3023 5361 Mariam
3054 5292 3364 5360 progenuit.
3399 5291 3529 5357 Qua:
3561 5308 3685 5361 pro-

2130 5362 2275 5414 fecto
2305 5362 2600 5431 sententia,
2628 5361 2731 5414 nisi
2777 5360 2843 5412 ad
2897 5360 3182 5414 hominum
3220 5370 3416 5431 portum
3451 5360 3691 5431 euinque

2135 5432 2371 5500 maxime
2396 5430 2679 5492 referatur,
2707 5432 2888 5500 plane,
2910 5432 2990 5483 uti
3015 5440 3184 5500 patet,
3211 5430 3345 5484 falsa
3366 5442 3530 5485 esset.

2215 5500 2326 5563 «85)
2345 5498 2578 5560 Oblatio,
2613 5498 2892 5568 perquam
2921 5498 3144 5554 maculae
3163 5504 3553 5564 emundentur,
3584 5513 3691 5563 non

2133 5577 2340 5649 potest,
2380 5572 2457 5623 uti
2514 5570 2860 5625 manifestum
2894 5580 2998 5636 est,
3041 5571 3235 5626 iisdem
3277 5575 3507 5625 maculis
3547 5571 3693 5625 lunia

2130 5654 2290 5693 cense
2300 5655 2363 5692 ῐΊ.
3672 5670 3677 5671 ν
