4130 6202
397 215 500 281 6·ίῖ

1216 212 1499 274 ORATIO
1539 212 1614 271 IN
1657 212 1761 271 SS.
1800 208 2154 271 DElPAliIE
2196 209 2765 275 VlSlTATlONEM.

3560 222 3667 286 678

404 327 610 398 νομένη
650 324 903 386 κνίσσαις
935 364 949 389 ,
979 322 1074 377 καὶ
1106 324 1344 385 ἀνοσίοις
1373 324 1857 394 καταχραινομένη
1888 321 1983 374 λύ-

2094 330 2214 376 nata
2248 337 2422 389 eram,
2454 326 2567 395 jam
2629 329 2843 398 mystici
2892 329 3147 386 sacriﬁcii
3197 332 3367 388 altare
3414 335 3665 390 evadant.

400 422 573 489 θροις.
601 416 751 484 Αὕτη
788 414 933 478 ἐστὶ,
956 415 1026 468 δι’
1048 411 1117 488 ἧς
1140 416 1250 467 τῶν
1284 414 1677 483 βδελυγμάτων
1715 414 1991 467 ἀπαλλατ-

400 512 628 582 τομένη,
678 510 1062 579 ἐξιλασμάτων
1107 509 1308 580 χωρίον
1347 509 1685 580 ὀφθήσομαι.
1717 507 1868 577 Αὖτη
1899 507 1989 560 τὸν

401 601 845 673 ἁποφορτίζοντὰ
867 618 935 671 με
969 601 1079 654 τῶν
1099 600 1461 671 ἀνθρωπίνων
1494 599 1987 669 πλημμελημάτων

400 698 678 767 ἐπιφέρει.
719 695 875 765 Αὕτη
909 695 1002 747 τὸν
1053 694 1462 765 ἀφαιρούμενον
1494 693 1553 759 ἐξ
1601 691 1737 762 ἐμοῦ
1786 692 1846 745 τὸ
1892 694 1990 760 τῆς

404 788 686 860 ἁμαρτίας
728 786 931 856 ἄχθος,
965 784 1393 857 σωματούμενον
1433 784 1726 855 βαστάζει,
1764 784 1855 836 τὸν
1900 784 1987 836 ἐπ’

401 883 579 936 οὐδενὶ
610 881 739 942 τούς
770 881 937 949 ἐμοὺς
962 876 1368 948 καθιδρύσαντα
1406 876 1717 948 θεμελίους,
1748 877 1840 930 τὸν
1884 876 1989 946 ἰδίᾳ

401 972 563 1041 δρακὶ
604 969 696 1021 τὸν
727 969 862 1038 ἐμὸν
892 966 1318 1038 περιγράψαντα
1357 966 1548 1036 γῦρον,
1590 967 1683 1019 τὸν
1729 965 1883 1018 ὕδασί
1922 984 1989 1035 με

408 1059 853 1130 σπαργανοῦντα,
879 1061 973 1112 καὶ
1004 1059 1179 1112 εἰσαεὶ
1215 1057 1637 1128 διακρατοῦντα.
1673 1057 1820 1127 Λῦτη
1840 1059 1990 1109 ἐστὶν

405 1156 438 1224 ἡ
476 1152 696 1223 ῥάϐδος,
727 1152 762 1221 ἡ
797 1150 859 1203 τὸ
892 1150 993 1218 τῆς
1026 1150 1339 1221 ἀφθαρσίας
1378 1148 1540 1212 ἄνθος
1574 1148 1858 1211 ὠδίνουσα,
1887 1146 1989 1216 (ἐξ)

404 1241 495 1315 ἧς,
519 1243 709 1313 ὥσπερ
733 1244 797 1295 ἐκ
828 1242 1084 1295 καλύκων
1121 1241 1432 1314 προκύψαν,
1450 1242 1510 1294 τὸ
1536 1240 1695 1309 ἀηδὲς
1731 1241 1828 1308 τῆς
1851 1240 1991 1291 πλά-

404 1351 504 1402 νης
524 1333 885 1403 ἅποσοϐήσει,
909 1334 1005 1386 καὶ
1020 1332 1121 1403 τὴν
1135 1332 1236 1402 τῆς
1260 1333 1486 1403 χάριτος
1523 1331 1700 1402 ὀσμὴν
1734 1331 1992 1384 διαπνεύ-

408 1442 511 1480 σει.
530 1426 594 1478 Ὠ
610 1427 705 1494 τῆς
723 1426 862 1496 ἐμῆς
896 1426 1257 1497 παραφυάδος
1282 1426 1295 1478 l
1332 1423 1377 1477 ὣ
1402 1423 1638 1487 κόλπων,
1656 1426 1713 1477 ἐν
1732 1417 1813 1486 οἷς
1829 1423 1987 1476 τοῦτο

405 1517 467 1570 ca
522 1517 691 1586 φυτὸν
738 1516 1016 1587 ήδρύνθη·
1056 1516 1116 1581 ἐξ
1150 1510 1213 1570 οὐ
1249 1515 1457 1587 προῖὼν
1491 1518 1519 1569 ὁ
1550 1516 1647 1585 τῆς
1690 1516 1990 1577 ἀθανασίας

406 1610 638 1682 καρπὸς,
659 1609 757 1679 τὴν
783 1609 894 1662 τῶν
920 1609 1072 1678 ἐμῶν
1098 1607 1307 1661 τέκνων
1342 1607 1628 1677 ἀκαρπίαν
1661 1607 1740 1669 είς
1774 1622 1985 1676 καρπο-

409 1704 575 1774 φόρον
598 1701 887 1754 εὐσέϐειαν
917 1701 1301 1771 μεταποιήσει,
1320 1692 1382 1750 οὐ
1418 1701 1446 1751 ὁ
1468 1700 1624 1765 λόγος
1655 1701 1714 1751 ἑν
1734 1700 1845 1761 τοῖς
1890 1698 1984 1749 πέ-

413 1808 536 1860 ρασι
565 1789 917 1859 διασπαρεὶς,
944 1792 1021 1851 είς
1058 1790 1251 1841 ἑκατὸν
1276 1787 1533 1841 ἐπιδώσει
1565 1789 1661 1852 τὴν
1702 1788 1986 1858 εὐφορίαν,

409 1884 679 1953 πολύχουν
698 1881 963 1951 ἀποθήσει
980 1880 1081 1951 τὴν
1102 1880 1399 1950 γεωργίαν.
1420 1880 1484 1931 Ὢ
1496 1879 1604 1931 τῶν
1625 1879 1773 1949 ἐμῶν
1789 1878 1988 1932 πεδίων

409 1975 773 2026 εὐωδέστατον
795 1973 1003 2043 κρίνον,
1029 1973 1167 2041 ὅπερ
1193 1970 1270 2041 τῷ
1304 1972 1403 2041 τῆς
1424 1970 1800 2042 καθαρότητος
1824 1968 1985 2040 μύρῳ

409 2070 587 2129 nica;
605 2066 701 2129 τὰς
718 2065 954 2135 ψυχικὰς
973 2064 1326 2135 περιπνεύσει
1355 2062 1600 2134 κηλίδας.
1643 2064 1716 2116 Σὺ
1760 2060 1811 2115 el
1848 2063 1880 2132 ἡ
1907 2064 1991 2114 εὐ-

409 2160 569 2213 male:
598 2160 660 2212 σὺ
684 2154 734 2210 εί
772 2159 805 2227 ὴ
826 2160 937 2221 τοῖς
974 2156 1082 2210 τῶν
1102 2154 1581 2227 ἀρετῶνάρὼμασι
1604 2155 1809 2225 τὸὲμδν
1832 2155 1988 2225 μυρί-

410 2252 578 2315 ζουσα
608 2251 883 2320 πλήρωμα
908 2265 919 2278 ·
956 2250 990 2320 ἡ
1020 2248 1290 2311 ἀθόλωτος
1329 2249 1503 2318 πηγὴ,
1534 2248 1593 2314 ἐξ
1620 2242 1708 2319 ἦς,
1749 2247 1822 2309 ὡς
1856 2264 1989 2300 στα-

411 2344 565 2409 γόνες
602 2342 778 2405 ὑετοῦ,
810 2341 867 2392 αί
892 2340 1002 2394 τῶν
1039 2341 1279 2411 χαρίτων
1309 2338 1709 2404 ὲπιστάζουσαι
1742 2340 1985 2411 ῥανίδες,

389 2433 470 2486 τὸ
501 2432 631 2499 ἐμὸν
680 2431 954 2485 πιαίνουσι
985 2430 1299 2500 πρόσωπον,
1332 2429 1401 2482 τὰ
1445 2430 1543 2499 τῆς
1570 2428 1709 2499 ἐμῆς
1761 2428 1986 2498 τερπνό-

408 2539 568 2593 τητος
598 2522 1026 2594 καταρδεύουσιν
1060 2521 1237 2591 ὡραῖα
1267 2536 1283 2553 ο
1318 2521 1351 2590 ἡ
1382 2521 1627 2590 λαμπὰς,
1656 2522 1688 2589 ἡ
1721 2522 1810 2573 τὸν
1859 2520 1989 2588 ἐμὸν

412 2615 723 2683 φωτίζουσα
797 2616 1019 2679 κύκλον,
1083 2616 1117 2684 ἡ
1179 2612 1278 2676 τὰς
1340 2612 1572 2684 ἡλιακὰς
1637 2612 1989 2683 ὐπερνικῶσα

414 2707 805 2776 φαιδρότητας,
832 2710 864 2777 ἠ
912 2708 1051 2777 ὑπὲρ
1076 2707 1166 2759 τὸν
1192 2706 1423 2776 οὐρανὸν
1452 2706 1676 2773 ἀφιεῖσα
1709 2705 1805 2769 τὰς
1839 2706 1987 2758 ἀκτί-

414 2818 531 2862 νας,
568 2800 637 2852 δι’
657 2796 724 2873 ἧς
764 2800 832 2853 τὰ
876 2799 1067 2853 τούτου
1117 2800 1368 2870 ὐπερῇρα
1414 2798 1619 2866 κὰλληι
1651 2801 1855 2860 ἐκεῖνος
1892 2799 1989 2861 μὲν

413 2895 525 2961 γὰρ
580 2894 687 2955 τοῖς
708 2892 933 2954 οἰκείοις
974 2893 1433 2962 λαμπρυνόμενος
1489 2892 1989 2961 ἑπαγάλλεταιφω-

2100 413 2217 481 Ipsa
2264 424 2369 480 est,
2405 432 2502 485 per
2536 434 2700 487 quam
2747 421 2817 474 ab
2880 422 3385 480 abominationibus
3416 426 3671 493 liberata,

2098 505 2298 560 domus
2331 508 2707 577 expiationum
2750 513 3078 582 conspiciar.
3113 516 3235 584 Ipsa
3289 517 3443 571 illum
3482 518 3668 585 infert,

2097 598 2190 666 qui
2249 614 2335 653 me
2376 599 2445 653 ab
2492 599 2719 654 humani
2775 606 2990 672 generis
3052 605 3270 662 delictis
3325 610 3667 665 exonerabit.

2097 687 2217 757 Ipsa
2246 704 2479 759 corpore
2501 690 2752 746 indutum
2772 709 2898 748 eum
2928 707 3124 764 gestat,
3145 699 3238 765 qui
3267 714 3431 767 grave
3456 702 3670 767 peccati

2096 792 2238 831 onus
2278 794 2308 831 a
2342 795 2428 833 me
2474 781 2648 841 tollit.
2678 782 2772 850 qui
2820 798 2987 852 super
3040 785 3273 840 nihilum
3314 770 3671 843 fundamenta

2100 884 2218 922 mea
2254 870 2571 935 collocmit;
2593 873 2685 941 qui
2722 874 2948 942 proprio
2998 876 3203 945 pugillo
3246 878 3671 944 amplitudinem

2098 976 2276 1016 meam
2329 965 2855 1036 complectitur,qui
2910 969 3069 1037 aquis
3129 985 3214 1024 me
3265 971 3432 1024 veluti
3486 970 3673 1027 fasciis

2098 1053 2424 1119 circumdat,
2449 1064 2504 1109 ct
2534 1071 2619 1110 me
2670 1059 2986 1125 perenniter
3008 1061 3272 1115 continet.
3302 1062 3419 1130 Ipsa
3440 1071 3523 1116 est
3554 1063 3669 1116 vir-

2096 1163 2181 1216 ga,
2203 1147 2635 1218 incorruptionis
2658 1150 2791 1206 ﬂore
2821 1151 2970 1215 freta,
2994 1172 3023 1207 e
3042 1169 3146 1222 qua
3170 1164 3424 1222 tanquam
3450 1171 3480 1208 e
3501 1156 3672 1210 calice

2099 1239 2191 1293 hic
2249 1240 2535 1309 prodiens,
2568 1242 2774 1297 erroris
2812 1245 3003 1313 procul
3034 1245 3214 1315 abigrt
3260 1245 3669 1311 insuavitatem,

2096 1338 2153 1383 et
2198 1330 2388 1397 gratia:
2447 1330 2802 1402 fragrantiam
2852 1334 3151 1389 exhalabit.
3216 1335 3259 1390 0
3315 1337 3669 1407 propaginem

2098 1419 2306 1472 meaml
2333 1417 2378 1472 0
2404 1419 2608 1483 sinum,
2644 1422 2699 1475 in
2737 1437 2847 1492 quo
2881 1424 2996 1477 haec
3045 1425 3227 1494 planta
3256 1426 3365 1496 (84)
3393 1426 3460 1480 ad
3494 1438 3672 1481 matu-

2098 1509 2315 1563 ritatem
2341 1512 2491 1567 venit
2519 1529 2532 1575 ;
2566 1528 2596 1567 e
2636 1528 2742 1582 qua
2775 1514 3192 1585 progerminans
3239 1516 3674 1571 immortalitatis

2099 1599 2335 1667 fructus,
2373 1602 2611 1656 ﬁliorum
2645 1619 2893 1658 meorum
2945 1605 3290 1659 sterilitatem
3324 1605 3378 1660 in
3414 1607 3669 1662 fructife-

2088 1704 2201 1747 rain
2258 1703 2521 1763 pietatem
2562 1696 2966 1764 commutabit;
2999 1706 3056 1751 et
3116 1697 3276 1768 cujus
3325 1699 3579 1764 verbum,
3615 1700 3670 1752 in

2089 1785 2565 1840 omnibusﬁnibus
2591 1794 2754 1841 terra:
2783 1789 3222 1855 disseminatum,
3254 1789 3307 1843 in
3339 1791 3666 1857 centuplum

2088 1876 2315 1946 augebit
2348 1876 2681 1942 ubertatem,
2716 1880 3032 1949 excultique
3074 1881 3178 1935 soli
3216 1880 3434 1936 labores
3481 1882 3671 1936 multi-

2076 1968 2214 2038 plici
2247 1968 2552 2023 cumulabit
2574 1970 2778 2023 usura!
2814 1968 3128 2039 Oagrorum
3159 1985 3406 2024 meorum
3437 1985 3670 2025 suaveo-

2087 2061 2455 2116 lentissimum
2486 2061 2687 2127 lilium,
2716 2060 2862 2131 quod
2898 2061 3155 2130 puritatis
3188 2077 3301 2116 sua:
3323 2071 3665 2130 unguentum

2088 2153 2347 2208 omnibus
2397 2154 2705 2209 animarum
2768 2154 3049 2210 ulceribus
3095 2153 3344 2229 aﬁ'updet
3402 2155 3550 2224 (85)!
3585 2153 3666 2207 Tu

2088 2247 2449 2302 suavissimus
2465 2263 2525 2302 es
2554 2247 2694 2302 odor
2727 2265 2741 2301 :
2789 2259 2847 2302 tu
2874 2264 2952 2310 es.
2997 2264 3117 2318 quae
3148 2248 3408 2302 virtutum
3444 2255 3665 2301 tuarum

2089 2338 2435 2394 aromatibus
2477 2348 2649 2393 totum
2679 2340 2787 2395 mei
2835 2341 3099 2395 ambitum
3131 2340 3375 2409 aspergis
3407 2358 3421 2394 :
3452 2348 3506 2393 lu
3545 2339 3670 2394 fons

2088 2447 2149 2485 es
2177 2431 2387 2495 illimis,
2411 2447 2442 2485 e
2474 2448 2603 2501 qua,
2627 2443 2889 2501 tanquam
2924 2431 3183 2486 imbrium
3206 2432 3385 2496 stillae,
3419 2430 3668 2486 deﬂuen-

2091 2533 2170 2577 tes
2193 2524 2493 2593 gratiarum
2525 2531 2692 2594 guttae
2729 2523 2928 2578 faciem
2968 2538 3144 2577 meam
3174 2523 3362 2592 pingui
3410 2523 3665 2577 ubertate

2087 2613 2426 2678 fmcundant,
2477 2623 2534 2669 et
2573 2615 2871 2685 jucundam
2914 2623 3258 2670 venustatem
3311 2629 3488 2669 meam
3545 2615 3671 2668 irri-

2087 2714 2215 2775 gant
2248 2721 2260 2758 :
2293 2714 2348 2758 tu
2375 2721 2433 2760 es
2470 2706 2701 2775 lampas,
2728 2721 2848 2776 quae
2870 2722 2955 2761 me
2982 2722 3080 2776 per
3115 2707 3437 2761 universum
3466 2706 3671 2760 circui-

2090 2805 2203 2849 tum
2247 2797 2544 2862 illuminas,
2580 2814 2702 2867 quze
2742 2798 2949 2853 solares’
2981 2798 3142 2869 longe
3194 2798 3372 2853 vincis
3406 2797 3667 2867 fulgores,

2088 2903 2208 2957 quae
2238 2888 2418 2942 radios
2459 2898 2585 2945 tuos
2603 2904 2770 2958 super
2794 2889 2941 2959 ipsos
2968 2890 3137 2945 cmlos
3159 2889 3447 2959 expandis,
3476 2900 3533 2943 et
3572 2904 3671 2958 per

417 2985 644 3054 στῆρσιν
674 2999 688 3015 ο
720 2984 831 3052 ἐγὼ
868 2983 924 3037 δὲ
948 2985 1089 3054 ὑπὲρ
1116 2984 1321 3038 ἐκεῖνόν
1356 3001 1415 3037 σε
1438 2985 1761 3054 κατέχουσα,
1795 3002 1990 3055 σεμνο-

2096 2995 2259 3049 quam
2300 2980 2384 3034 his
2424 2996 2642 3050 quoque
2688 2979 3101 3050 pulchritudine
3153 2980 3453 3041 antecello;
3496 2988 3553 3033 et
3613 2978 3668 3031 hi

412 3076 549 3144 τέρα
581 3075 680 3144 τῆς
732 3074 897 3128 αὐτοῦ
962 3075 1376 3146 διακοσμήσεως
1409 3077 1695 3142 δείκνιέμαι
1732 3092 1747 3107 ·
1783 3081 1993 3142 ἐκεῖνος

416 3165 497 3235 τῷ
526 3167 881 3238 γεγενημένῳ
914 3167 1346 3234 καταγλαῖζεται
1380 3170 1540 3238 φωτὶ.
1574 3169 1684 3235 ἐγὼ
1717 3168 1794 3239 τῷ
1840 3187 1993 3237 γενε-

415 3257 655 3328 σιουργῷ
699 3258 788 3310 διὰ
849 3258 942 3311 σοῦ
1000 3259 1415 3329 ἐπιδημήσαντι,
1446 3262 1935 3331 κατασεμνύνομαι
1977 3277 1990 3290 ⁸

415 3350 619 3414 ὲκ-ἶνος
648 3353 760 3413 τοῖς
792 3352 1111 3421 ποιήμασιν,
1139 3350 1249 3419 ἐγὼ
1305 3351 1381 3421 τῷ
1428 3356 1627 3422 ποιητῇ
1658 3353 1992 3422 περικαλλύ-

418 3460 583 3505 νομαι
619 3458 633 3473 ’
665 3442 871 3504 ἐκεῖνος
896 3444 1360 3513 ἁποσκιαζομένῳ
1378 3444 1472 3496 καὶ
1503 3443 1745 3513 δυομένῳ
1789 3460 1992 3497 καταυ-

417 3534 645 3600 γὰζεται
686 3531 874 3601 Ἡλίῳ,
902 3531 1013 3599 ἐγὼ
1044 3532 1100 3586 δὲ
1120 3533 1197 3603 τῷ
1217 3533 1314 3603 τῆς
1346 3533 1693 3604 δικαιοσύνης
1710 3536 1996 3609 ἀνεσπέρῳ

420 3626 515 3677 κα)⁵
545 3626 718 3694 ἀδύτῳ
733 3625 884 3696 ἡλίῳ,
910 3624 976 3679 δι’
1002 3620 1063 3677 οὐ
1076 3626 1321 3687 κάκεῖνος
1348 3625 1409 3679 τὸ
1425 3623 1820 3697 εἷναιείληφεν,
1840 3630 1997 3682 ἐπαί-

419 3717 584 3786 ρομαι
602 3733 658 3769 τε
686 3718 779 3768 καὶ
797 3715 1251 3786 καταλάμπομαι,
1271 3716 1457 3787 ὅχημά
1481 3734 1540 3769 σε
1559 3718 1749 3774 τούτου
1769 3724 1991 3791 περιφέο

420 3824 609 3875 ρουσα,
627 3804 724 3877 τὴν
745 3806 804 3858 τὸ
820 3806 1213 3878 μυριοπλάσιον
1234 3806 1341 3859 τῶν
1356 3808 1603 3875 ἀγγέλων
1620 3808 1887 3879 ὑπερέχοι,
1898 3827 1995 3864 σαν

418 3900 489 3968 ap
497 3915 591 3967 μα,
614 3898 709 3964 τὴν
726 3915 783 3967 χε
796 3898 1051 3968 ρουὸικὴν
1066 3898 1333 3961 παστάδα,
1348 3901 1444 3970 τὴν
1460 3899 1761 3971 σεραφικὴν
1784 3900 1992 3968 λαὸίδα,

416 3990 507 4042 τὸν
530 3989 718 4057 θρόνον
743 3988 833 4042 τὸν
860 3989 1160 4059 βασιλικὸν,
1189 3990 1249 4041 τὸ
1277 3990 1376 4042 ὐπε
1389 3989 1671 4062 ρουράνιον
1707 3993 1991 4048 παλάτιον.

426 4081 488 4135 Ὢ
510 4083 672 4132 πὸσαι
696 4081 804 4133 τῶν
860 4080 1009 4150 ὲμῶν
1044 4080 1376 4150 αὐχημάτων
1407 4084 1463 4134 αί
1487 4083 1731 4151 ἀφορμαί
1765 4083 1777 4135 l
1817 4082 1993 4137 Ὢτοῦ

418 4170 553 4235 ἐμοῦ
590 4174 944 4239 καυχήματος
977 4169 1159 4223 αἰτίαι
1206 4169 1612 4239 Ἐπαγάλλομαί
1639 4188 1741 4237 σοι,
1776 4175 1995 4242 ἐπιτέρ-

419 4277 592 4331 πομαι
631 4264 699 4331 τῇ
750 4261 877 4334 δόξῃ
951 4277 1066 4324 σου,
1117 4260 1543 4331 ἑπισεμνύνομαί
1568 4278 1649 4316 σοι
1698 4261 1770 4327 ὡς
1811 4265 1994 4332 οἰκείῳ

422 4354 786 4423 βλαστήματι.
817 4353 1169 4423 Καθαίρομαι
1185 4354 1292 4406 τῶν
1314 4353 1670 4423 ἀνθρωπίνων
1701 4356 1994 4426 μολυσμῶν

420 4445 517 4497 ἐπὶ
542 4444 691 4499 νῶτά
724 4461 783 4497 σε
836 4445 1078 4514 φέρουσα
1108 4460 1123 4474 °
1175 4445 1474 4514 ἁγιάζομαι
1541 4448 1651 4509 τοῖς
1703 4448 1993 4518 ἀκράντοις

419 4540 517 4590 καὶ⁸
544 4538 750 4607 τιμίοις
790 4554 884 4591 σου
920 4536 1157 4608 βήμασιν
1193 4553 1209 4568 ο
1242 4536 1606 4607 εὐωδιάζομαι
1642 4539 1720 4609 τῷ
1749 4542 1846 4609 τῆς
1894 4559 1995 4594 κα-

421 4628 720 4699 θαρότητός
741 4645 835 4681 σου
874 4628 1033 4698 μύρῳ
1071 4644 1086 4658 ο
1121 4628 1330 4699 σκιρτῶ
1360 4628 1451 4682 ἐπὶ
1483 4631 1587 4695 σοὶ,
1617 4632 1989 4703 παρρησιάζο-

426 4739 522 4791 μαι
544 4722 631 4775 διὰ
667 4723 747 4787 σὲ,
773 4721 867 4775 καὶ
896 4724 929 4793 ὴ
959 4722 1056 4774 σὺν
1078 4722 1203 4792 ἐμοὶ
1228 4723 1375 4775 πᾶσα
1398 4710 1783 4793 διακόσμησις.

2095 3073 2318 3143 quidem
2348 3074 2586 3144 propriis
2622 3074 2880 3130 illustrati
2913 3074 3280 3128 luminaribus
3314 3088 3434 3129 sese
3457 3070 3667 3141 magni-

2096 3168 2195 3221 ﬁce
2221 3176 2528 3232 ostentant;
2551 3182 2652 3236 ego
2684 3183 2815 3220 vero
2834 3166 3070 3235 praaillis
3098 3181 3220 3221 cum
3250 3173 3301 3219 te
3331 3165 3664 3234 possideam,

2094 3260 2290 3328 quovis
2324 3275 2515 3313 eorum
2547 3269 2746 3313 ornatu
2785 3258 3222 3328 magniﬁcentior
3264 3271 3501 3325 apparco
3533 3273 3547 3320 ;
3587 3255 3668 3308 illi

2094 3352 2419 3421 genitaluce
2457 3358 2816 3414 exornantur,
2850 3358 2933 3403 ast
2971 3362 3072 3418 ego
3105 3345 3481 3417 generationis
3531 3359 3663 3398 auc-

2104 3452 2220 3495 tore
2249 3459 2346 3511 pur
2405 3452 2456 3496 te
2512 3430 2843 3494 adveniente
2888 3439 3230 3493 condecoror
3266 3455 3280 3491 ς
3328 3436 3405 3490 illi
3441 3436 3669 3490 factoris

2096 3533 2478 3599 nobilitantur,
2512 3548 2611 3602 ego
2659 3542 2843 3587 autem
2885 3531 3096 3589 factore
3134 3548 3146 3584 :
3185 3530 3265 3584 illi
3298 3529 3416 3584 sole
3459 3528 3667 3582 Μαικία

2096 3635 2317 3686 nantur,
2361 3625 2453 3694 qui
2502 3635 2556 3679 ct
2598 3625 2841 3678 nubibus
2896 3624 3285 3686 obumbratur,
3320 3631 3375 3675 ct
3410 3636 3663 3674 occasum

2097 3718 2276 3781 subit,
2309 3728 2365 3772 at
2409 3734 2510 3788 ego
2552 3717 2681 3773 Sole
2722 3717 2972 3787 justilite,
3010 3715 3107 3785 qui
3160 3730 3338 3784 neque
3381 3726 3667 3781 vesperam

2095 3827 2275 3881 neque
2308 3826 2561 3865 occasum
2612 3811 2783 3872 novit,
2831 3825 2926 3880 per
2954 3824 3116 3878 quem
3145 3817 3200 3863 et
3249 3809 3335 3861 ille
3369 3806 3581 3875 accepit
3610 3811 3669 3856 ut

2095 3915 2263 3968 CSscl,
2296 3914 2350 3957 et
2371 3904 2645 3974 glorioret
2671 3901 3015 3972 reSplendeo,
3046 3901 3249 3969 quippe
3274 3907 3322 3952 te
3350 3907 3523 3964 gesto,
3546 3912 3668 3966 qua:

2096 3994 2244 4050 illius
2268 4010 2326 4048 es
2342 3994 2675 4053 whiculum.
2706 4008 2826 4061 que
2858 3990 3073 4045 infinito
3119 3987 3403 4043 intervallo
3438 3987 3663 4055 angelo-

2096 4104 2217 4142 rum
2256 4102 2482 4139 currum
2512 4081 3042 4153 superemincsf86),
3080 4096 3201 4149 qua:
3236 4078 3505 4131 tltaiamus
3531 4077 3667 4131 clte-

2098 4178 2340 4238 rubicus,
2367 4191 2489 4246 quae
2511 4175 2725 4242 forceps
2742 4171 3052 4241 serapbica,
3071 4185 3192 4240 qua:
3212 4169 3392 4239 regius
3412 4169 3665 4233 thronus,

2098 4285 2220 4340 quae
2246 4268 2400 4323 cmlis
2459 4264 2751 4321 sublimius
2804 4263 3064 4332 palatium
3103 4261 3339 4317 exsistis.
3371 4258 3414 4315 Ο
3443 4268 3578 4329 quot
3611 4266 3668 4314 et

2098 4369 2316 4432 quantae
2358 4357 2491 4412 mihi
2517 4355 2783 4428 gloriandi
2814 4355 3026 4410 causae!
3054 4352 3098 4409 Ο
3131 4343 3318 4424 gloria:
3351 4367 3485 4407 mea:
3533 4368 3668 4406 auc-

2102 4456 2242 4510 trix!
2275 4454 2335 4508 In
2382 4463 2435 4507 te
2475 4460 2679 4506 memet
2708 4449 2899 4513 effero,
2941 4448 3111 4519 gloria
3151 4456 3241 4500 tua
3297 4447 3563 4509 oblector,
3615 4454 3667 4499 te

2097 4558 2356 4617 tanquam
2391 4544 2635 4616 germine
2673 4558 2795 4598 meo
2836 4541 3063 4613 proprio
3089 4538 3369 4609 superbia.
3395 4538 3470 4592 Te
3500 4537 3667 4591 dorso

2096 4654 2221 4695 meo
2272 4639 2480 4699 ferens,
2536 4637 2606 4692 ab
2672 4636 2933 4691 humanis
2990 4630 3421 4702 inquinamentis
3465 4644 3657 4684 emun-

2097 4730 2198 4785 dor
2240 4729 2390 4799 (87);
2442 4727 2775 4793 sanctiﬁcor_
2814 4724 3181 4780 immaculatis
3222 4733 3279 4779 et
3330 4720 3669 4777 honorandis

421 4817 533 4871 tuis
570 4816 886 4887 gressibus;
919 4816 1074 4872 suavi
1107 4815 1276 4871 odore
1316 4816 1619 4885 perfundor
1649 4833 1680 4871 a
1724 4819 1982 4889 puritatis
2012 4834 2120 4881 tua:
2179 4833 2494 4895 unguento;
2537 4823 2594 4876 in
2648 4830 2701 4877 te
2741 4820 2979 4883 exsulto,
3011 4829 3239 4889 prapter
3303 4828 3355 4872 te
3409 4816 3665 4871 ﬁduciam

420 4925 597 4974 sumo,
632 4920 690 4965 et
710 4924 926 4965 mecum
962 4923 1155 4965 omnes
1188 4918 1566 4964 creaturarum
1603 4910 1849 4967 ordines.

490 5007 591 5059 lZ'.
615 5003 799 5069 Οὕτως
829 5005 938 5059 ὐπὸ
961 5004 1179 5058 πάντων
1196 5007 1230 5076 ὴ
1256 5004 1366 5058 τῶν
1388 5005 1641 5057 ἁπάντων
1662 5004 1990 5082 δοξαζομένη

509 5207 620 5279 (δι)
643 5207 899 5272 Quaenam
923 5221 1203 5279 enimvero
1218 5206 1337 5279 laus
1361 5212 1506 5279 esset
1527 5204 1681 5279 sinus
1708 5205 1770 5275 Β,
1796 5210 1991 5268 Anna),

421 5275 692 5347 siquidem
743 5279 857 5331 haec
908 5276 1114 5347 planta,
1147 5277 1294 5347 quod
1346 5276 1412 5347 ad
1464 5275 1728 5345 originem
1784 5283 1996 5345 spectat

423 5348 553 5402 inde
595 5347 913 5408 deductam.
939 5346 1130 5399 vitiata
1165 5346 1394 5399 luisset?

509 5418 624 5483 (85)
650 5416 886 5487 lmagine
926 5418 1090 5487 paulo
1107 5485 1115 5487 Α
1132 5416 1350 5487 diversa
1376 5415 1650 5487 eamdem
1678 5430 1993 5487 expressam

422 5485 597 5541 habes
625 5484 974 5541 sententiam.
1006 5484 1119 5538 Nisi
1171 5486 1319 5538 enim
1369 5486 1650 5552 Deiparam
1700 5486 1991 5553 gloriosam

427 5558 708 5610 communi
764 5555 996 5625 originis
1038 5553 1175 5625 vitio
1227 5562 1535 5625 exemptam
1591 5564 1822 5625 statuas,
1883 5571 1992 5607 non

431 5623 1000 5681 suaveolentissimum
1042 5623 1143 5679 tibi
1191 5624 1403 5694 parebit
1448 5624 1645 5689 tilium,
1692 5624 1849 5693 cujus
1892 5640 1996 5679 un-

2177 5003 2342 5061 XVII.
2395 5002 2484 5058 Sic
2512 5004 2758 5058 omnium
2788 5002 3041 5068 Domina,
3079 5002 3147 5056 ab
3174 5000 3430 5056 omnibus
3460 4999 3668 5071 glorifi-

2092 5218 2353 5278 guentum
2387 5206 2670 5278 ulceribus
2698 5168 3265 5278 aliorumjsit.medela
3290 5222 3305 5271 ;
3334 5202 3430 5258 sed
3460 5210 3516 5255 et
3549 5201 3664 5270 ipsa

2094 5275 2287 5332 eodem
2320 5279 2504 5334 ulcere
2536 5276 2730 5332 laetere
2758 5275 2991 5330 dicenda
3019 5283 3144 5329 erit.

2164 5347 2273 5409 (86)
2316 5348 2458 5402 Deus
2495 5348 2547 5400 in
2586 5345 2758 5399 sacris
2790 5344 3014 5400 Litteris
3058 5343 3368 5399 cherubicis
3417 5343 3667 5397 humeris

2090 5416 2261 5470 veluti
2286 5420 2521 5483 quodam
2562 5430 2729 5468 curru
2757 5415 3007 5470 invectus
3025 5416 3265 5469 describi
3294 5414 3453 5468 solet.
3540 5473 3551 5485 ,

2170 5486 2282 5547 (87;
2304 5481 2417 5541 Nisi
2468 5487 2753 5553 Deiparam
2785 5486 2921 5540 vitio
2950 5486 3149 5554 quovis
3196 5486 3493 5539 immunem
3523 5481 3666 5536 amr.

2094 5570 2230 5614 mes,
2259 5557 2408 5609 illius
2440 5571 2547 5610 non
2578 5570 2736 5609 secus
2758 5564 2924 5621 atque
2959 5557 3191 5609 aliorum
3234 5554 3665 5625 inquinamentis

2098 5633 2244 5678 terra
2274 5626 2566 5697 deturpata
2599 5626 2716 5695 pari
2745 5626 2868 5695 jurc
2891 5625 3189 5682 diceretur.
