4130 6202
479 282 587 347 679

1739 266 1998 331 JACOBI
2042 269 2389 330 MONACIII

3617 268 3727 330 6ἓο

479 408 621 460 cata,
654 395 758 450 iter
789 405 950 448 suum
1009 386 1263 441 conferit.
1306 386 1574 452 Quocirca
1619 385 2009 455 (Emngelista)
2046 425 2061 449 ,

2173 384 2459 448 Δέσποινα,
2517 383 2583 435 τὰ
2640 383 2738 451 τῆς
2796 381 3018 452 πορείας
3077 382 3318 452 διήνυσε.
3382 383 3473 432 Διό
3538 384 3726 447 φησιν·

480 488 644 551 Abiit,
700 482 879 549 inquit
904 481 972 540 ⁸⁸,
1011 479 1065 530 in
1123 486 1376 528 montana
1429 492 1545 528 cum
1591 475 1950 544 festinatione,
1998 491 2056 528 ιη

491 576 754 626 civitatem
784 566 926 620 Iuda
949 583 968 631 ;
993 576 1039 618 et
1072 566 1291 618 intravit
1337 566 1389 617 in
1422 564 1634 617 domum
1676 560 1971 627 Zacltarice,
2009 570 2059 616 et

478 687 503 720 s
528 665 733 718 :lutatit
769 659 1059 714 Elisabeth.

554 757 620 809 Et
638 755 833 823 factum
852 749 1229 814 est,subdit",
1254 754 1309 801 ut
1329 747 1918 802 audivitsalulationem
1943 745 2058 799 Μα-

481 850 572 901 ria:
599 842 893 907 Elisubeth,
922 841 1199 895 exsultavit
1230 841 1405 908 infans
1432 842 1483 892 in
1513 852 1657 922 utero
1686 837 1959 908 ejus—Et
1976 837 2059 907 {a-

478 951 618 991 ctum
650 944 747 999 est,
771 934 983 1004 inquit;
1017 933 1147 1003 quid
1166 931 1370 985 factum
1403 930 1536 984 est?
1568 932 1779 985 Novum
1808 945 2053 1000 prorsus,

478 1039 533 1080 et
567 1024 973 1086 admirandum,
998 1034 1052 1077 et
1082 1038 1113 1076 a
1154 1031 1365 1075 natura:
1399 1020 1594 1074 ordine
1628 1019 1897 1073 alienum.
1929 1018 2056 1072 Sola

480 1134 605 1177 vox,
630 1124 687 1170 ut
709 1115 919 1185 prolata
944 1123 1049 1180 est,
1082 1124 1292 1167 naturae
1325 1115 1471 1183 leges
1503 1113 1786 1167 innovavit
1809 1130 1820 1164 :
1843 1114 2059 1167 sonitus

480 1209 828 1265 salutationis
863 1208 1110 1262 auribus
1144 1207 1416 1268 insonuit,
1448 1214 1570 1274 Quae
1618 1221 1811 1259 vocem
1868 1205 2059 1258 audire

486 1317 596 1355 non
624 1310 918 1369 poterant;
959 1316 1065 1353 vox
1099 1299 1407 1365 virginalis,
1439 1299 1641 1351 virtute
1673 1298 1841 1360 illius,
1873 1297 1967 1366 qui
2002 1297 2057 1350 in

486 1393 707 1463 Virgine
739 1392 1104 1455 inhabitabat,
1141 1390 1402 1443 infantem
1428 1399 1681 1442 materno
1697 1387 1878 1441 adhuc
1903 1398 2060 1440 utero

485 1486 759 1539 inclusum
795 1482 1059 1538 excussit.
1117 1481 1180 1536 Ut
1218 1472 1455 1547 audivit,
1500 1482 1700 1551 inquit,
1756 1479 2059 1543 Elisabeth,

483 1577 710 1629 verbum
752 1574 1163 1643 ingrcdieb‘atur
1211 1574 1266 1627 in
1312 1588 1496 1636 aures,
1536 1582 1591 1627 et
1638 1570 1814 1644 gratia
1870 1571 2061 1627 laetum

487 1669 630 1722 uteri
685 1668 1088 1720 commovebat.
1122 1666 1238 1720 Vox
1264 1665 1619 1736 Operabatur,
1651 1675 1705 1719 et
1758 1664 2062 1719 addebatur

2174 473 2500 542 Ἐπορεύθη
2544 475 2630 540 είς
2680 471 2796 541 τὴν
2848 472 3093 540 ὀρεινὴν·
3129 468 3281 541 μετὰ
3332 468 3609 536 σπουδῆς
3647 475 3734 538 εἰς

2162 562 2343 614 πόλιν
2386 559 2601 627 Ἰούδα,
2658 562 2754 614 καί
2775 556 3065 629 εἰσῆλθεν
3089 563 3178 626 είς
3207 560 3316 613 τὸν
3341 555 3511 614 οἷκον
3538 564 3732 631 Ζαχα-

2151 652 2314 719 ρίου,
2346 651 2444 705 καί
2492 651 2820 719 ἠσπάσατο
2854 652 2969 719 τὴν
3013 649 3351 706 Ἐλισάϐετ.

2232 744 2338 796 Kal
2367 742 2623 812 ἐγένετο,
2663 744 2848 812 φησιν,
2883 743 2963 808 ὡς
3022 740 3294 811 ἤκουσεν
3346 744 3383 811 ἡ
3428 744 3734 798 Ἐλισάόετ
3786 810 3787 813 η

2158 834 2265 887 τὸν
2278 833 2610 903 ἀσπασμὸν
2633 832 2739 902 τῆς
2761 834 3011 903 Μαρίας,
3034 835 3362 903 ἐσκίρτησε
3400 835 3464 888 τὸ
3504 830 3737 906 βρέφος

2157 928 2226 979 ἐν
2250 925 2324 993 τῇ
2371 927 2569 994 κοιλίᾳ
2628 925 2839 994 αὐτῆς.
2881 956 2952 965 -—
2993 926 3099 980 Καί
3150 926 3408 996 ἐγένετο,
3455 927 3588 998 φησί
3632 944 3645 957 ’
3685 929 3738 982 τί

2160 1018 2412 1086 ὲγένετος
2454 1018 2656 1070 Καινδν
2704 1019 2795 1071 καὶ
2858 1017 3199 1087 παράδοξον,
3235 1021 3457 1090 καὶτῆς
3521 1021 3736 1089 φύσεως

2161 1109 2461 1179 ἀλλότριον.
2492 1110 2649 1180 Φωνὴ
2681 1108 2818 1179 μόνη
2846 1106 3190 1181 ἐξενεχθεῖσα
3207 1112 3330 1174 τοὺς
3352 1110 3555 1181 ταύτης
3587 1113 3738 1165 ἐκαιθ

2159 1202 2457 1271 νοτὸμησεν
2484 1202 2644 1271 ὅρους
2670 1217 2682 1230 ·
2717 1197 2851 1271 ἦχος
2898 1202 3197 1272 ἀσπασμοῦ
3230 1204 3310 1267 είς
3333 1203 3434 1273 τὴν
3489 1203 3737 1257 ἀνεπίδε-

2164 1309 2290 1344 κτον
2321 1291 2503 1361 φωνῆς
2534 1292 2798 1361 ὲνήχησεν
2830 1292 2999 1364 ἀκοήν
3031 1310 3044 1324 ⁸
3099 1294 3337 1362 φθόγγος
3386 1294 3735 1365 παρθενικδς,

2163 1387 2516 1458 δυνάμειτοῦ
2568 1391 2927 1458 ἐνοικοῦντος,
2975 1393 3035 1446 τὸ
3090 1394 3419 1462 ἐγγάστριον
3467 1393 3737 1459 διεδόνησε

2166 1480 2385 1552 βρέφος.
2429 1485 2529 1550 Ὧς
2601 1482 2854 1552 ἤκουσε,
2907 1485 3163 1554 gnatm?)
3214 1483 3601 1549 Ἐλισάϐετ,ὁ
3648 1483 3736 1535 λό-

2165 1590 2260 1639 γος
2292 1576 2349 1625 ἐν
2387 1576 2499 1635 τοῖς
2565 1574 2699 1627 ὠσὶν
2738 1564 2939 1637 είσέδυ,
2965 1576 3120 1646 καὶὴ
3168 1576 3328 1647 χάρις
3381 1576 3443 1628 τό
3500 1573 3739 1643 ἔμϐρυον

2166 1665 2332 1718 ἐκίνει
2364 1681 2377 1694 ⁸
2415 1666 2445 1734 ἡ
2482 1667 2634 1736 φωνὴ
2671 1668 2974 1736 ἐνηργεῖτο,
3008 1666 3101 1720 καὶ
3169 1668 3202 1736 ή
3248 1666 3475 1737 δύναμις
3529 1664 3741 1718 ἐϐεϐαι-

484 1764 676 1815 virtus.
714 1760 756 1815 Ο
788 1760 1080 1814 verborum
1110 1759 1218 1812 vim
1248 1760 1259 1812 l
1297 1758 1597 1812 Exsultavit
1619 1759 1800 1826 infans
1826 1758 1879 1810 in
1912 1768 2059 1809 utero

2173 1754 2307 1807 οὖτο.
2352 1755 2414 1807 Ὠ
2464 1734 2643 1824 ἰσχύος
2694 1734 2987 1826 ῥημάτωνί
3016 1734 3479 1823 Ἐσκίρτησείτὸ
3513 1751 3740 1821 βρέφος

489 1855 622 1924 ejus.
673 1853 957 1907 Persensit
1014 1853 1361 1921 preesentiam
1417 1852 1651 1915 Domini,
1701 1851 2064 1905 immaculata:

488 1945 636 1997 illius
667 1958 830 1997 voces
857 1944 1090 2007 audivit,
1119 1941 1454 2008 Creatorem,
1487 1942 1580 2012 qui
1618 1943 1758 1996 lianc
1787 1942 2063 2004 movebat,

484 2034 726 2103 agnovit,
757 2042 813 2085 ct
834 2032 1063 2085 saltibus
1084 2032 1201 2086 suis
1223 2032 1337 2086 haec
1362 2035 1521 2085 matri
1544 2030 2061 2101 sumpropemodum

486 2126 815 2195 loquebatur
842 2139 855 2175 :

570 2213 755 2269 XVIII.
782 2215 1096 2280 Anteverte,
1122 2230 1156 2268 o
1186 2223 1380 2280 mater,
1413 2215 1649 2284 praeveni
1678 2212 1896 2277 festina,
1923 2229 2033 2283 pra:
2053 2239 2066 2249 -

487 2323 649 2362 curre
700 2307 920 2361 obviam
977 2305 1177 2361 ferenti
1223 2306 1540 2362 CreatOrem
1602 2308 1967 2360 iucarnatum.
2005 2305 2065 2359 In

488 2400 603 2470 ipsa
635 2400 927 2461 Dominus,
958 2406 1217 2466 tanquam
1240 2399 1299 2451 in’
1335 2398 1541 2452 caelesti
1578 2401 1797 2460 throno,
1834 2395 2064 2449 advebi-

490 2503 597 2546 tur.
634 2492 729 2545 llic
758 2500 1011 2549 naturam
1040 2492 1296 2556 innovat;
1335 2490 1424 2543 hic
1453 2506 1539 2544 res
1582 2491 1856 2543 immutat.
1911 2489 2061 2542 Prae—

490 2584 721 2638 sentiam
752 2584 873 2652 ejus
899 2582 1043 2638 ferre
1073 2582 1297 2637 silentio
1329 2598 1437 2636 non
1466 2583 1620 2636 valeo
1648 2600 1661 2647 ;
1693 2598 1800 2635 non
1835 2595 2059 2650 possum

495 2689 603 2727 non
642 2673 939 2743 praedicare
973 2688 1121 2737 eum,
1149 2674 1242 2743 qui
1299 2689 1385 2727 me
1444 2672 1510 2727 ad
1543 2673 1646 2727 hoc
1680 2672 1961 2734 oscitavit,
1993 2670 2059 2724 ad

490 2766 635 2835 quod
663 2767 1065 2835 praeorilinatus
1089 2765 1188 2819 fui.
1217 2765 1631 2822 Usuml‘ruetum
1652 2764 1797 2818 ferre
1834 2762 2059 2828 festino,

438 2880 441 2881 ν
499 2858 702 2926 quippe
747 2858 863 2925 qui,
919 2866 980 2909 ut
1010 2857 1331 2925 pra-dictum
1362 2867 1447 2911 est
1484 2861 1532 2925 (ιι
1559 2853 1902 2925 έριὉιιΙιριὶε),
1930 2871 2066 2923 pra:-

491 2949 800 3001 destinatus
832 2942 878 2978 ³⁸
912 2947 1010 3009 fui,
1046 2958 1107 3001 ut
1154 2961 1330 3001 essent
1366 2964 1465 3001 vox
1501 2948 1802 3011 clamantis,
1829 2958 1886 3001 et
1938 2961 2065 3015 pro-

2161 1846 2230 1899 ἐν
2251 1845 2326 1915 τῇ
2358 1848 2556 1914 κοιλίᾳ
2582 1847 2793 1913 αὐτῆς.
2831 1845 3010 1919 ⁸ᾘσθη
3035 1847 3134 1917 τῆς
3160 1844 3495 1913 Δεσποτικῆς
3529 1860 3739 1912 παρου-

2168 1939 2307 2003 σίας,
2336 1939 2537 2009 ἤκουσε
2597 1939 2695 2009 τῆς
2752 1941 3029 2009 ἀκηράτου
3092 1939 3299 2008 φωνῆς,
3330 1937 3472 2006 ἔγνω
3517 1930 3605 1988 τὶν
3635 1936 3739 2002 Δη-

2170 2028 2431 2098 μιουργὺν
2496 2027 2706 2098 ταύτην
2763 2028 3037 2093 κινοῦντα,
3103 2027 3200 2081 καὶ
3258 2026 3445 2097 σχεδὸν
3504 2025 3590 2078 διὰ
3635 2024 3741 2077 τῶν

2168 2120 2555 2191 σκιρτημάτων
2576 2119 2799 2173 τοιαῦτα
2825 2123 2890 2191 τῇ
2921 2122 3093 2190 μητρὶ
3124 2118 3502 2189 προσεφώνει.

2239 2214 2345 2265 liI'.
2381 2213 2724 2283 Πρόφθασον,
2774 2207 2818 2266 ὦ
2870 2214 3065 2283 μῆτερ,
3113 2213 3398 2283 πρόδραμε
3454 2210 3740 2273 συντόνως,

2166 2306 2585 2375 προῦπάντησον
2616 2308 2680 2376 τῇ
2712 2308 2802 2358 τον
2858 2304 3205 2376 Δημιουργὸν
3237 2303 3573 2373 ὲπιφερούσῃ
3634 2319 3740 2353 σω·

2170 2396 2528 2467 ματούμενον.
2579 2398 2637 2450 Ὀ
2676 2399 2955 2464 Δεσπότης
2987 2400 3042 2450 ἐν
3074 2398 3267 2467 ταύτῃ,
3299 2396 3373 2459 ὡς
3420 2397 3478 2448 ὲν
3505 2392 3740 2464 οὐρανίῳ

2174 2486 2461 2556 ἐποχεῖται
2533 2488 2725 2560 θρόνῳ.
2777 2483 2944 2551 Οὗτος
2993 2488 3089 2551 τὰς
3152 2489 3338 2557 φύσεις
3383 2488 3692 2555 καινοτομεῖ
3723 2498 3739 2514 ⁸

2165 2573 2322 2642 οὗτος
2365 2583 2433 2632 τὰ
2480 2580 2784 2650 πράγματα
2816 2581 3209 2650 μεταπλάττει.
3247 2580 3320 2633 ού
3356 2579 3533 2645 στέγω
3565 2578 3742 2646 σιωπῇ

2162 2671 2260 2741 τὴν
2291 2670 2454 2724 αὐτοῦ
2479 2673 2785 2741 παρουσίαν
2808 2672 2961 2740 ἄγειν
2997 2689 3011 2702 ·
3048 2674 3108 2724 ού
3139 2674 3290 2743 φέρω
3327 2670 3402 2741 μὴ
3452 2669 3743 2740 κηρύττειν

2165 2766 2254 2819 τὸν
2282 2767 2361 2828 εἰς
2390 2765 2550 2818 τοῦτό
2585 2782 2652 2835 με
2681 2764 3097 2835 παραγαγόντα,
3132 2765 3210 2828 εἰς
3243 2764 3381 2833 ὅπερ
3410 2760 3741 2831 προετάγην.

2167 2858 2393 2911 Σπεύδω
2446 2854 2828 2927 χρησιμεύειν,
2855 2855 3024 2924 φωνὴ
3060 2852 3335 2919 ,βοῶντος
3391 2851 3743 2922 προορισθεὶς

2169 2950 2467 3021 ἐμηνύθην.
2515 2949 2607 3001 καὶ
2650 2946 2737 3001 διὰ
2778 2950 2938 3001 τοῠ.ο
2992 2948 3123 3016 πρὸς
3160 2947 3258 3017 τὴν
3297 2945 3571 2999 διακονίαν
3606 2942 3747 2997 ἐπεί-

494 3029 679 3107 pterea
708 3037 775 3091 ad
803 3038 1168 3091 ministerium
1216 3050 1398 3091 meum
1427 3037 1757 3106 explendum
1792 3037 2061 3106 impellor.

2173 3059 2358 3111 γομαι.
2387 3039 2478 3110 Μὴ
2540 3039 2698 3109 μέλλε
2759 3028 2960 3102 τοίνυν,
2997 3032 3042 3092 ὧ
3095 3039 3270 3110 μῆτερ
3309 3055 3324 3069 ·
3375 3037 3577 3109 χρῆσον
3622 3037 3747 3107 ἐμοὶ

493 3129 569 3184 Ne
590 3145 723 3199 ergo
753 3130 1054 3193 cuncteris,
1080 3142 1113 3182 ο
1143 3136 1357 3195 mater;
1393 3129 1679 3183 commoda
1701 3127 1835 3181 mihi
1854 3142 2064 3192 vocem,

495 3231 554 3273 ut
586 3221 764 3274 vitam
797 3219 1201 3289 depraedicem;
1243 3220 1437 3291 supple
1471 3235 1605 3274 meze
1662 3217 1926 3288 loquendi
1960 3219 2067 3273 im-

494 3312 769 3380 pOIentiae,
798 3328 864 3366 ne
888 3311 1205 3367 constitutis
1224 3322 1414 3382 partus
1431 3312 1643 3382 legibus
1664 3311 1771 3365 vim
1801 3310 2063 3377 inferam;

495 3421 561 3458 ne
593 3405 904 3460 committas
930 3407 1281 3461 cunctatione
1316 3414 1428 3470 tua,
1455 3415 1515 3459 ut
1542 3422 1682 3460 nova
1706 3414 1899 3476 partus
1928 3406 2067 3461 ratio

497 3498 591 3551 tibi
638 3499 954 3568 contingat;
998 3515 1065 3553 ne
1096 3500 1253 3564 velis,
1296 3500 1591 3569 gratiarum
1628 3501 1876 3555 actiones
1910 3497 2070 3553 dilic-

499 3604 644 3653 reus,
674 3600 885 3642 natura:
940 3589 1087 3658 leges
1121 3603 1351 3645 cernere
1403 3590 1720 3644 immutatas
1755 3607 1767 3643 :
1803 3604 1904 3660 ego
1934 3603 2068 3644 sane

499 3680 663 3747 hujus
704 3680 943 3733 claustra
980 3695 1148 3749 cogor
1190 3690 1572 3751 perrumpere,
1614 3682 1878 3735 terminos
1921 3682 2069 3750 ejus-

498 3770 622 3823 dem
675 3771 951 3826 transilire
999 3772 1333 3841 compellor;
1361 3788 1470 3826 non
1518 3773 1790 3842 patienter
1830 3772 1930 3827 hos
1978 3773 2069 3828 ille

500 3861 726 3928 perfert,
763 3861 858 3929 qui
893 3869 1146 3914 naturam
1195 3861 1487 3928 immutat;
1518 3862 1612 3932 qui
1656 3862 1908 3916 ordinem
1939 3878 2071 3917 eou-

498 3954 697 4018 stituit,
726 3953 773 4008 is
806 3953 1054 4008 ordinem
1088 3954 1275 4009 solvil.
1318 3954 1438 4025 Ipsa
1470 3956 1521 4009 iu
1569 3966 1619 4010 te
1659 3956 1829 4010 habes
1864 3964 2068 4010 certain

500 4061 685 4099 rerum
726 4045 922 4112 ﬁdem;
953 4055 1203 4100 emortua
1232 4046 1379 4101 enim
1413 4046 1656 4101 membra
1696 4056 1790 4100 tua
1833 4047 1951 4117 ipsa
2001 4045 2069 4100 ad

499 4136 873 4206 generandum
925 4136 1202 4190 viventem
1254 4137 1664 4200 corroboravit,
1707 4136 2070 4206 arefactaaque

499 4239 712 4283 naturae
768 4227 1076 4282 ubertatem
1129 4228 1287 4298 jussu
1342 4242 1444 4284 suo
1493 4230 1748 4284 contulit.
1795 4230 1922 4294 Iste,
1974 4229 2070 4300 qui

501 4318 556 4371 in
617 4327 774 4371 utero
824 4318 1114 4387 impolluto
1160 4319 1340 4375 factus
1393 4328 1477 4374 est
1533 4321 1733 4386 infans,
1776 4321 1831 4375 in
1897 4322 2070 4377 uteris

2176 3130 2274 3201 τὴν
2323 3129 2505 3197 φωνην
2552 3128 2639 3181 ἴνα
2680 3128 2901 3197 κηρύξω
2960 3128 3058 3198 τὴν
3115 3128 3261 3196 ζωήν
3291 3143 3304 3157 °
3339 3127 3621 3198 πλήρωσον
3649 3127 3746 3195 τὴν

2174 3229 2268 3276 του
2336 3221 2494 3288 λόγου
2547 3218 2737 3290 χρείαν
2769 3262 2793 3291 ,η
2839 3219 2924 3272 ἵνα
2978 3220 3053 3290 μὴ
3098 3220 3157 3272 τὸ
3204 3218 3304 3289 τῆς
3357 3219 3543 3283 ὠδῖνος
3578 3220 3747 3286 ἀναγ-

2177 3314 2328 3366 καῖον
2401 3310 2674 3380 βιάσωμαι
2707 3326 2723 3341 ο
2775 3310 2849 3380 μὴ
2923 3310 3379 3381 καινοτομηθῆναι
3445 3314 3512 3381 τῇ
3582 3310 3748 3380 ὑπερ-

2179 3401 2346 3468 θέσει,
2380 3402 2471 3454 τὸν
2509 3401 2669 3453 τόκον
2690 3400 2856 3473 ἐάσῃς
2882 3415 2894 3429 ·
2924 3401 3001 3470 μὴ
3024 3398 3122 3471 τὴν
3144 3402 3496 3472 εὐχαριστίαν
3517 3401 3748 3455 ἀναϐαλ-

2177 3493 2400 3563 λομένη,
2429 3495 2529 3563 τὴν
2562 3492 2722 3562 φύσιν
2761 3492 2981 3564 κατίδῃς
3047 3493 3524 3563 μεταϐαλλομένην
3558 3510 3571 3523 ·
3595 3493 3748 3563 διαρ-

2180 3587 2340 3658 ρῆξαι
2391 3585 2459 3638 τὰ
2506 3587 2674 3652 αὐτῆς
2700 3584 3190 3656 καταναγκάζομαι
3223 3586 3472 3655 κλεῖθρα,
3506 3584 3750 3656 ὑπερϐῆ-

2178 3693 2263 3729 ναι
2285 3676 2410 3740 τοὺς
2438 3676 2594 3746 ὄρους
2630 3675 2923 3746 ἐπείγομαι
2957 3691 2970 3705 °
3004 3674 3105 3727 οὐκ
3155 3675 3417 3746 ἀναμένει
3471 3675 3694 3740 τούτους
3717 3677 3746 3729 ό

2183 3767 2576 3837 μεταπλάττων
2607 3764 2705 3836 τὴν
2775 3767 2960 3835 φύσιν,
2994 3765 3113 3819 λύει
3140 3767 3239 3836 τὴν
3278 3767 3431 3833 τάξιν
3461 3768 3488 3820 ὁ
3544 3767 3748 3837 ταύτην

2179 3862 2463 3932 συνδήσας.
2504 3862 2689 3933 Ἔχεις
2715 3862 2773 3914 ὲν
2813 3863 2977 3933 ἑαυτῇ
3014 3861 3112 3932 τὴν
3140 3861 3247 3915 τῶν
3297 3862 3640 3933 πραγμάτων
3682 3864 3750 3914 ἁ·

2190 3956 2454 4023 σφάλειαν
2480 3968 2494 3983 ⁸
2531 3955 2910 4027 νενεκρωμὲνα
2930 3972 3021 4008 σου
3050 3956 3117 4008 τά
3147 3954 3280 4026 μέλη
3299 3955 3433 4025 πρὸς
3457 3954 3752 4018 ζωοτοκίαν

2178 4046 2340 4111 αὐτὸς
2376 4047 2681 4117 ἐνίσχυσεν,
2712 4048 3059 4119 ὲξηραμένην
3092 4049 3188 4118 τὴν
3218 4047 3380 4115 φύσιν
3434 4047 3510 4118 τῷ
3560 4049 3751 4118 οἰκείῳ

2180 4139 2473 4193 κατεπίανε
2507 4139 2913 4211 προστάγματι.
2942 4134 3135 4204 Οὗτος,
3160 4143 3188 4194 ό
3218 4141 3276 4193 ὲν
3320 4140 3574 4212 ἀχράντῳ
3623 4140 3752 4212 βρε-

2180 4230 2587 4302 φουργούμενυς
2612 4230 2813 4300 κοιλίᾳ,
2845 4232 2904 4284 ὲν
2935 4232 3055 4292 ταῖς
3080 4230 3363 4302 μητρῲαις
3416 4230 3646 4293 κοιλίαις
3683 4230 3752 4283 τὰ

2182 4320 2356 4391 βρέφη
2404 4320 2721 4373 διαπλάττει
2750 4336 2763 4350 ’
2799 4311 2955 4383 οὗτος
3007 4319 3305 4391 διαμορφοί
3336 4394 3339 4397 λ
3365 4321 3465 4393 τὴν
3526 4321 3690 4391 φύσιν
3731 4338 3746 4351 ο

500 4408 766 4462 maternis
822 4408 1058 4463 infantes
1105 4409 1306 4463 format
1340 4426 1355 4464 :
1390 4410 1482 4464 hic
1522 4420 1773 4464 naturam
1809 4410 2013 4482 eﬂingit
2053 4423 2065 4469 :

2177 4412 2330 4479 οὗτος
2364 4416 2489 4478 τοὺς
2514 4416 2870 4487 χαρακτῆρας
2896 4416 3214 4483 ἐξεικονίζει
3250 4436 3264 4450 ·
3291 4413 3445 4479 οὗτος
3483 4417 3747 4488 δημιουρ-
3797 4416 3821 4431 ⁸

501 4500 591 4552 hic
623 4498 953 4552 lineamenta
977 4498 1283 4569 configurat
1315 4517 1329 4553 :
1363 4500 1450 4553 hic
1488 4501 1701 4554 animas
1741 4513 1892 4554 creat
1929 4518 1942 4554 :
1982 4501 2073 4554 ltic

499 4593 818 4647 seminalem
844 4594 1209 4646 substantiam
1234 4593 1288 4646 in
1316 4606 1439 4647 ossa
1473 4603 1528 4647 et
1557 4608 1760 4647 nervos
1793 4602 1848 4646 et
1881 4606 2077 4647 carnes

499 4684 741 4754 cllingit;
768 4685 860 4740 hic
908 4694 1063 4739 artus
1105 4684 1429 4755 compagine
1480 4685 1679 4756 jungit,
1712 4685 1935 4740 solubili
1978 4698 2076 4740 eos

500 4774 723 4827 vinculo
754 4772 1038 4843 colligatis,
1079 4773 1348 4828 insolutos
1376 4782 1558 4828 tamen
1599 4790 1697 4829 sua
1727 4775 2077 4844 proVidentia

501 4881 867 4931 conservans;
898 4867 987 4921 hic
1020 4867 1073 4920 in
1116 4867 1295 4921 lucem
1343 4867 1511 4923 ftelus
1542 4867 1751 4931 educit,
1779 4877 1836 4922 et
1875 4869 2074 4922 animae

501 4960 777 5028 potentias
828 4960 1187 5015 intellectuali
1216 4960 1451 5017 rationis
1497 4961 1622 5016 luce
1657 4961 1909 5016 irradiat.
1942 4962 2075 5033 Ejus

497 5065 633 5119 ergo
678 5051 974 5106 adventum
1010 5050 1332 5106 honorificis
1372 5051 1567 5122 excipe
1596 5052 1786 5107 verbis
1820 5068 1836 5106 :
1880 5054 2074 5122 excipe

499 5156 733 5212 corpore
781 5143 1031 5199 indutum
1074 5162 1202 5202 eum
1256 5147 1457 5216 ipsum,
1504 5144 1599 5214 qui
1648 5143 1937 5199 divinitate
1975 5158 2075 5198 sua

505 5235 699 5303 implet
748 5235 1027 5291 universa.

575 5325 715 5380 XIX.
752 5329 823 5382 At
858 5329 1013 5398 prius
1043 5330 1237 5391 laudes
1266 5330 1322 5384 in
1360 5344 1481 5384 eam
1514 5326 1724 5391 confer,
1760 5341 1882 5394 qua:
1914 5326 2067 5382 illum

502 5432 604 5471 suo
629 5419 749 5473 sinu
782 5428 962 5490 gestat
997 5440 1012 5475 :
1044 5431 1306 5476 venerare
1353 5437 1450 5477 ceu
1504 5420 1748 5490 reginam
1798 5417 1931 5472 illud
1972 5436 2075 5474 na-

504 5517 641 5563 tura:
686 5519 888 5565 nostra:
933 5513 1138 5578 decus;
1186 5512 1635 5568 acclamationem
1682 5508 1811 5562 huic
1858 5513 2077 5577 generis

586 5692 632 5725 “
666 5691 798 5749 Luc.
830 5709 869 5760 I,
891 5695 980 5763 39,
1008 5694 1097 5752 ιο.

1179 5697 1222 5730 ⁵³
1253 5697 1393 5751 Ibid.
1446 5697 1532 5752 il.
1613 5698 1658 5729 “
1714 5697 1871 5752 Joan.
1905 5712 1942 5761 I,
1982 5695 2073 5749 25.

2176 4514 2263 4578 γεί
2292 4510 2389 4573 τὰς
2414 4510 2590 4580 ψυχάς
2620 4528 2632 4541 ο
2657 4504 2813 4574 οὗτος
2848 4510 2946 4582 τὴν
2977 4512 3269 4584 ἐπίρρυτον
3298 4511 3483 4564 οὐσίαν
3510 4511 3589 4573 είς
3616 4509 3752 4563 ὀστᾶ

2176 4603 2272 4656 καὶ
2298 4601 2464 4671 νεῦρα
2494 4603 2589 4654 καὶ
2610 4602 2819 4674 σάρκας
2843 4606 3230 4673 συμπήγνυσιν
3263 4618 3279 4634 ·
3309 4598 3468 4665 οὗτος
3515 4602 3614 4665 τὰς
3657 4603 3751 4669 ἁρ-

2181 4692 2369 4764 μονίας
2403 4695 2670 4767 διαρθροῖ,
2714 4696 2809 4749 καὶ
2849 4695 3126 4765 λελυμένῳ
3157 4695 3363 4759 ταύτας
3400 4696 3585 4766 δεσμῷ
3635 4712 3752 4748 cnv-

2175 4786 2333 4851 δέων,
2387 4787 2479 4840 καὶ
2524 4786 2751 4848 ἀλύτους
2798 4788 2863 4857 τῇ
2914 4784 3092 4856 οἰκείᾳ
3148 4787 3429 4858 συντηριῖω
3471 4786 3700 4856 προνοίᾳ
3734 4801 3748 4817 ο

2179 4871 2333 4941 οὗτος
2366 4880 2445 4941 εἱς
2492 4877 2607 4946 φῶς
2636 4877 2736 4940 τὰς
2792 4875 2989 4942 ὠδῖνας
3019 4878 3231 4946 ἐξάγει,
3283 4880 3380 4933 καὶ
3434 4878 3512 4948 τῷ
3574 4876 3751 4947 νοητῷ

2179 4969 2274 5023 τοῦ
2307 4969 2464 5037 λόγου
2497 4971 2635 5036 φωτὶ
2659 4970 2758 5032 τὰς
2796 4968 3036 5040 ψυχικὰς
3073 4969 3329 5039 δυνάμεις
3374 4971 3753 5038 καταφαιδρύ-

2181 5078 2281 5114 νει.
2320 5059 2605 5124 ’Υπὸδεξαι
2646 5061 2826 5113 τοίνυν
2872 5062 2971 5113 σὺν
3001 5060 3248 5131 εὐφημία
3281 5061 3381 5132 τὴν
3425 5061 3589 5114 αὑτοῦ
3614 5078 3753 5130 παρο

2185 5151 2376 5203 ουσίαν
2408 5166 2423 5180 ·
2481 5150 2737 5215 ὑπόδεξαι
2804 5152 3135 5221 σωματικῶς
3200 5153 3293 5205 τὸν
3363 5151 3560 5215 θεῐκῶς
3622 5153 3756 5221 πλη-

2186 5239 2380 5309 ροῦντα
2408 5238 2478 5292 τὰ
2505 5239 2821 5310 σύμπαντα.

2255 5331 2358 5387 ΙΘ’.
2414 5333 2549 5385 Είπὲ
2588 5333 2853 5403 πρότερον
2900 5333 2968 5386 τὰ
3007 5335 3107 5404 τῆς
3170 5333 3545 5405 κυοφορούσης
3593 5331 3756 5385 αὑτὸν

2183 5425 2435 5495 ἐγκώμια
2467 5440 2481 5454 ·
2519 5425 2899 5494 προσκύνησον
2931 5427 3007 5489 ὡς
3040 5427 3285 5497 βασιλίδα
3320 5428 3382 5481 τὸ
3416 5426 3514 5495 τῆς
3540 5423 3755 5494 φύσεως

2188 5514 2623 5582 ὲγκαλλώπισμα
2658 5530 2671 5544 ·
2710 5515 2903 5581 πλέξον
2953 5517 3180 5570 είσόδιον
3240 5518 3338 5589 τὴν
3387 5514 3664 5586 εὐφημίαν
3688 5515 3754 5585 τῇ
