4122 6212
386 257 484 321 θ81

1196 242 1480 307 ORATIO
1530 244 1612 305 IN
1656 242 1759 303 SS.
1798 238 2153 303 DEIPARE
2191 234 2765 302 VlSlTA'I‘lONEM.

3535 238 3641 301 682

388 371 480 425 τοῦ
508 366 698 436 γένους
721 359 941 431 εὐλογία
970 372 984 388 ⁶
1021 358 1261 430 ἅρμοσον
1288 357 1416 419 τοὺς
1450 356 1568 409 κατ’
1598 352 1753 421 ἀξίαν
1804 353 1964 405 ἐπαξ-
1993 404 1994 408 η

2082 349 2297 404 numani
2332 348 2704 404 benedictioni
2733 350 2910 419 plecte
2940 345 3213 414 festivam,
3236 362 3342 420 qua
3368 350 3487 419 ejus
3518 367 3642 423 gra-

388 480 512 515 νουῖ
544 461 611 530 τῇ
656 455 836 523 πάσης
858 452 1024 521 τιμῆς
1058 447 1352 520 ύπεραξίᾳ.
1394 443 1680 511 ’Υπόδεξαι
1714 444 1775 497 τδ
1800 444 1966 513 ὓπερο

387 551 639 623 ουράνιον
679 545 773 600 τοῦ
808 542 1084 604 Βασιλέως
1109 540 1216 594 τῶν
1238 538 1487 608 ἀγγέλων
1540 535 1827 601 παλάτιον,
1861 534 1965 603 τὴν

391 620 590 713 νοητὴν
642 637 737 690 καὶ
800 633 1172 705 ύπερκόσμιον
1196 629 1472 695 παστάδα,
1496 628 1582 697 ἐφ’
1620 620 1769 702 ᾗπερ
1803 623 1967 688 αὐτὸς

388 734 417 785 ό
461 723 806 801 Δημιουργδς
864 721 1044 792 ἑαυτῷ
1103 722 1202 792 τὴν
1251 719 1353 789 τῆς
1410 718 1612 788 σαρκὸς
1677 714 1967 786 παχύτητα

392 820 778 894 μνηστεύεται,
818 818 878 869 ἐν
995 814 1057 867 τδ
1105 815 1200 883 τῆς
1229 811 1545 883 οἰκονομίας
1571 809 1970 880 τελεσιουργεῖ-

388 928 478 965 ται
513 902 841 982 μυστήριον.
893 903 1223 976 Περίπτεξαι
1253 901 1351 973 τὴν
1405 899 1676 971 φωτεινὴν
1712 899 1965 968 νεφέλην,

388 1006 455 1077 ἢν
497 1004 526 1057 ό
562 1002 661 1072 τῆς
694 996 1046 1065 δικαιοσύνης
1094 993 1562 1066 περιδεσλημὲνος
1590 992 1744 1062 ἥλιος
1776 990 1838 1044 τὸ
1867 990 1969 1058 τῆς

392 1092 593 1167 σαρκὸς
614 1089 895 1145 ούσιοῦται
924 1086 1274 1157 περιϐόλαιον
1309 1103 1325 1119 ο
1358 1084 1420 1149 ἐξ
1438 1079 1504 1155 ἧς
1536 1081 1636 1153 τὴν
1668 1080 1832 1150 φύσιν
1881 1081 1970 1133 ἐν-

389 1185 716 1256 δυσάμενος.
761 1180 890 1244 τοὺς
954 1182 1056 1248 τῆς
1133 1179 1273 1248 ἀρᾶς
1328 1176 1684 1246 ἀπαμφιάσει
1734 1171 1971 1244 χιτῶνας

392 1279 522 1342 τοὺς
563 1275 943 1348 προπάτορας.
967 1269 1116 1342 Αὕτη
1167 1272 1336 1336 ἐστὶν,
1367 1263 1413 1323 ὧ
1468 1269 1666 1340 μῆτερ,
1701 1267 1770 1321 δι’
1806 1261 1876 1339 ἦς
1911 1265 1968 1320 αἱ

388 1370 501 1447 τῶν
538 1368 744 1422 ὠδίνων
762 1367 983 1420 λύονται
1009 1365 1179 1418 λύπαι
1211 1379 1227 1394 ο
1246 1362 1314 1416 δι’
1340 1356 1409 1435 ἧς
1434 1360 1504 1415 τά
1525 1360 1636 1415 τῶν
1688 1359 1972 1430 προγόνων

391 1461 755 1535 ἀφαιροῦνται
804 1460 1039 1530 δάκρυα.
1091 1455 1243 1526 Αὕτη
1296 1456 1448 1509 ἐστὶν
1494 1456 1528 1524 ἡ
1566 1453 1668 1523 τῆς
1713 1450 1968 1521 εὐλογίας

391 1552 642 1626 ἀπαρχὴ,
677 1554 710 1624 ἡ
742 1551 841 1622 τῆς
873 1548 1215 1623 εὐφροσύνης
1279 1547 1565 1619 πρόξενος.
1597 1544 1970 1612 Συνεισάγαγε

390 1643 491 1710 τὴν
520 1644 681 1715 χάριν
720 1643 789 1713 τῇ
840 1640 1100 1710 τοιαύτης
1140 1637 1334 1707 εἰσόδῳ
1359 1650 1376 1666 ⁸
1402 1634 1700 1708 ταμίευσαι
1745 1635 1843 1706 τὴν
1870 1651 1971 1705 χα-

394 1736 495 1808 ράν
525 1738 589 1807 τῇ
620 1733 824 1804 ταύτης
850 1733 1087 1804 ὑποδοχῇ
1115 1747 1131 1762 ⁶
1164 1732 1340 1803 χαρᾶς
1366 1730 1497 1793 τοὺς
1539 1727 1971 1798 ὑποδεχομένους

392 1826 786 1899 άνταμείδεται
824 1825 1080 1896 δωρεαῖς.
1103 1823 1323 1894 Ταύτην
1370 1820 1579 1874 οίκείαν
1603 1818 1972 1889 ποιησάμενος

396 1920 574 1991 πύλην
595 1921 624 1973 ό
656 1916 958 1990 Δεσπότης,
979 1915 1183 1972 εἴσιδον
1233 1915 1344 1968 τῶν
1376 1911 1622 1985 οὐρανῶν
1666 1910 1973 1983 προσθήσε-

392 2030 507 2079 ται,
533 2012 710 2083 θύραν
737 2011 795 2064 ἐν
832 2009 1151 2080 παραδείσῳ
1215 2005 1628 2078 καθυπερείσει,
1661 2003 1812 2075 Αὕτη
1862 2003 1973 2056 τῶν

394 2103 736 2177 χερουῶκῶν
788 2101 1094 2173 ύπερετέθη
1146 2100 1354 2174 θρόνων
1385 2114 1400 2130 ο
1434 2096 1574 2168 αὕτη
1625 2096 1735 2151 τῶν
1767 2094 1973 2160 νοερῶν

397 2193 806 2267 ύπερεδοξάσθη
863 2193 1182 2265 ταγμάτων.
1220 2190 1370 2261 Αὕτη
1402 2186 1820 2261 εὐρυχωροτέρα
1863 2185 1974 2239 τῶν

394 2287 641 2359 οὐρανῶν
663 2286 1002 2357 ἐχρημάτισε
1023 2283 1197 2357 σκηνή
1221 2301 1234 2312 ·
1255 2282 1395 2354 αὕτη
1417 2279 1805 2352 λαμπροτέρας
1819 2278 1972 2348 ἡλίου

395 2381 496 2444 τὰς
524 2380 749 2442 ἀκτῖνας
777 2378 1057 2447 ἐκπέμπει
1088 2392 1103 2406 ·
1137 2374 1280 2446 αὕτη
1320 2373 1680 2444 φαιδροτέρας
1700 2371 1799 2434 τάς
1829 2386 1973 2441 μαρ-

402 2469 656 2541 μαρυγὰς
688 2466 1029 2522 ἀποστίλϐει.
1060 2464 1212 2536 Αὕτη
1226 2464 1551 2528 τδάκαλλές
1571 2462 1974 2533 ἐγκαλλωπίζει

397 2560 499 2628 τῆς
522 2557 868 2627 φύσεως,καὶ
905 2555 1005 2627 τὴν
1033 2556 1099 2608 ἐκ
1130 2553 1505 2627 παραϐάσεως
1530 2551 1976 2625 προσγενομένην

400 2647 620 2716 ἀδοξίαν
641 2646 720 2717 τῷ
760 2647 948 2717 οἰκείῳ
984 2645 1198 2712 δοξάζει
1233 2645 1403 2716 τόκῳ.

471 2827 560 2884 κ’.
592 2825 782 2881 Ταῦτα
834 2825 1020 2897 σχεδὸν
1064 2829 1177 2891 τοῖς
1199 2827 1540 2898 σκιρτήμασι
1577 2823 1677 2878 τοῦ
1721 2823 1974 2879 Ἰωάννου

404 2917 663 2989 βοῶντος,
707 2920 804 2973 καὶ
837 2920 870 2989 ἡ
915 2916 1204 2973 Ἐλισάσετ
1245 2918 1350 2970 ὑπὸ
1388 2914 1491 2987 τῆς
1520 2915 1693 2988 αὐτῆς
1740 2915 1977 2986 ἐμπνευ-

406 3010 598 3063 σθείσα
631 3008 886 3080 χάριτος.
919 3008 1170 3081 ἐνάρθρψ
1195 3012 1348 3081 φωνῇ
1379 3008 1481 3081 τὴν
1515 3007 1790 3079 “apo?”
1814 3008 1976 3107 εὐχαί
2005 3046 2048 3107 C

405 3101 622 3172 ριστίαν
665 3101 1046 3172 ἐδημοσίευσε,
1095 3100 1192 3156 καὶ
1237 3101 1295 3154 τὸ
1336 3102 1522 3171 σχῆμα
1569 3100 1665 3153 τοῦ
1704 3103 1866 3154 τόκου
1899 3096 1978 3169 τῷ

406 3193 632 3265 φθόγγῳ
680 3193 776 3249 τοῦ
824 3193 986 3264 λόγου
1017 3193 1424 3264 καθυπέφηνεν.
1482 3192 1795 3261 Ἐπλήσθη
1839 3193 1977 3261 γὰρ,

405 3290 564 3357 φησι,
608 3288 959 3357 Πγεύματος
1009 3285 1185 3357 ἁγίου
1228 3285 1267 3352 ἡ
1311 3286 1647 3349 Ἐλισὰσετ,
1688 3285 1787 3338 καὶ
1838 3284 1976 3338 ἁνε-

405 3376 594 3447 σόησε
621 3375 792 3446 φωνῇ
816 3377 1073 3445 μεγάλῃ,
1109 3376 1208 3429 καὶ
1228 3372 1432 3429 εἶπεν*
1463 3373 1858 3443 Εὐλογημένη
1895 3373 1979 3424 σὺ

403 3469 477 3522 ἐν
503 3468 765 3538 γυναιξὶ,
809 3468 909 3520 καὶ
945 3465 1355 3535 εὐλογημένος
1381 3467 1415 3519 ὁ
1443 3465 1673 3531 καρπὸς
1716 3462 1831 3532 τῆς
1856 3478 1983 3516 κοι-

404 3563 545 3624 λίας
582 3574 723 3612 σου.
750 3558 859 3611 Καὶ
887 3557 1072 3611 πόθεν
1098 3573 1202 3626 μοι
1233 3555 1431 3622 τοῦτο,
1467 3556 1570 3609 ira
1602 3556 1752 3626 ἔλθῃ
1779 3555 1818 3623 ἠ
1850 3554 1979 3621 Μή·

404 3667 517 3720 τηρ
544 3648 652 3703 τοῦ
694 3649 911 3718 Κυρίου
943 3664 1064 3718 μου
1103 3650 1254 3718 πρός
1289 3664 1399 3718 με;
1443 3646 1664 3712 Ἀναξία
1703 3646 1804 3717 μὲν
1846 3645 1979 3715 γάρ,

409 3741 602 3813 φησιν,
628 3740 743 3810 ἐγὼ
762 3742 861 3807 τῆς
883 3740 1139 3813 τοιαύτης
1174 3740 1442 3812 ὑποδοχῆς
1468 3738 1815 3810 καθέστηκα’
1848 3736 1982 3808 παρ’

406 3834 603 3889 ἐλπίδα
636 3835 699 3889 τὸ
725 3834 959 3905 πρᾶγμα
979 3849 993 3864 ο
1031 3835 1065 3904 ἠ
1099 3832 1358 3888 δέσποινα
1392 3832 1530 3904 πρὸς
1569 3831 1673 3903 τὴν
1708 3829 1923 3901 δούλην,
1946 3831 1981 3901 ή

409 3926 577 3998 κυρία
607 3926 744 3996 πρὸς
784 3927 885 3999 τὴν
928 3925 1161 3990 οἰκέτιν,
1208 3926 1242 3997 ἡ
1297 3925 1482 3996 πάσης
1522 3924 1694 3995 τιμῆς
1729 3923 1983 3989 ἀνωτέρα

408 4020 510 4088 τὴν
554 4016 834 4071 διακονίαν
864 4017 1150 4088 ἐκπληροῖ
1178 4016 1289 4072 τῶν
1328 4018 1732 4089 ταπεινοτέρων
1757 4033 1772 4048 ·
1813 4018 1848 4089 ἡ
1876 4015 1984 4070 ύπδ

409 4111 659 4178 ἀγγέλων
716 4108 1165 4181 δορυφορουμένη
1209 4108 1310 4180 τὴν
1377 4110 1489 4163 τῶν
1540 4108 1986 4181 δορυφορούντων

410 4203 603 4273 ἐπίχει
625 4202 781 4267 τάξιν
798 4217 812 4233 ·
839 4204 874 4273 ἡ
902 4203 995 4256 τὸν
1014 4201 1111 4255 τοῦ
1135 4203 1336 4267 παντὸς
1351 4204 1632 4274 Δεσπότην
1653 4203 1983 4274 κατέχουσα,

412 4295 471 4346 ἐν
518 4295 728 4349 εὐτελεῖ
768 4295 1088 4366 ἐπεδήμησε
1140 4296 1494 4367 καταγωγίῳ.
1548 4297 1751 4352 Καινδν
1794 4296 1853 4351 δέ
1887 4295 1985 4350 καὶ

2072 442 2260 497 tuleris
2274 442 2569 497 adventurm
2598 461 2613 510 ;
2648 454 2879 499 contexe
2902 458 3002 513 pro
3027 442 3238 498 merit’s
3264 439 3340 497 illi
3365 444 3639 508 encomia,

2068 550 2190 606 quae
2230 535 2482 605 quolibet
2524 546 2607 591 est
2639 524 2847 591 hondre
2894 534 3235 607 dignissima.
3272 535 3476 606 Excipe
3509 535 3642 590 illud

2070 627 2225 681 ctrlis
2252 626 2567 697 praecelsius
2592 628 2856 697 palatium
2880 628 3044 699 Regis
3066 629 3408 698 angelorum,
3433 629 3642 684 ἰηιείῑί-

2077 719 2302 790 gibilem
2328 734 2393 774 ac
2425 720 2635 773 mundo
2660 719 3065 789 pracceisiorem
3100 719 3423 784 thalamum,
3453 718 3507 772 in
3533 733 3645 788 quo

2071 810 2191 882 ipse
2221 810 2453 865 Creator
2482 809 2907 865 crassitudinem
2944 811 3130 865 carnis
3151 818 3352 865 nostra:
3394 810 3501 865 sibi
3546 811 3647 864 dc-

2071 913 2317 973 sponsat,
2337 902 2393 956 in
2411 917 2523 973 quo
2543 901 2971 973 dispensationis
2999 902 3316 973 mysterium
3341 902 3644 972 perﬁcitur.

2070 994 2421 1065 Amplectere
2488 993 2727 1048 lucidam
2774 993 2977 1048 nubem
3009 1035 3023 1060 ,
3090 1008 3198 1063 qua
3252 994 3648 1049 circumtectus

2072 1086 2165 1142 Sol
2233 1085 2462 1159 justiiiae
2532 1086 2794 1142 amictum
2844 1100 3123 1156 corporeae
3170 1087 3491 1142 substantia:
3540 1085 3644 1142 sibi

2072 1179 2475 1247 circumdedit;
2542 1194 2609 1234 ex
2657 1192 2767 1250 qua
2810 1189 3063 1235 naturam
3125 1191 3369 1236 nostram
3421 1180 3650 1235 indutus

2073 1271 2269 1343 primis
2296 1272 2621 1343 parentibus
2661 1271 2879 1327 tunicas
2919 1272 3324 1328 maledictionis
3369 1273 3643 1329 detrahet.

2074 1361 2200 1416 llzec
2232 1372 2338 1426 εει,
2367 1376 2401 1416 o
2433 1370 2629 1424 mater,
2666 1376 2765 1430 per
2793 1376 2960 1431 quam
2985 1363 3366 1419 dissolvuntur
3391 1371 3647 1434 partuum

2075 1468 2361 1517 maerores,
2388 1469 2485 1523 per
2514 1468 2679 1523 quam
2701 1453 3119 1523 progenitorum
3155 1454 3406 1527 lacrymaa
3435 1456 3650 1511 abster-

2072 1555 2297 1618 guntur.
2328 1544 2448 1615 Ipsa
2478 1555 2563 1601 est
2594 1546 2853 1617 primitiae
2892 1545 3320 1609 benedictionis,
3367 1548 3484 1618 ipsa
3511 1547 3651 1603 lani-

2076 1640 2164 1694 tia:
2204 1638 2571 1693 conciliatrix.
2639 1639 2901 1694 Introduc
2949 1640 3116 1694 simul
3172 1655 3296 1695 cum
3336 1640 3650 1696 introeunte

2076 1730 2191 1800 ipsa
2224 1729 2455 1800 gratiam
2495 1746 2508 1783 :
2541 1720 2744 1799 repone
2774 1730 2898 1796 tibi,
2935 1731 3079 1786 hanc
3110 1731 3487 1801 suscipiendo,
3519 1749 3653 1805 gau-

2074 1823 2268 1886 dium;
2308 1820 2492 1891 gaudii
2520 1821 2668 1875 enim
2710 1821 2873 1876 donis
2913 1821 3029 1892 ipsa
3077 1824 3444 1894 suscipientes
3475 1839 3533 1879 se
3562 1841 3651 1880 re-

2075 1925 2353 1969 munerat.
2392 1914 2547 1970 Hanc
2587 1915 2854 1970 Dominus
2888 1931 3013 1972 cum
3064 1927 3275 1986 portam
3315 1932 3469 1972 suam
3515 1917 3648 1984 effe-

2074 2004 2234 2067 cerit,
2285 2003 2537 2057 eamdem
2586 2003 2659 2058 ad
2707 2004 2876 2059 caelos
2916 2003 3125 2060 aditum
3175 2016 3437 2076 apponet,
3473 2005 3647 2077 ipsam

2073 2098 2139 2151 ad
2169 2096 2485 2167 paradisum
2522 2096 2748 2168 januam
2791 2096 3114 2152 constituet.
3165 2095 3291 2152 Haec
3330 2095 3649 2153 cherubicis

2077 2188 2290 2242 thronis
2322 2197 2407 2243 est
2433 2188 2781 2257 superposita
2812 2204 2826 2242 :
2854 2187 2971 2243 btet:
3004 2204 3113 2257 pne
3144 2188 3453 2244 cmlestium
3486 2189 3652 2259 spiri-

2078 2288 2232 2333 tuum
2268 2280 2560 2335 ordinibus
2588 2277 2890 2351 glorificata
2923 2290 3028 2335 est.
3071 2280 3197 2336 Haec
3231 2281 3649 2338 tabernaculum

2078 2374 2213 2441 ipsis
2237 2375 2393 2429 cmlis
2423 2374 2591 2429 latius
2620 2381 2705 2428 est
2733 2370 2927 2428 effecta
2959 2391 2975 2428 :
3003 2373 3121 2430 haec
3169 2375 3355 2431 radios
3395 2376 3511 2431 sole
3559 2375 3652 2430 lu-

2075 2465 2312 2521 eidiores
2333 2465 2538 2521 emittit
2574 2486 2587 2522 :
2623 2467 2741 2525 haec
2784 2466 3208 2523 micantiOribus
3239 2468 3547 2540 fulgoribus
3568 2487 3657 2527 co-

2078 2566 2282 2612 ruscat.
2309 2555 2436 2613 Haec
2463 2558 2628 2613 vestit
2652 2558 2852 2614 decore
2876 2569 3089 2614 natura:
3102 2570 3305 2616 nostra:
3322 2561 3647 2619 deformita-

2080 2658 2188 2704 tem
2218 2649 2352 2719 (88),
2379 2658 2435 2706 et
2472 2650 2831 2722 ignominiam
2866 2668 2937 2707 ex
2981 2654 3155 2709 veteri
3200 2655 3655 2724 praevaricatione

2079 2742 2316 2796 inustam
2350 2758 2449 2812 per
2482 2753 2698 2812 partum
2735 2760 2896 2799 suum
2920 2744 3092 2816 gloria
3118 2753 3442 2800 commutat.

2150 2834 2271 2889 XX.
2332 2833 2456 2890 llazc
2510 2835 2744 2892 saltibus
2800 2837 2918 2891 suis
2964 2825 3190 2892 'Joanne
3245 2836 3656 2906 quodammodo

2079 2927 2378 2994 clamante,
2401 2927 2568 2983 etiam
2610 2928 2891 2984 Elisabeth
2935 2929 3183 3000 ejusdem
3230 2930 3418 3001 gratiae
3457 2930 3653 3001 spiritu

2080 3015 2282 3082 amata,
2337 3016 2747 3073 inarticulatam
2803 3017 3074 3089 (infantis)
3138 3019 3561 3090 gratulationem
3599 3032 3657 3076 et

2079 3111 2380 3180 gratiarum
2445 3111 2720 3167 actionem
2769 3112 3059 3168 articulata
3106 3127 3240 3167 voce
3290 3113 3653 3185 deprompsit.

2080 3210 2136 3255 et
2171 3200 2337 3256 fictus
2388 3200 2473 3255 sui
2519 3200 2778 3256 affectum
2829 3202 3015 3256 sonitu
3058 3203 3210 3257 vocis
3262 3203 3654 3259 manifestavit.

2080 3292 2301 3363 Repleta
2326 3303 2400 3346 est
2427 3294 2590 3359 enim,
2619 3294 2801 3364 inquit
2823 3292 2890 3356 ",
2916 3294 3118 3365 Spiritu
3136 3304 3320 3349 sancto
3346 3295 3657 3362 Elisabeth;

2082 3393 2133 3438 et
2170 3386 2487 3439 exclamavit
2537 3401 2659 3439 uoce
2707 3402 2927 3456 magna,
2991 3394 3040 3441 et
3078 3387 3255 3442 dixit:
3292 3385 3574 3445 Benedicta
3599 3399 3657 3445 tu

2082 3477 2224 3530 inter
2261 3461 2527 3540 mulieres,
2560 3486 2609 3531 et
2649 3474 2948 3533 benedictus
2974 3479 3175 3549 fructus
3210 3483 3405 3536 ventris
3449 3483 3545 3537 tui.
3585 3482 3660 3538 Et

2085 3566 2228 3620 unde
2252 3567 2346 3620 hoc
2368 3567 2527 3632 mihi,
2567 3578 2626 3622 ut
2650 3570 2825 3623 veniat
2859 3571 3033 3625 Mater
3054 3568 3270 3626 Domini
3302 3573 3404 3627 mei
3430 3574 3499 3628 ad
3527 3591 3607 3629 me
3633 3574 3660 3630 7

2084 3660 2199 3733 Ego
2235 3659 2407 3725 enim,
2451 3660 2548 3725 ait,
2585 3660 2904 3730 huiusmodi
2959 3671 3010 3717 te
3049 3662 3389 3733 suscipiendi
3445 3665 3657 3723 honore

2085 3749 2246 3820 plane
2286 3763 2410 3804 sum
2460 3748 2723 3821 indigna;
2771 3765 2923 3820 spem
2974 3765 3194 3806 omnem
3244 3768 3333 3809 res
3381 3757 3652 3815 excedit:

2089 3842 2281 3912 regina
2307 3841 2374 3896 ad
2402 3857 2618 3898 servam
2650 3842 2893 3907 domina,
2934 3842 3003 3898 ad
3036 3845 3291 3899 ancillam
3317 3848 3468 3901 venit
3493 3864 3508 3914 ;
3536 3864 3659 3918 ηοω

2086 3931 2294 3986 honore
2328 3930 2579 4002 quolibet
2603 3931 2807 3987 celsior
2841 3931 3072 3996 exstitit,
3104 3947 3323 3997 eorum,
3362 3934 3459 4002 qui
3507 3935 3660 4006 abje-

2086 4024 2296 4080 ctiores
2327 4033 2458 4079 sunt
2493 4023 2639 4078 inter
2662 4024 2935 4086 homines.
2958 4024 3326 4080 ministerium
3356 4025 3657 4097 impendit;

2086 4131 2209 4186 quae
2247 4116 2570 4186 angelorum
2618 4114 2882 4170 satellitio
2925 4111 3255 4181 honoratur,
3285 4116 3353 4172 ad
3387 4115 3658 4174 famulan-

2088 4205 2224 4259 tium
2256 4203 2632 4259 conditionem
2656 4217 2716 4257 se
2747 4202 3029 4269 demittit;
3060 4218 3183 4273 quae
3204 4220 3388 4260 rerum
3410 4207 3656 4262 omnium

2088 4293 2382 4349 Dominum
2416 4291 2473 4347 in
2506 4307 2565 4347 se
2603 4290 2875 4357 continet,
2905 4291 2973 4346 ad
3003 4294 3395 4362 pauperculum
3417 4294 3664 4351 diverso-

414 4387 723 4457 παράδοξτν
756 4387 887 4458 περὶ
920 4387 982 4441 σέ
1030 4387 1132 4458 τὴν
1185 4388 1281 4441 τοῦ
1321 4387 1531 4459 Κυρίου
1568 4390 1781 4459 μητέρα
1811 4404 1985 4442 κατα-

2092 4388 2236 4442 rium
2286 4400 2346 4441 se
2393 4383 2625 4455 recepit.
2672 4383 2885 4439 Novum
2936 4400 3066 4439 vero
3112 4399 3177 4441 ac
3226 4386 3423 4442 mirum
3468 4387 3537 4442 de
3582 4397 3658 4450 te.

417 4476 542 4530 νοῶ.
586 4476 710 4540 Πῶς
746 4479 779 4547 ἡ
829 4481 888 4531 ἐν
929 4476 1155 4542 ἀσύλοις
1183 4478 1281 4548 τῆς
1320 4478 1555 4549 ἡσυχίας
1597 4478 1848 4548 ταμείοις
1878 4480 1987 4532 ἐνι-

412 4566 681 4638 τρυμὲνη,
717 4567 818 4641 τὴν
848 4568 1109 4639 τοιαύτην
1135 4569 1445 4638 ὁδοιπορίαν
1486 4570 1743 4637 ἐστείλως
1788 4568 1986 4641 Ἡκα-

417 4659 596 4726 θάπερ
632 4663 879 4731 νυμφικῇ
916 4660 1171 4727 παστάδι,
1214 4662 1336 4724 ταῖς
1368 4660 1479 4714 τῶν
1520 4660 1732 4731 ἀρετῶν
1766 4660 1988 4732 περιϐο-

417 4749 541 4812 λαῖς
569 4750 992 4821 ἐνδιαιτωμένη,
1036 4752 1071 4821 ἡ
1115 4751 1284 4823 μόνην
1333 4752 1433 4821 τὴν
1467 4751 1646 4805 αὐτῶν
1694 4749 1987 4803 διανύουσα

416 4840 624 4910 τρίϐον,
656 4842 690 4911 ἡ
733 4841 867 4913 μηδέ
910 4844 1022 4906 τοῖς
1059 4843 1337 4911 γειτνιῶσι
1380 4841 1806 4912 παραϐάλλουσα
1848 4857 1988 4909 γνω-

424 4933 626 5003 ρίμοις,
659 4934 777 4996 πῶς
804 4935 862 4985 ἐν
885 4935 996 4998 τοῖς
1035 4933 1286 4988 πλεῖστον
1320 4934 1666 5006 διεστηκόσιν
1702 4933 1995 5004 ἐπεφοίτη-

423 5039 519 5085 σ>ς
550 5025 717 5093 ἡμίνς

496 5198 668 5251 Τοῦτο
697 5200 807 5272 γάρ
836 5200 901 5270 δὴ
938 5202 1142 5271 μᾶλλον
1172 5202 1271 5273 τὴν
1314 5202 1594 5257 Ἐλισάύετ
1625 5206 1988 5277 κατέπληττε,

422 5290 485 5343 τὸ
511 5291 614 5357 τῆς
644 5294 990 5362 μακροτέρας
1030 5295 1339 5365 ὁδοιπορίας
1386 5297 1531 5365 φημὶ
1577 5296 1801 5369 Omina"
1834 5301 1927 5353 καὶ
1956 5302 1987 5369 ἠ

492 5414 540 5444 ³⁸
575 5412 707 5465 Luc.
741 5428 778 5474 ι,
836 5411 1030 5467 ιιοιε.

500 5524 609 5593 (ε8ι
649 5524 749 5577 llic
787 5539 1007 5592 quoque
1054 5530 1343 5576 contextus
1373 5522 1707 5594 nullatenus
1754 5525 1983 5594 patitur,

427 5605 483 5649 ut
513 5591 633 5648 eam
676 5591 1107 5657 deformitatem,
1161 5608 1324 5661 quam
1370 5591 1531 5660 Virgo
1581 5591 1986 5662 tegithirgiui

428 5666 530 5735 ipsi
574 5666 758 5719 inesse
805 5663 1075 5731 quispiam
1110 5670 1266 5732 putet
1298 5679 1312 5714 :
1353 5676 1473 5728 qua:
1506 5677 1668 5727 porro
1701 5664 1772 5717 ibi
1808 5666 1990 5719 defor—

710 5762 982 5824 Ρλτιιοι.
1016 5763 1124 5822 C—n.
1159 5759 1460 5821 CXXVII.

2092 4478 2313 4535 Domini
2364 4477 2535 4531 Matre
2592 4474 2907 4531 considero.
2957 4475 3245 4542 Quomodo
3292 4486 3386 4543 tu,
3431 4493 3553 4547 quae
3605 4479 3663 4533 in

2094 4568 2266 4624 sacris
2301 4567 2409 4623 illis
2441 4565 2644 4623 silentii
2678 4556 3059 4635 penetralibus
3092 4565 3380 4621 considere
3425 4580 3661 4621 consue-

2094 4660 2312 4723 scebas.
2348 4657 2623 4731 ejusmodi
2651 4666 2703 4713 te
2752 4657 2934 4713 itineri
2970 4657 3333 4713 commisisti?
3376 4656 3662 4723 Quomodo

2094 4768 2219 4824 quae
2277 4754 2333 4807 in
2387 4753 2656 4807 virtutum
2708 4760 2927 4805 tuarum
2992 4750 3319 4814 recessibus,
3378 4749 3547 4804 veluti
3608 4750 3663 4805 in

2095 4842 2329 4914 nuptiali
2389 4842 2651 4907 thalamo,
2709 4856 2889 4896 moras
2939 4855 3102 4911 agere
3155 4850 3312 4904 tuas,
3380 4840 3662 4909 solamque

2092 4936 2290 4991 harum
2337 4935 2589 4991 semitam
2638 4933 2993 4989 deambulare
3040 4932 3276 4994 solebas,
3323 4947 3446 5001 qua:
3497 4947 3564 4987 ne
3594 4933 3658 4986 al

2093 5027 2307 5082 vicinos
2336 5026 2559 5096 quidem
2592 5026 2890 5080 familiares
2916 5023 3112 5093 pedem
3148 5024 3502 5084 admovebas.
3528 5040 3663 5093 quo-

2097 5119 2279 5183 modo,
2302 5122 2550 5189 inquam.
2570 5117 2637 5172 ad
2656 5131 2757 5171 nos
2771 5125 2881 5170 tam
2899 5115 3090 5185 procul
3107 5114 3333 5170 dissitos
3349 5115 3617 5172 advenisti
3642 5117 3665 5169 ?

2169 5210 2238 5264 Et
2264 5225 2393 5264 sane
2426 5209 2480 5263 id
2518 5209 2778 5278 majorem
2813 5210 2869 5260 in
2919 5206 3142 5260 modum
3191 5206 3560 5263 Elisabctliam
3605 5208 3657 5262 iu
3715 5253 3725 5267 .

2098 5303 2522 5357 admirationem
2556 5299 2825 5371 rapiebat,
2877 5299 3146 5370 longioris
3190 5300 3399 5355 scilicet
3446 5302 3667 5357 itineris

2095 5528 2258 5601 mitas
2302 5528 2654 5597 intelligenda
2686 5528 2787 5601 sit,
2845 5543 2965 5597 quis
3014 5543 3140 5601 mox
3180 5539 3489 5597 sequuntur
3533 5547 3667 5601 ape—-

2102 5600 2271 5666 riunt,
2300 5601 2587 5668 ignominia
2621 5600 2831 5655 scilicet
2864 5600 3046 5653 veteris
3076 5601 3549 5670 pra‘uuricalionis.

3279 5756 3357 5815 22
