4130 6202
457 341 560 408 63]

1750 334 1783 393 J
1793 332 2014 393 ACOBI
2051 332 2397 395 MONACHI

3616 329 3720 395 63!.

463 459 628 528 hujus
662 460 1002 526 portentum,
1046 447 1321 518 simulque
1360 446 1608 501 absentia
1652 447 1901 517 cujusvis
1932 447 2030 501 ὶιιι⁴

2145 446 2255 499 τῶν
2295 444 2568 518 αἰσθητῶς
2613 444 2995 516 συνεπομένων
3038 445 3113 517 μὴ
3161 446 3440 517 προσοῦσα
3492 447 3721 519 δορυφο·

465 550 610 604 mani
660 547 972 606 comitatus,
1020 540 1115 611 qui
1147 554 1266 595 eam
1305 538 1597 595 ministerii
1623 553 1756 610 ergo
1777 553 2040 608 sequere-

460 652 568 697 tur.
619 641 687 694 Et
732 637 929 693 exinde
977 636 1129 690 velut
1164 633 1399 691 attonita
1428 631 1700 703 stupenda
1751 633 1870 689 haec
1899 649 2031 704 pro-

457 739 601 789 lert:

530 825 671 879 XXI.
706 823 1026 886 Ecce‘euim,
1060 822 1241 891 inquit
1274 820 1339 886 “,
1377 828 1434 874 ut
1466 820 1609 889 facta
1639 831 1713 876 est
1750 836 1849 875 vox
1884 818 2036 876 salu-

458 919 673 974 tationis
714 927 818 972 tua:
854 918 909 971 in
952 914 1169 970 auribus
1218 914 1369 979 meis,
1417 912 1699 968 exsultavit
1741 916 1793 968 in
1846 913 2037 984 gaudio

2146 536 2255 606 ρία.
2295 537 2460 590 Ὅθεν
2490 538 2823 609 ἐξισταμένη
2847 538 2966 591 τότε
3000 540 3303 608 παράδοξον
3337 540 3718 610 καταγγέλλει.

2212 826 2345 879 KA'.
2407 823 2561 878 Ἰδοὺ
2598 823 2731 893 γὰρ,
2756 823 2944 893 φησὶν,
2986 822 3066 888 ὡς
3094 822 3331 892 ἐγένετο
3361 825 3399 892 ἡ
3421 822 3590 892 φωνὴ
3617 824 3721 879 τοῦ

2141 915 2473 985 ἀσπασμοῦ
2522 932 2640 969 σου
2692 917 2780 980 εἰς
2844 915 2917 969 τὰ
2949 909 3070 968 ὦτά
3111 931 3252 983 μου,
3296 915 3624 982 ἐσκίρτησε
3657 914 3721 967 τό

460 1012 641 1082 infans
672 1012 722 1064 in
750 1018 897 1064 utero
928 1024 1062 1062 meo.
1094 1006 1233 1073 Quid
1267 1006 1427 1070 dicis,
1463 1020 1498 1059 0
1525 1004 1806 1060 Elisabeth
1831 1005 1854 1058 ?
1883 1005 2030 1060 Unde

2136 1007 2366 1076 βρέφος
2413 1006 2484 1060 ἐν
2517 1005 2877 1076 ἀγαλλιάσει
2923 1006 2992 1058 ἐν
3027 1002 3100 1073 τῇ
3130 1005 3329 1071 κοιλίᾳ
3363 1022 3503 1076 μου.
3542 1004 3607 1058 Τί
3639 1007 3721 1058 λέ-

457 1103 624 1166 nosti,
659 1102 834 1156 saltus
870 1100 995 1154 illos
1033 1114 1061 1152 a
1095 1097 1298 1169 gaudio
1338 1096 1619 1168 profectos
1653 1097 1822 1153 esse?
1873 1095 2034 1163 Quae-

455 1210 582 1248 nam
630 1193 815 1264 gaudii
862 1190 1065 1247 indicia
1116 1191 1171 1244 in
1231 1190 1340 1247 illis
1396 1190 1642 1246 motibus
1701 1191 2040 1249 advertisti?

454 1288 587 1357 Quae
612 1285 827 1357 loquela
850 1284 998 1339 hunc
1020 1283 1186 1339 fmtus
1211 1281 1459 1338 nondum
1481 1283 1761 1353 loquentis
1777 1284 2036 1341 allectum

453 1380 622 1433 animi
654 1375 945 1448 prodidit?
978 1374 1213 1442 Quinam
1243 1383 1456 1444 gestus,
1506 1374 1695 1430 cordis
1720 1382 1905 1431 motus
1935 1375 2036 1430 de-

453 1469 755 1538 signantcs,
813 1466 1126 1537 hujusmodi
1186 1465 1432 1520 laititiam
1498 1464 2037 1522 manilestaverunt?

452 1560 612 1625 Nam,
668 1568 812 1619 esto,
863 1556 1174 1612 saltationis
1220 1571 1417 1611 sensus
1452 1556 1620 1610 etiam
1659 1557 1867 1611 nolenti
1912 1573 2035 1612 cer-

457 1661 543 1705 tus
570 1648 668 1703 tibi
700 1646 909 1714 fuerit;
946 1657 999 1702 at
1046 1647 1194 1717 quod
1234 1646 1454 1702 saltatio
1492 1646 1595 1701 ista
1647 1662 1807 1701 suum
1843 1648 1914 1702 ab
1935 1663 2033 1703 ex-

452 1739 753 1794 sultatione
803 1745 984 1792 ortum
1047 1738 1233 1801 duc-at,
1297 1737 1634 1807 quibusnam
1697 1739 2037 1810 coniecturis

452 1830 760 1901 cognovisti
785 1830 811 1883 ἲ

523 1922 664 1990 Quid
703 1922 887 1993 itaque
910 1936 1031 1985 nos,
1087 1918 1181 1991 qui
1223 1918 1290 1975 de
1328 1920 1443 1990 ipsa
1501 1919 1828 1992 (Elisabeth)
1872 1922 2036 1978 verba

450 2014 705 2077 facimus,
750 2011 931 2083 quoad
996 2012 1112 2066 lucc
1157 2009 1439 2066 dicimus?
1491 2010 1765 2065 Nimirum
1814 2011 2035 2067 interim

451 2107 583 2159 dum
612 2105 834 2160 saltatio
867 2112 1255 2175 perageretur,
1279 2111 1510 2157 matrem
1544 2103 1809 2173 repletam
1836 2104 2037 2175 gaudio

450 2198 639 2259 tuisse,
666 2203 721 2249 et
741 2199 1112 2249 cousentanee
1133 2208 1231 2261 per
1259 2191 1313 2245 id
1346 2191 1619 2247 motiones
1647 2192 1844 2249 anima:
1866 2192 2035 2251 fuisse

453 2289 734 2352 detectas;
770 2302 838 2341 ex
887 2285 974 2340 his
1010 2286 1175 2354 igitur
1222 2285 1388 2339 etiam
1446 2284 1503 2337 in
1552 2282 1686 2339 fmtu
1740 2287 2035 2343 excitatam

451 2379 699 2434 la'titiam
736 2376 1102 2447 intelligebat.
1138 2373 1308 2445 Magis
1336 2389 1469 2429 vero
1500 2383 1557 2429 et
1582 2390 1650 2429 ex
1686 2376 1797 2431 alio
1826 2377 2032 2433 indicio

452 2470 698 2524 laetitiam
730 2469 878 2523 illaut
911 2467 1082 2537 probe
1132 2464 1628 2519 animadvertebat.
1675 2464 1752 2520 Ex
1793 2483 2034 2537 quonam

454 2562 651 2632 signo?
687 2562 763 2615 Ex
796 2577 863 2617 eo
895 2575 1115 2630 nempe,
1145 2556 1290 2628 quod
1321 2557 1373 2610 hi
1405 2556 1578 2612 saltus
1603 2556 1722 2612 sine
1749 2559 1862 2614 ullo
1888 2560 2036 2631 ejus-

453 2657 577 2710 dem
623 2655 815 2709 dolore
861 2651 1189 2707 acciderint.
1241 2648 1360 2704 Non
1407 2650 1555 2702 enim
1600 2650 2030 2707 existimandum

450 2758 557 2814 est,
593 2747 746 2802 nullo
805 2743 991 2800 vexari
1040 2743 1231 2799 dolore
1284 2751 1508 2805 matres,
1554 2757 1679 2797 cum
1725 2742 1891 2799 foetus
1926 2743 2033 2800 hoc

451 2840 616 2896 modo
650 2839 780 2893 hinc
820 2836 947 2890 inde
975 2835 1253 2904 agitatur;
1294 2848 1418 2886 nam
1450 2833 1805 2890 vehementes
1833 2836 2027 2905 utique

449 2947 709 2988 :crunnne
741 2929 861 2983 illas
900 2926 1231 2996 corripiunt,
1261 2934 1314 2979 et
1346 2924 1564 2994 sagittis
1594 2925 1728 2994 ipsis
1750 2927 2030 2983 acutiores

456 3023 708 3079 sauciant
735 3019 956 3076 easdem
986 3018 1247 3081 dolores;
1292 3028 1346 3072 et
1380 3016 1577 3071 horum
1630 3034 1762 3073 sane
1819 3029 2034 3074 certum

2138 1117 2280 1169 γεις,
2313 1095 2357 1152 ὦ
2380 1097 2713 1163 ”Ελισά6ετ;
2752 1097 2926 1150 Πόθεν
2956 1098 3199 1166 συνῆκας
3229 1096 3289 1149 τὸ
3316 1098 3375 1147 ἐν
3400 1096 3722 1165 ἀγαλλιάσει

2141 1194 2457 1263 σκίρτημα;
2488 1190 2623 1243 Τίνα
2653 1190 2826 1259 χαρᾶς
2846 1189 3127 1258 τεκμήρια
3149 1190 3262 1251 τοῖς
3287 1188 3557 1259 κινήμασι
3586 1205 3720 1239 κατ-

2138 1284 2407 1354 ενόησας;
2453 1283 2539 1345 τίς
2588 1281 2750 1334 λαλιὰ
2782 1279 2874 1334 τοῦ
2928 1284 3098 1350 μήπω
3132 1280 3438 1350 φωνοῦντος
3478 1278 3720 1350 ἐμϐρύου

2136 1375 2237 1447 τὴν
2283 1375 2542 1445 τοιαύτην
2598 1373 2877 1446 ὲτράνωσε
2922 1372 3202 1438 διάθεσινς
3269 1375 3401 1424 ποῖα
3464 1374 3721 1442 σχήματα

2136 1470 2251 1533 τοῖς
2278 1467 2434 1539 ήθεσι
2480 1465 2801 1536 τυπούμενα
2827 1465 3036 1534 ταύτην
3080 1463 3180 1537 τὴν
3224 1465 3570 1535 εὐφροσύνην
3604 1465 3721 1533 ἐδή-

2137 1560 2356 1624 λωσαν;
2402 1559 2465 1612 Ἦ
2499 1559 2599 1628 μὲν
2629 1553 2724 1610 οὖν
2761 1556 2856 1611 τοῦ
2903 1557 3278 1633 σκιρτήματος
3325 1557 3575 1627 αἴσθησις
3615 1574 3721 1625 φα·-

2136 1654 2270 1723 νερὰ
2323 1669 2405 1705 σοι
2462 1650 2763 1705 καθίστατο
2804 1650 2902 1703 καὶ
2960 1650 3036 1719 μὴ
3097 1648 3433 1720 βουλομένῃ·
3477 1648 3536 1701 τὺ
3566 1649 3623 1701 δὲ
3660 1652 3720 1699 ἐν

2137 1740 2460 1809 ἀγαλλιάσει
2490 1738 2695 1809 ταύτην
2740 1736 3098 1807 γεγενῆσθαι,
3146 1737 3310 1791 πόθεν
3343 1737 3717 1808 στοχαζομένη

2069 1813 2110 1869 Β
2139 1833 2369 1899 διέγνως
2394 1849 2408 1897 ;

2209 1925 2275 1977 Τί
2308 1923 2402 1979 οὖν
2430 1926 2611 1994 ἡμεῖς,
2643 1923 2734 1976 τὸν
2766 1923 2971 1992 ταύτης
3000 1920 3314 1990 ποιούμενοι
3352 1919 3530 1988 λόγον,
3561 1922 3720 1990 ἐροῦ-

2142 2035 2242 2087 μεν
2268 2017 2404 2088 πρὸς
2429 2016 2589 2070 τοῦτο
2613 2033 2627 2081 ;
2656 2016 2779 2070 Ὅτι
2820 2016 2917 2070 σὺν
2960 2014 3039 2086 τῷ
3066 2014 3315 2082 γεγονότι
3357 2020 3719 2085 σκιρτήματι,

2138 2110 2315 2181 χαρᾶς
2345 2111 2378 2180 η
2420 2109 2608 2179 μήτηρ
2635 2106 2968 2179 ἐνεφορήθη,
3007 2107 3101 2160 καὶ
3135 2106 3421 2173 ἀναλόγως
3454 2105 3628 2176 τούτῳ
3652 2107 3720 2159 τὰ

2136 2201 2236 2270 τῆς
2259 2198 2442 2269 ψυχῆς
2469 2197 2819 2252 ἐπεδείκνυτο
2846 2199 3125 2268 κινήματα
3150 2212 3164 2227 '
3202 2195 3284 2250 διὸ
3311 2197 3374 2250 ὲκ
3398 2195 3604 2251 τούτων
3626 2197 3721 2253 καὶ

2139 2292 2237 2364 τὴν
2260 2290 2355 2345 τοῦ
2383 2291 2624 2362 ὲμϐρύου
2652 2289 2901 2345 κατενόει
2929 2288 3341 2361 ἐνεργουμένην
3373 2288 3717 2356 ἁγαλλίασιν.

2137 2385 2358 2440 Μᾶλλον
2378 2385 2435 2438 δὲ
2466 2383 2563 2438 xui.
2591 2385 2649 2451 ἐξ
2694 2384 2884 2455 ἑτέρου
2912 2383 3118 2454 ταύτην
3156 2382 3303 2444 εἰκὸς
3356 2382 3719 2437 διεσκοπείτο.

2137 2480 2297 2543 Τίνος
2336 2478 2530 2532 τούτου
2558 2496 2572 2541 ;
2606 2474 2714 2530 Τοῦ
2739 2475 3026 2539 ἀνωδύνως
3057 2474 3157 2545 τὴν
3187 2472 3447 2537 τοιαύτην
3477 2474 3717 2544 ὑποστῆ-

2138 2586 2226 2624 ναι
2251 2569 2488 2638 κίνησιν.
2532 2568 2659 2622 Ἐπὶ
2692 2567 2793 2638 μὲν
2810 2567 2920 2636 γὰρ
2959 2566 3067 2622 τῶν
3094 2565 3269 2628 οὕτως
3300 2563 3717 2635 συμϐαινουσῶν

2139 2660 2559 2730 περιδινήσεων,
2592 2662 2691 2714 οὐκ
2725 2659 2873 2713 ἔστιν
2898 2660 3147 2711 ὑπονοεῖν
3180 2656 3501 2725 ἀναλγήτως
3522 2654 3717 2725 διαμέ-

2139 2768 2251 2803 νειν
2283 2753 2381 2814 τὰς
2417 2752 2689 2823 μητέρας·
2716 2751 2959 2820 δριμεῖαι
2985 2751 3094 2819 γὰρ
3134 2749 3324 2811 ὠδῖνες
3353 2745 3558 2809 ταῦτας
3587 2763 3716 2798 συνο

2141 2843 2347 2914 έχουσι,
2377 2845 2471 2897 καὶ
2497 2845 2744 2913 ὀξύτεροι
2777 2842 2948 2913 βελῶν
2977 2839 3487 2910 κατατιτρώσκουσι
3536 2836 3717 2890 πόνοι·

2139 2935 2236 2988 καὶ
2282 2934 2489 2987 τούτων
2535 2934 2767 3004 ἀψευδὲς
2813 2935 3141 3003 τεκμήριον,
3187 2932 3245 2984 αῖ
3301 2932 3359 2982 ἐν
3404 2930 3482 2999 τῷ
3513 2930 3723 2982 τέκτειν

2141 3026 2521 3097 καθεστήκασι
2572 3027 2952 3096 περιστάσεις,
2999 3023 3201 3086 παντὸς
3250 3020 3506 3090 ἀλγεινοῦ
3557 3020 3717 3073 πόνον

455 3121 840 3186 argumentum
878 3117 1007 3165 sunt
1040 3107 1333 3175 molestiae,
1364 3122 1487 3178 qua:
1516 3108 1638 3162 illas
1666 3108 1718 3162 in
1759 3120 1918 3179 partu
1948 3113 2030 3165 in-

2142 3118 2607 3189 ὺπερδάλλουσαι.
2645 3119 2799 3171 Ἐπεὶ
2827 3114 2923 3170 οὖν
2957 3117 2992 3187 ἠ
3035 3115 3319 3168 Ἐλισαϐετ
3354 3112 3586 3183 σφοδρὸν
3617 3113 3717 3181 μὲν

451 3206 683 3273 vadunt,
717 3219 839 3275 qua:
868 3201 1067 3273 quovis
1099 3199 1208 3255 alio
1247 3200 1437 3255 dolore
1470 3215 1533 3255 ac
1562 3200 1809 3256 molestia
1838 3202 2028 3273 utique

450 3300 735 3371 graviores
810 3305 959 3351 sunt.
1042 3290 1498 3362 Quandoquidem
1554 3307 1685 3362 ergo
1743 3293 2027 3350 Elisabeth

449 3395 726 3465 ingentem
780 3389 928 3445 illam
962 3385 1311 3442 saltationem
1355 3394 1725 3453 persenserat,
1775 3399 1896 3438 eam
1949 3396 2027 3438 ta-

450 3500 574 3539 men
609 3484 729 3538 sine
762 3481 872 3536 ulla
901 3481 986 3536 sui
1016 3476 1266 3533 molestia
1300 3476 1551 3530 evenisse
1594 3476 2023 3543 considerabat;

2139 3213 2201 3263 τὸ
2232 3210 2515 3285 σκίρτημα
2557 3210 2988 3281 συναισθομένη,
3029 3208 3245 3269 ἀπόνως
3270 3206 3327 3258 δὲ
3368 3203 3529 3258 τοῦτο
3562 3219 3721 3272 γεγε-

2139 3301 2372 3371 νημένον
2419 3303 2780 3370 κατενόησεν,
2832 3301 2973 3370 ἔγνω
3028 3299 3117 3352 διὰ
3166 3297 3261 3352 τοῦ
3319 3298 3716 3370 ὲνεργήσαντος

2140 3392 2459 3465 ΙΙνεύματος
2501 3395 2557 3448 ὲν
2593 3392 2918 3463 ἀγαλλιάσει
2971 3391 3254 3459 γεγονέναι
3292 3390 3392 3464 τὴν
3423 3394 3478 3444 ὲν
3519 3389 3599 3460 τῷ
3629 3404 3719 3455 ιγ-

2145 3487 2392 3557 γαστρίῳ
2421 3484 2907 3558 καινοτομηθεῖσαν
2934 3485 3168 3555 κίνησιν.

451 3582 611 3637 facile
645 3576 947 3649 perapexit,
979 3590 1175 3629 novam
1201 3567 1365 3627 illam
1398 3573 1825 3629 commotionem
1853 3575 2042 3645 l'mtus,
2083 3593 2249 3648 quem
2319 3592 2478 3639 utero
2541 3582 2809 3653 gestabat,
2847 3580 2901 3637 in
2931 3579 3132 3650 gaudio
3157 3594 3225 3636 ex
3251 3576 3426 3633 sancti
3475 3575 3719 3646 Spiritus

450 3674 773 3746 operatione
810 3670 1007 3722 factam
1037 3668 1229 3722 fuisse.

525 3761 688 3819 XXII.
724 3757 995 3827 Quocirca
1050 3771 1177 3811 cum
1207 3753 1344 3808 illud
1386 3754 1674 3818 edixisset,
1735 3756 1790 3811 in
1835 3757 2028 3814 laudes

449 3856 576 3911 dein
618 3848 865 3922 Virginis
895 3848 1055 3919 plane
1091 3844 1398 3917 singulares
1431 3846 1693 3914 erumpit,
1722 3859 1801 3913 et,
1830 3847 2021 3917 Beata,

448 3946 628 4023 inquit
666 3945 733 4010 ⁸⁷,
757 3958 875 4014 qua:
899 3938 1206 4003 credidisti;
1249 3938 1498 4007 quoniam
1564 3937 1905 4006 perﬁciantur
1952 3957 2014 3996 ea

450 4056 569 4112 qua:
591 4039 733 4093 dicta
773 4043 895 4090 sunt
944 4032 1031 4086 tibi
1063 4050 1095 4086 a
1135 4031 1378 4084 L‘omino.
1427 4026 1472 4084 Ο
1508 4028 1669 4085 ﬁdem
1717 4032 1867 4086 nulla
1901 4048 2029 4088 ora-

458 4134 609 4188 tione
643 4126 1059 4186 enarrabilem!
1097 4121 1140 4178 Ο
1177 4123 1394 4178 beatam
1429 4136 1493 4177 ac
1526 4137 1655 4178 vere
1701 4133 1783 4180 ter
1816 4122 2030 4181 beatam

449 4226 597 4282 illam
629 4231 893 4280 mentem,
938 4233 1059 4288 quae
1102 4216 1171 4271 ad
1212 4222 1418 4271 tantum
1463 4213 1590 4270 ﬁdei
1638 4216 2027 4273 celsitudinem

2204 3764 2333 3818 KB’.
2366 3764 2458 3817 Διο
2497 3761 2704 3834 ταύτην
2743 3763 3059 3828 ἐξειποῦσα,
3088 3762 3153 3814 τὰ
3192 3760 3332 3832 ὑπὲρ
3358 3759 3517 3826 λόγον
3542 3757 3719 3826 ὲγκώ·

2135 3874 2234 3928 μια
2262 3856 2360 3927 τῆς
2392 3855 2671 3927 Παρθένου
2703 3856 3093 3924 καταγγέλλει,
3132 3855 3252 3920 καὶ,
3289 3854 3579 3922 Μακαρία,
3615 3869 3719 3922 φη-

2134 3966 2240 4012 σ.ν,
2295 3949 2333 4015 ἢ
2393 3950 2812 4003 πιστεύσασα·
2857 3951 2941 4001 ὅτι
2981 3948 3155 4002 ἔσται
3225 3947 3533 4010 τελείωσις
3584 3943 3714 4010 τοῖς

2131 4040 2579 4110 λελαλημένοις
2632 4039 2788 4107 αὐτῇ
2840 4038 3000 4108 παρὰ
3040 4039 3285 4107 Κυρίου.
3343 4037 3409 4090 Ὢ
3465 4038 3709 4106 ἁνερμη·

2137 4134 2330 4186 νεύτου
2362 4131 2636 4196 πίστεωςι
2669 4131 2715 4185 ὣ
2761 4133 3041 4204 μακαρίας
3072 4133 3164 4184 καὶ
3198 4128 3604 4201 τρισμακαρίας
3639 4127 3719 4191 ὡς

2137 4224 2357 4295 ἀληθῶς
2393 4224 2492 4293 τῆς
2540 4224 2781 4289 διανοίας
2834 4225 3073 4296 ἐκείνης,
3109 4224 3228 4295 ἥτις
3283 4222 3418 4293 πρὸς
3458 4218 3713 4274 τοσοῦτον

447 4324 639 4372 evecta
693 4313 815 4369 est!
861 4310 976 4365 Hoc
1045 4323 1245 4380 nempe
1292 4307 1672 4363 testimonium
1719 4316 1826 4374 est,
1878 4309 2027 4380 quod

2139 4319 2283 4391 fiqu
2329 4319 2426 4388 τῆς
2464 4318 2703 4381 πίστεως
2740 4317 2910 4389 Nec!
2954 4318 3131 4371 Τοῦτο
3173 4316 3313 4385 αὐτῇ
3344 4316 3378 4384 ἡ
3429 4312 3717 4367 Ἐλισάϐετ

449 4408 665 4479 Virgini
710 4403 995 4477 perhibuit
1042 4400 1323 4457 Elisabeth
1369 4415 1383 4452 :
1442 4399 1753 4469 ejusmodi,
1808 4401 2027 4470 inquit,

450 4508 606 4565 sunt,
661 4513 781 4569 quae
828 4498 883 4552 in
936 4505 987 4551 te
1038 4493 1419 4564 perﬁciuntur,
1481 4501 1647 4562 atque
1691 4492 1830 4547 adeo
1873 4493 2033 4563 longe

449 4603 582 4648 sunt
614 4606 780 4662 supra
817 4587 1007 4651 ﬁdem,
1043 4594 1103 4640 ut
1135 4601 1323 4650 neruo,
1356 4595 1557 4657 praeter
1592 4594 1667 4651 te,
1702 4601 1824 4655 quae
1854 4586 2034 4656 puris-

452 4686 591 4740 sima
621 4693 786 4755 atque
815 4696 1037 4736 onmem
1075 4688 1287 4735 naturas
1322 4679 1577 4735 ordinem
1606 4677 2033 4734 transcendente

451 4781 558 4835 lldc
583 4779 828 4842 excellis,
884 4776 955 4832 iis
1006 4775 1114 4831 sibi
1167 4774 1509 4830 denuntiatis
1551 4774 1760 4844 absque
1813 4774 2031 4835 hesita-

452 4874 602 4930 tione
627 4871 945 4926 crediturus
974 4869 1162 4924 fuerit.
1207 4869 1397 4940 Neque
1425 4870 1572 4922 enim
1607 4876 1702 4922 aut
1732 4867 2027 4934 Abraham,

452 4972 553 5021 aut.
586 4966 759 5030 Isaac,
792 4971 887 5017 aut
930 4961 1123 5026 Jaeob,
1182 4970 1280 5025 aut
1323 4960 1535 5032 Moyses
1585 4959 1848 5014 inusitato
1902 4959 2031 5013 huic

452 5068 674 5127 tamque
706 5070 850 5112 novo
876 5054 1186 5110 ministerio
1221 5052 1382 5108 facile
1417 5069 1482 5108 ac
1525 5051 1692 5107 nullis
1720 5051 1827 5107 sibi
1855 5051 2030 5121 signis

451 5148 693 5205 ostensis
718 5163 838 5203 sese
871 5156 1157 5218 promptos
1188 5145 1597 5201 exbibuissent.
1649 5144 1715 5198 Et
1737 5158 1870 5198 sane
1893 5158 2033 5212 quo-

453 5239 617 5293 modo
643 5238 751 5303 illi,
774 5238 868 5306 qui
899 5235 1216 5292 testimonia
1241 5236 1372 5291 olim
1404 5251 1434 5290 a
1467 5235 1577 5290 Deo
1609 5234 2029 5304 exquisiverunt

454 5330 510 5383 in
539 5330 704 5383 rebus
734 5328 871 5393 levis
899 5330 1184 5392 momenti,
1223 5343 1370 5382 nunc
1397 5328 1503 5393 rei,
1533 5343 1656 5397 qum
1682 5341 1901 5380 omnem
1930 5340 2026 5379 su-

454 5430 609 5490 perat
667 5420 991 5489 cogitatum,
1052 5418 1193 5472 nihil
1235 5418 1554 5474 haesitantes
1617 5415 2027 5474 credidissent?

449 5509 552 5574 Qui
586 5510 734 5563 enim
767 5522 861 5564 aut
891 5518 1050 5564 terra:
1075 5510 1374 5579 possessio,
1402 5520 1497 5564 aut
1552 5509 1783 5564 seminis
1833 5508 2023 5563 multi-

452 5601 694 5673 plicatio,
729 5613 824 5657 aut
858 5605 1183 5679 axservitute
1212 5603 1485 5672 liberatio,
1514 5603 1580 5659 de
1609 5604 1812 5675 quibus
1844 5601 1923 5656 illi
1953 5601 2020 5656 ad

518 5779 564 5811 ⁸⁸³
598 5778 731 5835 Luc.
791 5796 825 5849 ι,
860 5781 948 5837 id.
1028 5782 1071 5815 ⁸⁷
1104 5780 1241 5836 Luc.
1266 5795 1305 5845 ι,
1336 5776 1425 5832 45.

2136 4410 2687 4484 προσεμαρτύρησεν,
2718 4412 2802 4465 ὅτι
2829 4409 3054 4464 τοιαῦτά
3077 4410 3197 4463 ἐστι
3224 4408 3294 4462 τὰ
3322 4408 3379 4460 ὲν
3414 4406 3498 4459 σοὶ
3527 4402 3717 4457 τελού-

2138 4521 2299 4574 μενα,
2339 4507 2433 4559 καὶ
2468 4503 2724 4559 τοσοῦτον
2763 4505 2960 4574 ἀπέχει
3008 4502 3145 4573 πρὸς
3195 4498 3533 4572 παραδοχὴν,
3570 4498 3713 4551 ὥστε

2137 4595 2313 4660 οὐδεὶς
2366 4596 2434 4650 ἂν
2492 4594 3031 4664 καταγγελλομὲνοις
3087 4592 3275 4656 αὐτοῖς
3323 4588 3716 4659 ἀνσμφιῦόλως

2135 4690 2389 4760 ἐπείσθη.
2453 4690 2593 4759 πλὴν
2651 4689 2752 4759 τῆς
2800 4688 2902 4755 σῆς
2944 4684 3260 4758 ὑπερφυοῦς
3297 4685 3395 4738 καὶ
3431 4682 3713 4751 ἀκηράτου

2135 4784 2397 4846 πίστεως.
2425 4782 2502 4835 Οὐ
2534 4782 2644 4849 γὰρ
2682 4781 2746 4851 δὴ
2786 4780 3055 4853 Ἀϐραὰμ,
3090 4778 3122 4850 ἢ
3167 4779 3378 4839 Ἰσαὰκ,
3410 4776 3443 4847 ἦ
3489 4774 3710 4835 Ἰακὼὸ,

2137 4876 2169 4947 ἢ
2201 4875 2447 4945 Μωῦσῆς
2477 4874 2861 4934 ἀϐασανίστως
2903 4873 2971 4926 ἂν
3002 4869 3232 4936 ὑπεῖξαν
3257 4873 3323 4940 τῇ
3352 4865 3713 4940 καινῇ-ταύτῃ

2135 4970 2230 5022 καὶ
2275 4968 2401 5038 ξένῃ
2442 4965 2779 5036 λειτουργίᾳ.
2821 4965 2946 5027 Πῶς
2990 4963 3101 5034 γὰρ
3145 4963 3196 5015 oi
3245 4960 3522 5030 τεκμήρια
3559 4963 3712 5027 παρα

2133 5059 2270 5113 θεοῦ
2297 5060 2406 5112 τῶν
2435 5059 2709 5112 ταπεινῶν
2743 5056 3080 5129 ζητήσαντες
3109 5054 3300 5118 πάλαι,
3325 5050 3419 5105 νῦν
3461 5050 3541 5121 τῷ
3573 5050 3716 5117 ὑπὲρ

2133 5151 2343 5203 ἔννοιαν
2388 5149 2786 5211 ἁνενδοιάστως
2826 5146 3197 5214 ὲπείσθησαν;
3247 5143 3313 5195 Τί
3350 5143 3459 5210 γὰρ
3496 5139 3712 5208 ὑπῆρχε

2135 5240 2273 5310 πρὸς
2314 5240 2376 5293 τὸ
2423 5241 2517 5292 ἐπὶ
2548 5241 2652 5308 γῆς
2680 5237 2913 5305 ὀφθῆναι
2949 5235 3105 5302 Θεὸν,
3138 5236 3233 5288 καὶ
3260 5238 3325 5287 ἐκ
3351 5232 3444 5285 σοῦ
3480 5230 3580 5301 τὴν
3612 5232 3708 5282 ἁν-

2133 5330 2414 5403 θρωπείαν
2459 5330 2753 5384 ἀναλαϐεῖν
2815 5328 3001 5399 φύσιν,
3070 5327 3171 5396 γῆς
3239 5325 3568 5395 κατάσχεσις
3614 5321 3713 5374 καὶ

2133 5419 2456 5489 πληθυσμὸς
2490 5422 2829 5489 σπέρματος,
2866 5422 2961 5471 καὶ
3009 5419 3256 5482 δουλείας
3301 5417 3612 5489 ἀπαλλαγὴ.
3651 5418 3710 5488 ἐν

2128 5505 2212 5574 οἷς
2244 5512 2443 5564 ἐκεῖνοι
2480 5512 2578 5581 τῆς
2629 5512 2718 5563 διὰ
2754 5510 2863 5563 τῶν
2912 5512 3232 5581 τεκμηρίων
3264 5511 3566 5581 ἐδεήθησαν
3615 5509 3709 5579 βε-

2104 5602 2444 5683 βαιώσεωῃ
2476 5604 2573 5655 Διὰ
2605 5602 2669 5673 δὴ
2702 5601 2858 5656 τοῦτό
2890 5618 3023 5672 φησι
3050 5618 3060 5630 ³
3097 5601 3167 5654 Σὺ
3204 5603 3340 5673 μόνη
3369 5601 3638 5673 μακαρία,
3672 5602 3708 5669 ἡ
