4122 6212
449 355 555 416 [85

1307 354 1590 414 ORATIO
1628 354 1711 414 IN
1751 355 1852 415 SS.
1899 356 2252 418 DEIPAlt/E
2285 354 2849 419 VlSITA'l‘lONEM.
3050 375 3079 384 ’

3598 354 3705 420 θὶθ

449 463 781 534 deessem,
839 464 914 532 μὴ
967 462 1348 531 περιπεσοῦσα
1401 466 1710 533 λογισμοῖς,
1765 467 1798 533 ὴ
1851 465 1923 527 ὡς
1970 466 2032 517 ἐν

2146 466 2350 521 ﬁrmam
2400 467 2563 520 ﬁdem
2619 468 2772 537 signa
2827 468 3216 543 postularunt,
3272 465 3400 536 qui,
3443 466 3703 535 inquam,

452 559 683 621 ἅπασιν,
710 556 853 609 οὕτω
886 558 977 610 καὶ
1014 556 1071 608 ἐν
1113 558 1179 627 τῇ
1217 556 1422 620 πίστει,
1452 559 1551 626 τῆς
1585 557 1713 627 ὅλης
1748 574 2026 628 κατακραο

450 651 623 705 τοῦσα
653 648 891 717 φύσεως.

2137 556 2445 626 comparari
2482 560 2581 611 ista
2629 567 2834 627 queant
2867 573 2990 611 cum
3030 558 3314 629 mysterio,
3367 558 3513 627 quod
3566 560 3711 612 Dens

2138 647 2194 703 in
2232 657 2383 703 terra
2410 648 2560 702 visus
2590 647 2782 711 fuerit,
2825 659 2883 703 et
2917 651 3210 704 humanam
3257 658 3510 703 naturam
3564 666 3630 705 ex
3661 660 3713 705 te

450 741 863 812 assumpserit?
919 740 989 796 Et
1030 743 1134 797 hac
1187 755 1323 796 sane
1373 738 1443 797 de
1494 752 1662 797 causa
1709 740 1890 798 dicit:
1930 740 2012 795 Tu
2054 756 2185 798 vere
2218 744 2335 799 sola
2402 744 2586 807 beata,
2642 757 2765 813 qua:
2807 742 3123 797 nullatenus
3185 742 3374 797 dubiis
3418 741 3712 814 cogitatio—

451 836 617 889 nibus
643 831 932 895 haasitasti,
978 846 1103 901 quae
1143 846 1270 887 cum
1310 833 1526 889 exteris
1566 833 1850 897 omnibus,
1892 844 2020 901 ,tum
2061 836 2230 890 etiam
2266 836 2390 891 ﬁdei
2416 834 2739 891 excellentia
2772 845 3053 890 creaturas
3076 849 3270 889 omnes
3298 835 3477 890 vicisti
3506 836 3642 907 (89).

524 926 653 982 Kl".
687 926 816 978 Ὀτι
846 926 904 978 δὲ
933 925 1114 979 ταῦτα
1149 926 1242 979 τὸν
1278 925 1522 979 τοιοῦτον
1559 928 1843 996 συνίστησι
1877 926 2034 995 λόγον

453 1017 634 1088 ἁληθῆ
656 1034 717 1069 τε
745 1014 879 1070 ὗντα
897 1018 992 1069 καὶ
1021 1020 1139 1081 τοῖς
1160 1016 1455 1087 πράγμασι
1486 1017 1547 1070 τὸ
1579 1016 1799 1087 βέὸαιον
1816 1017 2032 1088 ἔχοντα,

453 1109 646 1178 καιρὸς
674 1108 752 1171 ὡς
791 1108 1012 1175 ἐφικτὸν
1052 1107 1341 1174 ἐπιδεῖξαι.
1376 1108 1486 1162 Καὶ
1520 1110 1708 1180 μηδεὶς
1743 1112 2031 1178 κατάγνω-

456 1219 541 1254 σιν
565 1201 666 1271 τὴν
696 1199 804 1253 τῶν
835 1200 1065 1254 δικαίων
1094 1198 1386 1267 σύγκρισιν
1431 1200 1754 1273 ὑποτοπὰσῃ
1774 1217 1787 1230 ·
1829 1202 2032 1256 ἄτοπον

454 1297 564 1365 γὰρ
604 1294 667 1346 τὸ
691 1292 935 1347 τοιοῦτον
971 1292 1308 1346 διανοεῖσθαι
1329 1308 1344 1323 ·
1394 1292 1533 1346 ἀλλὰ
1556 1292 1798 1363 δεχέσθω
1823 1294 1913 1345 τὸν
1945 1291 2032 1344 λό·

454 1405 552 1456 γον
574 1385 957 1440 ἐπιδεικνύντα
996 1384 1189 1457 ὥσπερ
1218 1386 1462 1447 ἐκείνους
1501 1383 1934 1454 ὑπερκειμένους
1976 1384 2035 1435 ἐν

456 1480 523 1547 τῇ
565 1478 773 1537 πίστει,
807 1476 955 1529 οὕτω
997 1474 1204 1546 ταύτην
1249 1473 1678 1544 ἀνερμηνεύτως
1722 1476 1822 1543 τὴν
1853 1473 2033 1526 αὐτῶν

457 1566 888 1637 ὑπεραναδᾶσαν
937 1567 1162 1635 ἀρετὴν,
1213 1565 1275 1617 οὐ
1314 1568 1381 1634 τῇ
1431 1564 1612 1635 δωρεᾷ
1644 1564 1745 1634 τῆς
1788 1564 2030 1633 χάριτος,

456 1658 579 1711 οὐδὲ
609 1657 688 1728 τῷ
717 1658 857 1728 ξένῳ
886 1658 982 1727 τῆς
1015 1659 1291 1728 κυήσεως,
1335 1656 1482 1724 ἅπερ
1511 1656 1729 1727 ἄρρητα
1762 1655 2030 1725 διαμένει,

2205 926 2399 984 XXIII.
2439 928 2596 997 Quod
2647 944 2780 984 vero
2816 929 3131 984 omnimoda
3166 928 3396 985 veritate
3457 937 3716 985 constent

2135 1036 2257 1094 quae
2292 1022 2524 1088 afﬁrmo,
2554 1039 2617 1079 ac
2652 1023 2867 1093 plenam
2898 1038 2964 1077 ex
3012 1023 3179 1077 rebus
3224 1011 3360 1093 ipsis
3404 1022 3568 1078 ﬁdem
3618 1025 3714 1078 ha-

2137 1120 2323 1184 beant,
2352 1121 2463 1190 jam
2493 1130 2707 1191 tempus
2728 1130 2812 1175 est
2863 1130 2921 1174 ut
2945 1135 3044 1188 pro
3070 1116 3283 1172 viribus
3314 1117 3713 1171 demonstrem.

2135 1212 2309 1267 Nemo
2340 1227 2507 1282 porro
2561 1214 2895 1282 snspicetur,
2943 1213 2999 1267 in
3027 1211 3520 1281 reprehensionem
3571 1210 3713 1264 forte

2134 1303 2414 1372 iustorum
2448 1302 2647 1358 cedere
2681 1303 2821 1359 hanc
2859 1302 3003 1357 inter
3034 1300 3159 1356 illos
3201 1299 3712 1371 comparationem;

2137 1395 2439 1449 absurdum
2490 1396 2695 1465 quippe
2742 1404 2830 1452 est
2872 1395 2959 1450 vel
3009 1395 3114 1449 hoc
3148 1394 3425 1465 cogitare;
3463 1393 3559 1448 sed
3589 1407 3714 1447 ora-

2140 1488 2345 1543 tionem
2389 1497 2704 1558 exspectet,
2753 1494 2875 1559 quae
2921 1486 3198 1549 ostendat,
3245 1485 3713 1555 quemadmodum

2139 1581 2214 1635 illi
2246 1581 2451 1635 virtute
2502 1579 2628 1633 ﬁdei
2685 1578 3104 1642 excelluerunt,
3154 1579 3229 1632 ita
3272 1577 3554 1649 Virginem
3605 1591 3718 1631 non

2139 1672 2363 1741 quidem
2395 1671 2584 1741 gratia!
2613 1672 2939 1727 muneribus
2972 1688 3149 1743 neque
3181 1688 3324 1728 novo
3357 1674 3547 1743 partus
3591 1685 3719 1741 pro-

455 1751 593 1805 causa
625 1752 692 1820 τῇ
722 1753 824 1819 τῇς
856 1749 1234 1820 προαιρέσεως
1269 1747 1560 1817 φιλοτιμίᾳ
1599 1749 1694 1801 καὶ
1720 1745 1799 1817 τῷ
1848 1745 2036 1814 οἰκείῳ

2146 1765 2308 1836 digio,
2339 1772 2462 1834 qme
2490 1770 2620 1819 sane
2654 1765 2845 1819 nullus
2870 1771 3055 1836 potest
3080 1781 3262 1821 sermo
3300 1766 3593 1835 attingere,
3618 1763 3717 1821 scd

454 1843 568 1896 τῶν
605 1842 830 1911 ἀγαθῶν
860 1841 1324 1911 πλεονεκτῆματι.

528 2142 624 2206 Τίς
655 2141 749 2196 οὖν
785 2143 933 2196 ἐστιν
968 2143 997 2196 ὁ
1045 2141 1522 2214 περιδοητοτέρως
1564 2140 1823 2195 ἁπάντων
1873 2142 1932 2195 ἐν
1961 2142 2038 2212 τῷ

457 2237 556 2307 τῆς
599 2236 839 2298 πίστεως
903 2232 1245 2304 μεγαλοφυεί
1277 2235 1723 2304 κηρυττόμενος;
1790 2228 2041 2305 ’Δὸραὰμ

458 2329 715 2391 πάντων
770 2321 832 2380 οὗ
876 2327 947 2380 τὰ
990 2325 1127 2380 ἄλλα
1178 2326 1279 2398 μὲν
1330 2326 1549 2381 ἅπαντα
1583 2328 1685 2397 τῆς
1725 2327 2040 2397 κρείττονος

461 2420 730 2492 ὑποδοχῆς
760 2419 984 2489 γέγονεν
1028 2418 1176 2485 ἄξια,
1210 2418 1414 2490 μᾶλλον
1444 2416 1502 2471 δέ
1532 2416 1594 2470 τὸ
1621 2417 1721 2488 τῆς
1749 2417 1943 2482 Θυσίας
1960 2419 2044 2470 εὑ-

463 2510 953 2583 προσδεκτότερον,
1016 2512 1110 2563 καὶ
1167 2512 1283 2573 τοῖς
1344 2509 1538 2564 ἔπειτα
1594 2507 2044 2580 θαυμασιώτερον

459 2603 815 2674 κατελείφθη.
832 2601 976 2656 Ἀλλ’
998 2601 1114 2655 ἐστι
1135 2599 1232 2656 καὶ
1256 2599 1447 2654 τοῦτον
1467 2602 1524 2653 ἐν
1550 2599 1663 2652 τισὶ
1693 2602 1805 2663 τοῖς
1829 2600 2042 2672 ἀνθρω-

462 2695 641 2756 πίνοις
672 2695 1087 2766 περιπίπτοντα
1110 2692 1349 2747 κατιδεῖν
1370 2691 1679 2759 λογισμοῖς,
1701 2684 2046 2761 διελεγχὸμε·

460 2784 551 2840 νόν
571 2803 631 2839 τε
663 2789 730 2858 τῇ
761 2785 874 2839 τῶν
906 2783 1152 2856 σημείων
1178 2785 1278 2854 τῆς
1310 2780 1668 2854 κληροδοσίας
1691 2780 2042 2853 ἐπιζητήσει.

463 2876 589 2940 Πῶς
618 2878 712 2930 καὶ
739 2876 845 2930 τίνι
869 2877 1059 2948 τρόπῳ
1078 2918 1094 2943 ,
1119 2877 1419 2945 ἀναγκαῖον
1437 2872 1546 2943 γὰρ
1571 2871 1745 2942 αὐτὴν
1771 2875 1851 2936 είς
1879 2875 2044 2943 μέσον

462 2971 805 3038 παραγαγεῖν
838 2966 937 3040 τὴν
974 2968 1256 3039 ἱστορίαν.

2142 1859 2365 1928 egregio
2393 1857 2694 1911 voluntatis
2728 1858 3010 1925 proposito
3055 1873 3263 1929 suaque
3296 1872 3526 1928 operum
3575 1866 3719 1913 stre-

2143 1956 2378 2010 nuorum
2413 1957 2751 2025 praestantia,
2800 1970 2989 2009 eorum
3037 1953 3301 2009 virtutem
3364 1950 3720 2006 ineﬁ'abiliter

2141 2050 2557 2121 supergressum
2584 2064 2727 2104 esse.

2214 2143 2348 2209 Quis
2373 2152 2459 2198 est
2490 2144 2696 2213 itaque,
2743 2142 2839 2213 qui
2870 2136 3064 2211 majori
3102 2138 3297 2211 plausu
3326 2153 3438 2208 pra:
3494 2136 3723 2208 reliquis

2141 2236 2400 2290 omnibus
2424 2234 2548 2290 ﬁdei
2574 2249 2690 2290 suae
2713 2232 3034 2289 excellentia
3058 2229 3414 2288 celebratur?
3440 2229 3722 2296 Abraham

2145 2328 2437 2400 profecto;
2485 2328 2644 2399 cujus
2690 2336 2888 2382 cuncta
2935 2325 3161 2396 quidem
3203 2324 3309 2378 alia
3354 2331 3507 2395 gesta
3556 2321 3720 2391 digna

2143 2422 2498 2486 exstiterunt,
2524 2435 2648 2491 quae
2678 2419 2977 2489 plurimum
3007 2416 3411 2488 probarentur;
3442 2412 3535 2469 sed
3565 2412 3724 2483 longe

2145 2513 2407 2583 majorem
2439 2512 2885 2576 aastimationem,
2906 2509 3284 2579 majoremque
3306 2504 3449 2577 apud
3473 2512 3726 2575 posteros

2145 2609 2575 2670 admirationem
2635 2612 2786 2667 illius
2839 2605 3178 2663 sacriﬁcium
3238 2604 3345 2660 sibi
3393 2600 3722 2657 vindicavit.

2146 2709 2307 2762 Hunc
2335 2715 2517 2760 tamen
2552 2704 2744 2759 videre
2775 2703 2906 2757 licet
2931 2703 2985 2754 in
3019 2700 3292 2754 humanas
3320 2694 3588 2767 quasdam
3630 2707 3724 2747 σοι

2146 2800 2446 2870 gitationes
2474 2798 2815 2868 prolapsum,
2841 2803 2899 2850 et
2924 2803 3197 2859 notatum,
3253 2799 3549 2861 propterea
3575 2784 3724 2856 quod

2147 2891 2216 2946 de
2246 2890 2549 2945 obtinenda
2582 2888 2904 2944 haereditate
2935 2886 3089 2957 signa
3136 2879 3521 2954 postulaverit.
3571 2877 3724 2945 Quo-

2147 2982 2313 3038 modo
2346 2991 2531 3037 autem
2577 2991 2633 3038 et
2673 2996 2782 3051 qua
2807 2980 3042 3044 ratione,
3083 2977 3274 3045 utique
3327 2988 3469 3044 opus
3508 2981 3616 3034 est.
3664 2977 3727 3043 ut

2145 3075 2263 3147 ipsa
2292 3075 2471 3145 palam
2498 3073 2663 3130 faciat
2695 3072 2947 3129 historia.

533 3146 659 3203 KA'.
704 3144 875 3216 Εἴπε,
909 3152 1099 3221 φησὶν,
1145 3155 1177 3205 ό
1210 3151 1356 3217 Θεὸς
1393 3153 1545 3221 πρὸς
1590 3155 1695 3208 τὸν
1742 3153 2036 3224 Ἀϐραάμ·

2166 3138 2186 3147 ’
2214 3138 2406 3223 XXIV.
2446 3168 2593 3222 Dixit
2626 3167 2788 3229 Deus,
2842 3176 2903 3222 ut
2926 3181 3097 3221 sacrae
3128 3166 3351 3221 Litterae
3400 3165 3626 3221 tradunt
3655 3165 3723 3232 ⁵³,

475 3240 622 3311 Ἐγώ
648 3243 765 3311 ειμι
787 3242 819 3296 ό
855 3243 1001 3308 Θέὀς
1028 3258 1168 3307 σου,
1207 3246 1239 3297 ό
1270 3242 1608 3314 ἐξάγων-’σε
1639 3246 1707 3299 ἐκ
1740 3244 1853 3315 γῆς
1882 3248 2040 3300 Χαλ-

465 3329 671 3398 δαίων,
699 3329 857 3386 ὥστε
885 3330 1101 3386 δοῦναί
1140 3348 1238 3387 σοι
1265 3332 1383 3401 τὴν
1411 3334 1531 3402 γῆν
1561 3336 1792 3401 ταύτην
1827 3337 2044 3400 κληρο-

462 3420 729 3490 νομῆσαι
766 3419 983 3489 αὑτήν.
1020 3418 1169 3475 Εἷπε
1208 3420 1276 3476 δέ
1298 3438 1312 3453 ο
1354 3422 1629 3475 Δέσποτα
1655 3425 1856 3491 Κύριε,
1893 3422 2044 3476 κατὰ

463 3514 523 3565 τί
566 3512 863 3583 γνώσομαι
910 3511 1111 3572 τοῦτο,
1166 3511 1257 3564 ὅτι
1321 3510 1766 3582 κληρονομήσω
1819 3510 2044 3580 aderit»;

475 3604 641 3676 Ὁρᾷς
682 3603 744 3655 τὸ
788 3600 1095 3671 ἁμφίόολον
1148 3601 1240 3655 τοῦ
1297 3604 1676 3677 πατριάρχου;
1709 3604 1810 3658 Διὰ
1837 3621 2044 3675 τεκμη-

470 3692 603 3763 ρίων
659 3692 916 3763 ἐπεζήτει
985 3694 1480 3765 φανερωθήσεσθαι
1549 3694 1611 3749 τὸ
1680 3683 2043 3767 ζητούμενον.

468 3785 666 3839 Καίτοι
718 3786 900 3840 ἰκανὸν
951 3783 1020 3858 ἦν
1068 3787 1218 3858 αὐτῷ
1255 3791 1541 3860 σημεῖονὴ
1589 3789 1690 3860 τῆς
1723 3790 2045 3860 εὐεργεσίας

467 3878 800 3948 ὑπόμνησις,
853 3879 949 3930 καὶ
994 3878 1055 3929 τὸ
1091 3879 1256 3932 αὐτὸν
1284 3875 1428 3934 εἶναι
1477 3881 1568 3933 τὸν
1614 3879 2045 3952 ὑπισχνούμενον

466 3972 787 4042 εὐεργέτην.
837 3971 977 4025 Ἀλλ’
1022 3973 1172 4043 ὅμως
1206 3972 1489 4043 ἐπεζήτει,
1528 3975 1624 4028 καὶ
1668 3975 1918 4028 ἀπιστεῖν
1944 3974 2043 4027 οὐκ

466 4061 606 4132 ἔχων
627 4063 704 4133 τῷ
738 4063 975 4131 λέγοντι,
1012 4064 1142 4135 περὶ
1170 4063 1232 4116 τὸ
1262 4063 1413 4128 ξένον
1438 4064 1540 4132 τῆς
1563 4064 1915 4135 ὑποσχέσεως
1932 4065 2044 4119 διε-

468 4155 688 4223 φέρετο,
718 4157 812 4209 καὶ
838 4157 1119 4228 τεκμήρια
1148 4155 1354 4226 ταύτης
1389 4156 1611 4227 ἀπῄτει,
1655 4159 1749 4211 καὶ
1793 4158 1888 4210 τὸν
1918 4156 2045 4227 τρό-

472 4262 594 4311 πον,
625 4248 833 4310 ὁποῖος,
858 4246 1268 4301 διεπυνθάνετο.

548 4568 673 4621 κεν.
710 4567 777 4619 Τί
814 4562 909 4621 οὖν
938 4568 967 4619 ὁ
997 4565 1312 4634 πανάγαθος
1342 4565 1654 4633 Δεσπότης
1688 4564 1763 4617 Οὐ
1815 4563 2043 4635 σφοδρο-

471 4658 646 4729 τὲρως
671 4653 973 4731 φερόμενός
1004 4662 1120 4723 τοῖς
1165 4657 1496 4728 ὀνειδισμοῖς
1527 4656 1692 4710 αὐτοῦ
1734 4656 2037 4725 καθήψατοο

470 4750 534 4802 οὐ
570 4751 785 4821 βαρέως
829 4751 1216 4822 ἐπιτιθέμενος
1248 4749 1476 4804 τοιαῦτα
1518 4748 1654 4819 πρὸς
1697 4747 1862 4801 αὑτὸν
1901 4748 2040 4800 ἀπε.

470 4844 710 4898 τείνατοο
744 4845 810 4898 Τί
855 4844 1045 4910 τοῦτο,
1079 4838 1125 4897 ὦ
1169 4842 1439 4914 Αὸραάμ;
1475 4840 1749 4910 Τοιαύτην
1786 4840 1890 4910 τὴν
1935 4840 2048 4892 τῶν

474 4938 619 5007 παρ’
662 4936 800 5008 ἐμοῦ
844 4937 1157 5007 λεγομένων
1196 4936 1256 4989 ἐν
1302 4933 1479 5005 ἐαυτῷ
1508 4932 1764 5004 κατέχεις
1813 4930 2046 5001 πεῖρα-νς

470 5027 613 5082 οὕτω
640 5028 1224 5100 πεπληροφνιρημένως
1267 5029 1394 5097 περὶ
1421 5026 1533 5078 τῶν
1558 5023 1943 5093 γεγενημένων
1967 5023 2048 5084 είς

552 5144 599 5178 ⁸⁸
625 5142 762 5200 Gen.
786 5159 874 5207 xv,
902 5142 1019 5199 7-8.

545 5279 658 5349 (89)
691 5279 811 5334 Vim
842 5277 1132 5334 sententiae
1158 5274 1252 5349 iac
1282 5272 1454 5349 probe
1470 5271 1757 5349 _advertas.
1802 5268 2050 5335 Nullum,

476 5343 677 5419 inquit,
730 5349 955 5403 virtutis
995 5355 1091 5401 aut
1139 5343 1534 5419 datisexitniaf.
1564 5357 1738 5412 genus
1784 5349 1889 5405 est,
1942 5356 2055 5419 quo

474 5410 587 5475 non
618 5410 892 5490 quaslibet
927 5426 1212 5490 creaturas
1244 5413 1409 5490 Virgo
1435 5410 1666 5490 Deipara
1684 5410 2052 5490 superaverit.

470 5491 541 5543 At
572 5480 718 5544 enim
744 5490 790 5544 si
820 5490 889 5543 de
924 5488 992 5542 iis
1023 5500 1209 5540 sermo
1247 5484 1341 5547 sit,
1375 5498 1500 5554 quae
1538 5480 1844 5554 adprima_
1869 5480 2054 5554 cujus-

470 5575 582 5628 que
613 5560 768 5613 initia
796 5565 1068 5628 spectant,
1102 5555 1228 5624 quis
1255 5550 1471 5609 neseiat
1502 5552 1780 5628 Δοιιιιοειιξε
1812 5550 2055 5628 Spiritus

468 5621 574 5683 hac
608 5630 782 5699 gloria
825 5621 1211 5699 "beatitateque
1256 5633 1448 5699 aut-tos
1498 5623 1689 5699 fuisse,
1733 5634 1806 5699 _ut
1844 5623 1905 5699 in
1933 5621 2056 5699 ipsa

470 5690 664 5752 eorum
698 5699 979 5753 creatione
1026 5690 1385 5750 lucidissimis
1428 5697 1616 5762 gratiae
1663 5690 2057 5762 splendoribus

472 5768 832 5836 nitescercnt,
868 5766 1076 5836 Deique
1105 5763 1348 5820 amicitia
1370 5760 1730 5819 fruerentur?
1776 5760 1912 5827 Quis
1971 5776 2061 5813 ae-

2142 3262 2210 3315 ad
2237 3261 2504 3314 Abraham
2531 3276 2550 3313 :
2585 3259 2700 3328 Ego
2733 3274 2852 3311 sum
2900 3256 3042 3310 Deus
3069 3267 3209 3319 tuus,
3263 3257 3354 3326 qui
3377 3256 3534 3309 eduxi
3567 3264 3617 3310 te
3660 3257 3725 3311 de

2143 3360 2286 3406 terra
2333 3350 2744 3413 Chaldaeorum,
2794 3356 2852 3400 ut
2904 3349 3089 3401 darem
3135 3347 3227 3400 tibi
3288 3355 3489 3400 terram
3540 3347 3721 3410 istam,

2144 3450 2202 3495 ut
2233 3440 2523 3510 possideres
2556 3455 2697 3494 eant.
2755 3441 2821 3495 At
2846 3438 2940 3493 ille
2966 3439 3043 3493 ait
3073 3453 3093 3492 :
3129 3438 3352 3495 Domine
3380 3441 3541 3506 Deus,
3585 3441 3724 3496 unde

2143 3537 2238 3590 hoc
2263 3535 2451 3599 sciam,
2483 3533 2621 3604 quod
2647 3549 2975 3603 possessum;
3012 3534 3111 3587 sint
3143 3549 3260 3587 eam
3292 3532 3317 3586 7
3350 3532 3588 3591 Videsne
3620 3549 3723 3605 pa-

2146 3626 2399 3682 triarchae
2443 3626 2890 3682 dubitationem?
2946 3625 3217 3682 Poscebat
3301 3635 3362 3681 ut
3418 3641 3518 3696 per
3565 3626 3722 3698 signa

2144 3717 2351 3775 certior
2374 3719 2442 3774 de
2474 3731 2542 3773 eo
2569 3715 2726 3772 ﬁeret
2783 3718 2930 3787 quod
2967 3716 3340 3774 desiderabat.
3369 3718 3537 3789 Atqui
3570 3717 3724 3773 sufﬁ-

2145 3811 2299 3867 ciens
2327 3809 2572 3881 proiecto
2623 3810 2840 3880 signum
2875 3825 3000 3866 esse
3052 3809 3131 3864 illi
3185 3809 3470 3867 debuisset
3514 3810 3725 3868 beneﬁo

2145 3903 2380 3981 ciorum,
2416 3918 2539 3973 qua:
2550 3903 2665 3973 jam
2685 3910 2997 3972 acceperat,
3022 3902 3356 3968 recordatio,
3379 3911 3436 3957 et
3459 3901 3607 3971 quod
3627 3903 3722 3959 ille

2147 3997 2289 4053 idem
2321 3997 2688 4066 promitteret,
2720 3998 2814 4066 qui
2835 4010 2894 4050 se
2913 3995 3025 4066 jam
3052 3994 3357 4048 beneﬁcum
3379 3994 3721 4053 ostenderat.

2146 4090 2397 4145 Postulat
2425 4097 2607 4143 tamen
2632 4129 2647 4151 ,
2674 4096 2731 4141 et
2759 4102 2885 4141 cum
2909 4100 3021 4139 non
3045 4091 3231 4155 posset
3256 4084 3418 4141 ﬁdem
3446 4085 3723 4157 abnegare

2146 4180 2417 4249 loquenti,
2472 4177 2836 4232 nihilominus
2876 4190 2945 4228 ex
2987 4175 3276 4245 peregrina
3320 4178 3723 4246 promissorum

2150 4270 2367 4324 ratione
2406 4282 2597 4323 ansam
2630 4267 2917 4322 dubitandi
2958 4265 3238 4331 sumebat,
3296 4276 3354 4323 et
3391 4268 3723 4340 exquirebat

2149 4360 2472 4417 eorumdcm
2490 4359 2664 4430 signa,
2690 4370 2754 4411 ac
2785 4355 3008 4413 modum
3034 4357 3213 4426 qualis
3257 4357 3479 4414 demum
3504 4361 3725 4416 iuturus

2073 4473 2127 4534 D
2154 4463 2322 4518 esset,
2354 4452 2763 4510 sciscitabatur.

2223 4548 2386 4605 XXV.
2422 4549 2564 4617 Quid
2608 4562 2772 4619 porro
2811 4547 2878 4602 ad
2913 4548 3029 4603 haec
3055 4545 3483 4618 benignissimus
3536 4545 3724 4601 Domi-

2151 4644 2300 4700 nus?
2324 4643 2513 4713 Neque
2542 4640 2764 4714 gravius
2790 4640 2847 4695 id
2877 4640 3065 4696 ferens
3107 4639 3329 4694 acerbis
3372 4654 3499 4694 eum
3536 4637 3725 4692 verbis

2147 4737 2311 4808 erepit
2366 4736 2678 4806 increpare;
2742 4749 2918 4805 neque
2978 4733 3338 4789 vehementer
3407 4732 3725 4802 indignatus

2150 4832 2303 4886 illum
2335 4831 2491 4887 hisce
2522 4828 2686 4884 dictis
2710 4841 2999 4899 aggressus
3024 4835 3110 4881 est
3135 4843 3148 4880 :
3174 4824 3450 4892 Quidnam
3479 4824 3585 4878 hoc
3615 4833 3722 4887 est,

2149 4939 2182 4977 o
2208 4918 2530 4977 Abraham?
2557 4914 2820 4975 Talemnc
2851 4933 3062 4982 eorum,
3091 4931 3216 4987 quae
3245 4931 3277 4970 a
3305 4926 3391 4969 me
3436 4915 3720 4977 dicuntur,

2152 5016 2324 5071 habes
2365 5014 2420 5067 in
2472 5021 2524 5067 te
2569 5012 2690 5082 ipso
2718 5010 3113 5081 experientiam
3141 5010 3154 5061 ἱ
3182 5009 3417 5063 lstamne
3448 5008 3568 5072 tibi,
3595 5010 3723 5078 νόει

2160 5268 2317 5330 sciat,
2355 5265 2461 5320 hoc
2491 5263 2635 5319 idem
2668 5276 2869 5316 munus
2902 5259 3097 5330 primis
3144 5274 3365 5329 quoque
3385 5259 3722 5330 parentibus

2160 5328 2420 5393 collatum
2454 5335 2646 5396 fuisse,
2685 5333 2793 5387 imo
2824 5328 2956 5386 vero
2988 5338 3043 5385 et
3072 5328 3350 5384 dminoues
3384 5328 3524 5383 hanc
3566 5341 3723 5384 ortus

2162 5409 2246 5463 sui
2268 5405 2608 5461 nobilitatem
2639 5405 2849 5474 jactare
2874 5403 3073 5472 posse?
3120 5400 3367 5474 Postulat
3399 5412 3529 5474 ergo
3560 5402 3718 5474 allata

2163 5479 2452 5536 sententia.
2495 5484 2554 5529 ut
2598 5469 2656 5528 et
2705 5469 3064 5543 Virgo'beata
3119 5487 3148 5524 a
3179 5472 3361 5543 prima
3386 5469 3468 5523 sui
3509 5471 3721 5539 origme

2163 5546 2597 5618 praeiarissimis
2628 5542 2827 5598 divina:
2872 5542 3062 5613 gratiae
3080 5542 3420 5618 muneribus
3437 5610 3447 5618 _
3462 5550 3725 5593 exornata

2165 5610 2353 5673 i‘uerit.
2390 5617 2489 5672 Sin
2522 5615 2703 5679 aliter,
2743 5610 2896 5668 tanto
2938 5612 3148 5682 angelis
3184 5627 3247 5665 ac
3288 5610 3481 5683 primis
3526 5624 3721 5683 parcu—

2170 5689 2317 5741 tibus
2350 5687 2513 5755 Virgo
2545 5678 2774 5755 Dcipara
2809 5678 3037 5737 inferior
3058 5684 3186 5755 erit,
3235 5678 3498 5755 quantum
3526 5678 3557 5733 ἐι
3585 5678 3725 5733 divi-

2170 5774 2252 5814 na:
2280 5753 2469 5827 gratiae
2505 5756 2627 5811 luce
2648 5753 2864 5810 distant
2896 5753 3109 5827 peccati
3142 5753 3402 5808 tenebm.
