4122 6212
411 338 514 401 687

1710 340 1967 400 JACOBI
2010 335 2349 400 MUNACUI

3561 332 3667 395 638

412 464 478 503 ea
517 463 635 519 quae
692 447 745 502 in
775 456 823 500 te.
854 449 1051 503 collata
1080 460 1206 503 sunt
1238 445 1526 511 beneficia,
1562 448 1979 517 persuasionem

2089 445 2144 497 σὲ
2197 442 2547 514 προδιετέϐης
2583 443 2944 515 etiamadd-3v;
2978 444 3042 497 Τί
3085 444 3143 497 ἐν
3174 443 3401 506 ταύταις
3433 443 3667 513 διαμαρ-

414 538 676 592 inducere
711 538 765 591 in
792 539 1033 591 animum
1070 537 1339 608 potuisti?
1373 536 1516 604 Quid
1569 539 1622 591 in
1682 538 1770 592 bis
1810 537 1983 591 babes

414 628 561 699 quod
592 628 906 697 redarguas,
952 628 1108 697 quasi
1147 628 1428 684 fraudatus
1458 629 1746 699 promissis
1771 627 1984 683 fueris?

412 722 603 774 Nonne
631 735 732 790 ego
765 728 817 773 te
840 735 905 772 ex
933 729 1163 788 paterna
1201 720 1547 785 infelicitate,
1603 731 1857 791 tanquam
1895 736 1984 774 ro-

413 822 581 862 same
609 806 785 876 spinis
816 807 1102 877 colligens,
1147 809 1200 863 in
1245 810 1352 865 mei
1405 810 1742 882 agnitionem
1805 818 1985 864 trans-

414 897 551 951 tuli?
581 896 773 951 Nonne
796 912 918 967 ego,
953 913 1079 952 cum
1109 907 1304 954 auctor
1332 900 1431 954 tibi
1464 901 1688 955 fuissem
1722 908 1783 954 ut
1832 916 1860 954 a
1886 915 1984 969 pa-

412 998 564 1041 terna
595 994 744 1041 sorte
789 990 1212 1058 et-cognationc
1255 991 1590 1056 discederes,
1642 988 1983 1046 domicilium

410 1081 462 1132 in
499 1088 844 1134 antecessum
906 1080 1007 1133 tibi
1044 1081 1357 1137 adornavi?
1410 1082 1606 1138 Nonne
1650 1083 1986 1154 alienigena-

409 1182 530 1223 rum
566 1169 998 1227 Cbananaeorum
1029 1184 1230 1228 terram
1252 1187 1352 1244 ego
1381 1173 1476 1228 tibi
1504 1174 1735 1244 subjeci,
1758 1185 1813 1230 ct
1835 1185 1983 1230 tran-

410 1252 638 1330 quillam
666 1264 721 1318 in
756 1279 819 1319 ea
854 1265 950 1320 tibi
982 1265 1168 1321 sedem
1202 1267 1557 1337 comparavi?
1582 1266 1716 1333 Quis
1745 1276 1850 1332 cst,
1887 1266 1982 1336 qui

410 1366 556 1410 tuam
581 1355 637 1409 in
660 1350 954 1428 Egyptum
983 1359 1368 1428 migrationem
1401 1359 1646 1414 direxit?
1673 1359 1807 1426 Quis
1837 1359 1983 1415 Pha-

411 1460 633 1501 raonem
665 1447 816 1518 gravi
843 1448 1080 1520 subjecit
1108 1449 1577 1506 aniniadversioni
1611 1460 1836 1521 propter
1851 1467 1985 1507 con-

406 1538 591 1607 jugem
626 1547 778 1594 tuam
826 1539 1060 1595 Saram?
1098 1540 1232 1607 Quis
1287 1543 1625 1596 tremendam
1658 1541 1735 1595 illi
1771 1557 1836 1597 ac
1881 1543 1981 1599 toti

408 1631 530 1701 ejus
555 1631 743 1686 domui
787 1631 998 1687 cladem
1041 1632 1250 1696 intulit,
1299 1642 1352 1688 te
1391 1647 1524 1687 vero
1553 1633 1743 1687 multis
1783 1633 1983 1704 opibus

2090 536 2199 588 τῶν
2230 535 2341 588 τῶν
2363 535 2713 604 ὑποσχέσεων
2741 538 3054 605 κατέγνως;
3085 536 3200 589 Οὐκ
3233 534 3341 603 ἐγώ
3379 552 3462 600 σε,
3494 534 3666 588 καθά·

2090 643 2196 697 περ
2229 626 2380 696 ῥόδον
2411 624 2468 691 ἐξ
2491 625 2769 692 ἀκανθῶν,
2803 629 2900 696 τῆς
2947 628 3280 697 προγονικῆς
3316 626 3662 696 ἀναλεξάμε-

2089 735 2180 781 νος
2215 718 2625 788 δυσδαιμονίας,
2658 721 2738 783 εἰς
2772 720 2870 791 τὴν
2899 721 3039 790 ἐμὴν
3083 721 3384 787 ἐπίγνωσιν
3422 719 3662 788 μετεφύ-

2088 826 2288 875 τευσα;
2316 810 2417 863 οὐκ
2450 810 2561 878 ὲγώ
2607 828 2688 864 σοι
2734 812 3290 882 παρακελευσάμενος
3325 812 3389 862 ἐκ
3431 809 3525 864 τοῦ
3561 826 3666 862 πα-

2090 899 2268 971 τρῴου
2302 900 2508 971 κλήρου
2540 905 2638 955 καὶ
2668 906 2768 972 τῆς
2810 904 3133 971 συγγενείας
3162 903 3441 973 ἀπαίρειν,
3468 902 3535 955 τὰ
3564 901 3663 970 τῆς

2092 994 2567 1061 κατασκηνώσεως
2595 995 3012 1066 προηυτρέπισα
3035 1013 3051 1061 ;
3089 995 3150 1047 ού
3176 996 3274 1063 τὴν
3300 995 3411 1046 τῶν
3436 994 3662 1061 ἀλλογε-

2092 1083 2198 1135 νῶν
2225 1084 2554 1138 Χαναναίων
2581 1083 2689 1152 ἐγώ
2733 1102 2818 1136 σοι
2864 1085 3222 1149 καθυπέταξα
3249 1086 3374 1154 γῆν,
3397 1083 3493 1136 καὶ
3535 1084 3666 1153 ἦρε-

2095 1193 2194 1244 μον
2237 1175 2336 1245 τὴν
2383 1177 2440 1228 έν
2482 1176 2656 1251 ταύτῃ
2698 1177 3085 1230 κατεσκεύασα
3124 1176 3448 1238 κατοικίανς
3497 1176 3592 1236 Τίς
3633 1176 3663 1228 6

2088 1269 2189 1337 τὴν
2217 1270 2295 1332 εἰς
2326 1268 2606 1337 Αἴγυπτον
2644 1269 2929 1332 διευθύνας
2964 1286 3047 1322 σοι
3089 1269 3348 1332 κάθοδονς
3384 1271 3468 1329 τίς
3505 1270 3533 1320 6
3569 1284 3665 1337 χα-

2089 1356 2274 1420 λεποῖς
2305 1358 2564 1427 ὲτασμοίς
2607 1351 2701 1410 τὸν
2746 1357 2948 1427 Φαραὼ
2999 1355 3395 1410 καθυποϐαλὼν
3431 1356 3521 1408 διά
3563 1355 3663 1426 τῂν

2090 1450 2340 1502 σύνοικόν
2375 1466 2469 1502 σου
2513 1450 2771 1521 Σάρῤαν;
2809 1450 2892 1514 τίς
2932 1439 2969 1503 δ’
3002 1450 3228 1502 πανοικί⁵
3252 1448 3483 1518 φοϐερὸν
3514 1448 3663 1517 αὐτῷ

2088 1539 2180 1592 τὸν
2209 1538 2433 1610 δλεθρον
2454 1542 2901 1610 ὲπισεισάμενος,
2925 1542 3022 1593 καὶ
3042 1541 3100 1593 ὲν
3129 1540 3422 1610 περιουσίᾳ
3445 1555 3505 1591 σε
3536 1539 3664 1590 πολ-

2088 1630 2154 1702 λῇ
2214 1631 2324 1685 τῶν
2384 1632 2782 1701 Αἰγυπτιακῶν
2845 1632 3147 1687 ἐπιϐουλῶν
3210 1632 3664 1701 ἀναγαγόμενος;

410 1732 669 1778 onustum
685 1740 750 1780 ex
765 1722 1148 1796 Egyptiorum
1169 1724 1386 1780 insidiis
1399 1724 1982 1794 eripuit?Quibusnam

2091 1723 2281 1788 Ποίαις
2303 1725 2652 1788 δυναστείαις
2693 1727 2774 1788 εἰς
2801 1724 3016 1797 ἄμυναν
3059 1726 3428 1797 χρησάμενος,
3457 1725 3519 1776 τὸ
3551 1726 3667 1777 στῖ-

410 1816 626 1870 viribus
699 1814 765 1871 ad
811 1816 1112 1871 vindictam
1157 1819 1479 1882 instructus,
1525 1815 1748 1871 bellicas
1796 1832 1984 1888 regum

2091 1830 2190 1884 φος
2211 1815 2320 1868 τῶν
2353 1815 2621 1884 βασιλέων
2647 1816 2986 1886 συνέκοψας;
3022 1816 3190 1879 Τίνας
3233 1814 3669 1883 ἀνταγωνιζομέ-

310 1974 321 1991 ί
411 1908 711 1979 phalanges
730 1907 1061 1963 concidisti'!
1096 1908 1371 1974 Quasnam
1413 1908 1682 1964 adversus
1727 1909 1852 1965 illos
1878 1924 1983 1979 pu-

411 2010 641 2070 gnantes
669 2000 816 2055 acies
846 1998 943 2054 tibi
963 1999 1140 2054 socias
1164 1999 1427 2065 habuisti,
1458 2015 1583 2055 cum
1612 2000 1861 2070 praelium
1888 2001 1985 2057 ad-

411 2107 606 2147 versus
636 2107 732 2147 COS
764 2090 1182 2147 committeres?
1207 2090 1574 2145 Nonne‘enim
1604 2098 1982 2173 tercentorum

410 2198 703 2237 vernarum
728 2198 924 2254 agmen
944 2181 1263 2253 bujusmodi
1287 2183 1465 2237 erexit
1488 2189 1757 2253 tropaeum
1780 2180 1805 2235 ἰ
1841 2180 1990 2248 Quo-

413 2272 576 2327 modo
634 2281 691 2328 et
731 2272 941 2342 quibus
984 2271 1475 2328 exercitationibus
1495 2272 1563 2327 ad
1620 2286 1858 2342 pugnam
1901 2271 1989 2326 in-

412 2372 620 2419 structa
645 2363 807 2418 turba
836 2363 950 2428 illa,
984 2379 1107 2434 qua:
1142 2378 1291 2419 mere
1321 2364 1640 2421 domesticis
1666 2363 1988 2420 ministeriis

412 2469 633 2525 operam
678 2454 926 2523 dederat,
971 2470 1152 2526 neque
1188 2456 1337 2511 aliud
1384 2457 1656 2527 amplius,
1695 2472 1859 2526 quam
1898 2472 1988 2512 res

413 2546 653 2616 privatas
683 2561 880 2602 curare
920 2556 1257 2613 assueverat,
1296 2547 1758 2602 innumerabilem
1806 2547 1985 2618 potuit

411 2638 716 2709 equitatum
742 2638 798 2693 in
828 2646 978 2693 tuam
1002 2646 1326 2709 potestatem
1353 2638 1639 2709 redigere?
1660 2637 1794 2704 Quis
1812 2638 1982 2693 bene-

415 2729 686 2784 dictiones
740 2729 839 2784 tibi
921 2744 1020 2799 per
1070 2727 1568 2783 Melchisedecbum
1645 2727 1986 2798 impertivit?

415 2818 608 2872 Nonne
625 2833 746 2888 ego,
769 2832 894 2872 cum
916 2828 1142 2888 propter
1163 2817 1280 2873 base
1307 2816 1640 2873 credidisses
1656 2855 1671 2881 ,
1696 2816 1858 2872 fidem
1885 2817 1983 2871 tibi

421 2909 487 2963 ad
535 2910 809 2979 justitiam
854 2910 1150 2979 reputavi?
1214 2908 1358 2976 Quid
1421 2911 1501 2965 sic
1545 2909 1775 2965 atliceris
1828 2923 1997 2974 nunc,

2091 1919 2188 1967 νας
2217 1904 2406 1967 αὐτοῖς
2447 1904 2767 1975 συμμαχίας
2795 1902 2961 1976 εἶχες,
2993 1905 3160 1976 ὴνίκα
3183 1904 3282 1975 τὴν
3306 1904 3441 1974 πρὸς
3465 1904 3666 1967 αὐτοὺς

2093 1997 2334 2065 συνῇρας
2370 1996 2585 2067 μάχην;
2626 1996 2719 2067 Μὴ
2754 1996 2864 2067 γὰρ
2893 1999 2921 2050 6
2966 1998 3348 2066 συνασπισμὸς
3373 1996 3482 2049 τῶν
3512 2012 3667 2066 τρια-

2090 2086 2292 2139 κοσίων
2315 2086 2610 2155 οἰκογενῶν
2638 2087 2699 2140 τδ
2729 2086 2974 2141 τοιοῦτον
3004 2087 3340 2158 κατώρθωσε
3365 2086 3661 2155 τρόπαιον;

2091 2177 2215 2241 Πῶς
2244 2176 2342 2230 καὶ
2372 2179 2514 2232 τίσιν
2542 2179 2864 2249 ἐμπειρίαις
2913 2179 3242 2250 πολεμικαῖς
3267 2178 3662 2250 προασκηθεὶς,

2085 2270 2114 2322 6
2141 2270 2265 2332 ταῖς
2308 2269 2444 2323 κατ’
2479 2263 2632 2323 οἷκον
2668 2270 2860 2340 μόναις
2905 2271 3236 2342 ὑπηρεσίαις
3277 2268 3664 2345 γεγυμνασμέ-

2085 2374 2195 2425 νος,
2214 2357 2311 2412 καὶ
2335 2358 2505 2431 μηδὲν
2530 2359 2694 2414 πλέον
2714 2360 2826 2414 τῶν
2854 2359 3142 2415 ἰδιωτικῶν
3168 2363 3225 2414 ἐν
3256 2360 3458 2433 μελέτῃ
3480 2357 3663 2412 ποιού-

2087 2467 2252 2516 μενος
2296 2451 2662 2521 πραγμάτων,
2690 2451 2790 2523 τὴν
2832 2452 3061 2523 ἄπειρον
3093 2452 3259 2506 ἵππον
3291 2451 3398 2505 ὑπὸ
3432 2452 3534 2519 τὴν
3563 2448 3664 2520 σὴν

2090 2542 2465 2613 ποιησάμενος
2502 2544 2659 2615 χεῖρα
2682 2561 2697 2610 ;
2724 2544 2820 2607 Τίς
2850 2546 2878 2598 6
2906 2543 2994 2597 διὰ
3029 2542 3367 2614 Μελχισεδὲκ
3389 2542 3485 2605 τὰς
3508 2540 3662 2595 εὐλο-

2089 2632 2216 2701 γίας
2263 2648 2346 2685 σοι
2393 2631 2851 2704 παρασχόμενος;
2894 2634 3009 2687 Οὐκ
3060 2633 3172 2702 ἐγώ
3223 2649 3306 2686 σοι
3354 2632 3444 2686 διὰ
3488 2629 3665 2684 ταῦτα

2091 2723 2445 2778 πιστεύσαντι
2481 2725 2560 2787 εἰς
2586 2723 2940 2794 δικαιοσύνην
2965 2722 3064 2795 τὴν
3092 2723 3274 2776 πίστιν
3303 2722 3660 2790 λελόγισμαι;

2089 2816 2156 2869 Τί
2185 2815 2345 2869 τοῦτο
2382 2816 2687 2881 πέπονθας,
2718 2818 2746 2870 6
2789 2815 3044 2888 θεράπων
3075 2817 3103 2869 6
3134 2817 3299 2886 ὲμός;
3333 2815 3456 2878 Πῶς
3502 2812 3662 2867 ἀλλό-

2110 2925 2238 2981 τρια
2270 2906 2368 2977 τῆς
2392 2906 2598 2971 οἰκείας
2620 2907 2825 2977 ἀρετῆς
2855 2907 3175 2975 προέτεινας
3204 2907 3449 2979 ﬁgam;

416 3013 573 3056 serve
608 2999 794 3053 meus?
843 2998 1130 3065 Quomodo
1172 2998 1341 3054 verba
1379 3014 1409 3054 a
1462 2998 1669 3054 virtute
1706 3008 1799 3054 tua
1834 3008 1944 3054 tam
1985 2998 2164 3053 aliena
2201 2995 2575 3066 pretendisti?

488 3091 675 3147 XXVI.
710 3090 781 3146 At
818 3089 957 3145 nihil
990 3089 1259 3161 ejusmodi
1319 3089 1743 3161 benignissimus
1799 3090 1987 3144 Domi-

2168 3086 2313 3155 KG'.
2365 3087 2534 3141 Οὐδὲν
2579 3086 2787 3141 τούτων
2829 3088 2857 3142 6
2904 3087 3222 3157 πανάγαθος
3272 3087 3661 3158 προσωνείδισι

416 3199 521 3239 nus
569 3172 922 3251 exprobravit
964 3195 982 3235 :
1011 3180 1107 3237 sed
1140 3180 1207 3236 ad
1234 3181 1631 3236 ba:sitationem
1664 3180 1985 3251 abigendam

2093 3179 2392 3250 Δεσπότης·
2437 3177 2575 3233 ἀλλὰ
2625 3179 2809 3234 δίδωσι
2859 3179 2962 3251 μὲν
3003 3180 3096 3234 τὸν
3138 3181 3240 3249 τῆς
3284 3182 3662 3253 διαπορήσεως

417 3273 741 3330 vaticinium
775 3272 947 3339 addit,
990 3288 1101 3328 non
1131 3284 1312 3329 tamen
1343 3272 1530 3336 subito
1572 3282 1628 3328 et
1662 3273 1855 3328 eodem
1892 3271 1989 3328 illo

418 3379 697 3440 tempore;
730 3367 825 3422 sed
861 3365 1084 3422 interim
1114 3366 1439 3437 patriarchae
1460 3366 1704 3421 animum
1747 3374 1987 3433 exercet,

414 3471 473 3517 ct
505 3461 709 3517 idcirco
737 3459 916 3516 dicit:
957 3456 1117 3523 Sume
1169 3459 1296 3514 mihi
1342 3459 1563 3514 vitulam
1617 3461 1894 3526 trieunem,
1941 3466 1992 3513 et

415 3570 635 3623 capram
658 3554 893 3618 trimam,
921 3536 1223 3607 etiarietem
1274 3566 1535 3607 annorum
1585 3553 1768 3617 trium,
1817 3563 1991 3606 turtu-

416 3661 528 3698 rem
559 3656 765 3713 quoque
809 3649 860 3695 et
912 3640 1209 3695 columbam
1239 3641 1315 3708 ";
1356 3656 1482 3710 qua:
1533 3640 1756 3711 quidem
1805 3640 1989 3695 omnia

416 3734 783 3804 exquirebant
831 3741 1052 3802 tempus
1121 3746 1186 3787 ac
1268 3731 1547 3804 negotium
1602 3731 1988 3788 facessebant:

416 3839 617 3897 nempe
648 3840 774 3879 cum
803 3824 986 3895 justus
1009 3824 1100 3879 ille
1126 3823 1288 3879 valde
1326 3831 1553 3896 cuperet
1583 3822 1753 3879 futuri
1784 3821 1991 3878 oraculi

413 3917 847 3983 enarrationem,
872 3925 1123 3985 .tempus
1160 3914 1238 3969 illi
1276 3901 1422 3970 Deus
1473 3913 1806 3986 prorogavit,
1858 3913 1989 3968 dum

416 4006 696 4071 animalia,
745 4020 868 4077 quae
911 4003 1193 4060 offerenda
1250 4011 1428 4069 erant,
1473 4003 1778 4075 colligeret.
1818 4002 1992 4059 Porro

414 4098 714 4154 verisimile
742 4097 965 4168 quidem
996 4106 1100 4163 est,
1125 4095 1282 4152 facile
1315 4095 1622 4171 iuventaet
1664 4102 1991 4165 congregata

415 4189 586 4244 fuisse
641 4188 1056 4260 quadrupedia;
1108 4187 1205 4242 sed
1266 4199 1461 4241 rursus
1499 4182 1779 4256 negotium
1842 4182 1988 4239 baud

414 4281 537 4336 leve
564 4280 644 4335 illi
672 4280 969 4336 exhibebat
996 4279 1177 4334 avium
1226 4278 1490 4344 venatio;
1547 4284 1605 4333 et
1659 4274 1858 4332 exinde
1899 4290 1995 4347 pa-

416 4371 670 4426 triarcha:
700 4371 919 4426 animus
950 4369 1389 4426 excruciabatur.

490 4464 700 4534 Accepit
734 4470 933 4528 autem,
968 4462 1148 4531 inquit
1172 4461 1240 4525 ‘°,
1268 4459 1365 4514 sibi
1404 4459 1513 4513 haec
1538 4458 1739 4521 omnia,
1783 4466 1833 4511 et
1902 4459 1988 4512 di-

2092 3270 2363 3342 χρησμδν,
2387 3271 2489 3324 οὐκ
2518 3268 2733 3340 ἁθρόως
2760 3270 2817 3323 δὲ
2848 3271 2970 3325 οὐδὲ
3001 3271 3143 3325 κατά
3171 3272 3357 3325 ταύτό*
3385 3271 3521 3327 ἀλλὰ
3563 3290 3660 3343 με·

2090 3362 2225 3427 ταξὺ
2262 3363 2363 3432 τὴν
2403 3361 2501 3415 τοῦ
2547 3363 2892 3435 πατριάρχου
2940 3365 3238 3434 γυμνάζων
3277 3363 3540 3435 γνώμην,
3579 3364 3660 3418 διό

2090 3471 2245 3527 φησιο
2284 3454 2440 3511 Λαὸἐ
2462 3472 2567 3526 μοι
2615 3454 2878 3526 δάμαλιν
2920 3455 3347 3524 τριετίζουσαν,
3388 3459 3486 3512 καί
3525 3452 3661 3526 αἶγα

2088 3547 2514 3616 τριετίζουσαν,
2536 3547 2635 3602 καί
2660 3548 2828 3617 κριὸν
2859 3546 3237 3616 τριετίζοντα,
3257 3549 3355 3602 καί
3380 3549 3660 3619 τρυγόνα,

2090 3638 2189 3693 καί
2221 3638 2612 3708 περιστερὰν,
2658 3640 2834 3692 πάντα
2874 3639 3070 3710 καιροῦ
3118 3643 3214 3693 καὶ
3251 3640 3515 3711 ἀσχολίας
3540 3639 3657 3692 6:6-

2092 3746 2249 3803 μενα⁶
2285 3729 2476 3802 ἐπειδὴ
2525 3731 2635 3801 γὰρ
2682 3730 2946 3784 ἔσπευδεν
2986 3732 3015 3784 6
3056 3729 3263 3793 δίκαιος
3310 3732 3408 3802 τὴν
3435 3731 3661 3784 ἔκϐασιν

2087 3824 2184 3878 τοῦ
2233 3823 2521 3895 μέλλοντος
2579 3822 2924 3889 εἰσδέξασθαι
2982 3822 3274 3893 χρησμοῦ,
3334 3823 3661 3893 παρέτεινεν

2090 3916 2240 3984 αὐτῷ
2271 3918 2365 3969 τὸν
2402 3917 2617 3987 χρόνον,
2651 3915 2739 3967 διὰ
2783 3915 2881 3986 τῆς
2913 3915 3022 3969 τῶν
3048 3915 3477 3984 ἀναφερομένων
3504 3912 3659 3978 ζώων

2089 4005 2385 4076 ὲπιλογῆς.
2419 4000 2552 4058 Εἶτα
2598 4004 2745 4067 εἰκὸς
2784 4004 2847 4056 ὲκ
2887 4003 2983 4056 τοῦ
3029 4004 3323 4076 προχείρου
3369 4004 3439 4056 τά
3468 4002 3663 4071 τετρά-

2089 4096 2229 4150 ποδα
2277 4095 2758 4168 συναθροισθῆναι’
2809 4093 2972 4151 πάλιν
3008 4095 3136 4166 περὶ
3178 4094 3277 4165 τὴν
3308 4093 3416 4147 τῶν
3453 4094 3658 4164 ὀρνέων

2091 4187 2262 4259 θήραν
2289 4188 2323 4258 ἡ
2356 4187 2583 4257 ἀσχολία
2627 4185 2930 4240 συνέϐαινε·
2964 4185 3266 4240 κάντεῦθεν
3306 4186 3365 4239 τὸ
3406 4185 3502 4240 τοῦ
3552 4203 3657 4238 πα.

2087 4279 2353 4350 τριάρχου
2377 4275 2850 4348 κατετιτρώσκετο
2882 4276 3144 4340 συνειδός.

2164 4457 2385 4510 Ἐλαόε
2415 4453 2503 4520 δὲ,
2532 4454 2720 4526 φησὶν,
2750 4453 2911 4521 αὐτῷ
2935 4455 3122 4510 ταῦτα
3151 4454 3370 4520 πάντα,
3394 4452 3494 4507 καί
3521 4452 3660 4506 6‘18?-

416 4559 532 4612 m'sit
563 4571 625 4609 ea
653 4572 745 4621 per
771 4554 1021 4619 medium,
1057 4566 1176 4605 aves
1209 4558 1386 4603 autent
1414 4564 1518 4603 non
1568 4549 1764 4603 divisit.
1796 4548 1865 4603 Et
1890 4548 1987 4603 bas

2093 4550 2204 4602 λεν
2242 4544 2395 4600 αὐτὰ
2434 4546 2650 4615 μέσονο
2681 4547 2755 4600 τὰ
2788 4546 2859 4599 δὲ
2888 4547 3066 4615 ὄρνεα
3104 4550 3175 4601 οὐ
3220 4545 3459 4600 διεῖλεν.
3506 4545 3659 4614 Ἐμοὶ

415 4647 662 4720 quidem,
697 4656 757 4702 ut
787 4644 922 4701 mibi
954 4643 1195 4707 videtur,
1256 4655 1365 4695 non
1408 4639 1597 4696 divisit
1632 4647 1855 4711 propter
1902 4638 1986 4695 fc-

414 4738 766 4793 stinationcm
784 4776 800 4800 ,
825 4733 1078 4806 quamvis
1095 4732 1200 4788 hoc
1230 4731 1410 4803 ipsum
1433 4730 1668 4801 aliquem
1694 4731 1983 4802 mysticum
2007 4766 2020 4779 ..

417 4845 639 4885 sensum
673 4827 1009 4899 praeseferat.

486 4919 700 4976 XXVII.
724 4920 874 4975 Cum
908 4920 1074 4990 igitur
1097 4931 1183 4982 ea,
1214 4932 1335 4986 qua:
1367 4913 1674 4985 pertinebat
1717 4912 1783 4968 ad
1814 4912 1987 4968 sacri-

420 5016 623 5078 ﬁcium,
683 5012 1023 5083 perfecisset,
1095 5009 1323 5065 sedebat
1365 5008 1444 5062 rei
1500 5017 1758 5062 eventum
1793 5020 1991 5074 exspe-

416 5116 594 5172 ctans,
627 5113 682 5159 et
712 5103 922 5158 oraculi
977 5101 1239 5157 dilatione
1289 5098 1672 5154 discruciatus.
1713 5097 1988 5162 Quantum

417 5199 563 5250 enim
594 5197 740 5250 illius
770 5194 875 5248 diei
906 5203 1121 5263 tempus
1157 5189 1610 5261 protendebatur,
1649 5187 1988 5241 tantumdem

422 5288 498 5340 illi
533 5287 834 5356 augebatur
856 5285 1121 5337 anxietas.
1149 5281 1396 5336 Accessit
1417 5289 1598 5333 autem
1621 5290 1677 5333 et
1703 5272 1988 5332 volucrum

425 5378 700 5440 incursus,
730 5374 824 5445 qui
873 5374 1222 5428 alllictioncm
1261 5373 1338 5426 illi
1369 5371 1785 5439 molestiamque
1823 5370 1991 5424 adde-

420 5467 535 5521 bat.
573 5467 958 5520 Descenderunt
1008 5465 1179 5528 enim,
1213 5464 1393 5533 inquit
1443 5464 1511 5526 ",
1548 5460 1782 5516 volucres
1838 5477 1995 5531 super

2087 4640 2266 4704 δοκεῖ,
2304 4639 2652 4693 ἐπισπεύδων
2687 4639 2783 4709 τὴν
2823 4639 2931 4691 τῶν
2968 4641 3172 4710 ὀρνέων
3209 4640 3308 4693 οὐκ
3360 4641 3658 4707 ἐποιήσατο

2090 4733 2379 4805 διαίρεσιν,
2413 4736 2461 4787 εἰ
2492 4735 2584 4788 καί
2604 4752 2726 4789 τινα
2761 4737 3022 4805 μυστικὸν
3043 4735 3103 4789 τὸ
3130 4733 3371 4787 τοιοῦτον
3399 4733 3656 4803 ἐμφαίνει

2088 4823 2268 4893 λόγον.

2162 4918 2292 4971 KZ'.
2339 4916 2672 4988 Ἀπαρτίσας
2710 4917 2892 4971 τοίνυν
2932 4917 2999 4970 τὰ
3034 4918 3133 4986 τῆς
3176 4918 3390 4980 θυσίας,
3423 4917 3659 4985 ἐκάθητο
3693 4918 3699 4923 ’

2089 5010 2151 5060 τὸ
2184 5009 2359 5077 πέρας
2396 5007 2902 5078 διασκοπούμενος,
2951 5010 3045 5060 καὶ
3083 5011 3198 5071 ταῖς
3238 5007 3527 5069 ἀναϐολαῖς
3563 5007 3654 5059 τοῦ

2091 5097 2342 5167 χρησμοῦ
2389 5097 2712 5168 ἀνιώμενος.
2740 5099 2903 5150 Ὅσον
2923 5098 3030 5167 γὰρ
3067 5098 3095 5149 6
3118 5099 3215 5168 τῆς
3239 5099 3451 5167 ἡμέρας
3487 5098 3658 5167 παρέο

2092 5205 2252 5258 τρεχε
2302 5188 2511 5258 χρόνος,
2550 5188 2804 5243 τοσοῦτον
2850 5189 2999 5260 αὐτῷ
3044 5190 3238 5242 καὶτὰ
3271 5189 3371 5257 τῆς
3417 5188 3653 5257 ἀθυμίας

2089 5279 2404 5343 ἐπλεόναςε.
2441 5281 2752 5351 ιιροσετέθη
2804 5282 2862 5333 δὲ
2907 5278 3058 5346 αὐτῷ
3094 5283 3188 5335 καὶ
3227 5283 3261 5351 ὴ
3293 5281 3404 5333 τῶν
3438 5280 3658 5346 πτηνῶν

2090 5370 2383 5440 ὲπιδρομὴ,
2427 5370 2791 5439 καλαιρίζωυσα
2831 5373 2929 5425 καὶ
2966 5371 3400 5445 παρενοχλοῦσαο
3431 5370 3656 5438 Κατέόη

2091 5454 2221 5529 γὰρ,
2255 5460 2442 5529 φησὶν,
2479 5460 2655 5528 ὄρνεα
2701 5463 2798 5515 ἐπὶ
2835 5462 2908 5516 τὰ
2936 5465 3180 5533 σώματα
3232 5467 3303 5518 τὰ
3344 5462 3661 5532 διχοτομή-

420 5557 682 5611 c.sdavera
711 5556 968 5617 dissecta,
1005 5563 1053 5620 et
1093 5555 1361 5609 Abraham
1390 5554 1498 5607 illis
1533 5553 1791 5606 assidebat
1825 5552 1987 5622 (quod

2089 5567 2243 5620 ματα
2299 5551 2517 5607 αὐτῶν.
2568 5555 2677 5607 Καὶ
2725 5556 3130 5611 συνεκάθισεν
3161 5557 3367 5624 αὐτοῖς
3402 5556 3660 5625 Ἀϐραάμ

420 5647 643 5719 quidem
672 5648 869 5719 aliquis
920 5648 1192 5714 interpres
1222 5646 1484 5712 reddidit,
1515 5645 1816 5716 abigcbat);
1853 5644 1990 5701 adeo

2095 5648 2250 5715 (ὅπερ
2292 5662 2375 5709 τις
2398 5646 2503 5698 τῶν
2532 5647 3007 5719 ὲρμηνευσάντωλι,
3056 5651 3470 5719 ἀπεσόεησεν,
3502 5648 3654 5719 ἕφηΓ

489 5752 534 5797 δ’
566 5762 701 5821 Gen.
724 5778 813 5829 xv,
838 5760 871 5817 9
899 5776 1009 5818 sec.
1037 5776 1159 5816 ιιι.
1239 5760 1436 5815 “Gen.
1478 5776 1569 5827 xv,
1605 5759 1688 5815 i0.
1767 5760 1808 5793 ⁶¹
1841 5760 1981 5817 ibid.

2115 5759 2167 5814 ll
2235 5776 2343 5814 sec.
2397 5776 2517 5814 tu.
