4122 6212
492 303 601 368 6‘30

1375 304 1658 365 ORATIO
1700 301 1780 364 ΙΝ
1813 301 1924 364 SS.
1958 300 2311 363 DEIPARAE
2347 302 2908 365 VISITATIONENI.

3650 302 3759 364 690

493 421 638 473 ὥστε
687 420 756 489 τῇ
809 416 1076 490 ἐπιθυμίᾳ
1128 417 1238 471 τῶν
1298 418 1549 488 σαρκῶν,
1593 418 1663 471 τὰ
1714 417 2072 472 καταπτάντι

2190 424 2237 469 ιιι
2259 432 2386 473 aves
2402 417 2472 473 ob
2500 418 2748 473 carnium
2774 416 3091 473 aviditatem
3138 415 3455 471 advolantes
3491 427 3547 473 ct
3588 421 3757 472 altare

495 517 658 585 ὄρνεα
681 514 776 565 καὶ
805 512 864 563 τὸ
889 511 1280 581 θυσιαστήριον
1308 508 1775 577 περικυκλοῦντα,
1811 508 2076 578 πλείστην

497 605 646 674 αὐτῷ
679 605 779 673 τὴν
808 602 1034 672 ὄχλησιν
1078 600 1341 654 ἐνεποίει.
1376 602 1468 654 Διὸ
1502 601 1639 671 πρός
1676 617 1733 654 τε
1759 599 1859 670 τὴν
1898 597 2078 653 αὐτῶν

499 696 838 764 ἀποσόὸησιν
880 694 975 747 καὶ
1010 693 1153 763 πρὸς
1177 692 1275 763 τὴν
1308 692 1405 744 τοῦ
1435 690 1688 763 χρησμοῦ
1717 691 2078 761 μεριζόμενος

500 789 751 857 μέλησεν,
796 787 1097 855 ἀνήκεστον
1146 784 1207 838 τὸ
1254 785 1416 852 ἄλγος
1456 785 1685 854 ἐδέχετο,
1724 778 1858 837 Εἷτά
1890 800 1943 836 τι
1975 799 2081 835 πα-

502 881 743 950 ρέδραμε
779 880 839 932 τὸ
874 880 974 949 τῆς
1006 878 1222 950 ἡμέρας
1261 878 1537 940 ¹τιλεῖστον,
1572 879 1663 932 καὶ
1694 878 1786 932 τὸν
1813 878 2014 932 οἰκεῖον
2052 877 2081 930 ό

500 972 653 1041 ἥλιος
684 972 869 1042 διήνυε
901 970 1124 1042 δρόμον.
1165 970 1225 1023 ’0
1270 971 1453 1024 τοίνυν
1484 970 1857 1041 πατριάρχης,
1893 970 2082 1033 ἀτενὲς

505 1064 602 1133 μὲν
638 1064 697 1115 τὺ
739 1063 894 1133 ὄμμα
927 1064 1065 1133 πρὸς
1094 1062 1327 1134 ούρανίιν
1367 1063 1528 1134 ἔχων,
1569 1062 1668 1133 τὴν
1707 1063 1764 1116 δὲ
1802 1061 1894 1116 τοῦ
1926 1061 2080 1133 ἡλίου

501 1156 731 1224 πορείαν
762 1155 1276 1226 ἀναμετρούμενος,
1320 1156 1423 1227 τήν
1454 1172 1511 1207 τε
1543 1155 1723 1227 ψυχὴν
1750 1154 2084 1223 διεσπαράτ·

503 1267 647 1312 τετο,
675 1250 769 1303 καὶ
813 1250 893 1312 είς
937 1251 1145 1319 ἄπορον
1181 1247 1332 1318 αὐτῷ
1371 1249 1439 1301 τὰ
1480 1248 1582 1316 τῆς
1620 1247 1899 1311 ἐκύάσεως
1929 1247 2085 1301 καθί-

506 1357 687 1394 στατο.
711 1340 875 1402 Τέλος
902 1339 1149 1411 δυομένῳ
1180 1340 1259 1411 τῷ
1282 1339 1442 1412 ἡλίῳ,
1469 1341 1563 1393 καὶ
1593 1340 1661 1392 τὰ
1700 1339 1794 1393 τοῦ
1827 1338 2080 1411 χρησμοῦ

505 1432 733 1501 συνῆλθε
776 1433 1065 1503 προοίμια,
1095 1435 1156 1486 ού
1199 1434 1345 1486 κατὰ
1387 1433 1449 1486 ἰδ
1484 1432 1842 1503 ἐλπιζόμενον
1881 1433 2081 1502 πέρας,

505 1525 641 1577 πολὺ
688 1523 745 1577 δὲ
779 1525 876 1591 τῆς
936 1523 1269 1595 προσδοκίας
1309 1525 1550 1579 ἐναντία.
1593 1526 1737 1593 Περὶ
1787 1524 1856 1578 δὲ
1902 1526 2083 1593 ᾐ.λ·ὀυ

503 1614 761 1685 δυσμὰς,
798 1615 986 1682 φησιν,
1026 1615 1318 1682 ἔκστασις
1363 1615 1629 1670 ἐπέπεσε
1678 1614 1757 1680 τῷ
1797 1613 2080 1683 Ἀϐραάμ·

502 1709 600 1763 καί
635 1707 765 1761 ιδοὺ
796 1708 1181 1777 φόϐοςμέγας
1220 1709 1540 1775 σκοτεινὸς
1559 1709 1867 1762 ἐπιπίπτει
1898 1705 2081 1772 αὐτῷ’

2179 510 2388 565 circum
2443 510 2686 581 undique
2737 496 3073 581 occupantes
3134 508 3425 578 plurimam
3472 508 3546 563 illi
3589 512 3757 564 mole-

2177 604 2337 659 stiam
2365 605 2701 676 ingererent.
2731 605 2997 670 Quocirca
3025 602 3117 657 ille
3151 603 3204 656 in
3226 602 3445 657 diversa
3464 602 3760 657 distractus

2178 694 2378 763 partim
2430 703 2491 748 ut
2527 694 2782 747 volucres
2809 693 3129 763 depelleret,
3176 692 3375 762 partim
3426 705 3487 748 ut
3538 693 3761 747 oraculo

2179 787 2425 841 animum
2453 785 2791 847 intenderet,
2826 784 3162 839 intolerabili
3196 800 3399 857 angore
3442 785 3758 841 vexabatur.

2179 877 2409 932 lnterim
2453 892 2627 946 prope
2670 877 2906 931 maxima
2954 877 3287 932 decurrebat
3319 877 3428 932 diei
3503 893 3648 947 pars,
3708 887 3763 932 et

2181 984 2407 1024 cursum
2438 986 2597 1024 suum
2648 970 2760 1041 jam
2790 970 2866 1025 sol
2902 970 3244 1025 absolvebat.
3284 970 3603 1026 Patriarclia
3632 988 3761 1042 ergo

2181 1062 2347 1117 modo
2377 1063 2429 1116 in
2459 1063 2630 1118 (mles
2668 1062 2923 1118 obtutum
2954 1062 3218 1132 deligens,
3268 1063 3431 1118 modo
3470 1064 3575 1119 iter
3631 1065 3765 1120 solis

2182 1155 2497 1221 dimetiens,
2531 1170 2587 1210 et
2623 1156 2948 1211 tristabatur
2982 1155 3166 1210 animo
3206 1166 3260 1210 et
3300 1156 3528 1211 dubium
3570 1158 3645 1212 illi
3696 1157 3764 1213 de

2184 1246 2263 1301 rei
2294 1245 2446 1301 exitu
2479 1246 2890 1302 suboriebatur.
2924 1246 3168 1302 Tandem
3196 1247 3482 1302 occidente
3500 1248 3611 1318 jam
3648 1248 3764 1303 sole

2184 1341 2486 1415 primordia
2521 1359 2747 1414 quoque
2778 1343 3019 1398 vaticinii
3062 1342 3224 1398 simul
3275 1357 3601 1410 apparuere,
3655 1356 3765 1395 non

2184 1434 2409 1505 quidem
2438 1434 2744 1490 secundum
2780 1434 3011 1498 exitum,
3048 1449 3209 1505 quem
3234 1433 3339 1489 sibi
3383 1432 3766 1505 pollicebatur,

2184 1525 2279 1582 sed
2310 1542 2534 1597 prorsus
2560 1536 2754 1582 contra
2785 1543 2850 1583 ac
2894 1528 3171 1599 sperabat.
3204 1526 3438 1600 Cumque
3460 1530 3542 1586 sol
3560 1546 3767 1584 occum-

2187 1618 2351 1682 beret,
2385 1617 2563 1689 inquit
2587 1619 2653 1681 ⁶²,
2692 1636 2849 1688 sapor
2869 1620 3027 1675 irruit
3062 1637 3222 1692 super
3247 1622 3554 1688 Abraham;
3580 1630 3626 1675 et
3658 1638 3770 1674 erce

2187 1711 2376 1762 horror
2413 1726 2639 1780 ntaguus
2678 1720 2727 1765 et
2775 1713 3071 1766 tenebrosus
3117 1714 3307 1768 invasit
3340 1730 3483 1776 eum.
3544 1713 3770 1766 dictum—

503 1800 598 1854 aal
628 1799 837 1869 ἐῤῥέθη
866 1799 1018 1868 πρὸς
1061 1798 1343 1869 Ἀβραάμο
1366 1801 1695 1854 Γινὼσκων
1729 1797 1960 1870 γνώσῃ,
1990 1797 2082 1851 ὅτι

2190 1814 2288 1869 que
2310 1809 2383 1853 est
2414 1799 2484 1853 ad
2517 1799 2786 1856 Abraham
2821 1817 2838 1854 :
2869 1800 3011 1856 Scito
3040 1818 3390 1873 praenoscens,
3430 1802 3569 1873 quod
3622 1817 3771 1871 pcre-

502 1890 797 1961 πάροικον
830 1890 1002 1946 ἔσται
1032 1889 1099 1943 τὸ
1128 1890 1371 1959 σπέρμα
1402 1906 1519 1945 σου
1549 1891 1619 1945 ἐν
1655 1889 1732 1959 τῇ
1770 1891 1884 1944 οὐκ
1932 1887 2074 1956 ἰδίᾳ.

503 1982 678 2038 Τοῦτο
705 1985 806 2053 τῆς
840 1982 1242 2052 ἀντιλογίαςατδ
1274 1984 1472 2052 πέρας.

588 2071 727 2126 Ἀλλ’
757 2072 844 2126 ἵνα
868 2073 943 2143 μὴ
982 2072 1045 2125 τὸ
1072 2072 1354 2145 πάρεργον
1377 2075 1470 2126 τὸν
1499 2073 1592 2127 τοῦ
1617 2073 1782 2145 ἔργου
1807 2073 2086 2146 διακωλύῃ

506 2162 728 2227 σκοπὸν,
758 2162 821 2216 τὸ
847 2162 1078 2232 ἀψευδὲς
1108 2164 1202 2217 τοῦ
1226 2162 1388 2232 λόγου
1445 2165 1537 2218 διὰ
1592 2164 1705 2218 τῶν
1747 2165 2082 2237 εἰρημένων,

504 2257 715 2310 δίκαιον
756 2255 1182 2324 ὲπισφραγίσαι,
1210 2259 1271 2308 τὸ
1308 2256 1520 2320 πάντας
1547 2256 1818 2327 ἡττᾶσθαι
1844 2255 2087 2318 δικαίους

505 2346 625 2406 ταῖς
657 2344 800 2398 κατὰ
831 2345 995 2413 μέρος
1019 2345 1247 2412 ἀρεταῖς
1274 2345 1373 2413 τῆς
1395 2345 1809 2415 ἀνερμηνεύτου
1844 2345 2089 2399 καθυπο-

506 2436 785 2489 δείκνυται
827 2436 1126 2506 Παρθένου.
1185 2437 1328 2491 Ἀλλ’
1378 2437 1674 2492 ἀκόλουθον
1707 2438 1844 2508 πρὸς
1888 2437 1951 2492 τὸ
1988 2438 2087 2507 τῆς

509 2528 750 2600 ἱστορίας
783 2528 912 2599 ἑξῆς
938 2528 1097 2583 ἰέναι.

574 2707 713 2765 κη’,
742 2710 975 2777 Ἔμεινε
996 2706 1065 2761 δὲ
1099 2705 1337 2776 Μαριὰμ
1374 2706 1496 2761 σὺν
1519 2705 1679 2775 αὐτῇ
1707 2708 1849 2762 ὡσεί
1888 2707 2086 2779 μῆνας

509 2805 664 2873 τρεῖς
687 2845 702 2869 ,
753 2804 851 2858 καί
914 2802 1305 2871 ὑπέστρεψεν
1351 2803 1439 2868 εις
1482 2801 1591 2855 τεν
1641 2797 1813 2857 οτκον
1873 2800 2082 2868 αὐτῆς.

511 2896 696 2962 ’Ἄξιον
732 2896 830 2965 μὲν
855 2890 947 2948 οὖν
972 2894 1303 2965 διαπορῆσαι
1330 2893 1621 2964 πρότερον,
1652 2894 1777 2947 ὅτου
1810 2894 1972 2964 χάριν
1996 2894 2086 2947 τὸν

509 2990 859 3058 τριμηνιαῖον
893 2986 1087 3055 χρόνον
1130 2989 1188 3039 ὲν
1227 2988 1342 3048 τοῖς
1378 2984 1481 3055 τῆς
1526 2983 1811 3037 Ἑλισάσετ
1842 2986 1876 3051 ἠ
1915 3000 2087 3067 πανα·

2183 1895 2398 1966 grinum
2429 1896 2527 1949 erit
2557 1911 2735 1950 semen
2762 1901 2906 1949 tuum
2929 1895 2985 1948 in
3014 1904 3157 1949 terra
3186 1913 3289 1951 non
3316 1913 3438 1951 sua.
3472 1894 3650 1965 Atque
3680 1894 3771 1948 hic

2186 1985 2553 2055 appositionis
2585 1985 2730 2041 finis.

2258 2074 2457 2129 Verum
2511 2090 2578 2129 ne
2630 2075 2779 2143 quod
2826 2085 2913 2129 est
2947 2075 3098 2145 operi
3153 2074 3545 2142 acccssorium,
3586 2074 3771 2144 operis

2187 2161 2360 2232 ipsius
2383 2176 2612 2233 scopum
2649 2162 2935 2232 impediat,
2977 2178 3045 2218 ex
3102 2163 3169 2218 iis
3230 2179 3354 2233 qua:
3405 2162 3551 2219 dicta
3619 2171 3770 2227 sunt,

2188 2255 2483 2324 praemissa:
2513 2257 2801 2310 sententia
2833 2254 3124 2310 veritatem
3160 2255 3271 2325 jam
3307 2270 3543 2325 pronum
3579 2262 3662 2309 est
3693 2253 3775 2307 le-

2188 2348 2376 2419 gitime
2417 2346 2645 2409 inferre.
2681 2346 2945 2403 videlicet
2989 2348 3170 2417 justos
3201 2363 3392 2403 omnes
3441 2347 3495 2401 in
3540 2346 3771 2416 singulis

2192 2438 2488 2494 virtutibus
2539 2438 2987 2493 manifestissime
3019 2438 3087 2494 ab
3124 2437 3387 2494 ineffabili
3414 2436 3637 2507 Virgine
3673 2452 3766 2491 su-

2189 2528 2390 2599 perari.
2439 2528 2630 2583 Restat
2675 2542 2823 2582 nunc
2873 2536 2933 2583 ut
2966 2526 3033 2582 ad
3089 2528 3361 2599 reliquum
3407 2527 3651 2583 historia:
3701 2544 3765 2582 ex

2188 2620 2383 2675 ordine
2412 2619 2796 2689 procedamus.

2260 2710 2496 2766 XXVIII.
2549 2710 2747 2766 Mansit
2775 2720 2953 2766 autem
2979 2712 3151 2767 Maria
3184 2730 3300 2767 cum
3324 2712 3418 2766 illa
3445 2715 3598 2785 quasi
3626 2730 3771 2767 nicu-

2186 2803 2327 2857 sibus
2363 2803 2554 2866 tribus,
2592 2812 2641 2856 et
2681 2818 2890 2858 reuersa
2940 2813 3014 2858 est
3058 2806 3112 2858 in
3163 2805 3376 2858 domum
3423 2822 3574 2859 suum
3605 2806 3667 2858 ⁸³.
3707 2805 3774 2859 Iit

2191 2895 2428 2965 primum
2459 2894 2684 2964 quidem
2720 2910 2903 2964 opera:
2933 2898 3169 2965 pretium
3201 2907 3287 2952 est
3322 2898 3376 2952 in
3411 2898 3769 2967 quaestionem

2189 2986 2490 3050 adducere,
2518 3001 2748 3041 curnam
2785 2986 3077 3057 purissima
3133 2987 3225 3041 illa
3265 3002 3363 3058 per
3403 2987 3566 3042 trium
3622 3002 3773 3040 men-

514 3079 775 3151 μὼμητος
806 3078 1153 3150 ἐνδιατρίϐει,
1179 3080 1274 3132 καὶ
1303 3077 1392 3131 διὰ
1421 3076 1473 3130 τί
1503 3078 1604 3131 οὐκ
1642 3076 1847 3148 ἐρρέθη
1874 3074 2088 3145 Μῆνας

2194 3078 2338 3133 sium
2373 3076 2611 3145 spatium
2658 3090 2878 3132 maneat
2934 3077 2987 3130 in
3042 3077 3207 3132 domo
3245 3076 3545 3143 Elisabetb,
3589 3087 3644 3132 et
3676 3093 3776 3131 cur

510 3170 691 3242 τρεῖς,
722 3171 836 3226 ἀλλ’
875 3171 1035 3227 Ὠσεί
1069 3169 1251 3240 τρεῖς.

583 3352 747 3422 Διττὴ
790 3352 1019 3420 γέγονεν
1061 3348 1205 3419 αὕτη
1258 3348 1361 3418 τῆς
1406 3348 1719 3417 ἀπεκδοχῆς
1764 3349 1799 3418 ή
1848 3347 2086 3416 ἀνάγκη.

515 3443 716 3515 Πρώτη
747 3444 847 3513 μὲν
885 3444 996 3513 γὰρ
1031 3442 1126 3496 καὶ
1168 3440 1410 3508 εὐλόγως
1455 3438 1883 3505 κατεπείγουσα,
1908 3439 1942 3507 ἠ
1981 3436 2091 3489 τῶν

512 3536 720 3589 ὠδίνων
754 3533 1037 3586 Ἐλισάσετ
1062 3529 1386 3602 περαίωσις,
1420 3529 1574 3600 καὶὴ
1608 3525 1704 3581 τοῦ
1733 3527 1895 3581 τόκου
1926 3526 2092 3597 φανέ-

518 3644 711 3697 ρωσις.
766 3624 949 3693 Μέχρι
987 3624 1099 3693 γὰρ
1154 3622 1348 3676 τούτου
1401 3620 1572 3691 συνῆν
1622 3623 1687 3690 τῇ
1741 3619 2093 3692 κυοφορούσῃ

519 3715 728 3786 στείρα·
773 3714 987 3785 ἐύδόμῳ
1038 3714 1140 3783 μὲν
1191 3713 1589 3782 ἐπιδημήσασα
1626 3712 1727 3777 τῆς
1776 3712 2092 3783 συλλήψεως

521 3807 675 3877 μηνὶ,
717 3806 851 3878 πρὸς
878 3806 935 3860 δὲ
983 3805 1060 3877 τῷ
1092 3806 1196 3875 τῆς
1245 3804 1617 3871 ἀποτεύξεως,
1660 3803 1721 3869 ὃς
1761 3803 1826 3874 δὴ
1873 3805 2094 3870 ἒννατός

517 3897 657 3960 ἐστι,
683 3897 1150 3965 παλινοστήσασα.
1181 3896 1356 3949 Τοῦτο
1404 3896 1462 3950 δὲ
1497 3895 1694 3960 ἐποίει,
1723 3895 1786 3949 τὸ
1831 3895 2094 3967 τεχθησόο

522 4004 680 4056 μενον
707 3988 834 4040 ἰδεῖν
865 3987 1186 4060 βουλομένη,
1228 3990 1323 4043 καὶ
1357 3992 1424 4060 τῇ
1471 3990 1615 4061 χαρᾷ
1652 3989 1752 4056 τῆς
1800 3988 2094 4059 τικτούσης

520 4078 988 4150 συνευωχηθῆναι.
1035 4080 1101 4134 Ei
1155 4081 1265 4151 γὰρ
1308 4079 1486 4151 τούτῳ
1534 4081 1738 4142 πάντες
1785 4080 2094 4134 τελεσθέντι

519 4169 808 4239 συνήδοντο
826 4169 905 4239 τῷ
942 4170 1089 4241 τόκῳ
1122 4171 1238 4224 ὅσοι
1268 4171 1370 4240 τῆς
1399 4170 1572 4239 φυλῆς
1600 4170 1884 4241 μετέσχον,
1914 4171 2096 4241 πολλῷ

2195 3188 2303 3225 non
2338 3170 2543 3224 dictum
2594 3170 2668 3224 sit
2710 3168 2895 3223 Tribus
2944 3168 3232 3234 mensibus,
3283 3166 3379 3223 sed
3415 3168 3570 3238 quasi
3609 3166 3774 3220 tribus

2196 3261 2477 3317 nteusibus.

2268 3350 2477 3418 Duplex
2501 3364 2667 3419 porro
2699 3348 2800 3403 ista
2833 3348 2935 3403 fuit
2959 3348 3226 3418 longioris
3259 3348 3425 3419 hujus
3456 3364 3623 3406 mora:
3674 3366 3776 3406 nc-

2196 3442 2446 3498 cessitas.
2484 3443 2559 3496 Ac
2589 3440 2766 3511 prima
2806 3440 3051 3511 quidem,
3108 3448 3167 3495 et
3209 3455 3333 3510 qua:
3366 3442 3565 3496 merito
3611 3442 3678 3496 ad
3721 3442 3773 3496 id

2198 3540 2571 3604 permoveret.
2615 3546 2782 3586 causa
2825 3530 2947 3596 fuit,
2981 3539 3041 3586 ut
3074 3539 3290 3601 tempus
3315 3531 3637 3601 gestationis
3658 3532 3774 3588 Eli-

2197 3623 2439 3680 sabetlue
2477 3623 2820 3692 impleretur,
2870 3621 3144 3693 fretusque
3167 3621 3423 3678 ederetur
3454 3623 3510 3678 in
3573 3624 3774 3680 lucem.

2195 3715 2277 3770 Ad
2319 3714 2373 3771 id
2418 3714 2564 3769 enim
2598 3729 2775 3783 usque
2809 3714 3074 3784 temporis
3111 3729 3236 3769 cum
3284 3714 3459 3771 sterili
3500 3715 3611 3772 ulla
3658 3725 3777 3772 ute-

2198 3822 2318 3860 rum
2350 3813 2596 3874 gcstante
2629 3803 2927 3873 permansit
2957 3821 2971 3858 :
3009 3805 3212 3877 quippe
3240 3821 3362 3876 qua:
3392 3821 3516 3862 cum
3542 3808 3778 3877 septimo

2200 3912 2227 3949 a
2263 3897 2624 3963 conceptione
2667 3896 2814 3950 illius
2840 3912 3028 3951 mense
3066 3898 3401 3963 advenisset,
3440 3899 3558 3970 ipso
3586 3910 3779 3970 partus

2199 4002 2409 4050 mense,
2440 3986 2532 4056 qui
2574 3987 2752 4056 palam
2785 3996 2868 4041 est
2896 4003 3096 4049 nonus,
3138 3988 3256 4057 ipsa
3287 4004 3503 4043 reversa
3533 4000 3635 4045 est.
3663 3991 3779 4045 lloc

2200 4089 2381 4133 autem
2416 4080 2692 4148 priestitit,
2728 4086 2917 4147 utpote
2942 4094 3063 4147 qua-
3089 4087 3145 4133 et
3174 4095 3407 4146 puerum
3433 4081 3773 4136 nasciturum

2198 4171 2411 4233 videre,
2443 4179 2498 4225 et
2531 4169 2796 4239 parientis
2850 4170 3049 4239 gaudio
3101 4172 3451 4242 congauderc
3497 4175 3775 4243 cupiebat.

522 4260 725 4331 μᾶλλον
763 4260 971 4331 ταύτην
1022 4261 1130 4315 ἔδει
1165 4264 1444 4334 παρεῖναι,
1489 4263 1592 4333 τὴν
1630 4262 1690 4315 τὸ
1725 4262 2093 4333 γνησιώτερον

2201 4261 2256 4317 Si
2280 4262 2427 4315 enim
2456 4269 2731 4329 quotquot
2766 4269 2923 4314 erant
2948 4261 3193 4331 ejusdem
3231 4263 3426 4329 tribus,
3457 4280 3648 4321 omnes
3674 4266 3779 4319 isto

518 4352 618 4422 τῆς
654 4355 978 4420 συγγενείας
1018 4353 1366 4424 βεϐαιοῦσαν.
1392 4356 1518 4408 Ὀτι
1544 4356 1599 4408 δὲ
1636 4356 1819 4410 πολλοὶ
1860 4359 1926 4427 τῇ
1965 4357 2093 4429 παρ’

2202 4361 2359 4422 partu
2410 4352 2478 4406 ad
2532 4352 2747 4406 felicem
2789 4354 2996 4406 exitum
3040 4354 3307 4422 perducto
3362 4374 3467 4411 una
3506 4357 3777 4427 jucunda-

521 4445 712 4499 ἐλπίδα
744 4447 1206 4518 συνευφραίνοντο
1238 4448 1522 4520 κυοφορίᾳ,
1558 4451 1586 4503 ό
1616 4449 1904 4513 Θεσπέσιος
1934 4450 2093 4518 εὐαγ-

2200 4444 2426 4503 bantur,
2466 4442 2641 4496 multo
2679 4441 2850 4512 magis
2880 4441 3020 4497 hanc
3043 4444 3332 4513 oportebat
3382 4446 3507 4501 inde
3545 4463 3654 4502 non
3682 4447 3783 4501 ειιι-

522 4537 783 4608 γελιστὴς
822 4539 1123 4608 διατρανοῖ’
1163 4541 1479 4595 Ἤκουσαν
1506 4543 1637 4612 γὰρ,
1672 4543 1859 4612 φησὶν,
1899 4546 1953 4597 οἱ
1996 4555 2093 4596 πε-

2202 4549 2344 4595 esse,
2380 4548 2502 4603 quae
2526 4532 2819 4587 arctiorem
2851 4534 2957 4588 hoc
2982 4544 3140 4604 pacto
3191 4537 3574 4606 cognationem
3623 4553 3777 4609 suam

516 4629 732 4697 ριοικοι
781 4630 878 4684 καί
925 4635 976 4685 oi
1008 4631 1326 4701 συγγενεῖς
1361 4631 1547 4701 αὐτῆς
1573 4673 1587 4693 ,
1630 4632 1719 4687 ὅτι
1762 4633 2093 4702 ἐμεγάλυνε

2198 4623 2525 4680 testabatur.
2570 4622 2725 4690 Quod
2782 4640 2915 4679 vero
2954 4625 3112 4679 multi
3164 4626 3441 4696 insperato
3483 4627 3587 4681 hoc
3619 4638 3775 4696 partu

526 4720 741 4789 Κύριος
766 4721 833 4774 τὸ
864 4721 1038 4786 ἕλεος
1068 4722 1255 4775 αὐτοῦ
1283 4721 1411 4791 μετ’
1437 4722 1652 4789 αὐτῆς,
1690 4724 1786 4776 καὶ
1818 4723 2093 4791 συνέχαι-

2198 4715 2452 4770 coll:etati
2487 4715 2715 4779 fuerint,
2761 4714 3046 4771 manifeste
3081 4717 3243 4770 tradit
3273 4716 3540 4771 divinitus
3570 4716 3783 4772 amatus

518 4828 636 4879 ρον
667 4811 843 4881 αὐτῇ,
871 4816 939 4885 τῇ
980 4813 1263 4868 Ἑλισάὄετ
1287 4814 1554 4883 δηλονότι·
1582 4814 1723 4867 ὥστε
1753 4814 1936 4868 αὐτῶν
1972 4831 2093 4866 συν-

2196 4808 2576 4879 evangelista:
2614 4810 2908 4865 Audierant
2940 4816 3110 4871 enim.
3157 4812 3357 4881 inquit,
3396 4812 3552 4866 cicini
3598 4824 3647 4866 et
3696 4829 3782 4865 co-

527 4904 991 4971 ευφραινομένων,
1015 4904 1260 4972 προσῆκε
1289 4901 1425 4972 μηδὲ
1447 4901 1648 4970 ταύτην
1680 4899 2093 4963 ἀπολείπεσθαι,

2200 4901 2351 4971 gnati
2378 4901 2515 4970 ejus,
2544 4901 2668 4969 quia
2700 4901 3057 4971 magni/ienuit
3088 4903 3337 4957 Dominus
3369 4903 3781 4958 misericordiam

528 4992 711 5046 αὐτῶν
734 4994 829 5047 καὶ
865 4994 939 5064 μὴ
983 4993 1318 5064 βουλομένην
1357 4993 1449 5064 βία
1474 4992 1885 5064 κατασχόντων.

2208 5010 2359 5047 suam
2389 5010 2509 5047 cum
2547 4992 2665 5056 illa,
2702 5001 2751 5047 et
2777 4994 3290 5063 congratulubantur
3330 4997 3376 5050 ei
3416 4995 3481 5059 “,
3539 4995 3785 5049 Elisabe-

530 5091 637 5163 ll-te
677 5089 908 5146 scilicet.
954 5090 1080 5145 Istis
1115 5091 1282 5161 igitur
1317 5090 1819 5160 congaudentibus,
1877 5103 2106 5161 prorsus
2143 5104 2451 5161 congruum
2493 5100 2633 5157 erat,
2675 5100 2736 5146 ut
2800 5089 2916 5144 haec
2972 5106 3192 5161 quoque
3221 5108 3329 5145 non
3355 5092 3779 5150 desideraretur.

528 5184 830 5253 praesertim
854 5198 984 5238 vero
1012 5183 1159 5253 quod
1190 5184 1276 5238 vel
1304 5184 1583 5239 nolentem
1615 5183 1720 5253 ipsi
1755 5184 1805 5237 vi
1838 5183 2228 5238 detinuissent.

599 5274 728 5332 KB'.
759 5276 1003 5344 Δευτέρα
1030 5274 1087 5329 δέ
1117 5276 1266 5329 ἐστιν
1290 5276 1461 5338 αίτία,
1498 5276 1621 5347 ἥτις
1647 5277 1741 5330 ἐπὶ
1763 5275 2016 5331 τοσοῦτον
2045 5277 2093 5328 ὲκ

2290 5273 2476 5328 XXIX.
2510 5273 2617 5328 Sed
2658 5283 2709 5328 ct
2737 5273 2907 5328 altera
2943 5273 3097 5329 adest
3127 5290 3310 5337 causa,
3344 5291 3465 5346 qua}
3497 5275 3682 5331 tandiu
3714 5275 3783 5332 il-

527 5370 639 5433 τοῖς
671 5371 851 5422 ἐκεῖσε
875 5368 1077 5439 ταύτην
1100 5371 1342 5441 κατεῖχε,
1359 5371 1452 5423 καὶ
1472 5368 1672 5436 μᾶλλον
1706 5368 2106 5440 ἀναγκαιοτέρα

522 5462 825 5532 κρινομένη
844 5476 860 5490 ⁸
886 5462 920 5531 ἡ
955 5463 1035 5524 είς
1062 5461 1089 5514 ὅ
1115 5478 1170 5514 τι
1199 5459 1266 5514 ἂν
1297 5463 1330 5531 ἡ
1364 5461 1458 5515 τοῦ
1491 5461 1765 5532 Ζαχαρίου
1797 5461 2106 5531 συναποδή-

533 5569 686 5607 σεται
720 5551 923 5623 σιωπή.
956 5550 1257 5605 Συνεπάθει
1288 5551 1397 5621 γὰρ
1444 5553 1512 5623 τῇ
1562 5551 1776 5623 ἀφωνία
1820 5553 1884 5605 ἐκ
1916 5550 2108 5620 διαφε-

606 5729 652 5762 ⁴¹
686 5726 822 5780 Gen.
869 5744 956 5791 xv,
991 5727 1073 5781 15.
1148 5726 1193 5758 ⁸³
1246 5723 1381 5779 Luc.
1435 5740 1475 5791 ι,
1530 5723 1621 5779 56.
1699 5723 1745 5757 ⁸⁸
1797 5722 1931 5779 Luc.
1992 5739 2031 5788 I,
2079 5722 2165 5778 58.

2210 5365 2283 5421 lic
2310 5383 2429 5420 eam
2457 5366 2748 5424 continuit,
2777 5374 2832 5418 et
2860 5365 3079 5434 quidem
3112 5383 3232 5436 qua:
3293 5369 3489 5423 merito
3519 5369 3782 5439 majorem

2212 5459 2494 5513 induxisse
2535 5458 2917 5512 necessitatem
2958 5459 3305 5513 existimetur
3338 5478 3351 5513 :
3386 5469 3445 5515 ut
3468 5461 3677 5516 scilicet
3711 5460 3787 5513 vi-

2214 5549 2392 5615 deret,
2431 5564 2595 5619 quem
2628 5548 2846 5603 tandem
2875 5550 3034 5604 linem
3069 5551 3379 5605 habiturum
3408 5562 3553 5608 esset
3580 5551 3786 5607 Zacha-
