4122 6212
378 202 476 269 (illi

1669 213 1927 275 JACOBI
1968 215 2313 277 MONACHI

3540 212 3646 276 0'32

380 320 474 374 ri:e
502 317 802 377 silentium.
833 319 1175 378 Condolebat
1205 322 1352 377 enim
1382 322 1483 389 illi,
1531 324 1676 394 quod
1704 342 1839 382 voce
1867 341 1959 382 ca-

2069 328 2271 397 ρόντων
2301 327 2499 397 ἔχουσα
2531 328 2629 392 τὰς
2657 328 2932 400 ἀφορμάς.
2966 328 3165 399 Πρώτη
3202 328 3299 399 μὲν
3334 330 3397 382 ὲκ
3429 327 3521 383 τοῦ
3550 330 3648 399 τῆς

383 420 553 476 reret,
598 409 930 482 dolendique
954 428 1063 466 non
1095 428 1201 466 nua
1229 413 1278 467 ei
1308 413 1450 468 ratio
1494 423 1634 468 erat.
1671 415 1751 469 Ac
1782 415 1962 485 primo

383 499 606 569 quidem
658 504 729 556 ob
790 512 953 557 arctze
1008 503 1288 558 vinculum
1346 505 1724 587 cognationis;
1763 507 1963 562 deinde

383 607 606 647 veroex
640 593 1016 649 recordatione
1060 612 1279 667 quoque
1320 612 1534 663 eorum,
1573 614 1694 669 qua:
1731 598 1835 654 sibi
1871 600 1962 657 ille

382 691 614 736 testatus
642 682 837 737 fuerat.
882 685 1146 752 Linguam
1181 688 1329 743 enim
1360 688 1529 751 illam,
1560 705 1681 759 quae
1718 692 1962 761 prophe-

383 781 497 827 tare
523 782 578 828 et
609 772 790 831 futura
815 777 1187 844 prteuuntiarc
1234 794 1433 833 arcana
1464 780 1675 833 ratione
1728 779 1962 844 solebat,

381 861 611 927 otiosam
662 864 884 919 interim
924 882 1133 937 suaque
1167 867 1486 923 destitutam
1527 869 1754 932 virtute,
1814 870 1957 925 intra

376 953 520 1009 labia
543 955 899 1031 constrictam
951 958 1233 1014 cernebat.
1270 960 1580 1031 PrOphetite
1632 976 1798 1033 porro
1832 962 1963 1016 cha-

378 1044 604 1102 rismate
647 1057 927 1115 exornata,
987 1050 1140 1105 illum
1204 1069 1235 1107 a
1300 1053 1449 1122 gravi
1514 1052 1613 1108 hac
1650 1054 1960 1110 calamitate

378 1144 526 1191 certe
547 1137 895 1194 liberandum
918 1153 1167 1207 noverat,
1199 1159 1264 1199 ac
1291 1159 1483 1203 rursus
1510 1144 1799 1199 articulata
1826 1161 1960 1202 voce

378 1225 710 1285 dulcissima:
743 1231 891 1286 illius
922 1233 1224 1303 prepbetiae
1257 1234 1514 1306 mysteria
1542 1234 1915 1295 revelaturum

2065 419 2385 486 συγγενείας
2419 419 2658 488 ὑπογύου
2686 438 2698 451 ·
2732 420 2925 476 ἔπειτα
2950 421 3004 475 δὲ
3041 422 3141 474 καὶ
3166 422 3264 492 τῆς
3291 420 3401 473 τῶν
3434 437 3647 492 μαρτυ-

2064 509 2340 585 ρηθέντων
2370 513 2507 582 αύτῇ
2549 515 2794 583 μνήμης.
2841 513 3098 567 Γλῶσοαν
3130 513 3240 584 γὰρ
3295 514 3514 581 ἐκείνην
3542 515 3640 583 τὴν

2066 603 2545 671 προφητεύσας-κν,
2598 605 2690 658 καὶ
2723 604 3003 674 μυστικῶς
3057 602 3124 659 τὰ
3166 604 3430 675 μέλλοντα
3478 622 3642 674 προσ.

2068 691 2472 765 φθεγξαμένην,
2533 697 2711 767 ἀργὴν
2761 697 2897 759 τέως
2938 696 3034 753 καὶ
3088 697 3457 764 ἀνενέργητον
3496 699 3645 760 ἐντὸς

2060 787 2286 865 χειλέων
2334 789 2743 861 καθειργμένην
2797 788 2964 859 ἑώρα.
3024 790 3182 862 ’ῌδει
3237 790 3340 860 μὲν
3394 793 3506 860 γὰρ
3570 790 3647 861 τῷ

2064 878 2390 948 προφητικῷ
2444 878 2875 949 λαμπρυνομένη
2930 878 3254 949 χαρίσματι,
3288 880 3365 942 ὡς
3410 879 3475 949 δὴ
3515 897 3644 932 συν-

2064 968 2475 1042 απολυθήσεται
2504 975 2624 1035 ταῖς
2649 973 2824 1036 ὠδῖσι,
2859 974 2953 1026 καὶ
2999 973 3161 1026 πάλιν
3211 972 3460 1044 ὲνάρθρῳ
3495 975 3645 1043 φωνῇ

2060 1063 2131 1115 τὰ
2159 1062 2257 1131 τῆς
2292 1065 2555 1130 γλυκείας
2609 1067 2827 1135 ἐκείνης
2866 1063 3229 1133 διατρανὼσει
3266 1065 3603 1135 προφητείας
3627 1080 3641 1093 ·

2062 1152 2383 1226 διῳκονόμει
2416 1157 2473 1211 δὲ
2506 1157 2705 1228 ἄριστα
2732 1157 3113 1227 ἐνεργουμένῳ
3156 1158 3331 1228 τούτῳ
3364 1160 3642 1229 παρεῖναι,

2067 1245 2161 1296 καὶ
2192 1247 2532 1317 συνησθῆναι
2563 1247 2894 1317 τελουμένῳ.

376 1329 542 1391 atque
580 1323 717 1377 adeo
781 1324 983 1379 ibidem
1048 1326 1405 1392 consistebat,
1463 1339 1574 1398 quo
1624 1327 1700 1381 illi
1764 1327 1950 1385 divina
1990 1329 2350 1405 inSpiratione
2416 1340 2619 1397 eximie
2667 1348 2791 1396 acto
2818 1354 2883 1397 ac
2945 1338 3193 1409 perfecto
3240 1336 3541 1393 et'adesse
3591 1349 3647 1391 et

376 1416 721 1484 congaudere
746 1428 955 1487 posset.

449 1509 616 1565 XXX.
667 1508 1123 1582 Quandoquidem
1158 1528 1290 1584 ergo
1337 1513 1491 1568 hisce
1540 1512 1609 1569 de
1652 1515 1837 1569 causis
1887 1512 1959 1569 ibi

2142 1512 2223 1568 A'.
2265 1512 2419 1569 Ἐπεὶ
2452 1510 2546 1567 οὖν
2576 1512 2740 1568 ἕνεκα
2770 1513 2976 1569 τούτων
3006 1511 3105 1581 τὴν
3134 1510 3319 1564 αὐτόθι
3362 1510 3646 1581 διατριϐὴν

378 1617 590 1658 moram
650 1603 877 1670 fecerat,
932 1621 1054 1659 cum
1104 1605 1213 1675 jam
1267 1604 1621 1660 sustinuisset
1660 1621 1833 1675 usque
1890 1604 1958 1663 ad

378 1695 524 1748 diem
571 1710 681 1765 quo
713 1706 903 1765 partus
952 1696 1004 1750 in
1052 1697 1228 1753 lucem
1272 1705 1357 1751 est
1407 1698 1614 1764 editus,
1660 1708 1715 1753 et
1774 1699 1961 1768 lingua

376 1787 555 1840 saluta
587 1795 691 1853 est,
746 1788 813 1841 ad
868 1802 964 1840 sua
1007 1802 1250 1842 remeare
1278 1789 1388 1859 jam
1442 1787 1758 1863 festinabat.
1822 1789 1960 1844 llinc

375 1878 541 1932 etiam
585 1880 739 1947 quasi
798 1889 901 1933 tres
941 1896 1143 1934 menses
1180 1881 1515 1949 evangelista
1552 1881 1708 1945 dicit,
1752 1889 1807 1937 ct
1848 1898 1958 1936 non

377 1968 514 2023 'l‘res
543 1969 727 2041 plane,
761 1971 889 2042 quia
919 1972 1160 2031 nondum
1188 1973 1389 2043 expleti
1421 1973 1511 2028 isti
1544 1983 1725 2042 erant,
1755 1977 1960 2046 quippe

377 2060 480 2114 sub
512 2050 723 2127 ultimis
762 2063 981 2134 septimi
1024 2065 1227 2120 mensis
1259 2065 1455 2121 diebus
1485 2066 1599 2137 ipsa
1640 2066 1975 2127 δύνουσι-οι..

444 2153 585 2209 Nato
620 2154 787 2227 igitur
820 2172 1160 2227 prmcursorc
1192 2158 1343 2213 illius
1374 2159 1538 2229 regis,
1573 2160 1664 2230 qui
1694 2160 1748 2216 in
1801 2171 1960 2227 utero

381 2245 741 2305 incliabiliter
793 2249 1135 2319 gestabatur,
1181 2260 1347 2320 atque
1382 2252 1547 2323 hujus
1582 2253 1811 2324 imperio
1841 2255 1961 2310 vin-

379 2336 521 2391 culis
550 2336 750 2397 silentii
782 2339 1082 2410 perruptis,
1139 2356 1331 2396 rursus
1381 2343 1680 2413 gratiarum
1717 2342 1962 2398 actiones

377 2430 631 2496 Domino,
664 2447 729 2486 ac
791 2448 985 2489 rursus
1033 2433 1556 2503 lmmacnlatissinue
1586 2435 1662 2490 illi
1692 2435 1964 2491 laudatio-

378 2535 478 2576 nes
527 2521 1002 2593 persolvebantur.
1058 2523 1139 2579 Ac
1202 2526 1438 2595 primum
1486 2541 1609 2580 cum
1669 2526 1961 2583 Zacharias

376 2614 678 2683 gratiarum
724 2615 1004 2670 canticum
1045 2618 1369 2673 oeconomiae
1402 2619 1615 2673 auctori
1643 2634 1742 2688 pro
1772 2619 1962 2675 ineﬂa-

376 2705 473 2761 bili
517 2707 985 2764 condescensione
1043 2709 1437 2780 persolvisset;
1476 2718 1588 2764 tum
1641 2723 1697 2764 et
1755 2718 1959 2782 myste-

376 2797 521 2850 rium
552 2797 733 2867 ipsum
769 2799 1078 2862 celebrans,
1113 2809 1170 2854 et
1204 2810 1459 2864 matrem,
1502 2816 1601 2869 per
1638 2818 1800 2871 quam
1830 2818 1961 2873 per-

374 2886 579 2946 fectum
612 2889 811 2957 fuerat,
843 2891 1214 2962 magniﬁcans,
1254 2892 1335 2946 sic
1369 2892 1669 2961 prephctiaa
1691 2894 1954 2963 hymnum

378 2995 576 3037 canere
601 2982 790 3053 cmpit.
823 2982 1165 3038 Gloriticatio
1215 2983 1385 3048 enim,
1413 2972 1575 3052 quam
1629 2983 1743 3053 ipsc
1792 3000 1957 3045 exor-

377 3089 472 3130 sus
500 3082 609 3136 cst,
642 3083 698 3128 et
734 3091 840 3145 qua
874 3074 1119 3147 mystcrii
1152 3074 1349 3130 extulit
1397 3074 1674 3130 ineﬂ‘abile
1732 3086 1957 3145 porten-

377 3174 516 3232 tum,
543 3166 813 3236 ejusmodi
843 3174 960 3221 est:

448 3257 639 3333 XXXI.
671 3256 917 3313 Odivina
940 3265 996 3329 et
1016 3256 1410 3328 benignissima
1437 3244 1709 3312 visitatio!
1743 3256 1786 3311 Ο
1819 3272 1958 3312 nova

379 3363 608 3419 prorsus
644 3358 699 3415 et
742 3347 1069 3422 admiranda
1099 3349 1443 3403 sollicitudo!
1476 3347 1577 3417 Qui
1638 3349 1694 3407 in
1759 3349 1960 3403 altissi-

379 3437 484 3503 mis
509 3435 663 3493 sedet
689 3437 853 3497 Dens.
884 3446 1110 3509 propter
1140 3452 1294 3491 suam
1333 3453 1461 3508 erga
1500 3438 1753 3492 homines
1774 3439 1958 3509 chari-

377 3537 543 3584 tatem
583 3528 637 3582 in
666 3536 812 3582 terra
870 3537 1099 3597 apparet
1131 3544 1144 3580 :
1179 3528 1272 3598 qui
1310 3537 1527 3597 creator
1561 3540 1645 3581 est
1684 3530 1957 3595 omnium,

378 3620 674 3691 humanam
709 3617 890 3677 induit
928 3627 1177 3672 naturam
1207 3637 1220 3672 :
1256 3619 1349 3688 qui
1374 3619 1619 3673 omnium
1661 3621 1959 3686 plasmator

376 3721 461 3768 cst
495 3719 551 3765 et
598 3710 882 3783 Dominus,
914 3710 1183 3781 stupenda
1240 3726 1471 3781 prorsus
1524 3712 1734 3774 ratione
1783 3711 1960 3766 factus

378 3803 666 3860 estinlans
711 3819 724 3855 :
773 3804 874 3875 qui
915 3804 1092 3858 Patris
1124 3804 1359 3873 quiescit
1407 3805 1460 3858 in
1493 3805 1641 3865 sinu,
1686 3804 1740 3857 in
1802 3813 1959 3860 utero

377 3897 595 3952 fovetur
620 3893 812 3951 matris
850 3913 863 3950 :
905 3896 1000 3967 qui
1036 3895 1286 3965 ﬂammeo
1313 3896 1511 3950 throno
1544 3893 1766 3958 insidet,
1795 3897 1956 3951 vulva

377 3991 671 4063 purissima
749 3991 1084 4057 continetur.
1142 3989 1296 4043 Nunc
1350 3989 1603 4060 apparuit
1665 3988 1958 4045 inellabilis

375 4085 548 4154 gratia
584 4102 597 4138 :
640 4099 787 4139 nunc
817 4092 1134 4153 exspectata
1163 4082 1310 4136 salus
1333 4079 1598 4151 advenit:
1632 4096 1777 4137 nunc
1803 4091 1958 4137 vete-

2064 1604 2494 1679 ὲπεποίητο,τὰς
2519 1606 2683 1675 μέχρι
2695 1604 2793 1675 τῆς
2815 1603 3177 1675 ἀποκυήσεως
3206 1602 3299 1656 καὶ
3325 1601 3643 1662 ἀπολύσεως

2061 1697 2163 1768 τῆς
2196 1686 2445 1773 γλώττης
2500 1696 2717 1767 ἡμέρας
2770 1696 3254 1766 ὲγκαρτερήσασα,
3301 1694 3643 1747 παλινοστεῖν

2063 1790 2441 1858 κατεπείγετο.
2511 1790 2609 1855 Διά
2671 1790 2830 1841 τοῦτο
2890 1787 2985 1841 καὶ
3023 1785 3189 1841 Ὠσεὶ
3246 1784 3403 1855 τρεῖς
3434 1783 3637 1855 μῆνάς

2064 1900 2231 1953 φησιν
2283 1883 2312 1936 ὀ
2377 1880 2795 1950 εύαγγελιστὴς,
2849 1881 2945 1934 καὶ
2988 1880 3113 1952 οὐχὶ
3162 1880 3336 1950 τρεῖς,
3369 1877 3528 1947 δῆλον
3561 1876 3639 1940 ῶς

2062 1978 2164 2033 οὐκ
2218 1975 2628 2048 ἀπηρτημένων
2658 1972 2890 2037 τούτων,
2927 1969 3018 2024 διὰ
3053 1971 3114 2023 τὸ
3158 1971 3216 2023 ἐν
3256 1969 3511 2031 ὑστάτοις
3547 1966 3642 2023 τοῦ

2063 2070 2185 2125 ὲϐδό
2194 2087 2295 2141 μου
2328 2067 2534 2139 ταύτην
2561 2063 2997 2136 ὲπιδεδημηκένα
3010 2082 3047 2129 ι.

2133 2162 2433 2232 Τεχθέντος
2474 2159 2656 2213 τοίνυν
2682 2156 2777 2211 τοῦ
2810 2155 3123 2228 προδρόμου
3175 2153 3268 2207 τοῦ
3314 2154 3644 2226 ἁπορῤήτως

2063 2254 2510 2325 κυοφορουμένου
2530 2240 2830 2318 Βασιλέως,
2859 2251 2955 2304 καὶ
2979 2248 3086 2302 τῶν
3113 2247 3214 2317 τῆς
3243 2246 3400 2316 σιγῆς
3428 2246 3645 2314 δεσμῶν

2060 2347 2465 2418 διαρραγέντων
2493 2345 2905 2415 προστάγματι.
2944 2341 3108 2394 πάλιν
3138 2340 3171 2411 ἠ
3206 2337 3530 2409 εὐχαριστία
3567 2337 3645 2407 τῷ

2063 2442 2331 2511 Δεσπότῃ,
2358 2439 2452 2492 καὶ
2504 2438 2667 2491 πάλιν
2692 2435 2965 2505 εὐφημίαι
3009 2435 3077 2503 τῇ
3135 2431 3509 2501 Παναχρᾶντῳ
3533 2430 3645 2482 διε-

2064 2532 2347 2584 πλέκοντο.
2414 2529 2689 2600 Πρότερον
2726 2526 2828 2596 μὲν
2850 2522 3171 2594 ὁΖαχαρίας
3208 2521 3277 2574 τὰ
3310 2521 3407 2591 τῆς
3433 2537 3643 2587 συγκαςι

2062 2627 2348 2689 ταϐἀσεως
2415 2623 2817 2694 εὐχαριστήρια
2864 2619 2943 2690 τῷ
2994 2615 3373 2688 οἰκονομοῦντι
3414 2614 3642 2684 νείμας·

2064 2719 2312 2789 ὑμνήσας
2335 2716 2392 2771 δὲ
2426 2717 2487 2769 τὸ
2520 2714 2847 2785 μυστήριον,
2878 2710 2975 2767 καὶ
3004 2708 3123 2780 τὴν,
3154 2707 3223 2762 δι’
3253 2701 3322 2777 ἦς
3344 2707 3640 2775 ἐπραγμα-

2064 2810 2253 2879 τεύθη.
2299 2807 2608 2879 μεγαλύνας
2651 2805 2888 2881 μητέρα,
2936 2800 3081 2861 οὕτω
3109 2798 3208 2870 τὴν
3243 2797 3385 2870 ᾠδὴν
3410 2794 3507 2871 ᾖσε
3545 2796 3644 2865 τῆς

2063 2899 2425 2975 προφητείας.
2483 2898 2638 2967 Ἔχει
2705 2895 2815 2963 γὰρ
2888 2895 2919 2961 ἡ
2981 2890 3132 2960 αύτῷ
3186 2885 3643 2959 προοιμιασθεῖσα

2058 2993 2353 3060 δοξολογία,
2382 2992 2477 3045 καὶ
2515 2989 2574 3042 τὸ
2620 2986 2901 3057 ὑπερφυὲς
2960 2980 3347 3054 μεγαλύνουσα
3382 2978 3476 3033 τοῦ
3509 2977 3641 3033 θαύο

2065 3102 2233 3156 ματος
2266 3098 2438 3147 ουτως
2467 3098 2480 3111 ·

2134 3260 2259 3322 AA’.
2290 3260 2354 3312 Ὠ
2377 3259 2523 3321 θείας
2552 3260 2646 3321 καὶ
2683 3257 3006 3325 παναγάθου
3058 3254 3395 3325 ἐπισκοπῆςῑ
3421 3254 3487 3306 Ὢ
3521 3268 3643 3313 και-

2062 3355 2156 3424 νῆς
2182 3352 2275 3407 καὶ
2306 3350 2614 3419 παραδόξου
2644 3348 2968 3419 κηδεμονξας
2995 3350 3008 3400 ι
3059 3346 3117 3407 Ὀ
3150 3348 3208 3398 ἐν
3228 3346 3470 3415 ὑψίστοις
3487 3344 3642 3407 Θεὸς,

2062 3428 2156 3511 ἐπί
2190 3444 2292 3511 γῆς
2320 3441 2407 3498 διὰ
2431 3440 2843 3519 φιλανθρωπίαν
2866 3455 2878 3468 ·
2915 3440 2943 3490 ὁ
2963 3437 3072 3499 τῶν
3097 3438 3353 3497 ἁπάντων
3370 3438 3643 3506 Δημιουρ-

2063 3535 2161 3609 γὸς
2213 3532 2311 3601 τὴν
2347 3520 2691 3602 ἀνθρωπείαν
2748 3530 3038 3593 ὑποδύεται
3085 3528 3276 3597 φύσιν·
3309 3530 3336 3580 ὁ
3383 3527 3641 3593 [ιλάστης

2063 3628 2157 3683 καὶ
2187 3625 2412 3693 Κύριος,
2457 3622 2807 3693 ξενοπρεπῶς
2844 3623 3271 3693 βρεφουργεῖται
3300 3636 3314 3649 ⁶
3360 3620 3389 3672 ὁ
3435 3621 3493 3671 ὲν
3521 3618 3644 3671 κόλ-

2062 3733 2185 3780 ποις
2229 3716 2523 3786 Πατρικοῖς
2563 3714 3075 3789 ὲπαναπαυόμενος,
3099 3713 3154 3765 ὲν
3178 3710 3358 3783 κοιλίᾳ
3397 3711 3642 3779 μητρικῇ

2062 3808 2425 3881 περιέπεταιο
2460 3808 2489 3867 ὁ
2522 3808 2579 3858 ὲν
2632 3803 2885 3876 φλογερῷ
2934 3802 3298 3873 ἐποχούμενος
3354 3798 3552 3872 θρόνῳ,
3584 3802 3643 3854 ἐν

2065 3901 2250 3972 μῄτρᾳ
2305 3896 2685 3968 πανακηράτῳ
2732 3898 3040 3964 συνέχεται.
3097 3893 3212 3946 Νῦν
3258 3894 3290 3963 ή
3332 3893 3645 3961 ἀπόρρητος

2060 3989 2375 4061 ἐπεδήμησε
2404 3988 2562 4057 χάρις
2588 4002 2602 4018 ο
2634 3984 2729 4038 νῦν
2755 3988 2788 4057 ἡ
2822 3983 3253 4055 προσδοκωμένη
3297 3982 3641 4050 παραγέγονε

2064 4080 2342 4153 σωτηρία*
2379 4078 2474 4137 νῦν
2505 4079 2552 4131 oi
2588 4076 2805 4143 παλαιοὶ
2845 4077 3255 4147 παρατρέχουσι
3284 4073 3479 4143 θεσμοί
3502 4086 3517 4101 ο
3548 4070 3647 4124 νῦν

378 4193 465 4231 res
496 4176 636 4231 ritus
667 4183 1004 4245 praetereunt
1044 4193 1058 4229 :
1096 4189 1247 4228 nunc
1272 4171 1513 4247 vicissim
1545 4186 1683 4226 nova
1717 4171 1952 4229 ﬁliorum

2064 4176 2097 4247 ἡ
2128 4173 2289 4244 καινὴ
2316 4171 2702 4241 ᾀντεισάγεται
2727 4167 2991 4229 υἱοθεσία.
3020 4169 3085 4218 Ἀ
3099 4164 3308 4234 ρτιτῶν
3334 4164 3436 4233 τῆς
3465 4163 3644 4231 ἁμαρ-

376 4268 601 4338 adoptio
633 4266 936 4321 inducitur.
984 4267 1103 4322 Jam
1165 4265 1396 4335 solvitur
1425 4278 1455 4331 a
1484 4265 1693 4333 peccati
1726 4266 1963 4323 vinculis

375 4363 611 4416 humana
638 4366 834 4417 natura
872 4378 885 4413 :
924 4360 1034 4430 jam
1066 4357 1349 4427 antiquam
1384 4355 1565 4411 induit
1594 4356 1963 4426 pulchritudi-

378 4470 524 4518 nem,
555 4462 610 4509 et
638 4451 704 4507 ad
749 4450 950 4506 cmlum
981 4459 1299 4505 renovatur.
1348 4449 1489 4506 Ecc‘c
1513 4459 1659 4505 nunc
1685 4449 1840 4506 adest
1869 4451 1964 4520 qui

378 4547 527 4601 illam
558 4546 611 4599 in
643 4543 879 4601 sublime
926 4543 1102 4613 eriget
1144 4540 1456 4597 Dominus:
1496 4540 1655 4597 adest
1699 4542 1753 4596 in
1806 4551 1964 4597 utero

378 4637 569 4694 matris
597 4634 973 4699 absconditus,
998 4633 1091 4703 qui
1114 4632 1184 4687 ab
1215 4631 1473 4691 omnibus
1509 4632 1773 4689 adoratur
1806 4651 1821 4688 :
1856 4633 1957 4687 ad-

378 4739 465 4785 est
506 4730 601 4800 qui
649 4728 855 4798 ubique
916 4742 1159 4798 pra-scus
1235 4735 1342 4791 εει,
1390 4734 1445 4780 et
1488 4725 1774 4782 nobiscum
1831 4741 1953 4797 pro-

378 4831 502 4895 pter
538 4836 691 4876 suam
727 4819 783 4875 in
817 4818 1200 4892 nos,homines
1231 4806 1584 4875 dilectionem.
1612 4817 1956 4879 familiariter

375 4919 649 4967 versatur.
680 4908 868 4981 Oquaa
902 4909 1062 4964 nobis
1089 4909 1182 4963 lux
1208 4905 1581 4979 resplendnitl
1616 4923 1650 4962 ο
1683 4910 1828 4983 quod
1851 4926 1952 4964 no-

379 5004 466 5062 bis
489 5003 748 5076 gaudium
807 5000 1072 5056 advenit!
1129 5017 1163 5055 υ
1210 5000 1403 5071 quales
1470 5000 1525 5055 in
1574 5001 1951 5071 promptuaria

378 5111 497 5150 tnea
535 5094 861 5151 aﬂluxernnt
888 5091 1126 5147 divitiae!
1172 5107 1206 5147 ο
1232 5090 1394 5160 quale
1439 5089 1644 5145 donum
1694 5106 1795 5147 ceu
1831 5093 1953 5148 the-

381 5202 579 5244 saurus
608 5187 662 5240 in
694 5199 935 5256 paupere
967 5184 1103 5239 cella
1136 5189 1440 5253 repositum
1471 5191 1576 5238 est.

445 5277 664 5334 XXXII.
698 5276 841 5343 Quid
889 5275 987 5331 tibi
1022 5275 1344 5340 retribuam,
1376 5290 1409 5329 ο
1445 5274 1629 5346 Virgo,
1666 5290 1787 5345 qua:
1808 5276 1957 5347 ejus-

381 5370 526 5431 modi
556 5368 819 5424 beneﬁcia
868 5367 1184 5423 contulisti?
1247 5365 1418 5433 Quale
1467 5365 1565 5421 tibi
1621 5365 1953 5437 condignum

380 5460 748 5532 rependamus
787 5459 1123 5521 cncomium,
1153 5476 1274 5529 qua:
1330 5468 1384 5514 ct
1445 5474 1570 5530 spes
1616 5468 1832 5514 nostras
1885 5458 1956 5517 ad

376 5550 584 5607 exitum
617 5549 871 5615 deducis,
901 5557 957 5603 et
982 5548 1277 5604 ineﬂ‘abilia
1302 5549 1461 5604 nobis
1488 5548 1630 5603 bona
1668 5550 1952 5617 concilias,

376 5652 431 5705 et
454 5643 785 5704 mediatione
814 5653 903 5697 tua
935 5642 1091 5696 nobis
1114 5658 1343 5699 munera
1376 5644 1655 5717 impetras,
1701 5658 1821 5715 qua:
1872 5657 1959 5697 Ca-

2061 4267 2180 4331 τίας
2226 4268 2259 4337 ἡ
2320 4261 2684 4337 ἀνθρωπότης
2736 4259 3034 4315 ἀπολύεται
3089 4258 3347 4331 δεσμῶν
3402 4255 3530 4325 ἄρτι
3583 4251 3644 4306 τὸ

2059 4360 2288 4430 ἀρχαῖον
2319 4356 2685 4426 ἀμφιέννυται
2723 4352 2944 4418 κάλλος,
2972 4351 3070 4413 καὶ
3103 4349 3241 4421 πρὸς
3281 4347 3512 4417 οὐρανὸν
3549 4346 3644 4411 ἑγ-

2061 4447 2393 4512 καινίζεται.
2429 4446 2561 4500 Ἰδοὺ
2594 4444 2690 4499 νῦν
2737 4444 3007 4515 πάρεστιν
3044 4444 3072 4495 ὁ
3102 4440 3310 4511 ταύτην
3340 4433 3642 4506 ἀνυψώσων

2061 4541 2381 4612 Δεσπότης·
2457 4541 2723 4612 πάρεστιν
2807 4535 3143 4609 ἁποκρύφως
3206 4530 3645 4602 κυοφορούμενος

2061 4636 2089 4688 ό
2115 4635 2220 4688 ὑπὸ
2241 4635 2460 4691 πάντων
2515 4629 2995 4703 προσκυνούμενος
3016 4643 3030 4657 ⁸
3074 4628 3343 4697 πάρεστιν
3377 4625 3405 4676 ὁ
3436 4638 3642 4674 παντα-

2063 4725 2160 4798 χοῦ
2193 4724 2406 4795 παρὼν,
2441 4723 2538 4777 καὶ
2572 4722 2669 4777 σὺν
2706 4722 2837 4792 ἡμῖν
2879 4719 2967 4773 διὰ
2999 4716 3416 4789 φιλανθρωπίαν
3445 4710 3639 4765 συνὼν.

2064 4824 2129 4874 Ὢ
2146 4820 2236 4873 τοῦ
2263 4818 2673 4888 ἐπιλάμψαντος
2730 4816 2948 4883 φωτόςῐ
2985 4815 3031 4869 ὣ
3060 4814 3234 4883 χαρᾶς
3278 4811 3378 4880 τῆς
3423 4812 3644 4875 ἐπιφοι-

2064 4914 2306 4984 τησάσης
2332 4914 2344 4965 l
2383 4909 2428 4964 ὢ
2454 4910 2684 4964 πλούτου
2704 4910 2797 4964 τοῦ
2828 4911 2886 4961 ὲν
2904 4910 3014 4969 τοῖς
3038 4908 3190 4976 ἐμοῖς
3221 4899 3643 4961 είσοικισθέντος

2064 5003 2339 5073 ταμιείοις
2370 5002 2383 5056 l
2411 5000 2458 5054 ὣ
2484 5000 2692 5074 δωρεᾶς
2726 4998 2821 5053 τού
2854 4999 2912 5051 ἐν
2946 4995 3158 5050 εὐτελεῖ
3181 4990 3642 5065 θησαυρισθέντος

2063 5093 2300 5171 ταμιείῳ
2327 5094 2339 5147 ι
3339 5093 3347 5102 ’

2136 5273 2258 5339 AB’.
2283 5272 2346 5324 Τί
2377 5271 2443 5325 ἀν
2475 5288 2557 5323 σοι
2583 5286 2650 5341 τῃ
2688 5270 2937 5341 φερούσῃ
2959 5267 3218 5339 Παρθένῳ
3248 5265 3355 5317 τῶν
3382 5261 3640 5316 τοιούτων

2060 5365 2402 5436 ἀντεισφέροι
2411 5380 2509 5432 μεν
2529 5361 2862 5433 εὐεργεσιῶν
2883 5377 2898 5427 ;
2930 5356 3058 5415 ϋῖον
3080 5358 3335 5427 ἀντάξιον
3360 5354 3638 5426 ἐγκώμιον

2061 5455 2523 5527 προσενέγκωμέν
2574 5470 2693 5516 σοι,
2736 5455 2803 5522 τῇ
2839 5452 2948 5521 τῶν
3000 5450 3232 5507 ὲλπίδιυν
3281 5449 3536 5509 ἐκϐάσει,
3570 5447 3636 5515 τῇ

2059 5549 2169 5603 τῶν
2195 5551 2524 5619 ἀπδρρήτων
2564 5550 2788 5617 ἀγαθῶν
2855 5550 3121 5620 προξένῳ,
3169 5551 3233 5617 τῇ
3265 5544 3496 5617 μεσίτιδι
3527 5540 3636 5595 τῶν

2062 5643 2204 5714 ύπέρ
2257 5643 2412 5711 λόγον
2466 5643 2722 5712 ἁγαθῶνς
2784 5644 2855 5697 Σῦ
2903 5640 2953 5696 εἷ
2980 5642 3086 5697 τῶν
3120 5642 3637 5716 ἀποκεκρυμμένοιν
