4130 6202
457 277 564 339 693

1308 278 1592 338 ORATIO
1634 278 1712 338 IN
1753 279 1856 340 SS.
1898 277 2252 340 DEIPAR/E
2286 280 2846 344 VISITATIONEM.

3602 287 3706 348 691

384 407 392 415 '
459 388 778 461 μυστηρίων
803 390 836 460 ἡ
864 388 1102 458 δήλωσις
1125 404 1137 416 '
1178 390 1241 442 σύ
1277 388 1388 441 τών
1440 391 1914 462 προσδοκωμένων
1939 409 2035 446 κα-

2151 403 2291 461 Jtum
2319 408 2538 449 omnem
2571 396 2881 450 excedunt?
2908 393 2988 448 Tu
3026 394 3287 451 revelatio
3316 410 3382 452 cs
3414 395 3709 454 abscondi-

338 529 356 544 ,
453 484 563 537 λῶν
594 485 626 553 ἡ
659 483 936 545 τελείωσις
960 497 974 513 ο
1007 482 1071 535 σύ
1129 480 1410 549 λογισμοῖς
1452 483 1657 536 ἅπασιν
1693 484 2033 537 ἀνεπίϐατον

453 576 666 643 νόημα·
690 573 755 625 σὺ
795 573 1005 642 νοεροῖς
1039 571 1284 641 ὄμμασιν
1313 571 1691 643 ἀπερίληπτον
1726 571 1935 642 θέαμα·
1968 571 2033 625 σύ

454 666 689 737 φρικτὸν
762 662 1044 734 ἄκουσμα,
1109 663 1207 716 καὶ
1274 664 1433 735 μόνον
1503 663 1901 735 ἐνηχούμενον’
1968 663 2033 716 σύ

457 756 609 823 ξένον
638 756 888 827 διήγημα
924 756 1019 809 καὶ
1079 754 1357 824 γλώσσαις
1396 756 1813 826 φερόμενον.Σὺ
1843 757 2035 826 φέρεις

458 846 907 919 σωματούμενον,
952 847 1041 899 τὸν
1065 847 1135 901 τὰ
1170 846 1349 899 πάντα
1386 846 1465 916 τῷ
1502 844 1734 916 νεύματι
1777 847 2033 916 φέροντα.

452 943 528 995 Σὺ
606 938 720 993 τῶν
804 939 1054 1011 οὐρανῶν
1137 936 1582 1008 εὐρυχωρότερος
1636 938 1867 1010 οὐρανός
1900 956 1912 968 ·
1970 939 2035 991 σὺ

455 1034 567 1088 τῶν
612 1032 928 1105 σεραφικῶν
974 1031 1182 1102 θρόνων
1230 1031 1677 1102 πολυφωτότερον
1729 1030 2036 1101 ἥχημαοσύ

452 1123 695 1196 καθέδρα
735 1122 907 1193 πυρὸς
940 1120 1374 1191 φωτοειδεστὲρα
1402 1136 1414 1150 ·
1459 1120 1523 1172 σύ
1580 1119 1848 1173 παλάτιον
1880 1117 2038 1189 βασι-

453 1213 615 1286 λικῆς
634 1213 1143 1284 κατασκηνώσεως’
1190 1213 1254 1267 σύ
1303 1209 1477 1283 σκηνὴ
1512 1210 1700 1281 θεῖκῆς
1750 1211 2038 1283 ἐπιφοιτή-

457 1326 600 1371 σεως
619 1325 634 1339 ’
665 1309 693 1359 ὁ
723 1304 1111 1376 δεδοξασμένος
1149 1304 1300 1368 ναὸς,
1353 1305 1414 1357 τὸ
1443 1301 1720 1357 λευῖτικδν
1754 1302 2036 1371 ἐγκαλλώ-

455 1409 661 1469 πισμα,
712 1400 741 1453 ὁ
796 1398 898 1468 τῆς
955 1397 1235 1468 ίερατείας
1291 1394 1519 1465 κόσμος,
1568 1394 1630 1449 τὸ
1692 1393 2039 1465 προφητικὸν

457 1491 758 1560 πλήρωμα,
797 1490 831 1559 ἡ
883 1486 1143 1560 διηνεκὴς
1188 1486 1298 1539 τῶν
1338 1484 1706 1556 προπατόρων
1733 1484 2035 1556 ἁπεκδοχὴ,

456 1583 491 1653 ἠ
536 1581 636 1649 τῆς
676 1581 892 1651 φύσεως
952 1578 1284 1651 καταστολὴ,
1344 1580 1374 1632 ὁ
1438 1577 1809 1648 ἀναφαίρετος
1866 1578 2039 1649 αὐτῆς

454 1671 757 1741 ὡραϊσμὸς,
792 1671 855 1724 τὸ
875 1670 1264 1725 πολυποίκιλον
1301 1668 1556 1739 διάδημα,
1644 1668 1752 1724 τῶν
1780 1669 1838 1722 ἐν
1870 1686 2040 1739 κατη-

457 1763 586 1835 φείᾳ
607 1763 907 1818 τελούντων
944 1761 1372 1835 παραγενομένη
1404 1760 1665 1833 θυμηδία,
1691 1763 1724 1832 ἠ
1757 1761 2042 1833 παρρησία

455 1854 565 1907 τῶν
595 1855 961 1919 ἐπταικότων,
996 1856 1033 1927 ἡ
1067 1854 1175 1908 τῶν
1203 1854 1575 1925 σεσιγηκότων
1603 1852 1847 1922 γλῶσσα,
1881 1856 1913 1924 ἠ
1948 1852 2040 1906 τὸν

456 1947 527 2000 τὰ
567 1946 747 2017 δ;σμά
801 1947 900 2016 τῆς
948 1947 1089 2018 ἐμῆς
1149 1946 1525 2020 διαρῤήξαντα
1570 1947 1785 2016 σιωπῆς
1840 1962 2042 2017 κυοφο-

460 2040 664 2112 ροῦσα·
709 2032 771 2093 οὐ
808 2040 1014 2112 φωνὴν,
1051 2039 1124 2106 ώς
1148 2041 1333 2110 λόγου,
1368 2042 1613 2114 σήμερον
1649 2040 1789 2112 ὑπὲρ
1820 2040 2042 2104 ἐλπίδας

458 2134 924 2206 ὲκαρποφόρησα’
982 2129 1044 2189 οὗ
1106 2133 1322 2206 λύχνον,
1366 2135 1439 2200 ὡς
1491 2134 1643 2206 ἡλίου
1673 2133 2043 2207 δικαιοσύνης,

462 2225 647 2297 ἀνῆψα
693 2227 1032 2299 Πρόδρομον,
1064 2225 1157 2281 τὸν
1196 2227 1295 2292 τὰς
1334 2226 1501 2281 αὐτοῦ
1534 2225 1883 2281 διευθύνοντα
1926 2226 2044 2299 τρί-

460 2315 617 2382 ϐους,
645 2317 736 2369 τὸν
761 2317 859 2387 τῆς
896 2316 1062 2370 αὐτοῦ
1120 2317 1430 2387 παρουσίας
1496 2318 1736 2389 κήρυκα,
1779 2317 1880 2387 τὴν
1920 2316 2048 2373 σάλ-

465 2424 641 2477 πιγγα
663 2409 760 2480 τῆς
790 2409 1130 2479 οἰκονομίας,
1179 2408 1273 2462 τὸν
1323 2408 1577 2479 μάρτυρα
1630 2408 1728 2479 τῆς
1771 2423 2047 2474 συγκαταυ

466 2498 703 2563 ϐάσεως,
731 2500 822 2554 τὸν
850 2499 1223 2570 νυμφοστόλον
1249 2498 1344 2552 τοῦ
1385 2501 1444 2552 ὲν
1476 2498 1560 2552 σοὶ
1592 2497 2047 2568 θαλαμευομένου

468 2590 727 2662 νυμφίου.
754 2592 827 2644 Σὺ
860 2589 910 2646 εἷ
937 2593 1172 2659 παστὰς,
1217 2591 1274 2658 ἐξ
1304 2585 1369 2663 ᾖς
1402 2589 1736 2661 ώραιότατος
1763 2587 2048 2661 προελθὼν

467 2677 650 2744 οὗτος,
672 2685 858 2738 πᾶσαν
884 2686 1003 2748 ταῖς
1031 2684 1124 2755 τῆς
1154 2684 1404 2754 θεότητος
1452 2683 1638 2736 ἀκτῖσι
1675 2682 2047 2751 καταυγάσειε

472 2775 571 2846 τὴν
632 2776 726 2829 ὐπ’
775 2776 1028 2847 οὐρανὸν,
1093 2778 1186 2830 καὶ
1231 2775 1649 2847 περιελεύσεται
1681 2774 1749 2828 τὰ
1810 2775 2046 2846 πέρατα,

468 2869 567 2923 ἀπ’
592 2869 783 2941 ἄκρων
808 2868 916 2922 τῶν
939 2869 1184 2939 οὐρανῶν
1211 2868 1374 2940 μέχρι
1401 2867 1690 2938 τερμάτων
1707 2869 1734 2920 ὁ
1759 2866 1859 2936 τῆς
1879 2867 2049 2920 αὐτοῦ

470 2961 884 3033 φιλανθρωπίας
926 2961 1325 3032 ὲνηχηθήσεται
1358 2958 1615 3028 φθόγγος.
1649 2958 2050 3028 Διαϐοηθήσον-

2068 1731 2115 1791 Β

2139 492 2317 539 torum
2351 484 2736 555 mysteriorum
2773 500 2787 537 :
2843 492 2901 537 ιιι
2937 482 3229 548 bonorum,
3270 500 3393 554 qum
3423 496 3707 556 exspecta—

2135 574 2352 640 bamus,
2376 590 2437 630 es
2492 574 2908 644 itnplcmrntttm
2942 592 2956 629 τ
3007 585 3062 630 ιιι
3110 579 3406 645 cogitatum
3439 592 3499 632 es
3537 579 3712 633 cuivis

2137 663 2439 720 intellectui
2458 663 2796 719 inaccessum
2827 682 2838 717 :
2869 672 2924 718 tu
2948 665 3321 735 Spectaculum
3349 666 3714 739 intelligibili-

2137 757 2243 811 bus
2275 757 2449 811 oculis
2472 754 3033 825 incomprehensibile
3069 772 3082 811 :
3129 765 3185 810 tu
3225 757 3437 813 auditio
3474 770 3715 816 tremen-

2139 848 2228 912 da,
2259 856 2314 903 et
2343 848 2459 903 sola
2516 848 2718 918 ubique
2766 861 3075 902 resonans:
3135 857 3191 903 tu
3252 851 3497 905 narratio
3557 867 3715 921 pere-

2138 941 2318 1010 grina,
2349 942 2708 1012 omniumque
2757 943 2962 1013 linguis
3009 945 3306 1000 celebrata.
3347 942 3426 998 Tu
3486 959 3717 1015 corpore

2142 1032 2393 1087 indutum
2422 1049 2548 1087 cum
2577 1044 2785 1104 portas,
2825 1036 2920 1107 qui
2948 1046 3085 1091 nutu
3111 1052 3211 1092 suo
3231 1044 3411 1107 portat
3438 1037 3715 1092 universa.

2141 1124 2225 1179 Tu
2259 1123 2416 1180 coelis
2443 1126 2738 1195 spatiosius
2770 1143 2831 1184 es
2862 1133 3062 1186 caelum
3091 1146 3106 1195 ;
3157 1139 3211 1185 tu
3245 1144 3440 1185 currus
3472 1129 3719 1199 seraphi-

2140 1214 2462 1271 cisthronis
2495 1232 2557 1273 es
2583 1218 2745 1290 longe
2802 1220 3081 1277 lucidior:
3117 1231 3175 1277 tu
3233 1222 3391 1277 sedes
3442 1222 3564 1291 igne
3612 1222 3716 1275 mi-

2140 1306 2353 1362 cantior
2387 1325 2399 1361 :
2436 1316 2495 1362 tu
2528 1310 2729 1380 regalis
2777 1310 3134 1367 habitationis
3188 1313 3450 1383 palatium
3487 1330 3501 1366 :
3540 1323 3594 1366 tu
3650 1322 3720 1368 ta-

2141 1398 2497 1455 bernaculum
2548 1401 2643 1457 Dei
2678 1404 2966 1472 praesentis
2999 1422 3012 1458 :
3052 1414 3109 1459 tu
3144 1406 3407 1475 templum
3447 1404 3721 1476 gloriﬁca-

2142 1505 2278 1560 tum,
2332 1493 2613 1550 leviticnm
2667 1504 3077 1563 ornamentum,
3162 1498 3459 1554 sacerdotii
3529 1498 3719 1562 decus,

2138 1587 2556 1657 prophetiarum
2612 1589 3053 1660 implementum,
3101 1590 3248 1661 jugis
3284 1597 3589 1661 primorum
3629 1606 3723 1660 pa-

2142 1688 2359 1736 rentum
2400 1682 2759 1751 exspectatio,
2819 1691 3032 1738 naturre
3072 1683 3234 1745 stola,
3282 1697 3393 1737 non
3444 1682 3722 1751 periturus

2141 1772 2391 1844 ejusdem
2425 1784 2655 1829 ornatus
2689 1789 2753 1830 ac
2785 1776 3123 1845 variegatum
3152 1775 3406 1832 diadema
3438 1796 3452 1832 :
3487 1787 3545 1832 tu
3591 1791 3726 1833 mm-

2143 1868 2383 1926 rentium
2412 1885 2657 1939 praesens
2681 1870 2892 1935 laetitia,
2927 1872 3207 1941 lapsorum
3251 1872 3475 1940 ﬁducia,
3533 1882 3725 1929 tacen-

2145 1961 2281 2017 tium
2313 1961 2525 2032 lingua,
2552 1977 2674 2033 quae
2706 1963 2761 2017 in
2786 1972 2945 2018 utero
2970 1978 3097 2018 eum
3138 1973 3343 2033 gestas,
3369 1966 3464 2034 qui
3517 1964 3727 2020 silentii

2144 2052 2257 2106 mei
2292 2052 2514 2108 vincula
2552 2052 2825 2122 disrupit;
2860 2055 3043 2125 cujus,
3091 2066 3280 2123 utpote
3310 2055 3499 2120 Verbi,
3535 2070 3727 2111 vocem

2145 2148 2346 2211 praeter
2366 2155 2520 2212 spem
2549 2156 2770 2198 omnem
2815 2158 2918 2215 ego
2960 2143 3202 2199 fructum
3262 2145 3504 2214 pretuli;
3546 2146 3727 2217 cujus,

2148 2239 2338 2301 utpote
2375 2231 2519 2288 Solis
2555 2232 2806 2301 justitiae,
2861 2232 3144 2288 lucernam
3207 2243 3425 2304 egomet
3474 2235 3723 2299 accendi,

2148 2335 2545 2390 pracursorem
2585 2337 2804 2392 nempe,
2836 2322 2930 2392 qui
2975 2322 3201 2377 semitas
3234 2322 3356 2393 ejus
3411 2331 3590 2377 rectas
3644 2321 3727 2376 fa-

2147 2411 2277 2477 ciat,
2309 2411 2401 2481 qui
2438 2411 2736 2468 adventum
2772 2413 2893 2484 ejus
2927 2413 3238 2479 annuntiet,
3267 2413 3363 2483 qui
3397 2413 3552 2468 velut
3597 2412 3727 2468 tuba

2149 2501 2584 2566 sitaeconomiw,
2623 2504 3114 2561 condescensionis
3155 2504 3400 2575 ejusdem
3437 2504 3614 2569 testis,
3669 2513 3728 2560 et

2150 2595 2361 2666 sponsi,
2389 2596 2482 2667 qui
2509 2597 2563 2651 in
2591 2604 2643 2652 te
2669 2596 2998 2665 diversatur,
3041 2599 3473 2670 paranymphus.
3527 2598 3608 2654 ’I‘u
3665 2613 3727 2654 es

2153 2687 2447 2753 thalamus,
2477 2704 2508 2743 e
2528 2704 2639 2758 quo
2668 2688 3078 2759 pulcherrimus
3104 2690 3207 2744 iSte
3240 2688 3577 2759 procedens,
3610 2703 3729 2743 om-

2152 2793 2300 2839 nem,
2339 2796 2461 2850 quae
2490 2782 2593 2836 sub
2625 2783 2766 2837 crelo
2793 2790 2899 2847 est,
2940 2791 3142 2837 terram
3174 2779 3480 2836 divinitatis
3512 2794 3625 2835 sua:
3649 2796 3732 2832 ra-

2153 2868 2261 2923 diis
2292 2868 2647 2936 illuminabit,
2703 2880 2762 2926 et
2808 2886 2931 2943 qum
2987 2871 3267 2927 resonabit
3308 2885 3411 2924 vox
3448 2867 3733 2924 charitatis

2154 2961 2276 3031 ejus
2303 2961 2357 3017 in
2381 2961 2651 3030 homines,
2677 2962 2813 3019 ﬁnes
2862 2978 3057 3019 omnes
3111 2978 3142 3018 a
3190 2961 3422 3018 summis
3467 2960 3732 3016 caelorum

466 3070 559 3105 ται
591 3052 687 3105 σὺν
725 3053 804 3124 τῷ
828 3053 1147 3123 κηρύγματι
1179 3052 1272 3106 καὶ
1298 3052 1365 3106 τὰ
1396 3050 1464 3104 σὰ
1493 3052 1782 3121 μεγαλεῖα,
1830 3050 2046 3114 δεδοξα-

2159 3065 2333 3120 usque
2379 3052 2446 3106 ad
2501 3063 2750 3109 extrema
2781 3053 3163 3125 perlustrabit.
3219 3052 3397 3109 Etiam
3464 3050 3734 3123 magnalia

468 3143 646 3212 σμένα
694 3145 826 3215 περὶ
876 3143 971 3197 σοῦ
1029 3142 1421 3215 λαληθήσεται,
1469 3146 1887 3217 τρανωθήσεται
1934 3147 2049 3209 τοῖς

466 3237 635 3291 πᾶσιν
669 3237 702 3307 ἠ
741 3236 869 3302 δόξα
897 3236 1217 3309 σουεῐῖάντα
1240 3235 1307 3289 τὰ
1331 3235 1460 3305 ἔθνη
1491 3235 2052 3305 συνευλογηθήσονται

464 3332 534 3400 τῇ
569 3331 636 3400 σῇ
688 3327 1034 3401 εὐφροσύνή⁹
1082 3328 1444 3400 κροτήσουσιν
1503 3326 1744 3391 ἅπαντες
1793 3328 1886 3379 ἐπὶ
1918 3326 2041 3379 σοί·

467 3422 565 3474 καὶ
604 3420 1023 3489 ἀγαλλιάσονται
1047 3421 1146 3492 τὴν
1160 3420 1259 3491 σὴν
1282 3419 1691 3491 ὐπερυψοῦντες
1716 3418 2016 3489 κυοφορίαν
2034 3436 2046 3449 ο

469 3512 823 3584 καυχώμενοι
849 3518 907 3567 ὲν
952 3519 1059 3581 σοὶ,
1085 3513 1451 3585 μεγαλύνουσι
1482 3511 1573 3563 τὸν
1630 3510 1787 3564 τόκον
1823 3526 1942 3564 σου.
1979 3510 2051 3563 Σὺ

469 3604 583 3675 γὰρ
630 3604 800 3669 δντως
864 3606 961 3661 καὶ
1003 3606 1113 3660 τῶν
1170 3605 1355 3659 καλῶν
1412 3599 1464 3656 εί
1518 3601 1801 3673 πρόξενος,
1835 3602 1931 3654 καὶ
1960 3601 2053 3656 τοῦ

473 3697 684 3767 κόσμου
718 3696 1009 3768 καύχημα.

546 3787 670 3845 AI".
701 3790 939 3860 Ταύτην,
972 3783 1151 3858 οἶμαι,
1184 3786 1283 3859 τὴν
1311 3787 1624 3856 δοξολογίαν
1658 3788 1716 3840 ὲν
1751 3785 2055 3857 προοιμίων

476 3880 634 3952 μέρει
682 3880 845 3947 λέξας
902 3883 930 3935 ὁ
988 3880 1291 3951 Ζαχαρίας,
1321 3881 1422 3951 ἥδη
1455 3881 1521 3934 τὰ
1558 3879 1657 3948 τῆς
1715 3877 2057 3949 προφητείας

476 3972 996 4043 μεγαλοφωνότερον
1029 3972 1342 4040 ἐξεϐόησεν.
1379 3968 1481 4024 Οἴα
1529 3970 1585 4024 δὲ
1614 3969 1787 4025 ταῦτα
1816 3969 1907 4022 καὶ
1931 3969 2054 4030 ὅσα,

470 4063 575 4116 οὐκ
625 4064 842 4131 ἀγνοεῖν
884 4059 1038 4133 οἶμαι
1100 4063 1211 4115 τῶν
1260 4062 1518 4117 ἁπάντων
1573 4059 1781 4114 πιστῶν
1841 4058 2053 4114 οὐδένα.

477 4155 634 4210 Ὅσοι
663 4157 773 4228 γὰρ
807 4156 903 4224 τῆς
932 4154 1250 4223 παναγάθου
1286 4153 1495 4224 ταύτης
1527 4152 1795 4224 ἐτύχομεν
1828 4150 2054 4222 εὐεργε-

475 4248 619 4311 σίας,
651 4248 837 4319 κοινὴν
866 4247 1044 4302 ταῦτα
1074 4246 1426 4315 καθεκάστην
1458 4244 1818 4318 εὐχαριστίαν
1850 4243 2056 4311 ἀναιρέο

479 4357 688 4409 ροντες,
720 4339 796 4403 ὥς
824 4357 935 4393 τισι
966 4337 1161 4410 δώροις
1185 4339 1277 4391 τὸν
1326 4337 1623 4410 εὐεργέτην
1653 4335 1865 4398 τούτοις
1900 4335 2057 4404 ἀμει-

2160 3151 2250 3196 tua
2271 3159 2395 3198 cum
2426 3144 2589 3200 laude
2619 3145 3070 3211 celebrabuntur,
3100 3145 3336 3216 gloriosa
3365 3144 3432 3199 de
3466 3152 3517 3198 te
3551 3144 3738 3198 dicen-

2157 3241 2268 3298 tur,
2297 3236 2466 3306 gloria
2494 3246 2585 3292 tua
2617 3238 2879 3293 omnibus
2902 3238 3193 3293 manifesta
3229 3236 3537 3308 apparebit.
3600 3234 3737 3290 Uni-

2155 3339 2326 3380 versae
2360 3326 2524 3382 simul
2554 3336 2745 3398 gentes
2772 3343 2900 3382 cum
2930 3326 3132 3398 gaudio
3163 3338 3257 3382 tuo
3317 3326 3737 3387 benedicentur,

2154 3419 2487 3488 applaudent
2521 3418 2643 3483 tibi,
2696 3431 2753 3474 et
2814 3427 3141 3488 conceptum
3205 3429 3357 3471 tuum
3397 3417 3740 3485 supercxtol-

2153 3510 2333 3566 lentes
2360 3509 2742 3575 exsultabunt,
2777 3525 2843 3565 ac
2864 3517 3082 3580 partum
3118 3520 3296 3571 tuum,
3329 3509 3382 3562 in
3414 3516 3465 3561 te
3496 3505 3737 3576 glorian-

2158 3611 2260 3662 tes.
2292 3600 2742 3675 magaiticabunt.
2780 3599 2920 3657 Vere
2941 3600 3089 3655 enim
3131 3610 3187 3654 tu
3220 3610 3277 3654 et
3311 3599 3582 3653 bonorum
3638 3613 3737 3650 au-

2156 3694 2300 3751 ctrix
2324 3710 2406 3758 es,
2436 3692 2745 3764 eademque
2767 3693 2959 3749 mundi
2997 3691 3253 3764 gloriatio
3283 3690 3527 3746 exsistis.

2226 3787 2468 3843 XXXIII.
2500 3787 2567 3843 Et
2603 3786 2722 3843 haec
2742 3787 2964 3857 quidem
2998 3785 3270 3856 praeconia
3303 3799 3429 3839 cum
3450 3782 3615 3836 veluti
3654 3782 3741 3834 di-

2157 3880 2316 3936 cendi
2349 3879 2680 3952 prooemium
2705 3879 3002 3934 Zacharias
3034 3876 3470 3948 praestrinxisset.
3491 3876 3601 3944 jam
3634 3875 3744 3930 cla-

2160 3972 2294 4027 riori
2316 3988 2469 4039 voce,
2529 3987 2653 4043 qua:
2685 3971 2753 4025 ad
2803 3969 3064 4025 vaticinia
3120 3968 3467 4037 spectabant,
3522 3966 3741 4020 edicere

2158 4079 2447 4133 aggressus
2483 4074 2589 4120 est.
2632 4062 2759 4118 llaec
2796 4071 2980 4117 autem
3008 4062 3213 4131 qualia,
3248 4070 3565 4129 quantaque
3607 4057 3738 4119 sint,

2159 4157 2437 4212 neminem
2500 4173 2671 4211 unum
2746 4172 2777 4211 e
2844 4155 3099 4211 ﬁdelibus
3155 4152 3397 4208 arbitror
3466 4152 3737 4223 ignorare.

2159 4246 2443 4317 Quotquot
2468 4250 2616 4303 enim
2649 4247 3086 4319 praestantissimi
3119 4246 3287 4317 hujus
3317 4244 3575 4301 beneﬁcii
3614 4260 3742 4315 par-

2164 4337 2362 4408 ticipes
2389 4338 2575 4394 effecti
2602 4354 2814 4401 sumus,
2850 4339 2967 4393 haec
3009 4338 3126 4407 ipsa
3159 4336 3411 4407 quotidie
3455 4336 3743 4392 celebran'

475 4426 831 4501 ϐόμεθα.¹Ὡν
882 4433 943 4486 τὸ
983 4432 1329 4502 μεγαλοφυὲς
1383 4431 1484 4501 τῆς
1543 4428 1825 4497 θεολογίας
1869 4428 1966 4481 καί⁵
1996 4426 2046 4478 τί

2164 4439 2247 4486 tes
2282 4431 2440 4502 quasi
2466 4446 2816 4485 communem
2863 4430 3165 4502 gratiarum
3224 4429 3500 4485 actionem
3562 4425 3744 4481 otl‘eri~

476 4525 671 4593 τρανὸν
706 4524 805 4595 τῆς
860 4525 1226 4595 προφητείας,
1275 4524 1338 4577 τό
1386 4540 1444 4575 τε
1495 4520 1876 4591 δυσθεώρητον
1941 4518 2054 4571 τῶν

477 4616 788 4685 νοημάτων,
849 4617 1023 4686 ἑτέρῳ
1060 4614 1498 4685 ταμιευσάμενοι
1550 4610 1729 4682 καιρῷ
1785 4610 1881 4663 καί⁹
1910 4609 2057 4679 λόγῳ

476 4706 754 4773 διεξιέναι,
778 4706 874 4762 νῦν
898 4705 1425 4777 παραλιμπάνομεν.

2162 4522 2307 4587 mus,
2341 4537 2407 4577 ac
2460 4521 2709 4577 beneﬁco
2750 4522 3004 4592 largitori
3062 4520 3180 4577 haec
3237 4519 3408 4574 instar
3457 4516 3739 4586 cujusdam

2163 4609 2293 4664 doni
2325 4610 2701 4682 rependimus.
2734 4610 2867 4677 Quae
2891 4626 3057 4680 porro
3081 4609 3148 4664 ad
3184 4623 3379 4664 eorum
3410 4604 3739 4674 theologiam

2162 4703 2636 4769 sublimissimam,
2657 4713 2711 4757 et
2737 4702 2804 4757 ad
2831 4702 3219 4758 vaticiniorutn
3258 4697 3737 4768 perspicuitatem,

474 4805 533 4853 et
555 4799 624 4854 ad
644 4814 842 4855 sensus
869 4801 1187 4856 reconditos
1222 4800 1524 4869 pertinent.
1553 4813 1678 4854 cum
1741 4796 2083 4868 explananda
2120 4813 2184 4854 ea
2227 4801 2336 4856 alio
2360 4810 2606 4872 tempore
2630 4808 2795 4870 atque
2817 4800 2926 4854 alio
2951 4812 3208 4854 sermone
3248 4793 3737 4851 reservaverimus.

479 4891 535 4948 in
567 4908 805 4963 praesens
837 4893 1336 4964 pmtermittimus.

560 4986 843 5041 Ἁπάντων
864 4988 1155 5059 τοιγαροῦν
1179 4986 1543 5042 τελεσθέντων
1574 4987 1718 5051 τότε,
1736 4978 1813 5040 ὧν
1833 4984 1896 5055 δὴ
1924 4983 2064 5038 κατά

483 5083 721 5154 σπουδὴν
755 5083 817 5138 τὸ
844 5082 1020 5155 πέρας
1053 5085 1118 5153 τῇ
1153 5080 1567 5153 κεχαριτωμένη
1594 5079 1828 5148 προσῆν,
1852 5079 1933 5141 είς
1963 5077 2061 5148 τὴν

481 5172 660 5227 οἰκίαν
691 5173 865 5244 αὐτὴν
901 5172 1360 5243 μεταστέλλεσθαι
1391 5167 1459 5241 ἦν
1488 5171 1808 5239 ἀναγκαῖον.
1834 5168 1926 5221 Διό
1955 5185 2061 5238 φη-

483 5279 569 5314 σιν
593 5264 623 5316 ὸ
651 5262 1049 5334 εὐαγγελιστὴς
1069 5279 1083 5293 ·
1112 5263 1221 5318 Kal
1244 5262 1630 5330 ὑπέστρεψεν
1659 5262 1747 5327 είς
1774 5259 1877 5314 τὸν
1889 5253 2061 5313 οἷκον

480 5351 695 5420 αὐτῆς.
734 5353 893 5407 Ἀλλά
926 5354 1119 5408 σκόπει
1153 5353 1316 5408 πάλιν
1349 5354 1419 5408 τὰ
1458 5351 1891 5423 προπεμπτήρια
1910 5350 2061 5420 παρά

558 5490 605 5523 ⁸⁸
657 5490 795 5545 Luc.
820 5506 860 5558 ι,
882 5489 975 5545 56.

566 5628 677 5699 (90)
708 5628 844 5702 Vide
869 5631 1151 5702 quomodo
1172 5629 1293 5686 laus
1322 5629 1413 5685 illa
1441 5626 1915 5702 prmstantissima,
1946 5637 2053 5702 qua

500 5697 667 5768 vargo'
711 5701 778 5755 ab
814 5697 1008 5771 angelo
1064 5700 1337 5756 salutante
1392 5697 1693 5770 praedicata
1744 5705 1829 5753 est
1877 5697 2056 5765 gratia

2243 4984 2514 5040 Omnibus
2550 4984 2735 5053 itaque
2761 4990 2893 5037 tunc
2922 4980 3177 5052 expletis,
3207 4994 3329 5051 quae
3363 4976 3627 5048 perlicere
3656 4974 3744 5027 illa

2170 5078 2347 5147 gratia
2372 5075 2528 5145 plena
2550 5075 2662 5146 (90)
2688 5074 2935 5130 studiose
2960 5073 3262 5144 satagebat,
3297 5073 3408 5142 jam
3454 5064 3747 5138 oportebat

2172 5176 2230 5219 ut
2272 5165 2496 5220 domum
2565 5178 2722 5220 suam
2773 5169 3165 5218 reverteretur.
3209 5157 3351 5213 Hinc
3407 5150 3744 5225 evangelista

2168 5258 2282 5313 ait:
2319 5256 2387 5312 Et
2422 5273 2630 5312 reversa
2658 5263 2732 5310 est
2762 5257 2818 5310 in
2865 5256 3082 5309 domum
3117 5267 3274 5308 suam
3300 5250 3368 5308 ".
3403 5246 3511 5306 Sed
3547 5258 3744 5300 rursus

2165 5348 2389 5405 attende
2457 5347 2787 5419 quibusnam
2836 5346 3065 5403 vocibus
3108 5346 3403 5401 abeuntem
3438 5336 3746 5409 Virginem,

2177 5618 2445 5693 ρίςηιικξη
2470 5616 2894 5693 appellationem
2926 5614 3147 5693 deinde.
3177 5629 3285 5681 qua
3304 5610 3746 5693 .antonomastice

2180 5686 2211 5744 a
2242 5686 2935 5759 ﬁdelibusdesignaretur,
2974 5686 3075 5756 ipsi
3109 5686 3361 5739 accessit.
