4122 6212
445 245 555 310 695

1742 252 2001 314 JACOBI
2041 254 2382 316 MONACIII

3584 255 3689 317 606

444 362 524 419 uti
567 376 668 433 par
704 368 844 429 erat,
894 359 1177 418 Elisabeth
1234 360 1307 416 sit
1357 370 1672 432 prosecuta.
1721 365 2017 422 Uberiores

2130 369 2220 439 τῆς
2256 368 2553 433 Ἐλισὰδετ,
2576 368 2651 431 ὡς
2673 369 2733 422 τὸ
2755 367 2900 434 εἰκὸς
2925 368 3060 441 αὐτῇ
3092 369 3399 440 ἐπᾳδόμενα
3423 385 3438 403 ο
3466 368 3686 438 μείζονα

442 455 614 519 enim,
650 469 815 526 quam
846 453 901 509 in
932 453 1176 525 ejusdem
1211 452 1471 517 adventu,
1495 455 1794 526 gratiarum
1835 459 2000 512 aetio-

442 563 545 603 nes
583 546 660 602 illi
712 545 1000 618 persolvit,
1036 554 1243 616 quanto
1286 545 1600 602 uberiorem
1642 564 1708 603 ex
1754 552 2013 620 mysterio

437 638 844 713 jucunditatem
878 646 1220 707 perceperat.

512 729 759 784 XXXIV.
799 730 1082 800 Ejusmodi
1112 746 1277 801 porro
1316 740 1435 787 erat
1479 733 1623 787 illius
1665 732 1964 803 alloquium
1996 749 2012 787 :

441 820 710 891 Equidem
746 822 800 875 in
833 820 1072 875 adventu
1107 831 1223 883 tuo,
1250 837 1283 877 ο
1317 823 1487 877 Mater
1510 823 1693 894 Virgo.
1725 823 2017 893 jucundis—

441 914 582 968 simo
607 913 908 983 voluptatis
932 929 1095 968 sensu
1130 914 1349 979 affecta,
1371 915 1787 984 gratulatorium
1825 931 2014 970 ascen-

441 1004 525 1059 sui
594 1013 689 1059 tuo
735 1004 904 1060 veluti
943 1006 1204 1076 hymnum
1255 1006 1592 1075 applaudcns
1640 1006 1844 1072 cecini;
1888 1022 2013 1061 eum

441 1094 653 1150 scilicet
693 1104 746 1150 te
776 1103 832 1150 et
862 1106 1065 1165 prmtcr
1103 1111 1258 1166 spem
1303 1112 1524 1151 omnem
1569 1097 1676 1151 huc
1712 1097 2015 1152 advenien-

444 1195 576 1249 tem,
611 1196 667 1242 et
711 1203 851 1242 nova
888 1203 953 1242 ac
983 1189 1256 1243 mirabilia
1291 1197 1472 1244 tecum
1516 1188 1859 1245 adferentem
1899 1206 2013 1262 my.

442 1279 609 1335 steria
639 1295 945 1336 cernerem.
976 1280 1245 1347 Quocirca
1285 1282 1483 1352 gaudio
1517 1282 1680 1337 simul
1709 1290 1766 1338 et
1792 1290 2016 1353 stupore

442 1368 691 1439 abrepta,
725 1369 913 1424 lmtitia
940 1369 1265 1440 gestiebam,
1303 1371 1669 1435 exsultabam,
1708 1386 1874 1441 super
1907 1387 2018 1427 cce-

442 1457 526 1514 los
573 1458 743 1530 magis
787 1475 875 1514 me
925 1475 1245 1523 excurrere,
1291 1476 1456 1530 quam
1497 1460 1552 1515 in
1600 1460 1764 1516 terris
1808 1461 2014 1515 versari

443 1549 850 1612 existimabam,
889 1548 1226 1604 conditionis
1256 1548 1510 1604 humana:
1545 1549 1797 1606 modulos
1825 1564 2018 1619 super-

444 1653 632 1708 gressa
687 1639 825 1694 mihi
878 1639 1128 1706 videbar,
1174 1656 1239 1695 ac
1287 1655 1454 1711 super
1506 1639 1755 1696 ordinem
1807 1651 2019 1697 natura:

2122 462 2231 531 γὰρ
2263 462 2296 533 ἢ
2331 461 2472 514 κατὰ
2495 461 2593 530 τὴν
2628 459 2944 530 ἐπιδημίαν,
2995 460 3092 531 τὴν
3132 460 3482 532 εὐχαριστίαν
3516 477 3684 531 προσ·
3768 448 3783 459 ’

2115 556 2390 627 ήρμοσεν·
2434 554 2544 625 ὅσῳ
2588 553 2681 606 καὶ
2717 552 2919 625 μᾶλλον
2961 552 3054 607 τοῦ
3094 552 3398 624 μυστηρίου
3425 552 3690 621 κατετρύ-

2116 661 2310 714 φησεν.

2187 736 2310 789 ΛΔ’.
2347 733 2500 805 Ἔχει
2529 735 2637 805 γὰρ
2663 729 2764 789 ὦδε
2791 734 2991 789 ταῦτα’
3031 734 3171 804 Ἤδη
3201 734 3300 804 μέν
3331 751 3447 809 σου,
3483 750 3689 803 μητρο-

2116 823 2375 893 πάρθενε,
2411 827 2475 894 τῇ
2502 823 2777 894 παρουσία
2811 823 3250 894 συνευωχηθεῖσα
3272 863 3285 884 .
3329 822 3686 892 ἐπιϐατήριον

2115 913 2306 984 ὥσπερ
2360 913 2456 986 τὴν
2503 914 2778 985 εὐφημίαν
2830 915 3144 986 ἐκρότησα·
3204 914 3333 984 παρ’
3362 913 3551 965 ἐλπίδα
3588 913 3687 981 μὲν

2117 1004 2488 1075 ἐπιδημοῦσάν
2514 1022 2570 1057 τε
2602 1005 2964 1069 κατανοοῦσα,
2996 1003 3156 1058 καινὰ
3186 1004 3241 1057 δὲ
3290 1005 3385 1058 καὶ
3411 1002 3691 1071 παράδοξα

2119 1094 2587 1166 συνεπιφέρουσαν
2645 1097 2941 1167 μυστήρια.
2974 1095 3073 1150 Διὰ
3110 1094 3267 1149 τοῦτο
3298 1095 3445 1165 χαρᾷ
3473 1092 3570 1164 τὴν
3595 1094 3687 1146 ἔκ-

2117 1188 2313 1258 πληξιν
2330 1188 2664 1259 ἀναμίξασα,
2687 1188 2886 1259 ἣσθην,
2919 1185 3241 1257 ἐσκίρτησα,
3269 1186 3688 1256 οὐρανοδρομεῖν

2121 1279 2321 1351 μᾶλλον
2351 1278 2623 1350 ἐνόμιζον,
2655 1279 2689 1351 ἢ
2722 1280 2814 1333 ἐπὶ
2837 1279 2942 1349 γῆς
2968 1279 3346 1351 ἐνδιατρίϐειν,
3381 1278 3689 1349 ὑπερϐῆναι

2117 1372 2185 1426 τὰ
2206 1374 2306 1443 τῆς
2348 1371 2766 1443 ἁνθρωπότητος
2810 1371 3033 1426 ἐδόκουν
3074 1371 3271 1443 μέτρα,
3304 1370 3559 1439 ὑπεράνω
3587 1369 3688 1438 τῆς

2119 1462 2333 1533 φύσεως
2362 1462 2766 1533 ἐφανταζόμην.
2802 1462 2928 1524 Πῶς
2958 1461 3067 1533 γὰρ
3103 1461 3170 1516 ἂν
3205 1463 3280 1532 μὴ
3328 1461 3497 1515 ταῦτα
3549 1456 3690 1514 εἶναι

2119 1556 2450 1626 κατενόησα,
2474 1554 2568 1610 τὸν
2594 1554 2943 1636 Δημιουργδν
2976 1553 3158 1609 αὐτῶν
3198 1552 3403 1625 δρῶσα,
3437 1551 3693 1622 καθάπερ

2119 1649 2177 1700 ἐν
2202 1645 2441 1716 οὐρανῷ,
2480 1645 2562 1698 σοὶ
2609 1644 3000 1716 ἐποχούμενον,
3055 1642 3152 1699 καὶ
3213 1641 3351 1714 πρὸς
3402 1641 3501 1712 τὴν
3552 1640 3692 1711 ἐμὴν

443 1728 641 1783 elatam
686 1745 775 1784 me
815 1730 1221 1800 quodammodo
1262 1730 1537 1787 intuebar.
1584 1731 1653 1785 Et
1693 1745 1824 1785 saue
1874 1746 2014 1800 quo-

2130 1737 2302 1793 ἑστίαν
2333 1735 2756 1807 ἀφικνούμενον,
2785 1736 2880 1790 τὸν
2904 1737 2961 1789 ἐν
2991 1736 3104 1801 τοῖς
3129 1733 3470 1806 χερουϐικοῐς
3503 1728 3692 1800 ἐφεζό-

444 1823 609 1878 modo
632 1822 749 1877 haec
776 1823 849 1879 ita
881 1838 939 1878 se
968 1823 1172 1878 habere
1206 1840 1315 1878 nou
1354 1833 1627 1892 putarem,
1661 1839 1786 1878 cum
1823 1838 2015 1878 eorum

444 1921 749 1969 creatorem
784 1915 839 1968 in
875 1924 950 1978 te,
990 1922 1250 1985 tanquam
1295 1916 1435 1970 cuan
1480 1914 1740 1985 quodam,
1773 1913 2019 1969 insiden-

447 2014 579 2068 tem,
605 2014 771 2073 atque
816 2003 885 2058 ad
931 2004 1157 2058 domum
1208 2019 1385 2059 meam
1427 2003 1815 2068 divertentem,
1845 2010 1900 2057 et
1950 2002 2012 2056 il-

445 2093 585 2156 lum,
613 2091 708 2163 qui
748 2092 1066 2148 cberubicis
1108 2094 1266 2150 sedet
1296 2095 1351 2149 in
1388 2094 1625 2156 thronis,
1658 2093 1712 2147 in
1754 2092 2021 2147 immacu-

446 2185 558 2240 lato
586 2194 680 2240 tuo
719 2185 844 2240 sinu
872 2184 1126 2239 indutum
1156 2199 1390 2255 corpore
1425 2184 1692 2249 viderem,
1724 2198 2020 2254 meumque

2128 1847 2288 1900 μενον
2329 1828 2561 1901 θρόνοις,
2606 1830 2664 1883 ἐν
2722 1828 2984 1901 ἀκηράτῳ
3035 1826 3459 1900 σωματούμενον
3518 1825 3690 1896 νηδύϊ,

2122 1918 2352 1991 οὐρανὸν
2369 1918 2765 1985 ἐξάνελπίστου
2799 1919 2898 1991 τὴν
2928 1917 3118 1989 εὐτελῆ
3149 1914 3694 1990 μετασκευαξομένην

2126 2010 2371 2080 σκηνήνς
2425 2009 2641 2093 Μύστιν
2663 2009 2862 2082 ἑαυτὴν
2916 2010 3038 2062 τότε
3074 2007 3420 2079 πραγμάτων
3452 2004 3696 2078 ἀπορρή-

2124 2119 2233 2155 των
2292 2100 2631 2173 ῂσθανόμην,
2694 2100 2974 2172 Παρθένον
3028 2101 3295 2171 κυοφόρον
3328 2097 3689 2168 ὑπεδεχόμην,

2126 2192 2361 2263 νεφέλην
2415 2193 2719 2262 φωτοδόχον
2752 2192 3096 2264 ἐδεξιούμην.
3132 2193 3318 2249 Ταῦτα
3363 2192 3429 2263 δὴ
3460 2207 3693 2246 κατανο-

448 2278 843 2349 paupereulum
880 2278 1294 2334 tabernaculum
1317 2293 1382 2333 ex
1421 2277 1703 2349 insperato
1731 2276 1787 2332 in
1819 2276 2019 2333 ctelum

2130 2282 2274 2349 ὦσα,
2305 2283 2380 2347 ὡς
2410 2285 2698 2355 συγγενίδα
2725 2286 2825 2357 μὲν
2853 2285 3324 2358 περιεπτυξάμην,
3350 2285 3426 2349 ὡς
3450 2284 3507 2339 δὲ
3539 2283 3695 2355 βασι-

446 2370 886 2426 commutatum?
934 2370 1254 2442 Memetipsa
1303 2379 1431 2426 tunc
1475 2369 1774 2425 ineffabilia
1818 2383 2019 2425 arcana

2130 2373 2233 2427 ιίδα
2258 2376 2646 2447 ἐπευφήμησα,
2665 2375 2742 2440 ὡς
2762 2377 2871 2431 τῶν
2892 2378 3144 2432 ἁπάντων
3164 2376 3261 2430 ἀνύ
3271 2394 3450 2449 μνησα
3471 2375 3699 2430 Δέσποι»

447 2460 698 2516 edoctam
744 2461 1035 2532 persensi;
1078 2460 1420 2531 excipiebam
1466 2460 1682 2516 scilicet
1733 2474 2025 2531 praegnan-

452 2561 560 2609 tem
585 2554 887 2625 Virginem,
916 2554 1144 2621 nubem,
1175 2571 1296 2624 qua:
1342 2555 1596 2611 servabat
1629 2555 1683 2609 in
1720 2568 1780 2610 se
1824 2554 2024 2616 lucem,

448 2647 840 2718 amplectebar.
873 2646 1000 2703 Hzec
1025 2662 1151 2702 cum
1182 2647 1316 2701 mihi
1352 2647 1536 2701 animo
1572 2646 2021 2709 obversarentur,

448 2736 698 2807 profecto
734 2747 788 2795 te
825 2738 1130 2809 amplexata
1164 2754 1286 2795 sum
1316 2738 1539 2809 quidem
1575 2738 1655 2793 uti
1700 2742 2021 2806 cognatam;

450 2834 508 2883 at
538 2829 835 2884 acclamavi
876 2829 1038 2884 simul
1078 2839 1338 2901 tanquam
1372 2829 1594 2898 reginae,
1625 2828 1900 2884 celebravi
1932 2843 2027 2882 ve-

2120 2481 2238 2530 ναν,
2268 2464 2340 2527 ὡς
2381 2464 2595 2538 μητέρα
2634 2466 2970 2540 κατῃδέσθην
3010 2467 3105 2521 τοῦ
3132 2468 3456 2531 κτίσαντος,
3495 2466 3569 2528 ὠς
3599 2482 3698 2518 κυ-

2126 2553 2248 2626 ρίαν
2271 2557 2330 2608 ἐν
2350 2558 2462 2620 τοῖς
2497 2558 2649 2627 ἐμοῖς
2672 2562 3064 2630 συνῳκισάμην
3090 2559 3381 2629 ταμιείοις.
3427 2556 3693 2623 suam;

2128 2649 2330 2717 φωναῖς
2376 2648 2476 2718 τὴν
2532 2649 2632 2720 τῆς
2686 2651 2936 2718 εὐλογίας
2969 2650 3443 2723 ἐφιλοτιμησάμην
3500 2648 3696 2719 ῥίζανο

2129 2741 2303 2811 χαρᾶς
2360 2741 2455 2794 καὶ
2507 2743 2863 2814 μακαρισμοῦ
2896 2745 3105 2818 ῥήμασί
3163 2761 3223 2798 σε
3252 2744 3349 2815 τὴν
3400 2743 3499 2814 τῆς
3528 2743 3696 2806 ὅντως

2132 2831 2310 2901 χαρᾶς
2348 2833 2813 2901 κατεστεφάνωσα
2844 2836 3122 2907 πρόξενον.

449 2920 535 2973 lut
562 2920 807 2974 omnium
847 2920 1145 2983 dominam,
1179 2922 1417 2978 reverita
1453 2936 1572 2976 sum
1603 2936 1704 2977 ceu
1746 2919 2025 2976 Creatoris
2063 2928 2317 2987 matrem,
2372 2930 2430 2978 et
2493 2931 2750 2995 tanquam
2781 2925 2928 2982 bene
2958 2927 3307 2982 habitandam
3346 2927 3443 2983 tibi
3474 2926 3694 2981 domum

454 3027 629 3068 meam
666 3012 866 3068 obtuli.
896 3013 1308 3070 Beuedictionis
1344 3013 1576 3069 vocibus
1620 3010 2027 3069 benedictionis
2065 3011 2309 3069 radicem
2337 3013 2643 3084 honoravi;
2708 3016 2890 3089 gaudii
2925 3027 2981 3075 et
3020 3019 3301 3075 felicitatis
3361 3018 3545 3075 verbis
3575 3019 3699 3085 tibi,

451 3122 575 3178 qua:
605 3120 796 3162 verum
822 3106 1086 3177 gaudium
1126 3106 1312 3172 aﬂ‘ers,
1340 3121 1604 3163 coronam
1638 3106 1811 3162 texui.

522 3201 738 3258 XXXV.
781 3202 848 3257 Et
896 3201 1015 3257 haec
1059 3200 1283 3272 quidem
1330 3201 1468 3256 mihi
1525 3217 1593 3257 ex
1643 3199 1882 3256 adventu
1935 3208 2033 3256 tuo
2062 3205 2106 3264 (ζ

453 3300 619 3355 bona.
652 3295 789 3351 Cum
826 3309 960 3350 vero
993 3293 1168 3365 magis
1200 3308 1363 3363 quam
1402 3308 1502 3364 pro
1535 3293 1770 3358 meritis,
1799 3307 1868 3349 ex
1903 3291 2029 3347 diu-

456 3390 687 3446 turniori
743 3397 836 3444 tua
880 3387 1285 3444 consuetudine
1330 3387 1611 3459 mysteriis
1667 3386 1777 3442 tuis
1817 3384 2028 3458 perfrui

460 3481 592 3536 mihi
635 3479 1079 3547 licueritratque
1129 3479 1276 3533 ultra
1315 3492 1470 3549 spem
1504 3492 1723 3533 omnem
1757 3477 1863 3531 hoc
1905 3490 2031 3530 mu-

456 3587 584 3628 nere
617 3568 921 3633 oblectari;
955 3577 1249 3638 propterea
1279 3568 1407 3624 hinc
1437 3568 1660 3638 quidem
1692 3566 2029 3623 desiderium

458 3662 617 3719 factis
659 3660 794 3729 ipsis
835 3658 1129 3714 adauctum
1171 3667 1293 3724 est;
1324 3659 1453 3714 inde
1495 3673 1628 3713 vero
1672 3672 1797 3713 cum
1834 3665 1887 3710 te
1929 3654 2032 3709 do-

460 3764 609 3807 mum
654 3759 801 3804 tuam
832 3764 1027 3804 versus
1080 3749 1186 3804 iter
1234 3748 1585 3803 festinantem
1634 3746 1872 3812 videam,
1909 3753 2035 3800 utut

458 3842 752 3897 collectum
801 3839 1187 3911 mysteriorum
1249 3839 1568 3894 thesaurum
1618 3838 1694 3893 ita
1749 3838 1895 3909 apud
1949 3852 2034 3892 me

460 3949 698 4000 servem,
722 3941 786 3988 ut
823 3929 1031 3987 auferri
1069 3931 1200 3986 mihi
1253 3945 1360 3985 non
1410 3930 1603 4001 possit,
1648 3929 1806 3985 dolor
1846 3938 2032 3985 tamen

459 4025 529 4081 de
562 4024 808 4081 discessu
850 4031 946 4077 tuo
973 4021 1341 4095 iucunditatis
1371 4036 1504 4076 mea‘
1543 4022 1802 4092 gaudium
1843 4029 2034 4077 retun-

461 4118 561 4173 dit.
593 4117 936 4186 Ampliorum
968 4117 1116 4170 enim
1153 4114 1424 4169 bonorum
1458 4113 1669 4177 fruitio,
1704 4113 1890 4186 gravis
1929 4113 2032 4169 tri-

461 4209 644 4271 stitiae,
670 4207 715 4262 si
747 4205 969 4277 quando
1009 4204 1315 4271 auferatur,
1347 4204 1455 4261 illis
1478 4220 1698 4275 quoque
1744 4204 1897 4277 origo
1927 4213 2033 4270 est,

461 4298 557 4369 qui
607 4297 845 4367 aliquam
902 4310 1099 4352 eorum
1158 4305 1369 4367 partem
1442 4304 1685 4354 teneant.
1741 4297 2034 4352 Subtracta

462 4392 610 4446 enim
662 4391 824 4461 plena
873 4389 1180 4461 cuiuspiam
1235 4388 1366 4444 boni
1416 4388 1787 4458 possessione,
1818 4387 2036 4444 vilescit

463 4481 609 4551 quod
628 4480 809 4535 adhuc
833 4495 901 4535 ex
933 4488 1087 4549 parte
1115 4479 1322 4535 habere
1362 4480 1529 4544 licet;
1554 4488 1612 4535 et
1640 4479 1771 4535 illud
1811 4496 2035 4549 parum-

464 4589 562 4643 per
598 4572 1019 4643 deguslantibus
1048 4586 1168 4627 sese
1202 4586 1304 4626 ceu
1345 4571 1551 4626 bonum
1594 4571 1841 4634 exhibet,
1878 4572 2036 4641 cujus
2067 4552 2111 4607 υ

463 4681 587 4722 cum
616 4665 777 4736 plane
805 4679 913 4719 non
948 4664 1061 4718 sint
1087 4672 1360 4727 exsortes,
1393 4662 1564 4720 totius
1602 4664 1853 4734 potiundi
1886 4663 2038 4730 .desi-

456 4756 619 4811 tlerio
662 4770 772 4809 non
806 4755 1145 4816 cruciantur.
1178 4755 1349 4826 Maius
1394 4769 1560 4824 porro
1591 4754 1796 4808 bonum
1839 4753 2036 4808 merito

466 4844 599 4900 illud
655 4845 1050 4917 appellabitur.
1111 4844 1257 4914 quod
1315 4860 1382 4898 ex
1448 4844 1860 4912 comparatione
1910 4858 2018 4896 cun

468 4936 689 5001 minori,
733 4946 794 4991 ut
823 4937 929 4992 tale
962 4937 1258 5000 habeatur,
1300 4945 1613 4991 assecutum
1659 4934 1842 4989 fuerit.
1876 4934 2032 5001 Quod

465 5039 599 5078 \ero
637 5026 1230 5081 commensuratiouem
1255 5039 1474 5081 omnem
1508 5008 1746 5089 excedit,
1770 5034 1827 5080 et
1846 5040 2038 5094 quam-

466 5116 600 5172 libet
629 5118 1062 5187 comparationis
1097 5117 1362 5173 rationem
1401 5116 1873 5188 prmtergreditur,
1897 5132 2038 5187 quo-

466 5208 633 5263 modo
675 5208 900 5277 majoris
943 5210 1074 5264 boni
1124 5209 1492 5279 appellatione
1545 5209 1740 5264 donari
1795 5209 2035 5279 poterit,

467 5317 592 5354 cum
621 5310 677 5355 et
709 5301 826 5371 ipsa
855 5315 951 5370 per
987 5315 1047 5355 se
1080 5302 1300 5357 bonitas
1329 5302 1473 5358 idem
1503 5302 1594 5363 sit,
1626 5311 1682 5357 et
1704 5302 1770 5357 ad
1804 5303 2039 5355 maxima

467 5405 699 5462 quasque
729 5391 874 5447 bona
906 5391 1196 5447 tribuenda
1225 5394 1506 5463 proclive?
1539 5392 1820 5464 Ejusmodi
1847 5401 2029 5447 autem

464 5490 571 5550 est,
607 5484 702 5554 qui
743 5500 841 5554 per
881 5494 932 5541 te
955 5484 1064 5540 huc
1091 5485 1314 5541 advenit
1348 5488 1631 5545 Dominus.
1664 5486 1787 5541 fons
1814 5486 1904 5541 ille
1932 5485 2033 5538 bo-

465 5571 677 5639 nitatis,
706 5573 1060 5641 pulchritudo
1098 5574 1189 5629 illa
1223 5575 1565 5638 indellciens.
1595 5575 1800 5630 bonum
1828 5575 2032 5629 immu-

468 5664 652 5732 tabile,
696 5681 914 5736 semper
956 5665 1341 5733 desiderabile,
1379 5668 1609 5724 dulcedo
1653 5683 1716 5722 ac
1765 5669 2033 5724 satietatis

2209 3193 2331 3253 AE'.
2359 3194 2544 3251 Ταῦτα
2588 3195 2690 3267 μὲν
2718 3192 2814 3251 οὖν
2846 3195 2916 3250 τὰ
2943 3195 3040 3268 τῆς
3071 3196 3362 3265 ἐπιδημίας
3413 3212 3509 3250 σου
3539 3194 3697 3252 καλά.

2142 3285 2298 3343 Ἐπεὶ
2324 3287 2381 3341 δέ
2411 3289 2478 3359 τῇ
2515 3287 2608 3340 ἐπὶ
2636 3287 2885 3341 πλεῖστον
2909 3287 3258 3358 συνδιατριϐῇ
3293 3284 3478 3357 μεῖζον
3504 3286 3538 3357 ἢ
3561 3288 3703 3338 κατᾶ

2131 3382 2292 3454 χάριν
2344 3377 2455 3433 τῶν
2485 3379 2594 3432 σῶν
2624 3378 2916 3451 ἀπήλαυσα
2973 3378 3308 3450 μυστηρίων,
3340 3378 3481 3447 ὑπὲρ
3514 3378 3702 3431 ἐλπίδα

2129 3477 2230 3546 τῆς
2258 3474 2468 3545 δωρεᾶς
2489 3473 2816 3544 άπωνάμην,
2848 3473 2983 3527 διότι
3012 3473 3081 3526 τὰ
3113 3473 3213 3543 μὲν
3244 3473 3343 3542 τῆς
3374 3471 3703 3543 προσδοκίᾶς

2134 3566 2445 3636 συνηυξήθη
2499 3567 2613 3630 τοῖς
2652 3567 2965 3636 πράγμασι,
3025 3566 3084 3618 σὲ
3134 3566 3191 3619 δέ
3222 3565 3360 3636 πρὸς
3382 3566 3482 3635 τὴν
3518 3564 3701 3618 οἴκαδε

2135 3655 2357 3727 πορείαν
2390 3656 2756 3726 ἐπειγομένην
2783 3656 3146 3721 κατανοοῦσα,
3174 3656 3281 3728 ἔχω
3312 3656 3412 3728 μὲν
3443 3656 3553 3730 τῷν
3575 3656 3704 3711 συλ-

2134 3748 2402 3819 λεγέντων
2477 3746 2793 3819 μυστηρίων
2849 3747 2939 3802 τὸν
2994 3748 3272 3820 θησαυρὸν
3307 3749 3703 3820 ἀναφαίρετον·

2135 3843 2261 3898 ἀνία
2285 3844 2366 3910 δὲ,
2389 3844 2422 3915 ἡ
2456 3843 2554 3912 τῆς
2580 3841 2751 3911 ἁποδη
2762 3839 2913 3910 μίας,
2938 3840 3037 3911 τὴν
3058 3840 3157 3910 τῆς
3178 3840 3376 3910 ἡδονῆς
3405 3841 3703 3894 ἀνακόπτει

2135 3934 2426 4007 θυμηδίαν.
2450 3933 2516 3989 Αἱ
2550 3933 2658 4004 γὰρ
2685 3932 2795 3986 τῶν
2822 3931 3087 4002 μειζόνων
3111 3931 3330 3998 ἀγαθῶν
3358 3930 3703 3997 ἁπογεύσεις,

2135 4026 2375 4100 χαλεπὴν
2429 4027 2531 4095 τῆς
2577 4022 2920 4093 ἀφαιρέσεως
2969 4020 3069 4093 τὴν
3115 4020 3312 4091 όδύνην
3360 4022 3599 4080 καὶτοῖς
3647 4021 3708 4073 ἐν

2139 4118 2360 4190 μεθέξει
2404 4114 2611 4169 τούτων
2660 4112 2969 4182 γινομένοις
3024 4112 3370 4183 ἐμποιοῦσιν.
3436 4112 3707 4184 Ἀμαυροῖ

2136 4210 2245 4279 γάρ
2273 4209 2371 4275 τὴν
2402 4208 2458 4259 ἐν
2482 4206 2638 4277 μέρει
2671 4203 2978 4267 κοινωνίαν,
3004 4204 3038 4275 η
3069 4204 3162 4257 τοῦ
3192 4203 3393 4263 παντὸς
3432 4202 3508 4274 μὴ
3539 4219 3708 4273 προσ-

2135 4298 2269 4354 οὖσα
2294 4297 2590 4361 ἀπόλαυσις
2611 4311 2626 4326 ο
2650 4297 2743 4350 καὶ
2766 4296 2932 4350 καλὸν
2960 4297 3137 4349 ἐκεῖνο
3161 4297 3272 4359 τοῖς
3293 4294 3541 4366 μετόχοις
3563 4294 3709 4362 γίνεο

2135 4384 2326 4454 ται,οἶ›
2355 4388 2429 4458 μὴ
2454 4388 2650 4448 ἐνδεῶς
2674 4386 2912 4457 ἔχοντες,
2942 4388 3003 4455 τῇ
3031 4385 3296 4457 ἐπιθυμίᾳ
3321 4384 3420 4454 τῆς
3456 4386 3703 4454 κτήσεως

2138 4480 2536 4552 ἐξελέγχονται.
2566 4479 2796 4547 Ἀγαθὸν
2821 4479 2878 4533 δέ
2919 4479 3146 4540 εἰκότως
3194 4477 3259 4530 ἂν
3310 4479 3486 4530 ἐκεῖνο
3524 4476 3709 4545 μεῖζον

2139 4573 2374 4642 λέγοιτο,
2406 4573 2433 4627 δ
2460 4572 2747 4643 συγκρίσει
2781 4575 2848 4643 τῇ
2886 4572 3021 4642 πρὸς
3053 4570 3115 4624 τὸ
3158 4565 3344 4642 ἧττον,
3386 4567 3544 4622 τοῦτο
3566 4560 3710 4621 εἶναι

2138 4664 2505 4737 κεκλήρωται.
2523 4666 2596 4717 Τὸ
2610 4664 2668 4718 δὲ
2687 4665 2868 4734 πάσης
2887 4662 3291 4727 ἀντεξετάσεως
3313 4660 3707 4731 ἀνῳκισμένον,

2136 4757 2230 4810 καὶ
2261 4756 2624 4825 συγκριτικήν
2656 4754 2877 4809 ἃπασαν
2905 4755 3280 4824 διαδιδράσκον
3319 4752 3551 4819 ἔννοιαν,
3593 4751 3711 4815 πῶς

2135 4846 2199 4897 ἂν
2222 4845 2320 4915 τὴν
2345 4846 2440 4897 τοῦ
2471 4842 2717 4914 μείζονος
2744 4842 3057 4912 ἐπιδέξηται
3084 4842 3478 4915 προσηγορίαν,
3516 4842 3713 4895 αὐτοα·

2138 4936 2372 5003 γαθότης
2391 4952 2450 4987 τε
2470 4933 2550 4995 ὃν.
2567 4935 2659 4987 καὶ
2679 4934 2791 4986 τῶν
2813 4935 3085 5002 μεγίστων
3103 4933 3323 5001 ἀγαθῶν
3344 4932 3707 5003 παρεκτικόνς

2136 5025 2308 5079 Τοῦτο
2337 5026 2395 5079 δέ
2423 5029 2594 5088 ἐστιν,
2624 5028 2652 5079 ό
2703 5026 2789 5080 διὰ
2829 5027 2924 5079 σοῦ
2957 5027 3304 5097 ἐπιδημήσας
3338 5025 3637 5091 Δεσπότης,
3673 5024 3707 5092 ἡ

2137 5120 2287 5188 πηγὴ
2315 5122 2415 5187 τῆς
2449 5119 2804 5187 ἀγαθότητος,
2830 5117 2892 5171 τὸ
2925 5118 3100 5187 μόνως
3134 5117 3492 5171 ἀναλλοίωτον
3520 5116 3707 5179 καλὸν,

2136 5210 2197 5261 τὸ
2247 5208 2516 5276 ἄτρεπτον
2556 5209 2780 5276 ἀγαθὸν,
2840 5209 2901 5260 τὸ
2933 5209 3198 5271 ὠσαῦτως
3257 5208 3379 5278 ἔχον
3425 5208 3641 5277 ἐφετὸν,
3673 5210 3707 5277 ἠ

2138 5300 2366 5369 γλυκεῖα
2394 5302 2489 5354 καὶ
2519 5301 2685 5370 κόρου
2713 5301 2912 5363 παντὸς
2943 5302 3202 5354 ἐπέκεινα
3239 5300 3420 5371 ἡδονὴ,
3459 5303 3488 5353 ό
3537 5301 3712 5370 ὕπερ-

2147 5393 2380 5463 μεγέθης
2413 5395 2478 5462 τῇ
2508 5392 2969 5459 αὐτεξουσιότητι,
3003 5387 3063 5446 οὗ
3115 5395 3289 5447 πάντα
3317 5392 3392 5457 ὡς
3435 5394 3712 5462 Δημιουρ-

2143 5482 2240 5552 γοῦ
2289 5482 2382 5535 καὶ
2431 5481 2730 5552 φιλαγάθου
2782 5481 2991 5551 ἐφίεται
3036 5484 3341 5537 Δεσπότου’
3383 5481 3501 5545 πῶς
3527 5477 3619 5534 οὖν
3650 5479 3713 5534 τὸ

2142 5574 2403 5648 ὑστεροῦν
2453 5574 2552 5628 οὐκ
2580 5574 2646 5628 ἂν
2678 5572 2940 5642 ἀνάλογον
2975 5576 3294 5645 ἐμποιήσειε
3325 5572 3386 5627 τὸ
3430 5573 3708 5644 λυπηρόνς

2143 5669 2240 5723 Διὰ
2272 5668 2428 5722 τοῦτο
2458 5667 2555 5721 οὒκ
2589 5667 2907 5740 ἀναλγήτως
2965 5666 3064 5737 μὲν
3088 5665 3186 5738 την
3212 5666 3493 5722 διάστασιν
3526 5664 3672 5736 φέρω
3693 5678 3707 5693 ·

3058 5836 3091 5861 κ
