4122 6212
368 322 470 381 ενι
1132 318 1416 381 ORATIO
1466 319 1547 378 IN
1592 319 1693 378 SS.
1739 318 2090 378 DElPARE
2146 317 2851 382 DESI‘ONSATIONEM.
3536 319 3640 382 698

369 433 528 502 φέρω
570 428 627 483 δὲ
694 428 844 499 ὅμως
897 427 966 481 τὰ
986 427 1082 482 τοῦ
1123 427 1425 499 μυστηρίου
1477 429 1557 489 είς
1598 426 1660 479 τὸ
1715 425 1956 493 ἐμφανὲς

2074 427 2241 480 amnis
2266 442 2462 496 expers
2492 430 2752 494 suavitas,
2776 444 3070 499 supremus
3098 427 3187 482 ille
3221 427 3505 481 immensae
3532 446 3602 497 po
3620 459 3633 469 -

370 523 765 595 προχωρούντα
799 520 1095 591 βλέπουσα,
1133 520 1254 574 κατ’
1280 520 1497 573 εὐθεῖαν
1543 518 1949 589 προδαίνουσαν

2082 517 2275 571 estatis
2322 533 2448 581 rex,
2486 535 2649 588 quem
2698 531 2934 584 cuncta,
2974 528 3161 590 utpote
3206 522 3526 575 Creatorem
3578 537 3644 576 ac

368 613 471 684 τὴν
520 610 855 681 οἰκονομίαν,
914 610 1183 680 λαμπρῶς
1237 608 1337 672 τὰς
1381 609 1481 679 τῆς
1533 608 1952 679 φιλανθρωπίας

2074 610 2519 681 benignissimum
2562 614 2853 667 Dominum
2907 615 3326 683 concupiscunt.
3361 614 3481 681 Quo
3513 631 3644 683 ergo

288 745 297 755 .
371 701 797 773 ἑφαπλουμένας
824 703 1073 768 ἀκτῖνας,
1116 702 1442 769 ὲπαφιείσαν
1483 701 1584 772 ἤδη
1617 701 1714 769 τὴν
1769 699 1954 769 πηγὴν

2074 713 2224 771 pacto
2256 704 2421 774 hujus
2448 705 2577 759 honi
2626 707 2873 762 absentia
2904 718 3333 762 consentaneam
3369 724 3477 761 non
3509 708 3646 761 affe-

370 796 470 851 τοῦ
491 796 674 859 ἐλέους
698 796 854 865 κοινῇ
882 793 959 863 τῷ
990 794 1134 862 γένει
1158 794 1285 856 τοὺς
1318 794 1429 845 τῶν
1459 791 1680 861 ἀγαθῶν
1710 791 1953 859 ὀχετούς.

2074 801 2148 846 rat
2185 795 2503 848 tristitiam?
2529 796 2591 849 Et
2635 794 2844 849 idcirco
2876 812 2984 849 non
3016 796 3273 861 equidem
3309 797 3427 851 sine
3452 796 3644 851 dolore

374 886 964 960 disjunctionemhanc
994 885 1269 950 fero;sed
1307 893 1488 938 tamen
1553 884 1696 945 fero,
1752 882 1882 936 dum
1950 883 2268 953 mysterium
2316 887 2426 953 jam
2473 888 2705 941 revelari
2781 888 3073 957 incipiens,
3120 890 3363 943 divinam
3424 890 3644 943 faustis-

374 983 514 1038 sime
545 980 991 1076 progredientem
1022 977 1517 1049 dispensationem,
1543 977 1743 1032 divina:
1772 978 1827 1032 in
1895 976 2148 1033 homines
2196 980 2483 1035 charilatis
2528 983 2714 1037 radios
2792 983 2899 1037 late
2939 985 3146 1039 circum
3209 985 3449 1051 undique
3527 999 3645 1038 sese

370 1070 746 1136 eﬂundéntes,
776 1090 841 1127 ac
893 1071 1291 1130 misericordiae
1361 1070 1571 1127 fontem
1614 1070 1889 1125 bonorum
1935 1070 2086 1125 rivos
2152 1071 2426 1129 universis
2477 1074 2535 1130 in
2596 1091 2888 1131 commune
2926 1075 3247 1130 hominibus
3290 1076 3634 1130 emittentem

374 1178 566 1222 cerno.

445 1260 590 1326 Λςυ,
622 1255 818 1311 Ἀπιθι
841 1254 1025 1308 τοίνυν
1073 1255 1102 1308 ό
1127 1251 1403 1324 θησαυρὸς
1446 1251 1546 1323 τῆς
1580 1249 1878 1322 σωτηρίαςν
1925 1252 1960 1320 ἦ

378 1351 579 1420 σκηνὴ,
624 1343 748 1420 ένῇ
800 1349 954 1418 ὁτῆς
1001 1347 1325 1418 εὐεργεσίας
1372 1343 1674 1416 έταμιεύθη
1708 1344 1963 1408 πλοῦτος.

382 1439 575 1496 mmo;
604 1439 665 1494 τδ
691 1440 790 1509 τῆς
818 1439 993 1510 χαρᾶς
1020 1438 1365 1506 εὐαγγέλιον,
1396 1438 1431 1505 ἡ
1472 1435 1814 1506 προκήρυξις
1861 1434 1966 1511 τῇς

378 1531 746 1603 εὐφροσύνης,
795 1532 830 1602 ἠ
854 1529 1170 1601 έπιθυμητὴ
1216 1528 1311 1582 τοῦ
1341 1528 1536 1596 γένους
1572 1526 1873 1597 ἀπεκδοχὴ,
1905 1525 1967 1579 τδ

378 1622 751 1693 πολυτίμητον
774 1619 1057 1694 ένέχυρον,
1108 1622 1141 1691 ἡ
1188 1618 1469 1689 ἀξιόλογος
1539 1617 1899 1710 καταλλαγὴ,
1926 1619 1961 1690 ἡ
1995 1653 2037 1710 Β

377 1714 754 1786 πολυζήτητος
808 1712 1081 1784 μεσιτεία,
1143 1713 1178 1784 η
1240 1711 1573 1782 έλπιζομένη
1655 1709 1959 1783 παρρησία.

382 1811 576 1867 Ἄπιθι
603 1808 1037 1881 δεδοξασμένως,
1078 1810 1112 1879 ἡ
1141 1807 1269 1873 δόξα
1300 1807 1399 1878 τῆς
1451 1805 1894 1876 ἀνθρωπότητος,
1926 1805 1960 1874 ἡ

379 1902 543 1974 νοητὴ
567 1900 866 1972 ὡραιότης,
918 1899 982 1953 τὸ
1013 1900 1194 1967 πάσης
1226 1897 1566 1968 εὐπρεπείας
1622 1895 1963 1967 ἐξῃρημένον

379 1992 604 2057 κάλλος,
637 1993 672 2063 ἡ
693 1992 793 2062 τῆς
816 1988 1119 2060 ἁγγελιιιῆς
1153 1989 1686 2058 ὐπεραστράπτουσα
1709 1985 1963 2056 λαμπρό-

374 2084 609 2155 τητος,ή
628 2079 1027 2151 φωτεινοτέρας
1056 2080 1272 2134 πάντων
1296 2078 1518 2159 λαμπεή
1529 2094 1635 2146 ρων
1666 2079 1963 2146 έπαφιείσα

375 2177 478 2241 τὰς
504 2176 751 2237 ἀκτῖνας.
777 2171 1020 2241 Πορεύου
1067 2171 1129 2225 τδ
1157 2170 1539 2242 δυσθεώρητον
1573 2169 1730 2241 ὕψος,
1770 2169 1831 2222 τὺ
1865 2185 1964 2223 πο-

375 2265 686 2334 λύφθογγον
718 2263 988 2335 διήγημα,
1016 2262 1078 2315 τὸ
1100 2261 1320 2332 ἥδιστον
1373 2259 1483 2315 τῶν
1537 2277 1597 2313 σε
1653 2258 1965 2314 ποθούντων

378 2359 580 2428 θέαμα,
603 2356 666 2411 τὸ
696 2354 872 2425 γλυκὺ
905 2354 1000 2409 καὶ
1030 2355 1105 2424 μὴ
1145 2352 1440 2424 νοούμενον
1484 2352 1693 2424 θαῦμα.
1746 2352 1960 2416 Ἀπιθι,

377 2451 440 2505 τὸ
461 2449 572 2503 τῶν
594 2447 744 2518 έμῶν
780 2445 988 2499 ὠδίνων
1019 2445 1318 2515 ἐγκώμιον,
1363 2443 1426 2497 τὸ
1452 2443 1838 2515 σεμνολόγημα
1869 2442 1963 2496 τοῦ

378 2540 541 2595 τόκου
562 2556 685 2609 μου,
716 2540 749 2608 ἠ
781 2537 875 2590 τοῦ
899 2536 1257 2607 προελθόντος
1286 2537 1532 2608 κήρυκος
1575 2537 1669 2590 τόν
1694 2538 1963 2609 κηρυττό-

383 2649 546 2703 μενον
585 2629 951 2702 κυοφοροῦσα,
983 2630 1017 2700 ἡ
1047 2628 1143 2682 τοῦ
1168 2628 1454 2699 τεχθέντος
1506 2628 1842 2699 στρατιώτου
1872 2631 1967 2685 τίον

385 2722 618 2779 Βασιλέα
642 2722 1004 2791 καὶ,Κτξστην
1022 2721 1383 2793 ἐπιφέρουσα.
1409 2721 1654 2792 Πορεύου
1688 2723 1786 2794 τῆς
1821 2740 1962 2778 στει-

384 2814 659 2887 ρωθείσης
712 2813 931 2883 φύσεως
961 2812 1273 2884 ηεῠιρορία,
1315 2812 1416 2883 τῆς
1446 2815 1505 2868 έν
1540 2813 1739 2880 λύπαις
1776 2814 1966 2879 ὠδῖνος

380 2910 417 2979 ἡ
448 2906 751 2978 ἐλευθερία,
803 2907 951 2976 χαρὰ
1000 2906 1102 2977 τὴν
1151 2905 1255 2978 σὴν
1287 2907 1961 2977 προοδοποιεῖταιᾱφιξιν,

2131 1251 2375 1308 XXXVI.
2415 1252 2520 1307 Abi
2566 1253 2754 1325 igitur,
2788 1255 2984 1311 salutis
3027 1255 3340 1320 thesaurus,
3385 1256 3643 1311 taberna.

2063 1345 2249 1400 culum
2291 1344 2516 1400 divitias
2556 1346 2864 1402 recondens
2893 1347 3272 1403 beneficentiae
3300 1365 3363 1403 ac
3397 1347 3647 1403 liberali-

2065 1434 2215 1491 tatis.
2253 1434 2381 1500 Abi,
2429 1434 2607 1490 fausta
2652 1435 2837 1504 gaudii
2872 1436 3245 1504 annuntiatio,
3279 1436 3483 1494 laetitiae
3512 1453 3643 1508 pro-

2064 1527 2367 1599 mulgatio,
2421 1526 2717 1597 concupita
2768 1529 2988 1598 generis
3043 1531 3216 1585 nostri
3272 1529 3646 1599 exSpectatio,

2064 1619 2227 1675 arrha
2263 1618 2681 1690 pretiosissima,
2711 1619 2913 1674 eximia
2941 1621 3342 1684 reconciliatio,
3381 1620 3644 1675 mediatio

2070 1711 2271 1782 cupide
2317 1710 2578 1780 quesita,
2613 1720 2832 1782 sperata
2884 1709 3104 1768 ﬁducia.
3155 1712 3257 1767 Abi
3311 1710 3584 1781 gloriose,
3615 1728 3649 1767 ο

2068 1804 2322 1859 humanae
2347 1803 2518 1875 gloria
2562 1813 2793 1868 naturae,
2826 1816 3090 1861 venustas
3138 1806 3252 1860 sola
3297 1814 3479 1861 mente
3519 1820 3651 1860 con-

2070 1894 2350 1966 Spicienda
2374 1936 2388 1959 ,
2423 1896 2671 1966 cujusvis
2706 1896 3139 1966 pulchritudinis
3185 1897 3427 1951 selectus
3460 1895 3650 1959 decor,

2070 2004 2184 2060 pra:
2215 1987 2465 2058 angelico
2501 1988 2710 2057 fulgore
2743 1988 3012 2055 renitens,
3045 2005 3108 2043 ac
3138 1988 3438 2044 lucidiores
3465 1988 3650 2056 splen-

2071 2078 2298 2135 doribus
2326 2079 2669 2149 quibuslibet
2704 2079 2888 2135 radios
2923 2080 3203 2135 emittcns.
3242 2079 3365 2142 Abi,
3399 2076 3653 2133 sublimi-

2072 2184 2156 2231 tas
2191 2174 2337 2229 nulla
2386 2174 2672 2228 oculoer
2716 2173 2833 2228 acie
2868 2172 3233 2242 asscquenda,
3270 2170 3512 2226 narratio
3540 2170 3649 2226 lino

2071 2267 2192 2340 guis
2232 2266 2477 2320 omnium
2520 2264 2874 2324 celebranda.
2909 2263 3297 2319 suavissimum
3336 2271 3388 2316 te
3427 2261 3653 2317 deside-

2072 2359 2311 2415 rantium
2351 2357 2727 2427 spectaculum
2751 2396 2765 2416 .
2792 2357 2951 2412 dulce
2997 2366 3053 2411 et
3095 2354 3411 2426 cogitationi
3449 2354 3653 2423 imper-

2072 2448 2221 2503 vium
2268 2448 2616 2503 miraculum.
2659 2447 2797 2512 Abi,
2850 2462 2882 2501 ο
2926 2456 3116 2517 partus
3156 2447 3262 2500 mei
3313 2446 3647 2503 encomium,

2072 2542 2242 2614 prolis
2273 2557 2407 2596 mea:
2456 2549 2862 2601 ornamentum,
2886 2550 3045 2594 utero
3076 2522 3201 2593 eum
3239 2553 3453 2609 gerens,
3486 2552 3649 2607 quem

2074 2650 2423 2707 prmeurrens
2452 2633 2801 2687 annuntiabit
2837 2647 3040 2703 ιιι-τοοκ),
3076 2633 3301 2701 natique
3337 2630 3529 2684 militis
3569 2644 3654 2684 re-

2073 2744 2195 2800 gem
2228 2727 2661 2796 Creatoremque
2690 2725 3106 2780 circumferens.
3143 2723 3269 2786 Abi,
3311 2722 3518 2777 sterilis
3554 2737 3652 2776 na-

2075 2826 2213 2873 tura;
2237 2816 2563 2876 fecunditas,
2599 2816 2808 2869 doloris
2842 2825 3057 2885 partum
3113 2814 3427 2869 comitantis
3461 2828 3652 2866 exem-
3746 2840 3751 2845 -

2076 2910 2227 2979 ptio;
2266 2908 2409 2964 viam
2447 2908 2675 2962 abeunti
2720 2908 2918 2962 sternit
2952 2906 3238 2978 gaudium,
3275 2921 3498 2977 gressus
3530 2915 3655 2959 tuos

381 2997 693 3070 εὐφροσύνη
720 2998 830 3051 τῶν
862 2997 974 3051 σῶν
1007 2997 1301 3069 προτρέχει
1337 2999 1716 3068 διαδημάτων,
1747 2999 1874 3065 δόξα
1907 3016 1966 3053 σε

2074 3001 2259 3057 lattitia
2298 3000 2612 3071 prmenrrit,
2659 3009 2710 3054 te
2753 2999 2952 3070 gloria,
2998 2999 3207 3055 circum
3257 2998 3500 3066 undique
3533 2997 3654 3050 cin-

386 3088 573 3156 ιιύκλῳ
612 3086 1113 3158 περιστοιχίζουσα,
1166 3086 1461 3159 δορυφορεῖ
1488 3087 1565 3153 ὡς
1611 3089 1861 3158 βασιλίδι,
1889 3088 1966 3154 ὼς

389 3182 601 3253 μητέρα
630 3178 725 3234 τοῦ
756 3180 993 3234 κτίστου
1027 3183 1388 3250 κατακοσμεῖ,
1440 3179 1517 3243 ὼς
1553 3181 1843 3234 δέσποιναν
1873 3197 1969 3232 πε-

390 3273 751 3345 μαπράπτει
776 3275 898 3336 ταῖς
924 3271 1150 3368 χέρισιν
1174 3287 1189 3303 ⁸
1216 3270 1468 3325 ἐντεῦθεν
1489 3272 1596 3341 ἄρα
1626 3271 1967 3343 εὐλογημένη

390 3382 489 3421 σου
515 3369 550 3438 ἡ
586 3364 886 3436 παρουσία,
916 3355 1012 3417 {in
1038 3362 1403 3432 δεδοξασμένη
1424 3365 1459 3433 ὴ
1492 3361 1794 3433 ἀποδημία.

456 3456 588 3513 Ml'.
636 3457 797 3512 Οὕτω
820 3458 964 3525 τάχα
997 3452 1482 3523 περιπτυσσομένη
1515 3452 1614 3521 τὴν
1640 3452 1969 3523 όλοπόθητον

383 3551 421 3622 ἡ
455 3548 766 3610 Ἐλισὰϐετ,
824 3546 893 3600 τὰ
940 3545 1195 3614 έξιτήρια
1224 3542 1577 3614 προσέλεγεν.
1612 3542 1760 3613 Αὐτὴ
1792 3542 1850 3596 δὲ
1871 3541 1972 3612 τὴν

385 3641 477 3696 ἄπ’
502 3640 657 3694 ιῗίκου
714 3638 1015 3707 ποιουμένη
1040 3634 1294 3708 πορείαν,
1342 3634 1723 3707 συνοδοιπόρον
1747 3636 1971 3706 ἑαυτῆς,

386 3737 491 3809 τὴν
512 3734 741 3807 διηνεκῆ
772 3732 1085 3803 δοξολογίαν
1119 3731 1424 3801 ἐπεφέρετο
1444 3744 1460 3760 ο
1485 3729 1582 3785 καὶ
1627 3731 1741 3801 ὅσῳ
1780 3729 1852 3786 τὰ
1872 3728 1969 3784 τοῦ

389 3824 694 3897 μυστηρίου
721 3827 803 3890 είς
821 3825 884 3879 τὸ
905 3821 1289 3895 φανερώτερον
1319 3819 1515 3892 ἐχώρει
1549 3821 1713 3893 αὐτῇ,
1730 3823 1973 3893 τοσούτῳ

384 3918 487 3989 τὴν
517 3916 868 3988 εὐχαριστίαν
888 3914 1274 3985 γεγωνοτέραν
1303 3913 1618 3984 ἐπεκρότει,
1667 3915 1729 3968 ού
1762 3914 1842 3987 τῷ
1872 3933 1969 3987 με-

386 4007 537 4076 ⁴γέθει
567 4008 675 4062 τῶν
697 4006 918 4080 δωρεῶν
946 4009 1012 4079 τῇ
1051 4003 1264 4076 διανοίᾳ
1294 4003 1737 4078 μετεωριζομένη
1758 4021 1778 4040 ο
1803 4009 1880 4077 τῷ
1912 4009 1970 4064 δὲ

385 4100 498 4152 τῶν
519 4100 761 4171 χαρίτων
795 4098 1045 4168 ἀναλόγῳ
1082 4097 1231 4169 ὕψει,
1260 4098 1322 4152 τὸ
1371 4099 1603 4169 ἄπειρον
1650 4099 1752 4170 τῆς
1775 4117 1972 4155 ταπει-

390 4192 613 4264 νότητος
659 4195 934 4247 έπιδεικνυ
943 4192 1101 4262 μένη.

2075 3109 2228 3165 gens,
2249 3103 2506 3162 tanquam
2538 3092 2806 3163 reginam,
2846 3097 3164 3154 cmuitatur,
3195 3100 3452 3160 tanquam
3484 3087 3654 3144 Crea-

2075 3187 2215 3242 toris
2260 3184 2483 3240 Matrem
2516 3193 2783 3247 exornat,
2819 3194 3080 3252 tanquam
3125 3182 3399 3234 dominatu
3443 3179 3657 3248 fulgen-

2077 3276 2305 3331 tissimis
2339 3274 2646 3329 circumdat
2683 3274 2889 3342 gratiis.
2923 3273 3135 3327 Exinde
3167 3288 3297 3326 sane
3328 3271 3657 3326 benedictus

2073 3370 2346 3425 adventus
2379 3378 2527 3426 tuus.
2552 3379 2609 3422 et
2637 3367 2921 3422 discessus
2951 3376 3079 3419 tuus
3108 3364 3472 3435 glorificatus.

2141 3458 2412 3513 XXXVII.
2453 3456 2615 3512 Hisce
2647 3455 3024 3512 verisimiliter
3053 3453 3286 3507 vocibus
3319 3460 3485 3506 totam
3511 3448 3659 3505 desi-

2077 3551 2382 3607 derabilem
2432 3549 2583 3605 illam
2642 3547 2920 3620 Virginem
2984 3543 3652 3613 Elisabethamplexata,

2075 3642 2373 3697 abeuntem
2413 3650 2703 3709 prosecuta
2737 3649 2842 3694 est.
2880 3638 3001 3709 Ipsa
3032 3653 3165 3691 vero
3207 3635 3431 3689 domum
3467 3647 3658 3688 versus

2078 3734 2186 3791 iter
2214 3733 2446 3795 faciens,
2468 3733 2651 3803 iugem
2680 3731 2774 3787 Dei
2798 3730 3015 3785 laudem
3040 3728 3195 3799 quasi
3225 3726 3330 3782 sibi
3358 3724 3461 3779 viae
3483 3723 3655 3785 comi-

2078 3834 2189 3882 tem
2232 3825 2571 3888 deducebat;
2615 3836 2671 3879 et
2717 3839 2828 3895 quo
2881 3821 3229 3877 manifestius
3275 3817 3533 3891 mysteria
3576 3814 3653 3870 illi

2079 3920 2496 3985 revelabantur,
2521 3929 2673 3975 tanto
2718 3918 2937 3974 elatiori
2967 3932 3102 3974 voce
3133 3915 3427 3987 plaudens,
3456 3912 3658 3985 gratias

2073 4013 2190 4069 Deo
2214 4014 2435 4084 agebat,
2460 4029 2571 4068 non
2605 4028 2773 4082 supra
2812 4027 2871 4067 se
2910 4011 3084 4080 ipsam
3115 4007 3271 4063 vanis
3305 4004 3657 4076 cogitationi-

2077 4106 2180 4161 bus
2207 4106 2279 4160 οι)
2316 4090 2589 4161 donorum
2624 4103 3047 4174 amplitudinem
3078 4107 3254 4156 semet
3291 4098 3531 4167 erigens.
3558 4094 3653 4150 sed

2077 4207 2463 4252 consentanea:
2491 4196 2787 4266 gratiarum
2823 4192 3135 4248 celsitudiui
3169 4189 3441 4246 infinitam
3468 4187 3648 4243 humi-

2077 4287 2289 4342 litatem
2326 4286 2705 4359 praesefercns.

704 4414 794 4471 Vl.
830 4444 899 4454 —
925 4412 1008 4468 E1:
1030 4421 1222 4484 quarto
1248 4411 1431 4470 Jacobi
1472 4432 1716 4475 monacm
1752 4437 1998 4478 sermone
2033 4423 2089 4477 in
2124 4422 2373 4494 Deipara:
2405 4419 2873 4491 Desponsationem
2895 4424 3197 4488 excerptum
3227 4414 3363 4488 (9|).

462 4528 686 4598 Ἐπειδὴ
718 4530 828 4600 γὰρ
870 4528 1185 4600 ἀπόρρητόν
1221 4544 1276 4580 τι
1307 4529 1619 4598 οἰκονομεῖν
1665 4530 1728 4585 τὸ
1759 4534 1969 4605 pum-{1.

2146 4533 2608 4603 Quandoquidem
2659 4530 2729 4585 de
2784 4527 3049 4584 ineffabili
3100 4526 3337 4597 quodam
3392 4526 3658 4596 mysterio

398 4638 511 4692 ριον
550 4620 764 4689 ἔμελλε,
802 4621 896 4674 καὶ
928 4622 1133 4682 πάσαις
1159 4619 1346 4684 ἀΰλοις
1372 4622 1683 4690 Δυνάμεσιν
1711 4624 1980 4693 ἁδιάγνω·

396 4728 520 4764 στον
549 4706 637 4782 ἦν,
661 4710 845 4765 λαθεῖν
880 4710 987 4764 ἔδει
1036 4710 1196 4764 τοῦτο
1233 4711 1453 4775 παντως
1487 4713 1578 4765 τὸν
1612 4714 1850 4783 ἄρχοντα
1880 4713 1976 4767 τοῦ

397 4802 622 4866 σκότους
677 4802 773 4856 καὶ
801 4803 927 4864 τοὺς
961 4801 1152 4854 τούτου
1199 4804 1639 4866 συναποστάτας.
1670 4807 1735 4858 Ὃ
1765 4807 1860 4858 καὶ
1890 4806 1978 4875 δη-

394 4892 531 4963 λαδὴ
556 4893 655 4946 καὶ
684 4894 1130 4965 ἐκπεπλήρωται.
1160 4894 1323 4946 Ὅθεν
1360 4894 1463 4946 τῶν
1494 4895 1776 4963 μυστικῶς
1814 4898 1875 4949 ὲν
1903 4897 1983 4968 τῷ

400 4982 513 5054 ναῷ
561 4982 922 5039 τελεσθέντων
979 4986 1147 5056 μηδὲν
1207 4988 1236 5040 ό
1294 4986 1561 5058 τύραννος
1613 4991 1981 5058 κατανοήσας,

401 5075 574 5145 μόνην
614 5076 716 5146 τὴν
769 5077 1035 5144 ἀμίαντον
1086 5082 1451 5147 παρετηρεῖτο
1498 5079 1741 5150 Μαρίαν.
1800 5082 1981 5152 Ἐώρα

399 5166 511 5238 γὰρ
530 5167 701 5237 αὐτῆς
732 5168 1011 5237 ἀνωτέραν
1042 5169 1141 5234 τῆς
1173 5168 1393 5237 φύσεως
1428 5165 1617 5232 οὖσαν,
1650 5173 1747 5225 καὶ
1771 5173 1981 5243 ἀπροσο

402 5259 669 5313 πέλαστον
705 5260 881 5331 πάντη
907 5264 1026 5324 ταῖς
1060 5261 1224 5314 αὺτοῦ
1249 5262 1655 5333 κακοτεχνίαις.
1687 5264 1780 5317 Διὸ
1816 5282 1984 5336 προσ·

402 5345 620 5401 ϐάλλειν
668 5348 838 5419 ταύτῃ
899 5349 973 5420 μὴ
1017 5350 1240 5420 ἰσχύων,
1307 5352 1444 5422 μηδὲ
1472 5352 1644 5420 ψιλῶς
1695 5355 1787 5407 τὸν
1813 5355 1985 5423 αὐτῆς

402 5438 785 5509 ύπεράμωμον
835 5440 958 5493 νοῦν
1016 5443 1369 5513 περιδονῆσαι
1428 5444 1748 5514 δυνάμενος,
1810 5447 1983 5517 αὐτὴν

401 5534 758 5605 περιεσκόπει
814 5534 1005 5605 μόνην.
1067 5534 1233 5590 Ὅθεν
1289 5538 1504 5609 τρανῶς
1549 5537 1644 5592 τοῦ
1699 5539 1889 5609 ἱερέως
1910 5541 1982 5593 τὰ

477 5712 591 5783 (9t)
622 5713 701 5770 Ex
767 5712 880 5769 Cod
942 5712 1118 5770 ϐιαιο.
1169 5714 1341 5772 Vatic.
1390 5715 1548 5784 “6‘2,
1585 5714 1681 5772 fol.
1717 5716 1779 5772 9t
1826 5730 1971 5773 vers.

2072 4625 2419 4695 disponendo
2456 4625 2754 4693 agebatur,
2786 4623 2895 4677 hoc
2934 4629 3120 4676 autem
3157 4620 3538 4675 internoscere
3565 4633 3664 4670 nc-

2077 4731 2184 4787 que
2230 4716 2326 4770 ulli
2366 4730 2435 4770 ex
2482 4714 2826 4784 incorporeis
2877 4712 3182 4767 virtutibus
3227 4710 3415 4764 datum
3463 4708 3659 4769 fuerat,

2085 4810 2261 4864 multo
2288 4808 2460 4879 magis
2489 4808 2804 4877 oportebat,
2837 4816 2899 4862 ut
2930 4806 3037 4860 hoc
3064 4805 3208 4860 idem
3244 4802 3551 4874 principem
3579 4812 3660 4857 te-

2080 4902 2379 4956 nebrarum
2413 4910 2469 4954 et
2509 4899 2829 4954 rebellionis
2857 4900 2977 4970 ejus
3019 4898 3201 4953 socios
3244 4898 3459 4951 lateret.
3490 4895 3661 4963 quue

2083 4992 2268 5061 reipsa
2328 4991 2532 5047 factum
2590 5000 2691 5046 est.
2748 4992 3016 5057 Quocirca
3069 5002 3335 5061 tyrannus
3383 4988 3472 5041 ille
3524 4986 3662 5040 nihil

2082 5099 2298 5149 eorum,
2318 5100 2439 5153 qua:
2457 5084 2511 5137 in
2533 5083 2740 5152 templo
2773 5083 2998 5154 mystice
3017 5081 3466 5151 perliciebantur,
3489 5080 3636 5132 anim

2077 5173 2412 5239 advertens,
2479 5172 2648 5227 solam
2725 5171 3129 5225 immaculatam
3196 5165 3665 5243 Marianrpravis

2081 5265 2198 5319 suis
2233 5265 2480 5320 intentus
2518 5264 2769 5320 consiliis
2795 5262 3146 5317 observabat.
3181 5260 3312 5314 Eam
3357 5257 3505 5312 enim
3540 5272 3662 5310 cer-

2082 5356 2252 5409 nebat
2272 5355 2551 5411 communi
2588 5354 2972 5410 sublimiorem
3002 5351 3343 5410 conditione.
3376 5345 3664 5418 pessimis-

2080 5463 2188 5518 que
2228 5447 2346 5503 suis
2384 5446 2601 5503 technis
2647 5460 2879 5517 prorsus
2906 5445 3262 5499 inaccessam.
3296 5440 3432 5496 Cum
3474 5438 3663 5507 itaque

2081 5539 2287 5597 adoriri
2325 5554 2446 5595 eam
2496 5554 2605 5594 non
2639 5540 2872 5603 valeret,
2915 5536 3271 5606 animumque
3312 5533 3432 5605 ejus
3471 5532 3665 5586 imma-
