  <div class='ocr_page' id='page_1' title='image "/cluster/home/n/w/nwhite01/storage/ocr_20150623/127/hvd.32044073502411/356.png"; bbox 0 0 4130 6202; ppageno 0'>
   <div class='ocr_carea' id='block_1_1' title="bbox 341 306 3585 350">
    <p class='ocr_par' dir='ltr' id='par_1_1' title="bbox 341 306 3585 350">
     <span class='ocr_line' id='line_1_1' title="bbox 341 306 3585 350; baseline -0.001 0"><span class='ocrx_word' id='word_1_1' title='bbox 341 306 3585 350; x_wconf 66' lang='lat' dir='ltr'><em>W</em></span> 
     </span>
    </p>
   </div>
   <div class='ocr_carea' id='block_1_2' title="bbox 1699 502 2197 544">
    <p class='ocr_par' dir='ltr' id='par_1_2' title="bbox 1699 502 2197 544">
     <span class='ocr_line' id='line_1_2' title="bbox 1699 502 2197 544; baseline -0.002 -3"><span class='ocrx_word' id='word_1_2' title='bbox 1699 502 1839 543; x_wconf 76' lang='lat' dir='ltr'><strong>ANNO</strong></span> <span class='ocrx_word' id='word_1_3' title='bbox 1873 503 2061 543; x_wconf 68' lang='lat' dir='ltr'><strong>DOMINI</strong></span> <span class='ocrx_word' id='word_1_4' title='bbox 2091 503 2197 544; x_wconf 72' lang='grc' dir='ltr'>ιιον</span> 
     </span>
    </p>
   </div>
   <div class='ocr_carea' id='block_1_3' title="bbox 889 691 3021 931">
    <p class='ocr_par' dir='ltr' id='par_1_3' title="bbox 889 691 3021 931">
     <span class='ocr_line' id='line_1_3' title="bbox 889 691 3021 931; baseline -0.004 0"><span class='ocrx_word' id='word_1_5' title='bbox 889 695 1796 931; x_wconf 79' lang='lat' dir='ltr'><strong>PHILIPPUS</strong></span> <span class='ocrx_word' id='word_1_6' title='bbox 2020 691 3021 926; x_wconf 76' lang='lat' dir='ltr'><strong>SOLi’l‘iiiliIS</strong></span> 
     </span>
    </p>
   </div>
   <div class='ocr_carea' id='block_1_4' title="bbox 1265 1280 2631 1391">
    <p class='ocr_par' dir='ltr' id='par_1_4' title="bbox 1265 1280 2631 1391">
     <span class='ocr_line' id='line_1_4' title="bbox 1265 1280 2631 1391; baseline -0.014 1"><span class='ocrx_word' id='word_1_7' title='bbox 1265 1282 1841 1391; x_wconf 80' lang='lat' dir='ltr'><strong>MONITUM</strong></span> <span class='ocrx_word' id='word_1_8' title='bbox 1991 1280 2631 1383; x_wconf 75' lang='lat' dir='ltr'><strong>EDITOBUM</strong></span> 
     </span>
    </p>
   </div>
   <div class='ocr_carea' id='block_1_5' title="bbox 408 1496 3599 1572">
    <p class='ocr_par' dir='ltr' id='par_1_5' title="bbox 408 1496 3599 1572">
     <span class='ocr_line' id='line_1_5' title="bbox 408 1496 3599 1572; baseline 0.001 -19"><span class='ocrx_word' id='word_1_9' title='bbox 408 1500 560 1570; x_wconf 87' lang='lat' dir='ltr'><strong>Opus</strong></span> <span class='ocrx_word' id='word_1_10' title='bbox 589 1498 805 1572; x_wconf 72' lang='lat' dir='ltr'><strong>Dioptra</strong></span> <span class='ocrx_word' id='word_1_11' title='bbox 832 1498 1157 1566; x_wconf 88' lang='lat' dir='ltr'><strong>inscriptum</strong></span> <span class='ocrx_word' id='word_1_12' title='bbox 1179 1496 1427 1550; x_wconf 76' lang='lat' dir='ltr'><strong>Mirbarli</strong></span> <span class='ocrx_word' id='word_1_13' title='bbox 1445 1497 1622 1552; x_wconf 75' lang='lat' dir='ltr'><strong>Psei‘io</strong></span> <span class='ocrx_word' id='word_1_14' title='bbox 1643 1509 1699 1553; x_wconf 88' lang='lat' dir='ltr'><strong>et</strong></span> <span class='ocrx_word' id='word_1_15' title='bbox 1716 1496 1970 1567; x_wconf 77' lang='lat' dir='ltr'><strong>Symmni</strong></span> <span class='ocrx_word' id='word_1_16' title='bbox 1991 1499 2368 1568; x_wconf 76' lang='lat' dir='ltr'><strong>Mrtaphrasme</strong></span> <span class='ocrx_word' id='word_1_17' title='bbox 2394 1516 2678 1571; x_wconf 68' lang='lat' dir='ltr'><strong>perperam</strong></span> <span class='ocrx_word' id='word_1_18' title='bbox 2695 1503 2988 1572; x_wconf 80' lang='lat' dir='ltr'><strong>ascriptum</strong></span> <span class='ocrx_word' id='word_1_19' title='bbox 3008 1513 3122 1565; x_wconf 87' lang='lat' dir='ltr'><strong>est;</strong></span> <span class='ocrx_word' id='word_1_20' title='bbox 3150 1511 3425 1557; x_wconf 83' lang='lat' dir='ltr'><strong>auctorem</strong></span> <span class='ocrx_word' id='word_1_21' title='bbox 3452 1505 3599 1558; x_wconf 86' lang='lat' dir='ltr'><strong>enim</strong></span> 
     </span>
    </p>
   </div>
   <div class='ocr_carea' id='block_1_6' title="bbox 322 1589 3600 1663">
    <p class='ocr_par' dir='ltr' id='par_1_6' title="bbox 322 1589 3600 1663">
     <span class='ocr_line' id='line_1_6' title="bbox 322 1589 3600 1663; baseline 0.001 -19"><span class='ocrx_word' id='word_1_22' title='bbox 322 1592 414 1645; x_wconf 71' lang='lat' dir='ltr'><strong>hat</strong></span> <span class='ocrx_word' id='word_1_23' title='bbox 437 1603 494 1646; x_wconf 83' lang='lat' dir='ltr'><strong>et</strong></span> <span class='ocrx_word' id='word_1_24' title='bbox 526 1591 835 1660; x_wconf 83' lang='lat' dir='ltr'><strong>Philippum</strong></span> <span class='ocrx_word' id='word_1_25' title='bbox 863 1590 1203 1651; x_wconf 78' lang='lat' dir='ltr'><strong>Solitariam,</strong></span> <span class='ocrx_word' id='word_1_26' title='bbox 1235 1598 1293 1641; x_wconf 94' lang='lat' dir='ltr'><strong>ut</strong></span> <span class='ocrx_word' id='word_1_27' title='bbox 1331 1589 1550 1643; x_wconf 76' lang='lat' dir='ltr'><strong>codices</strong></span> <span class='ocrx_word' id='word_1_28' title='bbox 1598 1604 1726 1643; x_wconf 85' lang='lat' dir='ltr'><strong>mss.</strong></span> <span class='ocrx_word' id='word_1_29' title='bbox 1771 1589 1990 1659; x_wconf 60' lang='lat' dir='ltr'><strong>Optima:</strong></span> <span class='ocrx_word' id='word_1_30' title='bbox 2017 1590 2141 1644; x_wconf 71' lang='lat' dir='ltr'><strong>tidri</strong></span> <span class='ocrx_word' id='word_1_31' title='bbox 2178 1600 2451 1645; x_wconf 77' lang='lat' dir='ltr'><strong>testantur</strong></span> <span class='ocrx_word' id='word_1_32' title='bbox 2470 1602 2524 1646; x_wconf 88' lang='lat' dir='ltr'><strong>et</strong></span> <span class='ocrx_word' id='word_1_33' title='bbox 2545 1593 2660 1663; x_wconf 87' lang='lat' dir='ltr'><strong>ipse</strong></span> <span class='ocrx_word' id='word_1_34' title='bbox 2686 1595 2870 1663; x_wconf 81' lang='lat' dir='ltr'><strong>Operis</strong></span> <span class='ocrx_word' id='word_1_35' title='bbox 2901 1603 3080 1649; x_wconf 78' lang='lat' dir='ltr'><strong>textus</strong></span> <span class='ocrx_word' id='word_1_36' title='bbox 3111 1595 3328 1649; x_wconf 86' lang='lat' dir='ltr'><strong>clamat.</strong></span> <span class='ocrx_word' id='word_1_37' title='bbox 3356 1595 3430 1649; x_wconf 87' lang='lat' dir='ltr'><strong>De</strong></span> <span class='ocrx_word' id='word_1_38' title='bbox 3453 1607 3600 1650; x_wconf 73' lang='lat' dir='ltr'><strong>sorte</strong></span> 
     </span>
    </p>
   </div>
   <div class='ocr_carea' id='block_1_7' title="bbox 322 1681 3583 1755">
    <p class='ocr_par' dir='ltr' id='par_1_7' title="bbox 322 1681 3583 1755">
     <span class='ocr_line' id='line_1_7' title="bbox 322 1681 3583 1755; baseline 0.002 -20"><span class='ocrx_word' id='word_1_39' title='bbox 322 1681 495 1752; x_wconf 86' lang='lat' dir='ltr'><strong>hujus</strong></span> <span class='ocrx_word' id='word_1_40' title='bbox 543 1684 727 1753; x_wconf 87' lang='lat' dir='ltr'><strong>operis</strong></span> <span class='ocrx_word' id='word_1_41' title='bbox 752 1695 808 1737; x_wconf 92' lang='lat' dir='ltr'><strong>et</strong></span> <span class='ocrx_word' id='word_1_42' title='bbox 851 1682 919 1737; x_wconf 90' lang='lat' dir='ltr'><strong>de</strong></span> <span class='ocrx_word' id='word_1_43' title='bbox 963 1681 1252 1737; x_wconf 84' lang='lat' dir='ltr'><strong>codicibus</strong></span> <span class='ocrx_word' id='word_1_44' title='bbox 1276 1698 1406 1735; x_wconf 85' lang='lat' dir='ltr'><strong>mss.</strong></span> <span class='ocrx_word' id='word_1_45' title='bbox 1458 1682 1664 1751; x_wconf 79' lang='lat' dir='ltr'><strong>quibus</strong></span> <span class='ocrx_word' id='word_1_46' title='bbox 1707 1683 2027 1743; x_wconf 63' lang='lat' dir='ltr'><strong>continetur</strong></span> <span class='ocrx_word' id='word_1_47' title='bbox 2074 1684 2338 1743; x_wconf 69' lang='lat' dir='ltr'><strong>nonnulla</strong></span> <span class='ocrx_word' id='word_1_48' title='bbox 2387 1686 2642 1741; x_wconf 89' lang='lat' dir='ltr'><strong>scribunt</strong></span> <span class='ocrx_word' id='word_1_49' title='bbox 2688 1686 2973 1740; x_wconf 85' lang='lat' dir='ltr'><strong>Fabricius</strong></span> <span class='ocrx_word' id='word_1_50' title='bbox 3002 1696 3058 1741; x_wconf 88' lang='lat' dir='ltr'><strong>ct</strong></span> <span class='ocrx_word' id='word_1_51' title='bbox 3094 1685 3305 1749; x_wconf 73' lang='lat' dir='ltr'><strong>ilarles,</strong></span> <span class='ocrx_word' id='word_1_52' title='bbox 3337 1687 3583 1755; x_wconf 70' lang='lat' dir='ltr'><strong>quaectsi</strong></span> 
     </span>
    </p>
   </div>
   <div class='ocr_carea' id='block_1_8' title="bbox 322 1776 3597 1849">
    <p class='ocr_par' dir='ltr' id='par_1_8' title="bbox 322 1776 3597 1849">
     <span class='ocr_line' id='line_1_8' title="bbox 322 1776 3597 1849; baseline 0.001 -18"><span class='ocrx_word' id='word_1_53' title='bbox 322 1777 561 1832; x_wconf 86' lang='lat' dir='ltr'><strong>obscura</strong></span> <span class='ocrx_word' id='word_1_54' title='bbox 590 1786 646 1832; x_wconf 91' lang='lat' dir='ltr'><strong>et</strong></span> <span class='ocrx_word' id='word_1_55' title='bbox 672 1777 923 1840; x_wconf 82' lang='lat' dir='ltr'><strong>confusa,</strong></span> <span class='ocrx_word' id='word_1_56' title='bbox 964 1777 1058 1832; x_wconf 91' lang='lat' dir='ltr'><strong>hic</strong></span> <span class='ocrx_word' id='word_1_57' title='bbox 1091 1788 1272 1831; x_wconf 90' lang='lat' dir='ltr'><strong>tamen</strong></span> <span class='ocrx_word' id='word_1_58' title='bbox 1306 1778 1604 1847; x_wconf 76' lang='lat' dir='ltr'><strong>repetenda</strong></span> <span class='ocrx_word' id='word_1_59' title='bbox 1638 1778 1916 1832; x_wconf 75' lang='lat' dir='ltr'><strong>ridentur.</strong></span> <span class='ocrx_word' id='word_1_60' title='bbox 1949 1776 2089 1832; x_wconf 74' lang='lat' dir='ltr'><strong>Sunt</strong></span> <span class='ocrx_word' id='word_1_61' title='bbox 2118 1788 2303 1832; x_wconf 79' lang='lat' dir='ltr'><strong>autem</strong></span> <span class='ocrx_word' id='word_1_62' title='bbox 2340 1780 2552 1833; x_wconf 79' lang='lat' dir='ltr'><strong>tenoris</strong></span> <span class='ocrx_word' id='word_1_63' title='bbox 2584 1780 2866 1849; x_wconf 82' lang='lat' dir='ltr'><strong>sequentis</strong></span> <span class='ocrx_word' id='word_1_64' title='bbox 2898 1795 2912 1832; x_wconf 91' lang='lat'><strong>:</strong></span> <span class='ocrx_word' id='word_1_65' title='bbox 2950 1799 2965 1828; x_wconf 75' lang='grc' dir='ltr'><strong>ι</strong></span> <span class='ocrx_word' id='word_1_66' title='bbox 3006 1779 3137 1833; x_wconf 87' lang='lat' dir='ltr'><strong>Vide</strong></span> <span class='ocrx_word' id='word_1_67' title='bbox 3171 1779 3364 1833; x_wconf 81' lang='lat' dir='ltr'><strong>Reiser</strong></span> <span class='ocrx_word' id='word_1_68' title='bbox 3422 1778 3597 1833; x_wconf 84' lang='lat' dir='ltr'><strong>indie.</strong></span> 
     </span>
    </p>
   </div>
   <div class='ocr_carea' id='block_1_9' title="bbox 326 1868 3598 1941">
    <p class='ocr_par' dir='ltr' id='par_1_9' title="bbox 326 1868 3598 1941">
     <span class='ocr_line' id='line_1_9' title="bbox 326 1868 3598 1941; baseline 0.001 -21"><span class='ocrx_word' id='word_1_69' title='bbox 326 1889 347 1920; x_wconf 75' lang='grc' dir='ltr'><strong>ι</strong></span> <span class='ocrx_word' id='word_1_70' title='bbox 392 1885 522 1924; x_wconf 91' lang='lat' dir='ltr'><strong>mss.</strong></span> <span class='ocrx_word' id='word_1_71' title='bbox 565 1871 823 1938; x_wconf 70' lang='lat' dir='ltr'><strong>August.,</strong></span> <span class='ocrx_word' id='word_1_72' title='bbox 878 1886 931 1939; x_wconf 91' lang='lat' dir='ltr'><strong>p.</strong></span> <span class='ocrx_word' id='word_1_73' title='bbox 994 1869 1084 1924; x_wconf 72' lang='grc'><strong>51.</strong></span> <span class='ocrx_word' id='word_1_74' title='bbox 1121 1869 1179 1923; x_wconf 91' lang='lat' dir='ltr'><strong>In</strong></span> <span class='ocrx_word' id='word_1_75' title='bbox 1220 1868 1380 1923; x_wconf 85' lang='lat' dir='ltr'><strong>calal.</strong></span> <span class='ocrx_word' id='word_1_76' title='bbox 1436 1886 1657 1939; x_wconf 87' lang='lat' dir='ltr'><strong>quoque</strong></span> <span class='ocrx_word' id='word_1_77' title='bbox 1693 1870 1755 1923; x_wconf 83' lang='grc' dir='ltr'>Β.</span> <span class='ocrx_word' id='word_1_78' title='bbox 1801 1871 1975 1941; x_wconf 79' lang='lat' dir='ltr'><strong>Lugd.</strong></span> <span class='ocrx_word' id='word_1_79' title='bbox 2012 1871 2131 1924; x_wconf 86' lang='lat' dir='ltr'><strong>Bat.</strong></span> <span class='ocrx_word' id='word_1_80' title='bbox 2169 1870 2294 1926; x_wconf 80' lang='grc'><strong>517.</strong></span> <span class='ocrx_word' id='word_1_81' title='bbox 2347 1886 2402 1923; x_wconf 91' lang='grc' dir='ltr'><strong>ιι.</strong></span> <span class='ocrx_word' id='word_1_82' title='bbox 2453 1870 2542 1933; x_wconf 73' lang='grc'><strong>(14,</strong></span> <span class='ocrx_word' id='word_1_83' title='bbox 2577 1871 2645 1924; x_wconf 89' lang='lat' dir='ltr'><strong>de</strong></span> <span class='ocrx_word' id='word_1_84' title='bbox 2699 1871 2822 1925; x_wconf 89' lang='lat' dir='ltr'><strong>cod.</strong></span> <span class='ocrx_word' id='word_1_85' title='bbox 2863 1872 3067 1925; x_wconf 87' lang='lat' dir='ltr'><strong>Bonav.</strong></span> <span class='ocrx_word' id='word_1_86' title='bbox 3123 1871 3351 1925; x_wconf 85' lang='lat' dir='ltr'><strong>Vulcan.</strong></span> <span class='ocrx_word' id='word_1_87' title='bbox 3394 1870 3598 1924; x_wconf 90' lang='lat' dir='ltr'><strong>cilatur</strong></span> 
     </span>
    </p>
   </div>
   <div class='ocr_carea' id='block_1_10' title="bbox 330 1961 3598 2033">
    <p class='ocr_par' dir='ltr' id='par_1_10' title="bbox 330 1961 3598 2033">
     <span class='ocr_line' id='line_1_10' title="bbox 330 1961 3598 2033; baseline 0 -20"><span class='ocrx_word' id='word_1_88' title='bbox 330 1981 350 2013; x_wconf 78' lang='grc' dir='ltr'><strong>ι</strong></span> <span class='ocrx_word' id='word_1_89' title='bbox 396 1961 560 2016; x_wconf 74' lang='grc' dir='ltr'>ρεριιι</span> <span class='ocrx_word' id='word_1_90' title='bbox 590 1964 850 2033; x_wconf 81' lang='lat' dir='ltr'><strong>Diaptra,</strong></span> <span class='ocrx_word' id='word_1_91' title='bbox 892 1962 932 2017; x_wconf 86' lang='lat' dir='ltr'><strong>i.</strong></span> <span class='ocrx_word' id='word_1_92' title='bbox 961 1976 1013 2016; x_wconf 87' lang='lat' dir='ltr'><strong>e.</strong></span> <span class='ocrx_word' id='word_1_93' title='bbox 1048 1962 1302 2031; x_wconf 86' lang='lat' dir='ltr'><strong>corporis</strong></span> <span class='ocrx_word' id='word_1_94' title='bbox 1326 1972 1383 2016; x_wconf 82' lang='lat' dir='ltr'><strong>et</strong></span> <span class='ocrx_word' id='word_1_95' title='bbox 1412 1961 1610 2015; x_wconf 72' lang='lat' dir='ltr'><strong>animae</strong></span> <span class='ocrx_word' id='word_1_96' title='bbox 1635 1961 1905 2030; x_wconf 78' lang='lat' dir='ltr'><strong>dialogus.</strong></span> <span class='ocrx_word' id='word_1_97' title='bbox 1938 1992 2000 2004; x_wconf 73' lang='grc' dir='ltr'><strong>σσ-</strong></span> <span class='ocrx_word' id='word_1_98' title='bbox 2035 1963 2092 2016; x_wconf 87' lang='lat' dir='ltr'><strong>in</strong></span> <span class='ocrx_word' id='word_1_99' title='bbox 2122 1962 2246 2015; x_wconf 79' lang='lat' dir='ltr'><strong>cod.</strong></span> <span class='ocrx_word' id='word_1_100' title='bbox 2278 1961 2502 2016; x_wconf 77' lang='lat' dir='ltr'><strong>Barocr.</strong></span> <span class='ocrx_word' id='word_1_101' title='bbox 2545 1963 2668 2027; x_wconf 80' lang='grc'><strong>197,</strong></span> <span class='ocrx_word' id='word_1_102' title='bbox 2716 1971 2845 2017; x_wconf 88' lang='lat' dir='ltr'><strong>sunt</strong></span> <span class='ocrx_word' id='word_1_103' title='bbox 2880 1962 3155 2032; x_wconf 81' lang='lat' dir='ltr'><strong>Symeonis</strong></span> <span class='ocrx_word' id='word_1_104' title='bbox 3199 1964 3443 2016; x_wconf 79' lang='lat' dir='ltr'><strong>monachi</strong></span> <span class='ocrx_word' id='word_1_105' title='bbox 3480 1978 3598 2015; x_wconf 72' lang='lat' dir='ltr'><strong>ser-</strong></span> 
     </span>
    </p>
   </div>
   <div class='ocr_carea' id='block_1_11' title="bbox 330 2054 3596 2125">
    <p class='ocr_par' dir='ltr' id='par_1_11' title="bbox 330 2054 3596 2125">
     <span class='ocr_line' id='line_1_11' title="bbox 330 2054 3596 2125; baseline 0.001 -22"><span class='ocrx_word' id='word_1_106' title='bbox 330 2072 350 2103; x_wconf 81' lang='grc' dir='ltr'><strong>σ</strong></span> <span class='ocrx_word' id='word_1_107' title='bbox 394 2069 588 2109; x_wconf 77' lang='lat' dir='ltr'><strong>mones</strong></span> <span class='ocrx_word' id='word_1_108' title='bbox 630 2055 718 2117; x_wconf 83' lang='grc'><strong>52,</strong></span> <span class='ocrx_word' id='word_1_109' title='bbox 769 2055 830 2109; x_wconf 89' lang='lat' dir='ltr'><strong>it.</strong></span> <span class='ocrx_word' id='word_1_110' title='bbox 874 2055 1119 2125; x_wconf 81' lang='lat' dir='ltr'><strong>Dioptra,</strong></span> <span class='ocrx_word' id='word_1_111' title='bbox 1155 2055 1414 2124; x_wconf 86' lang='lat' dir='ltr'><strong>inscripta</strong></span> <span class='ocrx_word' id='word_1_112' title='bbox 1458 2055 1708 2125; x_wconf 85' lang='lat' dir='ltr'><strong>Philippo</strong></span> <span class='ocrx_word' id='word_1_113' title='bbox 1747 2055 2013 2115; x_wconf 81' lang='lat' dir='ltr'><strong>Monacbo</strong></span> <span class='ocrx_word' id='word_1_114' title='bbox 2065 2066 2121 2113; x_wconf 88' lang='lat' dir='ltr'><strong>et</strong></span> <span class='ocrx_word' id='word_1_115' title='bbox 2159 2054 2410 2125; x_wconf 75' lang='lat' dir='ltr'><strong>Dialogus</strong></span> <span class='ocrx_word' id='word_1_116' title='bbox 2453 2057 2592 2110; x_wconf 77' lang='lat' dir='ltr'><strong>inter</strong></span> <span class='ocrx_word' id='word_1_117' title='bbox 2621 2056 2857 2108; x_wconf 77' lang='lat' dir='ltr'><strong>animum</strong></span> <span class='ocrx_word' id='word_1_118' title='bbox 2898 2066 2946 2108; x_wconf 86' lang='lat' dir='ltr'><strong>et</strong></span> <span class='ocrx_word' id='word_1_119' title='bbox 2970 2072 3181 2124; x_wconf 80' lang='lat' dir='ltr'><strong>corpus,</strong></span> <span class='ocrx_word' id='word_1_120' title='bbox 3225 2070 3386 2123; x_wconf 82' lang='lat' dir='ltr'><strong>quem</strong></span> <span class='ocrx_word' id='word_1_121' title='bbox 3416 2054 3596 2108; x_wconf 80' lang='lat' dir='ltr'><strong>Pscllo</strong></span> 
     </span>
    </p>
   </div>
   <div class='ocr_carea' id='block_1_12' title="bbox 326 2147 3594 2220">
    <p class='ocr_par' dir='ltr' id='par_1_12' title="bbox 326 2147 3594 2220">
     <span class='ocr_line' id='line_1_12' title="bbox 326 2147 3594 2220; baseline 0.001 -22"><span class='ocrx_word' id='word_1_122' title='bbox 326 2165 347 2198; x_wconf 74' lang='grc' dir='ltr'><strong>ι</strong></span> <span class='ocrx_word' id='word_1_123' title='bbox 393 2147 648 2203; x_wconf 84' lang='lat' dir='ltr'><strong>attribuit</strong></span> <span class='ocrx_word' id='word_1_124' title='bbox 673 2148 920 2212; x_wconf 83' lang='lat' dir='ltr'><strong>Barocc.,</strong></span> <span class='ocrx_word' id='word_1_125' title='bbox 955 2156 1092 2204; x_wconf 76' lang='lat' dir='ltr'><strong>teste</strong></span> <span class='ocrx_word' id='word_1_126' title='bbox 1146 2149 1462 2202; x_wconf 77' lang='lat' dir='ltr'><strong>coniectore</strong></span> <span class='ocrx_word' id='word_1_127' title='bbox 1518 2159 1629 2203; x_wconf 82' lang='lat' dir='ltr'><strong>cat.</strong></span> <span class='ocrx_word' id='word_1_128' title='bbox 1695 2166 1829 2203; x_wconf 84' lang='lat' dir='ltr'><strong>mss.</strong></span> <span class='ocrx_word' id='word_1_129' title='bbox 1869 2149 2077 2220; x_wconf 71' lang='lat' dir='ltr'><strong>Anglia:</strong></span> <span class='ocrx_word' id='word_1_130' title='bbox 2110 2159 2166 2204; x_wconf 90' lang='lat' dir='ltr'><strong>et</strong></span> <span class='ocrx_word' id='word_1_131' title='bbox 2199 2148 2432 2203; x_wconf 83' lang='lat' dir='ltr'><strong>liibcrn.</strong></span> <span class='ocrx_word' id='word_1_132' title='bbox 2455 2179 2520 2190; x_wconf 88' lang='lat'><strong>-—</strong></span> <span class='ocrx_word' id='word_1_133' title='bbox 2545 2149 2785 2219; x_wconf 75' lang='lat' dir='ltr'><strong>Mosquze</strong></span> <span class='ocrx_word' id='word_1_134' title='bbox 2812 2158 2992 2203; x_wconf 77' lang='lat' dir='ltr'><strong>autem</strong></span> <span class='ocrx_word' id='word_1_135' title='bbox 3030 2149 3082 2202; x_wconf 88' lang='lat' dir='ltr'><strong>in</strong></span> <span class='ocrx_word' id='word_1_136' title='bbox 3112 2151 3236 2203; x_wconf 89' lang='lat' dir='ltr'><strong>cod.</strong></span> <span class='ocrx_word' id='word_1_137' title='bbox 3272 2149 3389 2212; x_wconf 84' lang='grc'><strong>110,</strong></span> <span class='ocrx_word' id='word_1_138' title='bbox 3420 2165 3475 2201; x_wconf 91' lang='grc' dir='ltr'><strong>ιι.</strong></span> <span class='ocrx_word' id='word_1_139' title='bbox 3510 2149 3594 2212; x_wconf 89' lang='grc'><strong>11,</strong></span> 
     </span>
    </p>
   </div>
   <div class='ocr_carea' id='block_1_13' title="bbox 331 2239 1962 2313">
    <p class='ocr_par' dir='ltr' id='par_1_13' title="bbox 331 2239 1950 2313">
     <span class='ocr_line' id='line_1_13' title="bbox 331 2239 1950 2313; baseline 0.002 -22"><span class='ocrx_word' id='word_1_140' title='bbox 331 2263 352 2291; x_wconf 75' lang='grc' dir='ltr'><strong>ι</strong></span> <span class='ocrx_word' id='word_1_141' title='bbox 401 2241 464 2301; x_wconf 84' lang='grc' dir='ltr'>Β.</span> <span class='ocrx_word' id='word_1_142' title='bbox 494 2241 685 2313; x_wconf 80' lang='lat' dir='ltr'><strong>synod.</strong></span> <span class='ocrx_word' id='word_1_143' title='bbox 721 2240 875 2299; x_wconf 61' lang='lat' dir='ltr'><strong>Hirti.</strong></span> <span class='ocrx_word' id='word_1_144' title='bbox 902 2239 1067 2301; x_wconf 72' lang='lat' dir='ltr'><strong>Pulli</strong></span> <span class='ocrx_word' id='word_1_145' title='bbox 1101 2240 1155 2299; x_wconf 85' lang='lat' dir='ltr'><strong>in</strong></span> <span class='ocrx_word' id='word_1_146' title='bbox 1182 2240 1279 2299; x_wconf 89' lang='lat' dir='ltr'><strong>iib.</strong></span> <span class='ocrx_word' id='word_1_147' title='bbox 1314 2241 1522 2301; x_wconf 84' lang='lat' dir='ltr'><strong>dictum</strong></span> <span class='ocrx_word' id='word_1_148' title='bbox 1553 2242 1852 2313; x_wconf 76' lang='grc' dir='ltr'><strong>Διόπτριιιν,</strong></span> <span class='ocrx_word' id='word_1_149' title='bbox 1888 2243 1950 2297; x_wconf 88' lang='lat' dir='ltr'><strong>V.</strong></span> 
     </span>
    </p>
   </div>
   <div class='ocr_carea' id='block_1_14' title="bbox 1959 2239 3590 2313">
    <p class='ocr_par' dir='ltr' id='par_1_14' title="bbox 1988 2240 3590 2309">
     <span class='ocr_line' id='line_1_14' title="bbox 1988 2240 3590 2309; baseline 0.001 -15"><span class='ocrx_word' id='word_1_150' title='bbox 1988 2242 2224 2299; x_wconf 76' lang='lat' dir='ltr'><strong>Mattluei</strong></span> <span class='ocrx_word' id='word_1_151' title='bbox 2261 2241 2526 2296; x_wconf 78' lang='lat' dir='ltr'><strong>Notitiam</strong></span> <span class='ocrx_word' id='word_1_152' title='bbox 2582 2240 2744 2301; x_wconf 86' lang='lat' dir='ltr'><strong>codd.</strong></span> <span class='ocrx_word' id='word_1_153' title='bbox 2793 2240 2886 2296; x_wconf 88' lang='lat' dir='ltr'><strong>Gr.</strong></span> <span class='ocrx_word' id='word_1_154' title='bbox 2922 2256 3051 2297; x_wconf 78' lang='lat' dir='ltr'><strong>mss.</strong></span> <span class='ocrx_word' id='word_1_155' title='bbox 3077 2240 3136 2294; x_wconf 84' lang='grc' dir='ltr'>Β.</span> <span class='ocrx_word' id='word_1_156' title='bbox 3166 2240 3590 2309; x_wconf 72' lang='grc' dir='ltr'>Μυείιιιθιιείιιιιι,</span> 
     </span>
    </p>
   </div>
   <div class='ocr_carea' id='block_1_15' title="bbox 328 2331 3590 2405">
    <p class='ocr_par' dir='ltr' id='par_1_15' title="bbox 328 2331 3590 2405">
     <span class='ocr_line' id='line_1_15' title="bbox 328 2331 3590 2405; baseline -0.001 -18"><span class='ocrx_word' id='word_1_157' title='bbox 328 2355 347 2387; x_wconf 81' lang='grc' dir='ltr'><strong>ι</strong></span> <span class='ocrx_word' id='word_1_158' title='bbox 404 2347 535 2391; x_wconf 78' lang='lat' dir='ltr'><strong>to-n.</strong></span> <span class='ocrx_word' id='word_1_159' title='bbox 571 2335 612 2398; x_wconf 92' lang='lat' dir='ltr'><strong>l,</strong></span> <span class='ocrx_word' id='word_1_160' title='bbox 652 2334 800 2404; x_wconf 86' lang='lat' dir='ltr'><strong>Lips.</strong></span> <span class='ocrx_word' id='word_1_161' title='bbox 846 2335 1001 2399; x_wconf 76' lang='lat'><strong>1805,</strong></span> <span class='ocrx_word' id='word_1_162' title='bbox 1052 2337 1104 2400; x_wconf 90' lang='lat'><strong>8,</strong></span> <span class='ocrx_word' id='word_1_163' title='bbox 1139 2352 1193 2405; x_wconf 92' lang='lat' dir='ltr'><strong>p.</strong></span> <span class='ocrx_word' id='word_1_164' title='bbox 1230 2337 1319 2390; x_wconf 78' lang='lat' dir='ltr'><strong>8i.</strong></span> <span class='ocrx_word' id='word_1_165' title='bbox 1355 2335 1470 2391; x_wconf 92' lang='lat' dir='ltr'><strong>Iluc</strong></span> <span class='ocrx_word' id='word_1_166' title='bbox 1504 2336 1761 2390; x_wconf 84' lang='lat' dir='ltr'><strong>reducam</strong></span> <span class='ocrx_word' id='word_1_167' title='bbox 1797 2350 1918 2405; x_wconf 70' lang='lat' dir='ltr'><strong>quae</strong></span> <span class='ocrx_word' id='word_1_168' title='bbox 1945 2335 2159 2390; x_wconf 81' lang='lat' dir='ltr'><strong>Fabric.</strong></span> <span class='ocrx_word' id='word_1_169' title='bbox 2188 2337 2243 2389; x_wconf 92' lang='lat' dir='ltr'><strong>in</strong></span> <span class='ocrx_word' id='word_1_170' title='bbox 2268 2336 2374 2388; x_wconf 86' lang='lat' dir='ltr'><strong>vol.</strong></span> <span class='ocrx_word' id='word_1_171' title='bbox 2411 2335 2496 2398; x_wconf 83' lang='lat' dir='ltr'><strong>Vl,</strong></span> <span class='ocrx_word' id='word_1_172' title='bbox 2529 2339 2598 2403; x_wconf 89' lang='lat' dir='ltr'><strong>&#39;p.</strong></span> <span class='ocrx_word' id='word_1_173' title='bbox 2667 2334 2800 2397; x_wconf 69' lang='grc'><strong>542,</strong></span> <span class='ocrx_word' id='word_1_174' title='bbox 2862 2333 3159 2401; x_wconf 75' lang='lat' dir='ltr'><strong>scripserat</strong></span> <span class='ocrx_word' id='word_1_175' title='bbox 3200 2350 3213 2386; x_wconf 93' lang='lat'>:</span> <span class='ocrx_word' id='word_1_176' title='bbox 3278 2331 3498 2400; x_wconf 77' lang='lat' dir='ltr'><strong>Diaptra</strong></span> <span class='ocrx_word' id='word_1_177' title='bbox 3539 2333 3590 2386; x_wconf 85' lang='lat' dir='ltr'><strong>in</strong></span> 
     </span>
    </p>
   </div>
   <div class='ocr_carea' id='block_1_16' title="bbox 329 2424 3590 2499">
    <p class='ocr_par' dir='ltr' id='par_1_16' title="bbox 329 2424 3590 2499">
     <span class='ocr_line' id='line_1_16' title="bbox 329 2424 3590 2499; baseline -0 -22"><span class='ocrx_word' id='word_1_178' title='bbox 329 2445 349 2477; x_wconf 73' lang='grc' dir='ltr'><strong>ι</strong></span> <span class='ocrx_word' id='word_1_179' title='bbox 403 2436 507 2479; x_wconf 81' lang='lat' dir='ltr'><strong>eat.</strong></span> <span class='ocrx_word' id='word_1_180' title='bbox 546 2442 676 2480; x_wconf 88' lang='lat' dir='ltr'><strong>mss.</strong></span> <span class='ocrx_word' id='word_1_181' title='bbox 707 2426 849 2496; x_wconf 90' lang='lat' dir='ltr'><strong>apud</strong></span> <span class='ocrx_word' id='word_1_182' title='bbox 877 2427 1078 2482; x_wconf 88' lang='lat' dir='ltr'><strong>Anton.</strong></span> <span class='ocrx_word' id='word_1_183' title='bbox 1120 2428 1442 2483; x_wconf 85' lang='lat' dir='ltr'><strong>Verderium</strong></span> <span class='ocrx_word' id='word_1_184' title='bbox 1484 2428 1738 2499; x_wconf 82' lang='lat' dir='ltr'><strong>Symeoni</strong></span> <span class='ocrx_word' id='word_1_185' title='bbox 1773 2428 2154 2498; x_wconf 66' lang='lat' dir='ltr'><strong>lietaphrastte</strong></span> <span class='ocrx_word' id='word_1_186' title='bbox 2218 2428 2443 2490; x_wconf 86' lang='lat' dir='ltr'><strong>tributa,</strong></span> <span class='ocrx_word' id='word_1_187' title='bbox 2475 2428 2748 2481; x_wconf 85' lang='lat' dir='ltr'><strong>incertum</strong></span> <span class='ocrx_word' id='word_1_188' title='bbox 2781 2436 2886 2490; x_wconf 88' lang='lat' dir='ltr'><strong>est,</strong></span> <span class='ocrx_word' id='word_1_189' title='bbox 2919 2427 3097 2480; x_wconf 88' lang='lat' dir='ltr'><strong>aliaue</strong></span> <span class='ocrx_word' id='word_1_190' title='bbox 3138 2426 3208 2479; x_wconf 82' lang='lat' dir='ltr'><strong>sit</strong></span> <span class='ocrx_word' id='word_1_191' title='bbox 3237 2426 3307 2479; x_wconf 89' lang='lat' dir='ltr'><strong>ab</strong></span> <span class='ocrx_word' id='word_1_192' title='bbox 3345 2424 3590 2494; x_wconf 83' lang='lat' dir='ltr'><strong>Dioptra.</strong></span> 
     </span>
    </p>
   </div>
   <div class='ocr_carea' id='block_1_17' title="bbox 329 2516 3590 2591">
    <p class='ocr_par' dir='ltr' id='par_1_17' title="bbox 329 2516 3590 2591">
     <span class='ocr_line' id='line_1_17' title="bbox 329 2516 3590 2591; baseline -0.001 -20"><span class='ocrx_word' id='word_1_193' title='bbox 329 2540 349 2571; x_wconf 75' lang='grc' dir='ltr'><strong>ι</strong></span> <span class='ocrx_word' id='word_1_194' title='bbox 400 2521 517 2574; x_wconf 86' lang='lat' dir='ltr'><strong>sive</strong></span> <span class='ocrx_word' id='word_1_195' title='bbox 546 2521 748 2573; x_wconf 86' lang='lat' dir='ltr'><strong>amussi</strong></span> <span class='ocrx_word' id='word_1_196' title='bbox 792 2521 868 2575; x_wconf 89' lang='lat' dir='ltr'><strong>rei</strong></span> <span class='ocrx_word' id='word_1_197' title='bbox 909 2521 1255 2585; x_wconf 64' lang='lat' dir='ltr'><strong>Christianaa,</strong></span> <span class='ocrx_word' id='word_1_198' title='bbox 1287 2538 1448 2591; x_wconf 88' lang='lat' dir='ltr'><strong>quam</strong></span> <span class='ocrx_word' id='word_1_199' title='bbox 1488 2522 1773 2591; x_wconf 85' lang='lat' dir='ltr'><strong>Philippus</strong></span> <span class='ocrx_word' id='word_1_200' title='bbox 1818 2521 2112 2579; x_wconf 82' lang='lat' dir='ltr'><strong>Solitarius</strong></span> <span class='ocrx_word' id='word_1_201' title='bbox 2157 2520 2410 2575; x_wconf 79' lang='lat' dir='ltr'><strong>versibus</strong></span> <span class='ocrx_word' id='word_1_202' title='bbox 2441 2519 2702 2590; x_wconf 85' lang='lat' dir='ltr'><strong>politicis.</strong></span> <span class='ocrx_word' id='word_1_203' title='bbox 2745 2536 2794 2573; x_wconf 92' lang='lat' dir='ltr'><strong>a.</strong></span> <span class='ocrx_word' id='word_1_204' title='bbox 2825 2518 2886 2573; x_wconf 92' lang='lat' dir='ltr'><strong>C.</strong></span> <span class='ocrx_word' id='word_1_205' title='bbox 2926 2518 3083 2583; x_wconf 79' lang='grc'><strong>1105,</strong></span> <span class='ocrx_word' id='word_1_206' title='bbox 3125 2518 3299 2573; x_wconf 83' lang='lat' dir='ltr'><strong>Alcxii</strong></span> <span class='ocrx_word' id='word_1_207' title='bbox 3325 2516 3590 2571; x_wconf 81' lang='lat' dir='ltr'><strong>Comm-ni</strong></span> 
     </span>
    </p>
   </div>
   <div class='ocr_carea' id='block_1_18' title="bbox 330 2609 3594 2684">
    <p class='ocr_par' dir='ltr' id='par_1_18' title="bbox 330 2609 3594 2684">
     <span class='ocr_line' id='line_1_18' title="bbox 330 2609 3594 2684; baseline -0.001 -19"><span class='ocrx_word' id='word_1_208' title='bbox 330 2633 351 2665; x_wconf 73' lang='grc' dir='ltr'><strong>ι</strong></span> <span class='ocrx_word' id='word_1_209' title='bbox 406 2614 487 2671; x_wconf 81' lang='grc'><strong>16,</strong></span> <span class='ocrx_word' id='word_1_210' title='bbox 523 2613 588 2667; x_wconf 89' lang='lat' dir='ltr'><strong>ad</strong></span> <span class='ocrx_word' id='word_1_211' title='bbox 612 2613 937 2668; x_wconf 88' lang='lat' dir='ltr'><strong>Callinicum</strong></span> <span class='ocrx_word' id='word_1_212' title='bbox 970 2614 1302 2668; x_wconf 85' lang='lat' dir='ltr'><strong>Monachum</strong></span> <span class='ocrx_word' id='word_1_213' title='bbox 1340 2615 1581 2684; x_wconf 86' lang='lat' dir='ltr'><strong>scripsit,</strong></span> <span class='ocrx_word' id='word_1_214' title='bbox 1605 2627 1656 2670; x_wconf 85' lang='lat' dir='ltr'><strong>et</strong></span> <span class='ocrx_word' id='word_1_215' title='bbox 1681 2615 1793 2670; x_wconf 86' lang='lat' dir='ltr'><strong>Jac.</strong></span> <span class='ocrx_word' id='word_1_216' title='bbox 1825 2615 2107 2670; x_wconf 78' lang='lat' dir='ltr'><strong>Pontanus</strong></span> <span class='ocrx_word' id='word_1_217' title='bbox 2131 2630 2198 2669; x_wconf 80' lang='lat' dir='ltr'><strong>ex</strong></span> <span class='ocrx_word' id='word_1_218' title='bbox 2230 2612 2357 2669; x_wconf 91' lang='lat' dir='ltr'><strong>cod.</strong></span> <span class='ocrx_word' id='word_1_219' title='bbox 2392 2629 2497 2668; x_wconf 88' lang='lat' dir='ltr'><strong>ms.</strong></span> <span class='ocrx_word' id='word_1_220' title='bbox 2520 2612 2839 2682; x_wconf 80' lang='lat' dir='ltr'><strong>Augustano</strong></span> <span class='ocrx_word' id='word_1_221' title='bbox 2870 2612 3122 2680; x_wconf 81' lang='lat' dir='ltr'><strong>prosario</strong></span> <span class='ocrx_word' id='word_1_222' title='bbox 3148 2626 3401 2666; x_wconf 89' lang='lat' dir='ltr'><strong>sermone</strong></span> <span class='ocrx_word' id='word_1_223' title='bbox 3427 2609 3594 2664; x_wconf 84' lang='lat' dir='ltr'><strong>vertit</strong></span> 
     </span>
    </p>
   </div>
   <div class='ocr_carea' id='block_1_19' title="bbox 330 2704 3613 2777">
    <p class='ocr_par' dir='ltr' id='par_1_19' title="bbox 330 2704 3613 2777">
     <span class='ocr_line' id='line_1_19' title="bbox 330 2704 3613 2777; baseline 0 -19"><span class='ocrx_word' id='word_1_224' title='bbox 330 2726 351 2757; x_wconf 71' lang='grc' dir='ltr'><strong>ε</strong></span> <span class='ocrx_word' id='word_1_225' title='bbox 397 2718 451 2760; x_wconf 89' lang='lat' dir='ltr'><strong>et</strong></span> <span class='ocrx_word' id='word_1_226' title='bbox 482 2706 674 2760; x_wconf 82' lang='lat' dir='ltr'><strong>Latine</strong></span> <span class='ocrx_word' id='word_1_227' title='bbox 711 2706 888 2761; x_wconf 91' lang='lat' dir='ltr'><strong>edidit</strong></span> <span class='ocrx_word' id='word_1_228' title='bbox 918 2706 1216 2777; x_wconf 80' lang='lat' dir='ltr'><strong>lngolstad.</strong></span> <span class='ocrx_word' id='word_1_229' title='bbox 1254 2707 1411 2769; x_wconf 68' lang='grc'><strong>1004,</strong></span> <span class='ocrx_word' id='word_1_230' title='bbox 1455 2707 1510 2772; x_wconf 71' lang='grc'><strong>4,</strong></span> <span class='ocrx_word' id='word_1_231' title='bbox 1546 2724 1672 2763; x_wconf 88' lang='lat' dir='ltr'><strong>cum</strong></span> <span class='ocrx_word' id='word_1_232' title='bbox 1713 2709 1831 2763; x_wconf 45' lang='lat' dir='ltr'><strong>Nic.</strong></span> <span class='ocrx_word' id='word_1_233' title='bbox 1867 2707 2139 2763; x_wconf 66' lang='lat' dir='ltr'><strong>Cahasita:</strong></span> <span class='ocrx_word' id='word_1_234' title='bbox 2174 2707 2332 2764; x_wconf 88' lang='lat' dir='ltr'><strong>libris</strong></span> <span class='ocrx_word' id='word_1_235' title='bbox 2361 2722 2457 2762; x_wconf 83' lang='lat' dir='ltr'><strong>sex</strong></span> <span class='ocrx_word' id='word_1_236' title='bbox 2492 2706 2560 2763; x_wconf 82' lang='lat' dir='ltr'><strong>de</strong></span> <span class='ocrx_word' id='word_1_237' title='bbox 2590 2705 2710 2762; x_wconf 82' lang='lat' dir='ltr'><strong>Vita</strong></span> <span class='ocrx_word' id='word_1_238' title='bbox 2746 2706 2799 2760; x_wconf 90' lang='lat' dir='ltr'><strong>in</strong></span> <span class='ocrx_word' id='word_1_239' title='bbox 2835 2706 3077 2769; x_wconf 84' lang='lat' dir='ltr'><strong>Christo,</strong></span> <span class='ocrx_word' id='word_1_240' title='bbox 3113 2704 3361 2769; x_wconf 83' lang='lat' dir='ltr'><strong>Joannis,</strong></span> <span class='ocrx_word' id='word_1_241' title='bbox 3389 2705 3613 2775; x_wconf 35' lang='lat' dir='ltr'><strong>Carpaa</strong></span> 
     </span>
    </p>
   </div>
   <div class='ocr_carea' id='block_1_20' title="bbox 328 2799 3599 2872">
    <p class='ocr_par' dir='ltr' id='par_1_20' title="bbox 328 2799 3599 2872">
     <span class='ocr_line' id='line_1_20' title="bbox 328 2799 3599 2872; baseline 0.002 -22"><span class='ocrx_word' id='word_1_242' title='bbox 328 2818 349 2850; x_wconf 74' lang='grc' dir='ltr'><strong>ι</strong></span> <span class='ocrx_word' id='word_1_243' title='bbox 400 2800 635 2854; x_wconf 87' lang='lat' dir='ltr'><strong>thiorum</strong></span> <span class='ocrx_word' id='word_1_244' title='bbox 672 2799 937 2869; x_wconf 79' lang='lat' dir='ltr'><strong>episcopi,</strong></span> <span class='ocrx_word' id='word_1_245' title='bbox 983 2802 1255 2871; x_wconf 87' lang='lat' dir='ltr'><strong>capitibus</strong></span> <span class='ocrx_word' id='word_1_246' title='bbox 1292 2801 1615 2856; x_wconf 87' lang='lat' dir='ltr'><strong>hortatoriis</strong></span> <span class='ocrx_word' id='word_1_247' title='bbox 1660 2803 1751 2856; x_wconf 84' lang='grc'><strong>191</strong></span> <span class='ocrx_word' id='word_1_248' title='bbox 1781 2820 1796 2868; x_wconf 88' lang='lat'><strong>;</strong></span> <span class='ocrx_word' id='word_1_249' title='bbox 1830 2801 2125 2865; x_wconf 84' lang='lat' dir='ltr'><strong>Philothei,</strong></span> <span class='ocrx_word' id='word_1_250' title='bbox 2171 2801 2498 2872; x_wconf 67' lang='lat' dir='ltr'><strong>patriarchae</strong></span> <span class='ocrx_word' id='word_1_251' title='bbox 2539 2800 2703 2856; x_wconf 83' lang='lat' dir='ltr'><strong>CPol.</strong></span> <span class='ocrx_word' id='word_1_252' title='bbox 2741 2799 3085 2855; x_wconf 89' lang='lat' dir='ltr'><strong>Laudatione</strong></span> <span class='ocrx_word' id='word_1_253' title='bbox 3116 2800 3322 2866; x_wconf 81' lang='lat' dir='ltr'><strong>Basilii,</strong></span> <span class='ocrx_word' id='word_1_254' title='bbox 3375 2801 3506 2856; x_wconf 82' lang='lat' dir='ltr'><strong>Naz.</strong></span> <span class='ocrx_word' id='word_1_255' title='bbox 3537 2810 3599 2856; x_wconf 84' lang='lat' dir='ltr'><strong>et</strong></span> 
     </span>
    </p>
   </div>
   <div class='ocr_carea' id='block_1_21' title="bbox 332 2889 3594 2965">
    <p class='ocr_par' dir='ltr' id='par_1_21' title="bbox 332 2889 3594 2965">
     <span class='ocr_line' id='line_1_21' title="bbox 332 2889 3594 2965; baseline 0.002 -23"><span class='ocrx_word' id='word_1_256' title='bbox 332 2910 353 2942; x_wconf 74' lang='grc' dir='ltr'><strong><em>ο</em></strong></span> <span class='ocrx_word' id='word_1_257' title='bbox 397 2889 799 2962; x_wconf 80' lang='lat' dir='ltr'><strong>Chrysostomi,</strong></span> <span class='ocrx_word' id='word_1_258' title='bbox 837 2908 960 2962; x_wconf 63' lang='lat' dir='ltr'><strong>qua!</strong></span> <span class='ocrx_word' id='word_1_259' title='bbox 989 2893 1174 2951; x_wconf 72' lang='lat' dir='ltr'><strong>Graaca</strong></span> <span class='ocrx_word' id='word_1_260' title='bbox 1213 2895 1380 2948; x_wconf 87' lang='lat' dir='ltr'><strong>etiam</strong></span> <span class='ocrx_word' id='word_1_261' title='bbox 1408 2894 1665 2964; x_wconf 83' lang='lat' dir='ltr'><strong>adjuncta</strong></span> <span class='ocrx_word' id='word_1_262' title='bbox 1697 2895 1884 2958; x_wconf 88' lang='lat' dir='ltr'><strong>habet,</strong></span> <span class='ocrx_word' id='word_1_263' title='bbox 1911 2904 1967 2949; x_wconf 91' lang='lat' dir='ltr'><strong>ct</strong></span> <span class='ocrx_word' id='word_1_264' title='bbox 2014 2894 2180 2949; x_wconf 85' lang='lat' dir='ltr'><strong>Mich.</strong></span> <span class='ocrx_word' id='word_1_265' title='bbox 2206 2894 2388 2965; x_wconf 70' lang='lat' dir='ltr'><strong>Giyra:</strong></span> <span class='ocrx_word' id='word_1_266' title='bbox 2407 2894 2623 2951; x_wconf 85' lang='lat' dir='ltr'><strong>duabus</strong></span> <span class='ocrx_word' id='word_1_267' title='bbox 2665 2893 3154 2963; x_wconf 79' lang='lat' dir='ltr'><strong>disputationibus,</strong></span> <span class='ocrx_word' id='word_1_268' title='bbox 3192 2893 3394 2948; x_wconf 85' lang='lat' dir='ltr'><strong>additis</strong></span> <span class='ocrx_word' id='word_1_269' title='bbox 3427 2894 3594 2948; x_wconf 88' lang='lat' dir='ltr'><strong>etiam</strong></span> 
     </span>
    </p>
   </div>
   <div class='ocr_carea' id='block_1_22' title="bbox 334 2983 3597 3058">
    <p class='ocr_par' dir='ltr' id='par_1_22' title="bbox 334 2983 3597 3058">
     <span class='ocr_line' id='line_1_22' title="bbox 334 2983 3597 3058; baseline 0.002 -23"><span class='ocrx_word' id='word_1_270' title='bbox 334 3004 355 3035; x_wconf 72' lang='grc' dir='ltr'><strong>ι</strong></span> <span class='ocrx_word' id='word_1_271' title='bbox 392 2983 448 3037; x_wconf 90' lang='lat' dir='ltr'><strong>in</strong></span> <span class='ocrx_word' id='word_1_272' title='bbox 484 2985 631 3039; x_wconf 86' lang='lat' dir='ltr'><strong>calce</strong></span> <span class='ocrx_word' id='word_1_273' title='bbox 665 2985 967 3043; x_wconf 79' lang='lat' dir='ltr'><strong>voluminis</strong></span> <span class='ocrx_word' id='word_1_274' title='bbox 997 2987 1301 3043; x_wconf 87' lang='lat' dir='ltr'><strong>observatt.</strong></span> <span class='ocrx_word' id='word_1_275' title='bbox 1331 2987 1448 3043; x_wconf 86' lang='lat' dir='ltr'><strong>Jac.</strong></span> <span class='ocrx_word' id='word_1_276' title='bbox 1483 2987 1723 3041; x_wconf 84' lang='lat' dir='ltr'><strong>Gretseri</strong></span> <span class='ocrx_word' id='word_1_277' title='bbox 1773 2987 1837 3041; x_wconf 91' lang='lat' dir='ltr'><strong>ad</strong></span> <span class='ocrx_word' id='word_1_278' title='bbox 1879 2988 2115 3043; x_wconf 88' lang='lat' dir='ltr'><strong>obscura</strong></span> <span class='ocrx_word' id='word_1_279' title='bbox 2149 2988 2388 3058; x_wconf 75' lang='lat' dir='ltr'><strong>Diaptra:</strong></span> <span class='ocrx_word' id='word_1_280' title='bbox 2418 2988 2557 3043; x_wconf 86' lang='lat' dir='ltr'><strong>loca.</strong></span> <span class='ocrx_word' id='word_1_281' title='bbox 2603 2987 2807 3041; x_wconf 88' lang='lat' dir='ltr'><strong>Locum</strong></span> <span class='ocrx_word' id='word_1_282' title='bbox 2846 2987 3085 3056; x_wconf 71' lang='lat' dir='ltr'><strong>Dioptrae</strong></span> <span class='ocrx_word' id='word_1_283' title='bbox 3125 3002 3189 3041; x_wconf 86' lang='lat' dir='ltr'><strong>ex</strong></span> <span class='ocrx_word' id='word_1_284' title='bbox 3219 2986 3359 3041; x_wconf 91' lang='lat' dir='ltr'><strong>libro</strong></span> <span class='ocrx_word' id='word_1_285' title='bbox 3401 3004 3471 3049; x_wconf 86' lang='lat' dir='ltr'><strong>tv,</strong></span> <span class='ocrx_word' id='word_1_286' title='bbox 3501 2987 3597 3057; x_wconf 87' lang='lat' dir='ltr'><strong>qui</strong></span> 
     </span>
    </p>
   </div>
   <div class='ocr_carea' id='block_1_23' title="bbox 327 3075 3594 3150">
    <p class='ocr_par' dir='ltr' id='par_1_23' title="bbox 327 3075 3594 3150">
     <span class='ocr_line' id='line_1_23' title="bbox 327 3075 3594 3150; baseline 0.002 -24"><span class='ocrx_word' id='word_1_287' title='bbox 327 3095 348 3126; x_wconf 75' lang='grc' dir='ltr'><strong>ι</strong></span> <span class='ocrx_word' id='word_1_288' title='bbox 400 3075 454 3129; x_wconf 89' lang='lat' dir='ltr'><strong>in</strong></span> <span class='ocrx_word' id='word_1_289' title='bbox 496 3077 750 3132; x_wconf 79' lang='lat' dir='ltr'><strong>versione</strong></span> <span class='ocrx_word' id='word_1_290' title='bbox 777 3077 1152 3143; x_wconf 71' lang='lat' dir='ltr'><strong>desideratur,</strong></span> <span class='ocrx_word' id='word_1_291' title='bbox 1184 3095 1251 3134; x_wconf 81' lang='lat' dir='ltr'><strong>ex</strong></span> <span class='ocrx_word' id='word_1_292' title='bbox 1284 3095 1386 3134; x_wconf 87' lang='lat' dir='ltr'><strong>ms.</strong></span> <span class='ocrx_word' id='word_1_293' title='bbox 1414 3080 1550 3133; x_wconf 86' lang='lat' dir='ltr'><strong>bibl.</strong></span> <span class='ocrx_word' id='word_1_294' title='bbox 1585 3082 1746 3149; x_wconf 74' lang='lat' dir='ltr'><strong>regia:</strong></span> <span class='ocrx_word' id='word_1_295' title='bbox 1776 3079 1965 3135; x_wconf 69' lang='lat' dir='ltr'><strong>Graece</strong></span> <span class='ocrx_word' id='word_1_296' title='bbox 2000 3096 2124 3136; x_wconf 90' lang='lat' dir='ltr'><strong>cum</strong></span> <span class='ocrx_word' id='word_1_297' title='bbox 2152 3080 2611 3150; x_wconf 87' lang='lat' dir='ltr'><strong>interpretatione</strong></span> <span class='ocrx_word' id='word_1_298' title='bbox 2650 3095 2749 3135; x_wconf 91' lang='lat' dir='ltr'><strong>sua</strong></span> <span class='ocrx_word' id='word_1_299' title='bbox 2780 3080 3007 3136; x_wconf 77' lang='lat' dir='ltr'><strong>exhibet</strong></span> <span class='ocrx_word' id='word_1_300' title='bbox 3031 3080 3342 3136; x_wconf 88' lang='lat' dir='ltr'><strong>Cotelerius</strong></span> <span class='ocrx_word' id='word_1_301' title='bbox 3365 3081 3430 3135; x_wconf 90' lang='lat' dir='ltr'><strong>ad</strong></span> <span class='ocrx_word' id='word_1_302' title='bbox 3464 3082 3594 3136; x_wconf 84' lang='lat' dir='ltr'><strong>libr.</strong></span> 
     </span>
    </p>
   </div>
   <div class='ocr_carea' id='block_1_24' title="bbox 328 3168 3599 3242">
    <p class='ocr_par' dir='ltr' id='par_1_24' title="bbox 328 3168 3599 3242">
     <span class='ocr_line' id='line_1_24' title="bbox 328 3168 3599 3242; baseline 0.003 -23"><span class='ocrx_word' id='word_1_303' title='bbox 328 3191 346 3220; x_wconf 75' lang='grc' dir='ltr'><strong>ι</strong></span> <span class='ocrx_word' id='word_1_304' title='bbox 391 3182 488 3222; x_wconf 78' lang='grc' dir='ltr'>νιιι</span> <span class='ocrx_word' id='word_1_305' title='bbox 536 3168 856 3226; x_wconf 60' lang='lat' dir='ltr'><strong>Constitutt.</strong></span> <span class='ocrx_word' id='word_1_306' title='bbox 900 3170 1170 3239; x_wconf 79' lang='lat' dir='ltr'><strong>Apostol.,</strong></span> <span class='ocrx_word' id='word_1_307' title='bbox 1209 3184 1260 3226; x_wconf 91' lang='lat' dir='ltr'><strong>e.</strong></span> <span class='ocrx_word' id='word_1_308' title='bbox 1319 3170 1411 3225; x_wconf 71' lang='grc'><strong>42.</strong></span> <span class='ocrx_word' id='word_1_309' title='bbox 1448 3171 1637 3226; x_wconf 79' lang='lat' dir='ltr'><strong>Exstat</strong></span> <span class='ocrx_word' id='word_1_310' title='bbox 1684 3172 1848 3225; x_wconf 88' lang='lat' dir='ltr'><strong>etiam</strong></span> <span class='ocrx_word' id='word_1_311' title='bbox 1904 3171 2090 3227; x_wconf 78' lang='lat' dir='ltr'><strong>Grzece</strong></span> <span class='ocrx_word' id='word_1_312' title='bbox 2133 3172 2357 3240; x_wconf 87' lang='lat' dir='ltr'><strong>Dioptra</strong></span> <span class='ocrx_word' id='word_1_313' title='bbox 2408 3173 2608 3242; x_wconf 77' lang='lat' dir='ltr'><strong>saepius</strong></span> <span class='ocrx_word' id='word_1_314' title='bbox 2660 3173 2717 3227; x_wconf 87' lang='lat' dir='ltr'><strong>in</strong></span> <span class='ocrx_word' id='word_1_315' title='bbox 2768 3173 2904 3227; x_wconf 87' lang='lat' dir='ltr'><strong>bibl.</strong></span> <span class='ocrx_word' id='word_1_316' title='bbox 2957 3172 3296 3238; x_wconf 83' lang='lat' dir='ltr'><strong>Vindobon.,</strong></span> <span class='ocrx_word' id='word_1_317' title='bbox 3342 3182 3397 3227; x_wconf 90' lang='lat' dir='ltr'><strong>ut</strong></span> <span class='ocrx_word' id='word_1_318' title='bbox 3436 3174 3599 3230; x_wconf 75' lang='lat' dir='ltr'><strong>docet</strong></span> 
     </span>
    </p>
   </div>
   <div class='ocr_carea' id='block_1_25' title="bbox 327 3262 1958 3337">
    <p class='ocr_par' dir='ltr' id='par_1_25' title="bbox 327 3262 1952 3337">
     <span class='ocr_line' id='line_1_25' title="bbox 327 3262 1952 3337; baseline 0.004 -22"><span class='ocrx_word' id='word_1_319' title='bbox 327 3283 349 3314; x_wconf 69' lang='grc' dir='ltr'><em>ς</em></span> <span class='ocrx_word' id='word_1_320' title='bbox 399 3262 653 3319; x_wconf 87' lang='lat' dir='ltr'><strong>Lambec.</strong></span> <span class='ocrx_word' id='word_1_321' title='bbox 694 3264 792 3320; x_wconf 90' lang='lat' dir='ltr'><strong>lib.</strong></span> <span class='ocrx_word' id='word_1_322' title='bbox 824 3281 879 3328; x_wconf 74' lang='grc' dir='ltr'><strong>ν,</strong></span> <span class='ocrx_word' id='word_1_323' title='bbox 921 3280 1045 3335; x_wconf 78' lang='lat' dir='ltr'><strong>pag.</strong></span> <span class='ocrx_word' id='word_1_324' title='bbox 1072 3265 1142 3319; x_wconf 77' lang='grc'><strong>51</strong></span> <span class='ocrx_word' id='word_1_325' title='bbox 1170 3280 1316 3334; x_wconf 92' lang='lat' dir='ltr'><strong>sqq.,</strong></span> <span class='ocrx_word' id='word_1_326' title='bbox 1346 3265 1414 3319; x_wconf 69' lang='grc'><strong>42</strong></span> <span class='ocrx_word' id='word_1_327' title='bbox 1440 3282 1499 3335; x_wconf 87' lang='lat' dir='ltr'><strong>sq</strong></span> <span class='ocrx_word' id='word_1_328' title='bbox 1560 3265 1632 3336; x_wconf 69' lang='lat' dir='ltr'><strong>is.</strong></span> <span class='ocrx_word' id='word_1_329' title='bbox 1667 3282 1718 3335; x_wconf 91' lang='lat' dir='ltr'><strong>p.</strong></span> <span class='ocrx_word' id='word_1_330' title='bbox 1768 3265 1859 3321; x_wconf 83' lang='lat'><strong>76.</strong></span> <span class='ocrx_word' id='word_1_331' title='bbox 1889 3282 1952 3337; x_wconf 85' lang='lat' dir='ltr'><strong>sq</strong></span> 
     </span>
    </p>
   </div>
   <div class='ocr_carea' id='block_1_26' title="bbox 1962 3262 3593 3337">
    <p class='ocr_par' dir='ltr' id='par_1_26' title="bbox 1962 3265 3593 3334">
     <span class='ocr_line' id='line_1_26' title="bbox 1962 3265 3593 3334; baseline -0.001 -13"><span class='ocrx_word' id='word_1_332' title='bbox 1962 3306 1974 3321; x_wconf 93' lang='lat'><strong>.</strong></span> <span class='ocrx_word' id='word_1_333' title='bbox 2008 3267 2096 3324; x_wconf 89' lang='lat'><strong>89.</strong></span> <span class='ocrx_word' id='word_1_334' title='bbox 2145 3268 2214 3322; x_wconf 85' lang='lat' dir='ltr'><strong>de</strong></span> <span class='ocrx_word' id='word_1_335' title='bbox 2240 3267 2401 3322; x_wconf 87' lang='lat' dir='ltr'><strong>codd.</strong></span> <span class='ocrx_word' id='word_1_336' title='bbox 2437 3267 2544 3320; x_wconf 78' lang='grc'><strong>215</strong></span> <span class='ocrx_word' id='word_1_337' title='bbox 2572 3275 2626 3321; x_wconf 89' lang='lat' dir='ltr'><strong>et</strong></span> <span class='ocrx_word' id='word_1_338' title='bbox 2654 3266 2759 3319; x_wconf 73' lang='lat' dir='ltr'><strong>2H</strong></span> <span class='ocrx_word' id='word_1_339' title='bbox 2791 3281 2848 3319; x_wconf 89' lang='grc' dir='ltr'><strong>ιι.</strong></span> <span class='ocrx_word' id='word_1_340' title='bbox 2874 3267 2931 3329; x_wconf 70' lang='grc'><strong>’1,</strong></span> <span class='ocrx_word' id='word_1_341' title='bbox 2975 3265 3028 3319; x_wconf 91' lang='lat' dir='ltr'><strong>in</strong></span> <span class='ocrx_word' id='word_1_342' title='bbox 3072 3282 3182 3334; x_wconf 84' lang='lat' dir='ltr'><strong>quo</strong></span> <span class='ocrx_word' id='word_1_343' title='bbox 3212 3275 3429 3319; x_wconf 81' lang='lat' dir='ltr'><strong>exstant</strong></span> <span class='ocrx_word' id='word_1_344' title='bbox 3460 3265 3593 3320; x_wconf 87' lang='lat' dir='ltr'><strong>libri</strong></span> 
     </span>
    </p>
   </div>
   <div class='ocr_carea' id='block_1_27' title="bbox 326 3354 3597 3426">
    <p class='ocr_par' dir='ltr' id='par_1_27' title="bbox 326 3354 3597 3426">
     <span class='ocr_line' id='line_1_27' title="bbox 326 3354 3597 3426; baseline 0.001 -21"><span class='ocrx_word' id='word_1_345' title='bbox 326 3372 345 3404; x_wconf 73' lang='grc' dir='ltr'><strong>ι</strong></span> <span class='ocrx_word' id='word_1_346' title='bbox 392 3355 620 3409; x_wconf 85' lang='lat' dir='ltr'><strong>secundi</strong></span> <span class='ocrx_word' id='word_1_347' title='bbox 663 3356 897 3415; x_wconf 82' lang='lat' dir='ltr'><strong>maxima</strong></span> <span class='ocrx_word' id='word_1_348' title='bbox 919 3371 1048 3426; x_wconf 88' lang='lat' dir='ltr'><strong>pars</strong></span> <span class='ocrx_word' id='word_1_349' title='bbox 1070 3359 1364 3426; x_wconf 87' lang='lat' dir='ltr'><strong>posterior,</strong></span> <span class='ocrx_word' id='word_1_350' title='bbox 1389 3366 1444 3410; x_wconf 83' lang='lat' dir='ltr'><strong>et</strong></span> <span class='ocrx_word' id='word_1_351' title='bbox 1468 3356 1593 3410; x_wconf 87' lang='lat' dir='ltr'><strong>libri</strong></span> <span class='ocrx_word' id='word_1_352' title='bbox 1624 3372 1701 3418; x_wconf 90' lang='grc' dir='ltr'>ιιι,</span> <span class='ocrx_word' id='word_1_353' title='bbox 1743 3372 1794 3409; x_wconf 84' lang='grc' dir='ltr'>ιν</span> <span class='ocrx_word' id='word_1_354' title='bbox 1825 3368 1881 3411; x_wconf 90' lang='lat' dir='ltr'><strong>et</strong></span> <span class='ocrx_word' id='word_1_355' title='bbox 1917 3373 1949 3410; x_wconf 78' lang='grc' dir='ltr'><strong>ν</strong></span> <span class='ocrx_word' id='word_1_356' title='bbox 2001 3356 2233 3426; x_wconf 80' lang='lat' dir='ltr'><strong>integri;</strong></span> <span class='ocrx_word' id='word_1_357' title='bbox 2269 3357 2330 3410; x_wconf 89' lang='lat' dir='ltr'><strong>it.</strong></span> <span class='ocrx_word' id='word_1_358' title='bbox 2363 3372 2418 3426; x_wconf 89' lang='lat' dir='ltr'><strong>p.</strong></span> <span class='ocrx_word' id='word_1_359' title='bbox 2451 3356 2522 3410; x_wconf 80' lang='lat'><strong>95</strong></span> <span class='ocrx_word' id='word_1_360' title='bbox 2567 3370 2686 3426; x_wconf 85' lang='lat' dir='ltr'><strong>sqq.</strong></span> <span class='ocrx_word' id='word_1_361' title='bbox 2721 3358 2789 3410; x_wconf 88' lang='lat' dir='ltr'><strong>de</strong></span> <span class='ocrx_word' id='word_1_362' title='bbox 2819 3355 2943 3409; x_wconf 88' lang='lat' dir='ltr'><strong>cod.</strong></span> <span class='ocrx_word' id='word_1_363' title='bbox 2982 3354 3108 3413; x_wconf 68' lang='lat'><strong>2-13.</strong></span> <span class='ocrx_word' id='word_1_364' title='bbox 3141 3355 3234 3423; x_wconf 89' lang='lat' dir='ltr'><strong>qui</strong></span> <span class='ocrx_word' id='word_1_365' title='bbox 3282 3371 3340 3408; x_wconf 92' lang='grc' dir='ltr'><strong>ιι.</strong></span> <span class='ocrx_word' id='word_1_366' title='bbox 3380 3356 3402 3404; x_wconf 94' lang='grc'><strong>1</strong></span> <span class='ocrx_word' id='word_1_367' title='bbox 3442 3354 3597 3407; x_wconf 83' lang='lat' dir='ltr'><strong>exhi-</strong></span> 
     </span>
    </p>
   </div>
   <div class='ocr_carea' id='block_1_28' title="bbox 330 3442 3598 3518">
    <p class='ocr_par' dir='ltr' id='par_1_28' title="bbox 330 3442 3598 3518">
     <span class='ocr_line' id='line_1_28' title="bbox 330 3442 3598 3518; baseline -0.002 -19"><span class='ocrx_word' id='word_1_368' title='bbox 330 3467 349 3495; x_wconf 72' lang='grc' dir='ltr'>α</span> <span class='ocrx_word' id='word_1_369' title='bbox 397 3446 489 3500; x_wconf 89' lang='lat' dir='ltr'><strong>bet</strong></span> <span class='ocrx_word' id='word_1_370' title='bbox 536 3445 771 3517; x_wconf 72' lang='lat' dir='ltr'><strong>Philippi</strong></span> <span class='ocrx_word' id='word_1_371' title='bbox 796 3444 1039 3502; x_wconf 84' lang='lat' dir='ltr'><strong>Solitarii</strong></span> <span class='ocrx_word' id='word_1_372' title='bbox 1073 3448 1376 3518; x_wconf 79' lang='lat' dir='ltr'><strong>Diaptram,</strong></span> <span class='ocrx_word' id='word_1_373' title='bbox 1420 3447 1515 3501; x_wconf 89' lang='lat' dir='ltr'><strong>sed</strong></span> <span class='ocrx_word' id='word_1_374' title='bbox 1556 3462 1713 3515; x_wconf 58' lang='lat' dir='ltr'><strong>arque</strong></span> <span class='ocrx_word' id='word_1_375' title='bbox 1746 3455 2063 3514; x_wconf 89' lang='lat' dir='ltr'><strong>corruptam</strong></span> <span class='ocrx_word' id='word_1_376' title='bbox 2095 3452 2154 3499; x_wconf 89' lang='lat' dir='ltr'><strong>et</strong></span> <span class='ocrx_word' id='word_1_377' title='bbox 2198 3445 2609 3513; x_wconf 83' lang='lat' dir='ltr'><strong>interpolatum,</strong></span> <span class='ocrx_word' id='word_1_378' title='bbox 2654 3460 2718 3497; x_wconf 90' lang='lat' dir='ltr'><strong>ac</strong></span> <span class='ocrx_word' id='word_1_379' title='bbox 2760 3442 2886 3498; x_wconf 84' lang='lat' dir='ltr'><strong>cod.</strong></span> <span class='ocrx_word' id='word_1_380' title='bbox 2934 3443 3289 3511; x_wconf 76' lang='lat' dir='ltr'><strong>Augustanus</strong></span> <span class='ocrx_word' id='word_1_381' title='bbox 3327 3461 3338 3495; x_wconf 86' lang='lat'><strong>:</strong></span> <span class='ocrx_word' id='word_1_382' title='bbox 3383 3443 3436 3495; x_wconf 89' lang='lat' dir='ltr'><strong>in</strong></span> <span class='ocrx_word' id='word_1_383' title='bbox 3469 3459 3523 3495; x_wconf 91' lang='grc' dir='ltr'><strong>ιι.</strong></span> <span class='ocrx_word' id='word_1_384' title='bbox 3562 3444 3598 3495; x_wconf 80' lang='grc'><strong>2</strong></span> 
     </span>
    </p>
   </div>
   <div class='ocr_carea' id='block_1_29' title="bbox 327 3532 3595 3611">
    <p class='ocr_par' dir='ltr' id='par_1_29' title="bbox 327 3532 3595 3611">
     <span class='ocr_line' id='line_1_29' title="bbox 327 3532 3595 3611; baseline -0.001 -21"><span class='ocrx_word' id='word_1_385' title='bbox 327 3559 348 3590; x_wconf 75' lang='grc' dir='ltr'><strong>ι</strong></span> <span class='ocrx_word' id='word_1_386' title='bbox 396 3550 528 3601; x_wconf 86' lang='lat' dir='ltr'><strong>sunt</strong></span> <span class='ocrx_word' id='word_1_387' title='bbox 557 3556 749 3603; x_wconf 83' lang='lat' dir='ltr'><strong>versus</strong></span> <span class='ocrx_word' id='word_1_388' title='bbox 785 3538 1135 3601; x_wconf 74' lang='lat' dir='ltr'><strong>Constantini</strong></span> <span class='ocrx_word' id='word_1_389' title='bbox 1181 3538 1522 3611; x_wconf 76' lang='lat' dir='ltr'><strong>grammatici</strong></span> <span class='ocrx_word' id='word_1_390' title='bbox 1568 3548 1625 3592; x_wconf 92' lang='lat' dir='ltr'><strong>et</strong></span> <span class='ocrx_word' id='word_1_391' title='bbox 1658 3537 1805 3592; x_wconf 79' lang='lat' dir='ltr'><strong>Vesti</strong></span> <span class='ocrx_word' id='word_1_392' title='bbox 1833 3536 1889 3589; x_wconf 89' lang='lat' dir='ltr'><strong>in</strong></span> <span class='ocrx_word' id='word_1_393' title='bbox 1934 3535 2156 3592; x_wconf 88' lang='lat' dir='ltr'><strong>laudem</strong></span> <span class='ocrx_word' id='word_1_394' title='bbox 2184 3535 2441 3606; x_wconf 70' lang='lat' dir='ltr'><strong>&#39;Dioptrar</strong></span> <span class='ocrx_word' id='word_1_395' title='bbox 2472 3543 2529 3590; x_wconf 90' lang='lat' dir='ltr'><strong>et</strong></span> <span class='ocrx_word' id='word_1_396' title='bbox 2556 3533 2800 3591; x_wconf 86' lang='lat' dir='ltr'><strong>auctoris</strong></span> <span class='ocrx_word' id='word_1_397' title='bbox 2866 3534 2988 3604; x_wconf 84' lang='lat' dir='ltr'><strong>ejus</strong></span> <span class='ocrx_word' id='word_1_398' title='bbox 3039 3532 3275 3603; x_wconf 79' lang='lat' dir='ltr'><strong>Philippi</strong></span> <span class='ocrx_word' id='word_1_399' title='bbox 3326 3552 3338 3587; x_wconf 90' lang='lat'><strong>:</strong></span> <span class='ocrx_word' id='word_1_400' title='bbox 3384 3548 3595 3587; x_wconf 84' lang='lat' dir='ltr'><strong>necnon</strong></span> 
     </span>
    </p>
   </div>
   <div class='ocr_carea' id='block_1_30' title="bbox 333 3622 3597 3703">
    <p class='ocr_par' dir='ltr' id='par_1_30' title="bbox 333 3622 3597 3703">
     <span class='ocr_line' id='line_1_30' title="bbox 333 3622 3597 3703; baseline -0.002 -20"><span class='ocrx_word' id='word_1_401' title='bbox 333 3655 351 3683; x_wconf 73' lang='grc' dir='ltr'><strong>ι</strong></span> <span class='ocrx_word' id='word_1_402' title='bbox 401 3649 458 3703; x_wconf 89' lang='lat' dir='ltr'><strong>p.</strong></span> <span class='ocrx_word' id='word_1_403' title='bbox 495 3634 616 3695; x_wconf 74' lang='lat' dir='ltr'><strong>Ml,</strong></span> <span class='ocrx_word' id='word_1_404' title='bbox 655 3632 723 3687; x_wconf 86' lang='lat' dir='ltr'><strong>de</strong></span> <span class='ocrx_word' id='word_1_405' title='bbox 756 3633 878 3688; x_wconf 88' lang='lat' dir='ltr'><strong>cod.</strong></span> <span class='ocrx_word' id='word_1_406' title='bbox 907 3632 1037 3697; x_wconf 76' lang='grc'><strong>252,</strong></span> <span class='ocrx_word' id='word_1_407' title='bbox 1071 3648 1129 3687; x_wconf 93' lang='grc' dir='ltr'><strong>ιι.</strong></span> <span class='ocrx_word' id='word_1_408' title='bbox 1164 3631 1219 3694; x_wconf 76' lang='grc'><strong>5.</strong></span> <span class='ocrx_word' id='word_1_409' title='bbox 1257 3630 1350 3685; x_wconf 88' lang='lat' dir='ltr'><strong>ubi</strong></span> <span class='ocrx_word' id='word_1_410' title='bbox 1374 3629 1648 3698; x_wconf 85' lang='lat' dir='ltr'><strong>reperitur</strong></span> <span class='ocrx_word' id='word_1_411' title='bbox 1690 3627 2058 3697; x_wconf 77' lang='lat' dir='ltr'><strong>fragmentum</strong></span> <span class='ocrx_word' id='word_1_412' title='bbox 2096 3626 2223 3681; x_wconf 89' lang='lat' dir='ltr'><strong>libri</strong></span> <span class='ocrx_word' id='word_1_413' title='bbox 2250 3626 2429 3696; x_wconf 90' lang='lat' dir='ltr'><strong>quinti</strong></span> <span class='ocrx_word' id='word_1_414' title='bbox 2464 3644 2477 3680; x_wconf 88' lang='lat'><strong>:</strong></span> <span class='ocrx_word' id='word_1_415' title='bbox 2516 3624 2622 3699; x_wconf 92' lang='lat' dir='ltr'><strong>]et</strong></span> <span class='ocrx_word' id='word_1_416' title='bbox 2647 3622 2946 3681; x_wconf 80' lang='lat' dir='ltr'><strong>Montl‘auc.</strong></span> <span class='ocrx_word' id='word_1_417' title='bbox 2986 3639 3039 3694; x_wconf 90' lang='lat' dir='ltr'><strong>p.</strong></span> <span class='ocrx_word' id='word_1_418' title='bbox 3071 3623 3140 3677; x_wconf 69' lang='lat' dir='ltr'><strong>Eii.</strong></span> <span class='ocrx_word' id='word_1_419' title='bbox 3179 3622 3597 3693; x_wconf 73' lang='lat' dir='ltr'><strong>l’alwographiw</strong></span> 
     </span>
    </p>
   </div>
   <div class='ocr_carea' id='block_1_31' title="bbox 332 3715 3598 3792">
    <p class='ocr_par' dir='ltr' id='par_1_31' title="bbox 332 3715 3598 3792">
     <span class='ocr_line' id='line_1_31' title="bbox 332 3715 3598 3792; baseline -0.003 -14"><span class='ocrx_word' id='word_1_420' title='bbox 332 3743 354 3778; x_wconf 75' lang='grc' dir='ltr'><em>ς</em></span> <span class='ocrx_word' id='word_1_421' title='bbox 408 3724 624 3780; x_wconf 67' lang='grc' dir='ltr'><strong>(ξι-αἐω.</strong></span> <span class='ocrx_word' id='word_1_422' title='bbox 654 3722 732 3778; x_wconf 86' lang='lat' dir='ltr'><strong>Ac</strong></span> <span class='ocrx_word' id='word_1_423' title='bbox 762 3721 1093 3785; x_wconf 81' lang='lat' dir='ltr'><strong>Lambecius</strong></span> <span class='ocrx_word' id='word_1_424' title='bbox 1122 3721 1347 3792; x_wconf 86' lang='lat' dir='ltr'><strong>quidem</strong></span> <span class='ocrx_word' id='word_1_425' title='bbox 1386 3720 1664 3783; x_wconf 87' lang='lat' dir='ltr'><strong>observat,</strong></span> <span class='ocrx_word' id='word_1_426' title='bbox 1711 3718 1765 3772; x_wconf 89' lang='lat' dir='ltr'><strong>in</strong></span> <span class='ocrx_word' id='word_1_427' title='bbox 1801 3718 2036 3775; x_wconf 88' lang='lat' dir='ltr'><strong>Pontani</strong></span> <span class='ocrx_word' id='word_1_428' title='bbox 2067 3718 2311 3777; x_wconf 86' lang='lat' dir='ltr'><strong>editione</strong></span> <span class='ocrx_word' id='word_1_429' title='bbox 2338 3718 2539 3772; x_wconf 88' lang='lat' dir='ltr'><strong>librum</strong></span> <span class='ocrx_word' id='word_1_430' title='bbox 2586 3717 2822 3788; x_wconf 88' lang='lat' dir='ltr'><strong>primum</strong></span> <span class='ocrx_word' id='word_1_431' title='bbox 2866 3715 3138 3786; x_wconf 82' lang='lat' dir='ltr'><strong>integrum</strong></span> <span class='ocrx_word' id='word_1_432' title='bbox 3174 3715 3462 3779; x_wconf 87' lang='lat' dir='ltr'><strong>omissum,</strong></span> <span class='ocrx_word' id='word_1_433' title='bbox 3499 3732 3598 3769; x_wconf 79' lang='lat' dir='ltr'><strong>cx-</strong></span> 
     </span>
    </p>
   </div>
   <div class='ocr_carea' id='block_1_32' title="bbox 332 3809 3599 3885">
    <p class='ocr_par' dir='ltr' id='par_1_32' title="bbox 332 3809 3599 3885">
     <span class='ocr_line' id='line_1_32' title="bbox 332 3809 3599 3885; baseline -0.002 -16"><span class='ocrx_word' id='word_1_434' title='bbox 332 3838 351 3869; x_wconf 78' lang='grc' dir='ltr'><strong>ι</strong></span> <span class='ocrx_word' id='word_1_435' title='bbox 407 3824 571 3885; x_wconf 82' lang='lat' dir='ltr'><strong>cepto</strong></span> <span class='ocrx_word' id='word_1_436' title='bbox 602 3816 851 3879; x_wconf 81' lang='lat' dir='ltr'><strong>exordio,</strong></span> <span class='ocrx_word' id='word_1_437' title='bbox 891 3814 1037 3884; x_wconf 92' lang='lat' dir='ltr'><strong>quod</strong></span> <span class='ocrx_word' id='word_1_438' title='bbox 1073 3814 1140 3869; x_wconf 89' lang='lat' dir='ltr'><strong>ad</strong></span> <span class='ocrx_word' id='word_1_439' title='bbox 1181 3816 1385 3869; x_wconf 88' lang='lat' dir='ltr'><strong>calcem</strong></span> <span class='ocrx_word' id='word_1_440' title='bbox 1418 3814 1544 3869; x_wconf 88' lang='lat' dir='ltr'><strong>libri</strong></span> <span class='ocrx_word' id='word_1_441' title='bbox 1582 3814 1761 3882; x_wconf 86' lang='lat' dir='ltr'><strong>quarti</strong></span> <span class='ocrx_word' id='word_1_442' title='bbox 1798 3812 1905 3867; x_wconf 83' lang='lat' dir='ltr'><strong>sub</strong></span> <span class='ocrx_word' id='word_1_443' title='bbox 1942 3814 2104 3868; x_wconf 89' lang='lat' dir='ltr'><strong>titulo</strong></span> <span class='ocrx_word' id='word_1_444' title='bbox 2136 3812 2348 3869; x_wconf 80' lang='lat' dir='ltr'><strong>Flebilis</strong></span> <span class='ocrx_word' id='word_1_445' title='bbox 2381 3810 2689 3865; x_wconf 77' lang='lat' dir='ltr'><strong>lamentatio</strong></span> <span class='ocrx_word' id='word_1_446' title='bbox 2715 3809 3031 3871; x_wconf 79' lang='lat' dir='ltr'><strong>subnexuit,</strong></span> <span class='ocrx_word' id='word_1_447' title='bbox 3075 3817 3131 3863; x_wconf 89' lang='lat' dir='ltr'><strong>ct</strong></span> <span class='ocrx_word' id='word_1_448' title='bbox 3157 3810 3455 3865; x_wconf 79' lang='lat' dir='ltr'><strong>secundum</strong></span> <span class='ocrx_word' id='word_1_449' title='bbox 3499 3828 3599 3881; x_wconf 87' lang='lat' dir='ltr'><strong>pro</strong></span> 
     </span>
    </p>
   </div>
   <div class='ocr_carea' id='block_1_33' title="bbox 336 3902 3596 3984">
    <p class='ocr_par' dir='ltr' id='par_1_33' title="bbox 336 3902 3596 3984">
     <span class='ocr_line' id='line_1_33' title="bbox 336 3902 3596 3984; baseline -0.001 -22"><span class='ocrx_word' id='word_1_450' title='bbox 336 3932 353 3962; x_wconf 80' lang='grc' dir='ltr'><strong>ι</strong></span> <span class='ocrx_word' id='word_1_451' title='bbox 407 3911 608 3982; x_wconf 76' lang='lat' dir='ltr'><strong>p:&#39;mo,</strong></span> <span class='ocrx_word' id='word_1_452' title='bbox 634 3910 854 3964; x_wconf 62' lang='lat' dir='ltr'><strong>tertium</strong></span> <span class='ocrx_word' id='word_1_453' title='bbox 885 3924 982 3984; x_wconf 71' lang='lat' dir='ltr'><strong>pro</strong></span> <span class='ocrx_word' id='word_1_454' title='bbox 1007 3907 1273 3968; x_wconf 84' lang='lat' dir='ltr'><strong>secundo,</strong></span> <span class='ocrx_word' id='word_1_455' title='bbox 1305 3916 1437 3971; x_wconf 86' lang='lat' dir='ltr'><strong>etc.,</strong></span> <span class='ocrx_word' id='word_1_456' title='bbox 1467 3907 1832 3967; x_wconf 87' lang='lat' dir='ltr'><strong>venditatum,</strong></span> <span class='ocrx_word' id='word_1_457' title='bbox 1871 3914 1931 3960; x_wconf 91' lang='lat' dir='ltr'><strong>ut</strong></span> <span class='ocrx_word' id='word_1_458' title='bbox 1972 3907 2109 3967; x_wconf 82' lang='lat' dir='ltr'><strong>adeo</strong></span> <span class='ocrx_word' id='word_1_459' title='bbox 2154 3914 2393 3976; x_wconf 88' lang='lat' dir='ltr'><strong>quatuor</strong></span> <span class='ocrx_word' id='word_1_460' title='bbox 2422 3916 2632 3960; x_wconf 87' lang='lat' dir='ltr'><strong>tantum</strong></span> <span class='ocrx_word' id='word_1_461' title='bbox 2672 3903 2844 3958; x_wconf 87' lang='lat' dir='ltr'><strong>libros</strong></span> <span class='ocrx_word' id='word_1_462' title='bbox 2868 3903 3147 3958; x_wconf 83' lang='lat' dir='ltr'><strong>Pontanus</strong></span> <span class='ocrx_word' id='word_1_463' title='bbox 3186 3902 3445 3969; x_wconf 71' lang='lat' dir='ltr'><strong>ediderit,</strong></span> <span class='ocrx_word' id='word_1_464' title='bbox 3472 3922 3596 3959; x_wconf 91' lang='lat' dir='ltr'><strong>cum</strong></span> 
     </span>
    </p>
   </div>
   <div class='ocr_carea' id='block_1_34' title="bbox 335 3995 3598 4074">
    <p class='ocr_par' dir='ltr' id='par_1_34' title="bbox 335 3995 3598 4074">
     <span class='ocr_line' id='line_1_34' title="bbox 335 3995 3598 4074; baseline -0.002 -20"><span class='ocrx_word' id='word_1_465' title='bbox 335 4025 352 4054; x_wconf 79' lang='grc' dir='ltr'><strong>ι</strong></span> <span class='ocrx_word' id='word_1_466' title='bbox 404 4020 434 4056; x_wconf 83' lang='lat' dir='ltr'><strong>a</strong></span> <span class='ocrx_word' id='word_1_467' title='bbox 466 4003 717 4074; x_wconf 85' lang='lat' dir='ltr'><strong>Philippo</strong></span> <span class='ocrx_word' id='word_1_468' title='bbox 764 4001 955 4071; x_wconf 89' lang='lat' dir='ltr'><strong>scripti</strong></span> <span class='ocrx_word' id='word_1_469' title='bbox 978 4001 1087 4055; x_wconf 69' lang='lat' dir='ltr'><strong>sint</strong></span> <span class='ocrx_word' id='word_1_470' title='bbox 1129 4001 1396 4070; x_wconf 88' lang='lat' dir='ltr'><strong>quinque.</strong></span> <span class='ocrx_word' id='word_1_471' title='bbox 1444 3999 1607 4055; x_wconf 83' lang='lat' dir='ltr'><strong>Notut</strong></span> <span class='ocrx_word' id='word_1_472' title='bbox 1650 3999 1816 4053; x_wconf 87' lang='lat' dir='ltr'><strong>etiam</strong></span> <span class='ocrx_word' id='word_1_473' title='bbox 1879 3997 1991 4052; x_wconf 85' lang='lat' dir='ltr'><strong>falli</strong></span> <span class='ocrx_word' id='word_1_474' title='bbox 2026 3998 2368 4063; x_wconf 82' lang='lat' dir='ltr'><strong>Gretserum,</strong></span> <span class='ocrx_word' id='word_1_475' title='bbox 2410 3997 2589 4067; x_wconf 83' lang='lat' dir='ltr'><strong>quiex</strong></span> <span class='ocrx_word' id='word_1_476' title='bbox 2634 3995 2827 4066; x_wconf 87' lang='lat' dir='ltr'><strong>primis</strong></span> <span class='ocrx_word' id='word_1_477' title='bbox 2868 3996 3122 4051; x_wconf 88' lang='lat' dir='ltr'><strong>versibus</strong></span> <span class='ocrx_word' id='word_1_478' title='bbox 3168 3995 3422 4065; x_wconf 74' lang='lat' dir='ltr'><strong>Dioptrw,</strong></span> <span class='ocrx_word' id='word_1_479' title='bbox 3458 4014 3598 4067; x_wconf 76' lang='lat' dir='ltr'><strong>qtios</strong></span> 
     </span>
    </p>
   </div>
   <div class='ocr_carea' id='block_1_35' title="bbox 335 4087 3598 4161">
    <p class='ocr_par' dir='ltr' id='par_1_35' title="bbox 335 4087 3598 4161">
     <span class='ocr_line' id='line_1_35' title="bbox 335 4087 3598 4161; baseline -0.001 -17"><span class='ocrx_word' id='word_1_480' title='bbox 335 4114 353 4144; x_wconf 70' lang='grc' dir='ltr'><strong>ι</strong></span> <span class='ocrx_word' id='word_1_481' title='bbox 399 4091 626 4146; x_wconf 84' lang='lat' dir='ltr'><strong>Crusius</strong></span> <span class='ocrx_word' id='word_1_482' title='bbox 667 4093 718 4145; x_wconf 93' lang='lat' dir='ltr'><strong>in</strong></span> <span class='ocrx_word' id='word_1_483' title='bbox 754 4090 1179 4155; x_wconf 79' lang='lat' dir='ltr'><strong>Turco-Gnucia,</strong></span> <span class='ocrx_word' id='word_1_484' title='bbox 1215 4105 1266 4159; x_wconf 89' lang='lat' dir='ltr'><strong>p.</strong></span> <span class='ocrx_word' id='word_1_485' title='bbox 1298 4089 1419 4153; x_wconf 89' lang='grc'><strong>118,</strong></span> <span class='ocrx_word' id='word_1_486' title='bbox 1470 4089 1715 4152; x_wconf 85' lang='lat' dir='ltr'><strong>adducit,</strong></span> <span class='ocrx_word' id='word_1_487' title='bbox 1748 4091 1981 4161; x_wconf 82' lang='lat' dir='ltr'><strong>putavit,</strong></span> <span class='ocrx_word' id='word_1_488' title='bbox 2020 4089 2277 4145; x_wconf 89' lang='lat' dir='ltr'><strong>Crusium</strong></span> <span class='ocrx_word' id='word_1_489' title='bbox 2312 4091 2375 4144; x_wconf 89' lang='lat' dir='ltr'><strong>de</strong></span> <span class='ocrx_word' id='word_1_490' title='bbox 2405 4088 2510 4142; x_wconf 89' lang='lat' dir='ltr'><strong>alia</strong></span> <span class='ocrx_word' id='word_1_491' title='bbox 2550 4087 2769 4158; x_wconf 80' lang='lat' dir='ltr'><strong>Dioptra</strong></span> <span class='ocrx_word' id='word_1_492' title='bbox 2802 4087 2972 4158; x_wconf 90' lang='lat' dir='ltr'><strong>loqui.</strong></span> <span class='ocrx_word' id='word_1_493' title='bbox 3013 4088 3161 4161; x_wconf 87' lang='lat' dir='ltr'><strong>lianc</strong></span> <span class='ocrx_word' id='word_1_494' title='bbox 3209 4104 3374 4157; x_wconf 88' lang='lat' dir='ltr'><strong>porro</strong></span> <span class='ocrx_word' id='word_1_495' title='bbox 3407 4105 3598 4142; x_wconf 86' lang='lat' dir='ltr'><strong>recen-</strong></span> 
     </span>
    </p>
   </div>
   <div class='ocr_carea' id='block_1_36' title="bbox 334 4180 3594 4252">
    <p class='ocr_par' dir='ltr' id='par_1_36' title="bbox 334 4180 3594 4252">
     <span class='ocr_line' id='line_1_36' title="bbox 334 4180 3594 4252; baseline -0 -16"><span class='ocrx_word' id='word_1_496' title='bbox 334 4206 353 4236; x_wconf 75' lang='grc' dir='ltr'>ί</span> <span class='ocrx_word' id='word_1_497' title='bbox 403 4186 510 4240; x_wconf 86' lang='lat' dir='ltr'><strong>seri</strong></span> <span class='ocrx_word' id='word_1_498' title='bbox 536 4196 593 4240; x_wconf 90' lang='lat' dir='ltr'><strong>et</strong></span> <span class='ocrx_word' id='word_1_499' title='bbox 622 4184 866 4239; x_wconf 79' lang='lat' dir='ltr'><strong>Graecam</strong></span> <span class='ocrx_word' id='word_1_500' title='bbox 903 4184 1203 4239; x_wconf 79' lang='lat' dir='ltr'><strong>dictionem</strong></span> <span class='ocrx_word' id='word_1_501' title='bbox 1240 4183 1497 4252; x_wconf 78' lang='lat' dir='ltr'><strong>castigari</strong></span> <span class='ocrx_word' id='word_1_502' title='bbox 1537 4198 1567 4236; x_wconf 87' lang='lat' dir='ltr'><strong>a</strong></span> <span class='ocrx_word' id='word_1_503' title='bbox 1598 4183 1835 4237; x_wconf 82' lang='lat' dir='ltr'><strong>Phialito</strong></span> <span class='ocrx_word' id='word_1_504' title='bbox 1879 4183 2117 4252; x_wconf 89' lang='lat' dir='ltr'><strong>quodam</strong></span> <span class='ocrx_word' id='word_1_505' title='bbox 2147 4181 2314 4252; x_wconf 82' lang='lat' dir='ltr'><strong>jussit</strong></span> <span class='ocrx_word' id='word_1_506' title='bbox 2357 4181 2651 4250; x_wconf 85' lang='lat' dir='ltr'><strong>Dionysius</strong></span> <span class='ocrx_word' id='word_1_507' title='bbox 2677 4180 2962 4239; x_wconf 79' lang='lat' dir='ltr'><strong>Euzoitus,</strong></span> <span class='ocrx_word' id='word_1_508' title='bbox 2993 4180 3337 4249; x_wconf 78' lang='lat' dir='ltr'><strong>inotropolita</strong></span> <span class='ocrx_word' id='word_1_509' title='bbox 3385 4181 3594 4252; x_wconf 78' lang='lat' dir='ltr'><strong>Mityle-</strong></span> 
     </span>
    </p>
   </div>
   <div class='ocr_carea' id='block_1_37' title="bbox 340 4271 3593 4346">
    <p class='ocr_par' dir='ltr' id='par_1_37' title="bbox 340 4271 3593 4346">
     <span class='ocr_line' id='line_1_37' title="bbox 340 4271 3593 4346; baseline -0.001 -15"><span class='ocrx_word' id='word_1_510' title='bbox 340 4302 356 4331; x_wconf 79' lang='grc' dir='ltr'><strong>ι</strong></span> <span class='ocrx_word' id='word_1_511' title='bbox 403 4295 572 4334; x_wconf 70' lang='lat' dir='ltr'><strong>meus.</strong></span> <span class='ocrx_word' id='word_1_512' title='bbox 616 4276 900 4333; x_wconf 80' lang='lat' dir='ltr'><strong>Michaelis</strong></span> <span class='ocrx_word' id='word_1_513' title='bbox 947 4291 1075 4330; x_wconf 86' lang='lat' dir='ltr'><strong>vero</strong></span> <span class='ocrx_word' id='word_1_514' title='bbox 1101 4275 1260 4330; x_wconf 86' lang='lat' dir='ltr'><strong>Pselli</strong></span> <span class='ocrx_word' id='word_1_515' title='bbox 1315 4275 1562 4344; x_wconf 69' lang='lat' dir='ltr'><strong>praelatio</strong></span> <span class='ocrx_word' id='word_1_516' title='bbox 1596 4275 1952 4346; x_wconf 67' lang='lat' dir='ltr'><strong>praamittitur</strong></span> <span class='ocrx_word' id='word_1_517' title='bbox 1988 4276 2153 4330; x_wconf 85' lang='lat' dir='ltr'><strong>etiam</strong></span> <span class='ocrx_word' id='word_1_518' title='bbox 2196 4274 2248 4327; x_wconf 92' lang='lat' dir='ltr'><strong>in</strong></span> <span class='ocrx_word' id='word_1_519' title='bbox 2282 4273 2498 4327; x_wconf 86' lang='lat' dir='ltr'><strong>laudata</strong></span> <span class='ocrx_word' id='word_1_520' title='bbox 2543 4271 2811 4337; x_wconf 86' lang='lat' dir='ltr'><strong>editione,</strong></span> <span class='ocrx_word' id='word_1_521' title='bbox 2851 4272 3011 4341; x_wconf 89' lang='lat' dir='ltr'><strong>cujus</strong></span> <span class='ocrx_word' id='word_1_522' title='bbox 3048 4288 3269 4342; x_wconf 85' lang='lat' dir='ltr'><strong>quoque</strong></span> <span class='ocrx_word' id='word_1_523' title='bbox 3302 4285 3442 4329; x_wconf 76' lang='lat' dir='ltr'><strong>nota:</strong></span> <span class='ocrx_word' id='word_1_524' title='bbox 3476 4276 3593 4329; x_wconf 80' lang='lat' dir='ltr'><strong>sive</strong></span> 
     </span>
    </p>
   </div>
   <div class='ocr_carea' id='block_1_38' title="bbox 337 4363 3590 4437">
    <p class='ocr_par' dir='ltr' id='par_1_38' title="bbox 337 4363 3590 4437">
     <span class='ocr_line' id='line_1_38' title="bbox 337 4363 3590 4437; baseline 0.001 -16"><span class='ocrx_word' id='word_1_525' title='bbox 337 4393 355 4421; x_wconf 77' lang='grc' dir='ltr'><strong>ι</strong></span> <span class='ocrx_word' id='word_1_526' title='bbox 401 4371 610 4427; x_wconf 89' lang='lat' dir='ltr'><strong>scholia</strong></span> <span class='ocrx_word' id='word_1_527' title='bbox 649 4371 779 4424; x_wconf 88' lang='lat' dir='ltr'><strong>hinc</strong></span> <span class='ocrx_word' id='word_1_528' title='bbox 820 4367 948 4423; x_wconf 91' lang='lat' dir='ltr'><strong>inde</strong></span> <span class='ocrx_word' id='word_1_529' title='bbox 994 4375 1383 4437; x_wconf 79' lang='lat' dir='ltr'><strong>asperguntur.</strong></span> <span class='ocrx_word' id='word_1_530' title='bbox 1416 4366 1547 4432; x_wconf 62' lang='lat' dir='ltr'><strong>Quae</strong></span> <span class='ocrx_word' id='word_1_531' title='bbox 1578 4368 1902 4437; x_wconf 88' lang='lat' dir='ltr'><strong>appendicis</strong></span> <span class='ocrx_word' id='word_1_532' title='bbox 1949 4368 2071 4421; x_wconf 89' lang='lat' dir='ltr'><strong>loco</strong></span> <span class='ocrx_word' id='word_1_533' title='bbox 2126 4365 2180 4420; x_wconf 89' lang='lat' dir='ltr'><strong>in</strong></span> <span class='ocrx_word' id='word_1_534' title='bbox 2209 4365 2399 4420; x_wconf 88' lang='lat' dir='ltr'><strong>codice</strong></span> <span class='ocrx_word' id='word_1_535' title='bbox 2444 4363 2855 4419; x_wconf 82' lang='lat' dir='ltr'><strong>Vindobonensi</strong></span> <span class='ocrx_word' id='word_1_536' title='bbox 2904 4365 3097 4436; x_wconf 78' lang='lat' dir='ltr'><strong>subjici</strong></span> <span class='ocrx_word' id='word_1_537' title='bbox 3134 4376 3287 4421; x_wconf 89' lang='lat' dir='ltr'><strong>notat</strong></span> <span class='ocrx_word' id='word_1_538' title='bbox 3334 4366 3590 4424; x_wconf 87' lang='lat' dir='ltr'><strong>Lambcc.</strong></span> 
     </span>
    </p>
   </div>
   <div class='ocr_carea' id='block_1_39' title="bbox 337 4463 1968 4537">
    <p class='ocr_par' dir='ltr' id='par_1_39' title="bbox 337 4463 1968 4537">
     <span class='ocr_line' id='line_1_39' title="bbox 337 4463 1968 4537; baseline 0.004 -21"><span class='ocrx_word' id='word_1_539' title='bbox 337 4483 356 4514; x_wconf 70' lang='grc' dir='ltr'><strong>ι</strong></span> <span class='ocrx_word' id='word_1_540' title='bbox 402 4464 502 4525; x_wconf 78' lang='lat' dir='ltr'><strong>lib.</strong></span> <span class='ocrx_word' id='word_1_541' title='bbox 535 4480 590 4529; x_wconf 85' lang='grc' dir='ltr'><strong>ν,</strong></span> <span class='ocrx_word' id='word_1_542' title='bbox 624 4480 676 4533; x_wconf 90' lang='lat' dir='ltr'><strong>p.</strong></span> <span class='ocrx_word' id='word_1_543' title='bbox 703 4464 774 4519; x_wconf 83' lang='grc'><strong>56</strong></span> <span class='ocrx_word' id='word_1_544' title='bbox 804 4463 822 4537; x_wconf 93' lang='grc'>[</span> <span class='ocrx_word' id='word_1_545' title='bbox 852 4481 906 4534; x_wconf 90' lang='lat' dir='ltr'><strong>p.</strong></span> <span class='ocrx_word' id='word_1_546' title='bbox 943 4465 1032 4529; x_wconf 85' lang='lat'><strong>80,</strong></span> <span class='ocrx_word' id='word_1_547' title='bbox 1061 4482 1118 4525; x_wconf 87' lang='grc' dir='ltr'><strong>ιι.</strong></span> <span class='ocrx_word' id='word_1_548' title='bbox 1156 4466 1212 4531; x_wconf 86' lang='grc'><strong>2,</strong></span> <span class='ocrx_word' id='word_1_549' title='bbox 1242 4467 1333 4522; x_wconf 86' lang='lat' dir='ltr'><strong>ed.</strong></span> <span class='ocrx_word' id='word_1_550' title='bbox 1360 4468 1563 4522; x_wconf 82' lang='lat' dir='ltr'><strong>Kollar.</strong></span> <span class='ocrx_word' id='word_1_551' title='bbox 1610 4469 1736 4523; x_wconf 88' lang='lat' dir='ltr'><strong>coll.</strong></span> <span class='ocrx_word' id='word_1_552' title='bbox 1766 4469 1893 4525; x_wconf 86' lang='lat' dir='ltr'><strong>cod.</strong></span> <span class='ocrx_word' id='word_1_553' title='bbox 1924 4469 1968 4522; x_wconf 67' lang='grc' dir='ltr'><strong>2ε</strong></span> 
     </span>
    </p>
   </div>
   <div class='ocr_carea' id='block_1_40' title="bbox 1957 4463 3588 4537">
    <p class='ocr_par' dir='ltr' id='par_1_40' title="bbox 1957 4463 3588 4534">
     <span class='ocr_line' id='line_1_40' title="bbox 1957 4463 3588 4534; baseline 0 -14"><span class='ocrx_word' id='word_1_554' title='bbox 1957 4468 2053 4531; x_wconf 66' lang='lat'><strong>.47,</strong></span> <span class='ocrx_word' id='word_1_555' title='bbox 2087 4484 2143 4520; x_wconf 88' lang='grc' dir='ltr'><strong>ιι.</strong></span> <span class='ocrx_word' id='word_1_556' title='bbox 2178 4467 2232 4531; x_wconf 82' lang='lat'><strong>9,</strong></span> <span class='ocrx_word' id='word_1_557' title='bbox 2270 4466 2331 4520; x_wconf 84' lang='grc'><strong>11</strong></span> <span class='ocrx_word' id='word_1_558' title='bbox 2363 4475 2419 4519; x_wconf 89' lang='lat' dir='ltr'><strong>ct</strong></span> <span class='ocrx_word' id='word_1_559' title='bbox 2453 4466 2539 4525; x_wconf 84' lang='grc'><strong>12,</strong></span> <span class='ocrx_word' id='word_1_560' title='bbox 2570 4464 2650 4518; x_wconf 91' lang='lat' dir='ltr'><strong>ib.</strong></span> <span class='ocrx_word' id='word_1_561' title='bbox 2682 4481 2735 4533; x_wconf 88' lang='lat' dir='ltr'><strong>p.</strong></span> <span class='ocrx_word' id='word_1_562' title='bbox 2766 4463 2875 4518; x_wconf 72' lang='grc' dir='ltr'><strong>2ὕὸ</strong></span> <span class='ocrx_word' id='word_1_563' title='bbox 2901 4480 2985 4534; x_wconf 95' lang='lat' dir='ltr'><strong>sq.</strong></span> <span class='ocrx_word' id='word_1_564' title='bbox 3016 4464 3175 4519; x_wconf 86' lang='lat' dir='ltr'><strong>Coul‘.</strong></span> <span class='ocrx_word' id='word_1_565' title='bbox 3211 4465 3334 4521; x_wconf 85' lang='lat' dir='ltr'><strong>cod.</strong></span> <span class='ocrx_word' id='word_1_566' title='bbox 3360 4467 3588 4522; x_wconf 87' lang='lat' dir='ltr'><strong>&#39;l‘aurin.</strong></span> 
     </span>
    </p>
   </div>
   <div class='ocr_carea' id='block_1_41' title="bbox 343 4555 3589 4630">
    <p class='ocr_par' dir='ltr' id='par_1_41' title="bbox 343 4555 3589 4630">
     <span class='ocr_line' id='line_1_41' title="bbox 343 4555 3589 4630; baseline 0.001 -22"><span class='ocrx_word' id='word_1_567' title='bbox 343 4575 360 4607; x_wconf 79' lang='grc' dir='ltr'><strong>ι</strong></span> <span class='ocrx_word' id='word_1_568' title='bbox 407 4556 467 4610; x_wconf 85' lang='grc' dir='ltr'><strong>Β.</strong></span> <span class='ocrx_word' id='word_1_569' title='bbox 495 4555 600 4611; x_wconf 84' lang='lat' dir='ltr'><strong>CC.</strong></span> <span class='ocrx_word' id='word_1_570' title='bbox 639 4558 757 4612; x_wconf 91' lang='lat' dir='ltr'><strong>sine</strong></span> <span class='ocrx_word' id='word_1_571' title='bbox 784 4559 1004 4613; x_wconf 89' lang='lat' dir='ltr'><strong>nomine</strong></span> <span class='ocrx_word' id='word_1_572' title='bbox 1034 4561 1297 4622; x_wconf 87' lang='lat' dir='ltr'><strong>auctoris,</strong></span> <span class='ocrx_word' id='word_1_573' title='bbox 1343 4559 1398 4613; x_wconf 93' lang='lat' dir='ltr'><strong>in</strong></span> <span class='ocrx_word' id='word_1_574' title='bbox 1431 4568 1537 4615; x_wconf 90' lang='lat' dir='ltr'><strong>cat.</strong></span> <span class='ocrx_word' id='word_1_575' title='bbox 1583 4562 1742 4616; x_wconf 90' lang='lat' dir='ltr'><strong>codd.</strong></span> <span class='ocrx_word' id='word_1_576' title='bbox 1774 4562 1870 4617; x_wconf 88' lang='lat' dir='ltr'><strong>Gr.</strong></span> <span class='ocrx_word' id='word_1_577' title='bbox 1905 4561 2073 4615; x_wconf 93' lang='lat' dir='ltr'><strong>Taur.</strong></span> <span class='ocrx_word' id='word_1_578' title='bbox 2109 4574 2231 4630; x_wconf 80' lang='lat' dir='ltr'><strong>pag.</strong></span> <span class='ocrx_word' id='word_1_579' title='bbox 2263 4558 2366 4613; x_wconf 84' lang='grc'><strong>207</strong></span> <span class='ocrx_word' id='word_1_580' title='bbox 2395 4556 2435 4630; x_wconf 89' lang='grc'><strong>].</strong></span> <span class='ocrx_word' id='word_1_581' title='bbox 2478 4556 2548 4612; x_wconf 88' lang='lat' dir='ltr'><strong>Se</strong></span> <span class='ocrx_word' id='word_1_582' title='bbox 2585 4556 2689 4611; x_wconf 86' lang='lat' dir='ltr'><strong>tide</strong></span> <span class='ocrx_word' id='word_1_583' title='bbox 2713 4569 2767 4611; x_wconf 87' lang='lat' dir='ltr'><strong>et</strong></span> <span class='ocrx_word' id='word_1_584' title='bbox 2807 4558 3140 4614; x_wconf 68' lang='lat' dir='ltr'><strong>acrimoniis</strong></span> <span class='ocrx_word' id='word_1_585' title='bbox 3184 4560 3589 4625; x_wconf 67' lang='lat' dir='ltr'><strong>Armcniorum,</strong></span> 
     </span>
    </p>
   </div>
   <div class='ocr_carea' id='block_1_42' title="bbox 343 4647 3587 4725">
    <p class='ocr_par' dir='ltr' id='par_1_42' title="bbox 343 4647 3587 4725">
     <span class='ocr_line' id='line_1_42' title="bbox 343 4647 3587 4725; baseline 0.002 -25"><span class='ocrx_word' id='word_1_586' title='bbox 343 4668 361 4700; x_wconf 81' lang='grc' dir='ltr'><strong>ι</strong></span> <span class='ocrx_word' id='word_1_587' title='bbox 405 4647 798 4713; x_wconf 78' lang='lat' dir='ltr'><strong>Jacobitarum,</strong></span> <span class='ocrx_word' id='word_1_588' title='bbox 829 4650 1319 4706; x_wconf 84' lang='lat' dir='ltr'><strong>Chatzitzariorum</strong></span> <span class='ocrx_word' id='word_1_589' title='bbox 1351 4660 1407 4707; x_wconf 89' lang='lat' dir='ltr'><strong>et</strong></span> <span class='ocrx_word' id='word_1_590' title='bbox 1432 4652 1823 4719; x_wconf 81' lang='lat' dir='ltr'><strong>Romanorum,</strong></span> <span class='ocrx_word' id='word_1_591' title='bbox 1854 4670 1901 4709; x_wconf 91' lang='lat' dir='ltr'><strong>s.</strong></span> <span class='ocrx_word' id='word_1_592' title='bbox 1941 4653 2295 4710; x_wconf 89' lang='lat' dir='ltr'><strong>Francorum.</strong></span> <span class='ocrx_word' id='word_1_593' title='bbox 2327 4651 2442 4705; x_wconf 75' lang='lat' dir='ltr'><strong>inec</strong></span> <span class='ocrx_word' id='word_1_594' title='bbox 2468 4653 2710 4721; x_wconf 79' lang='lat' dir='ltr'><strong>(excepta</strong></span> <span class='ocrx_word' id='word_1_595' title='bbox 2752 4660 3029 4721; x_wconf 82' lang='lat' dir='ltr'><strong>postrema</strong></span> <span class='ocrx_word' id='word_1_596' title='bbox 3061 4650 3128 4704; x_wconf 91' lang='lat' dir='ltr'><strong>de</strong></span> <span class='ocrx_word' id='word_1_597' title='bbox 3162 4652 3467 4725; x_wconf 83' lang='lat' dir='ltr'><strong>Romanis),</strong></span> <span class='ocrx_word' id='word_1_598' title='bbox 3494 4654 3587 4708; x_wconf 86' lang='lat' dir='ltr'><strong>Gr.</strong></span> 
     </span>
    </p>
   </div>
   <div class='ocr_carea' id='block_1_43' title="bbox 344 4744 3592 4827">
    <p class='ocr_par' dir='ltr' id='par_1_43' title="bbox 344 4744 3592 4827">
     <span class='ocr_line' id='line_1_43' title="bbox 344 4744 3592 4827; baseline 0.002 -30"><span class='ocrx_word' id='word_1_599' title='bbox 344 4763 361 4794; x_wconf 82' lang='grc' dir='ltr'><strong>ι</strong></span> <span class='ocrx_word' id='word_1_600' title='bbox 407 4754 463 4798; x_wconf 91' lang='lat' dir='ltr'><strong>et</strong></span> <span class='ocrx_word' id='word_1_601' title='bbox 517 4744 636 4801; x_wconf 81' lang='lat' dir='ltr'><strong>Lat.</strong></span> <span class='ocrx_word' id='word_1_602' title='bbox 687 4746 930 4817; x_wconf 74' lang='lat' dir='ltr'><strong>vulgavit</strong></span> <span class='ocrx_word' id='word_1_603' title='bbox 986 4746 1354 4803; x_wconf 83' lang='lat' dir='ltr'><strong>Combeﬁsius</strong></span> <span class='ocrx_word' id='word_1_604' title='bbox 1403 4751 1667 4806; x_wconf 86' lang='lat' dir='ltr'><strong>Auctario</strong></span> <span class='ocrx_word' id='word_1_605' title='bbox 1713 4763 1854 4803; x_wconf 89' lang='lat' dir='ltr'><strong>novo</strong></span> <span class='ocrx_word' id='word_1_606' title='bbox 1899 4761 2032 4806; x_wconf 89' lang='lat' dir='ltr'><strong>tom.</strong></span> <span class='ocrx_word' id='word_1_607' title='bbox 2073 4752 2138 4821; x_wconf 85' lang='lat' dir='ltr'><strong>ll,</strong></span> <span class='ocrx_word' id='word_1_608' title='bbox 2176 4768 2301 4827; x_wconf 75' lang='lat' dir='ltr'><strong>pag.</strong></span> <span class='ocrx_word' id='word_1_609' title='bbox 2335 4750 2444 4806; x_wconf 81' lang='grc'><strong>262</strong></span> <span class='ocrx_word' id='word_1_610' title='bbox 2503 4760 2558 4805; x_wconf 86' lang='lat' dir='ltr'><strong>et</strong></span> <span class='ocrx_word' id='word_1_611' title='bbox 2598 4750 2724 4804; x_wconf 77' lang='grc' dir='ltr'><strong>2ῖ1.</strong></span> <span class='ocrx_word' id='word_1_612' title='bbox 2760 4747 3038 4803; x_wconf 82' lang='lat' dir='ltr'><strong>Hactenus</strong></span> <span class='ocrx_word' id='word_1_613' title='bbox 3078 4746 3388 4803; x_wconf 84' lang='lat' dir='ltr'><strong>Fabricius.</strong></span> <span class='ocrx_word' id='word_1_614' title='bbox 3426 4781 3492 4791; x_wconf 87' lang='lat'><strong>—-</strong></span> <span class='ocrx_word' id='word_1_615' title='bbox 3532 4748 3592 4802; x_wconf 87' lang='lat' dir='ltr'><strong>In</strong></span> 
     </span>
    </p>
   </div>
   <div class='ocr_carea' id='block_1_44' title="bbox 344 4835 3583 4913">
    <p class='ocr_par' dir='ltr' id='par_1_44' title="bbox 344 4835 3583 4913">
     <span class='ocr_line' id='line_1_44' title="bbox 344 4835 3583 4913; baseline 0.003 -28"><span class='ocrx_word' id='word_1_616' title='bbox 344 4854 361 4885; x_wconf 81' lang='grc' dir='ltr'><strong>ι</strong></span> <span class='ocrx_word' id='word_1_617' title='bbox 408 4835 532 4890; x_wconf 85' lang='lat' dir='ltr'><strong>rod.</strong></span> <span class='ocrx_word' id='word_1_618' title='bbox 559 4836 761 4904; x_wconf 64' lang='lat' dir='ltr'><strong>Caesar.</strong></span> <span class='ocrx_word' id='word_1_619' title='bbox 782 4837 1004 4899; x_wconf 86' lang='lat' dir='ltr'><strong>laudato</strong></span> <span class='ocrx_word' id='word_1_620' title='bbox 1032 4856 1087 4894; x_wconf 85' lang='grc' dir='ltr'><strong>ιι.</strong></span> <span class='ocrx_word' id='word_1_621' title='bbox 1117 4839 1169 4905; x_wconf 71' lang='lat'><strong>&#39;5,</strong></span> <span class='ocrx_word' id='word_1_622' title='bbox 1194 4838 1249 4899; x_wconf 71' lang='grc'><strong>4,</strong></span> <span class='ocrx_word' id='word_1_623' title='bbox 1276 4841 1307 4893; x_wconf 85' lang='grc'><strong>5</strong></span> <span class='ocrx_word' id='word_1_624' title='bbox 1336 4850 1392 4896; x_wconf 88' lang='lat' dir='ltr'><strong>et</strong></span> <span class='ocrx_word' id='word_1_625' title='bbox 1428 4842 1482 4903; x_wconf 84' lang='lat' dir='ltr'><strong>li,</strong></span> <span class='ocrx_word' id='word_1_626' title='bbox 1517 4847 1646 4894; x_wconf 88' lang='lat' dir='ltr'><strong>sunt</strong></span> <span class='ocrx_word' id='word_1_627' title='bbox 1674 4855 1770 4909; x_wconf 75' lang='lat' dir='ltr'><strong>pra</strong></span> <span class='ocrx_word' id='word_1_628' title='bbox 1791 4848 1941 4895; x_wconf 84' lang='lat' dir='ltr'><strong>terea</strong></span> <span class='ocrx_word' id='word_1_629' title='bbox 1975 4850 2215 4909; x_wconf 87' lang='lat' dir='ltr'><strong>quatuor</strong></span> <span class='ocrx_word' id='word_1_630' title='bbox 2247 4841 2427 4895; x_wconf 90' lang='lat' dir='ltr'><strong>adhuc</strong></span> <span class='ocrx_word' id='word_1_631' title='bbox 2455 4841 2821 4911; x_wconf 84' lang='lat' dir='ltr'><strong>appendices;</strong></span> <span class='ocrx_word' id='word_1_632' title='bbox 2860 4856 2912 4893; x_wconf 77' lang='grc' dir='ltr'><strong>ν.</strong></span> <span class='ocrx_word' id='word_1_633' title='bbox 2945 4856 3000 4911; x_wconf 90' lang='lat' dir='ltr'><strong>p.</strong></span> <span class='ocrx_word' id='word_1_634' title='bbox 3024 4840 3087 4894; x_wconf 88' lang='lat' dir='ltr'><strong>8i</strong></span> <span class='ocrx_word' id='word_1_635' title='bbox 3127 4856 3247 4913; x_wconf 85' lang='lat' dir='ltr'><strong>sqq.</strong></span> <span class='ocrx_word' id='word_1_636' title='bbox 3281 4850 3338 4896; x_wconf 88' lang='lat' dir='ltr'><strong>et</strong></span> <span class='ocrx_word' id='word_1_637' title='bbox 3378 4840 3433 4895; x_wconf 88' lang='lat' dir='ltr'><strong>in</strong></span> <span class='ocrx_word' id='word_1_638' title='bbox 3461 4839 3583 4895; x_wconf 89' lang='lat' dir='ltr'><strong>cod.</strong></span> 
     </span>
    </p>
   </div>
   <div class='ocr_carea' id='block_1_45' title="bbox 340 4927 3587 5001">
    <p class='ocr_par' dir='ltr' id='par_1_45' title="bbox 340 4927 3587 5001">
     <span class='ocr_line' id='line_1_45' title="bbox 340 4927 3587 5001; baseline 0.002 -22"><span class='ocrx_word' id='word_1_639' title='bbox 340 4945 362 4979; x_wconf 71' lang='grc' dir='ltr'><strong>ε</strong></span> <span class='ocrx_word' id='word_1_640' title='bbox 404 4927 530 4995; x_wconf 78' lang='grc'><strong>214,</strong></span> <span class='ocrx_word' id='word_1_641' title='bbox 565 4930 730 4984; x_wconf 85' lang='lat' dir='ltr'><strong>eiiato</strong></span> <span class='ocrx_word' id='word_1_642' title='bbox 762 4944 819 4983; x_wconf 89' lang='grc' dir='ltr'><strong>ιι.</strong></span> <span class='ocrx_word' id='word_1_643' title='bbox 859 4930 914 4993; x_wconf 86' lang='grc'><strong>2,</strong></span> <span class='ocrx_word' id='word_1_644' title='bbox 951 4946 1003 5000; x_wconf 92' lang='lat' dir='ltr'><strong>p.</strong></span> <span class='ocrx_word' id='word_1_645' title='bbox 1046 4931 1135 4991; x_wconf 85' lang='lat'><strong>90,</strong></span> <span class='ocrx_word' id='word_1_646' title='bbox 1170 4930 1315 4999; x_wconf 88' lang='lat' dir='ltr'><strong>apud</strong></span> <span class='ocrx_word' id='word_1_647' title='bbox 1347 4930 1605 4985; x_wconf 80' lang='lat' dir='ltr'><strong>Lambcr.</strong></span> <span class='ocrx_word' id='word_1_648' title='bbox 1636 4930 1922 4999; x_wconf 76' lang='lat' dir='ltr'><strong>Appendix</strong></span> <span class='ocrx_word' id='word_1_649' title='bbox 1953 4932 2131 5001; x_wconf 87' lang='lat' dir='ltr'><strong>prima</strong></span> <span class='ocrx_word' id='word_1_650' title='bbox 2161 4934 2409 4991; x_wconf 83' lang='lat' dir='ltr'><strong>continet</strong></span> <span class='ocrx_word' id='word_1_651' title='bbox 2451 4931 2590 4986; x_wconf 79' lang='lat' dir='ltr'><strong>Phil.</strong></span> <span class='ocrx_word' id='word_1_652' title='bbox 2623 4930 2863 4987; x_wconf 82' lang='lat' dir='ltr'><strong>Soliturii</strong></span> <span class='ocrx_word' id='word_1_653' title='bbox 2888 4932 3181 5001; x_wconf 82' lang='lat' dir='ltr'><strong>epistolam</strong></span> <span class='ocrx_word' id='word_1_654' title='bbox 3218 4932 3284 4986; x_wconf 89' lang='lat' dir='ltr'><strong>ad</strong></span> <span class='ocrx_word' id='word_1_655' title='bbox 3309 4931 3587 4989; x_wconf 79' lang='lat' dir='ltr'><strong>Constan-</strong></span> 
     </span>
    </p>
   </div>
   <div class='ocr_carea' id='block_1_46' title="bbox 341 5018 3583 5093">
    <p class='ocr_par' dir='ltr' id='par_1_46' title="bbox 341 5018 3583 5093">
     <span class='ocr_line' id='line_1_46' title="bbox 341 5018 3583 5093; baseline 0.002 -23"><span class='ocrx_word' id='word_1_656' title='bbox 341 5039 358 5069; x_wconf 80' lang='grc' dir='ltr'><strong>ι</strong></span> <span class='ocrx_word' id='word_1_657' title='bbox 403 5018 575 5072; x_wconf 91' lang='lat' dir='ltr'><strong>tinum</strong></span> <span class='ocrx_word' id='word_1_658' title='bbox 604 5019 945 5075; x_wconf 76' lang='lat' dir='ltr'><strong>sacerdotem</strong></span> <span class='ocrx_word' id='word_1_659' title='bbox 981 5022 1057 5076; x_wconf 85' lang='lat' dir='ltr'><strong>De</strong></span> <span class='ocrx_word' id='word_1_660' title='bbox 1091 5023 1387 5093; x_wconf 66' lang='lat' dir='ltr'><strong>differentia</strong></span> <span class='ocrx_word' id='word_1_661' title='bbox 1413 5025 1550 5077; x_wconf 80' lang='lat' dir='ltr'><strong>inter</strong></span> <span class='ocrx_word' id='word_1_662' title='bbox 1572 5023 1988 5077; x_wconf 76' lang='lat' dir='ltr'><strong>intrrccssioucm</strong></span> <span class='ocrx_word' id='word_1_663' title='bbox 2007 5033 2056 5078; x_wconf 77' lang='lat' dir='ltr'><strong>et</strong></span> <span class='ocrx_word' id='word_1_664' title='bbox 2085 5024 2345 5079; x_wconf 71' lang='lat' dir='ltr'><strong>auxilium</strong></span> <span class='ocrx_word' id='word_1_665' title='bbox 2367 5036 2692 5080; x_wconf 77' lang='lat' dir='ltr'><strong>sanctorum.</strong></span> <span class='ocrx_word' id='word_1_666' title='bbox 2717 5024 2858 5079; x_wconf 82' lang='lat' dir='ltr'><strong>Add.</strong></span> <span class='ocrx_word' id='word_1_667' title='bbox 2888 5024 3226 5080; x_wconf 82' lang='lat' dir='ltr'><strong>Nessei.Cnt.</strong></span> <span class='ocrx_word' id='word_1_668' title='bbox 3257 5024 3418 5079; x_wconf 88' lang='lat' dir='ltr'><strong>codd.</strong></span> <span class='ocrx_word' id='word_1_669' title='bbox 3444 5023 3583 5079; x_wconf 60' lang='lat' dir='ltr'><strong>Caes.</strong></span> 
     </span>
    </p>
   </div>
   <div class='ocr_carea' id='block_1_47' title="bbox 342 5111 3585 5187">
    <p class='ocr_par' dir='ltr' id='par_1_47' title="bbox 342 5111 3585 5187">
     <span class='ocr_line' id='line_1_47' title="bbox 342 5111 3585 5187; baseline 0.001 -22"><span class='ocrx_word' id='word_1_670' title='bbox 342 5130 360 5159; x_wconf 77' lang='grc' dir='ltr'><strong>ι</strong></span> <span class='ocrx_word' id='word_1_671' title='bbox 407 5111 462 5165; x_wconf 92' lang='lat' dir='ltr'><strong>in</strong></span> <span class='ocrx_word' id='word_1_672' title='bbox 488 5112 669 5167; x_wconf 89' lang='lat' dir='ltr'><strong>indice</strong></span> <span class='ocrx_word' id='word_1_673' title='bbox 694 5129 745 5182; x_wconf 77' lang='grc' dir='ltr'>ῃ.</span> <span class='ocrx_word' id='word_1_674' title='bbox 777 5112 875 5167; x_wconf 88' lang='grc'><strong>100</strong></span> <span class='ocrx_word' id='word_1_675' title='bbox 901 5128 982 5183; x_wconf 90' lang='lat' dir='ltr'><strong>sq.</strong></span> <span class='ocrx_word' id='word_1_676' title='bbox 1018 5144 1087 5153; x_wconf 88' lang='lat'><strong>-—</strong></span> <span class='ocrx_word' id='word_1_677' title='bbox 1126 5115 1298 5170; x_wconf 83' lang='lat' dir='ltr'><strong>Paris.</strong></span> <span class='ocrx_word' id='word_1_678' title='bbox 1341 5114 1396 5168; x_wconf 88' lang='lat' dir='ltr'><strong>in</strong></span> <span class='ocrx_word' id='word_1_679' title='bbox 1427 5114 1485 5169; x_wconf 88' lang='grc' dir='ltr'><strong>Β.</strong></span> <span class='ocrx_word' id='word_1_680' title='bbox 1521 5114 1679 5185; x_wconf 90' lang='lat' dir='ltr'><strong>pubi.</strong></span> <span class='ocrx_word' id='word_1_681' title='bbox 1714 5116 1838 5170; x_wconf 90' lang='lat' dir='ltr'><strong>cod.</strong></span> <span class='ocrx_word' id='word_1_682' title='bbox 1877 5117 2039 5178; x_wconf 66' lang='lat'><strong>2747,</strong></span> <span class='ocrx_word' id='word_1_683' title='bbox 2085 5133 2141 5172; x_wconf 89' lang='grc' dir='ltr'><strong>ιι.</strong></span> <span class='ocrx_word' id='word_1_684' title='bbox 2183 5116 2509 5187; x_wconf 85' lang='lat' dir='ltr'><strong>l.-Plu&#39;lippi</strong></span> <span class='ocrx_word' id='word_1_685' title='bbox 2547 5117 2701 5172; x_wconf 83' lang='lat' dir='ltr'><strong>Solit.</strong></span> <span class='ocrx_word' id='word_1_686' title='bbox 2747 5117 2995 5187; x_wconf 80' lang='lat' dir='ltr'><strong>Dioptra,</strong></span> <span class='ocrx_word' id='word_1_687' title='bbox 3030 5117 3283 5172; x_wconf 83' lang='lat' dir='ltr'><strong>versibus</strong></span> <span class='ocrx_word' id='word_1_688' title='bbox 3314 5115 3585 5185; x_wconf 86' lang='lat' dir='ltr'><strong>politicis;</strong></span> 
     </span>
    </p>
   </div>
   <div class='ocr_carea' id='block_1_48' title="bbox 342 5201 3587 5279">
    <p class='ocr_par' dir='ltr' id='par_1_48' title="bbox 342 5201 3587 5279">
     <span class='ocr_line' id='line_1_48' title="bbox 342 5201 3587 5279; baseline 0.003 -28"><span class='ocrx_word' id='word_1_689' title='bbox 342 5218 362 5250; x_wconf 72' lang='grc' dir='ltr'><strong>ι</strong></span> <span class='ocrx_word' id='word_1_690' title='bbox 408 5201 609 5270; x_wconf 81' lang='lat' dir='ltr'><strong>rejecta</strong></span> <span class='ocrx_word' id='word_1_691' title='bbox 643 5202 711 5257; x_wconf 88' lang='lat' dir='ltr'><strong>ad</strong></span> <span class='ocrx_word' id='word_1_692' title='bbox 745 5218 899 5259; x_wconf 82' lang='lat' dir='ltr'><strong>oram</strong></span> <span class='ocrx_word' id='word_1_693' title='bbox 933 5204 1081 5257; x_wconf 87' lang='lat' dir='ltr'><strong>varia</strong></span> <span class='ocrx_word' id='word_1_694' title='bbox 1114 5204 1447 5273; x_wconf 85' lang='lat' dir='ltr'><strong>scriptorum</strong></span> <span class='ocrx_word' id='word_1_695' title='bbox 1480 5206 1983 5261; x_wconf 85' lang='lat' dir='ltr'><strong>ecclesiasticorum</strong></span> <span class='ocrx_word' id='word_1_696' title='bbox 2019 5208 2161 5271; x_wconf 85' lang='lat' dir='ltr'><strong>loca,</strong></span> <span class='ocrx_word' id='word_1_697' title='bbox 2194 5224 2318 5279; x_wconf 67' lang='lat' dir='ltr'><strong>qua:</strong></span> <span class='ocrx_word' id='word_1_698' title='bbox 2355 5208 2427 5262; x_wconf 89' lang='lat' dir='ltr'><strong>ob</strong></span> <span class='ocrx_word' id='word_1_699' title='bbox 2452 5208 2645 5263; x_wconf 89' lang='lat' dir='ltr'><strong>oculos</strong></span> <span class='ocrx_word' id='word_1_700' title='bbox 2674 5208 2863 5263; x_wconf 87' lang='lat' dir='ltr'><strong>habuit</strong></span> <span class='ocrx_word' id='word_1_701' title='bbox 2894 5216 3089 5265; x_wconf 88' lang='lat' dir='ltr'><strong>auctor</strong></span> <span class='ocrx_word' id='word_1_702' title='bbox 3122 5228 3134 5262; x_wconf 87' lang='lat'><strong>:</strong></span> <span class='ocrx_word' id='word_1_703' title='bbox 3170 5209 3225 5265; x_wconf 88' lang='lat' dir='ltr'><strong>in</strong></span> <span class='ocrx_word' id='word_1_704' title='bbox 3251 5207 3374 5265; x_wconf 86' lang='lat' dir='ltr'><strong>cod.</strong></span> <span class='ocrx_word' id='word_1_705' title='bbox 3406 5207 3587 5277; x_wconf 88' lang='lat' dir='ltr'><strong>primo</strong></span> 
     </span>
    </p>
   </div>
   <div class='ocr_carea' id='block_1_49' title="bbox 344 5292 3584 5369">
    <p class='ocr_par' dir='ltr' id='par_1_49' title="bbox 344 5292 3584 5369">
     <span class='ocr_line' id='line_1_49' title="bbox 344 5292 3584 5369; baseline 0.003 -25"><span class='ocrx_word' id='word_1_706' title='bbox 344 5309 363 5342; x_wconf 72' lang='grc' dir='ltr'><strong>ι</strong></span> <span class='ocrx_word' id='word_1_707' title='bbox 404 5299 489 5345; x_wconf 73' lang='lat' dir='ltr'><strong>est</strong></span> <span class='ocrx_word' id='word_1_708' title='bbox 513 5309 568 5346; x_wconf 89' lang='grc' dir='ltr'><strong>ιι.</strong></span> <span class='ocrx_word' id='word_1_709' title='bbox 618 5294 671 5356; x_wconf 80' lang='grc'><strong>5,</strong></span> <span class='ocrx_word' id='word_1_710' title='bbox 711 5292 850 5349; x_wconf 84' lang='lat' dir='ltr'><strong>Phil.</strong></span> <span class='ocrx_word' id='word_1_711' title='bbox 884 5292 1042 5349; x_wconf 81' lang='lat' dir='ltr'><strong>Solit.</strong></span> <span class='ocrx_word' id='word_1_712' title='bbox 1091 5294 1313 5363; x_wconf 73' lang='lat' dir='ltr'><strong>cpistola</strong></span> <span class='ocrx_word' id='word_1_713' title='bbox 1340 5296 1410 5349; x_wconf 86' lang='lat' dir='ltr'><strong>ad</strong></span> <span class='ocrx_word' id='word_1_714' title='bbox 1448 5298 1753 5364; x_wconf 81' lang='lat' dir='ltr'><strong>quemdam.</strong></span> <span class='ocrx_word' id='word_1_715' title='bbox 1783 5300 1873 5368; x_wconf 82' lang='lat' dir='ltr'><strong>qui</strong></span> <span class='ocrx_word' id='word_1_716' title='bbox 1905 5301 2025 5354; x_wconf 70' lang='lat' dir='ltr'><strong>vim</strong></span> <span class='ocrx_word' id='word_1_717' title='bbox 2049 5299 2318 5369; x_wconf 78' lang='lat' dir='ltr'><strong>spirituali</strong></span> <span class='ocrx_word' id='word_1_718' title='bbox 2362 5299 2711 5354; x_wconf 74' lang='lat' dir='ltr'><strong>valedixemt.</strong></span> <span class='ocrx_word' id='word_1_719' title='bbox 2750 5300 2952 5353; x_wconf 84' lang='lat' dir='ltr'><strong>Eadem</strong></span> <span class='ocrx_word' id='word_1_720' title='bbox 2995 5300 3049 5354; x_wconf 91' lang='lat' dir='ltr'><strong>in</strong></span> <span class='ocrx_word' id='word_1_721' title='bbox 3078 5300 3199 5355; x_wconf 88' lang='lat' dir='ltr'><strong>cod.</strong></span> <span class='ocrx_word' id='word_1_722' title='bbox 3245 5299 3405 5363; x_wconf 73' lang='grc'><strong>2728,</strong></span> <span class='ocrx_word' id='word_1_723' title='bbox 3438 5314 3494 5352; x_wconf 89' lang='lat' dir='ltr'><strong>n.</strong></span> <span class='ocrx_word' id='word_1_724' title='bbox 3529 5302 3584 5363; x_wconf 81' lang='grc'><strong>1,</strong></span> 
     </span>
    </p>
   </div>
   <div class='ocr_carea' id='block_1_50' title="bbox 339 5382 1970 5461">
    <p class='ocr_par' dir='ltr' id='par_1_50' title="bbox 339 5382 1970 5459">
     <span class='ocr_line' id='line_1_50' title="bbox 339 5382 1970 5459; baseline 0.004 -22"><span class='ocrx_word' id='word_1_725' title='bbox 339 5402 360 5441; x_wconf 67' lang='grc' dir='ltr'><strong>ι</strong></span> <span class='ocrx_word' id='word_1_726' title='bbox 403 5382 564 5448; x_wconf 72' lang='grc'><strong>2872,</strong></span> <span class='ocrx_word' id='word_1_727' title='bbox 602 5385 716 5444; x_wconf 55' lang='grc' dir='ltr'>ιι.”1</span> <span class='ocrx_word' id='word_1_728' title='bbox 749 5387 888 5457; x_wconf 87' lang='lat' dir='ltr'><strong>(sine</strong></span> <span class='ocrx_word' id='word_1_729' title='bbox 921 5387 1140 5441; x_wconf 82' lang='lat' dir='ltr'><strong>nomine</strong></span> <span class='ocrx_word' id='word_1_730' title='bbox 1167 5388 1533 5458; x_wconf 79' lang='lat' dir='ltr'><strong>auctoris),et</strong></span> <span class='ocrx_word' id='word_1_731' title='bbox 1570 5389 1732 5454; x_wconf 74' lang='grc'><strong>2875,</strong></span> <span class='ocrx_word' id='word_1_732' title='bbox 1775 5407 1827 5447; x_wconf 88' lang='grc' dir='ltr'><strong>ιι.</strong></span> <span class='ocrx_word' id='word_1_733' title='bbox 1865 5395 1878 5442; x_wconf 93' lang='lat' dir='ltr'><strong>l</strong></span> <span class='ocrx_word' id='word_1_734' title='bbox 1917 5392 1970 5459; x_wconf 82' lang='lat' dir='ltr'><strong>(il</strong></span> 
     </span>
    </p>
   </div>
   <div class='ocr_carea' id='block_1_51' title="bbox 1954 5382 3585 5461">
    <p class='ocr_par' dir='ltr' id='par_1_51' title="bbox 1962 5391 3585 5461">
     <span class='ocr_line' id='line_1_51' title="bbox 1962 5391 3585 5461; baseline 0.002 -17"><span class='ocrx_word' id='word_1_735' title='bbox 1962 5408 1992 5444; x_wconf 92' lang='grc' dir='ltr'><strong>ιι</strong></span> <span class='ocrx_word' id='word_1_736' title='bbox 2018 5392 2262 5460; x_wconf 88' lang='lat' dir='ltr'><strong>quinque</strong></span> <span class='ocrx_word' id='word_1_737' title='bbox 2307 5392 2481 5446; x_wconf 88' lang='lat' dir='ltr'><strong>libros</strong></span> <span class='ocrx_word' id='word_1_738' title='bbox 2522 5400 2604 5447; x_wconf 89' lang='lat' dir='ltr'><strong>est</strong></span> <span class='ocrx_word' id='word_1_739' title='bbox 2638 5391 2885 5461; x_wconf 75' lang='lat' dir='ltr'><strong>dialogus</strong></span> <span class='ocrx_word' id='word_1_740' title='bbox 2917 5392 3177 5456; x_wconf 86' lang='lat' dir='ltr'><strong>tributus,</strong></span> <span class='ocrx_word' id='word_1_741' title='bbox 3208 5409 3329 5447; x_wconf 91' lang='lat' dir='ltr'><strong>cum</strong></span> <span class='ocrx_word' id='word_1_742' title='bbox 3361 5393 3585 5448; x_wconf 85' lang='lat' dir='ltr'><strong>scholiis</strong></span> 
     </span>
    </p>
   </div>
   <div class='ocr_carea' id='block_1_52' title="bbox 340 5476 3579 5560">
    <p class='ocr_par' dir='ltr' id='par_1_52' title="bbox 340 5476 3579 5560">
     <span class='ocr_line' id='line_1_52' title="bbox 340 5476 3579 5560; baseline 0.002 -30"><span class='ocrx_word' id='word_1_743' title='bbox 340 5492 361 5525; x_wconf 70' lang='grc' dir='ltr'><strong>ι</strong></span> <span class='ocrx_word' id='word_1_744' title='bbox 404 5477 840 5560; x_wconf 82' lang='lat' dir='ltr'><strong>marginalibus),</strong></span> <span class='ocrx_word' id='word_1_745' title='bbox 861 5489 919 5536; x_wconf 85' lang='lat' dir='ltr'><strong>et</strong></span> <span class='ocrx_word' id='word_1_746' title='bbox 940 5479 993 5539; x_wconf 91' lang='lat' dir='ltr'><strong>iu</strong></span> <span class='ocrx_word' id='word_1_747' title='bbox 1029 5478 1154 5532; x_wconf 90' lang='lat' dir='ltr'><strong>cod.</strong></span> <span class='ocrx_word' id='word_1_748' title='bbox 1182 5479 1345 5543; x_wconf 65' lang='grc'><strong>2874,</strong></span> <span class='ocrx_word' id='word_1_749' title='bbox 1367 5497 1421 5534; x_wconf 88' lang='grc' dir='ltr'><strong>ιι.</strong></span> <span class='ocrx_word' id='word_1_750' title='bbox 1449 5481 1501 5545; x_wconf 73' lang='grc'><strong>4,</strong></span> <span class='ocrx_word' id='word_1_751' title='bbox 1538 5483 1632 5551; x_wconf 89' lang='lat' dir='ltr'><strong>qui</strong></span> <span class='ocrx_word' id='word_1_752' title='bbox 1658 5482 1727 5537; x_wconf 88' lang='lat' dir='ltr'><strong>ab</strong></span> <span class='ocrx_word' id='word_1_753' title='bbox 1749 5483 1914 5537; x_wconf 84' lang='lat' dir='ltr'><strong>editis</strong></span> <span class='ocrx_word' id='word_1_754' title='bbox 1938 5499 2080 5552; x_wconf 68' lang='lat' dir='ltr'><strong>szepc</strong></span> <span class='ocrx_word' id='word_1_755' title='bbox 2105 5483 2403 5554; x_wconf 86' lang='lat' dir='ltr'><strong>discrepat.</strong></span> <span class='ocrx_word' id='word_1_756' title='bbox 2422 5493 2478 5538; x_wconf 90' lang='lat' dir='ltr'><strong>et</strong></span> <span class='ocrx_word' id='word_1_757' title='bbox 2507 5483 2816 5538; x_wconf 85' lang='lat' dir='ltr'><strong>testimonia</strong></span> <span class='ocrx_word' id='word_1_758' title='bbox 2846 5476 3070 5537; x_wconf 77' lang='lat' dir='ltr'><strong>Palrilm</strong></span> <span class='ocrx_word' id='word_1_759' title='bbox 3105 5494 3269 5552; x_wconf 88' lang='lat' dir='ltr'><strong>atque</strong></span> <span class='ocrx_word' id='word_1_760' title='bbox 3300 5485 3401 5537; x_wconf 88' lang='lat' dir='ltr'><strong>alia</strong></span> <span class='ocrx_word' id='word_1_761' title='bbox 3429 5500 3579 5553; x_wconf 55' lang='lat' dir='ltr'><strong>quee-</strong></span> 
     </span>
    </p>
   </div>
   <div class='ocr_carea' id='block_1_53' title="bbox 339 5568 3579 5647">
    <p class='ocr_par' dir='ltr' id='par_1_53' title="bbox 339 5568 3579 5647">
     <span class='ocr_line' id='line_1_53' title="bbox 339 5568 3579 5647; baseline 0.003 -26"><span class='ocrx_word' id='word_1_762' title='bbox 339 5586 358 5617; x_wconf 81' lang='grc' dir='ltr'><strong>ι</strong></span> <span class='ocrx_word' id='word_1_763' title='bbox 406 5568 531 5621; x_wconf 84' lang='lat' dir='ltr'><strong>dam</strong></span> <span class='ocrx_word' id='word_1_764' title='bbox 568 5570 811 5638; x_wconf 83' lang='lat' dir='ltr'><strong>pedestri</strong></span> <span class='ocrx_word' id='word_1_765' title='bbox 834 5586 1108 5636; x_wconf 82' lang='lat' dir='ltr'><strong>sermone,</strong></span> <span class='ocrx_word' id='word_1_766' title='bbox 1131 5588 1161 5626; x_wconf 88' lang='lat' dir='ltr'><strong>a</strong></span> <span class='ocrx_word' id='word_1_767' title='bbox 1195 5571 1456 5627; x_wconf 76' lang='lat' dir='ltr'><strong>Michaele</strong></span> <span class='ocrx_word' id='word_1_768' title='bbox 1495 5575 1669 5628; x_wconf 85' lang='lat' dir='ltr'><strong>Pscllu</strong></span> <span class='ocrx_word' id='word_1_769' title='bbox 1694 5575 1903 5647; x_wconf 88' lang='lat' dir='ltr'><strong>adjecta</strong></span> <span class='ocrx_word' id='word_1_770' title='bbox 1932 5574 2115 5629; x_wconf 83' lang='lat' dir='ltr'><strong>habet.</strong></span> <span class='ocrx_word' id='word_1_771' title='bbox 2146 5576 2203 5630; x_wconf 87' lang='lat' dir='ltr'><strong>lu</strong></span> <span class='ocrx_word' id='word_1_772' title='bbox 2228 5576 2420 5629; x_wconf 74' lang='lat' dir='ltr'><strong>eodem</strong></span> <span class='ocrx_word' id='word_1_773' title='bbox 2462 5574 2610 5636; x_wconf 87' lang='lat' dir='ltr'><strong>cod..</strong></span> <span class='ocrx_word' id='word_1_774' title='bbox 2644 5590 2698 5629; x_wconf 88' lang='grc' dir='ltr'><strong>ιι.</strong></span> <span class='ocrx_word' id='word_1_775' title='bbox 2736 5576 2786 5639; x_wconf 90' lang='grc'><strong>-1,</strong></span> <span class='ocrx_word' id='word_1_776' title='bbox 2818 5583 2902 5628; x_wconf 86' lang='lat' dir='ltr'><strong>est</strong></span> <span class='ocrx_word' id='word_1_777' title='bbox 2930 5574 3089 5632; x_wconf 85' lang='lat' dir='ltr'><strong>Mich.</strong></span> <span class='ocrx_word' id='word_1_778' title='bbox 3129 5575 3289 5632; x_wconf 78' lang='lat' dir='ltr'><strong>Pselli</strong></span> <span class='ocrx_word' id='word_1_779' title='bbox 3333 5579 3579 5632; x_wconf 87' lang='lat' dir='ltr'><strong>testimo-</strong></span> 
     </span>
    </p>
   </div>
   <div class='ocr_carea' id='block_1_54' title="bbox 342 5661 3582 5738">
    <p class='ocr_par' dir='ltr' id='par_1_54' title="bbox 342 5661 3582 5738">
     <span class='ocr_line' id='line_1_54' title="bbox 342 5661 3582 5738; baseline 0.002 -17"><span class='ocrx_word' id='word_1_780' title='bbox 342 5688 361 5721; x_wconf 78' lang='grc' dir='ltr'><strong>ι</strong></span> <span class='ocrx_word' id='word_1_781' title='bbox 404 5661 578 5725; x_wconf 88' lang='lat' dir='ltr'><strong>nium.</strong></span> <span class='ocrx_word' id='word_1_782' title='bbox 611 5664 896 5737; x_wconf 69' lang='lat' dir='ltr'><strong>praeﬁxum</strong></span> <span class='ocrx_word' id='word_1_783' title='bbox 929 5666 1070 5727; x_wconf 76' lang='lat' dir='ltr'><strong>libro</strong></span> <span class='ocrx_word' id='word_1_784' title='bbox 1099 5666 1191 5738; x_wconf 86' lang='lat' dir='ltr'><strong>qui</strong></span> <span class='ocrx_word' id='word_1_785' title='bbox 1226 5666 1446 5738; x_wconf 81' lang='lat' dir='ltr'><strong>Dioptra</strong></span> <span class='ocrx_word' id='word_1_786' title='bbox 1480 5667 1825 5733; x_wconf 75' lang='lat' dir='ltr'><strong>inscribitur;</strong></span> <span class='ocrx_word' id='word_1_787' title='bbox 1852 5674 1906 5721; x_wconf 81' lang='lat' dir='ltr'><strong>et</strong></span> <span class='ocrx_word' id='word_1_788' title='bbox 1934 5685 1987 5721; x_wconf 93' lang='grc' dir='ltr'><strong>ιι.</strong></span> <span class='ocrx_word' id='word_1_789' title='bbox 2012 5669 2067 5733; x_wconf 90' lang='grc'><strong>2,</strong></span> <span class='ocrx_word' id='word_1_790' title='bbox 2101 5680 2228 5725; x_wconf 89' lang='lat' dir='ltr'><strong>sunt</strong></span> <span class='ocrx_word' id='word_1_791' title='bbox 2254 5685 2447 5725; x_wconf 82' lang='lat' dir='ltr'><strong>versus</strong></span> <span class='ocrx_word' id='word_1_792' title='bbox 2477 5667 2696 5725; x_wconf 87' lang='lat' dir='ltr'><strong>iambici</strong></span> <span class='ocrx_word' id='word_1_793' title='bbox 2720 5666 3065 5725; x_wconf 83' lang='lat' dir='ltr'><strong>Constantini</strong></span> <span class='ocrx_word' id='word_1_794' title='bbox 3094 5681 3148 5726; x_wconf 91' lang='lat' dir='ltr'><strong>ct</strong></span> <span class='ocrx_word' id='word_1_795' title='bbox 3174 5669 3323 5728; x_wconf 83' lang='lat' dir='ltr'><strong>Vcsti</strong></span> <span class='ocrx_word' id='word_1_796' title='bbox 3352 5670 3582 5730; x_wconf 81' lang='lat' dir='ltr'><strong>Grauati</strong></span> 
     </span>
    </p>
   </div>
  </div>
