4122 6212
296 286 405 352 705
1238 292 1645 356 DIOPTRAM-
1668 293 1824 356 JAC.
1866 291 1924 355 Pl

1943 290 2204 354 )NTANI
2246 288 2661 357 PRlEFATlO.
3464 292 3571 357 τοῦ

295 403 442 475 Qui,
505 403 807 482 quoniam
865 404 1098 467 Latinis
1153 406 1413 468 auribus
1469 424 1688 487 parum
1748 408 1878 469 noti
1909 412 2074 480 sunt,
2129 415 2191 470 et
2221 426 2331 471 eos
2362 409 2572 470 multis
2628 407 2783 469 locis
2833 423 3038 468 rerum
3094 403 3406 468 subtilitas
3436 423 3570 467 scr-

298 502 639 581 mouisque
686 505 952 566 Romani
993 511 1251 589 egestas
1303 523 1432 568 non
1480 506 1859 578 admitteret,
1901 507 2105 570 soluta
2171 515 2231 569 et
2261 515 2566 588 perpetua
2599 509 2908 579 oratione,
2951 524 3079 567 non
3112 505 3246 566 sine
3276 505 3571 584 exemplo

297 604 811 681 interpretandos
840 608 1225 669 censuimus.
1260 608 1344 669 De
1404 607 1619 688 paucis
1672 607 2071 686 singulorum
2098 609 2395 672 librorum
2455 609 2764 685 capitibus
2824 609 3021 669 multo
3054 606 3229 687 plura
3259 607 3569 672 fecimus:

298 704 533 782 cuique
571 704 823 779 lemma,
882 706 1011 768 sive
1069 725 1377 769 summam
1432 726 1607 769 suam
1663 707 1893 769 nostris
1971 706 2200 782 verbis,
2248 698 2634 788 uberiusque
2688 718 2749 771 et
2814 702 3165 771 accu'ratius
3222 707 3568 787 aliquanto,

301 827 488 889 quam
521 811 790 889 scriptor
844 811 979 889 ipse
1033 812 1290 887 fecerat,
1364 814 1770 893 prmﬁximus,
1831 830 1961 893 quo
2011 814 2222 875 omnia
2272 814 2684 876 luculentiora
2744 817 2965 875 tierent
3004 814 3378 893 planiusque
3434 832 3573 894 per-

300 918 712 993 ciperentur:
756 916 996 977 tametsi
1044 908 1457 979 nihilominus
1519 920 1594 980 ad
1653 918 1944 998 quiedam
2014 922 2370 998 promptius
2426 918 2832 997 intelligenda
2892 919 3211 997 graviores
3278 928 3339 980 et
3399 937 3572 981 seve-

300 1016 500 1077 riores
552 1016 689 1077 illas
744 1016 1040 1077 scientias
1098 1018 1325 1079 libasse
1382 1036 1546 1099 opus
1594 1021 1736 1081 erit.
1784 1020 2152 1083 (Eeonomia
2200 1036 2331 1082 non
2383 1019 2697 1081 immerito
2765 1020 3040 1098 cuipiam
3088 1018 3568 1080 admirationem

302 1113 603 1181 movebit,
662 1131 777 1175 cur
827 1114 1151 1188 nimirum,
1207 1134 1350 1179 cum
1385 1116 1578 1179 hosce
1611 1118 1807 1180 libros
1841 1121 1907 1180 in
1961 1119 2214 1197 dialogo
2270 1119 2726 1191 conscriberet.
2789 1123 3004 1180 Amm;
3040 1119 3468 1196 interrogandi
3497 1136 3571 1180 ac

302 1211 613 1286 discendi,
651 1213 845 1273 CARNI
914 1216 1343 1294 reapondendi
1401 1218 1803 1298 docendique
1862 1227 2071 1300 partes
2145 1220 2392 1283 dederit
2443 1239 2457 1281 :
2498 1229 2561 1285 et
2609 1221 2780 1282 illam
2821 1220 3220 1301 discipulam.
3254 1219 3415 1281 hanc
3447 1236 3575 1281 ma-

301 1310 557 1385 gistram
608 1328 745 1372 esse
792 1313 1060 1374 voluerit
1106 1314 1168 1375 in
1226 1314 1668 1397 hujuscemodi
1737 1320 1925 1382 rebus
1979 1329 2107 1384 tam
2163 1321 2397 1382 sanctis
2461 1337 2533 1384 ac
2601 1321 3060 1400 spiritualibus,
3134 1321 3299 1383 addo
3356 1322 3568 1395 etiam,

303 1419 427 1471 tam
466 1412 749 1485 eruditis,
814 1430 957 1475 cum
1006 1423 1224 1479 contra
1275 1419 1488 1497 potius
1510 1419 1902 1513 “faciendum
1935 1423 2129 1484 fuisse
2193 1423 2499 1484 videatur.
2560 1424 2715 1484 Caro
2752 1424 2993 1502 quippe
3037 1430 3131 1484 est
3213 1424 3420 1489 anima
3469 1423 3572 1484 in-

299 1511 520 1587 ferior,
572 1524 634 1576 et
688 1517 1009 1596 appetitus
1039 1520 1343 1593 sentiens,
1380 1511 1729 1599 Augustino
1788 1525 1998 1585 anima
2036 1524 2707 1592 irrationalis;anima
2772 1542 2917 1587 vero
2980 1524 3082 1586 hic
3115 1531 3211 1585 est
3286 1526 3577 1603 snperior

299 1617 535 1690 anima,
587 1619 796 1681 anima
845 1622 1191 1697 rationalis,
1227 1628 1297 1684 ut
1327 1623 1494 1686 idem
1520 1626 1912 1704 Augustinus
1949 1627 2255 1700 nominat,
2310 1634 2371 1689 et
2399 1644 2543 1705 qua:
2575 1645 2610 1689 a
2649 1627 2843 1689 Paulo
2880 1627 3136 1707 spiritus
3179 1628 3428 1689 dicitur.
3459 1630 3577 1693 Ac-

302 1718 470 1780 cedit
498 1719 671 1798 quod
712 1720 985 1783 animam
1017 1739 1164 1785 caro
1207 1740 1463 1805 semper
1491 1734 1689 1804 κυρίαν
1716 1734 1777 1788 et
1820 1731 1930 1785 Mm

1950 1748 2134 1797 :owav,
2186 1727 2527 1801 dominam,
2564 1727 2811 1795 heram;
2869 1729 3078 1789 anima
3128 1745 3382 1789 carnem
3416 1744 3578 1789 sem-

302 1840 419 1901 per
457 1830 676 1900 δούλην,
711 1831 1068 1902 θεράπαιναν,
1098 1836 1411 1907 παιδίσκην,
1474 1840 1801 1909 πρόσπολον,
1858 1843 1930 1896 ὑπ

1946 1842 2177 1914 ηρέτιδα,
2227 1849 2488 1904 servam,
2551 1832 2875 1909 famulam,
2936 1831 3322 1902 ancillulam,
3382 1831 3574 1891 mini-

301 1932 500 1983 stram
546 1929 748 1983 vocat.
805 1926 894 1986 Ex
972 1932 1273 2008 quoutri
1325 1932 1606 2012 potiores
1673 1944 1884 2014 partes
1939 1934 2407 2002 convenissent,
2471 1932 2647 1994 nullo
2725 1933 2979 2010 negotio
3057 1933 3200 2010 quis
3270 1935 3576 1993 rationem

303 2023 661 2086 concludet.
701 2025 773 2086 Ut
815 2031 1317 2107 respondeamus
1363 2033 1625 2113 aliquid,
1669 2043 1730 2097 et
1792 2016 2167 2119 scriptorem
2190 2050 2451 2114 quoquo
2499 2033 2688 2096 modo
2719 2041 3030 2107 tueamur,
3072 2035 3368 2113 primum,
3421 2033 3578 2094 illud

305 2132 546 2187 certum
566 2135 681 2202 est,
706 2145 847 2191 cum
878 2139 1010 2194 toto
1032 2143 1337 2213 quantum
1360 2144 1453 2198 est
1482 2139 1896 2203 voluminede
1924 2142 2132 2203 anima
2181 2147 2242 2201 et
2297 2154 2567 2217 corpore
2619 2145 2860 2217 agatur,
2901 2156 3029 2201 non
3072 2138 3371 2200 indecore
3413 2136 3577 2199 hanc

305 2238 754 2305 προσωποποιιαν
782 2229 1204 2295 introductam
1254 2258 1268 2297 :
1306 2243 1361 2298 et
1398 2237 1591 2301 multa
1635 2258 1763 2302 non
1813 2242 2061 2316 melius,
2119 2256 2330 2320 neque
2370 2239 2767 2301 commodius
2793 2240 3104 2319 magistra)
3135 2246 3194 2302 et
3224 2237 3575 2319 discipulae,

306 2327 528 2390 aliisve
594 2331 888 2412 personis
963 2334 1263 2398 adhibitis
1344 2339 1646 2419 explicari
1717 2344 2026 2423 potuisse.
2095 2342 2331 2405 Deinde
2408 2343 2804 2421 disputantm
2862 2342 2941 2404 ab
2971 2343 3195 2404 Anima
3253 2359 3395 2419 quaa
3445 2358 3577 2403 non

304 2434 455 2504 apte
515 2439 576 2491 et
632 2438 801 2494 recte
855 2450 890 2495 a
940 2435 1164 2510 Carne,
1215 2441 1277 2497 et
1331 2439 1601 2500 vicissim
1658 2458 1692 2502 a
1742 2442 1962 2515 Carne,
2021 2458 2162 2521 quas
2209 2457 2339 2501 non
2374 2447 2500 2502 tam
2554 2439 2788 2502 idonee
2835 2442 2914 2502 ab
2990 2440 3208 2500 Anima
3289 2440 3575 2519 disputa-

306 2538 547 2602 rentur,
608 2534 850 2594 etiamsi
897 2534 1003 2596 illa
1050 2537 1388 2614 magistrae,
1468 2540 1602 2602 meo
1664 2541 1992 2622 discipulaa
2036 2540 2246 2604 oﬂicio
2285 2540 2678 2620 fungeretur.
2711 2541 3133 2614 Quamobrem
3167 2548 3228 2601 et
3264 2558 3403 2613 nos,
3431 2557 3578 2601 cum

309 2632 623 2713 principio
661 2642 1079 2701 (economiam
1143 2639 1321 2700 istam
1398 2658 1513 2720 pro
1571 2643 1842 2706 absurda
1895 2643 2298 2718 haberemus,
2345 2653 2737 2707 commutare
2785 2659 3087 2722 personas
3143 2640 3574 2714 instituimus;

308 2733 421 2794 sed
480 2734 542 2794 in
579 2753 934 2816 progressu,
971 2746 1205 2800 mutata
1254 2742 1587 2817 sententia,
1651 2762 1781 2818 eas,
1838 2756 1904 2807 ut
1951 2746 2333 2819 invenimus,
2381 2745 2468 2807 ita
2534 2742 2926 2824 reliquimus.
2968 2744 3124 2804 Sunt
3172 2751 3235 2803 et
3286 2743 3407 2804 alia
3463 2759 3578 2821 per

308 2831 429 2894 hos
468 2832 691 2910 lbros,
747 2836 813 2898 in
847 2835 1077 2916 quibus
1123 2850 1185 2903 τὸ
1211 2852 1421 2922 πρέπον
1466 2841 1886 2921 ncgligentius
1940 2855 2249 2907 servatum
2306 2843 2791 2915 animadvertas,
2868 2858 2986 2903 nec
3040 2840 3398 2920 Philippum
3430 2845 3579 2901 satis

309 2936 591 3008 scivisse,
618 2937 768 3011 quid
805 2948 968 3002 esset
992 2941 1306 3021 dialogum
1331 2944 1631 3006 scribere.
1673 2946 1904 3007 Verum
1936 2944 2073 3007 hinc
2108 2952 2168 3007 et
2190 2945 2419 3007 similia
2444 2952 2702 3024 peccata
2722 2941 2965 3005 homini
3007 2943 3303 3010 ascetico.
3338 2941 3578 3021 quique

310 3038 389 3097 de
424 3052 550 3097 una
588 3036 1004 3100 sanctimonia
1056 3040 1242 3103 nobis
1296 3042 1734 3122 persuadenda
1796 3044 2134 3120 laboraret,
2189 3045 2583 3123 ignoscenda
2630 3050 2801 3119 sunt,
2871 3051 2934 3106 et
2984 3059 3151 3123 saepe
3208 3042 3361 3105 illud
3395 3044 3575 3122 cogi-

308 3136 596 3211 tati-lum,
646 3137 817 3217 quod
856 3139 1014 3201 mihi
1060 3140 1253 3206 libros
1292 3143 1472 3207 istius
1520 3144 1920 3224 potissimum
1970 3147 2220 3225 generis
2247 3146 2539 3210 tractanti
2595 3161 2629 3206 e
2680 3144 3123 3222 grammaticis,
3162 3144 3396 3224 quibus
3420 3158 3581 3225 puer

312 3256 451 3300 sum
501 3238 803 3317 imbutus,
871 3242 1242 3323 frequenter
1282 3244 1444 3307 solet
1498 3261 1857 3322 occurrere,

1221 3369 1302 3425 Tu
1351 3371 1584 3426 vivendo
1616 3372 1812 3436 bonos,
1838 3371 2140 3427 scribendo
2174 3387 2410 3442 sequare
2438 3371 2672 3441 peritos.

315 3487 609 3558 Quintum
661 3487 889 3549 librum
955 3506 1296 3567 paucarum
1348 3489 1745 3569 paginarum,
1794 3508 1912 3553 nec
1948 3490 2262 3570 capitibus
2317 3490 2706 3562 distinctum,
2757 3504 2900 3551 cum
2968 3493 3197 3567 quarto
3252 3486 3575 3567 conjunxi.

316 3587 508 3649 Notas
561 3588 627 3649 in
673 3588 958 3666 margine
1022 3597 1128 3651 aut
1174 3606 1209 3652 a
1252 3591 1483 3664 Psello,
1535 3598 1641 3654 aut
1681 3611 1714 3654 a
1766 3591 2039 3656 Phialito
2092 3611 2234 3657 cum
2272 3595 2379 3656 SS.
2438 3594 2557 3656 PP.
2603 3592 2931 3655 sententiis
2960 3591 3279 3672 appositas
3306 3591 3370 3653 iu
3416 3608 3577 3655 con-

315 3698 560 3750 textum
610 3691 849 3771 recepi,
908 3691 1160 3755 delectu
1238 3702 1447 3759 tamen
1512 3694 1753 3768 habito,
1817 3705 1880 3759 et
1932 3697 2181 3761 diverso
2249 3697 2614 3761 charactere
2681 3695 3030 3777 expressi“
3076 3734 3092 3751 .
3149 3696 3288 3757 Non
3356 3712 3578 3776 parum

316 3795 558 3874 quippe
602 3792 759 3855 lucis
801 3800 864 3855 et
928 3795 1147 3874 gratim
1205 3796 1329 3877 ipsi
1367 3798 1548 3877 Operi
1611 3796 1891 3860 allatura)
1956 3798 2354 3861 videbantur.
2396 3800 2624 3860 Versus
2676 3797 2821 3859 illos
2877 3796 3195 3877 politicos,
3261 3812 3342 3858 ne
3391 3815 3581 3859 mon-

319 3903 515 3957 strum
574 3895 850 3961 facerem
906 3906 969 3962 et
1011 3899 1148 3963 aliis
1191 3900 1270 3964 de
1350 3902 1557 3965 causis
1610 3918 1740 3965 non
1820 3902 2058 3966 addidi.
2112 3906 2262 3977 Quae
2328 3902 2438 3964 lib.
2503 3919 2574 3974 Il,
2645 3918 2787 3981 cap.
2867 3899 2961 3975 l2,
3020 3918 3099 3963 ex
3168 3902 3576 3973 Damasceno,

322 4007 384 4060 et
414 4001 694 4079 ejusdem
752 4002 895 4065 libri
925 4021 1068 4082 cap.
1129 4003 1199 4067 16
1252 4010 1315 4068 et
1359 4005 1427 4068 17
1491 4005 1695 4069 fusius
1749 4005 2177 4084 adducuntur,
2238 4025 2313 4070 ea
2367 4025 2445 4068 ex
2520 4004 2973 4083 interpretibus
3035 4002 3284 4063 illorum
3341 4004 3581 4061 libian-

323 4106 711 4167 numeranda
770 4105 1159 4170 censuimus.
1208 4108 1390 4172 Nunc
1459 4116 1531 4171 ut
1575 4110 1789 4174 Patres
1856 4111 2024 4188 illos,
2084 4110 2166 4174 de
2218 4110 2452 4190 quibus
2520 4108 2836 4182 dicebam,
2907 4106 3180 4177 noveris,
3228 4108 3576 4182 cataincua»

323 4210 675 4290 subjiciam.

1398 4352 1605 4397 ητιεε
1635 4355 1689 4397 IN
1712 4353 1948 4398 IAIGINI
1981 4353 2228 4396 DIOP'I‘ILE
2258 4351 2515 4393 ADDUC'I'I.

604 4473 903 4546 Gregorius
924 4474 1323 4531 Nazianzenus.
2289 4472 2616 4529 Theodorus
2639 4470 2877 4527 Studita.

609 4566 909 4639 Gregorius
934 4569 1236 4638 Nyssenus.
2285 4566 2614 4620 Anastasius
2645 4562 2876 4619 Sinaita.

605 4657 844 4713 Joannes
868 4657 1314 4731 Chrysostomus.
2288 4657 2551 4714 Isidorus.

619 4748 973 4803 Athanasius.
2284 4749 2538 4817 Ephmm
2563 4748 2753 4819 Syrus.

612 4839 683 4908 Cy
694 4840 848 4893 rillus
876 4840 1302 4897 Alexandrinus.
2278 4842 2572 4912 Dionysius
2609 4838 2958 4909 Areopagila.

630 4934 861 4989 Basilius
896 4934 1140 5004 Magnus.
2294 4933 2584 4987 Maximus.

611 5027 1054 5099 Thcopbylastus
2295 5024 2527 5080 Michael
2563 5023 2796 5080 Psellus.

616 5125 1003 5175 llatnascettus.
2289 5116 2465 5171 Nilus.

621 5214 1004 5268 'l‘bcodoretus
1028 5214 1099 5283 Cy
1110 5212 1152 5266 ri
1190 5210 1500 5282 episcopus.
2297 5211 2469 5263 Isaac.

621 5305 1000 5360 Theodoretus
1039 5305 1330 5359 lleraclete.
2294 5298 2606 5354 Carbonius
2639 5299 2756 5369 (3).

612 5397 851 5451 Joannes
880 5396 1174 5451 Clnnacus.
1187 5399 1211 5429 ⁸
2295 5391 2634 5447 Gennadius.

395 5565 425 5597 ξ
467 5560 607 5619 Quod
664 5568 804 5608 err'e
842 5572 1011 5623 parum
1065 5560 1295 5623 consulte
1340 5565 1392 5607 ct
1435 5572 1531 5623 non
1580 5559 1689 5607 sine
1728 5570 1911 5623 magno
1960 5556 2173 5605 studiosi
2208 5558 2411 5623 lectoris
2435 5556 2745 5607 incommo:'o
2788 5558 2964 5607 {aetum
3006 5564 3102 5607 est.
3136 5558 3294 5607 Afiam
3330 5557 3448 5623 viam
3483 5555 3585 5604 inii-

337 5634 446 5671 mus
480 5635 492 5668 :
538 5631 591 5669 ut
631 5630 800 5670 textus
844 5619 908 5669 ab
944 5623 1019 5668 bis
1062 5619 1286 5668 insititiis
1307 5622 1532 5671 sentibus
1572 5621 1919 5681 expediretur,
1949 5632 2174 5681 gonmem
2198 5619 2493 5667 arhodorizm
2545 5630 2833 5680 appuatum
2905 5623 3196 5671 statuimus
3267 5629 3317 5668 et
3361 5619 3419 5665 ad
3459 5630 3594 5666 oratu

334 5684 627 5734 interiorem
673 5698 962 5747 paginarum
1006 5682 1386 5743 amandavimus,
1427 5678 1653 5732 stellujs
1692 5678 1990 5731 remissoriis
2035 5681 2083 5729 in
2109 5687 2250 5729 textu
2311 5681 2500 5740 positis.
2538 5678 2672 5732 Lais.
2719 5683 2867 5731 Pun.
