4130 6202
440 242 447 253 ⁷
510 264 611 327 un
1735 255 2082 317 PHILIPPI
2121 252 2512 315 somnum
3645 247 3751 312 703

1452 572 2243 689 MICHAELIS
2320 573 2808 689 PSELLI

1619 799 1703 859 IN
1746 796 2159 858 DIOPTRAM
2199 796 2645 857 PREFATIO.
2741 879 2761 898 .

588 1172 607 1204 ‹
640 1154 825 1208 Melius
846 1160 943 1213 est,
967 1149 1135 1219 inquit
1160 1145 1437 1216 Scriptura
1465 1146 1502 1204 '.
1525 1144 1780 1197 modicum
1796 1144 1969 1213 justo,
1996 1156 2153 1212 super
2178 1142 2387 1196 divitias
2420 1153 2750 1213 peccatorum
2781 1141 2997 1196 multas.
3026 1161 3044 1193 ι
3074 1137 3255 1193 Melius
3276 1140 3437 1211 igitur
3462 1141 3624 1195 etiam
3645 1156 3764 1194 vera

508 1244 730 1296 dicendo
758 1242 1039 1302 balbutire,
1066 1254 1229 1309 quam
1261 1235 1560 1290 mentiendo
1603 1233 1844 1288 Platonis
1864 1234 2071 1304 copiam
2103 1241 2150 1287 et
2175 1234 2493 1304 gravitatem
2517 1236 2829 1306 exprimere.
2859 1234 3037 1304 Neque
3067 1232 3202 1285 enim
3222 1241 3344 1284 tunc
3364 1231 3765 1286 admirationem

514 1341 745 1385 meretur
767 1331 962 1393 oratio,
989 1344 1106 1382 cum
1130 1329 1396 1398 proﬂuens
1420 1333 1573 1378 extra
1598 1322 1789 1377 limites
1823 1326 2018 1394 fertur,
2090 1322 2183 1376 sed
2213 1339 2333 1377 cum
2356 1323 2682 1395 longitudine
2720 1326 2947 1389 modica,
2975 1326 3250 1378 sententiis
3284 1324 3564 1378 abundans
3592 1343 3654 1378 ac
3682 1326 3764 1377 di-

520 1442 605 1480 ves
630 1425 807 1493 fuerit,
838 1424 972 1477 etin
1002 1422 1276 1484 brevitate,
1328 1420 1720 1490 perspicuitate,
1766 1418 2157 1488 venustatisque
2190 1417 2452 1489 neglectu,
2506 1419 2644 1487 quod
2690 1422 2982 1474 necessario
3029 1420 3348 1473 tradendum
3397 1428 3492 1481 est,
3533 1418 3769 1488 quodque

521 1533 641 1570 cum
678 1518 732 1569 in
770 1516 889 1584 ipsa
920 1514 1185 1576 doctrina,
1234 1512 1426 1564 tumin
1458 1510 1686 1563 moribus
1711 1508 1972 1579 splendet,
2015 1509 2469 1579 comprehenderit
2500 1518 2659 1580 atque
2690 1511 2747 1564 in
2785 1512 3019 1565 medium
3049 1508 3351 1581 protulerit.
3397 1528 3416 1560 ε
3453 1508 3768 1578 Spirituulia

515 1615 886 1682 comparantes
909 1615 956 1660 et
976 1606 1326 1677 diiudicantes
1346 1606 1389 1668 ',
1420 1622 1438 1653 ι
1469 1612 1523 1655 ut
1547 1618 1826 1657 sacrarum
1842 1602 2169 1657 Litterarum
2193 1618 2296 1658 non
2340 1603 2541 1674 ignari,
2562 1613 2613 1657 et
2641 1604 2870 1675 probati,
2900 1606 3043 1658 haud
3075 1606 3323 1668 nitidam,
3346 1602 3533 1674 ﬁguris
3558 1602 3767 1658 involu-

520 1713 654 1766 tam,
706 1699 1035 1763 tornatilem,
1065 1709 1112 1749 et
1149 1697 1212 1749 ab
1241 1696 1469 1762 artificio
1498 1695 1792 1765 profectam
1828 1696 2281 1766 compositionem,
2306 1696 2688 1768 verborumque
2737 1708 3061 1753 ornamenta.
3087 1699 3163 1767 (in
3190 1698 3374 1768 quibus
3415 1713 3771 1769 sa'penumero

516 1794 781 1865 exquisita
813 1792 1019 1846 dicendi
1044 1791 1351 1844 exercitatio
1380 1789 1713 1842 mendacium
1749 1786 2000 1856 occultat,
2028 1806 2130 1859 quo
2160 1790 2548 1845 inconsiderate
2575 1790 2823 1861 legentes,
2854 1807 2947 1846 nec
2971 1792 3108 1847 lecta
3142 1794 3462 1847 excutientes
3484 1792 3771 1845 detrimeuo

515 1903 627 1948 tose
664 1892 1022 1960 irretiuntur).
1054 1906 1237 1945 verum
1267 1888 1574 1952 illustrataa,
1603 1898 1649 1942 et
1681 1889 1995 1961 evangelicis
2024 1889 2257 1944 oraculis
2297 1889 2652 1959 confirmatae,
2679 1901 2728 1945 et
2755 1906 3063 1962 quanquam
3086 1907 3190 1944 non
3213 1890 3327 1943 sine
3356 1887 3694 1942 barbarismis
3719 1895 3771 1941 et

512 1977 827 2041 solmcismis’
845 1985 1229 2055 pronuntiata,
1254 1984 1491 2037 veritatis
1522 1986 1816 2036 orationem
1851 1983 2176 2038 desidera’nt.
2215 1983 2395 2048 Quare
2445 1985 2745 2055 quicunque
2767 1987 2870 2039 ista
2901 1983 3151 2051 ﬁdeliter,
3182 1981 3334 2036 nulla
3361 1982 3587 2045 invidia,
3621 1981 3770 2036 nulla

521 2080 852 2140 curiositate,
886 2078 1020 2130 citra
1049 2089 1256 2129 omnem
1304 2073 1699 2128 simulationem
1729 2074 2077 2145 fraudemque
2117 2074 2322 2146 legerit,
2368 2077 2423 2131 in
2444 2078 2625 2147 paucis
2675 2092 2769 2131 nec
2800 2077 3030 2131 obscuris
3075 2074 3598 2145 interrogationibus,
3632 2088 3771 2144 pra:-

516 2174 679 2243 ceptis
709 2182 757 2225 et
780 2169 1221 2241 responsionibus,
1247 2182 1365 2235 qua:
1402 2168 1618 2222 diversis
1668 2169 1910 2223 cetatibus
1934 2187 1966 2222 a
1996 2169 2293 2224 doctoribus
2320 2167 2566 2223 Ecclesia:
2592 2168 2864 2223 catholica:
2930 2176 3190 2238 tanquam
3218 2167 3453 2237 ejusdem
3485 2166 3770 2220 luminibus

511 2280 577 2319 ac
594 2262 855 2318 sideribus
878 2278 1037 2323 super
1057 2261 1367 2314 necessariis
1397 2259 1708 2328 quibusdam
1739 2257 1865 2327 ﬁdei
1906 2266 2100 2312 nostra:
2132 2259 2391 2329 capitibus
2416 2258 2646 2312 dilucide
2680 2261 2903 2329 quazsita
2953 2268 3002 2311 et
3032 2258 3322 2327 explanata
3349 2265 3493 2319 sunt,
3527 2257 3771 2311 inveniet.

514 2357 649 2422 Quae
673 2356 880 2428 quidem
907 2356 1080 2409 studio
1103 2363 1150 2408 et
1168 2352 1350 2408 labore
1378 2368 1483 2407 non
1513 2354 1727 2407 minimo
1757 2353 2121 2406 sanctissimus
2149 2351 2422 2406 solitarius
2445 2350 2743 2422 Philippus,
2767 2351 2837 2405 ad
2858 2350 3262 2418 aediﬁcationem
3286 2356 3335 2403 et
3355 2346 3641 2403 utilitatem
3659 2345 3770 2400 sal-

517 2453 635 2504 uari
661 2450 1013 2520 cupientium,
1047 2450 1101 2501 in
1130 2461 1296 2500 unum
1317 2460 1505 2515 corpus
1531 2442 1767 2525 collegit.
1784 2444 1890 2499 Nec
1915 2446 2013 2498 illa
2049 2443 2219 2498 solum
2245 2460 2363 2510 quae
2386 2442 2451 2498 ab
2477 2443 2724 2499 Ecclesia:
2755 2445 3022 2514 magistris
3041 2445 3260 2513 scripta,
3286 2442 3385 2496 sibi
3414 2441 3771 2513 conquirenda

518 2545 669 2597 ducit
700 2543 829 2597 :scd
861 2540 1028 2593 multa
1063 2540 1279 2608 insuper
1300 2537 1363 2591 ob
1391 2554 1448 2591 se
1469 2539 1680 2591 inventa
1731 2546 1780 2590 et
1812 2538 2109 2607 excogitata
2157 2536 2567 2592 orthodoxorum
2596 2537 2983 2607 proborumque
3029 2535 3223 2598 animis
3273 2533 3537 2588 salutaria
3561 2532 3773 2599 adiecit.

516 2638 707 2706 Itaque
736 2638 787 2689 in
814 2636 909 2688 hoc
926 2649 1086 2704 scopo
1116 2649 1179 2687 ac
1207 2632 1315 2700 ﬁne
1335 2633 1508 2686 cordis
1534 2630 1745 2686 oculum
1781 2630 2009 2702 deﬁgere
2053 2637 2280 2701 oportet.
2314 2629 2499 2686 Oratio
2528 2647 2757 2699 namque
2775 2638 3068 2694 structura,
3103 2631 3384 2693 varietate,
3415 2627 3697 2697 festivitate
3726 2635 3775 2679 et

517 2730 782 2800 elegantia
814 2730 1203 2799 quodammodo
1235 2729 1646 2797 transformata,
1673 2727 1979 2779 tractationi
2001 2726 2284 2795 proposita:
2319 2725 2699 2790 incommodet,
2735 2725 2859 2778 dum
2912 2724 3136 2777 latenter
3180 2734 3359 2777 eorum
3387 2736 3503 2793 qua:
3535 2721 3780 2791 leguntur

517 2822 930 2891 intelligentiam
956 2822 1205 2891 surripit,
1231 2830 1278 2874 et
1306 2820 1482 2891 oﬂ'usis
1509 2817 1738 2871 tenebris
1770 2832 1879 2870 rem
1904 2818 2078 2886 ipsum
2102 2818 2394 2887 perspicere
2422 2833 2485 2871 ac
2506 2827 2790 2887 penetrare
2818 2826 2983 2871 vetat.

594 2913 764 2968 Porro
798 2917 1137 2986 semetipsum
1189 2914 1414 2985 alloqui,
1461 2924 1510 2968 et
1537 2932 1631 2986 per
1686 2914 2106 2986 prosopopmiam
2141 2914 2259 2981 (hoc
2292 2919 2394 2976 est,
2449 2927 2688 2982 persona:
2739 2909 3024 2980 ﬁctionem)
3054 2911 3293 2963 animam
3341 2908 3690 2974 interrogare,
3730 2911 3780 2954 et

519 3022 731 3060 rursum
797 3007 956 3062 dubia
1039 3022 1133 3061 seu
1196 3007 1428 3077 difﬁcilia
1493 3007 1701 3062 sibimet
1759 3005 2045 3059 dissolvere
2088 3042 2104 3069 ,
2184 3012 2297 3057 tum
2320 3004 2385 3057 iis
2445 3005 2535 3072 qui
2586 3002 2680 3057 sub
2735 3002 2845 3075 lege
2918 3003 3137 3072 antiqua
3166 3041 3180 3065 ,
3228 3009 3345 3053 tum
3400 2999 3463 3051 iis
3530 2995 3619 3066 qui
3683 2995 3779 3047 sub

518 3100 697 3168 gratia
756 3099 930 3153 vivunt
973 3100 1342 3170 vixeruntque,
1380 3098 1613 3153 solemne
1668 3107 1716 3151 et
1770 3097 2176 3179 usitatum’est.
2226 3116 2244 3147 ε
2272 3095 2518 3161 Benedic,
2564 3097 2746 3150 anima
2800 3110 2938 3152 mea.
2965 3093 3209 3157 Domino,
3274 3112 3293 3143 ι
3323 3094 3397 3144 ait
3438 3087 3606 3142 David
3629 3087 3678 3152 ';
3710 3092 3781 3148 et,

528 3212 545 3245 ι
589 3192 883 3257 Converte,
913 3193 1097 3247 anima
1144 3209 1258 3246 mea
1295 3233 1311 3257 ,
1342 3193 1398 3246 in
1453 3194 1685 3264 requiem
1735 3200 1883 3244 tuam
1919 3191 1962 3243 ⁸.
2004 3208 2021 3240 ι
2053 3189 2123 3243 Et
2167 3191 2230 3243 de
2276 3204 2334 3241 eo
2371 3189 2461 3256 qui
2507 3196 2623 3242 erat
2648 3189 2704 3241 in
2749 3186 2912 3241 Deum
2939 3187 3111 3247 dives,
3141 3192 3330 3239 narrat
3372 3182 3659 3242 Dominus,
3705 3178 3782 3233 ita

521 3285 773 3351 locutum,
817 3304 835 3336 ι
880 3287 1065 3340 Dicam
1092 3287 1286 3340 anima:
1309 3300 1437 3340 mea:
1467 3300 1485 3338 :
1513 3285 1731 3347 Anima,
1764 3280 1921 3336 habes
1968 3279 2137 3335 multa
2179 3280 2314 3333 bona
2342 3281 2386 3334 ⁸.
2424 3296 2444 3330 ι
2485 3278 2551 3333 Et
2600 3278 3064 3350 Hymnographus,
3097 3274 3311 3340 Anima,
3366 3288 3484 3344 qua:
3513 3273 3593 3327 hic
3636 3281 3779 3336 sunt,

524 3392 866 3453 temporanea
892 3388 1040 3436 sunt.
1063 3379 1133 3435 Et
1162 3379 1225 3433 ab
1260 3377 1381 3433 aliis
1405 3376 1516 3432 alia
1544 3377 1599 3431 id
1617 3392 1780 3448 genus
1808 3389 1949 3445 sirpe
1973 3374 2175 3445 scripta
2197 3381 2345 3427 sunt.

596 3537 613 3569 ι
652 3535 795 3590 l‘sal.
829 3550 1014 3597 suam,
1049 3534 1139 3589 16.
1215 3535 1236 3565 ⁸
1267 3533 1287 3589 Ι
1322 3533 1447 3587 Cor.
1480 3549 1540 3589 ιι.
1620 3533 1640 3564 ³
1669 3531 1812 3588 Psul.
1849 3549 1941 3592 cu,
1972 3532 2023 3586 1.
2101 3531 2122 3561 ⁸
2151 3527 2227 3583 Ps:

1442 3572 1447 3585 .
1480 3549 1540 3589 ιι.
1620 3533 1640 3564 ³
1669 3531 1812 3588 Psul.
1849 3549 1941 3592 cu,
1972 3532 2023 3586 1.
2101 3531 2122 3561 ⁸
2151 3527 2293 3583 Paul.
2325 3543 2470 3593 cuv,
2519 3530 2565 3584 ι.
2642 3528 2662 3560 ⁵
2690 3528 2822 3586 Luc.
2857 3547 2954 3598 xu,
2988 3530 3013 3585 1
3057 3568 3073 3585 .

1205 3732 1518 3746 ..Μ

1527 3731 1850 3743 ’κ’-*υ*

1545 3907 2181 4002 ΡΒλἘΡΑΊἸΟ
2254 3908 2804 4004 PHIALITI

595 4105 801 4184 Super
844 4102 1288 4168 emendatione
1324 4104 1625 4184 Dioptm,
1668 4120 1891 4186 quam,
1924 4102 2174 4167 hortata
2212 4103 2563 4167 beatisrimi
2591 4100 2901 4188 Dionysii,
2947 4110 3367 4190 metropolitte
3394 4107 3750 4191 Mitylenes,

1197 4228 1391 4293 domo
1424 4231 1901 4306 Peloronnesii,
1936 4240 1999 4295 et
2034 4239 2460 4311 cognomento
2510 4234 2778 4310 Euzoiti,
2818 4228 3125 4315 Suscepit.

2112 4421 2186 4433 μ’...

613 4550 868 4607 Volumen
894 4552 1007 4616 hoc,
1032 4551 1619 4624 Diomminscriptum,
1649 4569 1679 4605 a
1718 4552 1984 4626 Philippo,
2016 4560 2124 4611 viro
2151 4540 2506 4622 sanctissimo,
2541 4560 2885 4628 compositum
2919 4573 3049 4623 esse,
3098 4573 3316 4629 eumque
3370 4556 3710 4612 suadentibus
3740 4566 3791 4612 et

531 4643 862 4701 hortantibus
888 4650 1161 4711 parentem
1187 4652 1236 4695 et
1289 4643 1751 4709 obsecundantem,
1793 4661 1897 4698 non
1929 4658 2114 4718 suapte
2147 4660 2275 4702 nutu
2303 4666 2364 4702 ac
2386 4646 2658 4702 voluntate
2676 4650 2730 4702 id
2781 4650 3082 4717 confecisse,
3139 4660 3196 4704 ut
3222 4666 3316 4720 per
3336 4666 3393 4703 se
3412 4649 3532 4721 jam
3583 4658 3787 4714 notum,

532 4747 637 4788 non
675 4745 747 4789 est
771 4734 853 4788 hic
874 4733 1138 4789 verbosius
1155 4741 1494 4789 assereudum
1516 4751 1533 4789 :
1553 4735 1822 4807 Philippo,
1846 4739 2085 4808 inquam,
2118 4741 2208 4810 qui
2233 4741 2554 4810 temporibus
2582 4741 2765 4811 magni
2794 4741 3136 4812 imperatoris
3158 4742 3353 4806 Alexii‘,
3378 4744 3551 4798 instar
3585 4741 3791 4795 corusci

532 4824 747 4881 luminis
766 4827 974 4882 virtutis
1001 4826 1251 4883 claritate
1277 4828 1491 4900 effulsit.
1522 4829 1670 4883 Illud
1703 4847 1910 4901 quoque
1931 4842 2133 4888 certum
2167 4844 2266 4899 est,
2291 4837 2464 4906 ipsum
2508 4835 2829 4900 abundasse,
2861 4845 2912 4891 et
2943 4838 3028 4891 hic
3065 4842 3228 4892 etiam
3263 4837 3539 4894 abundare
3574 4838 3788 4907 optimis

532 4933 597 4973 ac
616 4917 945 4974 salutaribus
969 4920 1497 4976 commentationibus
1522 4931 1681 4991 atque
1703 4924 1978 4978 sententiis
2012 4939 2030 4978 :
2066 4941 2198 4996 quas
2226 4930 2422 4995 partim
2450 4943 2476 4981 e
2500 4926 2780 4999 Scriptura
2795 4936 2980 4982 sancta
3010 4929 3265 4984 derivavit
3323 4932 3521 5001 partim
3548 4946 3611 4984 ea:
3633 4944 3793 4989 semet

530 5010 853 5082 deprompsit
884 5028 946 5065 ac
965 5012 1203 5082 digessit.
1228 5011 1520 5079 Caterum,
1546 5013 1686 5083 quod
1710 5014 1780 5067 ad
1804 5015 2048 5069 dictionis
2070 5015 2388 5087 elegantiam
2412 5026 2459 5071 et
2481 5017 2789 5073 elocutionis
2820 5018 3065 5091 leporem,
3083 5021 3488 5075 concinnitatem
3516 5037 3580 5074 ac
3604 5034 3793 5073 nume-

533 5121 653 5159 rum
688 5107 898 5171 attinet,
944 5122 1048 5159 non
1087 5106 1214 5160 bene
1241 5121 1295 5161 se
1323 5122 1404 5160 res
1429 5107 1671 5173 habebat,
1700 5111 1839 5180 quod
1865 5109 2103 5163 videlicet
2130 5109 2293 5165 Pater
2321 5110 2411 5165 ille
2444 5111 2793 5167 admirandus
2818 5114 2946 5180 hwc,
2975 5123 3029 5166 ut
3059 5122 3303 5183 apparet,
3354 5115 3409 5167 in
3438 5113 3669 5168 minimis
3699 5113 3796 5165 du-

532 5207 671 5254 ceret
689 5215 707 5254 :
725 5200 788 5254 de
814 5199 929 5253 sola
952 5202 1171 5254 veritate
1188 5199 1522 5270 utilitateque
1538 5202 1809 5255 hominum
1829 5202 2120 5269 laboraret,
2143 5219 2248 5271 qua
2267 5203 2400 5258 nihil
2414 5203 2704 5274 pulchrius,
2740 5203 2874 5258 nihil
2898 5203 3237 5274 fructuosius,
3265 5220 3328 5258 nc
3344 5205 3461 5276 ipsa
3482 5205 3689 5276 quidem
3711 5209 3795 5262 vel

532 5295 793 5364 sapientia
811 5293 1070 5356 Platonis,
1090 5293 1170 5348 vel
1187 5293 1483 5365 eloquentia
1498 5294 1881 5359 Demosthenis,
1902 5294 1984 5349 vel
1998 5296 2231 5366 gravitas
2248 5294 2582 5368 Thucydidis.
2605 5295 2743 5361 Quid
2760 5298 2898 5351 enim
2912 5298 3021 5352 hare
3040 5299 3216 5351 omnia
3229 5306 3374 5358 sunt,
3393 5295 3440 5350 si
3453 5312 3571 5350 cum
3587 5304 3798 5349 senten-

538 5385 624 5439 tiis
646 5386 781 5438 hisce
811 5385 1101 5438 lectissimis
1134 5394 1509 5455 comparentur
1534 5384 1730 5448 τρειοά
1762 5401 1867 5439 non
1887 5388 2158 5456 ignorant,
2179 5388 2269 5457 qui
2292 5403 2380 5440 eas
2412 5396 2628 5440 norunt.
2650 5386 2756 5442 Sed
2785 5390 3036 5442 hactenus
3066 5390 3171 5443 ista
3215 5388 3316 5459 fuit
3349 5389 3505 5456 huius
3532 5388 3652 5442 libri
3673 5403 3797 5441 con-

539 5477 691 5541 ditio,
723 5477 1164 5548 pulchritudoque
1195 5477 1429 5548 Dioptra!
1466 5479 1874 5544 sententiarum,
1913 5489 2106 5534 cattera
2130 5480 2274 5534 haud
2289 5496 2418 5534 sane
2444 5479 2667 5551 pulchra
2708 5479 2980 5535 videbatur
3006 5497 3024 5536 :
3048 5482 3141 5536 sed
3167 5490 3284 5536 erat
3330 5497 3465 5535 auro
3490 5481 3690 5551 frustra
3732 5492 3797 5532 ac

546 5581 739 5623 temere
768 5570 1001 5639 projecta
1030 5569 1248 5635 similis;
1296 5582 1386 5625 aut
1412 5570 1491 5641 (ut
1515 5570 1623 5625 alio
1640 5570 1879 5641 exemplo
1901 5589 2011 5626 rem
2028 5571 2376 5640 declaramus)
2396 5572 2578 5626 arbori
2595 5572 2836 5642 speciosis
2853 5574 3059 5643 quidem
3083 5576 3250 5644 pomis
3266 5574 3500 5646 gravida:
3524 5585 3573 5627 et
3595 5580 3798 5627 onustae

548 5659 635 5714 sed
659 5658 796 5727 {aliis
818 5676 1078 5723 nusquam
1111 5663 1339 5715 comanti
1369 5670 1417 5713 et
1462 5662 1654 5714 idcirco
1688 5663 1757 5715 ad
1780 5672 2045 5733 aspectum
2079 5662 2340 5717 indecora'
2364 5680 2426 5717 ac
2481 5665 2785 5719 invenustae.
2832 5663 3001 5720 Porro
3059 5665 3224 5721 bonus
3283 5666 3585 5720 Lcsbiarum
3616 5672 3799 5737 pastor
