4130 6202
377 250 489 315 709
864 254 875 263 ’
1830 261 2185 323 ΒΙυΡΤΒΑ.
3545 287 3649 348 τω

380 366 681 436 Dionysius,
706 383 824 421 cum
855 366 908 420 in
943 366 1129 419 librum
1158 368 1249 425 sic.
1296 376 1349 421 ut
1373 368 1622 433 diximus,
1661 375 1934 425 habentem
1961 373 2251 432 incidisset.
2303 374 2378 427 ita
2432 375 2782 432 incorrectum
2832 389 2880 434 et
2909 381 3188 450 informem
3251 387 3650 460 relinquendum

378 471 482 508 non
516 459 742 523 putavit,
772 473 862 511 nec
915 458 1128 527 reliquit
1161 474 1179 511 :
1211 458 1303 511 sed
1346 474 1602 528 germana
1642 469 1700 543 ,ει
1747 462 1988 532 diligenti
2021 479 2182 535 opera
2214 474 2396 517 nostra
2430 466 2632 521 debitas
2660 471 2709 522 ei
2738 476 3129 530 emendationes
3168 458 3429 537 adhibuit.
3463 484 3652 549 Quan-

379 560 488 603 'um
520 560 776 620 quantum
810 553 951 604 enim
979 560 1086 603 toto
1113 567 1267 619 opere
1287 553 1609 605 salebrosum
1634 563 1682 606 et
1699 553 1955 607 absonum
1987 566 2124 621 erat,
2166 573 2258 609 ceu
2312 559 2605 611 marcidum
2629 563 2894 629 quoddam
2921 569 3123 620 senium
3172 572 3281 623 sive
3303 576 3463 627 silum
3486 578 3650 632 abra-

372 643 503 695 dens
536 646 687 712 quasi
722 659 913 695 novum
974 658 1037 695 ac
1065 652 1298 712 vegetum
1330 645 1601 713 prwstitit,
1639 644 1851 715 repulsa
1874 645 1997 700 inde
2028 649 2172 701 omni
2199 651 2466 715 barbarie,
2516 662 2564 704 et
2595 652 2849 722 quidquid
2902 657 2956 708 in
2980 664 3345 718 consecutione
3386 673 3651 724 orationis

374 735 615 789 vitiosum
642 744 796 798 erat;
836 744 1047 792 contra.
1083 738 1277 799 nitore,
1329 737 1773 800 concinnitudine,
1832 741 2227 809 compositione.
2255 751 2501 813 certaque
2535 760 2874 800 numerorum
2909 750 3271 808 moderatione
3322 758 3565 826 inducta,
3596 774 3646 817 et

374 833 565 898 ubique
596 830 710 882 luce
737 830 1130 899 perspicuitatis
1160 830 1337 883 illata.
1369 831 1430 883 In
1471 832 1620 885 rebus
1648 842 1824 885 autem
1858 834 1987 903 ipsis
2022 835 2155 889 nihil
2183 837 2264 890 vel
2294 847 2645 901 contrectant,
2698 843 2780 895 vel
2810 845 3070 909 ablatum,
3101 851 3193 903 sed
3242 856 3422 909 omnia
3453 858 3524 910 ad
3545 876 3643 912 au-

373 924 533 977 ctoris
558 921 871 975 memoriam
900 922 1104 988 integra
1136 930 1441 975 conserrata
1464 932 1608 977 sunt.
1639 920 1791 987 Quod
1827 922 1985 993 facile
2021 936 2315 997 cognoscet,
2348 930 2439 998 qui
2466 945 2652 983 novam
2686 932 2823 987 hanc
2847 945 2894 987 et
2928 949 3187 993 recentem
3216 942 3493 1013 Dic-ptram
3525 965 3643 1004 cum

371 1018 546 1085 prima
581 1026 629 1068 et
654 1016 817 1106 veteri
845 1013 941 1067 illa
981 1012 1234 1106 collatam
1265 1017 1598 1085 perpenderit
1623 1025 1670 1069 et
1715 1019 2062 1083 cxaminarit,
2093 1023 2251 1090 inque
2275 1022 2497 1090 singulis
2542 1039 2754 1078 sensum
2778 1027 3115 1096 ponderarit,
3140 1049 3202 1085 ac
3227 1012 3484 1106 reliquam
3514 1056 3642 1092 ora-

372 1108 531 1159 tionis
553 1105 1001 1172 vim‘explorarit.
1041 1103 1131 1159 Vel
1150 1122 1285 1159 eteco
1318 1116 1566 1178 apparet,
1605 1117 1660 1161 ut
1693 1107 1850 1163 Plato
1878 1112 1977 1165 ait.

2270 1249 3583 1280 -.__________________

773 1387 1187 1449 PHILIPPUS
1221 1387 1687 1450 SOLITARIUS.
1727 1387 2130 1455 PECCATOR,
2168 1387 2537 1447 ARIECTUS
2568 1392 2663 1448 ET
2693 1393 3187 1466 PEREGRINUS,

1386 1525 1793 1585 CALLINICO
1824 1526 2187 1583 ΜΟΝΑΕΗΟ
2218 1527 2582 1587 SALUTEM.

438 1756 698 1813 Petitioni
729 1765 855 1822 une,
893 1771 1208 1827 quanquam
1244 1756 1473 1821 invitus,
1507 1768 1732 1831 propter
1752 1758 2083 1814 obedientia:
2114 1768 2294 1814 tamen
2322 1769 2377 1814 et
2406 1760 2694 1816 charitatis
2714 1761 2954 1818 fructum
2972 1763 3293 1830 obsecutus,
3324 1774 3381 1820 et
3412 1767 3634 1836 expleto

362 1865 591 1905 munere
623 1850 769 1920 quod
807 1847 942 1903 mihi
981 1847 1314 1919 imposuisti,
1347 1851 1661 1904 venerande
1706 1850 1867 1905 Pater
1913 1851 2192 1917 fraterque
2248 1849 2534 1915 Callinicc,
2568 1852 2755 1906 omnia
2785 1853 3041 1907 versibus
3066 1856 3325 1924 politicis,
3360 1866 3417 1911 et
3469 1859 3631 1915 libris

359 1957 629 2017 quatuor,
665 1948 1042 2021 interrogandi
1075 1967 1141 2006 ac
1187 1950 1559 2022 respondendi
1597 1950 1772 2005 forma
1800 1958 2042 2013 servata,
2077 1949 2396 2018 complexus
2422 1964 2564 2002 sum.
2594 1949 2790 2004 Anima
2851 1951 3071 2019 qua-rit,
3129 1952 3271 2007 Caro
3306 1958 3625 2023 respondet.

359 2040 501 2096 Sunt.
536 2052 724 2097 autem
761 2060 849 2098 res
873 2043 1216 2113 hujusmodi,
1246 2060 1368 2114 qua:
1408 2061 1516 2100 non
1543 2043 1609 2097 ad
1644 2059 1815 2099 aures.
1844 2053 1965 2098 tuas
2022 2041 2440 2101 demnlcendas.
2473 2042 2567 2095 sed
2597 2040 2664 2095 ad
2695 2042 2932 2096 animam
2990 2043 3401 2099 exhilarandam
3441 2048 3630 2103 valere

356 2142 611 2201 possunt.
644 2132 819 2190 Hasce
846 2136 1017 2190 libros
1048 2136 1279 2206 accipe:
1334 2137 1458 2192 etsi
1497 2136 1630 2208 quid
1682 2152 1877 2207 parum
1928 2144 2358 2190 consentaneum
2401 2134 2724 2198 offenderis,
2782 2135 3071 2204 imperitiae
3095 2136 3501 2207 rusticitatique
3529 2157 3625 2196 no-

354 2231 483 2277 slrse
510 2224 724 2278 veniam
757 2224 936 2279 tribue
968 2242 983 2280 :
1011 2241 1114 2281 nec
1160 2226 1214 2280 in
1247 2226 1432 2281 verbis
1467 2227 1600 2297 ipsis
1633 2227 1879 2281 inluere:
1913 2240 2017 2281 neu
2042 2227 2379 2296 elegantiam
2415 2225 2789 2295 inelegantem
2812 2225 3104 2280 considera
3133 2229 3287 2294 (sane
3307 2230 3459 2281 enim
3482 2231 3624 2288 nihil

354 2317 408 2371 in
446 2316 533 2371 his
562 2317 667 2373 nisi
700 2317 922 2387 vulgare
957 2318 1122 2384 inest,
1158 2328 1213 2373 et
1236 2319 1435 2390 agresti
1473 2319 1688 2374 inscitia
1731 2319 1889 2390 plena
1915 2330 2046 2374 sunt
2079 2319 2312 2384 omnia),
2344 2318 2441 2373 sed
2471 2318 2758 2372 offerentis
2780 2317 3152 2373 obedientiam
3185 2334 3249 2373 ac
3280 2318 3622 2387 propositum

354 2410 707 2479 amplectere.
736 2408 892 2477 Quod
927 2412 973 2463 si
996 2410 1126 2480 quid
1168 2411 1449 2468 laudabile
1478 2413 1683 2473 dictum
1728 2414 2057 2478 occurrerit,
2081 2412 2147 2467 ad
2180 2412 2352 2466 Deum
2410 2424 2692 2467 auctorem
2729 2412 3022 2474 referatur,
3057 2411 3267 2479 illique,
3305 2421 3363 2464 ut
3399 2424 3495 2478 par
3516 2417 3621 2476 est,

356 2500 545 2556 laudes
582 2502 841 2557 dicantur
866 2512 921 2558 et
985 2504 1172 2574 gratiae
1204 2504 1536 2569 habeantur,
1573 2504 1666 2575 qui
1696 2504 1861 2559 etiam
1891 2504 2093 2559 idiotas
2123 2504 2188 2557 ad
2225 2504 2659 2558 emolumentum
2690 2503 3034 2558 audientium
3075 2505 3356 2573 sapientes
3390 2501 3572 2555 reddit
3602 2539 3621 2563 .

353 2612 367 2646 ι
394 2603 414 2649 ι
437 2597 699 2651 virtutem
727 2612 880 2651 suam
914 2597 970 2652 in
998 2595 1315 2652 inﬁrmitate
1340 2599 1561 2668 perlicit
1586 2598 1630 2652 ⁸.
1656 2599 1711 2653 Si
1747 2597 1879 2667 quid
1908 2597 2148 2652 vicissim
2174 2595 2495 2666 imperfecte
2521 2608 2573 2651 et
2606 2595 2845 2650 inaniter
2875 2596 3139 2665 scriptum
3177 2596 3474 2666 repereris,
3515 2593 3620 2647 ltu-

353 2702 534 2743 mante
583 2690 948 2746 imbecillitati
979 2690 1224 2762 ignosce,
1246 2706 1389 2760 quae,
1423 2691 1491 2745 ab
1512 2692 1858 2763 ignoratione
1904 2692 2140 2761 quadam
2174 2691 2378 2762 majore
2414 2690 2696 2761 impedita,
2730 2704 2829 2744 nec
2855 2706 2975 2760 quae
3004 2690 3195 2751 voluit,
3218 2705 3323 2745 nec
3353 2689 3619 2758 quemad-

352 2780 578 2841 modum
611 2782 784 2837 voluit
815 2782 1017 2836 litteris
1054 2781 1314 2837 mandare
1342 2782 1539 2851 potuit.
1568 2783 1633 2838 Et
1659 2784 1918 2854 quoniam
1950 2782 2378 2854 lratrumjussis
2408 2797 2529 2835 mos
2581 2784 2860 2853 gerendus
2885 2792 2989 2845 est,
3022 2782 3138 2837 inec
3189 2781 3310 2842 tibi.
3369 2780 3532 2835 Pater
3562 2790 3618 2832 ct

352 2873 567 2936 Frater.
607 2876 780 2928 multo
825 2889 949 2928 cum
982 2876 1181 2929 timore
1219 2882 1274 2929 et
1302 2874 1609 2930 reverentia
1633 2875 1961 2946 conscripsi,
1994 2891 2204 2946 proque
2243 2884 2405 2945 captu
2444 2891 2567 2928 meo
2601 2875 2896 2945 perexiguo
2924 2890 2954 2929 e
2991 2875 3165 2929 sacris
3188 2872 3495 2942 Scripturis
3523 2885 3592 2924 ne

358 2969 623 3034 cessaria,
651 2968 831 3034 utilia,
863 2978 1078 3038 tuaeque
1103 2967 1839 3028 sanctitaticonducibiliora
1888 2970 2175 3041 magisque
2214 2979 2527 3040 opportuna
2589 2968 2847 3038 decerpta
2887 2969 3063 3023 libens
3116 2968 3262 3021 misi.
3297 2964 3618 3021 Precaberis

347 3063 521 3121 Deum
548 3080 650 3133 pro
677 3079 762 3121 me
790 3064 1035 3125 assiduo,
1060 3062 1220 3117 Pater
1247 3063 1300 3116 in
1342 3064 1538 3132 primis
1565 3064 1899 3132 venerande,
1932 3080 2041 3136 quo
2075 3063 2206 3119 mihi
2248 3061 2449 3117 delicta
2478 3077 2597 3117 mea
2635 3060 3024 3116 condonentur
3050 3078 3064 3116 :
3097 3070 3174 3127 ut,
3197 3058 3440 3114 cwlestia
3472 3056 3615 3111 bona

345 3166 700 3219 consecutus.
726 3170 893 3228 regno
924 3154 1019 3210 illo
1035 3154 1243 3226 perfrui
1263 3169 1482 3225 queam.

454 3294 477 3328 ί
504 3294 522 3348 1
560 3294 687 3351 Cur.
721 3311 817 3353 xu.

1586 3521 1775 3578 lDl'IM
1817 3520 1913 3578 AD
1947 3517 2361 3574 LECTOREM.

420 3644 498 3699 Ad
528 3644 683 3696 rudes
720 3657 811 3712 ego
846 3640 991 3695 rudis
1015 3653 1121 3709 qua
1143 3652 1358 3709 possum
1380 3635 1637 3705 facultate
1662 3637 1880 3700 dissero,
1913 3650 2103 3705 eosque
2154 3650 2248 3701 pro
2272 3631 2412 3688 virili
2435 3648 2552 3686 mea
2582 3630 2862 3693 admoneo,
2893 3637 2940 3683 et
2962 3630 3162 3696 hortor,
3190 3642 3240 3684 et
3300 3642 3409 3686 tam
3439 3652 3602 3689 siccu-

344 3739 567 3798 laribus.
592 3753 749 3806 quam
773 3734 1077 3790 monasticis
1113 3729 1412 3786 hontinibus
1441 3745 1632 3783 munus
1658 3730 1895 3799 ipsorum
1916 3727 1970 3781 in
1992 3733 2221 3782 mentem
2250 3741 2432 3780 revoco
2462 3741 2706 3778 sermone
2722 3742 2939 3795 prorsus
2959 3728 3239 3797 imperitis,
3258 3736 3313 3780 ut
3339 3744 3431 3796 ego
3449 3747 3565 3781 sum
3586 3746 3605 3793 ,-

340 3846 510 3899 neque
548 3830 619 3882 ad
652 3828 951 3898 faciendam
973 3827 1292 3888 orationem,
1340 3824 1613 3892 ipsamque
1650 3827 1822 3874 artem
1848 3819 2121 3889 propensis
2151 3834 2315 3888 neque
2338 3819 2611 3873 rhetorum
2637 3820 2950 3873 cximiorum
2985 3827 3033 3871 et
3065 3819 3295 3873 scientia:
3322 3822 3604 3889 magistro-

340 3942 461 3979 rum
510 3925 729 3995 cupidis.
766 3924 936 3989 Atque
982 3921 1104 3974 hinc
1136 3925 1213 3972 est
1260 3916 1400 3986 quod
1452 3923 1767 3977 remorata,
1814 3921 1863 3967 et
1913 3912 2367 3983 reprehensionem
2420 3927 2601 3966 eorum
2632 3929 2735 3966 non
2789 3914 2993 3979 horreo,
3038 3915 3126 3983 qui
3158 3913 3387 3969 alierum
3424 3916 3605 3982 lapsus

338 4017 565 4072 irridere
612 4022 1012 4069 consueverunt.
1038 4010 1143 4066 Sed
1163 4008 1303 4082 quod
1333 4008 1507 4079 potius
1531 4004 1697 4071 soleo,
1725 4004 1782 4065 id
1809 4005 1960 4072 sapio
1989 4013 2040 4059 et
2069 4004 2277 4075 loquor.

342 4175 650 4192 ερ-ε-ν--υ-

971 4335 1636 4453 ΒΙΟΡΤΡιίΕ
1720 4336 1951 4450 REI
2034 4331 2968 4448 CHRISTIANIE

1496 4575 1853 4664 LIBER
1936 4573 2424 4665 PRIMUS.

838 4932 922 4985 CA
933 4930 1063 4987 PUT
1104 4929 1396 4988 PRIMUM.

334 5022 617 5093 I’erspicue
656 5024 1074 5093 demonstratur,
1118 5020 1275 5090 fidem
1324 5018 1566 5088 operibus
1601 5019 1907 5072 destitutam

909 5091 1040 5144 nihil
1077 5093 1338 5161 prodesse.

597 5209 795 5266 Astus.
831 5204 1131 5275 discipula;
1162 5205 1329 5268 Cano,
1366 5204 1648 5275 magistra.

397 5302 595 5355 Astus.
644 5298 887 5367 Tempus
935 5298 1223 5366 antiquum
1268 5306 1375 5358 cst,
1424 5297 1534 5350 imo
1588 5292 1907 5363 antiquissi-

327 5410 499 5457 mum,
530 5409 641 5460 quo
676 5406 779 5445 nos
820 5391 892 5445 ab
934 5391 1180 5444 omnium
1217 5389 1527 5445 Conditore
1558 5403 1622 5442 ac
1655 5386 1900 5457 principe

322 5486 601 5542 fabricata:
632 5499 844 5546 sumus,
889 5498 1058 5537 unum
1092 5483 1293 5536 animal
1339 5484 1527 5546 homo,
1560 5497 1628 5535 ex
1664 5490 1899 5547 utroque

326 5577 556 5639 mundo,
586 5576 815 5629 mistura
846 5589 909 5630 ac
943 5581 1437 5643 temperamentum
1469 5572 1896 5626 nobilissimum.

326 5671 440 5740 Ego
470 5683 601 5725 vero
637 5684 813 5740 usque
842 5669 894 5722 in
938 5668 1083 5721 hunc
1119 5665 1264 5720 diem
1295 5664 1433 5718 nihil
1472 5681 1536 5720 ex
1571 5675 1620 5720 te
1654 5678 1893 5734 peremt-

2017 4933 2355 4989 ctata,nune
2396 4928 2634 4999 primum
2665 4927 2889 4983 domina
2925 4927 3182 4982 famulam
3215 4927 3569 4997 interrogatio

2017 5017 2060 5071 T
2066 5033 2099 5069 ιι
2137 5027 2190 5071 te
2222 5018 2396 5088 erige.
2442 5027 2498 5073 et
2542 5019 2681 5073 doce
2726 5019 3000 5086 alacriter,
3035 5018 3282 5087 mihique
3316 5018 3585 5073 desidiam

2014 5110 2344 5177 praeteritam
2371 5110 2611 5177 ignosce.

2081 5198 2248 5255 Cano.
2278 5204 2360 5256 An
2387 5218 2508 5272 ego,
2541 5202 2688 5271 quod
2722 5203 2983 5273 imperas,
3011 5201 3324 5258 detrectare
3354 5202 3591 5273 queant?

2014 5292 2228 5345 tametsi
2264 5292 2339 5345 ita
2363 5294 2578 5346 erudita
2612 5309 2718 5348 non
2749 5309 2893 5359 sum,
2916 5303 2976 5349 ut
3004 5294 3104 5349 tibi
3129 5293 3355 5364 quidem
3377 5295 3587 5349 videor.

2081 5383 2282 5438 ΑΝΙΜΛ.
2313 5384 2383 5439 At
2434 5384 2581 5438 enim
2634 5400 2735 5439 nec
2767 5400 2868 5452 ego
2904 5387 3102 5441 artium
3138 5385 3447 5456 disciplinis
3482 5387 3584 5441 im-

2008 5477 2137 5532 buta
2173 5494 2294 5532 sum
2366 5476 2619 5548 Loquere
2673 5478 2862 5548 igitur,
2901 5489 2958 5533 et
3004 5479 3155 5535 omni
3204 5479 3383 5548 posito
3412 5491 3586 5549 metu,

2008 5572 2299 5638 responde,
2326 5570 2665 5639 qua-simque
2691 5585 2808 5624 mea
2842 5580 3091 5641 prompte
3114 5570 3375 5624 dissolve.

2075 5660 2241 5714 Cano.
2308 5648 2569 5717 Auéculta
2625 5675 2784 5733 ergo,
2824 5672 2881 5718 et
2930 5664 3095 5719 dictis
3150 5664 3294 5719 meis
3335 5659 3558 5717 attende
