4130 6202
432 230 440 238 ’
497 278 598 346 711

1758 268 2098 332 PHILIPPI
2141 266 2533 330 SOLITARII

3659 265 3765 334 712

500 393 892 460 Smpenumero
918 397 948 439 ι
988 379 1364 451 compluribus
1393 377 1601 442 audivi,
1631 377 1911 433 hominem
1958 379 2077 434 ani-
2105 396 2149 451 Α
2179 377 2272 447 qui
2303 387 2461 431 erant
2504 376 2691 430 Romae
2724 372 2994 439 scribens,
3023 373 3099 429 ait
3127 387 3141 428 :
3182 394 3199 426 ι
3244 372 3605 431 Circumcisio
3635 380 3764 447 qui-

501 490 739 536 mantem
792 475 1079 533 eximium,
1119 471 1481 538 omniumque
1526 469 1891 523 animantium
1944 469 2071 538 pul-

499 570 857 627 cherrimum,
891 575 1168 630 nunquam
1201 575 1232 614 a
1273 558 1572 615 Couditore
1627 573 1728 613 suo
1787 557 2075 628 suppliciis

503 659 760 713 traditum
817 651 907 715 iri,
959 650 1003 703 si
1059 649 1224 702 modo
1276 648 1506 702 salutari
1561 646 1787 702 ablutus
1830 648 2072 711 lavacro,

499 769 564 807 ac
598 751 700 805 lide
728 746 990 818 praeditus
1022 744 1221 806 fuerit;
1248 741 1552 796 ablutionis
1580 748 1785 802 autem,
1813 754 1879 795 ac
1908 739 2074 793 simul

499 842 624 897 ﬁde’i
690 848 996 908 expertem,
1055 836 1203 906 juste
1274 849 1464 904 [laeuus
1527 832 1868 886 subiturmn.
1924 831 2076 898 Quos

497 932 722 1003 quidem
753 944 855 1000 pro
883 943 949 982 eo
983 943 1047 981 ac
1077 925 1265 981 decuit
1313 925 1639 995 ignorantia:
1684 924 2071 980 condemnavi.

495 1024 733 1094 insignis
781 1034 1019 1089 namque
1065 1030 1123 1072 et
1165 1017 1359 1071 doctor
1408 1015 1679 1069 maximus
1720 1014 1958 1068 Basilius
2000 1013 2075 1067 ita

499 1116 804 1170 sentientes
849 1111 1008 1165 facile
1043 1109 1265 1173 refellit,
1308 1107 1627 1176 optimeque
1658 1104 1819 1159 dmet
1850 1105 1904 1158 in
1933 1103 2076 1158 hanc

495 1208 830 1262 sententiam
867 1219 881 1256 :
914 1216 1037 1257 cum
1068 1214 1260 1255 servus
1284 1197 1557 1268 quispiam
1590 1195 1875 1251 dominum
1904 1195 2080 1249 oﬁ‘en—

495 1299 663 1361 derit,
692 1306 749 1351 et
782 1294 1016 1348 olfensio
1056 1292 1146 1345 illa
1180 1290 1593 1344 miserationem
1634 1287 1857 1357 penitus
1887 1286 2077 1341 exclu-

491 1388 649 1451 serit,
696 1397 756 1441 ut
788 1384 1092 1441 secundum
1136 1382 1311 1452 legem
1345 1396 1506 1451 poena
1543 1380 1620 1435 illi
1651 1377 1945 1450 inﬁigenda
1978 1377 2074 1442 sit,

495 1479 738 1550 primum
783 1478 1028 1531 omnium
1071 1474 1385 1538 damnatur,
1428 1472 1602 1544 gloria
1647 1471 1910 1536 nudatur,
1943 1486 2077 1540 spo-

494 1572 664 1626 liatur
694 1569 999 1639 etejicitur
1047 1567 1266 1636 iisquae
1322 1565 1560 1619 habebat
1614 1562 1777 1617 bonis
1831 1564 2079 1617 tandem-

496 1678 604 1732 que
636 1660 972 1716 commerita:
1012 1673 1188 1729 poenae
1225 1655 1522 1711 addicitur.
1577 1655 1851 1710 Praeterea
1899 1652 1989 1708 lex
2019 1660 2078 1709 et

2193 471 2316 523 dem
2349 468 2573 537 prodest
2605 465 2650 521 si
2683 468 2858 536 legem
2892 473 3188 532 observes;
3219 464 3265 521 si
3293 475 3477 521 autem
3505 471 3764 538 praevari-

2178 569 2332 613 cator
2382 557 2523 627 legis
2566 555 2666 623 sis,
2722 555 3069 611 circumcisio
3108 564 3201 610 tua
3244 557 3574 627 praeputium
3622 559 3761 617 facta

2174 657 2260 704 est
2292 649 2348 703 ⁸.
2391 667 2411 700 ι
2450 648 2582 705 Nam
2612 646 3053 703 circumcisionis
3082 647 3138 702 in
3168 646 3392 721 Christo
3425 663 3545 718 quas
3577 664 3761 716 causa,

2176 753 2274 796 aut
2324 757 2449 811 qua:
2502 740 2723 811 gratia?
2767 755 2871 795 nec
2918 739 3085 795 etiam
3128 740 3384 810 pra-putii
3428 742 3478 807 ’,
3520 743 3567 797 si
3620 744 3764 799 adsit

2177 835 2372 905 gratia.
2406 833 2800 887 Mandatorum
2852 831 3172 886 observatio
3226 832 3474 902 prodest,
3513 842 3575 887 ut
3626 835 3704 888 ait
3743 853 3758 891 :

2175 940 2355 994 neque
2401 924 2548 978 enim
2604 924 2910 989 auditores,
2945 923 3042 979 sed
3074 924 3359 989 custodes,
3407 933 3464 978 et
3513 924 3758 981 factores

2174 1014 2313 1084 legis
2350 1014 2417 1078 ιο,
2459 1013 2506 1068 si
2542 1011 2599 1066 in
2638 1028 2705 1067 eo
2733 1020 3110 1082 perseverent,
3148 1012 3618 1082 justiﬁeabuntur.
3656 1011 3761 1066 Sed

2176 1116 2353 1161 totum
2384 1121 2452 1160 ex
2482 1107 2601 1175 ipso
2636 1103 2798 1159 Verbi
2830 1118 2926 1158 ore
2962 1104 3140 1159 discas
3168 1103 3298 1158 licet
3331 1120 3345 1156 :
3381 1122 3400 1154 ι
3430 1103 3549 1189 Ngo
3578 1105 3757 1159 omnis

2177 1196 2272 1266 qui
2307 1195 2444 1251 dicit
2477 1195 2633 1261 mihi,
2670 1194 2922 1259 Domine,
2945 1203 3000 1249 et
3027 1210 3139 1249 non
3174 1194 3308 1250 facit
3343 1210 3467 1265 qua:
3497 1194 3644 1261 dico,
3674 1199 3763 1249 in-

2179 1285 2350 1341 trabit
2388 1285 2446 1340 in
2498 1300 2728 1357 regnum
2775 1284 3045 1341 caelorum
3099 1300 3116 1339 :
3177 1283 3276 1340 sed
3329 1286 3376 1342 is
3423 1287 3629 1354 potius,
3663 1286 3761 1357 qui

2176 1378 2369 1448 implet
2394 1377 2737 1432 voluntatem
2786 1376 2965 1431 Patris
2994 1376 3103 1432 mei
3140 1376 3206 1430 ¹¹.
3239 1395 3257 1428 ι
3292 1376 3466 1432 Nemo
3513 1386 3568 1433 te
3616 1377 3766 1432 deci—

2177 1470 2311 1540 piat,
2347 1483 2513 1524 nemo
2567 1452 2671 1523 tibi
2722 1466 3063 1531 blandiatur,
3118 1466 3274 1537 quasi
3325 1466 3461 1523 ﬁdes
3500 1467 3763 1539 operibus

2179 1559 2447 1615 destituta
2504 1558 2605 1614 tibi
2661 1559 2897 1614 salutem
2954 1557 3156 1614 aﬁ'erre
3207 1567 3395 1629 queat.
3429 1557 3589 1614 Fides
3635 1558 3757 1615 sine

2177 1649 2461 1720 operibus,
2510 1649 2654 1707 scias
2704 1649 2895 1715 velim,
2944 1649 3161 1705 inutilis
3205 1658 3293 1705 est
3341 1667 3355 1704 :
3403 1659 3462 1705 et
3512 1649 3757 1706 vicissim

496 1752 786 1821 disciplina
809 1748 1184 1806 ecclesiastica
1205 1757 1458 1802 servatur
1477 1763 1492 1811 ;
1511 1754 1568 1800 et
1598 1761 1723 1801 cum
1745 1746 1872 1816 quis
1896 1759 2076 1801 sacer-
2106 1753 2151 1815 3
2180 1756 2348 1812 opera
2390 1742 2511 1797 sine
2540 1740 2646 1797 ﬁde
2674 1740 2816 1795 nihil
2864 1740 3070 1796 valent.
3098 1740 3450 1811 Quapropter
3477 1739 3524 1796 si
3554 1739 3760 1796 salvari

495 1844 688 1898 dolum
749 1842 1068 1912 deliquerit,
1123 1840 1239 1895 sive
1291 1838 1572 1895 inferioris
1628 1839 1831 1910 gradus
1887 1837 2074 1905 fuerit,

494 1936 613 1997 sive
661 1935 861 1989 throno
903 1933 1200 2004 episcopali
1246 1932 1451 1998 clarus,
1493 1931 1759 2005 symbolis
1794 1945 2078 1987 sacrarum

494 2026 730 2081 vestium
758 2026 983 2081 exuitur
1025 2027 1042 2044 '
1072 2043 1086 2079 :
1119 2033 1177 2080 et
1208 2024 1394 2089 simul,
1421 2031 1482 2078 ut
1506 2023 1585 2078 ait
1616 2038 1819 2087 canon,
1856 2036 2076 2078 omnem

497 2117 823 2187 dignitatem
855 2116 1032 2182 exuit,
1060 2130 1126 2170 ac
1160 2129 1260 2186 pro
1289 2129 1430 2186 papa
1464 2113 1519 2169 ﬁt
1557 2128 1826 2186 apopapa,
1855 2111 2079 2169 canoni-

495 2209 711 2280 bnsquc
728 2211 1031 2281 subjectus,
1056 2206 1242 2263 debite
1266 2205 1539 2278 supplicio
1558 2205 1874 2261 mulctatur.
1899 2203 2078 2260 Judex

495 2312 680 2357 autem
730 2302 903 2357 totius
949 2300 1103 2356 orbis
1147 2315 1219 2354 an
1270 2314 1380 2354 non
1428 2300 1503 2354 ita
1533 2312 1728 2353 omnes
1761 2294 2079 2369 iudicabit?

493 2392 631 2449 Cum
683 2393 901 2448 venerit
952 2391 1022 2447 ad
1070 2391 1368 2464 judicium,
1425 2389 1757 2446 criminibus
1806 2386 2077 2442 obnoxios

495 2484 675 2556 gratia
733 2483 1105 2555 baptismatis,
1155 2482 1305 2553 quod
1354 2481 1434 2536 illi
1488 2495 1716 2537 suorum
1778 2478 2077 2533 vulnerum

494 2575 753 2631 sordibus
801 2574 1190 2644 inquinarunt,
1247 2571 1572 2637 denudabit,
1630 2579 1686 2626 et
1736 2578 1874 2636 tum,
1930 2568 2073 2626 heul

493 2665 833 2722 cruciatibus
861 2663 1273 2720 mandabuntur
1304 2661 1659 2732 sempiternis
1681 2662 1745 2717 ".

569 2758 735 2813 Esset
765 2757 1038 2826 siquidem
1063 2770 1094 2809 a
1121 2754 1336 2810 ratione
1366 2753 1762 2823 alienissimum
1793 2750 2078 2807 absurdis-

495 2845 828 2913 simumque,
858 2853 1065 2899 tantum
1105 2842 1455 2909 beneﬁcium,
1500 2851 1823 2912 tantumque
1867 2840 2075 2896 donum

500 2951 611 2989 una
648 2950 774 2990 cum
808 2934 991 2990 anima
1020 2934 1317 3006 ignominia
1351 2932 1513 2999 allici,
1544 2941 1709 3003 atque
1742 2932 2079 2988 condemna-

2177 1834 2299 1900 vis,
2355 1842 2413 1888 et
2470 1831 2791 1888 felicitatem
2850 1832 3000 1888 illam
3048 1832 3437 1903 concupiscis,
3487 1833 3650 1888 fidem
3702 1842 3761 1889 et

2179 1939 2348 1997 opera
2379 1923 2483 1979 rite
2509 1924 2806 1996 conjunge.

2249 2018 2448 2073 ANIIIA.
2476 2017 2706 2088 Expone
2741 2016 2910 2088 igitur
2935 2031 3188 2087 quaenam
3229 2030 3397 2085 opera
3433 2015 3708 2087 intelligas
3737 2034 3752 2071 :

2178 2120 2241 2166 ut
2267 2109 2360 2164 ubi
2395 2123 2728 2180 cognovero,
2759 2108 2828 2163 ad
2854 2123 2918 2165 ea
2951 2117 3100 2164 recte
3123 2113 3432 2179 praestanda
3463 2107 3743 2166 festinem.

2176 2202 2446 2276 Agedum,
2481 2201 2594 2270 dic,
2620 2201 2781 2271 doce,
2804 2216 3056 2258 recense.

2806 2337 3033 2395 CAPUT
3063 2338 3131 2394 11.

2179 2448 2438 2517 Quanam
2487 2436 2749 2527 inundata
2818 2452 3035 2527 divina,
3085 2454 3191 2527 sive
3236 2468 3399 2524 opera
3447 2469 3585 2508 oona
3617 2470 3758 2527 pra:-

2524 2523 2797 2577 stantiora
2829 2522 3070 2578 ducenda
3102 2522 3404 2577 videantur.

2249 2656 2415 2714 Cano.
2470 2657 2541 2713 Et
2601 2658 2842 2729 plurima
2891 2666 2948 2713 et
2999 2657 3403 2729 pulcherrima,
3459 2667 3517 2714 et
3570 2657 3756 2714 omnia

2176 2746 2462 2804 fructuosa
2509 2757 2658 2805 sunt.
2705 2747 2839 2816 Quae
2875 2758 3059 2805 autem
3104 2750 3355 2817 meliora,
3404 2760 3460 2806 et
3510 2751 3756 2822 pulchris

2180 2841 2524 2911 pulchriora,
2554 2842 2759 2911 quibus
2784 2843 3115 2913 compendio
3143 2842 3211 2898 ad
3240 2843 3531 2899 Dominum
3567 2858 3758 2899 ascen-

2177 2934 2365 2999 datur,
2401 2934 2630 2990 omnino
2656 2949 2688 2988 a
2723 2949 2811 2991 me
2854 2934 3173 2991 docendum
3212 2950 3277 2990 ac
3326 2935 3753 3007 praicipiendum

498 3028 565 3083 ri.
597 3026 786 3083 Gratia
830 3026 1000 3097 igitur
1051 3027 1287 3097 privata,
1337 3026 1627 3082 tormentis
1679 3026 1924 3081 deditur.
1961 3026 2075 3082 Nec
2116 3094 2139 3097 Α
2177 3034 2282 3081 est.
2336 3025 2443 3081 Sex
2498 3025 2900 3091 tantummodo,
2952 3041 3058 3082 nec
3088 3027 3268 3097 plura,
3318 3036 3449 3082 sunt
3498 3041 3754 3082 numero.

498 3121 654 3176 solus
706 3094 944 3176 Basilius
978 3094 1084 3174 ista
1118 3135 1239 3190 quae
1271 3120 1409 3183 dixi,
1452 3119 1655 3191 scripta
1689 3119 1938 3191 reliquit.
1975 3119 2073 3176 sed
2099 3094 2145 3156 θ
2176 3117 2313 3175 Vide
2345 3119 2677 3189 catalogum,
2706 3126 2762 3173 et
2792 3133 2915 3188 qua:
2944 3117 3057 3173 sint
3087 3094 3277 3173 nosce.
3306 3116 3589 3173 Esurienti
3616 3117 3751 3172 mihi

494 3214 703 3270 alicubi
754 3216 919 3268 etiam
979 3213 1468 3284 eloquentissimus
1515 3213 1965 3286 Chrysostomus,
2019 3221 2077 3269 et
2173 3212 2381 3278 cibum,
2422 3211 2638 3267 sitienti
2698 3209 2933 3267 dedistis
2991 3222 3209 3282 potum.
3262 3210 3625 3281 Peregrinum
3696 3220 3755 3264 et

496 3318 623 3358 cum
675 3302 762 3357 his
814 3301 1255 3373 Amphilochius,
1308 3310 1441 3363 tres.
1500 3301 1747 3374 inquam,
1802 3303 1862 3359 bi
1927 3304 2078 3360 velut
2174 3301 2447 3374 hospitem
2476 3318 2562 3358 me
2592 3303 2905 3374 recepistis,
2932 3300 3562 3372 nudumcooperuistis.
3591 3297 3755 3354 Inﬁr-

497 3393 762 3450 Ecclesiae
788 3393 995 3462 sidera,
1029 3394 1389 3466 magistrique
1423 3394 1587 3451 Verbi
1621 3395 1720 3451 Dei
1753 3394 1977 3451 maximi
2010 3410 2077 3451 ac
2174 3409 2298 3450 mus
2331 3409 2506 3461 eram,
2540 3404 2598 3450 et
2658 3394 2714 3449 in
2745 3408 2986 3461 carcere,
3020 3404 3075 3450 et
3106 3393 3437 3456 accessistis,
3470 3391 3752 3454 visitastis,

498 3484 965 3556 praestantissimi.

567 3577 762 3631 Astus.
795 3576 990 3631 Testes
1038 3587 1095 3631 tu
1130 3576 1267 3631 mihi
1299 3592 1412 3631 non
1456 3577 1820 3647 spernendos,
1859 3577 2074 3648 ﬁdeque

499 3666 852 3736 dignissimos
884 3681 1156 3721 memoras
1185 3685 1199 3721 :
1238 3684 1257 3718 ι
1301 3666 1437 3721 Nam
1473 3668 1528 3721 in
1564 3684 1661 3722 ore
1693 3667 1950 3734 duorum,
1984 3677 2079 3723 aut

500 3757 669 3811 trium
708 3755 929 3810 testium
976 3757 1145 3811 stabit
1195 3772 1361 3811 omne
1405 3757 1635 3812 verbum
1680 3759 1725 3813 '.
1768 3777 1787 3811 ι
1837 3758 1995 3826 Quod
2031 3760 2077 3815 si

498 3847 687 3917 plures
714 3846 1016 3918 producere
1043 3854 1221 3918 potes,
1248 3864 1369 3922 age,
1395 3848 1723 3920 producito;
1753 3850 1887 3909 licet
1915 3852 2068 3909 enim

502 3941 694 3993 testarl
729 3937 1003 4008 pluribus.

566 4028 733 4087 Cano.
765 4031 908 4102 Ergo
946 4031 1113 4086 alium
1166 4037 1361 4085 testem
1415 4029 1569 4096 audi,
1601 4029 1692 4086 cui
1756 4029 1945 4096 crede,
1981 4030 2074 4087 cui

500 4119 661 4176 ﬁdem
712 4123 854 4177 habe
888 4140 904 4178 ;
935 4122 1104 4177 verba
1135 4124 1281 4177 enim
1314 4120 1609 4193 Scriptura.-
1638 4131 1788 4179 sunt.
1816 4122 1890 4179 0s
1917 4139 2075 4179 nam-

500 4226 607 4282 que
640 4210 868 4277 Christi,
894 4222 950 4267 et
978 4227 1209 4283 magnus
1237 4212 1317 4268 illi
1348 4228 1527 4284 praeco
1556 4212 1784 4280 Paulus,
1822 4213 2073 4271 llebrazis

571 4326 593 4358 '
617 4324 813 4383 Matth.
844 4343 994 4395 xvtu,
1026 4327 1114 4384 l6.
1159 4327 1183 4362 ⁸
1213 4326 1371 4384 Rom.
1400 4343 1460 4395 tt,
1482 4327 1574 4386 25.
1644 4330 1668 4362 ⁹
1698 4329 1716 4384 l
1747 4328 1873 4386 Cor.
1900 4345 1999 4397 vtt,
2033 4331 2073 4383 ll

2182 4334 2226 4365 ¹⁰
2243 4330 2401 4390 Rom.
2421 4349 2481 4402 ιι,
2517 4335 2605 4391 l3.

2174 3493 2234 3541 et
2262 3485 2621 3541 ministrastis
2647 3485 2807 3541 mihi.
2833 3485 2933 3542 llis
2955 3486 3063 3541 alia
3085 3486 3238 3551 item,
3255 3500 3433 3556 eaque
3457 3482 3752 3556 permulta,

2181 3585 2238 3631 et
2291 3577 2555 3631 salutaria
2592 3576 2891 3649 adiungere
2941 3572 3219 3647 potuisset
3269 3592 3286 3630 :
3335 3590 3529 3631 verum
3578 3584 3644 3630 ut
3683 3573 3752 3630 ad

2180 3666 2414 3721 salutem
2446 3667 2623 3739 magis
2652 3669 2984 3735 necessaria,
3015 3668 3187 3740 magis
3215 3667 3404 3733 obvia,
3437 3677 3496 3723 et
3521 3667 3758 3723 honora-

2179 3756 2399 3824 biliora,
2440 3773 2538 3814 sex
2582 3758 2852 3815 duntaxat
2887 3773 3242 3822 enumerans,
3272 3768 3471 3814 caetera
3521 3766 3754 3830 prater-

2180 3849 2355 3905 misit.
2397 3849 2482 3905 Ad
2531 3851 2652 3906 haec
2704 3852 2873 3923 igitur
2921 3866 3117 3907 omnes
3158 3851 3332 3907 allicit
3384 3860 3438 3908 et
3469 3860 3750 3922 provocat,

2177 3938 2398 4008 divites,
2439 3956 2730 4012 pauperes,
2777 3958 2990 4009 servos,
3037 3943 3295 4000 dominos
3341 3960 3355 3999 :
3411 3944 3751 4015 reliquorum

2178 4048 2340 4089 usum
2392 4037 2707 4093 volentibus
2758 4037 3052 4110 permittit,
3098 4040 3375 4095 neminem
3419 4038 3489 4094 ad
3534 4053 3601 4094 ea
3642 4038 3754 4094 ullo

2179 4127 2344 4182 modo
2357 4129 2729 4200 compellens.

2248 4217 2446 4275 Amas.
2496 4219 2613 4275 Ede
2670 4236 2840 4292 porro
2892 4220 3018 4289 ista,
3069 4235 3307 4293 quorum
3364 4221 3749 4279 necessitatem

2704 4334 2965 4392 "-Mattb.
3013 4352 3115 4404 vtt,
3141 4337 3234 4393 2|.

1968 4472 2242 4536 Scholia.

569 4587 735 4668 ’.μίξει
769 4591 1007 4668 eamdem
1061 4607 1269 4668 pinnam
1303 4601 1427 4646 ante
1456 4602 1507 4668 et
1531 4603 1643 4664 post
1671 4592 1858 4668 initam
1885 4613 2065 4649 sacer-
2101 4603 2146 4659 υ
2248 4616 2268 4649 ι
2310 4598 2413 4665 Qui
2440 4600 2598 4656 habet
2643 4603 2901 4659 mandata
2952 4620 3092 4667 mea,
3125 4613 3176 4658 et
3209 4614 3387 4660 servat
3431 4621 3516 4668 ea,
3544 4604 3638 4659 ille
3669 4616 3747 4661 at

500 4659 631 4733 dotii
669 4660 978 4729 dignitatem
1031 4660 1375 4724 exsolvemus,
1424 4665 1469 4716 si
1510 4659 1910 4733 peccaverimus.
1962 4668 2066 4730 Qui

501 4732 635 4783 enim
674 4745 738 4802 ne
788 4737 996 4784 tantum
1044 4732 1255 4801 quidem
1306 4732 1553 4786 honorem
1603 4733 1799 4802 adepti.
1827 4735 2064 4790 meliores

500 4800 779 4873 suaserint,
814 4801 977 4873 multo
1026 4804 1238 4871 gravius
1304 4812 1353 4855 et
1402 4804 1566 4856 dirius
1592 4800 1720 4872 jure
1758 4805 2064 4873 punientur.

502 4867 727 4922 Honoris
765 4870 955 4945 quipp!
992 4867 1297 4945 Magnitudo
1344 4867 1671 4942 peccantibus
1723 4867 1968 4944 supplicii
2006 4876 2068 4945 ﬁt

502 4947 862 5021 augmentum.
899 4940 965 4993 Et
999 4940 1092 5009 qui
1124 4940 1367 5021 indignos
1400 4951 1729 5021 consecrant,
1763 4940 2070 5000 earumdem

503 5023 622 5060 cum
670 5013 798 5077 ipsis
827 5025 1106 5078 pomorum
1139 5013 1214 5065 rei
1262 5022 1406 5081 sunt,
1438 5014 1644 5067 tametsi
1695 5030 1825 5084 quos
1877 5032 2073 5070 tonse-

502 5094 545 5130 c:
561 5087 675 5138 aut,
709 5095 810 5132 non
845 5090 1117 5136 noverunt.
1933 5137 1937 5143 ,

576 5146 839 5223 Qinnes
868 5152 956 5223 qui
982 5152 1036 5204 in
1067 5152 1284 5223 circuitu
1305 5152 1418 5218 ejus
1442 5160 1586 5217 sunt,
1609 5153 1826 5223 offerent
1850 5171 2070 5211 munera

505 5217 724 5292 terribili
757 5217 931 5292 (Psal.
967 5236 1122 5285 Lsxv,
1164 5222 1272 5289 12),
1308 5217 1358 5275 et
1393 5224 1441 5275 ei
1474 5225 1564 5291 qui
1602 5217 1774 5292 aufert
1822 5227 2070 5291 spiritum

506 5288 825 5364 principum.
859 5289 997 5364 Nam
1028 5292 1168 5364 apud
1201 5288 1532 5360 {armidabile
1565 5288 1702 5345 illud
1730 5288 2068 5364 divinumque

506 5356 744 5432 tribunal
766 5358 901 5425 justi
937 5356 1166 5432 actiones
1195 5356 1289 5432 seu
1321 5378 1481 5430 opera
1509 5379 1605 5415 sua
1634 5372 1893 5432 tanquam
1928 5356 2067 5419 dona

505 5424 613 5503 ideo
661 5424 899 5503 offerent.
1028 5424 1469 5503 singulis’au'tem
1518 5424 1872 5503 peccatoribus
1914 5437 2068 5488 datus

506 5493 614 5574 illis
678 5493 1141 5574 pet'ubaptismuiit
1191 5501 1413 5574 spiritus
1466 5493 1737 5570 auferetur
1793 5512 1952 5574 atque
1994 5507 2067 5559 ita

507 5571 718 5637 a'terna:
747 5564 863 5619 illos
896 5582 1061 5637 parum
1089 5564 1361 5637 excipient.

575 5631 856 5712 Chrysost.
905 5636 1050 5688 Nihil
1076 5631 1279 5712 ⁸ςοηίὶννε
1308 5643 1594 5712 baptismus
1623 5644 1786 5697 vitam
1819 5659 1919 5696 non
1950 5645 2072 5697 bene

510 5713 744 5773 recteque
774 5708 1179 5761 instituentibus.

2173 4670 2263 4736 qui
2291 4670 2465 4741 diligit
2492 4686 2594 4726 nte.
2627 4672 2729 4745 Qui
2755 4685 2931 4727 autem
2961 4676 3134 4745 diligit
3164 4691 3266 4738 me,
3300 4692 3568 4729 sermones
3606 4694 3747 4731 meos

2170 4749 2366 4814 servat.
2394 4740 2437 4814 ξ
2464 4770 2532 4814 -τ
2571 4762 2591 4814 ε
2622 4740 2679 4796 Si
2706 4746 2845 4797 enim
2879 4760 2972 4814 ego
3005 4740 3167 4797 Pater
3191 4761 3330 4810 sum,
3360 4748 3449 4799 ubi
3480 4755 3557 4799 est
3584 4749 3750 4799 honor

2175 4811 2361 4884 meus?
2390 4810 2459 4866 Et
2482 4812 2812 4884 si_Dominus
2852 4810 2944 4884 ego
2988 4831 3125 4875 sum.
3164 4817 3248 4868 ubi
3272 4826 3348 4870 est
3368 4818 3523 4870 timor
3556 4833 3697 4869 meus
3723 4819 3749 4870 7

2178 4878 2429 4945 tMalach.
2467 4898 2504 4956 1ἳ
2529 4882 2609 4956 6.)
2660 4900 2679 4934 s
2710 4913 2781 4922 —
2809 4878 2990 4939 Gloria
3018 4896 3253 4956 patrum,
3286 4888 3582 4939 sanctitudo
3604 4887 3750 4954 ﬁlio-

2179 4966 2297 5003 rum
2323 4967 2341 5004 :
2375 4961 2423 5004 et
2470 4953 2804 5006 dominorum
2847 4953 3033 5016 honos,
3070 4971 3338 5008 servorum
3368 4958 3543 5009 timor.

2247 5020 2505 5095 (lyrinus,
2537 5021 2683 5076 Nihil
2723 5024 2962 5077 conducit
3001 5026 3165 5087 nobis,
3202 5026 3620 5078 Christianorum
3646 5042 3744 5095 ap-

2179 5089 2524 5163 pellationem
2575 5109 2685 5145 esse
2731 5103 3055 5156 consecutos,
3101 5095 3201 5147 nisi
3240 5096 3402 5147 etiam
3451 5111 3611 5163 opera
3659 5089 3745 5147 δἐ-

2176 5169 2432 5232 quatitur.
2487 5159 2755 5232 Scriptum
2808 5174 2883 5217 est
2933 5166 3073 5218 enim
3116 5178 3135 5216 :
3184 5182 3202 5214 ι
3262 5163 3320 5217 Si
3354 5159 3743 5230 ﬁlii-Abram:

2175 5231 2371 5303 essetis.
2430 5231 2614 5303 opera
2656 5233 2884 5287 Abrahae
2941 5234 3201 5302 faceretis.
3239 5233 3418 5302 (Joan.
3455 5250 3572 5297 vm,
3623 5235 3741 5303 59.)

2175 5298 2492 5374 Sicut‘enint
2519 5318 2713 5374 corpus
2736 5304 2851 5356 sine
2882 5298 3062 5357 anima
3095 5298 3360 5374 mortuum
3384 5314 3480 5363 est,
3500 5304 3573 5356 ita
3614 5298 3745 5374 quo;

2173 5384 2272 5442 que
2311 5366 2452 5442 ﬁdes
2484 5366 2876 5440 sine'operibus
2923 5381 3131 5426 mortua
3160 5383 3254 5427 est.
3288 5372 3487 5442 (Iacob.
3535 5388 3590 5434 tt.
3621 5366 3743 5437 ‘20.)

2179 5437 2335 5511 Haud
2370 5439 2508 5491 enim
2544 5437 2842 5511 quidquam
2875 5442 3014 5496 valet
3054 5447 3261 5497 sanitas
3297 5437 3457 5511 ’μάθῃ
3487 5445 3531 5496 si
3571 5460 3744 5497 mores

2179 5509 2287 5582 sint
2316 5510 2571 5577 corrupti.
2600 5509 2741 5582 Nam
2768 5516 2863 5564 etsi
2916 5528 3121 5566 onmem
3148 5509 3744 5582 [idem'dogmatumque

2179 5578 2454 5656 ueritatem
2492 5579 2926 5656 complectantur,
2958 5592 3005 5635 et
3035 5601 3066 5635 a
3101 5578 3220 5656 biit]:
3248 5578 3532 5656 innocentis
3559 5578 3742 5656 patro-

2182 5648 2317 5721 cinio
2345 5648 2523 5716 inopes
2554 5666 2615 5702 ac
2642 5652 2831 5704 deserti
2860 5654 3042 5717 simus,
3080 5654 3212 5705 nihil
3249 5653 3467 5705 obstabit
3530 5648 3653 5721 quin
3688 5654 3741 5705 in

2182 5719 2427 5786 gehennw
2450 5721 2594 5790 ignes
2618 5724 2990 5790 sempiternum
3017 5725 3191 5777 arsuri
3218 5719 3565 5793 abripiuntur.
