2061 3106
184 147 237 178 713

909 139 1085 172 DIOPTRA.

1762 136 1814 169 714

189 203 335 238 imponere
364 200 469 233 noluit;
498 207 566 228 aveo
594 200 668 229 enim
692 198 834 235 sigillatim
871 205 973 234 cogno-
988 199 1014 229 Α
1028 195 1119 227 tibus.
1138 194 1200 223 sine
1211 200 1266 230 quo
1281 193 1385 224 omnia,
1398 198 1427 221 et
1441 193 1530 229 ipsum
1542 191 1709 228 virginitatis
1720 192 1815 221 lumen

187 256 266 278 scere
270 267 278 274 .

224 294 309 323 Cano.
330 292 519 328 Virginitatem
551 291 656 323 colere.
681 290 765 318 vitam
794 289 974 318 monasticam

190 341 304 373 vivere,
336 339 500 375 pervigilare
526 338 554 366 in
579 336 681 365 divinis
704 336 845 372 precibus,
873 335 975 363 cubare

186 388 276 418 humi,
295 386 412 414 multum
432 384 614 421 peregrinari,
631 388 659 411 et
671 383 870 418 corpusculum
888 381 977 418 pcenis

186 433 351 462 voluntariis
374 436 514 464 attererc,
534 431 614 458 unica
632 430 752 457 tunicula
778 428 889 461 vestiri,
909 428 976 461 Deo,

188 480 292 516 Virgini
307 478 399 511 matri,
415 478 531 513 aliisque
554 476 650 504 amicis
668 476 715 504 Dei
731 483 815 511 opere
832 474 978 510 magniﬁco

186 526 287 562 templa
304 525 434 553 condere.
460 523 499 551 Ad
516 524 574 551 inec
588 531 638 551 nos
652 522 753 550 Christi
774 526 909 557 przecepta
923 528 978 548 non

191 572 322 607 idigunt;
337 571 386 599 sed
408 580 417 596 ι
438 570 484 606 qui
501 574 590 605 potest
605 577 702 604 capere
723 568 813 603 capiat
841 567 875 594 ι’.
896 577 905 593 ι
921 566 980 594 Cte-

189 627 315 649 terorum
335 620 447 651 seriem,
465 626 526 654 quae
544 618 674 645 nimirum
697 616 798 644 salvari
822 614 980 643 volentibus

190 666 363 697 conducunt,
382 664 445 700 quis
458 663 668 700 percensuerit?
689 663 886 690 Verumtamen
903 668 981 688 man-

189 712 272 739 datur
304 710 387 737 nobis
402 710 495 737 omnia
511 709 556 736 illa
572 708 663 736 facere
676 716 736 743 qua:
751 707 778 735 in
795 706 881 735 sacris
893 706 980 734 Litte-

195 759 235 786 ris
249 757 461 793 pra‘cipiuntur,
478 755 500 783 si
520 755 606 783 Deum
623 755 650 782 in
666 754 747 781 nobis
762 753 887 781 habitare
908 753 982 789 cupi-

192 811 266 830 mus.
285 802 338 830 Sed
362 801 408 828 iila
429 808 476 829 sex
500 799 710 833 honestissima,
729 804 757 827 et
780 799 981 831 laudatissima,

192 853 303 882 praeque
326 845 388 872 aliis
411 844 515 872 indicta
538 843 619 871 nobis
649 847 724 871 sunt.
739 843 796 871 Nec
811 843 899 870 solum
922 843 983 870 aliis

190 898 222 918 ea
238 889 372 925 praeponit
397 896 430 917 ac
451 889 572 924 praefert,
584 888 632 917 sed
644 893 673 916 et
687 888 752 915 alibi
773 896 870 915 eorum
885 888 985 924 sa-pius

192 935 318 963 meminit
346 944 352 962 :
386 944 395 960 ι
426 934 632 966 Misericordes.
664 933 765 969 inquit,
791 938 894 965 estote,
913 934 985 961 sicut

191 985 220 1008 et
233 981 315 1008 Pater
335 985 427 1008 vester
448 979 570 1008 celestis
592 979 752 1007 misericors
775 983 819 1007 est
836 979 871 1005 η.
890 987 899 1004 ι
924 979 984 1006 Non

192 1026 322 1054 hortatur
346 1034 396 1054 nos
419 1026 547 1061 psallere,
563 1025 674 1061 quando
700 1032 752 1052 nec
773 1025 855 1052 Pater
871 1025 984 1060 psallit;

195 1080 251 1100 non
265 1072 446 1108 pervigilare;
462 1079 516 1099 non
534 1072 643 1099 labores
658 1075 687 1099 et
702 1078 841 1098 aerumnas
871 1071 983 1103 multas,

194 1125 249 1146 non
274 1116 358 1144 vitam
384 1124 417 1144 ac
445 1116 597 1144 certamina
625 1116 814 1144 solitariorum
829 1116 985 1151 amplecti:

198 1163 269 1191 nihil
295 1163 408 1190 horum.
439 1162 492 1190 Sed
519 1162 552 1190 ad
579 1162 795 1191 misericordiam
824 1163 909 1190 solam
936 1170 987 1190 nos

201 1209 352 1237 invitavit:
366 1208 496 1244 quoniam
515 1214 612 1236 natura
632 1218 641 1234 ‹
660 1209 815 1242 miserator,
831 1213 859 1236 et
870 1209 987 1236 multum

195 1255 354 1283 misericors
367 1260 410 1282 est
422 1255 556 1283 Dominus
567 1255 592 1271 ιδ
610 1264 617 1282 :
636 1264 645 1281 ι
659 1255 790 1290 quoniam
804 1263 814 1281 ε
827 1255 986 1282 misericor-

197 1301 272 1330 diam
300 1305 406 1328 tantum
429 1301 499 1333 vult,
517 1305 545 1328 et
568 1308 624 1328 non
636 1299 804 1328 sacriﬁcium
822 1300 845 1315 "
860 1307 868 1327 ε
890 1310 900 1326 ι
917 1307 988 1335 quo-

198 1348 273 1376 niam
297 1347 375 1374 nulla
395 1354 425 1374 re
437 1347 490 1374 alia
512 1347 626 1378 colitur,
641 1354 692 1374 nec
707 1346 843 1382 placatur,
859 1346 913 1374 nisi
934 1353 988 1373 una

198 1393 410 1422 misericordia:
425 1392 555 1428 quoniam
573 1393 632 1420 vult
647 1391 856 1425 miserationes;
872 1396 900 1420 et
914 1400 987 1427 quo-

199 1440 274 1467 niam
299 1439 499 1467 misericordiaa
521 1439 636 1476 abyssus
661 1443 713 1467 est.
733 1439 827 1466 Dicant
844 1438 987 1466 breviter:

199 1485 390 1514 misericordia
419 1485 509 1513 solum
539 1493 609 1521 opus
636 1489 679 1513 est
706 1485 905 1513 homini.cum
931 1485 988 1512 Deo

199 1540 364 1566 commune,
402 1536 430 1561 et
457 1540 506 1569 per
533 1532 751 1561 misericordiam
779 1533 866 1561 solam
907 1532 990 1560 homo

199 1577 360 1605 Creatorem
385 1564 466 1606 suum
491 1578 625 1611 imitatur,
649 1578 729 1613 eique
756 1577 941 1606 consociatur.
960 1564 1025 1605 IdC

201 1623 239 1651 ita
262 1631 324 1652 esse
346 1632 379 1651 ex
404 1624 501 1652 decem
524 1624 661 1660 virginum
686 1623 817 1659 parabola
838 1623 937 1658 liquet.
951 1623 991 1650 Ex

202 1671 414 1699 conservatione
431 1672 597 1707 virginitatis
622 1671 744 1706 pulchra:
769 1674 849 1698 erant
874 1676 991 1702 omnes;

202 1718 331 1745 amabant
347 1718 445 1750 Deum,
460 1724 488 1745 et
513 1718 613 1753 pudice
628 1717 711 1743 vitam
727 1715 869 1751 agitabant
884 1716 903 1742 ‘.

240 1764 274 1791 Et
288 1766 411 1799 quinque
426 1764 537 1798 quidem
563 1762 725 1797 prudentes,
750 1761 873 1796 quinque
900 1765 993 1788 autem

204 1810 286 1837 fatuae
320 1808 511 1841 continentiae,
536 1807 665 1843 lacrymis
684 1812 713 1835 et
734 1807 821 1834 luctui
848 1806 993 1834 incumbe-

204 1855 272 1882 bant
294 1862 301 1880 :
323 1854 410 1881 otium
437 1854 530 1886 molle,
558 1860 722 1888 morumque
753 1853 892 1881 licentiam
917 1853 994 1881 nullo

205 1899 287 1927 modo
306 1898 455 1935 diligebant
469 1908 476 1932 ;
492 1900 565 1927 viam
583 1904 726 1935 angustam
747 1904 776 1927 et
801 1899 995 1927 tribulationes

205 1945 448 1977 consectabantur,
469 1952 637 1980 carnemque
654 1944 775 1972 assiduis
793 1944 936 1973 laboribus
948 1945 996 1972 de-

206 1989 358 2017 bellabant.
385 1990 445 2017 Non
471 1995 562 2017 tamen
591 1990 736 2025 aequaliter
756 1990 811 2017 illis
834 1990 995 2017 mandatum

206 2040 280 2061 curae
303 2034 375 2067 fuit;
392 2035 439 2062 sed
454 2035 605 2069 prudentes
620 2034 771 2070 prudenter
786 2035 877 2063 oleum
892 2035 996 2064 habue-

210 2084 276 2108 runt
299 2080 325 2108 in
349 2081 424 2108 vasis
443 2081 512 2114 suis,
537 2089 592 2117 quo
615 2081 697 2109 fatuae
720 2087 881 2109 caruerunt.
907 2082 997 2117 Atque

210 2124 278 2153 hinc
290 2127 417 2154 veniente
437 2127 554 2162 Sponso,
571 2127 679 2163 gaudiis
694 2128 866 2164 nuptialibus
880 2129 998 2156 exclusa:

207 2176 273 2198 sunt
295 2183 301 2200 :
323 2182 332 2198 ι
350 2172 449 2200 Nescio
462 2180 523 2205 vos,
541 2182 550 2199 ι
568 2173 668 2201 clamat
683 2173 808 2209 Sponsus
826 2174 997 2202 formosissi-

1027 241 1233 277 exstinguitur;
1248 240 1309 268 sine
1328 247 1384 275 quo
1401 239 1493 267 omnia
1507 247 1577 266 vana
1598 243 1626 266 et
1643 238 1791 267 ineilicacia
1809 250 1816 267 :

1027 286 1252 323 quandoquidem
1279 286 1307 313 id
1330 286 1456 321 Sponsus
1482 292 1566 321 super
1591 286 1683 313 omnia
1710 285 1819 320 diligit?

1027 333 1151 369 Inleilige
1174 340 1237 361 cum
1261 336 1382 360 tremore
1402 331 1487 358 verba
1503 330 1624 363 Domini,
1639 336 1669 359 et
1685 331 1779 365 crede,
1791 337 1821 359 et

1029 381 1110 408 ﬁdem
1132 380 1287 413 commoda,
1300 384 1329 407 et
1348 379 1511 414 neutiquam
1531 378 1623 406 difﬁde
1642 379 1733 407 dictis.
1751 379 1821 407 Pro-

1030 426 1101 453 feret
1118 426 1234 453 verbum
1257 433 1387 460 asperum
1410 424 1443 451 ad
1463 431 1522 456 eos,
1537 424 1584 459 qui
1599 432 1614 452 a
1627 424 1749 452 sinistris
1764 430 1820 452 sta-

1030 472 1122 499 bunt:
1141 481 1149 496 ι
1165 471 1303 498 Discedite
1325 471 1423 506 procul
1445 470 1511 498 hinc
1525 470 1552 498 in
1571 470 1725 506 gehennam
1739 471 1821 506 ignis,

1031 518 1078 553 qui
1107 521 1279 553 prmparatus
1302 522 1345 544 est
1366 517 1487 548 diabolo,
1512 522 1540 544 et
1559 516 1664 552 angelis
1682 517 1787 552 ejus".
1810 526 1820 542 ι

1031 565 1090 592 Non
1106 564 1171 599 quia
1187 564 1322 591 adulteria
1337 562 1516 590 commisistis
1528 571 1537 597 ;
1548 570 1603 590 non
1615 562 1678 598 quia
1695 562 1822 590 fornicati

1032 610 1119 641 estis;
1136 617 1190 636 non
1217 609 1281 644 quia
1302 609 1405 635 furtum
1428 607 1547 642 fecistis;
1567 616 1622 636 non
1642 608 1708 643 quia
1735 608 1823 636 caedes

1032 661 1061 683 ct
1076 656 1219 683 latrocinia
1235 655 1435 690 perpetrastis;
1454 662 1509 682 non
1525 654 1589 690 quia
1605 654 1724 682 libenter
1740 655 1823 682 maie-

1033 702 1152 734 dixistis,
1165 707 1192 729 ct
1209 702 1264 728 vim
1292 701 1354 728 aliis
1373 700 1516 732 attulistis,
1531 704 1559 727 et
1574 699 1715 727 mendacia
1730 700 1825 735 profu-

1034 749 1125 780 distis,
1142 752 1170 775 et
1187 748 1321 775 vobismet
1339 748 1491 782 placentes,
1508 751 1536 773 et
1552 745 1652 778 vinosi,
1670 750 1698 773 et
1710 745 1826 778 ebriosi,

1034 800 1062 823 et
1075 795 1193 830 improbi
1208 794 1316 826 fuistis;
1333 801 1383 821 nec
1395 793 1459 828 quia
1476 799 1556 820 omne
1570 799 1657 828 genus
1674 792 1827 827 iniquitatis

1035 844 1117 875 atque
1142 839 1258 867 sceleris
1285 839 1459 866 consrivistis
1475 847 1481 865 :
1498 837 1567 865 nihil
1591 838 1691 865 horum
1710 838 1738 865 in
1761 837 1830 873 ipsis

1000 879 1022 908 Β
1038 892 1094 914 tum
1111 886 1315 921 reprehendet;
1331 884 1379 912 sed
1396 885 1461 920 quia
1478 884 1637 912 mendicum
1655 884 1756 919 stipem
1776 892 1825 911 ro-

1037 933 1168 969 gitantcm
1183 931 1365 967 despexistis;
1384 931 1431 958 sed
1453 931 1517 966 quia
1532 931 1603 958 fame
1623 935 1652 958 et
1664 930 1709 958 siti
1733 930 1829 958 conﬂi-

1037 984 1172 1011 ctantcm,
1189 979 1217 1006 in
1233 987 1345 1006 carcere
1360 979 1513 1011 sedentem,
1526 983 1555 1005 et
1567 977 1683 1011 nudum,
1696 983 1725 1005 et
1738 977 1830 1013 hospi-

1037 1030 1104 1058 tem,
1125 1030 1153 1052 et
1170 1026 1248 1059 ,iccto
1267 1025 1367 1052 misere
1392 1024 1502 1051 aiiixum
1520 1031 1564 1051 me
1587 1031 1651 1050 cum
1676 1022 1829 1055 vidissetis,

1038 1080 1092 1099 non
1109 1071 1172 1099 cibo
1197 1070 1345 1103 reiecistis,
1360 1078 1415 1098 non
1440 1073 1506 1105 potu
1531 1069 1689 1102 recreasﬁs,
1709 1077 1764 1096 non
1786 1069 1829 1097 vel

1038 1117 1151 1152 paulum
1183 1117 1328 1148 visitastis,
1353 1123 1408 1143 non
1436 1115 1599 1148 vestivistis,
1627 1122 1683 1142 non
1709 1114 1830 1150 hospitio

1038 1164 1193 1199 accepistis,
1211 1171 1266 1191 non
1284 1161 1464 1190 ministrastis

1073 1210 1131 1238 Hoc
1148 1210 1238 1246 ipsum
1255 1208 1328 1245 quod
1340 1208 1413 1241 dico,
1432 1215 1528 1236 rursus
1540 1216 1574 1236 ex
1603 1208 1753 1245 Evangelio
1765 1216 1831 1236 con-

1040 1255 1118 1284 ﬁrmo
1133 1256 1168 1283 ⁸⁸.
1183 1256 1221 1284 De
1233 1255 1318 1283 divite
1334 1255 1382 1283 ilio
1394 1255 1464 1283 duro
1472 1259 1500 1282 et
1515 1254 1668 1282 inhumano
1676 1255 1831 1287 audivistis,

1040 1303 1178 1338 quomodo
1190 1302 1318 1330 videlicet
1328 1302 1420 1337 lingua
1431 1301 1490 1338 ejus
1497 1301 1525 1337 (o
1536 1301 1718 1329 calamitatem
1731 1302 1750 1336 ἰ)
1759 1301 1833 1336 apud

1040 1349 1142 1378 inferos
1154 1349 1261 1377 arserit.
1273 1348 1339 1385 Non~
1347 1347 1419 1384 quod
1434 1347 1519 1375 variis
1533 1355 1563 1376 se
1578 1347 1730 1376 sceleribus
1742 1348 1769 1375 in
1778 1348 1834 1375 vita

1040 1395 1203 1431 obligasset;
1219 1403 1272 1423 nec
1285 1394 1358 1430 quod
1375 1393 1532 1429 proximum
1555 1393 1679 1427 odisset;
1695 1401 1746 1421 nec
1759 1393 1834 1429 quod

1041 1448 1090 1476 per
1103 1440 1291 1469 temulentiam
1303 1440 1421 1476 plurima
1437 1444 1465 1468 et
1476 1439 1581 1467 nefaria
1599 1435 1769 1472 admisisset;
1783 1447 1835 1467 nec

1041 1486 1115 1522 quod
1144 1487 1329 1523 undecunque
1347 1486 1578 1523 provenientibus
1593 1485 1774 1522 vectigalibus
1792 1486 1836 1514 in-

1043 1533 1189 1561 lumuisset
1201 1541 1232 1561 ac
1257 1534 1446 1569 superbisset,
1463 1535 1623 1569 opulentus,
1640 1534 1774 1569 gaudens,
1793 1542 1836 1560 ra-

1043 1579 1132 1615 piens,
1153 1579 1324 1607 dominatum
1344 1581 1484 1613 oblinens,
1500 1581 1582 1616 bysso
1599 1584 1627 1607 et
1642 1588 1767 1615 purpura
1793 1580 1836 1607 in-

1042 1626 1126 1653 dutus
1151 1626 1313 1661 splendide;
1338 1634 1406 1659 non,
1425 1626 1547 1660 inquam,
1576 1625 1675 1652 horum
1693 1634 1775 1653 causa
1800 1627 1833 1654 ad
1863 1638 1866 1639 ν

1045 1676 1180 1698 tormenta
1207 1671 1359 1698 detrusus:
1375 1670 1423 1698 sed
1444 1670 1508 1705 quia
1534 1671 1667 1697 Lazarum
1686 1678 1835 1705 pauperem

1044 1716 1212 1744 omnimodis
1231 1716 1360 1751 neglexit.
1379 1721 1408 1744 et
1426 1724 1509 1751 super
1524 1715 1624 1743 amicta
1648 1716 1837 1743 misericordia

1045 1769 1100 1789 non
1115 1766 1157 1790 est
1173 1766 1338 1790 commotus.
1352 1763 1407 1790 Res
1419 1762 1488 1790 mira
1504 1762 1573 1796 haec,
1590 1767 1616 1790 et
1638 1762 1762 1790 horroris
1778 1763 1838 1797 ple-

1045 1807 1171 1835 nissima.
1188 1808 1326 1841 Quantum
1344 1813 1436 1844 potest
1454 1808 1585 1841 Charitas,
1602 1812 1737 1844 quantum
1753 1809 1837 1837 mise-

1046 1854 1175 1887 ricordia,
1189 1859 1217 1883 et
1232 1855 1387 1890 compassio
1399 1856 1407 1882 !

1084 1900 1181 1927 Amm.
1208 1899 1235 1927 Si
1259 1901 1338 1935 plura
1352 1900 1468 1928 dicenda
1487 1905 1600 1934 restant,
1616 1909 1650 1929 ne
1669 1906 1738 1933 tace,
1759 1907 1787 1930 et
1805 1902 1839 1929 ad

1048 1946 1194 1974 utilitatem
1209 1954 1299 1973 meam
1325 1946 1397 1974 adde
1422 1946 1466 1974 his
1486 1955 1548 1982 quae
1572 1946 1676 1975 dixisti.
1693 1947 1839 1976 Silentium

1048 1998 1125 2020 tuum
1141 1992 1221 2020 nobis
1238 1992 1340 2020 damno
1355 1992 1408 2020 erit
1420 2001 1475 2020 non
1492 1992 1617 2020 ferendo.

1354 2058 1466 2087 CAPUT
1486 2058 1531 2086 lli.

1049 2116 1145 2144 Omnia
1160 2116 1195 2142 ad
1210 2115 1257 2143 Dei
1276 2116 1459 2150 pra'scriptum
1473 2124 1489 2142 a
1506 2115 1578 2142 nobis
1591 2114 1672 2150 facta,
1695 2116 1762 2143 citra
1777 2117 1842 2143 cha-

1334 2150 1441 2176 ritatem
1453 2150 1559 2185 frigere.

209 2224 270 2244 mus
282 2217 315 2245 ¹⁴,
332 2227 342 2244 ι
359 2218 458 2246 Nescio
473 2226 532 2251 vos,
550 2228 559 2244 ι
575 2219 705 2246 recedite.
729 2219 797 2253 Quis
828 2220 902 2247 enim
920 2220 998 2248 vobis
1017 2211 1038 2237 θ
1087 2217 1168 2245 Cum.
1184 2218 1237 2245 Sex
1252 2217 1337 2253 igitur
1359 2217 1405 2244 illa
1433 2217 1625 2245 mandatorum
1641 2218 1729 2254 prima
1745 2223 1774 2246 et
1786 2226 1842 2246 ma-

208 2262 324 2297 aperiet,
339 2271 401 2291 cum
420 2263 577 2300 virginitate
594 2263 685 2291 oleum
702 2264 785 2292 etiam
804 2273 858 2292 non
877 2264 997 2292 atl'eren-

247 2332 270 2367 'f
289 2331 384 2359 Matth.
396 2340 451 2364 nx,
464 2331 508 2359 12.
547 2332 570 2349 ⁸⁸
584 2332 651 2360 Luc.
670 2341 707 2366 vr,
723 2333 766 2361 36.
806 2333 829 2349 “
841 2333 912 2360 Psal.
931 2333 1014 2367 cn,8.

210 2366 233 2383 ¹¹¹
248 2366 315 2394 Luc.
325 2375 380 2401 xvi,
390 2367 423 2395 t9
436 2374 513 2402 seqq.

1053 2264 1124 2292 xima
1150 2272 1212 2292 esse
1233 2271 1284 2299 pro
1312 2263 1441 2292 facultate
1459 2264 1613 2292 docuimus.
1637 2265 1842 2300 Propemodum

1071 2335 1093 2350 "
1119 2334 1199 2362 Osee.
1215 2342 1252 2367 vr,
1267 2334 1294 2361 6.
1351 2334 1373 2349 ¹¹¹
1388 2334 1483 2363 Matth.
1497 2343 1561 2367 xxv,
1580 2335 1623 2362 I2.
1674 2335 1695 2351 "
1712 2335 1779 2363 Ibid.
1797 2338 1842 2365 ti.

1351 2334 1373 2349 "‘
1388 2334 1483 2363 Matth.
1497 2343 1561 2368 xxv,
1580 2335 1623 2362 12.

957 2413 1093 2444 Scholia.

247 2474 359 2512 ξΒῖιείιἶ
394 2474 445 2507 Qui
467 2476 537 2512 circa
572 2475 679 2502 modum
703 2477 789 2510 operis
816 2476 934 2512 offendit,
956 2478 1003 2504 etsi

213 2510 334 2538 videatur
346 2510 432 2544 facere
446 2511 615 2541 mandatum,
627 2511 752 2545 reprobus
768 2515 806 2538 est
821 2510 895 2545 apud
909 2511 1002 2538 Deum.

213 2546 257 2574 Ait
268 2546 336 2571 enim
348 2553 357 2571 :
370 2545 460 2572 Etiam
473 2546 496 2572 si
507 2546 564 2580 quis
575 2547 725 2576 certauerit,
736 2555 745 2571 ι
761 2555 813 2573 non
823 2547 1003 2579 coronabitur,

215 2581 265 2607 nisi
279 2580 392 2616 legitime
404 2582 551 2607 certaverit.
570 2580 613 2614 (11
624 2580 691 2607 Tim.
707 2588 737 2612 II,
748 2581 786 2616 5).
805 2590 814 2606 ι
824 2581 895 2608 Nam
909 2583 1005 2609 bonum

213 2624 266 2642 non
275 2620 312 2652 est
324 2615 432 2647 bonum,
454 2616 505 2642 nisi
516 2616 588 2647 bene,
602 2620 682 2649 atque
696 2621 724 2642 ut
739 2615 851 2652 oportet,
868 2617 916 2650 ﬁat

202 2680 204 2682 _
252 2652 270 2660 "
279 2649 349 2677 Sane
358 2652 511 2686 necessariis
521 2652 604 2686 niagis
614 2649 760 2678 necessaria
771 2659 802 2678 ex
810 2649 1006 2686 comparatione

214 2685 381 2723 pratferrnda
392 2690 463 2723 sunt.
481 2685 655 2723 [Vibii'ltabet
671 2687 801 2713 commodi
813 2685 871 2714 sine
883 2696 1005 2723 compas-

214 2722 288 2747 sione
314 2721 463 2754 virginitas.
486 2721 591 2747 Etenim
611 2727 635 2747 et
653 2722 747 2753 otium,
762 2723 814 2749 sive
836 2721 957 2749 socordia
978 2724 1006 2750 in

215 2756 325 2786 virtute,
337 2755 495 2790 supplicium
509 2763 604 2791 parcre
617 2760 711 2791 potest,
723 2765 776 2783 non
793 2757 876 2784 solum
891 2759 1006 2785 actiones

215 2791 343 2825 improba:
355 2798 364 2816 :
378 2792 485 2825 quando
501 2795 525 2817 et
539 2790 589 2820 illi,
603 2790 647 2826 qui
666 2793 789 2819 esurienti
805 2801 858 2820 non
878 2793 1007 2820 dederunt

216 2826 391 2856 manducare,
410 2834 456 2852 nec
469 2826 570 2852 sitienti
581 2826 677 2857 bibere,
695 2835 742 2854 nec
754 2828 853 2854 nudum
866 2836 1007 2860 coeperas-

218 2865 291 2894 runt,
302 2861 422 2896 fortassis
435 2860 524 2888 aliena
540 2869 593 2888 non
614 2866 773 2895 rapuerunt,
788 2871 834 2890 nec
847 2863 1008 2898 [randarum

380 2910 517 2941 Panos.
539 2910 598 2941 Gn.
622 2910 774 2940 CXXVII.

1053 2478 1178 2519 aliquem.
1193 2477 1244 2519 Sed
1256 2478 1319 2519 quia
1332 2478 1538 2519 miscricordiam
1549 2487 1600 2506 non
1615 2479 1846 2516 [ecerunt,tuppli-

1055 2514 1095 2539 cio
1106 2514 1133 2539 in
1146 2521 1189 2540 eos
1207 2514 1367 2540 vindicatum
1380 2518 1428 2540 est.

1089 2547 1231 2583 Chrysost.
1246 2548 1436 2585 Misericordia
1455 2549 1591 2576 charitatis
1611 2550 1846 2585 prtestantissimus

1055 2590 1157 2614 ramus,
1174 2589 1197 2610 et
1209 2583 1413 2618 primogenitum
1427 2592 1533 2618 germen
1550 2590 1598 2611 est.
1611 2583 1662 2618 ΕΙ,
1679 2585 1702 2611 si
1717 2589 1847 2613 wiernum

1055 2618 1175 2657 punitur,
1190 2617 1235 2653 qui
1257 2617 1388 2657 bona,_ct
1407 2617 1471 2657 bene
1492 2627 1544 2645 non
1561 2620 1641 2654 fecit:
1657 2620 1739 2647 multo
1763 2623 1847 2657 magis

1057 2653 1204 2688 puniendus
1219 2661 1246 2680 es
1254 2653 1296 2684 tis,
1308 2654 1353 2689 qui
1365 2653 1437 2680 mala
1450 2662 1532 2689 supra
1541 2653 1747 2683 commemorata
1758 2653 1846 2684 admi-

1056 2689 1132 2715 serit.

1079 2722 1321 2764 _lsidor.._l}ivitia
1345 2732 1442 2759 parum
1470 2726 1578 2764 attentis
1601 2734 1639 2764 ac
1664 2727 1779 2764 providi:
1798 2728 1849 2755 mi-

1057 2759 1148 2797 nistrat
1160 2759 1285 2786 uitiorum
1299 2764 1380 2797 sunt;
1395 2765 1539 2797 paupertas
1554 2759 1723 2796 vigilantibus
1742 2764 1849 2797 sapien-

1057 2794 1104 2833 εἰς.
1127 2798 1211 2833 mater
1239 2799 1286 2821 est.
1310 2794 1339 2822 Si
1365 2794 1716 2833 igiturdivitiasramanles
1739 2794 1850 2833 benigne

1058 2829 1118 2890 :zliis
1135 2829 1220 2863 facere
1238 2829 1438 2863 contemnimus,
1450 2831 1523 2867 digni
1540 2840 1630 2859 sumus
1645 2834 1689 2868 qui
1704 2834 1781 2868 longo
1793 2829 1848 2867 igni

1068 2872 1218 2890 orreamur.

1068 2872 1218 2892 amamur.

1709 2916 1747 2946 23
