4130 6202
472 268 586 332 ’ῖῙῆ

481 400 663 444 autem
692 384 1010 441 memoriam
1043 391 1283 436 nostram
1315 379 1529 452 fugerat
1553 381 1996 455 (prolijacturam
2025 382 2063 451 l)
2098 402 2138 452 Α

479 482 569 537 illa
599 478 753 533 Pauli
780 492 881 531 vox
919 472 1164 529 inaudita
1189 487 1318 527 sane
1354 486 1410 528 et
1445 476 1807 529 admirabilis.

549 576 741 630 ANIMA.
768 569 852 624 Tu
877 584 1007 623 vero
1026 581 1215 623 vocem
1252 566 1400 621 illam
1432 568 1814 624 admirabilem
1840 585 1907 624 ne
1930 586 2059 639 pra:-

481 661 821 727 tcrmiseris;
870 659 966 715 sed
1024 658 1078 713 in
1135 658 1379 715 medium
1431 652 1641 731 profer,
1695 660 2066 732 celeriterque

481 759 674 814 recita.

549 849 713 905 Cano.
739 848 937 919 Accipe
960 848 1115 904 Pauli
1140 847 1369 904 verbum
1398 867 1410 903 :
1448 868 1465 901 ι
1506 847 1563 903 Si
1600 846 1764 903 fidem
1797 846 2067 914 habuero,

481 955 544 1002 ut
576 955 792 1009 montes
824 943 1184 1012 transferam;
1214 945 1259 1001 si
1287 943 1628 1001 distribuero
1658 944 1714 1000 in
1739 943 1894 1001 cibos
1926 960 2064 1015 pau-

483 1054 675 1109 perum
707 1051 902 1094 onmes
933 1035 1225 1093 facultates
1257 1052 1429 1103 meas,
1466 1035 1591 1092 etsi
1638 1035 1922 1092 tradidero
1950 1052 2073 1091 cor-

485 1147 589 1202 pus
620 1145 801 1186 meum
837 1129 910 1184 ita
943 1138 1001 1184 ut
1026 1128 1287 1196 ardeam;
1317 1130 1364 1185 si
1411 1128 1661 1186 habuero
1702 1129 2073 1201 prephetiam,

481 1232 540 1279 et
571 1223 817 1278 noverim
843 1222 1102 1294 mysteria
1136 1222 1320 1278 omnia
1350 1232 1406 1277 et
1427 1238 1646 1277 omnem
1670 1223 1957 1278 scientiam
1984 1240 1998 1289 ;
2025 1221 2070 1276 si

483 1318 649 1372 etiam
671 1315 874 1387 linguis
899 1316 1221 1387 angelorum
1260 1315 1478 1386 loquar,
1528 1316 1858 1371 charitatem
1889 1325 2073 1369 autem

486 1426 597 1464 non
660 1408 933 1473 habuero,
972 1408 1111 1463 nihil
1164 1408 1301 1463 mihi
1359 1407 1607 1479 proderit
1657 1409 1719 1462 ".
1760 1426 1777 1460 ι
1826 1405 2078 1462 Charitas

485 1499 907 1572 prophetarum,
933 1507 990 1553 et
1019 1497 1158 1569 legis
1184 1507 1351 1568 caput
1376 1513 1440 1553 ac
1460 1512 1660 1568 scopus
1685 1506 1787 1554 est.
1817 1495 2073 1551 Charitas

482 1602 569 1647 est
602 1607 691 1647 res
744 1591 1023 1646 maxima:
1061 1590 1305 1645 charitas
1357 1606 1447 1645 res
1492 1590 1700 1645 divina.
1748 1589 1923 1644 Deum
1958 1604 2078 1644 esse

483 1685 835 1751 charitatem,
861 1683 1101 1740 Joannes
1132 1682 1445 1754 Theologus
1473 1682 1742 1737 divinitus
1764 1683 1985 1753 scripsit
2007 1682 2075 1746 '°,

1734 257 2083 323 PHILIPPI
2128 257 2521 321 SOLITARII
3656 264 3759 329 ’ῖιὸ

2792 383 3017 442 CAPUT
3053 387 3141 443 ιν.
3224 392 3227 395 ’

2178 476 2336 529 Pauli
2398 474 2627 548 apostoli
2686 493 2811 547 erga
2850 478 3055 563 .Dcum,
3081 488 3131 533 et
3176 480 3479 552 proximum
3528 480 3759 538 Charitas

2182 570 2187 577 ’
2844 565 2913 603 rm
2922 566 3121 607 mensa.

2244 667 2437 720 Amm.
2486 666 2842 738 Quispiamne
2895 667 2950 721 in
2990 667 3094 721 hac
3136 666 3249 720 vita
3306 666 3606 736 reperitur,
3665 669 3757 738 qui

2172 760 2554 815 mandatorum
2588 758 3182 829 prtecellcntissimum,
3223 766 3283 811 ut
3314 757 3476 824 dicis,
3518 759 3760 815 charita-

2173 857 2280 906 tem
2310 850 2479 921 probe
2510 857 2713 917 servet,
2748 861 2809 907 ut
2832 850 3095 906 nimirum
3126 851 3297 905 Deum
3325 865 3388 905 ex
3425 859 3541 905 toto
3574 851 3758 918 corde,

2172 952 2225 999 et
2253 945 2563 1015 proximum
2595 953 2655 999 ut
2676 943 2917 1016 seipsum
2946 942 3171 1014 diligat?

2243 1037 2403 1094 Cano.
2437 1037 2551 1094 imo
2582 1037 2766 1106 multi,
2797 1037 3077 1108 iidemque
3108 1036 3326 1107 Optimi,
3363 1043 3417 1092 et
3442 1036 3653 1091 honore
3676 1035 3761 1090 di-

2177 1131 2291 1202 gni.
2324 1130 2380 1187 Si
2415 1142 2596 1188 tamen
2642 1147 2808 1188 nosse
2839 1130 3123 1187 desideras
3168 1130 3422 1211 quisnam
3452 1130 3507 1184 in
3536 1129 3622 1184 his
3650 1129 3759 1197 pri-

2179 1240 2295 1279 mas
2320 1223 2588 1288 obtineat,
2625 1233 2681 1280 et
2711 1223 2837 1297 quis
2876 1239 3045 1294 supra
3095 1223 3344 1289 modum,
3377 1220 3761 1277 vehementer-

2179 1330 2286 1384 que
2326 1314 2622 1369 Dominum
2673 1312 2950 1378 dileXerit,
2987 1323 3045 1369 et
3082 1315 3392 1385 proximum
3427 1312 3669 1383 legitime
3707 1321 3761 1363 ut

2179 1405 2420 1476 seipsum
2452 1424 2465 1460 :
2503 1405 2699 1473 Deum,
2756 1405 3004 1477 inquam,
3046 1406 3208 1478 plane
3241 1424 3260 1458 ι
3293 1422 3357 1460 ex
3397 1415 3510 1459 tota
3562 1405 3763 1465 anima,

2180 1507 2235 1553 et
2263 1514 2330 1553 ex
2367 1506 2479 1553 tota
2504 1507 2687 1553 mente
2728 1518 2773 1563 ι,
2802 1508 2864 1553 ιιι
2898 1500 2951 1553 in
2985 1499 3106 1570 lege
3137 1499 3406 1568 scriptum
3428 1514 3490 1553 ac
3518 1498 3767 1568 pra-scri-

2181 1599 2336 1660 ptum
2362 1599 2467 1656 est,
2515 1587 2668 1645 Pauli
2701 1589 3001 1661 Epistolam
3035 1590 3103 1644 ad
3136 1590 3413 1644 Romanos
3464 1604 3765 1659 percurre;

2184 1680 2313 1736 inde
2347 1680 2640 1736 charitatis
2688 1682 2946 1738 ardorem
2997 1682 3323 1752 perspicies,
3358 1696 3465 1751 qua
3516 1681 3603 1735 ille
3640 1695 3766 1750 erga

483 1786 542 1833 et
570 1789 883 1831 manentem
909 1776 965 1831 in
990 1775 1283 1843 charitate,
1306 1776 1362 1830 in
1389 1776 1502 1831 Deo
1538 1791 1787 1840 manere,
1822 1774 2074 1830 etDeum
2111 1761 2150 1815 Β
2186 1773 2354 1828 Deum
2387 1774 2811 1845 proximumque
2847 1775 3111 1846 flagrarit.
3156 1775 3357 1829 Verum
3404 1772 3534 1828 audi
3582 1783 3637 1828 et
3664 1773 3763 1827 ob-

487 1868 541 1924 in
575 1884 663 1925 eo.
688 1870 867 1938 Papae,
898 1877 1100 1938 quanta
1122 1875 1205 1922 est
1228 1866 1516 1922 charitatis
1546 1865 1663 1921 vis!
1697 1865 1908 1920 Rursus
1930 1865 2078 1919 aliud

491 1960 753 2032 quiddam
785 1975 817 2015 a
841 1957 1025 2015 Verbo
1050 1958 1117 2014 ad
1144 1958 1415 2015 honorem
1441 1957 1730 2013 charitatis
1756 1957 1808 2011 in
1829 1956 2082 2023 Evange-

490 2053 567 2107 lio
598 2050 807 2109 dicitur
838 2070 849 2105 :
887 2070 905 2103 ι
938 2050 1020 2107 Ab
1048 2051 1137 2106 his
1162 2050 1382 2107 duobus
1409 2049 1685 2106 mandatis
1712 2049 1971 2104 universa
1992 2047 2081 2103 lex

486 2145 715 2217 pendet,
761 2151 817 2200 et
869 2144 1172 2216 prophetm.
1222 2142 1449 2214 Diliges,
1509 2142 1710 2213 inquit,
1785 2142 2080 2197 Dominum

492 2240 665 2295 Deum
700 2245 853 2292 tuum
884 2253 951 2292 ex
986 2245 1102 2293 toto
1135 2234 1304 2293 corde
1347 2243 1464 2301 tuo,
1510 2242 1566 2290 et
1616 2250 1684 2290 ex
1734 2242 1846 2289 tota
1896 2235 2079 2289 anima

493 2343 605 2398 tua,
632 2342 689 2387 et
718 2347 785 2387 ex
816 2332 947 2386 totis
971 2330 1185 2385 viribus
1216 2330 1324 2385 tuis
1354 2347 1368 2384 :
1398 2337 1454 2385 et
1484 2328 1795 2400 proximum
1821 2320 1947 2398 (hoc
1973 2337 2079 2391 est,

488 2427 714 2479 t'ratrcrn
750 2420 927 2496 tuum)
960 2422 1107 2477 sicut
1136 2428 1189 2476 te
1218 2421 1399 2493 ipsum
1440 2422 1457 2444 ⁶
1489 2419 1558 2474 ³⁸.
1594 2438 1611 2471 ι

558 2516 615 2571 in
645 2516 850 2587 quibus
888 2523 1074 2569 autem
1107 2513 1252 2568 inest
1278 2512 1520 2566 charitas
1544 2508 1643 2582 (Ξ),
1673 2509 1729 2567 in
1759 2507 1827 2564 iis
1858 2523 2079 2579 quoque

492 2612 655 2666 fidem
680 2610 860 2665 inesse
880 2606 1233 2662 manifestum
1251 2610 1355 2660 est.
1384 2604 1598 2661 Rursus
1616 2602 1673 2657 in
1699 2602 1903 2674 quibus
1920 2602 2076 2667 ﬁdes,

488 2703 655 2758 etiam
692 2699 953 2755 cliaritas.
980 2699 1043 2754 In
1071 2697 1273 2769 quibus
1318 2711 1485 2768 porro
1536 2695 1780 2750 charitas
1834 2701 1891 2748 et
1943 2692 2081 2749 ﬁdes

489 2792 837 2853 coaluerunt,
867 2789 921 2843 in
947 2789 1014 2843 iis
1057 2797 1115 2843 et
1144 2787 1271 2852 alia,
1306 2800 1652 2857 quacunque
1685 2784 1893 2855 Optima
1924 2789 2080 2849 sunt,

492 2880 869 2953 reperiuntur.
898 2878 1058 2946 Quod
1092 2880 1140 2934 si
1171 2878 1415 2934 charitas
1459 2877 1722 2944 abfuerit,
1779 2892 1844 2934 ea
1897 2877 2082 2932 omnia

492 2974 683 3046 procul
717 2972 1004 3027 recedunt.
1043 2971 1258 3027 Audisti
1290 2980 1559 3044 quantum
1593 2971 1666 3027 sit
1721 2972 1774 3026 in
1814 2969 2083 3027 charitate

490 3064 758 3135 positum,
810 3072 868 3119 et
896 3061 1178 3134 quomodo
1198 3078 1265 3118 ex
1299 3062 1414 3131 ipsa
1433 3077 1533 3117 ceu
1566 3061 1739 3127 fonte,
1773 3070 1869 3117 aut
1896 3061 2080 3117 radice

492 3173 656 3212 omne
688 3155 960 3211 bonorum
988 3170 1218 3226 operum
1281 3171 1502 3227 germen
1550 3164 1803 3225 erumpat
1847 3154 2084 3225 profun-

494 3251 788 3319 daturque.
824 3249 1063 3305 Proinde
1095 3249 1421 3304 charitatem
1461 3249 1581 3305 cole
1604 3248 1743 3304 citra
1768 3263 1933 3319 quam
1970 3264 2082 3302 non

493 3352 579 3399 est
607 3341 881 3413 speranda
906 3344 1075 3409 salus,
1100 3341 1567 3413 quemadmodum
1607 3355 1637 3395 e
1665 3340 1952 3412 Scriptura
1986 3338 2087 3395 de-

493 3436 944 3492 monstravimus.

564 3580 605 3611 "
634 3576 677 3633 ll
699 3577 829 3635 Cor.
860 3591 976 3642 turi,
1003 3576 1055 3639 l,
1079 3574 1136 3629 2.
1214 3577 1259 3608 ’θ
1293 3574 1486 3631 lJoan.
1513 3591 1587 3641 tv,
1612 3575 1704 3631 15.

2111 3111 2159 3174 C

1780 3577 1822 3607 ²¹
1848 3574 2044 3633 Matth.
2074 3575 2307 3638 xxn,36,
2330 3576 2419 3631 57.

2186 1877 2475 1938 stupesce;
2505 1852 2757 1923 ausculta
2810 1878 2864 1923 et
2899 1878 3092 1937 treme,
3124 1876 3270 1924 tanta
3290 1867 3587 1923 verborum
3615 1867 3765 1947 Pauli

2182 1962 2359 2018 virtus
2413 1970 2519 2025 est,
2560 1968 2742 2015 tantus
2778 1960 2984 2016 amoris
3020 1963 3222 2015 mstust
3265 1979 3283 2010 ι
3319 1959 3455 2027 Quis
3513 1973 3615 2015 nos
3664 1974 3767 2019 un-

2182 2072 2347 2128 quam
2384 2053 2710 2124 separabita
2734 2054 3004 2109 charitate
3035 2053 3277 2109 Christi?
3307 2053 3428 2109 Non
3459 2051 3763 2115 tribulatio,

2183 2152 2292 2202 non
2331 2146 2603 2218 angustia,
2630 2161 2748 2200 'non
2783 2146 3110 2216 periculum,
3148 2160 3258 2199 non
3288 2142 3624 2215 persecutio,
3656 2157 3767 2198 non

2182 2240 2374 2300 fames,
2404 2252 2513 2291 non
2562 2235 2806 2302 auditas,
2860 2253 2967 2291 non
3020 2236 3256 2307 gladius,
3293 2252 3404 2291 non
3443 2250 3613 2301 mors,
3657 2247 3768 2289 non

2182 2326 2385 2399 angeli,
2430 2343 2538 2382 non
2576 2325 2948 2397 principatus,
2986 2342 3096 2381 non
3129 2326 3385 2391 virtutes,
3416 2341 3526 2379 non
3553 2325 3765 2379 instan-

2187 2420 2282 2486 tia,
2316 2435 2422 2476 non
2452 2419 2655 2486 futura,
2685 2435 2795 2474 non
2822 2418 3081 2485 altitudo,
3114 2434 3226 2473 non
3272 2416 3628 2489 profundum,
3657 2431 3767 2470 non

2183 2512 2287 2566 alia
2320 2511 2546 2567 omnino
2574 2522 2828 2566 creatura
2862 2526 3122 2581 separare
3164 2526 3250 2565 me
3278 2508 3479 2578 poterit
3505 2524 3537 2562 a
3585 2506 3770 2561 chari-

2184 2611 2294 2658 tate
2320 2603 2414 2657 Dei
2435 2603 2502 2655 ".
2544 2622 2562 2652 ι
2602 2601 2670 2656 Ει
2695 2601 2810 2657 haec
2832 2601 3057 2673 quidem
3086 2599 3153 2655 de
3177 2600 3446 2655 charitate
3466 2597 3617 2653 illius
3640 2609 3767 2667 erga

2183 2692 2379 2747 Deum.
2407 2691 2545 2764 Erga
2575 2692 2889 2763 proximum
2913 2709 3047 2748 vero
3074 2691 3220 2764 quod
3256 2690 3478 2753 attinet,
3524 2689 3767 2746 sitiebat.

2182 2787 2475 2859 appetebat
2512 2802 2705 2843 omnes
2732 2787 2932 2843 fratres
2958 2786 3182 2842 salvari.
3206 2788 3313 2841 Pro
3349 2785 3458 2839 illis
3493 2784 3611 2853 ipse
3645 2797 3703 2836 se
3733 2797 3765 2835 a

2186 2880 2419 2936 Domino
2458 2879 2815 2935 abscindebat
2842 2882 3156 2950 (anathema
3187 2879 3392 2952 quippe
3413 2880 3449 2898 “
3477 2877 3523 2907 ³³
3548 2872 3770 2930 divisio-

2182 2986 2307 3026 nem
2336 2987 2367 3025 a
2404 2970 2516 3025 Deo
2549 2970 2843 3043 signiﬁcat)
2871 2970 2966 3041 qui
3010 2982 3171 3025 erant
3199 2967 3506 3024 secundum
3539 2977 3760 3020 carnem

2190 3066 2430 3135 cognati,
2459 3064 2622 3119 modo
2655 3064 2890 3120 salutem
2925 3072 3422 3135 consequerentur.

2261 3156 2397 3222 Quis
2430 3166 2642 3212 tantum
2669 3172 2736 3212 ex
2767 3157 2919 3212 omni
2949 3156 3276 3212 saeculorum
3304 3151 3567 3210 memoria
3598 3163 3771 3204 ausus

2192 3249 2323 3305 est?
2361 3248 2495 3319 Quis
2545 3260 2756 3304 tantum
2802 3260 3030 3320 propter
3071 3246 3396 3303 charitatem
3440 3238 3773 3299 desideravit

2194 3342 2453 3413 perpeti?
2481 3342 2719 3413 egregie,
2748 3341 2996 3412 inquam,
3029 3338 3239 3409 perpeti
3271 3353 3374 3406 pro
3404 3336 3507 3391 fide
3545 3342 3602 3389 et
3630 3332 3768 3388 cha-

2196 3434 2383 3490 ritate.
2412 3433 2701 3500 Quomodo
2730 3450 2839 3489 non
2872 3432 3201 3488 demittebat
3228 3431 3498 3495 animum,
3551 3425 3645 3484 sed
3671 3418 3759 3479 au-

2500 3575 2545 3607 “
2566 3575 2727 3630 Rom.
2753 3588 2874 3638 vni,
2919 3571 2990 3625 53
3016 3571 3106 3627 59.
3178 3570 3225 3603 ⁸³
3281 3568 3439 3623 Rom.
3474 3580 3548 3629 Ix,
3573 3564 3627 3618 ὅ.

1751 3722 1969 3786 Jacobi
2000 3722 2283 3785 Gretseri
2321 3728 2513 3785 noue.

560 3866 643 3937 (ἓ)
671 3863 940 3937 Loquitur
967 3859 1166 3937 deiide
1192 3862 1316 3937 viva
1360 3871 1416 3937 et
1457 3863 1709 3937 formata,
1746 3870 1806 3917 ut
1840 3872 2075 3931 vocant;

494 3932 631 4007 min
652 3932 813 3989 fidem
842 3933 1087 4003 alioquin
1115 3932 1235 4007 sine
1261 3932 1532 4007 charitate
1558 3935 1865 4007 consistere
1895 3950 2075 4007 posse,

497 4004 586 4064 res
608 4016 697 4062 est
744 4008 1028 4075 explorata
1058 4004 1201 4073 apud
1243 4004 1603 4058 orthodoxos.
1632 4004 1872 4075 Etcum
1913 4005 2077 4073 paulo

494 4088 618 4149 post
652 4079 730 4131 ait
773 4074 1064 4149 recedente
1113 4075 1401 4149 charitate,
1429 4074 1613 4130 omnia
1664 4074 1767 4128 alia
1802 4074 2082 4149 recedere,

494 4146 738 4219 loquitur
769 4146 838 4200 de
866 4160 1087 4200 recessu
1132 4146 1313 4214 quoad
1351 4146 1593 4201 fructum
1630 4155 1884 4216 respectu
1911 4146 2079 4217 justi-

2186 3864 2710 3929 ficationis,meriti,
2735 3872 2791 3919 et
2809 3859 3210 3932 consequendze
3237 3853 3615 3917 beatitudinis,
3643 3867 3768 3906 cum

2185 3936 2395 4005 absque
2417 3935 2689 3990 charitate
2716 3935 2900 3987 omnia
2923 3934 3033 4005 sint
3057 3932 3210 4005 velut
3241 3942 3533 4005 ies_sona_ns
3553 3934 3603 4005 e_t
3628 3939 3772 4005 cam-

2187 3992 2365 4061 balu-m
2399 4007 2647 4061 tinniens.
2683 4005 2818 4060 Vide
2848 4003 3239 4059 Bellarminutn
3270 4002 3369 4057 lib.
3395 4014 3413 4052 ι
3455 3997 3529 4052 De
3557 3992 3767 4063 Justiti-

2190 4079 2415 4143 catione,
2453 4092 2573 4145 cap.
2607 4075 2691 4142 14,
2727 4076 2791 4130 l5
2816 4085 2872 4131 et
2899 4090 3054 4144 seqq.

1993 4282 2269 4345 Scholia.

564 4430 586 4448 ⁴
624 4424 878 4479 Basilius.
920 4420 1026 4476 His
1074 4423 1165 4492 qui
1213 4421 1442 4491 primum
1496 4424 1707 4493 pietatis
1753 4424 2081 4479 curriculum
2112 4434 2162 4493 Ι)
2191 4435 2264 4479 est
2296 4440 2470 4489 omne,
2503 4424 2645 4493 quod
2676 4423 2784 4479 Dco
2830 4422 3196 4495 suspcntlimus
3249 4429 3311 4495 et,
3328 4421 3585 4485 dicamus,
3630 4422 3771 4490 quod

494 4497 887 4570 ingrediuntur,
940 4495 1119 4570 timor,
1149 4502 1455 4570 _tanq_uam_
1502 4496 1689 4570 prima
1737 4496 2080 4570 rudimenta,

497 4510 887 4570 ingrediuntur,
940 4510 1119 4557 timor,
1181 4510 1443 4615 tanpuam
1515 4510 1689 4563 prima
1753 4510 2080 4558 rudimenta,

497 4569 682 4623 utilior
710 4575 806 4630 est,
826 4566 991 4633 juxta
1024 4563 1157 4634 illud
1183 4576 1199 4634 .f
1232 4580 1249 4612 ι
1302 4564 1602 4634 ’ri_ncipium
1626 4566 1902 4634 sapientia:
1927 4569 2085 4619 timor

501 4638 714 4694 Domini
765 4632 947 4707 (Prov.
1013 4648 1083 4694 Ix,
1121 4632 1230 4707 ιο),
1265 4651 1284 4683 ι
1342 4632 1443 4697 Qui
1474 4632 1788 4707 autem_,_'_ut
1807 4636 2082 4707 jnfantes,

494 4714 632 4763 tacte
684 4703 916 4778 amplius
966 4719 1071 4756 non
1114 4704 1375 4778 indigent,
1428 4704 1519 4778 sed
1562 4704 1743 4758 solidis
1795 4703 2086 4775 Scriptura:

496 4775 1171 4851 dogmatisutihpossunt,
1225 4775 1292 4851 iis
1340 4775 1718 4851 mandatorum
1771 4778 2082 4846 prwcipua,

497 4842 773 4905 charitatis
811 4842 1004 4901 scilicet
1047 4860 1173 4915 erga
1215 4842 1382 4897 Deum
1422 4853 1470 4897 et
1517 4842 1840 4914 proximum,
1894 4842 2086 4919 propo-

495 4930 719 4976 nuntur.

569 4994 605 5013 "
660 4988 999 5060 Anathemati
1061 4985 1275 5060 honoris
1327 5000 1493 5040 causa
1547 4985 1727 5041 nullus
1793 4989 2084 5060 appropin-

493 5078 664 5129 quare
693 5063 853 5113 audet
886 5076 899 5111 :
932 5058 997 5111 ab
1019 5057 1257 5129 abscisso
1284 5064 1480 5121 autem,
1513 5066 1562 5109 et
1596 5072 1656 5109 eo
1690 5061 1780 5129 qui
1810 5057 1978 5129 tua";
2001 5076 2082 5113 εδ-

492 5126 572 5187 set
596 5134 906 5195 anathema,
929 5129 1202 5181 contraria
1224 5126 1473 5181 decausa
1498 5142 1679 5183 omnes
1702 5126 1765 5182 ’.τε
1796 5126 2080 5185 removent.

495 5203 858 5272 Acseparatio
899 5199 1111 5267 quidem
1152 5214 1264 5272 un_a_
1307 5207 1444 5272 erat,
1473 5214 1591 5251 cum
1638 5200 1743 5264 hic,
1798 5209 1846 5252 et
1871 5200 2004 5254 illud
2049 5219 2083 5254 a

497 5266 840 5326 multitudine
864 5266 1178 5323 vitarentur.
1204 5266 1264 5321 Μ
1269 5271 1402 5322 odus
1414 5277 1588 5322 autem
1603 5272 1959 5339 separationis
1979 5287 2083 5325 non

498 5343 656 5401 idem.
684 5341 774 5394 sed
813 5341 978 5409 priori
1020 5340 1341 5392 contrarius.
1385 5340 1734 5393 Anathemate
1768 5341 1905 5394 enim
1960 5351 2085 5393 tan-

494 5427 654 5482 quam
715 5427 769 5464 re
816 5408 1094 5482 'dedicata‘
1127 5408 1455 5482 abstinebant
1498 5425 1522 5482 :_
1562 5413 1659 5463 hoc
1711 5421 1889 5466 autem
1955 5422 2081 5465 tan-

497 5477 660 5552 quam
715 5482 950 5536 alienato
986 5497 1018 5532 a
1053 5477 1183 5544 Deo,
1210 5490 1258 5534 et
1300 5481 1365 5534 ab
1396 5480 1634 5535 Ecclesia
1671 5485 2082 5536 orthodoxorum

494 5554 741 5605 abrupto.

568 5569 855 5693 ἱυιιρτῒέθει.
886 5618 1159 5693 Discamus
1210 5622 1465 5693 primum,
1501 5622 1715 5692 quidsit
1771 5625 2080 5687 anathema,

492 5702 546 5747 et
570 5692 695 5747 tunc
717 5694 940 5747 sciemus
968 5692 1093 5762 quid
1117 5693 1182 5746 sit
1230 5693 1387 5746 Pauli
1429 5694 1735 5748 anathema.
1786 5696 2080 5749 Anatncma

2190 4512 2342 4550 nemo
2364 4497 2605 4566 profanis
2633 4496 2878 4566 manibus
2932 4494 3159 4566 audiebat
3210 4494 3490 4562 attingere,
3536 4506 3630 4542 nec
3652 4506 3772 4566 pro-

2186 4569 2305 4638 pius
2345 4561 2607 4638 accedere.
2631 4565 2718 4621 Sic
2747 4570 2906 4638 etiam
2937 4566 3001 4619 ab
3023 4564 3255 4638 Ecclesia
3274 4561 3603 4632 separatum,
3633 4561 3770 4615 etab

2188 4636 2428 4691 omnibus
2468 4636 2773 4700 abscissum,
2816 4636 3218 4705 longissimeque
3262 4644 3520 4685 remotum
3587 4641 3763 4705 uocat,

2186 4709 2459 4761 contraria
2489 4706 2875 4779 signiﬁcatione
2908 4702 3161 4761 Eedieens
3206 4705 3467 4779 omnibus,
3492 4711 3570 4779 _nt
3604 4702 3772 4757 multo

2186 4795 2305 4831 cum
2336 4780 2522 4831 timore
2542 4775 2607 4830 ab
2641 4794 2700 4830 eo
2725 4779 3044 4839 abstineant,
3076 4784 3125 4827 et
3149 4775 3406 4829 resiliunt.
3433 4775 3522 4827 Ait
3552 4781 3731 4825 autent
3753 4790 3773 4828 :

2194 4866 2212 4898 ι
2245 4849 2482 4902 Volebam
2511 4853 2794 4901 anathema
2818 4864 2927 4900 esse
2959 4866 3006 4910 ι,
3038 4847 3091 4898 id
3121 4856 3216 4912 est,
3250 4844 3605 4901 exsecrabilis.
3654 4859 3775 4897 cum

2186 4935 2287 4989 quo
2318 4918 2439 4973 aliis
2469 4918 2600 4972 nihil
2633 4934 2908 4971 commune
2931 4926 3029 4978 est,
3062 4933 3165 4989 non
3194 4917 3388 4989 habens
3415 4922 3621 4989 partem
3653 4929 3773 4967 cum

2186 4984 2416 5051 Christo,
2450 4998 2508 5042 ut
2542 4990 2847 5043 traderetur
2898 4988 3133 5053 diabolo,
3184 4997 3233 5041 et
3280 4984 3669 5057 ﬂagellaretur,
3722 4993 3775 5037 et

2186 5076 2363 5128 prunas
2391 5059 2581 5114 lsraeli
2619 5061 2680 5114 ob
2713 5060 3131 5114 incredulitatem
3157 5060 3210 5111 in
3267 5055 3435 5109 Deum
3457 5055 3585 5128 jure
3635 5056 3775 5107 irro-

2184 5127 2413 5199 gandas,
2435 5134 2545 5201 ipse
2573 5133 2834 5185 sustinere
2861 5131 3063 5183 deberet
3088 5144 3104 5181 :
3134 5147 3150 5178 ι
3186 5127 3636 5201 Quemadmodum
3663 5131 3775 5177 tra-

2185 5203 2315 5271 didit
2343 5203 2584 5255 Christus
2616 5203 2951 5271 semetipsum
2975 5217 3070 5270 pro
3095 5202 3261 5263 nobis,
3287 5207 3336 5251 et
3360 5200 3528 5271 {actus
3556 5203 3630 5271 est
3658 5211 3776 5247 ma-

2187 5270 2451 5325 ledictum.
2482 5265 2810 5326 Maledictus'
2853 5265 3013 5335 enim,
3051 5271 3243 5341 inquit,
3309 5265 3478 5321 omnis
3526 5265 3614 5335 qui
3643 5280 3776 5341 pen-

2185 5347 2270 5394 det
2301 5345 2355 5395 in
2388 5342 2531 5412 ligno
2563 5343 2744 5409 (Galat
2789 5358 2846 5405 ll,
2879 5344 2955 5411 5).
2995 5361 3013 5394 ι
3044 5338 3147 5412 na
3178 5351 3355 5394 autem
3387 5353 3486 5407 pro
3510 5338 3777 5412 tratribus

2187 5416 2345 5475 meis,
2372 5406 2588 5482 propter
2620 5406 2937 5466 charitatem
2968 5415 3022 5465 in
3051 5410 3317 5466 Christum
3342 5406 3591 5479 cognatos
3612 5423 3665 5459 se

2187 5475 2679 5554 ligere'Ap'ostolus
2734 5485 3021 5552 signiﬁcat.
3091 5482 3358 5546 Quoniam
3405 5475 3567 5554 quem
3617 5475 3772 5529 nulla

2185 5548 2493 5606 creaturaa
2548 5548 2807 5608 charftate
2872 5548 3065 5609 Lhristi
3120 5567 3375 5624 separare
3416 5548 3605 5620 patuit,
3636 5562 3772 5616 quo-

2185 5626 2338 5677 modo
2365 5639 2481 5678 eum
2540 5629 2773 5680 charitas
2832 5622 3187 5695 coquatoruni
3234 5632 3283 5677 ct
3337 5622 3567 5692 fratrum
3612 5634 3769 5686 sepa-

2185 5706 2350 5748 rasse!
2369 5699 2393 5747 ?
