4130 6202
431 367 535 431 717

1871 369 2219 433 DlUPTRA.

3546 384 3654 448 7le

423 484 594 543 debat
671 482 939 538 adversus
999 481 1207 547 omnia,
1263 494 1477 540 terrena
1522 494 1578 540 et
1626 486 1887 549 coelestia,
1944 498 2003 541 ut
2035 496 2072 547 Α
2107 488 2231 542 silio
2286 488 2585 559 unicuique
2628 491 2957 546 tentationcs
2991 493 3274 550 eveniunt.
3322 495 3477 551 llaud
3510 512 3675 570 supra

412 578 696 637 Christum
739 574 1125 631 luerifaceret?
1174 574 1348 642 Quem
1386 575 1558 632 Paulo
1579 576 1813 633 similem
1861 578 2002 633 vidi-

428 669 588 725 mus?
613 675 711 722 aut
769 668 893 736 quis
943 682 1185 735 unquam
1229 667 1610 740 hujuscemodi
1675 670 2000 726 eliaritatem

418 760 691 832 spirabit?
739 758 843 824 En,
903 758 1139 823 absolvi,
1188 774 1311 828 qua:
1365 760 1435 817 de
1485 760 1754 816 ebaritate
1818 762 2002 817 dicere

418 854 610 917 habui,
659 861 775 907 tum
821 866 893 907 ex
924 852 1181 919 aliorum,
1236 864 1350 909 tum
1419 869 1487 909 ex
1540 853 1694 909 Pauli
1755 853 1997 924 scriptis,

415 955 625 1017 quanta
670 946 937 1002 nimirum
995 946 1051 1000 in
1099 962 1167 1002 eo
1211 946 1455 1003 charitas
1507 946 1706 1012 fuerit,
1739 955 1796 1003 et
1839 961 2000 1017 quam

419 1040 657 1096 miriﬁce
683 1040 856 1095 Deum
884 1038 1158 1093 dilexerit.

480 1134 680 1186 ANIIA.
699 1130 950 1201 Intelligo
969 1130 1115 1185 dicta
1139 1138 1199 1185 et
1241 1130 1434 1185 miror.
1463 1131 1691 1185 Paulum
1724 1146 1853 1185 vero
1874 1146 2000 1200 pro-

412 1230 539 1290 pter
571 1219 830 1274 virtutem
858 1218 1259 1275 incredibiliter
1287 1220 1554 1290 suspicio.

484 1310 655 1367 Cano.
681 1309 845 1381 Atqui
876 1310 1079 1365 Paulus
1110 1319 1311 1365 natura
1339 1311 1505 1367 homo
1546 1310 1672 1376 fuit,
1719 1314 1999 1368 omnium-

416 1419 528 1474 que
551 1403 783 1457 aliorum
828 1398 1049 1467 similis,
1101 1417 1416 1473 quanquam
1460 1402 1599 1458 civis
1642 1402 1908 1459 cmlestis.
1940 1402 1996 1458 Si

419 1497 603 1564 itaque
626 1493 857 1549 salutem
882 1503 1144 1549 aeternam
1184 1494 1409 1563 assequi
1453 1494 1827 1564 concupiscis,
1858 1494 1999 1551 Pau-

416 1585 529 1638 lum
564 1583 662 1638 tibi
689 1583 1014 1638 imitandam
1046 1599 1311 1653 propone.
1345 1583 1499 1650 Quod
1528 1586 1571 1639 si
1601 1601 1725 1655 qua:
1749 1586 1997 1657 singula-

415 1677 493 1729 ris
526 1674 764 1729 tcntatio
796 1682 851 1729 te
886 1674 1168 1739 invaserit,
1197 1683 1296 1729 aut
1319 1675 1599 1744 insperata
1628 1675 1917 1734 calamitas
1944 1687 1996 1732 te

415 1766 780 1835 oppresserit,
800 1769 870 1820 ab
897 1766 1215 1823 hominibus
1239 1767 1624 1835 pestilentibus
1642 1769 1884 1841 occulte,
1903 1780 1999 1826 aut

416 1857 599 1926 palam
632 1857 872 1920 inchta,
904 1872 975 1912 ne
997 1859 1248 1921 concide,
1281 1858 1363 1913 fer
1383 1873 1545 1929 aaquo
1579 1860 1784 1926 animo,
1812 1870 1869 1917 et
1898 1877 1995 1931 pe-

415 1961 533 2005 tere
553 1950 704 2020 quod
744 1950 969 2017 accidit,
1000 1966 1067 2009 ne
1097 1952 1326 2008 ﬂuctus.
1353 1953 1501 2010 Pone
1522 1962 1649 2009 ante
1680 1955 1871 2011 oculos
1890 1957 1990 2015 Pa-

412 2051 528 2095 tres
553 2042 833 2110 antiquos,
852 2057 995 2111 pone
1017 2051 1306 2113 martyres,
1333 2058 1479 2112 pone
1504 2044 1819 2114 prophetas,
1851 2062 1995 2116 pone

412 2132 645 2186 chorum
662 2133 1057 2202 apostolorum,
1086 2148 1227 2203 pone
1256 2135 1527 2206 majorum
1556 2135 1991 2193 multitudinem.

416 2221 594 2288 Quam
646 2223 846 2280 multas
903 2223 1289 2281 tribulationes
1333 2234 1390 2282 et
1445 2244 1722 2285 mumnas
1762 2229 1994 2300 quisque

412 2313 742 2367 emntlavitl
775 2313 950 2380 Quam
1010 2314 1192 2371 varios
1241 2319 1557 2387 cmeiatus,
1607 2322 1990 2385 contumelias.

415 2400 757 2464 vexationes,
805 2402 1174 2469 incommoda,
1208 2406 1479 2463 malorum
1539 2417 1890 2479 tempestates
1940 2420 1997 2466 et

416 2500 626 2547 mortes
657 2496 867 2563 experti
919 2498 1087 2552 sunt!
1136 2498 1343 2554 llorum
1378 2502 1719 2571 propositum
1749 2513 1804 2558 et
1831 2503 1994 2559 tidem

413 2583 663 2638 Studiose
697 2584 936 2651 imitare,
970 2595 1026 2642 et
1058 2602 1201 2644 onus
1228 2590 1497 2646 malorum
1531 2601 1751 2647 tuorum
1781 2594 1995 2649 sustine

416 2683 479 2728 ut
512 2685 687 2743 potes,
714 2683 772 2731 et
804 2678 1110 2734 salvabere.

484 2764 661 2821 Omne
693 2767 841 2836 quod
871 2769 973 2825 tibi
998 2771 1320 2841 applicitum
1356 2774 1547 2841 fuerit,
1572 2775 1782 2847 accipe,
1843 2786 1899 2831 ot
1938 2778 1994 2832 in

388 2852 632 2918 dolore,
656 2865 713 2910 ct
737 2856 792 2913 in
851 2860 1154 2915 mutatione
1181 2861 1511 2918 humilitatis
1542 2873 1650 2919 tuo
1673 2865 1993 2934 patientiam

417 2944 560 2999 habe
592 2960 611 3000 :
640 2948 903 3015 quoniam
932 2948 989 3005 in
1022 2950 1145 3020 igne
1179 2953 1448 3021 probatur
1481 2969 1677 3009 aurum
1709 2955 1777 3020 “,
1817 2956 1997 3011 homi-

414 3049 519 3089 nes
546 3050 675 3093 vero
698 3039 1051 3107 receptibiles
1072 3041 1128 3095 in
1154 3042 1377 3099 camino
1394 3044 1725 3100 humilitatis
1745 3063 1763 3097 :
1797 3065 1815 3096 ι
1843 3046 1996 3101 Tolle

419 3129 773 3234 temptationes,
827 3145 992 3189 nemo
1042 3132 1150 3189 erit
1180 3142 1406 3190 sanctus
1440 3152 1455 3189 :
1487 3135 1646 3192 aufer
1692 3138 1991 3204 molestias,
2018 3168 2065 3234 ο

416 3218 763 3285 atlllctiones,
793 3221 1062 3287 miserias,
1092 3237 1259 3279 nemo
1287 3226 1609 3283 salvabitur.
1640 3247 1659 3279 ι

1056 3335 1283 3391 CAPUT
1308 3338 1371 3392 ν.

420 3443 523 3509 Qui
551 3447 808 3524 irruentes
864 3451 1174 3524 tentationcs
1194 3452 1609 3524 Aaﬂlictioucsque
1640 3463 1795 3524 grata
1829 3463 1997 3507 urente

490 3517 1100 3593 pertulerittprwmium
1132 3517 1470 3593 adepturum.
1507 3517 1609 3586 Qui
1640 3517 1843 3577 invitus
1876 3539 1996 3593 pcr-

490 3586 690 3663 tutcrit,
711 3586 917 3643 nullum
934 3586 1268 3660 adepturum.
1288 3590 1484 3661 Scopas
1504 3594 1851 3647 tractationum
1866 3586 1999 3663 que-

491 3657 735 3726 Δωριεῖ.

495 3770 684 3825 Λκιιιλ.
736 3768 1072 3839 Frequenter
1124 3785 1211 3827 me
1261 3772 1590 3828 tentationes
1622 3774 1871 3843 quaedam
1914 3776 1996 3829 in-

421 3870 700 3925 vaserunt,
734 3877 873 3931 quas
887 3876 989 3932 ego
1015 3860 1086 3915 ob
1107 3864 1272 3917 animi
1298 3864 1728 3921 imbecillitatem
1759 3866 1995 3921 tolerare

388 4009 393 4015 ,
419 3956 667 4023 nequivi.
1344 3953 1352 3962 ’

489 4045 653 4099 Cano.
686 4046 807 4102 Non
839 4048 914 4103 ita
959 4058 1079 4115 est;
1105 4049 1494 4112 velamentum,
1527 4055 1581 4100 et
1612 4046 1793 4102 inanis
1823 4062 1992 4103 excu-

420 4136 560 4189 satio
590 4145 677 4192 est
707 4139 850 4208 quod
884 4139 1043 4195 dicis.
1078 4138 1135 4196 Si
1173 4153 1364 4193 verum
1395 4136 1592 4193 audire
1625 4137 1730 4204 vis,
1760 4137 1992 4192 Paulum

423 4227 553 4282 audi
586 4247 598 4283 :
644 4248 662 4282 ι
701 4230 1035 4288 Benedictus
1060 4232 1224 4296 Deus,
1258 4231 1459 4300 inquit,
1486 4231 1582 4299 qui
1611 4243 1722 4289 non
1751 4228 1992 4298 patietur

420 4331 519 4371 vos
552 4321 750 4376 tentari
781 4337 947 4393 super
982 4322 1035 4377 id
1054 4321 1448 4393 quodpotestis
1469 4323 1569 4377 ".i
1601 4319 1736 4376 Nam
1760 4321 1852 4391 qui
1872 4330 1992 4375 ten-

421 4409 723 4465 tationibus
750 4411 1119 4478 lacessuntur,
1152 4410 1262 4465 illis
1290 4411 1434 4465 Deus
1468 4408 1635 4463 robur
1656 4408 1831 4464 addit.
1864 4407 1989 4463 Tri-

2086 1990 2114 2006 Ὦ

2106 580 2272 645 vires,
2309 581 2407 635 sed
2433 596 2569 651 quas
2618 581 2777 636 facile
2828 584 3124 639 sustineas.
3176 583 3444 651 Quoniam
3494 600 3678 647 autent

2101 671 2223 726 alia:
2248 672 2551 727 secundum
2588 674 2951 728 oeconomiam
2992 675 3102 730 Deo
3138 678 3512 745 permittente,
3558 681 3680 737 alia:

2101 763 2298 818 eodem
2333 764 2551 819 volente
2602 774 2661 819 et
2715 765 2934 821 favente
2974 768 3252 834 accidunt,
3281 785 3393 824 non
3437 772 3687 845 intelligo

2102 869 2204 908 cur
2239 857 2382 909 istuc
2428 855 2601 921 dicas,
2637 855 2783 924 quod
2810 856 2968 912 dicis.
3025 859 3146 913 Non
3208 870 3384 929 potes,
3423 880 3557 930 non,
3598 867 3681 921 in.

2102 963 2292 1018 quam,
2316 956 2471 1018 potes
2502 948 2707 1018 absque
2742 950 3192 1009 tribulationibus
3229 956 3403 1013 salute
3441 958 3606 1029 potiri
3634 965 3673 1013 '.

2171 1081 2339 1137 Nemo
2367 1093 2629 1151 przeterea
2655 1085 2818 1141 vitam
2849 1087 2996 1141 omni
3026 1088 3248 1145 tristitia
3272 1102 3553 1149 vacantem
3576 1097 3662 1151 de.

2102 1175 2203 1245 git,
2235 1175 2699 1244 quemadmodum
2733 1193 2895 1234 nemo
2930 1195 3027 1248 per
3088 1196 3237 1236 mare
3267 1182 3413 1237 circa
3450 1184 3676 1241 ﬂuctum

2098 1267 2343 1338 navigat.
2382 1268 2489 1322 Sed
2521 1278 2580 1323 ut
2610 1286 2806 1325 aurum
2847 1271 2901 1324 in
2928 1272 3052 1342 igne
3093 1274 3378 1342 probatur,
3428 1278 3676 1348 splendi-

2100 1357 2334 1428 diusque
2363 1367 2420 1414 et
2448 1359 2678 1415 solidius
2708 1359 2943 1415 eﬂicitnr
2972 1379 2989 1429 ;
3024 1364 3097 1417 ita
3146 1373 3196 1418 te
3249 1379 3468 1436 quoque
3502 1377 3679 1425 tenta-

2103 1449 2310 1503 tionum
2345 1448 2576 1505 ﬂamma:
2606 1461 2861 1523 purgant,
2906 1461 2964 1508 et
3016 1453 3281 1511 sordibus
3335 1458 3678 1529 maculisque

2100 1539 2468 1597 tenebricosis
2495 1541 2756 1598 liberant.
2792 1542 2948 1599 Nulla
2978 1547 3129 1600 enim
3176 1547 3512 1617 relinquitur
3543 1565 3675 1620 pur-

2099 1635 2269 1703 gatio,
2301 1648 2409 1686 non
2446 1632 2649 1688 dantur
2677 1634 2897 1703 praemia
2934 1635 3147 1701 salutis,
3173 1638 3279 1694 nisi
3308 1649 3461 1709 grata
3487 1641 3682 1699 volun-

2101 1732 2210 1778 tate
2239 1724 2570 1779 tentationes
2594 1724 2852 1780 admittas
2894 1743 2907 1779 :
2937 1724 3027 1781 cui
3070 1728 3146 1782 rei
3176 1730 3465 1786 maximam
3518 1733 3677 1787 fidem

2029 1843 2070 1899 Β
2099 1822 2388 1882 martyres,
2414 1812 2481 1868 de
2502 1812 2703 1883 quibus
2733 1812 2993 1879 diximus,
3029 1817 3348 1872 conciliant.
3390 1820 3677 1876 Neminem

2100 1904 2300 1972 Paulus
2325 1904 2534 1974 absque
2575 1909 2878 1961 tentatione
2923 1915 2981 1961 et
3036 1907 3225 1964 dolore
3261 1910 3519 1981 intrasse,
3575 1924 3672 1973 aut

2100 1996 2434 2051 intraturum
2457 1996 2510 2049 in
2537 2012 2765 2068 regnum
2792 1997 3054 2053 caelorum
3076 1998 3309 2055 affirmat
3332 2021 3344 2055 :
3368 2025 3386 2054 ι
3412 2004 3517 2059 Per
3542 2006 3676 2060 ηιυιο

2100 2096 2183 2141 tas
2214 2085 2621 2152 tribulationes,
2648 2087 2848 2158 inquit,
2881 2098 3095 2158 oportet
3137 2106 3240 2147 nos
3267 2093 3473 2150 intrare
3501 2094 3556 2150 in
3578 2111 3669 2151 re-

2092 2178 2268 2249 gnum
2307 2178 2402 2234 Dei
2435 2178 2511 2243 ⁸⁸..
2547 2198 2566 2232 ι
2602 2177 2807 2233 Fidelis
2831 2189 2934 2245 est,
2959 2179 3052 2250 qui
3079 2181 3183 2237 hoc
3211 2182 3363 2249 dicit,
3403 2193 3462 2240 et
3492 2184 3669 2242 fidelis

2099 2266 2265 2331 Deus,
2319 2279 2377 2324 ut
2412 2269 2458 2300 "
2494 2268 2636 2323 idem
2690 2267 2904 2325 scribit.
2955 2268 3332 2339 Tentationes,
3377 2280 3439 2328 ut
3477 2272 3662 2339 docui,

2099 2361 2167 2413 ad
2192 2360 2481 2414 utilitatem
2515 2360 2794 2416 accidunt.
2821 2360 3093 2418 Accidunt
3112 2371 3296 2418 autem
3327 2363 3505 2420 modis
3530 2381 3662 2436 qua-

2104 2459 2248 2518 tuor,
2273 2466 2368 2505 seu
2411 2449 2519 2506 fine
2553 2450 2920 2522 quadruplici,
2952 2453 3100 2522 quod
3142 2451 3519 2509 ostendemus.
3562 2455 3670 2511 Aut

2103 2552 2161 2598 nt
2186 2542 2460 2614 praeterita
2496 2551 2718 2612 peccata
2749 2542 3000 2609 deleant;
3032 2552 3127 2598 aut
3159 2554 3217 2600 ut
3244 2544 3330 2599 illa
3357 2560 3481 2615 quae
3519 2562 3666 2602 niiuo

2100 2637 2155 2691 in
2180 2636 2341 2691 nobis
2368 2642 2692 2705 operantur,
2720 2633 3039 2705 impediant,
3071 2634 3133 2690 in
3162 2635 3249 2691 his
3296 2636 3390 2707 qui
3431 2636 3677 2694 moribus

2098 2736 2228 2782 sunt
2256 2726 2542 2797 improbis,
2566 2735 2621 2780 et
2644 2726 2698 2780 in
2730 2727 2874 2781 viam
2921 2725 3103 2783 redire
3130 2726 3357 2793 nolunt;
3384 2737 3479 2783 aut
3502 2739 3561 2783 ut
3607 2744 3677 2783 ne

2098 2818 2259 2873 cadat
2286 2818 2380 2888 qui
2408 2817 2641 2874 feliciter
2674 2817 2868 2883 currit,
2893 2825 2949 2873 et
2981 2818 3283 2874 tentatione
3306 2818 3538 2890 spiritus
3564 2820 3674 2875 ela-

2100 2921 2183 2965 tos
2207 2919 2518 2975 coercente,
2550 2909 2753 2964 malum
2782 2922 3038 2979 magnum
3072 2909 3331 2981 eﬂ‘ugiat;
3358 2919 3454 2965 aut
3486 2920 3547 2965 ut
3574 2927 3669 2966 ex-

2098 3001 2343 3070 ploretur
2364 3015 2429 3055 ac
2449 3000 2713 3071 probetur
2734 2997 3002 3070 quispiam
3025 3016 3038 3052 :
3066 3014 3177 3067 quo
3200 3011 3357 3069 pacto
3372 3000 3506 3072 justi
3530 3016 3673 3057 com-

2099 3092 2284 3162 plures
2341 3091 2556 3161 probati
2603 3090 2846 3147 fuerunt.
2899 3089 3209 3147 Recordare
3256 3088 3557 3149 Abrahami
3616 3105 3673 3149 et

2097 3183 2223 3248 Job,
2268 3181 2513 3236 virorum
2547 3180 2899 3235 eximiorum.
2948 3179 3069 3234 Noli
3102 3181 3294 3236 timere
3351 3183 3674 3240 tentationis

2102 3272 2503 3328 incommodum
2527 3288 2541 3336 ;
2565 3270 2676 3326 noli
2708 3280 2949 3325 metuere
2977 3270 3349 3325 molestiarum
3373 3288 3511 3330 onus
3532 3289 3547 3340 ',
3572 3276 3670 3329 sed

2098 3362 2141 3414 si
2173 3369 2223 3415 te
2244 3362 2446 3415 adortae
2465 3360 2693 3425 fuerint,
2712 3360 2937 3413 admitte
2962 3377 2974 3411 :
2996 3360 3041 3413 si
3062 3359 3382 3430 invaserint,
3407 3362 3671 3419 consiste.

2076 3453 2239 3508 ‘Cave
2270 3452 2570 3522 quidquam
2600 3450 3008 3521 pusillanimnm
3040 3450 3371 3518 committas,
3400 3451 3666 3525 Gregorio

2097 3543 2372 3612 Theologo
2390 3542 2597 3597 utiliter
2613 3540 2948 3611 praecipienti
2968 3541 3318 3610 obtempera:
3341 3561 3359 3595 ε
3384 3543 3675 3600 lncursan-

2098 3645 2179 3690 tes
2215 3634 2567 3699 tentationes,
2603 3633 2799 3704 inquit,
2832 3647 3099 3701 generose
3134 3630 3352 3703 suscipe
3386 3653 3398 3688 :
3435 3635 3670 3707 castiga-

2098 3728 2299 3781 tionem
2334 3724 2553 3796 ﬂagelli,
2588 3724 2926 3779 sanationem
2957 3732 3149 3792 reputa
3182 3724 3242 3776 ".
3291 3742 3309 3774 ι

2166 3860 2508 3916 Atﬂictiones
2540 3867 2793 3929 tanquam
2814 3857 3017 3914 ﬂuctus
3039 3857 3233 3913 tolera.
3262 3856 3408 3914 Veiis
3429 3858 3673 3914 incidere

2097 3954 2152 4007 in
2173 3968 2367 4008 manus
2386 3952 2597 4006 Domini
2622 3952 2826 4022 potius,
2850 3967 3012 4020 quam
3038 3951 3093 4006 in
3119 3965 3316 4007 manus
3344 3950 3669 4009 hominum:

2096 4044 2324 4114 castigat
2350 4047 2497 4099 cnim
2539 4044 2591 4098 in
2638 4041 3035 4106 misericordia,
3060 4057 3170 4096 non
3201 4043 3256 4096 in
3289 4041 3391 4107 ira,
3431 4050 3488 4097 et
3536 4057 3672 4098 con-

2095 4137 2420 4191 solutionem
2453 4135 2830 4204 consequeris,
2862 4135 3005 4189 sicut
3035 4147 3268 4204 magnus
3299 4127 3391 4187 iile
3419 4131 3524 4188 Job
3542 4148 3673 4190 con~

2095 4237 2319 4282 secutus
2352 4237 2454 4283 est.
2500 4226 2607 4291 Qui
2650 4226 2837 4281 omnia
2896 4227 3032 4282 citra
3066 4224 3471 4295 exceptionem,
3524 4226 3677 4282 velut

2096 4318 2361 4372 beneficia
2396 4331 2690 4387 perpessus
2711 4325 2815 4379 est,
2841 4331 3187 4386 quaecunque
3210 4316 3288 4371 illi
3315 4317 3529 4373 daemon
3548 4324 3670 4372 ten-

2097 4419 2240 4465 tator
2274 4407 2489 4467 inﬂixit.
2522 4407 2629 4463 Sed
2657 4422 2771 4463 rem
2795 4423 2989 4463 novam
3023 4423 3270 4478 prorsus,
3296 4419 3353 4466 et
3380 4411 3670 4465 maximam

422 4497 732 4554 bulationes
755 4517 855 4570 pro
882 4510 996 4555 rata
1024 4510 1178 4571 parte
1210 4500 1408 4554 virium
1433 4499 1751 4557 hominibus
1772 4501 1986 4557 contin-
2021 4509 2062 4564 n
2090 4501 2399 4557 considera.
2422 4498 2702 4555 Ambobus
2734 4501 2979 4570 pecunia:
3008 4503 3403 4568 possessiones,
3430 4510 3484 4557 et
3508 4516 3672 4557 omne

424 4597 580 4657 gunt,
644 4589 882 4645 robustis
925 4591 1225 4660 graviores,
1276 4588 1510 4644 infirmis
1568 4590 1825 4645 leviores.
1888 4589 1993 4644 Pro

424 4678 688 4749 cujusque
712 4688 875 4750 captu
904 4689 957 4734 et
980 4680 1213 4744 viribus,
1243 4678 1485 4749 inquam,
1512 4696 1713 4734 arcano
1746 4680 1839 4735 Dei
1865 4696 1995 4736 con-

518 4821 563 4849 ”
592 4819 761 4874 Eceli.
796 4837 852 4885 n,
883 4821 935 4874 5.
1016 4821 1060 4851 ”
1096 4820 1114 4873 Ι
1146 4820 1275 4874 Cor.
1300 4836 1353 4884 χ,
1382 4821 1468 4873 15.

1552 4822 1597 4851 ’⁸
1627 4823 1748 4876 Act.
1783 4840 1892 4888 xw,
1920 4825 2009 4881 2|.

2093 4610 2267 4665 genus
2295 4591 2593 4656 facultatis,
2622 4600 2678 4647 et
2708 4592 2889 4657 liberi,
2923 4593 3127 4665 fruges,
3178 4609 3398 4665 pecora,
3435 4592 3664 4647 materia

2092 4695 2146 4739 et
2171 4690 2554 4753 argumentum
2599 4683 3115 4753 animadversionis,
3153 4697 3209 4741 et
3242 4699 3499 4740 aerumnae
3548 4682 3669 4736 fue-

2088 4828 2131 4859 "
2180 4827 2197 4880 1
2255 4827 2384 4881 Cor.
2413 4840 2468 4888 Χ,
2502 4825 2587 4877 15.

1908 4973 2181 5035 Scholia.

496 5099 513 5118 ⁹
554 5096 815 5150 Isidorus.
860 5095 974 5150 Non
1009 5108 1083 5153 est
1130 5099 1363 5152 invenire
1413 5096 1697 5164 artiﬁcium
1754 5095 1988 5165 aliquod,

421 5182 525 5236 quo
548 5166 803 5239 quispiam
828 5183 972 5231 usus,
1023 5170 1087 5223 ab
1132 5168 1404 5239 afﬂictione
1424 5168 1676 5239 immunis
1708 5166 1795 5226 sit.
1841 5174 1888 5218 ct
1936 5169 1992 5239 in

423 5237 739 5307 tentatione:
769 5253 1037 5305 nunquam
1069 5237 1267 5307 (aptius,
1300 5237 1453 5306 hujus
1496 5237 1610 5289 vita:
1639 5237 1826 5305 ﬂuctus
1872 5238 1995 5307 cffu-

422 5306 533 5376 giat
556 5321 574 5357 :
601 5326 618 5356 ι
639 5305 777 5359 Nam
806 5308 851 5359 si
884 5311 1102 5361 tentatio
1127 5305 1198 5361 an
1227 5308 1333 5361 vita
1363 5305 1584 5360 hominis
1610 5322 1763 5376 super
1797 5305 1995 5357 terram

424 5373 546 5437 (Job
578 5392 675 5439 vn,
720 5378 791 5443 l),
826 5395 845 5447 ε
882 5378 971 5444 qui
1004 5380 1234 5443 tandem,
1265 5378 1353 5447 qui
1399 5378 1452 5429 in
1488 5373 1772 5429 tentatione
1797 5376 1995 5435 vivunt,

424 5460 530 5497 non
564 5456 802 5499 tenentur
830 5446 855 5498 Ρ

490 5513 771 5585 Chrysost.
804 5516 1048 5570 Invenire
1072 5518 1159 5585 qui
1184 5525 1353 5570 tecum
1395 5525 1485 5571 tua
1518 5517 1659 5570 mala
1685 5524 1775 5569 aut
1799 5533 1851 5568 re
1872 5519 1986 5580 ipsa

424 5588 823 5657 communicent,
870 5596 963 5640 aut
1013 5589 1075 5639 iis
1115 5588 1541 5657 commemoratis
1575 5588 1774 5657 pariter
1826 5595 1989 5638 ternm

425 5654 661 5716 doleant,
689 5673 941 5725 magnum
962 5667 1036 5710 cst
1055 5658 1107 5709 in
1130 5658 1239 5724 ipso
1267 5656 1444 5708 dolore
1465 5654 1737 5709 solatium.

497 5724 748 5796 Basilius.
782 5724 997 5796 Oportet
1046 5741 1161 5778 cum
1197 5727 1387 5796 gaudio
1421 5728 1597 5779 omnia
1646 5739 1858 5795 propter
1910 5742 1997 5777 nov

432 5809 548 5846 men
588 5793 891 5864 Domini,“
916 5812 1000 5850 eos
1026 5798 1111 5866 qui
1135 5793 1255 5849 sunt
1284 5795 1649 5867 rjus,suﬂ‘rrrc
1678 5793 1749 5849 ac
1765 5797 1999 5866 perpeti:

2098 5111 2201 5150 non
2253 5103 2426 5147 tamen
2482 5096 2627 5160 prius
2685 5110 2844 5162 quam
2893 5095 3004 5161 ipse
3055 5094 3220 5153 sinat,
3268 5109 3378 5146 sese
3415 5094 3469 5145 in
3502 5100 3669 5148 tentn‘

2101 5167 2264 5220 tiones
2293 5166 2620 5235 praecipitare
2649 5181 2665 5217 :
2696 5165 2786 5216 sed
2816 5179 2973 5215 orare
3004 5163 3199 5231 potius,
3227 5179 3290 5216 ne
3317 5165 3371 5215 in
3413 5179 3502 5216 cus
3544 5165 3672 5219 inci-

2102 5237 2308 5288 damus.

2176 5306 2214 5325 “
2250 5302 2539 5373 Disciplina
2567 5302 2773 5355 Domini
2800 5302 3006 5370 aperuit
3034 5302 3158 5355 mihi
3184 5317 3336 5356 aures
3363 5302 3491 5372 (Isa.
3516 5317 3566 5367 ι,
3589 5305 3668 5373 5).

2105 5373 2324 5444 Castiga
2347 5372 2459 5444 me,
2485 5372 3110 5444 Domine,_rerumtamcn
3144 5373 3198 5426 in
3217 5373 3439 5443 judicio,
3468 5389 3572 5426 non
3612 5377 3670 5429 in

2108 5441 2283 5513 furore
2311 5442 2482 5511 (Paul.
2510 5459 2584 5505 vi,
2613 5441 2834 5513 QurNon
2871 5444 3010 5496 enim
3059 5441 3317 5512 quantum
3369 5453 3671 5497 meruerunt

2091 5511 2303 5583 peccata
2359 5530 2498 5575 nica,
2526 5511 2828 5583 ﬂagellatur
2859 5529 2995 5565 sum.
3042 5511 3247 5566 (Iram
3296 5513 3507 5567 Domini
3546 5530 3669 5583 por-

2094 5582 2233 5643 tabo,
2262 5582 2743 5654 quoninm’pcrcnvi
2766 5584 2811 5635 ei
2839 5582 3020 5654 (dficit.
3050 5599 3145 5645 vlt,
3187 5584 3264 5653 9).
3307 5601 3325 5635 ι
3369 5582 3672 5637 Incidamus

2093 5656 2147 5705 in
2184 5652 2371 5707 "tonus
2394 5652 2626 5712 Domini.
2668 5662 2717 5704 rt
2745 5668 2848 5705 non
2880 5652 2935 5706 in
2967 5670 3152 5707 manus
3180 5655 3445 5708 hominum
3493 5672 3505 5707 :
3538 5673 3554 5703 α
3585 5669 3673 5705 sc-

2098 5725 2324 5775 rundum
2365 5726 2504 5777 enim
2566 5723 2985 5792 magnitudinem
3030 5725 3215 5793 ipsius,
3270 5727 3344 5778 ita
3378 5725 3439 5777 ct’
3460 5724 3667 5776 miscri-

2100 5795 2276 5846 cordia
2300 5794 2444 5847 illius
2488 5793 2677 5863 (Eccli.
2720 5794 2893 5860 ",22,
2923 5794 3040 5866 25).
3077 5812 3095 5843 ι
