4130 6202
447 373 570 439 Ἦθ

1723 368 2066 430 PHlLl-Pl’i
2104 367 2497 429 SOLITARII

3614 365 3721 431 720

461 494 616 542 cunt.
645 482 748 540 Ubi
783 492 967 536 autem
1001 475 1286 548 inopinato
1319 476 1506 532 omnia
1538 477 1866 546 amiserunt,
1897 490 2049 535 utero
2078 486 2122 542 Α
2153 477 2470 541 cifixerum,
2523 489 2693 530 unum
2754 489 2784 530 a
2847 473 3076 542 dextris,
3125 474 3364 530 alterum
3399 489 3430 529 a
3476 474 3734 533 sinistris.

462 590 572 646 que
603 573 710 642 (vir
731 581 787 625 et
813 568 970 638 uxor)
1004 568 1236 622 alterum
1261 575 1346 622 est
1383 566 1739 636 miseratus_'.

532 665 782 734 Amplius
808 671 990 716 tamen
1023 674 1160 714 uxor
1181 659 1434 713 lamentis
1461 659 1720 715 indulsit:
1743 668 1874 715 sunt
1896 663 2047 715 enim

457 755 681 813 femina:
711 751 1040 807 naturaliter
1080 751 1146 805 ad
1189 751 1605 805 miserationem
1655 767 1962 821 propensae,
1991 762 2049 807 et

458 849 528 904 ad
561 846 734 902 effuse
777 844 1102 914 plorandum
1133 843 1341 909 faciles,
1368 843 1828 915 impatienterque
1859 845 2049 916 lugent

460 946 516 992 et
542 937 811 1007 plangunt
859 941 1103 1003 pectora,
1132 933 1588 1002 laocrautgenas,
1640 934 1948 989 ululatibus
1991 943 2047 990 ct

459 1027 758 1099 eiulatibus
812 1034 868 1079 et
937 1023 1178 1079 luctibus
1248 1024 1533 1078 tabefiunt.
1603 1024 1800 1079 Mirum
1873 1025 2045 1092 dictu,

460 1127 730 1190 quantum
756 1117 811 1170 in
839 1114 1097 1171 omnibus
1127 1117 1326 1185 coniux
1365 1130 1490 1170 cum
1536 1115 1736 1172 marito
1785 1117 2045 1183 doluerit,

460 1212 820 1279 omniumque
853 1222 1036 1263 rerum
1070 1207 1450 1270 adversarum,
1501 1206 1758 1263 eumdem
1795 1223 1924 1264 cum
1954 1210 2050 1264 illo

461 1299 970 1358 sensum‘habuerit
1005 1317 1020 1364 ;
1054 1298 1564 1353 remunerationem
1593 1314 1747 1368 vero,
1783 1301 2048 1371 praemio-

464 1407 700 1463 rumque
736 1390 1012 1462 particeps
1039 1389 1361 1459 neutiquam
1395 1389 1520 1444 fuit.

533 1487 730 1537 ANHM.
773 1481 1030 1546 Qumnam
1082 1479 1248 1550 hujus
1294 1479 1374 1533 rei
1409 1495 1598 1547 causa,
1623 1495 1746 1550 quae
1780 1480 1964 1536 ratio?
1992 1488 2051 1536 et

464 1572 612 1627 unde
648 1570 866 1626 tandem
905 1568 980 1623 ita
1004 1567 1333 1623 factum?ne
1367 1583 1453 1621 mc
1476 1567 1677 1631 ccla,si
1712 1567 1872 1623 scias.
1907 1567 2050 1622 Num

461 1665 595 1736 quia
630 1679 740 1716 non
777 1677 932 1731 aeque
963 1671 1024 1716 ut
1046 1659 1278 1714 maritus
1303 1660 1451 1730 lepra
1488 1673 1583 1714 seu
1612 1659 1893 1714 ulceribus
1918 1675 2050 1714 coo-

466 1766 622 1828 perta
655 1763 758 1818 est,
794 1768 897 1808 nec
925 1751 1153 1823 proinde
1185 1751 1543 1821 opprobrium
1574 1766 1642 1805 ex
1663 1765 1730 1805 eo
1760 1751 2048 1819 sustinuit,

2153 570 2368 637 Quibus
2397 578 2595 624 cetera
2626 567 2811 623 omnia
2849 569 2998 638 paria
3031 568 3275 633 fuerunt,
3309 567 3450 623 facta
3500 569 3736 624 scelera-

2153 662 2388 725 tissima,
2433 661 2788 731 supplicium,
2812 676 2986 731 genus
3016 661 3232 724 mortis,
3251 674 3476 714 crurum
3516 660 3735 715 confra-

2151 755 2285 812 ctio.
2313 755 2578 825 Equales
2609 753 2775 825 igitur
2802 754 2857 807 hi
2894 753 3008 810 duo
3043 755 3098 807 in
3130 753 3540 824 pmnisinventi
3567 762 3735 810 sunt:

2155 854 2240 902 ast
2281 848 2336 902 in
2360 855 2612 903 extremo
2649 846 2943 916 prudentia
2977 846 3142 902 etiam
3191 861 3352 915 pares
3393 845 3598 915 cogniti
3623 863 3736 902 non

2154 948 2304 995 sunt.
2323 939 2460 994 Nam
2480 939 2571 993 ille
2594 938 2647 993 in
2674 937 3011 1008 paradisum,
3035 936 3125 991 hic
3144 937 3212 991 ad
3238 936 3444 991 inferos
3463 938 3741 1007 profectus

2155 1038 2259 1084 est.
2281 1029 2372 1083 llle
2428 1029 2628 1093 bonus,
2663 1028 2752 1082 hic
2783 1027 3228 1097 improbissimus
3260 1027 3537 1096 apparuit.
3582 1026 3738 1092 Quod

2157 1121 2202 1176 si
2233 1133 2670 1192 roges,quonam
2693 1119 2858 1173 modo
2886 1117 2940 1172 id
2972 1117 3256 1182 acciderit,
3273 1117 3354 1172 sic
3370 1116 3574 1172 accidit
3603 1117 3741 1171 :La-

2158 1223 2346 1268 troncs
2373 1213 2533 1282 juxta
2565 1210 2811 1266 Verbum
2843 1209 3122 1279 suspensi,
3143 1207 3211 1262 ad
3243 1208 3411 1263 verba
3447 1214 3739 1263 venerunt.

2155 1303 2310 1360 Unus
2335 1304 2534 1358 horum
2565 1301 2836 1356 divinitus
2875 1299 3210 1370 loquebatur
3233 1316 3248 1353 :
3271 1299 3410 1354 alter
3457 1298 3742 1354 maledicta

2154 1395 2439 1451 fundebat.
2465 1395 2532 1449 Et
2557 1395 2738 1449 bonus
2771 1394 2861 1448 ille
2889 1393 3114 1463 quidem
3145 1407 3269 1447 cum
3300 1391 3492 1446 divino
3521 1407 3740 1447 sermo-

2157 1505 2226 1544 ne
2260 1505 2362 1544 suo
2407 1489 2650 1545 salvatus
2678 1505 2692 1543 :
2721 1488 2862 1542 alter
2895 1487 3250 1557 blasphemus
3279 1501 3405 1542 cum
3439 1486 3746 1540 maledictis

2157 1580 2273 1635 suis
2297 1580 2592 1635 damnatus
2623 1587 2727 1635 est.
2751 1577 2920 1634 Vides
2971 1576 3434 1648 quemadmodum
3469 1576 3612 1630 latro
3635 1575 3738 1630 de-

2158 1685 2333 1737 mens,
2360 1663 2948 1726 manifeste'malorum‘
2977 1669 3227 1724 omnium
3265 1667 3470 1732 socius,
3493 1676 3554 1722 ut
3582 1667 3739 1722 dice-

2159 1762 2306 1828 bam,
2333 1763 2531 1818 latroni
2565 1762 2823 1834 prudenti
2849 1761 3020 1818 fuerit
3047 1761 3212 1829 (sicut
3244 1761 3373 1815 item
3395 1759 3534 1816 Jobo
3561 1760 3742 1830 uxor},

467 1833 660 1905 idirco‘
679 1848 843 1903 etiam
883 1861 1069 1917 parem
1099 1845 1410 1900 mercedem
1440 1859 1550 1897 non
1584 1842 1869 1898 obtinuit?
1899 1842 2057 1900 llaec-

2162 1862 2218 1909 at
2276 1869 2388 1909 non
2437 1833 2669 1925 perinde
2722 1853 3098 1924 praemiorum.
3143 1851 3336 1923 Operae
3384 1851 3623 1922 pretium
3653 1860 3739 1905 est

449 1942 589 1995 scine
618 1953 783 1994 causa
814 1938 906 2003 sit,
935 1936 1145 2000 nescio,
1180 1943 1236 1990 tu
1266 1934 1492 1990 dixeris.

518 2029 700 2086 ‘Csno.
733 2029 852 2084 Non
883 2029 1025 2082 hanc
1045 2042 1167 2082 esse
1189 2041 1435 2092 causam,
1469 2041 1537 2080 ex
1565 2026 1702 2096 ipsis
1729 2026 1915 2082 verbis
1935 2026 2058 2098 pla-

453 2137 599 2178 .num
635 2130 740 2185 est,
763 2121 968 2190 quibus
996 2119 1177 2174 virum
1208 2118 1517 2189 lar-rymans
1536 2118 1858 2188 alloquitur.
1898 2117 2052 2175 Heu!

467 2214 543 2269 mi
571 2215 676 2277 vir,
697 2211 905 2282 inquit,
939 2225 1009 2265 eu
1053 2208 1318 2265 memoria
1350 2201 1428 2262 t'ui
1473 2207 1662 2278 periit,
1691 2211 1914 2279 quando
1945 2224 2054 2264 una

464 2319 590 2359 cum
624 2304 789 2358 rebus
823 2302 945 2358 aliis
971 2301 1138 2356 etiam
1170 2299 1330 2355 liberi
1358 2299 1459 2365 tui,
1487 2299 1704 2356 dolores
1738 2300 1883 2354 uteri
1918 2299 2050 2366 mei,

465 2397 772 2468 perierunt.
799 2394 911 2465 Ego
940 2409 1075 2449 vero
1117 2392 1316 2447 misera
1340 2391 1564 2458 famula,
1597 2400 1658 2446 ut
1694 2391 1856 2462 in0ps
1882 2401 1938 2447 et
1966 2392 2053 2446 in-

466 2487 630 2542 famis
653 2487 806 2541 exsul
838 2484 1265 2556 vagor,domum
1291 2483 1455 2539 domo
1490 2483 1785 2539 infeliciter
1812 2493 2054 2551 mutans,

466 2585 792 2647 exspectans
825 2574 955 2630 dum
984 2576 1062 2629 sol
1099 2573 1334 2639 occidat,
1363 2583 1422 2628 ut
1451 2589 1480 2628 a
1518 2571 1708 2628 multis
1727 2572 2055 2642 ace-rbisque

468 2669 739 2725 molestiis
785 2669 1045 2738 respirem
1071 2706 1087 2733 ,
1123 2669 1194 2722 ob
1240 2681 1377 2737 quas
1413 2667 1526 2738 iam
1582 2666 1718 2721 mihi
1758 2665 2058 2737 praecordia

468 2763 554 2817 vel
582 2770 707 2816 ante
734 2769 964 2815 mortem
1000 2759 1432 2814 contahucrunt.
1470 2757 1664 2813 Cernis
1713 2767 2056 2830 quantopere

473 2852 675 2907 misera
714 2851 911 2905 mulier
958 2850 1288 2904 afllictcturi
1329 2847 1723 2919 propemodum
1753 2863 1818 2904 ac
1848 2849 1894 2904 si
1940 2850 2056 2918 ipsa

474 2957 694 3014 quoque
725 2941 1057 3012 opprobriis,
1085 2949 1140 2994 et
1172 2940 1336 3009 lepra:
1362 2938 1580 2993 subdita
1607 2946 1774 2993 esset.

544 3037 738 3090 ANIIA.
769 3064 840 3074 —
873 3033 928 3088 Si
968 3033 1046 3087 ita
1089 3032 1188 3086 viri
1237 3031 1549 3087 calamitate
1577 3030 1775 3095 doluit,
1803 3041 1864 3087 ut
1891 3029 2053 3096 dicis,

474 3131 568 3200 qui
602 3128 822 3182 tandem
874 3142 985 3180 non
1042 3127 1157 3194 ipsa
1192 3123 1450 3178 similiter
1500 3122 1784 3194 praemium
1821 3121 2055 3177 retulit?

473 3221 571 3276 Dic
600 3235 841 3282 causam,
869 3229 924 3272 ct
950 3218 1098 3273 solve
1129 3216 1510 3287 quaestionem.

547 3312 712 3368 Cano.
743 3311 1007 3365 Protinus
1035 3319 1090 3364 tu
1119 3309 1385 3363 ausculta.
1421 3307 1524 3362 Job
1546 3307 1881 3362 calamitates
1910 3305 2069 3378 quasi

476 3404 746 3460 beneficio
759 3401 1085 3466 afﬁceretur,
1108 3397 1507 3471 suscipiebat“,
1540 3409 1600 3454 ut
1617 3399 2069 3470 imperturbatus,

479 3507 541 3552 ut
574 3497 837 3552 robustus
867 3497 1032 3550 animi
1070 3511 1132 3550 ac
1165 3494 1397 3549 validus.
1417 3495 1564 3559 Quas
1592 3491 1685 3546 illa
1712 3492 1856 3547 haud
1886 3491 2068 3562 perfe-

479 3589 635 3642 rebat
664 3605 677 3640 :
701 3588 832 3656 quin
853 3586 1015 3639 verba
1044 3573 1289 3655 quaedam
1314 3584 1600 3640 maledicta
1619 3584 1859 3654 iactabat
1877 3584 1961 3638 "‘.

541 3681 648 3734 1|le
676 3693 795 3731 eam
826 3680 1121 3749 obiurgans
1151 3694 1166 3732 :
1202 3694 1222 3729 ι
1253 3677 1486 3745 Desipis,
1506 3676 1704 3746 inquit,
1730 3675 1918 3730 infelix
1944 3691 2065 3730 mu-

482 3774 607 3837 lier,
631 3770 763 3841 quid
817 3772 918 3824 ista
970 3769 1258 3839 loqueris?
1311 3769 1464 3824 Sicut
1498 3785 1604 3823 una
1634 3768 1699 3823 de
1727 3769 1909 3823 stultis
1949 3783 2070 3822 mu-

480 3865 716 3925 lieribus
738 3879 885 3920 nunc
925 3864 1104 3918 locuta
1124 3878 1184 3917 es
1205 3863 1272 3895 ⁸⁸·
1312 3881 1330 3915 ι
1355 3861 1623 3928 Quoniam
1653 3861 1818 3932 igitur
1844 3861 2064 3932 pusillo,

481 3956 705 4026 ingrato
750 3963 807 4010 et
865 3954 1058 4025 iniquo
1123 3955 1309 4008 animo
1348 3952 1540 4008 clades
1586 3953 1706 4008 illas
1754 3969 1912 4024 passa
1958 3961 2064 4020 est,

485 4049 653 4102 etiam
690 4046 1133 4102 remuneratione
1166 4043 1392 4101 excidit.
1426 4044 1588 4099 Aliud
1618 4044 1844 4115 insuper
1877 4060 2066 4100 exem-

487 4139 641 4208 plum
675 4140 910 4193 narrabo
944 4137 1039 4191 tibi
1068 4137 1136 4192 ad
1184 4137 1559 4198 confirmanda
1593 4151 1716 4207 qua:
1750 4137 1883 4200 dixi,
1917 4137 2067 4207 quod

473 4229 559 4281 .de
630 4228 864 4297 quodam
912 4227 1072 4297 longe
1139 4227 1519 4282 infelicissimo
1569 4227 1780 4284 litteris
1837 4227 2066 4282 manda-

483 4332 606 4378 tum
633 4329 738 4375 est.

562 4417 758 4468 Amm.
802 4411 993 4478 Istum,
1051 4414 1371 4484 quicunque
1446 4422 1552 4479 est,
1608 4411 1742 4466 mihi
1814 4410 2068 4466 nomines

483 4507 674 4562 velim.

559 4600 724 4655 Cano.
748 4598 979 4666 Quando
1018 4597 1193 4653 Judaei
1229 4596 1520 4652 Dominum
1553 4610 1736 4651 meum
1761 4596 1817 4650 in
1845 4610 2070 4663 crucem

489 4701 742 4762 egerunt,
774 4690 914 4744 duos
947 4687 1113 4744 etiam
1150 4703 1275 4743 cum
1305 4701 1378 4742 eo
1399 4686 1642 4742 latrones
1674 4684 1913 4756 insignes
1942 4699 2075 4740 cru-

574 4829 619 4860 “
655 4828 758 4886 Job
805 4843 864 4892 ll,
909 4825 994 4881 lO.

2163 1949 2352 2021 igitur,
2371 1947 2477 2004 sibi
2499 1947 2807 2002 attendere.
2824 1947 3054 2014 Amabo,
3072 1961 3141 2001 ne
3159 1954 3215 1999 tu
3239 1959 3480 2015 quoque,
3501 1943 3743 2006 domina,

2157 2055 2300 2095 onus
2334 2039 2704 2095 tentationum
2753 2047 2964 2108 portes,
2993 2045 3308 2092 secuturam
3351 2050 3483 2090 vero
3527 2049 3740 2088 merce-

2157 2129 2282 2185 dem
2308 2144 2377 2184 ex
2407 2128 2623 2197 ignavia
2655 2128 2898 2190 amittas,
2925 2126 3202 2197 quomodo
3236 2124 3426 2179 infelix
3455 2125 3595 2179 latro
3638 2125 3748 2196 (di-

2157 2236 2278 2277 cam
2302 2221 2451 2277 enim
2481 2221 2726 2290 saepiuS),
2751 2219 3032 2290 quomodo
3073 2233 3214 2272 uxor
3255 2217 3456 2272 misera
3509 2216 3751 2272 hominis

2156 2311 2288 2367 forti
2317 2311 2505 2366 animo
2539 2309 2777 2380 prazditi.
2811 2309 2918 2365 Sed
2947 2308 2992 2364 si
3019 2323 3143 2378 quae
3172 2307 3421 2372 adlictio,
3443 2315 3539 2362 aut
3567 2315 3745 2362 tenta-

2158 2405 2255 2468 tio,
2279 2410 2377 2457 aut
2401 2402 2655 2456 molestia
2677 2411 2729 2456 te
2754 2401 3065 2471 occuparit,
3101 2415 3172 2454 ne
3205 2399 3392 2453 animo
3418 2399 3660 2468 agiteris,
3682 2413 3750 2452 ne

2157 2501 2342 2549 mente
2372 2493 2712 2548 concutiaris
2741 2510 2755 2546 :
2787 2493 2885 2548 sed
2940 2493 3168 2546 immota
3197 2490 3442 2560 penitus,
3465 2500 3522 2545 et
3547 2491 3743 2545 incon-

2158 2599 2316 2640 cussa
2346 2600 2519 2654 usque
2551 2585 2617 2638 ad
2647 2584 2809 2638 finem
2857 2598 3170 2653 persevera.
3208 2581 3530 2650 respiciens,
3556 2589 3614 2634 et
3651 2595 3751 2634 ex-

2157 2673 2388 2746 quirens
2420 2673 2586 2737 bona,
2611 2672 2678 2728 de
2709 2671 2911 2743 quibus
2941 2671 3051 2741 egi.
3091 2669 3227 2725 Nam
3262 2668 3309 2724 si
3350 2669 3473 2723 vita:
3502 2675 3614 2722 tua:
3661 2683 3750 2722 ra-

2161 2762 2341 2818 tiones
2360 2761 2428 2817 ad
2449 2762 2734 2818 meliorem
2753 2777 3002 2816 normam
3019 2758 3539 2824 accommodaveris,
3556 2765 3612 2813 et
3629 2771 3752 2829 quas

2156 2853 2436 2909 deteriora
2496 2862 2626 2910 sunt
2669 2853 3055 2918 declinaveris,
3113 2859 3173 2906 tu
3215 2865 3435 2922 quoque
3490 2863 3750 2904 coronam

2158 2946 2506 3016 adipisceris,
2539 2953 2597 3002 ct
2623 2960 2750 3000 cum
2782 2945 3079 3000 nominatis
3100 2959 3129 2998 a
3157 2959 3243 2999 me
3267 2943 3678 3015 glorificabere.

2237 3037 2318 3090 AN
2331 3051 2441 3090 tu.
2453 3035 2561 3092 Res
2577 3035 2711 3092 mihi
2731 3033 2954 3090 videtur
2969 3033 3168 3103 adeptu
3186 3034 3379 3100 ardua,
3398 3042 3454 3088 et
3474 3032 3543 3088 ad
3569 3033 3748 3088 imitao

2160 3128 2366 3183 tionem
2386 3129 2706 3198 neutiquam
2725 3126 3247 3198 expedita.Proinde
3262 3124 3408 3180 aliud
3428 3140 3514 3180 me
3529 3124 3747 3201 doceas.

2081 3187 2125 3246 δ
2244 3217 2409 3274 Cano.
2439 3187 2578 3274 Νοῐι⁵
2594 3234 2697 3290 ego
2727 3187 2931 3289 adeptu
2961 3217 3204 3273 difficilia
3253 3217 3486 3282 dissero,
3512 3215 3644 3286 quid
3676 3187 3752 3270 ita

2170 3311 2455 3382 gravaris?
2477 3311 2590 3367 Nec
2613 3322 2698 3367 est
2718 3327 2819 3367 cur
2844 3311 3222 3383 pusillanimes
3241 3324 3492 3378 sequare,
3516 3322 3753 3378 quorum

2171 3401 2510 3458 memini.Et
2558 3411 2739 3458 tamen
2789 3411 2850 3458 ut
2892 3416 3110 3457 morosa
3161 3409 3219 3455 et
3245 3398 3620 3456 huesitabunda
3668 3414 3755 3453 re»-

2170 3491 2432 3562 spondes.
2473 3492 2543 3548 At
2571 3492 2618 3549 si
2659 3495 2784 3564 quis
2816 3501 3022 3548 temere
3069 3491 3271 3563 probra
3313 3491 3410 3546 tibi
3444 3491 3676 3561 ingerat,
3701 3500 3754 3545 te

2168 3587 2468 3655 vituperet,
2533 3585 2712 3642 facete
2772 3586 3026 3650 irrideat,
3097 3593 3340 3650 accuset,
3394 3583 3753 3655 ignominiose

2169 3683 2384 3743 tractet,
2419 3694 2551 3734 naso
2576 3679 2900 3750 suspendat,
2921 3678 3188 3743 ludibrio,
3215 3677 3489 3734 dedecore
3520 3675 3747 3742 alliciat;

2169 3770 2216 3824 si
2273 3781 2325 3827 te
2379 3771 2783 3837 detestabilem,
2817 3771 3119 3844 piaculum,
3162 3777 3371 3840 pestem
3422 3768 3747 3823 vocaverit:

2169 3859 2215 3915 si
2241 3861 2634 3929 effeminatam,
2655 3863 2954 3934 stupidam,
2981 3875 3280 3926 morosam,
3322 3861 3624 3930 plagosam,
3647 3856 3751 3912 fm-

2169 3952 2319 4020 dam,
2381 3953 2708 4018 deformem,
2740 3964 2986 4008 tenacem
3021 3967 3086 4006 ac
3138 3950 3417 4007 sordidam
3471 3949 3752 4019 appellet:

2169 4046 2215 4102 si
2249 4046 2581 4113 mendicam,
2625 4047 2876 4118 fungum,
2922 4045 3133 4100 nullius
3187 4043 3372 4114 pretii,
3399 4051 3495 4097 aut
3553 4040 3753 4103 furem,

2169 4137 2638 4202 obtrectatricem,
2671 4137 2944 4202 vinosam,
2993 4145 3089 4190 aut
3138 4142 3408 4199 scortum,
3457 4142 3554 4188 aut
3600 4130 3755 4186 adul-

2169 4235 2365 4294 teram,
2390 4236 2486 4283 aut
2515 4228 2774 4294 laceram,
2805 4235 2902 4282 aut
2933 4227 3100 4282 etiam
3134 4224 3508 4296 pediculosam
3533 4239 3548 4276 :
3573 4221 3753 4275 dicam

2171 4325 2382 4395 paucis,
2410 4325 2455 4380 si
2491 4325 2643 4381 aliud
2675 4325 2958 4397 quippiam
2995 4323 3344 4396 huiusmodi,
3375 4321 3470 4391 qui
3500 4329 3552 4375 te
3581 4318 3758 4373 nomi-

2170 4427 2288 4482 net,
2310 4418 2528 4475 sustine
2577 4417 2830 4486 fratrem,
2881 4419 3094 4474 sustine
3153 4429 3417 4476 scomma,
3447 4410 3663 4466 custodi
3697 4423 3759 4463 os

2095 4537 2149 4598 D
2175 4517 2350 4574 tuum,
2393 4525 2588 4567 coerce
2623 4525 2721 4567 cor
2755 4520 2933 4577 tuum,
2982 4525 3052 4563 ne
3103 4507 3235 4577 quid
3275 4504 3626 4560 accusatione
3671 4501 3756 4554 di-

2176 4615 2343 4668 gnum
2379 4604 2685 4669 committe,
2709 4618 2778 4658 ne
2809 4603 3058 4673 loquere,
3080 4615 3150 4655 ne
3178 4598 3338 4664 muti,
3362 4596 3438 4650 nil
3456 4593 3756 4665 quidquam

2176 4693 2468 4762 responde.
2495 4693 2640 4762 Quid
2669 4695 2817 4751 enim
2851 4696 3101 4767 iacturae,
3130 4702 3226 4748 aut
3248 4689 3438 4746 damni
3472 4687 3663 4750 facies,
3689 4699 3758 4739 ex

1980 4942 2253 5007 Scholia.

542 5079 576 5098 "
605 5075 802 5131 Rerum
849 5074 1258 5144 improvisarum
1305 5072 1566 5142 repentini
1603 5072 2074 5136 casus,.bominum

474 5149 702 5205 animus
724 5147 1035 5215 perturbare
1061 5154 1109 5197 et
1137 5153 1406 5198 concutere
1424 5153 1835 5197 consuevenunt.

565 5225 605 5243 "
633 5214 802 5272 Morbi
841 5224 934 5269 aut
962 5230 1025 5268 ea:
1053 5225 1261 5283 peccato
1289 5215 1619 5284 proveniunt,
1654 5224 1744 5267 aut
1780 5229 1842 5266 ex
1864 5214 2079 5284 ignavia

492 5300 540 5343 et
593 5288 796 5342 ordinis
849 5285 1188 5354 negligentia,
1233 5293 1326 5339 aut
1378 5299 1442 5337 ea:
1483 5283 1795 5354 infirmitate.
1846 5283 2076 5347 naturae,

480 5370 585 5412 aut
613 5359 794 5411 etiam
841 5353 928 5407 adi
963 5353 1430 5408 demonstrandam
1502 5353 1844 5408 tolerantiam
1881 5362 1930 5406 et
1970 5355 2079 5406 vir-

482 5439 678 5483 Julem.

663 5497 948 5566 Chrysost.
971 5492 1102 5548 Sunt
1130 5495 1368 5566 quidam,
1403 5497 1493 5565 qui
1517 5496 1563 5548 si
1591 5492 1716 5562 quid
1744 5493 2073 5566 oﬂenderinl.

483 5577 588 5620 aut
621 5567 684 5620 ab
725 5564 906 5636 aliqua
936 5564 1170 5618 conciliis
1192 5564 1656 5636 appetiti’fuerint,
1695 5574 1785 5636 aut
1809 5564 1863 5636 in
1907 5564 2076 5636 poda-

478 5655 670 5708 -grom.
698 5653 789 5692 seu
813 5632 978 5690 alium
1010 5632 1310 5707 quempiam
1325 5632 1574 5708 morbum
1611 5633 1912 5708 inciderint,
1933 5632 2076 5686 illico

480 5703 552 5762 3n
581 5709 958 5778 blasphemiam
981 5703 1284 5778 erumpunt.
1317 5705 1385 5759 Et
1410 5706 1705 5778 cruciatum
1738 5703 1948 5778 quidem
1978 5721 2079 5778 pa:-

479 5772 721 5849 Aiuntur',
746 5778 890 5836 lucro
935 5772 1462 5847 autem'privantur.
1496 5775 1632 5840 Quid
1665 5773 1823 5843 facis,
1871 5772 2027 5828 horno
2049 5772 2076 5827 l

2184 5089 2311 5126 num
2343 5072 2388 5125 si
2417 5068 2818 5124 contumeliosus
2847 5070 2903 5122 in
2934 5067 3100 5122 Deum
3139 5065 3320 5136 fueris,
3347 5061 3583 5136 morbum
3605 5060 3759 5136 levio-

2182 5158 2292 5196 rem
2317 5143 2533 5196 reddis?
2559 5141 2674 5195 Imo
2703 5156 2821 5194 vero
2845 5141 3078 5193 dolerent
3113 5130 3361 5190 diriorem
3373 5144 3418 5186 et
3449 5130 3760 5186 intolerabi-

2179 5211 2366 5265 liorem
2417 5211 2509 5264 tibi
2547 5212 2700 5280 facis.
2737 5240 2810 5251 -—
2851 5210 3018 5264 Idem.
3059 5206 3181 5261 Non
3219 5208 3355 5280 enini
3381 5203 3760 5280 “ten-talionum

2178 5283 2407 5335 conditio
2433 5290 2482 5333 et
2511 5269 2732 5345 natura,
2775 5282 2862 5333 sed
2890 5289 3210 5333 tentatorum
3245 5275 3446 5345 desidia
3489 5273 3628 5324 inler
3661 5269 3759 5345 Iro-

2179 5353 2346 5404 mines
2374 5351 2596 5404 cadendi
2631 5369 2692 5404 ac
2717 5341 3055 5419 delinquendi
3083 5363 3247 5419 causa
3284 5354 3384 5397 est.
3409 5343 3470 5396 In
3507 5341 3761 5419 paradiso

2177 5425 2489 5476 versabatur
2509 5422 2744 5474 Adamus
2772 5435 2788 5470 :
2816 5430 2861 5471 et
2875 5409 3138 5487 'quoniam
3166 5416 3309 5488 deses
3335 5421 3470 5488 erat,
3497 5409 3759 5488 supplan-

2177 5501 2320 5544 talns
2349 5500 2446 5543 est.
2479 5490 2541 5542 In
2577 5483 2910 5559 sterquilinio
2935 5487 3144 5541 sedebat
3169 5485 3268 5539 Job
3293 5503 3311 5539 :
3334 5485 3427 5538 sed
3470 5483 3594 5559 quia
3622 5483 3758 5559 vigi-

2179 5561 2498 5624 lavit,nicit,
2543 5549 2894 5629 magnumque
2947 5559 3089 5628 apud
3133 5549 3498 5629 posteros‘esl
3535 5549 3761 5629 laudem

2177 5620 2499 5685 consecutus.
2542 5629 2610 5683 Et
2633 5620 2730 5683 'm
2763 5620 2825 5680 ei:
2853 5620 3018 5681 verbis
3046 5620 3239 5681 nostris
3257 5620 3545 5695 justi/icuri
3595 5629 3760 5687 atque

2177 5701 2542 5764 condemnari,
2565 5714 2629 5769 ea:
2663 5701 2906 5769 pra’senti
2931 5714 3171 5752 sermone
3210 5703 3418 5752 clarum
3441 5700 3540 5759 est,
3573 5699 3766 5759 nempe

2176 5770 2466 5842 blasphemi
2490 5765 2737 5836 latronis,
2768 5779 2816 5823 et
2841 5769 3019 5824 uxoris
3039 5769 3155 5823 Job.
