4122 6212
422 258 526 323 721

1862 259 2218 327 DIOPTKA.

3577 259 3685 323 722

420 387 492 430 eo
518 371 665 443 quod
697 373 837 427 male
865 371 1063 427 audis?
1094 370 1150 428 Si
1201 370 1369 443 igitur
1411 370 1691 430 immerito
1722 381 1818 428 tuo
1866 389 2001 429 con-
2033 379 2076 434 Α
2107 374 2484 430 remissionem
2507 371 3398 444 peccatorum,remunerationem
3424 372 3687 442 optimam

423 465 681 520 tumelias
727 463 992 528 audieris,
1017 479 1083 519 ex
1113 465 1404 520 tolerantia
1440 464 1682 521 fructum
1709 464 2002 536 percipies.

422 556 576 624 Quod
608 557 654 611 si
691 556 1001 612 htereticam
1039 566 1092 611 te
1120 567 1307 621 vocet,
1332 557 1439 613 hoc
1475 559 1656 613 solum
1694 573 1763 611 ne
1790 566 2004 627 patere,

426 662 529 702 nec
555 645 726 709 dicas,
758 655 810 700 te
837 661 997 712 esse;
1028 646 1120 702 hic
1172 645 1450 702 irascere:
1479 645 1683 716 alioqui
1721 645 2004 700 Christum

423 735 655 807 negasti,
682 735 728 791 si
759 735 901 791 hanc
932 737 1190 806 injuriam
1217 736 1430 806 perfers
1454 740 1496 792 '.

490 829 547 882 in
579 828 700 882 aliis
726 828 943 883 tametsi
967 845 1133 899 supra
1163 828 1385 882 modum
1419 829 1685 899 injuriose
1720 827 1999 893 tracteris,

421 930 476 975 ut
498 937 667 991 supra
684 921 820 987 dixi,
836 923 973 977 nihil
999 923 1285 995 perdidisti
1308 924 1379 979 ob
1404 924 1483 989 id,
1507 925 1720 980 nullum
1739 924 2004 980 damnum

417 1027 479 1065 cs
496 1027 776 1081 perpessa.
806 1012 985 1069 [labes
1013 1014 1193 1070 adhuc
1219 1016 1429 1080 oculos,
1459 1025 1520 1070 ut
1557 1026 1684 1071 ante
1717 1015 1960 1072 habebas
1988 1033 2004 1071 :

421 1101 592 1157 habes
625 1104 813 1158 omnia
871 1107 1120 1160 membra
1178 1107 1328 1162 intus
1363 1117 1421 1163 et
1458 1108 1615 1171 foris,
1651 1119 1707 1164 et
1741 1111 2004 1180 majorem

419 1192 700 1262 spiritum.
733 1195 1052 1252 Humiliatio
1081 1198 1183 1254 ista
1229 1200 1328 1255 tibi
1371 1199 1716 1270 adjumento,
1753 1212 1810 1257 et
1842 1218 2006 1256 orna-

420 1292 610 1340 mento
644 1285 766 1340 fuit.
802 1286 857 1341 Si
889 1291 1273 1345 tantummodo
1308 1292 1476 1346 verba
1511 1292 1760 1346 irrisoria
1813 1300 2006 1361 pertu-

416 1376 568 1440 leris,
611 1377 902 1434 utilitatem
953 1380 1106 1448 inde,
1165 1382 1311 1437 haud
1366 1393 1760 1438 nocumcntum
1798 1384 2002 1454 capies.

416 1465 559 1531 Quid
601 1467 759 1540 plura
798 1484 938 1539 Opus
966 1471 1089 1525 est?
1116 1471 1247 1527 Sine
1276 1472 1459 1543 ﬂagris
1486 1474 1710 1536 athleta,
1739 1473 1858 1528 sine
1893 1483 2006 1528 tor-

421 1557 621 1612 mentis
668 1568 875 1625 martyr
916 1561 1050 1616 eris.
1099 1561 1384 1628 Scrutare,
1433 1564 1736 1634 perpende,
1787 1563 2004 1619 discute

419 1649 718 1719 negotium.
756 1652 812 1706 Si
847 1653 1128 1710 inveneris
1156 1657 1578 1712 convitiatorem
1609 1672 1738 1712 vera
1772 1656 1956 1712 dicere
1985 1675 2000 1713 :

416 1739 462 1795 si
486 1740 917 1810 deprehenderis
942 1746 1400 1814 subsannantem,
1431 1750 1578 1818 quod
1607 1764 1694 1804 res
1716 1758 1803 1803 est
1825 1749 1999 1818 loqui,
2037 1727 2076 1782 Β

417 1849 487 1887 ne
512 1834 610 1899 illi,
635 1836 730 1890 sed
770 1838 867 1892 tibi
917 1839 1176 1902 irascere,
1201 1850 1258 1895 et
1281 1850 1334 1896 te
1369 1841 1543 1912 ipsam
1585 1843 1806 1909 damna,
1833 1841 1998 1911 idque

415 1926 579 1980 etiam
610 1927 794 1983 verbis
820 1945 929 1999 pra:
960 1939 1011 1986 te
1038 1930 1121 1987 fer

487 2016 544 2072 Si
574 2034 682 2073 non
705 2021 1113 2090 quodammodo
1152 2023 1420 2080 voluisses
1449 2025 1642 2082 audire
1662 2042 1784 2096 qua:
1814 2028 1996 2095 audis,

416 2123 526 2162 non
561 2109 764 2164 malum
823 2121 1230 2184 perpetrasses;
1260 2131 1370 2171 non
1399 2126 1453 2173 te
1492 2117 1626 2173 vitio
1670 2117 1999 2177 dedidisses.

419 2197 624 2254 Fruere
677 2203 954 2271 operibus
994 2205 1123 2273 tuis,
1179 2215 1238 2263 et
1289 2210 1564 2279 perversis
1600 2211 1873 2266 moribus.
1901 2212 1998 2268 Sin

417 2299 620 2354 autem,
646 2293 812 2347 etiam
846 2294 971 2350 ideo
1000 2297 1168 2353 vitam
1199 2299 1514 2370 religiosam
1565 2302 1772 2368 excole,
1799 2311 1861 2358 ut
1901 2318 2000 2359 ex-

421 2381 592 2438 ternis
636 2385 843 2441 nullam
885 2386 964 2442 tui
1002 2389 1448 2458 reprehendendi
1499 2407 1687 2448 ansam
1729 2394 1998 2464 praebeas,

418 2483 478 2527 ut
499 2473 566 2530 de
587 2487 786 2532 caetero
829 2487 881 2534 te
928 2481 1326 2554 perstringere,
1350 2493 1406 2539 et
1434 2484 1690 2539 convitiis
1725 2486 2000 2542 incessere

414 2565 688 2636 quispiam
727 2584 838 2625 non
870 2571 1067 2640 possit.
1096 2571 1202 2628 Ubi
1239 2583 1291 2630 te
1318 2575 1630 2646 collegeris,
1651 2577 1999 2632 correctione

416 2656 870 2728 gaude,exsulta,
901 2662 1181 2732 tripudia;
1215 2665 1481 2734 quoniam
1528 2678 1730 2736 praiter
1781 2665 2000 2721 laudem

416 2765 666 2820 magnam
714 2767 938 2823 quoque
978 2769 1263 2824 coronam,
1286 2767 1342 2814 et
1376 2759 1687 2814 mercedem
1741 2759 2003 2814 certami-

414 2842 501 2896 nis
531 2846 861 2914 reportabis.

479 2934 675 2992 Astus.
711 2937 832 3005 Quo
889 2940 1032 2996 istuc
1078 2950 1427 3015 argumento,
1492 2959 1582 3000 me
1621 2946 1750 3003 hinc
1781 2964 1994 3006 merce-

415 3029 539 3086 dem
563 3039 620 3086 et
651 3047 910 3089 coronam
948 3045 1296 3109 accepturam
1337 3037 1626 3096 videlicet?

482 3123 648 3179 Cano.
672 3124 826 3192 Quod
849 3141 880 3180 a
909 3126 1132 3184 Christo
1163 3128 1219 3184 in
1246 3130 1548 3202 Evangelio
1573 3132 1719 3189 beati
1749 3151 1993 3205 pronun-

419 3215 645 3283 tiantur,
681 3217 886 3288 quibus
919 3220 1294 3286 maledicitur,
1319 3230 1376 3278 et
1408 3223 1462 3277 in
1492 3239 1634 3294 quos
1670 3239 1835 3282 omne
1871 3243 1999 3283 ver-

419 3309 551 3365 bum
581 3310 806 3378 malum,
838 3327 903 3368 ac
935 3312 1234 3384 pessimum
1268 3324 1496 3385 propter
1543 3315 1789 3389 Verbum
1825 3319 2000 3389 jacta-

420 3410 508 3455 tur
537 3419 552 3456 :
592 3421 610 3455 ι
643 3401 891 3458 Gaudete
926 3413 1080 3468 tunc,
1107 3403 1310 3474 inquit,
1331 3413 1388 3458 et
1410 3406 1704 3468 exsultate,
1735 3407 1998 3476 quoniam

415 3495 726 3552 mercedem
766 3495 822 3550 in
870 3495 1026 3552 caelis
1078 3496 1473 3566 amplissimam
1505 3497 1788 3568 recipietis
1833 3499 1938 3555 "2
1969 3519 1988 3554 ι

417 3587 542 3644 Haec
569 3587 615 3642 si
655 3588 709 3641 in
746 3587 952 3652 animo,
982 3595 1039 3641 et
1072 3586 1130 3640 in
1162 3587 1428 3641 memoria
1477 3596 1570 3644 tua
1624 3590 1862 3660 reposita
1901 3591 2000 3646 ha-

415 3679 535 3744 bes,
557 3679 768 3744 laetare,
822 3677 1060 3742 conﬁde,
1109 3679 1164 3734 in
1222 3680 1374 3735 omni
1424 3680 1626 3752 injuria
1676 3683 2000 3753 patientiam

414 3768 636 3835 adhibe,
671 3768 885 3826 tametsi
925 3769 1256 3827 convitiator
1317 3771 1584 3828 scelestus
1609 3787 1674 3829 ac
1713 3771 1998 3830 detestan-

414 3863 520 3919 dus
545 3863 732 3919 fuerit.

478 3955 675 4011 ANIIA.
735 3955 888 4023 Esto,
921 3955 1325 4028 teram,-patiar
1354 3955 1527 4028 :quid
1581 3956 1824 4028 amplius
1863 3959 1999 4016 mihi

414 4045 728 4102 iaciendum
760 4047 960 4118 putas?

481 4141 647 4198 Cano.
700 4141 779 4197 Ne
819 4144 983 4198 talem
1015 4153 1075 4198 ut
1104 4141 1412 4208 inimicum,
1452 4142 1550 4198 sed
1592 4153 1652 4198 ut
1681 4143 2002 4200 benefacto-

415 4242 532 4282 rem
562 4228 834 4286 iutueare.
865 4229 946 4286 Ne
969 4230 1131 4288 labiis
1158 4231 1275 4286 l'are
1295 4229 1498 4296 lenius,
1519 4241 1578 4288 et
1602 4232 1770 4288 corde
1795 4233 1994 4289 irasce-

415 4333 496 4372 re.
550 4319 630 4375 Ne
662 4320 970 4376 condemna
998 4320 1352 4387 maledicum,
1393 4337 1709 4392 quanquam
1748 4323 1847 4378 tibi
1879 4337 1997 4378 ma-

2110 464 2336 519 ret‘eras.
2382 464 2506 519 llsec
2541 465 2687 519 enim
2722 466 2888 522 Verbi
2943 465 3220 531 doctrina,
3261 464 3367 520 hoc
3419 465 3687 536 judicium

2106 563 2211 611 est.
2238 555 2294 611 Si
2349 556 2671 612 dimiseritis
2716 557 3040 612 hominibus
3073 565 3301 628 peccata
3341 556 3690 620 eorum,inde

2107 663 2328 718 quoque
2379 649 2538 704 vobis
2586 649 2769 704 omnia
2821 660 3048 719 peccata
3095 660 3277 705 vestra
3315 649 3688 706 dimittentur.

2108 739 2165 796 Si
2199 740 2452 806 dimittis,
2476 739 2794 807 dimitteris,
2827 740 3221 796 misericordiae
3273 742 3419 796 enim
3471 741 3690 796 miseri-

2105 831 2293 885 cordia
2333 829 2693 888 tribuitur‘“.

2177 919 2298 974 Non
2330 920 2549 976 dabitur
2579 937 2747 992 porro
2769 923 3094 989 secundum,
3121 923 3167 980 si
3192 940 3300 979 non
3350 926 3693 995 praecesserit

2106 1011 2367 1082 primum.
2394 1011 2452 1068 Si
2481 1012 2748 1070 terribilis
2773 1013 2950 1071 Judex
2977 1025 3089 1070 tum
3115 1015 3465 1087 judicaturus
3490 1015 3692 1072 sedens

2107 1105 2206 1162 tibi
2239 1105 2443 1161 dixerit
2482 1124 2496 1162 :
2539 1103 2659 1161 Non
2683 1104 2882 1162 dedisti
2915 1107 3157 1173 veniam,
3187 1107 3432 1178 quinam,
3459 1107 3687 1178 petitam

2102 1196 2252 1259 licet,
2277 1197 2556 1266 accipies?
2586 1197 2705 1252 Non
2722 1196 2978 1253 dimisisti
3005 1197 3147 1260 aliis,
3173 1198 3452 1268 quomodo
3500 1199 3690 1252 remit-

2107 1297 2256 1344 tetur
2283 1287 2417 1343 tibi?
2443 1288 2679 1359 lpsamet
2708 1299 2901 1344 contra
2937 1298 2990 1344 te
3024 1290 3196 1359 ipsam
3235 1289 3562 1345 sententiam
3600 1299 3689 1344 tu-

2105 1379 2217 1436 listi
2247 1399 2259 1436 :
2292 1398 2311 1433 (
2346 1380 2407 1436 ln
2438 1397 2549 1452 quo
2581 1380 2794 1452 judicio
2825 1381 3065 1452 judicas,
3088 1381 3282 1438 eodem
3310 1381 3518 1454 judicio
3543 1382 3692 1452 judi-

2105 1473 2321 1530 caberis
2346 1476 2414 1528 ".
2443 1473 2560 1541 Qua
2612 1489 2870 1529 mensura
2900 1473 3134 1537 metiris,
3181 1475 3376 1530 eadem
3435 1474 3692 1530 remetie-

2107 1577 2197 1622 tur
2258 1567 2356 1622 tibi
2418 1566 2509 1620 "'.
2591 1566 2836 1638 IAUdiSli
2895 1564 3324 1629 admonitiones,
3385 1566 3688 1635 cognovisti

2109 1659 2525 1729 praeceptiones.
2549 1658 2690 1725 Quid
2725 1658 2823 1714 tibi
2881 1658 3134 1728 pluribus
3181 1657 3368 1712 verbis
3399 1657 3465 1711 ad
3499 1657 3692 1711 salutis

2107 1750 2376 1806 rationem
2427 1765 2570 1820 opus
2625 1750 2746 1806 est?
2788 1750 2938 1806 Nihil
2993 1751 3191 1804 horum
3252 1747 3472 1804 didicile
3504 1765 3516 1801 :
3549 1748 3688 1803 nihil

2105 1856 2396 1910 operosum
2459 1842 2671 1912 utique,
2692 1842 2828 1896 nihil
2871 1841 3222 1897 intractabile
3258 1855 3271 1892 :
3303 1839 3440 1894 nihil
3491 1855 3688 1908 parum

2107 1932 2409 1989 tolerabile.
2445 1931 2555 1988 Sed
2588 1933 2770 1988 omnia
2809 1933 3011 2001 facilia,
3057 1940 3113 1987 et
3153 1931 3411 1986 facillima
3463 1930 3689 1984 volenti.

2105 2023 2160 2080 Si
2203 2024 2374 2096 igitur
2409 2025 2554 2080 inter
2611 2025 2852 2081 humiles
2906 2024 3137 2096 probata
3189 2022 3378 2088 fueris,
3421 2031 3477 2076 et
3511 2022 3696 2076 ollicio

2105 2115 2250 2172 inter
2279 2116 2609 2186 abjectiores
2641 2115 2907 2186 futigeris,
2953 2115 3202 2172 eamdem
3241 2131 3365 2170 cum
3412 2114 3522 2169 illis
3558 2130 3687 2184 par-

2105 2223 2214 2263 tem
2277 2207 2514 2262 feliciter
2564 2223 2927 2280 consequere,
2960 2206 3055 2278 qui
3091 2207 3245 2277 prius
3271 2205 3498 2276 grandia
3529 2221 3690 2274 aequo

2105 2301 2292 2356 animo
2352 2301 2743 2357 sustinuerunt
2776 2319 2789 2356 :
2824 2308 2881 2357 et
2918 2299 3374 2354 annumeraberis
3404 2298 3592 2368 primis
3624 2315 3689 2352 ac

2106 2392 2384 2458 secundis,
2417 2403 2475 2448 et
2509 2409 2635 2449 cum
2693 2393 2889 2451 iisdem
2914 2395 2970 2449 in
3002 2392 3243 2464 praemiis
3283 2408 3348 2448 ac
3383 2392 3690 2448 honoribus

2105 2487 2562 2544 communicabis.
3679 2551 3684 2560 ,

2177 2578 2371 2632 ΔΝηιΑ.
2401 2579 2518 2643 Dic,
2547 2594 2668 2641 oro,
2695 2578 2841 2634 unde
2865 2579 2972 2635 hoc
3006 2578 3304 2648 intelligam
3342 2595 3355 2632 :
3383 2595 3509 2632 nam
3542 2577 3688 2631 atlir-

2106 2670 2275 2726 tnatio
2313 2679 2404 2725 tua
2445 2671 2532 2726 vix
2567 2680 2652 2727 est
2681 2680 2742 2726 ut
2769 2671 2985 2727 admitti
3026 2680 3210 2742 queat.

2715 2785 2942 2842 CAPUT
2977 2787 3064 2843 Vl.

2104 2879 2207 2945 Qui
2235 2886 2450 2950 prapter
2474 2877 2740 2934 Christum
2765 2894 2981 2946 parvas,
3000 2885 3060 2950 et
3098 2893 3294 2948 paucas
3322 2879 3689 2934 tributationes

2172 2950 2664 3021 grateintegreque
2720 2949 3052 3012 sustinuerit,
3091 2964 3212 3001 eum
3265 2965 3459 3020 magna
3517 2951 3688 3021 passis

2168 3019 2427 3088 aqualem
2459 3020 2721 3089 futurum.

2173 3132 2340 3190 Cano.
2370 3133 2545 3189 Video
2579 3140 2632 3188 te
2670 3130 2858 3187 verbis
2891 3130 3030 3185 meis
3053 3129 3215 3186 [idem
3252 3146 3361 3185 non
3418 3130 3686 3201 abjunge-

2100 3241 2182 3293 re,
2228 3224 2327 3282 sed
2375 3225 2656 3288 dubitare,
2713 3233 2770 3278 et
2798 3231 3092 3292 eapmpter
3125 3239 3156 3278 e
3185 3222 3486 3291 Scripturis
3529 3221 3686 3276 testi-

2100 3317 2345 3373 monium
2379 3316 2687 3388 requirere.
2739 3314 2821 3368 En
2865 3313 3031 3382 igitur
3067 3313 3442 3366 testimonium
3473 3313 3698 3366 ﬁrmum

2101 3417 2158 3462 et
2203 3407 2470 3463 eximium
2501 3425 2514 3461 :
2548 3406 2724 3476 ipsam
2769 3405 2974 3474 quippe
3019 3403 3339 3468 Veritatem,
3372 3403 3552 3472 ipsum
3588 3404 3690 3457 tibi

2105 3499 2424 3564 Dominum,
2472 3507 2534 3555 ut
2572 3497 2868 3554 verborum
2907 3511 3152 3549 meorum
3192 3504 3388 3550 testem
3434 3494 3688 3550 ﬁdi-lissi-

2103 3604 2253 3644 mum
2288 3587 2461 3652 dabo,
2492 3597 2553 3642 ut
2602 3587 2793 3642 saltem
2824 3584 2953 3640 hinc
2986 3585 3190 3639 credas.
3225 3600 3354 3640 vera
3391 3601 3478 3639 me
3531 3583 3687 3639 locu-

2103 3689 2236 3735 tam.
2283 3679 2364 3735 Ne
2407 3680 2674 3751 respicias
2716 3687 2987 3746 quantum
3036 3678 3307 3748 cujusque
3335 3680 3408 3733 sit
3440 3677 3686 3732 studium

2101 3780 2158 3829 et
2181 3773 2500 3839 contentio;
2549 3787 2652 3826 nec
2697 3770 2992 3842 judicium,
3026 3785 3136 3841 quo
3166 3770 3450 3839 operarios
3503 3781 3687 3840 postc-

2058 3857 2060 3860 ’
2103 3865 2281 3921 riores
2340 3861 2536 3935 primis
2584 3873 2872 3934 exaequat;
2922 3861 3033 3918 illis
3088 3861 3183 3931 qui
3235 3877 3266 3914 a
3315 3862 3487 3931 prima
3553 3862 3686 3916 hora

2103 3957 2296 4028 magis,
2314 3972 2412 4012 eos
2434 3955 2526 4028 qui
2562 3965 2748 4027 postea
2779 3951 3135 4010 mediocriter
3162 3961 3286 4023 post
3316 3952 3686 4016 undecimam,

2102 4051 2324 4124 quando
2353 4050 2422 4106 ad
2455 4049 2670 4105 vineam
2707 4046 3088 4119 pastinandam
3133 4043 3287 4098 missi
3328 4052 3479 4107 sunt,
3524 4042 3679 4096 tabo.

2106 4151 2331 4209 rarunt;
2361 4149 2417 4199 et
2446 4157 2557 4213 quo
2585 4149 2746 4212 pacto
2780 4138 3000 4208 quidam
3036 4151 3104 4191 ex
3135 4134 3308 4206 prima
3345 4135 3477 4187 hora
3533 4150 3686 4188 mur-

2104 4235 2427 4301 muraverit,
2457 4231 2860 4304 posterioribus
2887 4227 3114 4299 aequalis
3149 4227 3358 4296 praemii
3409 4226 3684 4280 dationetn

2107 4325 2378 4390 invidens,
2409 4322 2785 4391 audieritque,
2811 4339 2829 4371 ‹
2865 4319 3076 4382 Amice,
3109 4333 3217 4372 non
3270 4316 3408 4371 facio
3457 4315 3556 4370 tibi
3599 4315 3680 4369 in.—

414 4409 636 4466 ledicat.
662 4411 932 4468 Delictum
977 4413 1027 4468 ei
1065 4415 1308 4485 ignosce,
1338 4423 1583 4469 erratum
1615 4415 1865 4472 condona
1892 4434 1906 4470 :
1933 4424 1995 4471 ut
2027 4411 2073 4468 D
2094 4413 2332 4487 juriam;
2364 4411 2491 4467 tolle
2528 4410 2675 4480 quod
2701 4419 2856 4465 tuum
2884 4417 2972 4467 est
2995 4409 3160 4461 '°
3202 4426 3221 4460 ι

483 4523 528 4556 ’³
548 4523 579 4556 ⁸
602 4523 794 4583 Matth.
823 4543 877 4592 v,
940 4526 1028 4582 l2.
1103 4529 1148 4561 ”
1167 4527 1328 4582 Rom.
1359 4542 1418 4594 ll,
1457 4527 1508 4581 Ι.
1576 4529 1659 4561 ¹⁹⁹
1690 4527 1886 4584 Matth.
1909 4545 2002 4597 vn,

2161 4529 2206 4562 ⁸ο
2239 4527 2432 4586 Matth.
2462 4542 2554 4588 XX.
2590 4525 2678 4581 15.

1901 4642 2184 4706 Scholia.

488 4779 504 4796 ’
535 4775 976 4842 Cltrysostontns.
1005 4769 1083 4826 Nc
1112 4770 1383 4826 doleamus
1414 4771 1558 4826 nobis
1601 4771 1884 4842 maledici:
1905 4773 1998 4826 sed

413 4848 536 4916 iure
564 4841 826 4898 maledici.
853 4842 955 4916 Qui
987 4842 1135 4916 enim
1177 4849 1554 4916 contemptum,
1582 4841 1996 4916 contumeliam,

2100 4774 2624 4853 nitentiantegerit‘,i
2654 4770 2824 4852 inquit
2845 4768 3053 4853 (Matth.
3086 4785 3238 4853 xviii,
3271 4769 3376 4852 $9.;
3402 4769 3522 4853 huc.
3546 4785 3678 4830 xvii,

2097 4845 2176 4912 4).
2196 4844 2309 4911 Quo
2339 4841 2480 4898 enim
2500 4850 2654 4913 pacto
2696 4841 2956 4913 quispiam
2975 4841 3295 4913 dimiserit_ei
3327 4841 3417 4910 qui
3439 4856 3530 4893 nec
3559 4857 3680 4910 pec-

416 4911 789 4984 detrimentum
817 4913 1058 4984 sustinet,
1085 4913 1172 4966 hic
1193 4911 1401 4966 salvari
1425 4914 1635 4984 poterit.
1665 4911 1811 4965 Malo
1860 4913 2000 4965 enim
2096 4911 2242 4969 casse
2272 4931 2328 4969 se
2355 4911 2573 4984 fatetur,
2601 4928 2694 4965 nec
2719 4911 3079 4984 paenitentiam
3108 4911 3258 4977 agit?

416 5003 534 5039 cum
564 4983 861 5037 humilitate
886 4983 1043 5044 vinci,
1069 4999 1224 5050 quam
1251 4999 1371 5035 cum
1396 4983 1640 5051 superbia
1670 4984 1898 5035 vincere.

490 5060 527 5076 “
559 5054 668 5108 Hoc
693 5054 1006 5122 principium
1029 5051 1216 5106 salutis
1242 5062 1337 5114 est,
1359 5060 1406 5104 et
1437 5053 1743 5107 mutationis
1766 5053 1998 5122 optima,

418 5126 622 5195 penitus
657 5121 931 5195 pudeﬁeri,
956 5123 1160 5195 penitus
1184 5139 1282 5175 sua
1307 5123 1448 5192 facta
1476 5121 1755 5195 damnare,
1781 5121 1864 5195 ac
1882 5122 2005 5195 vili-

418 5192 666 5266 pendere.
692 5192 843 5259 Quod
875 5194 926 5266 si
967 5193 1150 5246 anima
1183 5199 1273 5266 tua
1305 5193 1529 5262 peccatis
1556 5193 1735 5266 animo,
1763 5192 2000 5266 amictiog

419 5261 511 5320 nes
536 5267 584 5318 ei
609 5265 1031 5334 supervenientes
1064 5263 1331 5334 repudiat,
1353 5271 1466 5334 tum
1492 5261 1673 5334 angeli
1690 5264 1753 5316 de
1775 5261 1837 5315 ea
1865 5261 2000 5315 illud

421 5331 779 5404 usurpant—rt
836 5331 1149 5404 Curavimus
1223 5331 1583 5404 Babylonem,
1645 5342 1693 5388 et
1765 5348 1871 5387 non
1925 5341 2002 5386 est

416 5403 613 5459 sanata
649 5403 867 5474 (lerant.
905 5419 977 5467 LI,
1009 5403 1086 5471 9).
1119 5421 1136 5452 ι

585 5474 641 5529 Si
657 5471 798 5528 nihil
834 5489 1109 5542 plenarum
1133 5471 1284 5526 debes
1332 5471 1722 5537 Deo,rlebentes
1775 5479 1993 5530 misere-

421 5562 499 5609 re,
526 5554 574 5600 et
611 5545 1030 5616 mansueteillas
1065 5553 1288 5616 tracta:
1318 5545 1689 5598 misericordia:
1735 5547 1993 5616 siquidem

418 5616 561 5671 Deus
600 5615 1016 5670 misericordiam
1050 5613 1304 5681 rependit.

490 5687 654 5743 Basil.
685 5685 988 5756 Septuagies
1023 5686 1206 5754 septies
1237 5684 1597 5737 dimittendum
1629 5695 1727 5752 cst,
1774 5690 1858 5741 (si
1892 5704 1990 5757 pw-

2171 4988 2257 5009 ““
2278 4981 2475 5040 Isidor.
2507 4983 2585 5038 Ne
2615 4989 2761 5052 putes
2786 4981 3211 5052 exercitationem
3236 4982 3440 5034 virtutis
3457 4981 3683 5034 insidias

2099 5055 2352 5127 repellere
2377 5071 2561 5125 posse;
2586 5050 2818 5127 nmaime
2850 5051 2990 5103 enim
3020 5050 3152 5104 tales
3186 5052 3386 5104 insidiis
3422 5061 3543 5103 sunt
3587 5067 3680 5127 c1;-

2105 5122 2261 5198 positi
2289 5122 2470 5180 eorum
2521 5125 2610 5196 qui
2663 5124 2910 5176 honorem
2963 5137 3065 5198 non
3103 5129 3509 5198 consequuntur,
3553 5122 3680 5189 quia

2105 5192 2161 5250 se
2191 5198 2243 5249 in
2274 5199 2467 5252 virtute
2495 5192 2597 5249 non
2643 5199 2901 5261 exercent,
2923 5199 2972 5242 et
3016 5192 3082 5244 iis
3128 5192 3218 5261 qui
3264 5192 3469 5244 virtutis
3517 5207 3680 5261 causa

2107 5269 2458 5328 honorantur,
2487 5264 2737 5320 invident.
2760 5259 2988 5332 Prcestat
3018 5259 3180 5329 igitur
3211 5261 3456 5332 virtutem
3493 5259 3673 5314 colen-

2105 5347 2178 5390 tes
2223 5353 2472 5408 generoso
2508 5336 2692 5408 animo
2742 5331 3038 5408 invidorum
3086 5331 3402 5408 pravitatem
3457 5333 3681 5400 perpeti,

2102 5401 2263 5475 quam
2296 5407 2552 5462 invidiam
2581 5404 2840 5475 fugientes
2867 5417 2900 5454 a
2925 5404 3116 5454 virtute
3149 5401 3455 5475 desciscere.

2173 5478 2424 5532 Basilius.
2448 5471 2616 5544 δαερέ,
2639 5471 2728 5541 qui
2757 5472 3006 5540 ea'iguum
3055 5471 3320 5544 quoddam
3347 5471 3478 5544 etin
3510 5471 3686 5544 medio

2096 5551 2322 5616 positum
2349 5540 2581 5615 alliciunt
2605 5540 2925 5613 exsequitur,
2969 5540 3142 5612 major
3184 5551 3257 5596 cst
3285 5541 3472 5610 εον(ιαί
3519 5540 3684 5596 libero

2097 5619 2316 5673 summis
2346 5619 2552 5689 [ηιμ-(αδ
2583 5627 2686 5670 est.
